  <div class='ocr_page' id='page_1' title='image "/cluster/home/n/w/nwhite01/storage/ocr_20150623/61/pst.000005712618/072.png"; bbox 0 0 4096 6326; ppageno 0'>
   <div class='ocr_carea' id='block_1_1' title="bbox 283 364 3595 430">
    <p class='ocr_par' dir='ltr' id='par_1_1' title="bbox 283 364 3595 430">
     <span class='ocr_line' id='line_1_1' title="bbox 283 364 3595 430; baseline 0.011 -26"><span class='ocrx_word' id='word_1_1' title='bbox 283 370 354 425; x_wconf 59' lang='lat'><strong>65</strong></span> <span class='ocrx_word' id='word_1_2' title='bbox 1368 368 1429 422; x_wconf 76' lang='lat' dir='ltr'><strong>IN</strong></span> <span class='ocrx_word' id='word_1_3' title='bbox 1471 366 1735 422; x_wconf 69' lang='lat' dir='ltr'><strong>EPISTJ</strong></span> <span class='ocrx_word' id='word_1_4' title='bbox 1800 366 1889 418; x_wconf 76' lang='lat' dir='ltr'><strong>Al)</strong></span> <span class='ocrx_word' id='word_1_5' title='bbox 1930 364 2085 429; x_wconf 67' lang='grc' dir='ltr'><strong>(ἒβη.</strong></span> <span class='ocrx_word' id='word_1_6' title='bbox 2132 365 2341 421; x_wconf 74' lang='lat' dir='ltr'><strong>llOMll.</strong></span> <span class='ocrx_word' id='word_1_7' title='bbox 2405 367 2516 423; x_wconf 70' lang='grc' dir='ltr'><strong>νη.</strong></span> <span class='ocrx_word' id='word_1_8' title='bbox 3523 375 3595 430; x_wconf 78' lang='grc' dir='ltr'><strong>δῧ</strong></span> 
     </span>
    </p>
   </div>
   <div class='ocr_carea' id='block_1_2' title="bbox 286 483 1877 560">
    <p class='ocr_par' dir='ltr' id='par_1_2' title="bbox 286 483 1877 560">
     <span class='ocr_line' id='line_1_2' title="bbox 286 483 1877 560; baseline -0.011 -9"><span class='ocrx_word' id='word_1_9' title='bbox 286 495 401 560; x_wconf 68' lang='lat'><strong>33),</strong></span> <span class='ocrx_word' id='word_1_10' title='bbox 430 506 542 547; x_wconf 87' lang='lat' dir='ltr'><strong>non</strong></span> <span class='ocrx_word' id='word_1_11' title='bbox 563 489 909 555; x_wconf 87' lang='lat' dir='ltr'><strong>dubitaverit,</strong></span> <span class='ocrx_word' id='word_1_12' title='bbox 934 502 1038 542; x_wconf 90' lang='lat' dir='ltr'><strong>non</strong></span> <span class='ocrx_word' id='word_1_13' title='bbox 1068 483 1469 556; x_wconf 75' lang='lat' dir='ltr'><strong>repudnaverit?</strong></span> <span class='ocrx_word' id='word_1_14' title='bbox 1492 485 1739 539; x_wconf 80' lang='lat' dir='ltr'><strong>Attamen</strong></span> <span class='ocrx_word' id='word_1_15' title='bbox 1770 498 1877 535; x_wconf 88' lang='lat' dir='ltr'><strong>non</strong></span> 
     </span>
    </p>
   </div>
   <div class='ocr_carea' id='block_1_3' title="bbox 286 576 1886 651">
    <p class='ocr_par' dir='ltr' id='par_1_3' title="bbox 286 576 1886 651">
     <span class='ocr_line' id='line_1_3' title="bbox 286 576 1886 651; baseline -0.01 -10"><span class='ocrx_word' id='word_1_16' title='bbox 286 585 449 640; x_wconf 82' lang='lat' dir='ltr'><strong>modo</strong></span> <span class='ocrx_word' id='word_1_17' title='bbox 492 598 601 637; x_wconf 89' lang='lat' dir='ltr'><strong>non</strong></span> <span class='ocrx_word' id='word_1_18' title='bbox 634 583 1046 651; x_wconf 70' lang='lat' dir='ltr'><strong>obtorpuerunt,</strong></span> <span class='ocrx_word' id='word_1_19' title='bbox 1084 593 1190 651; x_wconf 89' lang='lat' dir='ltr'><strong>non</strong></span> <span class='ocrx_word' id='word_1_20' title='bbox 1221 576 1380 630; x_wconf 93' lang='lat' dir='ltr'><strong>modo</strong></span> <span class='ocrx_word' id='word_1_21' title='bbox 1423 590 1528 629; x_wconf 90' lang='lat' dir='ltr'><strong>non</strong></span> <span class='ocrx_word' id='word_1_22' title='bbox 1559 582 1886 643; x_wconf 87' lang='lat' dir='ltr'><strong>respuerunt</strong></span> 
     </span>
    </p>
   </div>
   <div class='ocr_carea' id='block_1_4' title="bbox 290 650 1886 733">
    <p class='ocr_par' dir='ltr' id='par_1_4' title="bbox 290 650 1886 733">
     <span class='ocr_line' id='line_1_4' title="bbox 290 650 1886 733; baseline -0.006 -7"><span class='ocrx_word' id='word_1_23' title='bbox 290 674 405 728; x_wconf 71' lang='lat' dir='ltr'><strong>hanc</strong></span> <span class='ocrx_word' id='word_1_24' title='bbox 432 673 755 733; x_wconf 71' lang='lat' dir='ltr'><strong>audientes;</strong></span> <span class='ocrx_word' id='word_1_25' title='bbox 787 650 880 723; x_wconf 88' lang='lat' dir='ltr'><strong>sed</strong></span> <span class='ocrx_word' id='word_1_26' title='bbox 907 669 1067 723; x_wconf 89' lang='lat' dir='ltr'><strong>etiam</strong></span> <span class='ocrx_word' id='word_1_27' title='bbox 1095 650 1469 730; x_wconf 82' lang='lat' dir='ltr'><strong>accurrebaut,</strong></span> <span class='ocrx_word' id='word_1_28' title='bbox 1510 673 1564 719; x_wconf 91' lang='lat' dir='ltr'><strong>et</strong></span> <span class='ocrx_word' id='word_1_29' title='bbox 1590 663 1659 718; x_wconf 91' lang='lat' dir='ltr'><strong>ad</strong></span> <span class='ocrx_word' id='word_1_30' title='bbox 1704 664 1886 732; x_wconf 77' lang='lat' dir='ltr'><strong>gravia</strong></span> 
     </span>
    </p>
   </div>
   <div class='ocr_carea' id='block_1_5' title="bbox 288 756 1886 830">
    <p class='ocr_par' dir='ltr' id='par_1_5' title="bbox 288 756 1886 830">
     <span class='ocr_line' id='line_1_5' title="bbox 288 756 1886 830; baseline -0.008 -10"><span class='ocrx_word' id='word_1_31' title='bbox 288 764 621 828; x_wconf 87' lang='lat' dir='ltr'><strong>insiliebant,</strong></span> <span class='ocrx_word' id='word_1_32' title='bbox 659 778 721 816; x_wconf 88' lang='lat' dir='ltr'><strong>ac</strong></span> <span class='ocrx_word' id='word_1_33' title='bbox 762 776 881 830; x_wconf 71' lang='lat' dir='ltr'><strong>qua:</strong></span> <span class='ocrx_word' id='word_1_34' title='bbox 921 758 1368 830; x_wconf 62' lang='lat' dir='ltr'><strong>praecipiebantur</strong></span> <span class='ocrx_word' id='word_1_35' title='bbox 1394 756 1739 827; x_wconf 88' lang='lat' dir='ltr'><strong>arripiebant.</strong></span> <span class='ocrx_word' id='word_1_36' title='bbox 1774 757 1886 809; x_wconf 79' lang='lat' dir='ltr'><strong>Au-</strong></span> 
     </span>
    </p>
   </div>
   <div class='ocr_carea' id='block_1_6' title="bbox 286 846 1886 913">
    <p class='ocr_par' dir='ltr' id='par_1_6' title="bbox 286 846 1886 913">
     <span class='ocr_line' id='line_1_6' title="bbox 286 846 1886 913; baseline -0.005 -4"><span class='ocrx_word' id='word_1_37' title='bbox 286 856 403 911; x_wconf 83' lang='lat' dir='ltr'><strong>dire</strong></span> <span class='ocrx_word' id='word_1_38' title='bbox 430 864 612 909; x_wconf 85' lang='lat' dir='ltr'><strong>autem</strong></span> <span class='ocrx_word' id='word_1_39' title='bbox 634 853 789 913; x_wconf 87' lang='lat' dir='ltr'><strong>illud.</strong></span> <span class='ocrx_word' id='word_1_40' title='bbox 825 852 897 906; x_wconf 89' lang='lat' dir='ltr'><strong>De</strong></span> <span class='ocrx_word' id='word_1_41' title='bbox 923 851 1068 905; x_wconf 81' lang='grc' dir='ltr'><strong>οηιηὶ</strong></span> <span class='ocrx_word' id='word_1_42' title='bbox 1093 850 1255 904; x_wconf 81' lang='lat' dir='ltr'><strong>verbo</strong></span> <span class='ocrx_word' id='word_1_43' title='bbox 1275 850 1451 904; x_wconf 83' lang='lat' dir='ltr'><strong>otioso</strong></span> <span class='ocrx_word' id='word_1_44' title='bbox 1478 850 1739 903; x_wconf 73' lang='lat' dir='ltr'><strong>ratiuncut</strong></span> <span class='ocrx_word' id='word_1_45' title='bbox 1765 846 1886 902; x_wconf 83' lang='lat' dir='ltr'><strong>red-</strong></span> 
     </span>
    </p>
   </div>
   <div class='ocr_carea' id='block_1_7' title="bbox 283 936 1884 1019">
    <p class='ocr_par' dir='ltr' id='par_1_7' title="bbox 283 936 1884 1019">
     <span class='ocr_line' id='line_1_7' title="bbox 283 936 1884 1019; baseline -0.005 -20"><span class='ocrx_word' id='word_1_46' title='bbox 283 945 449 1001; x_wconf 84' lang='lat' dir='ltr'><strong>dituri</strong></span> <span class='ocrx_word' id='word_1_47' title='bbox 479 960 667 998; x_wconf 83' lang='lat' dir='ltr'><strong>sumus</strong></span> <span class='ocrx_word' id='word_1_48' title='bbox 696 941 909 1014; x_wconf 77' lang='lat' dir='ltr'><strong>(Matth.</strong></span> <span class='ocrx_word' id='word_1_49' title='bbox 946 940 1149 1013; x_wconf 51' lang='lat' dir='ltr'><strong>H.136)</strong></span> <span class='ocrx_word' id='word_1_50' title='bbox 1180 956 1196 1005; x_wconf 89' lang='lat'><strong>;</strong></span> <span class='ocrx_word' id='word_1_51' title='bbox 1226 951 1298 1005; x_wconf 90' lang='lat' dir='ltr'><strong>et,</strong></span> <span class='ocrx_word' id='word_1_52' title='bbox 1332 939 1434 1006; x_wconf 85' lang='lat' dir='ltr'><strong>Qui</strong></span> <span class='ocrx_word' id='word_1_53' title='bbox 1460 938 1665 1008; x_wconf 81' lang='lat' dir='ltr'><strong>respicit</strong></span> <span class='ocrx_word' id='word_1_54' title='bbox 1696 936 1884 1019; x_wconf 78' lang='lat' dir='ltr'><strong>mulie-</strong></span> 
     </span>
    </p>
   </div>
   <div class='ocr_carea' id='block_1_8' title="bbox 283 1031 1885 1103">
    <p class='ocr_par' dir='ltr' id='par_1_8' title="bbox 283 1031 1885 1103">
     <span class='ocr_line' id='line_1_8' title="bbox 283 1031 1885 1103; baseline -0.006 -14"><span class='ocrx_word' id='word_1_55' title='bbox 283 1052 395 1089; x_wconf 81' lang='lat' dir='ltr'><strong>rem</strong></span> <span class='ocrx_word' id='word_1_56' title='bbox 423 1035 495 1087; x_wconf 85' lang='lat' dir='ltr'><strong>ad</strong></span> <span class='ocrx_word' id='word_1_57' title='bbox 528 1032 984 1103; x_wconf 75' lang='lat' dir='ltr'><strong>concupiscendum</strong></span> <span class='ocrx_word' id='word_1_58' title='bbox 1019 1049 1151 1096; x_wconf 86' lang='lat' dir='ltr'><strong>eam,</strong></span> <span class='ocrx_word' id='word_1_59' title='bbox 1180 1032 1297 1102; x_wconf 85' lang='lat' dir='ltr'><strong>jam</strong></span> <span class='ocrx_word' id='word_1_60' title='bbox 1339 1031 1724 1097; x_wconf 54' lang='lat' dir='ltr'><strong>machatuswst</strong></span> <span class='ocrx_word' id='word_1_61' title='bbox 1772 1043 1885 1081; x_wconf 80' lang='lat' dir='ltr'><strong>eam</strong></span> 
     </span>
    </p>
   </div>
   <div class='ocr_carea' id='block_1_9' title="bbox 288 1122 1885 1199">
    <p class='ocr_par' dir='ltr' id='par_1_9' title="bbox 288 1122 1885 1199">
     <span class='ocr_line' id='line_1_9' title="bbox 288 1122 1885 1199; baseline -0.006 -16"><span class='ocrx_word' id='word_1_62' title='bbox 288 1129 523 1199; x_wconf 72' lang='lat' dir='ltr'><strong>(Matth.</strong></span> <span class='ocrx_word' id='word_1_63' title='bbox 559 1130 613 1185; x_wconf 89' lang='lat'><strong>5.</strong></span> <span class='ocrx_word' id='word_1_64' title='bbox 659 1127 809 1198; x_wconf 77' lang='lat'><strong>28);</strong></span> <span class='ocrx_word' id='word_1_65' title='bbox 857 1135 945 1189; x_wconf 92' lang='lat' dir='ltr'><strong>et,</strong></span> <span class='ocrx_word' id='word_1_66' title='bbox 993 1126 1096 1192; x_wconf 87' lang='lat' dir='ltr'><strong>Qui</strong></span> <span class='ocrx_word' id='word_1_67' title='bbox 1132 1126 1379 1179; x_wconf 74' lang='lat' dir='ltr'><strong>irascitur</strong></span> <span class='ocrx_word' id='word_1_68' title='bbox 1425 1134 1661 1190; x_wconf 87' lang='lat' dir='ltr'><strong>temere,</strong></span> <span class='ocrx_word' id='word_1_69' title='bbox 1695 1122 1745 1175; x_wconf 91' lang='lat' dir='ltr'><strong>in</strong></span> <span class='ocrx_word' id='word_1_70' title='bbox 1787 1136 1885 1191; x_wconf 91' lang='lat' dir='ltr'><strong>ge-</strong></span> 
     </span>
    </p>
   </div>
   <div class='ocr_carea' id='block_1_10' title="bbox 286 1212 1887 1287">
    <p class='ocr_par' dir='ltr' id='par_1_10' title="bbox 286 1212 1887 1287">
     <span class='ocr_line' id='line_1_10' title="bbox 286 1212 1887 1287; baseline -0.005 -12"><span class='ocrx_word' id='word_1_71' title='bbox 286 1222 526 1276; x_wconf 85' lang='lat' dir='ltr'><strong>hennam</strong></span> <span class='ocrx_word' id='word_1_72' title='bbox 557 1220 754 1274; x_wconf 92' lang='lat' dir='ltr'><strong>incidet</strong></span> <span class='ocrx_word' id='word_1_73' title='bbox 778 1235 792 1283; x_wconf 90' lang='lat'><strong>;</strong></span> <span class='ocrx_word' id='word_1_74' title='bbox 820 1234 985 1287; x_wconf 86' lang='lat' dir='ltr'><strong>quem</strong></span> <span class='ocrx_word' id='word_1_75' title='bbox 1003 1232 1108 1271; x_wconf 91' lang='lat' dir='ltr'><strong>non</strong></span> <span class='ocrx_word' id='word_1_76' title='bbox 1138 1216 1404 1285; x_wconf 86' lang='lat' dir='ltr'><strong>abegisset</strong></span> <span class='ocrx_word' id='word_1_77' title='bbox 1430 1228 1619 1268; x_wconf 89' lang='lat' dir='ltr'><strong>eorum</strong></span> <span class='ocrx_word' id='word_1_78' title='bbox 1639 1212 1731 1281; x_wconf 87' lang='lat' dir='ltr'><strong>qui</strong></span> <span class='ocrx_word' id='word_1_79' title='bbox 1760 1222 1887 1268; x_wconf 87' lang='lat' dir='ltr'><strong>tunc</strong></span> 
     </span>
    </p>
   </div>
   <div class='ocr_carea' id='block_1_11' title="bbox 285 1304 1882 1369">
    <p class='ocr_par' dir='ltr' id='par_1_11' title="bbox 285 1304 1882 1369">
     <span class='ocr_line' id='line_1_11' title="bbox 285 1304 1882 1369; baseline -0.005 -4"><span class='ocrx_word' id='word_1_80' title='bbox 285 1310 484 1366; x_wconf 83' lang='lat' dir='ltr'><strong>erant?</strong></span> <span class='ocrx_word' id='word_1_81' title='bbox 515 1315 764 1365; x_wconf 83' lang='lat' dir='ltr'><strong>Attamen</strong></span> <span class='ocrx_word' id='word_1_82' title='bbox 805 1323 996 1364; x_wconf 87' lang='lat' dir='ltr'><strong>omnes</strong></span> <span class='ocrx_word' id='word_1_83' title='bbox 1042 1308 1414 1369; x_wconf 88' lang='lat' dir='ltr'><strong>accurrebant,</strong></span> <span class='ocrx_word' id='word_1_84' title='bbox 1448 1312 1504 1360; x_wconf 91' lang='lat' dir='ltr'><strong>et</strong></span> <span class='ocrx_word' id='word_1_85' title='bbox 1531 1304 1684 1358; x_wconf 92' lang='lat' dir='ltr'><strong>multi</strong></span> <span class='ocrx_word' id='word_1_86' title='bbox 1721 1304 1882 1359; x_wconf 87' lang='lat' dir='ltr'><strong>etiam</strong></span> 
     </span>
    </p>
   </div>
   <div class='ocr_carea' id='block_1_12' title="bbox 285 1396 1883 1472">
    <p class='ocr_par' dir='ltr' id='par_1_12' title="bbox 285 1396 1883 1472">
     <span class='ocr_line' id='line_1_12' title="bbox 285 1396 1883 1472; baseline -0.004 -17"><span class='ocrx_word' id='word_1_87' title='bbox 285 1414 440 1472; x_wconf 83' lang='lat' dir='ltr'><strong>septa</strong></span> <span class='ocrx_word' id='word_1_88' title='bbox 475 1404 865 1457; x_wconf 89' lang='lat' dir='ltr'><strong>transiliebaut.</strong></span> <span class='ocrx_word' id='word_1_89' title='bbox 897 1401 1032 1469; x_wconf 84' lang='lat' dir='ltr'><strong>Quid</strong></span> <span class='ocrx_word' id='word_1_90' title='bbox 1058 1414 1188 1469; x_wconf 86' lang='lat' dir='ltr'><strong>ergo</strong></span> <span class='ocrx_word' id='word_1_91' title='bbox 1211 1400 1331 1451; x_wconf 87' lang='lat' dir='ltr'><strong>illus</strong></span> <span class='ocrx_word' id='word_1_92' title='bbox 1354 1396 1638 1450; x_wconf 91' lang='lat' dir='ltr'><strong>inducebat</strong></span> <span class='ocrx_word' id='word_1_93' title='bbox 1658 1398 1682 1448; x_wconf 74' lang='lat' dir='ltr'><strong>’t</strong></span> <span class='ocrx_word' id='word_1_94' title='bbox 1702 1410 1883 1450; x_wconf 88' lang='lat' dir='ltr'><strong>annon</strong></span> 
     </span>
    </p>
   </div>
   <div class='ocr_carea' id='block_1_13' title="bbox 284 1486 1883 1565">
    <p class='ocr_par' dir='ltr' id='par_1_13' title="bbox 284 1486 1883 1565">
     <span class='ocr_line' id='line_1_13' title="bbox 284 1486 1883 1565; baseline -0.005 -18"><span class='ocrx_word' id='word_1_95' title='bbox 284 1495 459 1549; x_wconf 77' lang='lat' dir='ltr'><strong>virtus</strong></span> <span class='ocrx_word' id='word_1_96' title='bbox 486 1495 603 1565; x_wconf 88' lang='lat' dir='ltr'><strong>ejus</strong></span> <span class='ocrx_word' id='word_1_97' title='bbox 625 1496 715 1565; x_wconf 87' lang='lat' dir='ltr'><strong>qui</strong></span> <span class='ocrx_word' id='word_1_98' title='bbox 748 1494 1151 1564; x_wconf 65' lang='lat' dir='ltr'><strong>praedicabatur,</strong></span> <span class='ocrx_word' id='word_1_99' title='bbox 1178 1498 1234 1543; x_wconf 90' lang='lat' dir='ltr'><strong>ut</strong></span> <span class='ocrx_word' id='word_1_100' title='bbox 1260 1488 1433 1557; x_wconf 88' lang='lat' dir='ltr'><strong>palam</strong></span> <span class='ocrx_word' id='word_1_101' title='bbox 1457 1497 1540 1542; x_wconf 90' lang='lat' dir='ltr'><strong>est</strong></span> <span class='ocrx_word' id='word_1_102' title='bbox 1562 1489 1586 1539; x_wconf 67' lang='grc' dir='ltr'>Υ</span> <span class='ocrx_word' id='word_1_103' title='bbox 1608 1486 1717 1541; x_wconf 84' lang='lat' dir='ltr'><strong>Nisi</strong></span> <span class='ocrx_word' id='word_1_104' title='bbox 1740 1486 1883 1540; x_wconf 87' lang='lat' dir='ltr'><strong>enim</strong></span> 
     </span>
    </p>
   </div>
   <div class='ocr_carea' id='block_1_14' title="bbox 284 1578 1881 1648">
    <p class='ocr_par' dir='ltr' id='par_1_14' title="bbox 284 1578 1881 1648">
     <span class='ocr_line' id='line_1_14' title="bbox 284 1578 1881 1648; baseline -0.004 -9"><span class='ocrx_word' id='word_1_105' title='bbox 284 1587 393 1641; x_wconf 91' lang='lat' dir='ltr'><strong>hoc</strong></span> <span class='ocrx_word' id='word_1_106' title='bbox 413 1598 561 1641; x_wconf 87' lang='lat' dir='ltr'><strong>esset</strong></span> <span class='ocrx_word' id='word_1_107' title='bbox 586 1596 642 1641; x_wconf 90' lang='lat' dir='ltr'><strong>et</strong></span> <span class='ocrx_word' id='word_1_108' title='bbox 668 1585 997 1641; x_wconf 90' lang='lat' dir='ltr'><strong>contrarium</strong></span> <span class='ocrx_word' id='word_1_109' title='bbox 1027 1588 1190 1648; x_wconf 91' lang='lat' dir='ltr'><strong>esset,</strong></span> <span class='ocrx_word' id='word_1_110' title='bbox 1215 1592 1270 1635; x_wconf 89' lang='lat' dir='ltr'><strong>et</strong></span> <span class='ocrx_word' id='word_1_111' title='bbox 1299 1580 1372 1635; x_wconf 88' lang='lat' dir='ltr'><strong>illi</strong></span> <span class='ocrx_word' id='word_1_112' title='bbox 1401 1580 1489 1634; x_wconf 93' lang='lat' dir='ltr'><strong>isti</strong></span> <span class='ocrx_word' id='word_1_113' title='bbox 1521 1578 1767 1642; x_wconf 78' lang='lat' dir='ltr'><strong>fuissent,</strong></span> <span class='ocrx_word' id='word_1_114' title='bbox 1794 1579 1881 1633; x_wconf 92' lang='lat' dir='ltr'><strong>isti</strong></span> 
     </span>
    </p>
   </div>
   <div class='ocr_carea' id='block_1_15' title="bbox 281 1668 1882 1741">
    <p class='ocr_par' dir='ltr' id='par_1_15' title="bbox 281 1668 1882 1741">
     <span class='ocr_line' id='line_1_15' title="bbox 281 1668 1882 1741; baseline -0.003 -13"><span class='ocrx_word' id='word_1_115' title='bbox 281 1691 417 1731; x_wconf 77' lang='lat' dir='ltr'><strong>vero</strong></span> <span class='ocrx_word' id='word_1_116' title='bbox 450 1677 528 1729; x_wconf 87' lang='lat' dir='ltr'><strong>illi</strong></span> <span class='ocrx_word' id='word_1_117' title='bbox 554 1694 569 1741; x_wconf 87' lang='lat'><strong>;</strong></span> <span class='ocrx_word' id='word_1_118' title='bbox 597 1691 664 1729; x_wconf 89' lang='lat' dir='ltr'><strong>an</strong></span> <span class='ocrx_word' id='word_1_119' title='bbox 693 1674 883 1728; x_wconf 78' lang='lat' dir='ltr'><strong>fuisset</strong></span> <span class='ocrx_word' id='word_1_120' title='bbox 910 1671 1062 1727; x_wconf 82' lang='lat' dir='ltr'><strong>facile</strong></span> <span class='ocrx_word' id='word_1_121' title='bbox 1095 1681 1457 1741; x_wconf 72' lang='lat' dir='ltr'><strong>repugnantes</strong></span> <span class='ocrx_word' id='word_1_122' title='bbox 1485 1668 1732 1724; x_wconf 79' lang='lat' dir='ltr'><strong>trahere?</strong></span> <span class='ocrx_word' id='word_1_123' title='bbox 1768 1668 1882 1723; x_wconf 88' lang='lat' dir='ltr'><strong>Dici</strong></span> 
     </span>
    </p>
   </div>
   <div class='ocr_carea' id='block_1_16' title="bbox 281 1767 868 1836">
    <p class='ocr_par' dir='ltr' id='par_1_16' title="bbox 281 1767 868 1836">
     <span class='ocr_line' id='line_1_16' title="bbox 281 1767 868 1836; baseline -0.007 -13"><span class='ocrx_word' id='word_1_124' title='bbox 281 1778 434 1823; x_wconf 89' lang='lat' dir='ltr'><strong>certe</strong></span> <span class='ocrx_word' id='word_1_125' title='bbox 460 1767 511 1821; x_wconf 93' lang='lat' dir='ltr'><strong>id</strong></span> <span class='ocrx_word' id='word_1_126' title='bbox 540 1783 645 1822; x_wconf 91' lang='lat' dir='ltr'><strong>non</strong></span> <span class='ocrx_word' id='word_1_127' title='bbox 674 1776 868 1836; x_wconf 82' lang='lat' dir='ltr'><strong>potest.</strong></span> 
     </span>
    </p>
   </div>
   <div class='ocr_carea' id='block_1_17' title="bbox 355 1854 1881 1929">
    <p class='ocr_par' dir='ltr' id='par_1_17' title="bbox 355 1854 1881 1929">
     <span class='ocr_line' id='line_1_17' title="bbox 355 1854 1881 1929; baseline -0.004 -15"><span class='ocrx_word' id='word_1_128' title='bbox 355 1860 411 1914; x_wconf 88' lang='lat'><strong>8.</strong></span> <span class='ocrx_word' id='word_1_129' title='bbox 460 1858 643 1929; x_wconf 87' lang='lat' dir='ltr'><strong>Itaque</strong></span> <span class='ocrx_word' id='word_1_130' title='bbox 679 1874 774 1928; x_wconf 88' lang='lat' dir='ltr'><strong>per</strong></span> <span class='ocrx_word' id='word_1_131' title='bbox 815 1857 992 1911; x_wconf 91' lang='lat' dir='ltr'><strong>omnia</strong></span> <span class='ocrx_word' id='word_1_132' title='bbox 1035 1855 1338 1909; x_wconf 87' lang='lat' dir='ltr'><strong>ostenditur</strong></span> <span class='ocrx_word' id='word_1_133' title='bbox 1364 1854 1600 1909; x_wconf 86' lang='lat' dir='ltr'><strong>divinam</strong></span> <span class='ocrx_word' id='word_1_134' title='bbox 1628 1856 1881 1909; x_wconf 82' lang='lat' dir='ltr'><strong>virtutem</strong></span> 
     </span>
    </p>
   </div>
   <div class='ocr_carea' id='block_1_18' title="bbox 280 1948 1882 2022">
    <p class='ocr_par' dir='ltr' id='par_1_18' title="bbox 280 1948 1882 2022">
     <span class='ocr_line' id='line_1_18' title="bbox 280 1948 1882 2022; baseline -0.004 -15"><span class='ocrx_word' id='word_1_135' title='bbox 280 1952 455 2008; x_wconf 90' lang='lat' dir='ltr'><strong>fuisse</strong></span> <span class='ocrx_word' id='word_1_136' title='bbox 480 1968 601 2022; x_wconf 75' lang='lat' dir='ltr'><strong>qua:</strong></span> <span class='ocrx_word' id='word_1_137' title='bbox 630 1954 744 2005; x_wconf 75' lang='lat' dir='ltr'><strong>tunc</strong></span> <span class='ocrx_word' id='word_1_138' title='bbox 772 1950 1013 2019; x_wconf 79' lang='lat' dir='ltr'><strong>perfecit.</strong></span> <span class='ocrx_word' id='word_1_139' title='bbox 1048 1948 1178 2001; x_wconf 85' lang='lat' dir='ltr'><strong>Nam</strong></span> <span class='ocrx_word' id='word_1_140' title='bbox 1208 1948 1368 2013; x_wconf 92' lang='lat' dir='ltr'><strong>unde,</strong></span> <span class='ocrx_word' id='word_1_141' title='bbox 1410 1952 1611 2016; x_wconf 79' lang='lat' dir='ltr'><strong>quaeso,</strong></span> <span class='ocrx_word' id='word_1_142' title='bbox 1658 1961 1882 2016; x_wconf 89' lang='lat' dir='ltr'><strong>persua-</strong></span> 
     </span>
    </p>
   </div>
   <div class='ocr_carea' id='block_1_19' title="bbox 278 2038 1882 2104">
    <p class='ocr_par' dir='ltr' id='par_1_19' title="bbox 278 2038 1882 2104">
     <span class='ocr_line' id='line_1_19' title="bbox 278 2038 1882 2104; baseline -0.006 -5"><span class='ocrx_word' id='word_1_143' title='bbox 278 2053 473 2100; x_wconf 86' lang='lat' dir='ltr'><strong>serunt</strong></span> <span class='ocrx_word' id='word_1_144' title='bbox 520 2043 772 2097; x_wconf 86' lang='lat' dir='ltr'><strong>mollibus</strong></span> <span class='ocrx_word' id='word_1_145' title='bbox 800 2051 855 2095; x_wconf 90' lang='lat' dir='ltr'><strong>et</strong></span> <span class='ocrx_word' id='word_1_146' title='bbox 878 2040 1266 2104; x_wconf 82' lang='lat' dir='ltr'><strong>diffluentibus,</strong></span> <span class='ocrx_word' id='word_1_147' title='bbox 1309 2038 1375 2092; x_wconf 92' lang='lat' dir='ltr'><strong>ad</strong></span> <span class='ocrx_word' id='word_1_148' title='bbox 1418 2041 1579 2091; x_wconf 91' lang='lat' dir='ltr'><strong>vitam</strong></span> <span class='ocrx_word' id='word_1_149' title='bbox 1623 2038 1882 2091; x_wconf 88' lang='lat' dir='ltr'><strong>ducentes</strong></span> 
     </span>
    </p>
   </div>
   <div class='ocr_carea' id='block_1_20' title="bbox 278 2128 1880 2202">
    <p class='ocr_par' dir='ltr' id='par_1_20' title="bbox 278 2128 1880 2202">
     <span class='ocr_line' id='line_1_20' title="bbox 278 2128 1880 2202; baseline -0.006 -12"><span class='ocrx_word' id='word_1_150' title='bbox 278 2136 474 2191; x_wconf 87' lang='lat' dir='ltr'><strong>duram</strong></span> <span class='ocrx_word' id='word_1_151' title='bbox 501 2144 557 2189; x_wconf 89' lang='lat' dir='ltr'><strong>et</strong></span> <span class='ocrx_word' id='word_1_152' title='bbox 584 2132 868 2202; x_wconf 82' lang='lat' dir='ltr'><strong>asperam?</strong></span> <span class='ocrx_word' id='word_1_153' title='bbox 896 2130 1001 2185; x_wconf 86' lang='lat' dir='ltr'><strong>Sed</strong></span> <span class='ocrx_word' id='word_1_154' title='bbox 1031 2141 1294 2199; x_wconf 64' lang='lat' dir='ltr'><strong>prtccepta</strong></span> <span class='ocrx_word' id='word_1_155' title='bbox 1321 2129 1537 2199; x_wconf 89' lang='lat' dir='ltr'><strong>quidem</strong></span> <span class='ocrx_word' id='word_1_156' title='bbox 1577 2128 1880 2198; x_wconf 88' lang='lat' dir='ltr'><strong>hujusmodi</strong></span> 
     </span>
    </p>
   </div>
   <div class='ocr_carea' id='block_1_21' title="bbox 278 2222 1884 2292">
    <p class='ocr_par' dir='ltr' id='par_1_21' title="bbox 278 2222 1884 2292">
     <span class='ocr_line' id='line_1_21' title="bbox 278 2222 1884 2292; baseline -0.006 -8"><span class='ocrx_word' id='word_1_157' title='bbox 278 2240 438 2284; x_wconf 87' lang='lat' dir='ltr'><strong>erant</strong></span> <span class='ocrx_word' id='word_1_158' title='bbox 469 2246 483 2281; x_wconf 89' lang='lat'><strong>:</strong></span> <span class='ocrx_word' id='word_1_159' title='bbox 518 2227 798 2282; x_wconf 87' lang='lat' dir='ltr'><strong>videamus</strong></span> <span class='ocrx_word' id='word_1_160' title='bbox 828 2234 1006 2279; x_wconf 90' lang='lat' dir='ltr'><strong>autem</strong></span> <span class='ocrx_word' id='word_1_161' title='bbox 1041 2240 1109 2277; x_wconf 88' lang='lat' dir='ltr'><strong>an</strong></span> <span class='ocrx_word' id='word_1_162' title='bbox 1145 2224 1337 2292; x_wconf 80' lang='lat' dir='ltr'><strong>dogma</strong></span> <span class='ocrx_word' id='word_1_163' title='bbox 1365 2227 1474 2277; x_wconf 90' lang='lat' dir='ltr'><strong>vim</strong></span> <span class='ocrx_word' id='word_1_164' title='bbox 1520 2223 1742 2277; x_wconf 81' lang='lat' dir='ltr'><strong>haberet</strong></span> <span class='ocrx_word' id='word_1_165' title='bbox 1767 2222 1884 2275; x_wconf 90' lang='lat' dir='ltr'><strong>alli-</strong></span> 
     </span>
    </p>
   </div>
   <div class='ocr_carea' id='block_1_22' title="bbox 276 2312 1882 2386">
    <p class='ocr_par' dir='ltr' id='par_1_22' title="bbox 276 2312 1882 2386">
     <span class='ocr_line' id='line_1_22' title="bbox 276 2312 1882 2386; baseline -0.005 -13"><span class='ocrx_word' id='word_1_166' title='bbox 276 2318 484 2373; x_wconf 90' lang='lat' dir='ltr'><strong>ciendi.</strong></span> <span class='ocrx_word' id='word_1_167' title='bbox 519 2318 679 2386; x_wconf 81' lang='lat' dir='ltr'><strong>Atqui</strong></span> <span class='ocrx_word' id='word_1_168' title='bbox 707 2316 809 2370; x_wconf 87' lang='lat' dir='ltr'><strong>hoc</strong></span> <span class='ocrx_word' id='word_1_169' title='bbox 841 2317 1011 2383; x_wconf 86' lang='lat' dir='ltr'><strong>ipsum</strong></span> <span class='ocrx_word' id='word_1_170' title='bbox 1058 2315 1188 2367; x_wconf 87' lang='lat' dir='ltr'><strong>satis</strong></span> <span class='ocrx_word' id='word_1_171' title='bbox 1216 2322 1332 2367; x_wconf 83' lang='lat' dir='ltr'><strong>erat</strong></span> <span class='ocrx_word' id='word_1_172' title='bbox 1360 2314 1426 2366; x_wconf 90' lang='lat' dir='ltr'><strong>ad</strong></span> <span class='ocrx_word' id='word_1_173' title='bbox 1466 2312 1760 2382; x_wconf 82' lang='lat' dir='ltr'><strong>abigendos</strong></span> <span class='ocrx_word' id='word_1_174' title='bbox 1797 2312 1882 2365; x_wconf 84' lang='lat' dir='ltr'><strong>in-</strong></span> 
     </span>
    </p>
   </div>
   <div class='ocr_carea' id='block_1_23' title="bbox 279 2403 1882 2474">
    <p class='ocr_par' dir='ltr' id='par_1_23' title="bbox 279 2403 1882 2474">
     <span class='ocr_line' id='line_1_23' title="bbox 279 2403 1882 2474; baseline -0.005 -11"><span class='ocrx_word' id='word_1_175' title='bbox 279 2410 497 2464; x_wconf 89' lang='lat' dir='ltr'><strong>fideles.</strong></span> <span class='ocrx_word' id='word_1_176' title='bbox 559 2408 695 2474; x_wconf 84' lang='lat' dir='ltr'><strong>Quid</strong></span> <span class='ocrx_word' id='word_1_177' title='bbox 742 2407 887 2461; x_wconf 88' lang='lat' dir='ltr'><strong>enim</strong></span> <span class='ocrx_word' id='word_1_178' title='bbox 933 2406 1183 2459; x_wconf 89' lang='lat' dir='ltr'><strong>dicebant</strong></span> <span class='ocrx_word' id='word_1_179' title='bbox 1230 2404 1285 2469; x_wconf 87' lang='lat' dir='ltr'><strong>ii,</strong></span> <span class='ocrx_word' id='word_1_180' title='bbox 1336 2404 1425 2473; x_wconf 90' lang='lat' dir='ltr'><strong>qui</strong></span> <span class='ocrx_word' id='word_1_181' title='bbox 1481 2403 1882 2472; x_wconf 73' lang='lat' dir='ltr'><strong>przedicabant?</strong></span> 
     </span>
    </p>
   </div>
   <div class='ocr_carea' id='block_1_24' title="bbox 276 2495 1883 2565">
    <p class='ocr_par' dir='ltr' id='par_1_24' title="bbox 276 2495 1883 2565">
     <span class='ocr_line' id='line_1_24' title="bbox 276 2495 1883 2565; baseline -0.007 -8"><span class='ocrx_word' id='word_1_182' title='bbox 276 2501 616 2557; x_wconf 89' lang='lat' dir='ltr'><strong>Crucifixum</strong></span> <span class='ocrx_word' id='word_1_183' title='bbox 648 2514 767 2553; x_wconf 89' lang='lat' dir='ltr'><strong>esse</strong></span> <span class='ocrx_word' id='word_1_184' title='bbox 797 2498 1130 2553; x_wconf 89' lang='lat' dir='ltr'><strong>adorandum</strong></span> <span class='ocrx_word' id='word_1_185' title='bbox 1160 2496 1419 2565; x_wconf 92' lang='lat' dir='ltr'><strong>illumque</strong></span> <span class='ocrx_word' id='word_1_186' title='bbox 1450 2495 1615 2548; x_wconf 88' lang='lat' dir='ltr'><strong>Deum</strong></span> <span class='ocrx_word' id='word_1_187' title='bbox 1644 2508 1764 2548; x_wconf 91' lang='lat' dir='ltr'><strong>esse</strong></span> <span class='ocrx_word' id='word_1_188' title='bbox 1794 2510 1883 2562; x_wconf 83' lang='lat' dir='ltr'><strong>pu-</strong></span> 
     </span>
    </p>
   </div>
   <div class='ocr_carea' id='block_1_25' title="bbox 280 2585 1882 2660">
    <p class='ocr_par' dir='ltr' id='par_1_25' title="bbox 280 2585 1882 2660">
     <span class='ocr_line' id='line_1_25' title="bbox 280 2585 1882 2660; baseline -0.003 -15"><span class='ocrx_word' id='word_1_189' title='bbox 280 2594 533 2657; x_wconf 88' lang='lat' dir='ltr'><strong>tandum,</strong></span> <span class='ocrx_word' id='word_1_190' title='bbox 567 2592 656 2660; x_wconf 89' lang='lat' dir='ltr'><strong>qui</strong></span> <span class='ocrx_word' id='word_1_191' title='bbox 688 2607 752 2645; x_wconf 89' lang='lat' dir='ltr'><strong>ex</strong></span> <span class='ocrx_word' id='word_1_192' title='bbox 800 2589 983 2645; x_wconf 75' lang='lat' dir='ltr'><strong>Jud.ea</strong></span> <span class='ocrx_word' id='word_1_193' title='bbox 1032 2588 1257 2641; x_wconf 88' lang='lat' dir='ltr'><strong>muliere</strong></span> <span class='ocrx_word' id='word_1_194' title='bbox 1287 2597 1442 2640; x_wconf 91' lang='lat' dir='ltr'><strong>natus</strong></span> <span class='ocrx_word' id='word_1_195' title='bbox 1479 2594 1643 2640; x_wconf 84' lang='lat' dir='ltr'><strong>esset.</strong></span> <span class='ocrx_word' id='word_1_196' title='bbox 1686 2585 1882 2654; x_wconf 85' lang='lat' dir='ltr'><strong>Ecquis</strong></span> 
     </span>
    </p>
   </div>
   <div class='ocr_carea' id='block_1_26' title="bbox 280 2678 1882 2745">
    <p class='ocr_par' dir='ltr' id='par_1_26' title="bbox 280 2678 1882 2745">
     <span class='ocr_line' id='line_1_26' title="bbox 280 2678 1882 2745; baseline -0.004 -7"><span class='ocrx_word' id='word_1_197' title='bbox 280 2687 389 2739; x_wconf 89' lang='lat' dir='ltr'><strong>illis</strong></span> <span class='ocrx_word' id='word_1_198' title='bbox 418 2684 764 2745; x_wconf 86' lang='lat' dir='ltr'><strong>credidisset,</strong></span> <span class='ocrx_word' id='word_1_199' title='bbox 807 2682 907 2735; x_wconf 89' lang='lat' dir='ltr'><strong>nisi</strong></span> <span class='ocrx_word' id='word_1_200' title='bbox 947 2689 1195 2734; x_wconf 85' lang='lat' dir='ltr'><strong>movente</strong></span> <span class='ocrx_word' id='word_1_201' title='bbox 1226 2679 1403 2732; x_wconf 89' lang='lat' dir='ltr'><strong>divina</strong></span> <span class='ocrx_word' id='word_1_202' title='bbox 1449 2678 1689 2732; x_wconf 87' lang='lat' dir='ltr'><strong>virtute?</strong></span> <span class='ocrx_word' id='word_1_203' title='bbox 1728 2678 1882 2745; x_wconf 83' lang='lat' dir='ltr'><strong>Quod</strong></span> 
     </span>
    </p>
   </div>
   <div class='ocr_carea' id='block_1_27' title="bbox 279 2770 1879 2839">
    <p class='ocr_par' dir='ltr' id='par_1_27' title="bbox 279 2770 1879 2839">
     <span class='ocr_line' id='line_1_27' title="bbox 279 2770 1879 2839; baseline -0.005 -10"><span class='ocrx_word' id='word_1_204' title='bbox 279 2776 426 2829; x_wconf 81' lang='lat' dir='ltr'><strong>enim</strong></span> <span class='ocrx_word' id='word_1_205' title='bbox 461 2772 754 2828; x_wconf 90' lang='lat' dir='ltr'><strong>crucifixus</strong></span> <span class='ocrx_word' id='word_1_206' title='bbox 790 2782 844 2825; x_wconf 91' lang='lat' dir='ltr'><strong>et</strong></span> <span class='ocrx_word' id='word_1_207' title='bbox 874 2772 1116 2839; x_wconf 85' lang='lat' dir='ltr'><strong>sepultus</strong></span> <span class='ocrx_word' id='word_1_208' title='bbox 1145 2770 1352 2835; x_wconf 88' lang='lat' dir='ltr'><strong>fuisset,</strong></span> <span class='ocrx_word' id='word_1_209' title='bbox 1382 2784 1571 2823; x_wconf 90' lang='lat' dir='ltr'><strong>omnes</strong></span> <span class='ocrx_word' id='word_1_210' title='bbox 1602 2770 1879 2833; x_wconf 78' lang='lat' dir='ltr'><strong>sciebant;</strong></span> 
     </span>
    </p>
   </div>
   <div class='ocr_carea' id='block_1_28' title="bbox 278 2860 1883 2937">
    <p class='ocr_par' dir='ltr' id='par_1_28' title="bbox 278 2860 1883 2937">
     <span class='ocr_line' id='line_1_28' title="bbox 278 2860 1883 2937; baseline -0.004 -18"><span class='ocrx_word' id='word_1_211' title='bbox 278 2866 427 2937; x_wconf 89' lang='lat' dir='ltr'><strong>quod</strong></span> <span class='ocrx_word' id='word_1_212' title='bbox 444 2874 626 2919; x_wconf 90' lang='lat' dir='ltr'><strong>autem</strong></span> <span class='ocrx_word' id='word_1_213' title='bbox 657 2861 1043 2918; x_wconf 83' lang='lat' dir='ltr'><strong>resurrexisset</strong></span> <span class='ocrx_word' id='word_1_214' title='bbox 1066 2870 1122 2915; x_wconf 91' lang='lat' dir='ltr'><strong>et</strong></span> <span class='ocrx_word' id='word_1_215' title='bbox 1148 2860 1501 2925; x_wconf 87' lang='lat' dir='ltr'><strong>ascendisset,</strong></span> <span class='ocrx_word' id='word_1_216' title='bbox 1536 2871 1731 2929; x_wconf 55' lang='lat' dir='ltr'><strong>praeter</strong></span> <span class='ocrx_word' id='word_1_217' title='bbox 1755 2875 1883 2929; x_wconf 81' lang='lat' dir='ltr'><strong>apo-</strong></span> 
     </span>
    </p>
   </div>
   <div class='ocr_carea' id='block_1_29' title="bbox 280 2950 1880 3023">
    <p class='ocr_par' dir='ltr' id='par_1_29' title="bbox 280 2950 1880 3023">
     <span class='ocr_line' id='line_1_29' title="bbox 280 2950 1880 3023; baseline -0.005 -11"><span class='ocrx_word' id='word_1_218' title='bbox 280 2960 454 3012; x_wconf 77' lang='lat' dir='ltr'><strong>stolas</strong></span> <span class='ocrx_word' id='word_1_219' title='bbox 506 2972 668 3011; x_wconf 89' lang='lat' dir='ltr'><strong>nemo</strong></span> <span class='ocrx_word' id='word_1_220' title='bbox 704 2955 931 3009; x_wconf 76' lang='lat' dir='ltr'><strong>viderat.</strong></span> <span class='ocrx_word' id='word_1_221' title='bbox 976 2954 1044 3007; x_wconf 87' lang='lat' dir='ltr'><strong>At</strong></span> <span class='ocrx_word' id='word_1_222' title='bbox 1084 2951 1364 3023; x_wconf 90' lang='lat' dir='ltr'><strong>promissis</strong></span> <span class='ocrx_word' id='word_1_223' title='bbox 1408 2951 1531 3006; x_wconf 93' lang='lat' dir='ltr'><strong>illos</strong></span> <span class='ocrx_word' id='word_1_224' title='bbox 1582 2950 1880 3023; x_wconf 79' lang='lat' dir='ltr'><strong>erigebant,</strong></span> 
     </span>
    </p>
   </div>
   <div class='ocr_carea' id='block_1_30' title="bbox 283 3045 1880 3120">
    <p class='ocr_par' dir='ltr' id='par_1_30' title="bbox 283 3045 1880 3120">
     <span class='ocr_line' id='line_1_30' title="bbox 283 3045 1880 3120; baseline -0.003 -17"><span class='ocrx_word' id='word_1_225' title='bbox 283 3052 517 3120; x_wconf 85' lang='lat' dir='ltr'><strong>inquies,</strong></span> <span class='ocrx_word' id='word_1_226' title='bbox 551 3058 608 3104; x_wconf 90' lang='lat' dir='ltr'><strong>et</strong></span> <span class='ocrx_word' id='word_1_227' title='bbox 647 3049 931 3103; x_wconf 79' lang='lat' dir='ltr'><strong>verborum</strong></span> <span class='ocrx_word' id='word_1_228' title='bbox 976 3062 1113 3101; x_wconf 92' lang='lat' dir='ltr'><strong>sono</strong></span> <span class='ocrx_word' id='word_1_229' title='bbox 1154 3045 1506 3117; x_wconf 91' lang='lat' dir='ltr'><strong>deceperunt.</strong></span> <span class='ocrx_word' id='word_1_230' title='bbox 1555 3046 1666 3100; x_wconf 87' lang='lat' dir='ltr'><strong>Hoc</strong></span> <span class='ocrx_word' id='word_1_231' title='bbox 1706 3048 1880 3115; x_wconf 89' lang='lat' dir='ltr'><strong>ipsum</strong></span> 
     </span>
    </p>
   </div>
   <div class='ocr_carea' id='block_1_31' title="bbox 282 3137 1880 3208">
    <p class='ocr_par' dir='ltr' id='par_1_31' title="bbox 282 3137 1880 3208">
     <span class='ocr_line' id='line_1_31' title="bbox 282 3137 1880 3208; baseline -0.003 -14"><span class='ocrx_word' id='word_1_232' title='bbox 282 3159 415 3197; x_wconf 74' lang='lat' dir='ltr'><strong>vero</strong></span> <span class='ocrx_word' id='word_1_233' title='bbox 448 3141 680 3195; x_wconf 78' lang='lat' dir='ltr'><strong>maxime</strong></span> <span class='ocrx_word' id='word_1_234' title='bbox 728 3139 965 3194; x_wconf 87' lang='lat' dir='ltr'><strong>ostendit</strong></span> <span class='ocrx_word' id='word_1_235' title='bbox 1009 3148 1208 3208; x_wconf 72' lang='lat' dir='ltr'><strong>prmter</strong></span> <span class='ocrx_word' id='word_1_236' title='bbox 1246 3152 1307 3191; x_wconf 91' lang='lat' dir='ltr'><strong>ea</strong></span> <span class='ocrx_word' id='word_1_237' title='bbox 1354 3137 1533 3190; x_wconf 86' lang='lat' dir='ltr'><strong>omnia</strong></span> <span class='ocrx_word' id='word_1_238' title='bbox 1583 3154 1701 3207; x_wconf 73' lang='lat' dir='ltr'><strong>qum</strong></span> <span class='ocrx_word' id='word_1_239' title='bbox 1740 3138 1880 3190; x_wconf 82' lang='lat' dir='ltr'><strong>dicta</strong></span> 
     </span>
    </p>
   </div>
   <div class='ocr_carea' id='block_1_32' title="bbox 280 3228 1879 3294">
    <p class='ocr_par' dir='ltr' id='par_1_32' title="bbox 280 3228 1879 3294">
     <span class='ocr_line' id='line_1_32' title="bbox 280 3228 1879 3294; baseline -0.004 -10"><span class='ocrx_word' id='word_1_240' title='bbox 280 3242 431 3294; x_wconf 84' lang='lat' dir='ltr'><strong>sunt,</strong></span> <span class='ocrx_word' id='word_1_241' title='bbox 479 3247 568 3285; x_wconf 80' lang='lat' dir='ltr'><strong>res</strong></span> <span class='ocrx_word' id='word_1_242' title='bbox 598 3240 811 3283; x_wconf 87' lang='lat' dir='ltr'><strong>nostras</strong></span> <span class='ocrx_word' id='word_1_243' title='bbox 852 3248 957 3283; x_wconf 90' lang='lat' dir='ltr'><strong>non</strong></span> <span class='ocrx_word' id='word_1_244' title='bbox 990 3244 1112 3285; x_wconf 89' lang='lat' dir='ltr'><strong>esse</strong></span> <span class='ocrx_word' id='word_1_245' title='bbox 1156 3228 1436 3282; x_wconf 88' lang='lat' dir='ltr'><strong>fallaciam.</strong></span> <span class='ocrx_word' id='word_1_246' title='bbox 1476 3228 1605 3282; x_wconf 84' lang='lat' dir='ltr'><strong>Nam</strong></span> <span class='ocrx_word' id='word_1_247' title='bbox 1641 3228 1879 3281; x_wconf 79' lang='lat' dir='ltr'><strong>difficilia</strong></span> 
     </span>
    </p>
   </div>
   <div class='ocr_carea' id='block_1_33' title="bbox 280 3320 1881 3389">
    <p class='ocr_par' dir='ltr' id='par_1_33' title="bbox 280 3320 1881 3389">
     <span class='ocr_line' id='line_1_33' title="bbox 280 3320 1881 3389; baseline -0.002 -12"><span class='ocrx_word' id='word_1_248' title='bbox 280 3325 463 3377; x_wconf 88' lang='lat' dir='ltr'><strong>omnia</strong></span> <span class='ocrx_word' id='word_1_249' title='bbox 499 3323 624 3376; x_wconf 87' lang='lat' dir='ltr'><strong>hinc</strong></span> <span class='ocrx_word' id='word_1_250' title='bbox 653 3320 1006 3387; x_wconf 82' lang='lat' dir='ltr'><strong>eveniebant;</strong></span> <span class='ocrx_word' id='word_1_251' title='bbox 1047 3321 1197 3374; x_wconf 87' lang='lat' dir='ltr'><strong>utilia</strong></span> <span class='ocrx_word' id='word_1_252' title='bbox 1228 3335 1355 3375; x_wconf 90' lang='lat' dir='ltr'><strong>vero</strong></span> <span class='ocrx_word' id='word_1_253' title='bbox 1379 3329 1500 3389; x_wconf 85' lang='lat' dir='ltr'><strong>post</strong></span> <span class='ocrx_word' id='word_1_254' title='bbox 1523 3321 1881 3374; x_wconf 86' lang='lat' dir='ltr'><strong>resurrectio-</strong></span> 
     </span>
    </p>
   </div>
   <div class='ocr_carea' id='block_1_34' title="bbox 283 3411 1881 3484">
    <p class='ocr_par' dir='ltr' id='par_1_34' title="bbox 283 3411 1881 3484">
     <span class='ocr_line' id='line_1_34' title="bbox 283 3411 1881 3484; baseline -0.004 -14"><span class='ocrx_word' id='word_1_255' title='bbox 283 3431 409 3470; x_wconf 88' lang='lat' dir='ltr'><strong>nem</strong></span> <span class='ocrx_word' id='word_1_256' title='bbox 450 3413 690 3484; x_wconf 89' lang='lat' dir='ltr'><strong>promitti</strong></span> <span class='ocrx_word' id='word_1_257' title='bbox 721 3414 1023 3481; x_wconf 84' lang='lat' dir='ltr'><strong>oportebat.</strong></span> <span class='ocrx_word' id='word_1_258' title='bbox 1069 3411 1181 3465; x_wconf 84' lang='lat' dir='ltr'><strong>Hoc</strong></span> <span class='ocrx_word' id='word_1_259' title='bbox 1220 3413 1395 3481; x_wconf 88' lang='lat' dir='ltr'><strong>ipsum</strong></span> <span class='ocrx_word' id='word_1_260' title='bbox 1439 3419 1641 3474; x_wconf 89' lang='lat' dir='ltr'><strong>autem,</strong></span> <span class='ocrx_word' id='word_1_261' title='bbox 1687 3413 1881 3465; x_wconf 90' lang='lat' dir='ltr'><strong>iterum</strong></span> 
     </span>
    </p>
   </div>
   <div class='ocr_carea' id='block_1_35' title="bbox 283 3504 1877 3574">
    <p class='ocr_par' dir='ltr' id='par_1_35' title="bbox 283 3504 1877 3574">
     <span class='ocr_line' id='line_1_35' title="bbox 283 3504 1877 3574; baseline -0.004 -11"><span class='ocrx_word' id='word_1_262' title='bbox 283 3510 486 3572; x_wconf 80' lang='lat' dir='ltr'><strong>dicam,</strong></span> <span class='ocrx_word' id='word_1_263' title='bbox 507 3506 743 3561; x_wconf 74' lang='lat' dir='ltr'><strong>ostendit</strong></span> <span class='ocrx_word' id='word_1_264' title='bbox 766 3504 1198 3574; x_wconf 71' lang='lat' dir='ltr'><strong>[medicationem</strong></span> <span class='ocrx_word' id='word_1_265' title='bbox 1222 3512 1460 3558; x_wconf 91' lang='lat' dir='ltr'><strong>nostram</strong></span> <span class='ocrx_word' id='word_1_266' title='bbox 1480 3504 1713 3558; x_wconf 83' lang='lat' dir='ltr'><strong>divinam</strong></span> <span class='ocrx_word' id='word_1_267' title='bbox 1736 3518 1877 3557; x_wconf 90' lang='lat' dir='ltr'><strong>esse.</strong></span> 
     </span>
    </p>
   </div>
   <div class='ocr_carea' id='block_1_36' title="bbox 281 3594 1882 3664">
    <p class='ocr_par' dir='ltr' id='par_1_36' title="bbox 281 3594 1882 3664">
     <span class='ocr_line' id='line_1_36' title="bbox 281 3594 1882 3664; baseline -0.004 -7"><span class='ocrx_word' id='word_1_268' title='bbox 281 3605 393 3657; x_wconf 84' lang='lat' dir='ltr'><strong>Cur</strong></span> <span class='ocrx_word' id='word_1_269' title='bbox 421 3603 564 3657; x_wconf 88' lang='lat' dir='ltr'><strong>enim</strong></span> <span class='ocrx_word' id='word_1_270' title='bbox 596 3616 753 3655; x_wconf 86' lang='lat' dir='ltr'><strong>nemo</strong></span> <span class='ocrx_word' id='word_1_271' title='bbox 779 3598 1112 3653; x_wconf 85' lang='lat' dir='ltr'><strong>credentium</strong></span> <span class='ocrx_word' id='word_1_272' title='bbox 1137 3596 1295 3660; x_wconf 88' lang='lat' dir='ltr'><strong>dixit,</strong></span> <span class='ocrx_word' id='word_1_273' title='bbox 1318 3594 1432 3650; x_wconf 84' lang='lat' dir='ltr'><strong>Non</strong></span> <span class='ocrx_word' id='word_1_274' title='bbox 1462 3596 1683 3658; x_wconf 85' lang='lat' dir='ltr'><strong>accedo,</strong></span> <span class='ocrx_word' id='word_1_275' title='bbox 1709 3610 1882 3664; x_wconf 86' lang='lat' dir='ltr'><strong>neque</strong></span> 
     </span>
    </p>
   </div>
   <div class='ocr_carea' id='block_1_37' title="bbox 285 3682 1881 3759">
    <p class='ocr_par' dir='ltr' id='par_1_37' title="bbox 285 3682 1881 3759">
     <span class='ocr_line' id='line_1_37' title="bbox 285 3682 1881 3759; baseline -0.006 -12"><span class='ocrx_word' id='word_1_276' title='bbox 285 3692 427 3748; x_wconf 86' lang='lat' dir='ltr'><strong>ferre</strong></span> <span class='ocrx_word' id='word_1_277' title='bbox 451 3706 671 3759; x_wconf 89' lang='lat' dir='ltr'><strong>possum</strong></span> <span class='ocrx_word' id='word_1_278' title='bbox 698 3707 713 3744; x_wconf 89' lang='lat'><strong>:</strong></span> <span class='ocrx_word' id='word_1_279' title='bbox 740 3686 979 3743; x_wconf 82' lang='lat' dir='ltr'><strong>difficilia</strong></span> <span class='ocrx_word' id='word_1_280' title='bbox 1008 3686 1137 3741; x_wconf 87' lang='lat' dir='ltr'><strong>mihi</strong></span> <span class='ocrx_word' id='word_1_281' title='bbox 1159 3683 1247 3740; x_wconf 84' lang='lat' dir='ltr'><strong>hic</strong></span> <span class='ocrx_word' id='word_1_282' title='bbox 1269 3683 1639 3752; x_wconf 83' lang='lat' dir='ltr'><strong>comminaris,</strong></span> <span class='ocrx_word' id='word_1_283' title='bbox 1665 3692 1721 3740; x_wconf 85' lang='lat' dir='ltr'><strong>et</strong></span> <span class='ocrx_word' id='word_1_284' title='bbox 1740 3682 1881 3739; x_wconf 86' lang='lat' dir='ltr'><strong>bona</strong></span> 
     </span>
    </p>
   </div>
   <div class='ocr_carea' id='block_1_38' title="bbox 288 3770 1884 3843">
    <p class='ocr_par' dir='ltr' id='par_1_38' title="bbox 288 3770 1884 3843">
     <span class='ocr_line' id='line_1_38' title="bbox 288 3770 1884 3843; baseline -0.001 -19"><span class='ocrx_word' id='word_1_285' title='bbox 288 3782 411 3843; x_wconf 80' lang='lat' dir='ltr'><strong>post</strong></span> <span class='ocrx_word' id='word_1_286' title='bbox 442 3772 893 3829; x_wconf 88' lang='lat' dir='ltr'><strong>resurrectionem</strong></span> <span class='ocrx_word' id='word_1_287' title='bbox 937 3773 1242 3843; x_wconf 82' lang='lat' dir='ltr'><strong>promittis?</strong></span> <span class='ocrx_word' id='word_1_288' title='bbox 1279 3773 1546 3826; x_wconf 79' lang='lat' dir='ltr'><strong>undenam</strong></span> <span class='ocrx_word' id='word_1_289' title='bbox 1592 3770 1763 3840; x_wconf 90' lang='lat' dir='ltr'><strong>liquet</strong></span> <span class='ocrx_word' id='word_1_290' title='bbox 1788 3782 1884 3824; x_wconf 75' lang='lat' dir='ltr'><strong>re-</strong></span> 
     </span>
    </p>
   </div>
   <div class='ocr_carea' id='block_1_39' title="bbox 285 3859 1884 3929">
    <p class='ocr_par' dir='ltr' id='par_1_39' title="bbox 285 3859 1884 3929">
     <span class='ocr_line' id='line_1_39' title="bbox 285 3859 1884 3929; baseline -0.003 -11"><span class='ocrx_word' id='word_1_291' title='bbox 285 3862 679 3918; x_wconf 79' lang='lat' dir='ltr'><strong>surrectionem</strong></span> <span class='ocrx_word' id='word_1_292' title='bbox 714 3859 943 3914; x_wconf 83' lang='lat' dir='ltr'><strong>futuram</strong></span> <span class='ocrx_word' id='word_1_293' title='bbox 989 3861 1148 3915; x_wconf 71' lang='lat' dir='ltr'><strong>esse?</strong></span> <span class='ocrx_word' id='word_1_294' title='bbox 1181 3861 1303 3929; x_wconf 84' lang='lat' dir='ltr'><strong>quis</strong></span> <span class='ocrx_word' id='word_1_295' title='bbox 1347 3876 1535 3915; x_wconf 84' lang='lat' dir='ltr'><strong>eorum</strong></span> <span class='ocrx_word' id='word_1_296' title='bbox 1580 3860 1668 3929; x_wconf 90' lang='lat' dir='ltr'><strong>qui</strong></span> <span class='ocrx_word' id='word_1_297' title='bbox 1698 3859 1884 3915; x_wconf 86' lang='lat' dir='ltr'><strong>deces-</strong></span> 
     </span>
    </p>
   </div>
   <div class='ocr_carea' id='block_1_40' title="bbox 282 3950 1887 4023">
    <p class='ocr_par' dir='ltr' id='par_1_40' title="bbox 282 3950 1887 4023">
     <span class='ocr_line' id='line_1_40' title="bbox 282 3950 1887 4023; baseline -0.002 -14"><span class='ocrx_word' id='word_1_298' title='bbox 282 3960 476 4009; x_wconf 82' lang='lat' dir='ltr'><strong>serunt</strong></span> <span class='ocrx_word' id='word_1_299' title='bbox 514 3951 701 4006; x_wconf 89' lang='lat' dir='ltr'><strong>venit?</strong></span> <span class='ocrx_word' id='word_1_300' title='bbox 725 3952 844 4023; x_wconf 84' lang='lat' dir='ltr'><strong>quis</strong></span> <span class='ocrx_word' id='word_1_301' title='bbox 887 3965 1221 4006; x_wconf 88' lang='lat' dir='ltr'><strong>mortuorum</strong></span> <span class='ocrx_word' id='word_1_302' title='bbox 1271 3952 1609 4007; x_wconf 75' lang='lat' dir='ltr'><strong>resurrexit?</strong></span> <span class='ocrx_word' id='word_1_303' title='bbox 1636 3950 1757 4021; x_wconf 88' lang='lat' dir='ltr'><strong>quis</strong></span> <span class='ocrx_word' id='word_1_304' title='bbox 1787 3951 1887 4005; x_wconf 87' lang='lat' dir='ltr'><strong>ho-</strong></span> 
     </span>
    </p>
   </div>
   <div class='ocr_carea' id='block_1_41' title="bbox 282 4042 1884 4115">
    <p class='ocr_par' dir='ltr' id='par_1_41' title="bbox 282 4042 1884 4115">
     <span class='ocr_line' id='line_1_41' title="bbox 282 4042 1884 4115; baseline -0.001 -18"><span class='ocrx_word' id='word_1_305' title='bbox 282 4059 404 4098; x_wconf 91' lang='lat' dir='ltr'><strong>rum</strong></span> <span class='ocrx_word' id='word_1_306' title='bbox 427 4042 567 4097; x_wconf 88' lang='lat' dir='ltr'><strong>dixit</strong></span> <span class='ocrx_word' id='word_1_307' title='bbox 587 4043 715 4113; x_wconf 90' lang='lat' dir='ltr'><strong>quid</strong></span> <span class='ocrx_word' id='word_1_308' title='bbox 737 4044 969 4098; x_wconf 89' lang='lat' dir='ltr'><strong>futurum</strong></span> <span class='ocrx_word' id='word_1_309' title='bbox 994 4044 1062 4099; x_wconf 88' lang='lat' dir='ltr'><strong>sit</strong></span> <span class='ocrx_word' id='word_1_310' title='bbox 1087 4053 1212 4115; x_wconf 86' lang='lat' dir='ltr'><strong>post</strong></span> <span class='ocrx_word' id='word_1_311' title='bbox 1235 4055 1475 4099; x_wconf 85' lang='lat' dir='ltr'><strong>nostrum</strong></span> <span class='ocrx_word' id='word_1_312' title='bbox 1500 4044 1624 4099; x_wconf 90' lang='lat' dir='ltr'><strong>hinc</strong></span> <span class='ocrx_word' id='word_1_313' title='bbox 1649 4042 1884 4098; x_wconf 88' lang='lat' dir='ltr'><strong>exitum?</strong></span> 
     </span>
    </p>
   </div>
   <div class='ocr_carea' id='block_1_42' title="bbox 286 4132 1887 4205">
    <p class='ocr_par' dir='ltr' id='par_1_42' title="bbox 286 4132 1887 4205">
     <span class='ocr_line' id='line_1_42' title="bbox 286 4132 1887 4205; baseline 0.001 -17"><span class='ocrx_word' id='word_1_314' title='bbox 286 4134 353 4188; x_wconf 82' lang='lat' dir='ltr'><strong>At</strong></span> <span class='ocrx_word' id='word_1_315' title='bbox 393 4133 527 4188; x_wconf 90' lang='lat' dir='ltr'><strong>nihil</strong></span> <span class='ocrx_word' id='word_1_316' title='bbox 568 4132 761 4189; x_wconf 88' lang='lat' dir='ltr'><strong>horum</strong></span> <span class='ocrx_word' id='word_1_317' title='bbox 805 4135 1142 4205; x_wconf 85' lang='lat' dir='ltr'><strong>cogitarunt;</strong></span> <span class='ocrx_word' id='word_1_318' title='bbox 1174 4134 1268 4189; x_wconf 86' lang='lat' dir='ltr'><strong>sed</strong></span> <span class='ocrx_word' id='word_1_319' title='bbox 1298 4144 1351 4189; x_wconf 89' lang='lat' dir='ltr'><strong>et</strong></span> <span class='ocrx_word' id='word_1_320' title='bbox 1380 4136 1588 4188; x_wconf 85' lang='lat' dir='ltr'><strong>animas</strong></span> <span class='ocrx_word' id='word_1_321' title='bbox 1617 4134 1887 4190; x_wconf 88' lang='lat' dir='ltr'><strong>dederunt</strong></span> 
     </span>
    </p>
   </div>
   <div class='ocr_carea' id='block_1_43' title="bbox 284 4224 1885 4298">
    <p class='ocr_par' dir='ltr' id='par_1_43' title="bbox 284 4224 1885 4298">
     <span class='ocr_line' id='line_1_43' title="bbox 284 4224 1885 4298; baseline 0.003 -20"><span class='ocrx_word' id='word_1_322' title='bbox 284 4241 382 4296; x_wconf 81' lang='lat' dir='ltr'><strong>pro</strong></span> <span class='ocrx_word' id='word_1_323' title='bbox 433 4224 727 4281; x_wconf 89' lang='lat' dir='ltr'><strong>Crucilixo.</strong></span> <span class='ocrx_word' id='word_1_324' title='bbox 779 4226 962 4297; x_wconf 90' lang='lat' dir='ltr'><strong>ltaque</strong></span> <span class='ocrx_word' id='word_1_325' title='bbox 1005 4227 1108 4283; x_wconf 82' lang='lat' dir='ltr'><strong>hoc</strong></span> <span class='ocrx_word' id='word_1_326' title='bbox 1156 4228 1331 4298; x_wconf 91' lang='lat' dir='ltr'><strong>ipsum</strong></span> <span class='ocrx_word' id='word_1_327' title='bbox 1376 4230 1627 4284; x_wconf 68' lang='lat' dir='ltr'><strong>maxima:</strong></span> <span class='ocrx_word' id='word_1_328' title='bbox 1672 4229 1885 4285; x_wconf 87' lang='lat' dir='ltr'><strong>virtutis</strong></span> 
     </span>
    </p>
   </div>
   <div class='ocr_carea' id='block_1_44' title="bbox 281 4318 1881 4391">
    <p class='ocr_par' dir='ltr' id='par_1_44' title="bbox 281 4318 1881 4391">
     <span class='ocr_line' id='line_1_44' title="bbox 281 4318 1881 4391; baseline 0.004 -19"><span class='ocrx_word' id='word_1_329' title='bbox 281 4326 421 4383; x_wconf 83' lang='lat' dir='ltr'><strong>erat,</strong></span> <span class='ocrx_word' id='word_1_330' title='bbox 446 4318 590 4387; x_wconf 86' lang='lat' dir='ltr'><strong>quod</strong></span> <span class='ocrx_word' id='word_1_331' title='bbox 620 4333 741 4374; x_wconf 89' lang='lat' dir='ltr'><strong>cum</strong></span> <span class='ocrx_word' id='word_1_332' title='bbox 768 4320 900 4373; x_wconf 81' lang='lat' dir='ltr'><strong>nihil</strong></span> <span class='ocrx_word' id='word_1_333' title='bbox 934 4319 1127 4375; x_wconf 88' lang='lat' dir='ltr'><strong>horum</strong></span> <span class='ocrx_word' id='word_1_334' title='bbox 1159 4337 1411 4391; x_wconf 84' lang='lat' dir='ltr'><strong>umquam</strong></span> <span class='ocrx_word' id='word_1_335' title='bbox 1440 4322 1743 4389; x_wconf 80' lang='lat' dir='ltr'><strong>audissent,</strong></span> <span class='ocrx_word' id='word_1_336' title='bbox 1766 4331 1881 4378; x_wconf 51' lang='lat' dir='ltr'><strong>stav</strong></span> 
     </span>
    </p>
   </div>
   <div class='ocr_carea' id='block_1_45' title="bbox 284 4408 1885 4484">
    <p class='ocr_par' dir='ltr' id='par_1_45' title="bbox 284 4408 1885 4484">
     <span class='ocr_line' id='line_1_45' title="bbox 284 4408 1885 4484; baseline 0.005 -23"><span class='ocrx_word' id='word_1_337' title='bbox 284 4409 377 4462; x_wconf 87' lang='lat' dir='ltr'><strong>titn</strong></span> <span class='ocrx_word' id='word_1_338' title='bbox 408 4408 478 4464; x_wconf 89' lang='lat' dir='ltr'><strong>de</strong></span> <span class='ocrx_word' id='word_1_339' title='bbox 508 4411 671 4465; x_wconf 84' lang='lat' dir='ltr'><strong>tantis</strong></span> <span class='ocrx_word' id='word_1_340' title='bbox 702 4411 863 4466; x_wconf 87' lang='lat' dir='ltr'><strong>rebus</strong></span> <span class='ocrx_word' id='word_1_341' title='bbox 894 4413 1376 4481; x_wconf 86' lang='lat' dir='ltr'><strong>persuaderentur,</strong></span> <span class='ocrx_word' id='word_1_342' title='bbox 1406 4422 1462 4468; x_wconf 88' lang='lat' dir='ltr'><strong>et</strong></span> <span class='ocrx_word' id='word_1_343' title='bbox 1490 4427 1611 4469; x_wconf 84' lang='lat' dir='ltr'><strong>sese</strong></span> <span class='ocrx_word' id='word_1_344' title='bbox 1656 4427 1885 4484; x_wconf 82' lang='lat' dir='ltr'><strong>appara-</strong></span> 
     </span>
    </p>
   </div>
   <div class='ocr_carea' id='block_1_46' title="bbox 286 4500 1885 4575">
    <p class='ocr_par' dir='ltr' id='par_1_46' title="bbox 286 4500 1885 4575">
     <span class='ocr_line' id='line_1_46' title="bbox 286 4500 1885 4575; baseline 0.006 -23"><span class='ocrx_word' id='word_1_345' title='bbox 286 4510 405 4555; x_wconf 88' lang='lat' dir='ltr'><strong>rent</strong></span> <span class='ocrx_word' id='word_1_346' title='bbox 436 4510 493 4553; x_wconf 93' lang='lat' dir='ltr'><strong>ut</strong></span> <span class='ocrx_word' id='word_1_347' title='bbox 519 4500 758 4555; x_wconf 72' lang='lat' dir='ltr'><strong>difficilia</strong></span> <span class='ocrx_word' id='word_1_348' title='bbox 804 4502 855 4556; x_wconf 92' lang='lat' dir='ltr'><strong>iu</strong></span> <span class='ocrx_word' id='word_1_349' title='bbox 907 4504 1337 4571; x_wconf 82' lang='lat' dir='ltr'><strong>experimentum</strong></span> <span class='ocrx_word' id='word_1_350' title='bbox 1384 4508 1713 4575; x_wconf 87' lang='lat' dir='ltr'><strong>acciperent,</strong></span> <span class='ocrx_word' id='word_1_351' title='bbox 1742 4506 1885 4562; x_wconf 89' lang='lat' dir='ltr'><strong>bona</strong></span> 
     </span>
    </p>
   </div>
   <div class='ocr_carea' id='block_1_47' title="bbox 284 4590 1883 4664">
    <p class='ocr_par' dir='ltr' id='par_1_47' title="bbox 284 4590 1883 4664">
     <span class='ocr_line' id='line_1_47' title="bbox 284 4590 1883 4664; baseline 0.007 -25"><span class='ocrx_word' id='word_1_352' title='bbox 284 4606 417 4645; x_wconf 63' lang='lat' dir='ltr'><strong>vero</strong></span> <span class='ocrx_word' id='word_1_353' title='bbox 448 4591 500 4644; x_wconf 92' lang='lat' dir='ltr'><strong>in</strong></span> <span class='ocrx_word' id='word_1_354' title='bbox 530 4604 625 4659; x_wconf 76' lang='lat' dir='ltr'><strong>Spe</strong></span> <span class='ocrx_word' id='word_1_355' title='bbox 651 4590 932 4647; x_wconf 87' lang='lat' dir='ltr'><strong>haberent.</strong></span> <span class='ocrx_word' id='word_1_356' title='bbox 966 4592 1021 4645; x_wconf 80' lang='lat' dir='ltr'><strong>Si</strong></span> <span class='ocrx_word' id='word_1_357' title='bbox 1056 4604 1231 4647; x_wconf 87' lang='lat' dir='ltr'><strong>autem</strong></span> <span class='ocrx_word' id='word_1_358' title='bbox 1278 4594 1533 4662; x_wconf 83' lang='lat' dir='ltr'><strong>decipere</strong></span> <span class='ocrx_word' id='word_1_359' title='bbox 1562 4596 1883 4664; x_wconf 84' lang='lat' dir='ltr'><strong>voluissent,</strong></span> 
     </span>
    </p>
   </div>
   <div class='ocr_carea' id='block_1_48' title="bbox 284 4681 1885 4753">
    <p class='ocr_par' dir='ltr' id='par_1_48' title="bbox 284 4681 1885 4753">
     <span class='ocr_line' id='line_1_48' title="bbox 284 4681 1885 4753; baseline 0.004 -18"><span class='ocrx_word' id='word_1_360' title='bbox 284 4682 617 4735; x_wconf 85' lang='lat' dir='ltr'><strong>contrarium</strong></span> <span class='ocrx_word' id='word_1_361' title='bbox 652 4681 845 4736; x_wconf 83' lang='lat' dir='ltr'><strong>facturi</strong></span> <span class='ocrx_word' id='word_1_362' title='bbox 894 4691 1077 4747; x_wconf 79' lang='lat' dir='ltr'><strong>erant;</strong></span> <span class='ocrx_word' id='word_1_363' title='bbox 1112 4685 1198 4737; x_wconf 90' lang='lat' dir='ltr'><strong>hic</strong></span> <span class='ocrx_word' id='word_1_364' title='bbox 1228 4684 1366 4737; x_wconf 89' lang='lat' dir='ltr'><strong>bona</strong></span> <span class='ocrx_word' id='word_1_365' title='bbox 1410 4686 1803 4753; x_wconf 90' lang='lat' dir='ltr'><strong>promisissent,</strong></span> <span class='ocrx_word' id='word_1_366' title='bbox 1830 4696 1885 4741; x_wconf 89' lang='lat' dir='ltr'><strong>et</strong></span> 
     </span>
    </p>
   </div>
   <div class='ocr_carea' id='block_1_49' title="bbox 286 4772 1879 4845">
    <p class='ocr_par' dir='ltr' id='par_1_49' title="bbox 286 4772 1879 4845">
     <span class='ocr_line' id='line_1_49' title="bbox 286 4772 1879 4845; baseline 0.003 -18"><span class='ocrx_word' id='word_1_367' title='bbox 286 4772 548 4827; x_wconf 82' lang='lat' dir='ltr'><strong>terribilia</strong></span> <span class='ocrx_word' id='word_1_368' title='bbox 596 4773 923 4842; x_wconf 80' lang='lat' dir='ltr'><strong>tacuissent,</strong></span> <span class='ocrx_word' id='word_1_369' title='bbox 975 4783 1082 4828; x_wconf 86' lang='lat' dir='ltr'><strong>tant</strong></span> <span class='ocrx_word' id='word_1_370' title='bbox 1136 4776 1421 4844; x_wconf 64' lang='lat' dir='ltr'><strong>prsesentia</strong></span> <span class='ocrx_word' id='word_1_371' title='bbox 1468 4794 1627 4845; x_wconf 86' lang='lat' dir='ltr'><strong>quam</strong></span> <span class='ocrx_word' id='word_1_372' title='bbox 1684 4779 1879 4834; x_wconf 83' lang='lat' dir='ltr'><strong>futura.</strong></span> 
     </span>
    </p>
   </div>
   <div class='ocr_carea' id='block_1_50' title="bbox 286 4866 1878 4941">
    <p class='ocr_par' dir='ltr' id='par_1_50' title="bbox 286 4866 1878 4941">
     <span class='ocr_line' id='line_1_50' title="bbox 286 4866 1878 4941; baseline 0.004 -20"><span class='ocrx_word' id='word_1_373' title='bbox 286 4866 359 4921; x_wconf 84' lang='lat' dir='ltr'><strong>Ita</strong></span> <span class='ocrx_word' id='word_1_374' title='bbox 402 4868 547 4921; x_wconf 87' lang='lat' dir='ltr'><strong>enim</strong></span> <span class='ocrx_word' id='word_1_375' title='bbox 599 4866 776 4924; x_wconf 89' lang='lat' dir='ltr'><strong>facere</strong></span> <span class='ocrx_word' id='word_1_376' title='bbox 821 4869 999 4924; x_wconf 83' lang='lat' dir='ltr'><strong>solent</strong></span> <span class='ocrx_word' id='word_1_377' title='bbox 1040 4872 1129 4940; x_wconf 92' lang='lat' dir='ltr'><strong>qui</strong></span> <span class='ocrx_word' id='word_1_378' title='bbox 1171 4870 1450 4941; x_wconf 90' lang='lat' dir='ltr'><strong>decipiunt</strong></span> <span class='ocrx_word' id='word_1_379' title='bbox 1476 4881 1531 4927; x_wconf 91' lang='lat' dir='ltr'><strong>et</strong></span> <span class='ocrx_word' id='word_1_380' title='bbox 1556 4874 1878 4928; x_wconf 87' lang='lat' dir='ltr'><strong>adulantur:</strong></span> 
     </span>
    </p>
   </div>
   <div class='ocr_carea' id='block_1_51' title="bbox 283 4958 1883 5033">
    <p class='ocr_par' dir='ltr' id='par_1_51' title="bbox 283 4958 1883 5033">
     <span class='ocr_line' id='line_1_51' title="bbox 283 4958 1883 5033; baseline 0.006 -22"><span class='ocrx_word' id='word_1_381' title='bbox 283 4958 418 5011; x_wconf 79' lang='lat' dir='ltr'><strong>nihil</strong></span> <span class='ocrx_word' id='word_1_382' title='bbox 450 4972 701 5029; x_wconf 76' lang='lat' dir='ltr'><strong>aSpernm</strong></span> <span class='ocrx_word' id='word_1_383' title='bbox 752 4959 948 5013; x_wconf 91' lang='lat' dir='ltr'><strong>durum</strong></span> <span class='ocrx_word' id='word_1_384' title='bbox 980 4961 1065 5013; x_wconf 88' lang='lat' dir='ltr'><strong>vel</strong></span> <span class='ocrx_word' id='word_1_385' title='bbox 1096 4976 1385 5016; x_wconf 90' lang='lat' dir='ltr'><strong>onerosum</strong></span> <span class='ocrx_word' id='word_1_386' title='bbox 1435 4975 1759 5033; x_wconf 81' lang='lat' dir='ltr'><strong>preponunt,</strong></span> <span class='ocrx_word' id='word_1_387' title='bbox 1789 4970 1883 5021; x_wconf 84' lang='lat' dir='ltr'><strong>sed</strong></span> 
     </span>
    </p>
   </div>
   <div class='ocr_carea' id='block_1_52' title="bbox 280 5049 1885 5122">
    <p class='ocr_par' dir='ltr' id='par_1_52' title="bbox 280 5049 1885 5122">
     <span class='ocr_line' id='line_1_52' title="bbox 280 5049 1885 5122; baseline 0.003 -18"><span class='ocrx_word' id='word_1_388' title='bbox 280 5049 615 5104; x_wconf 76' lang='lat' dir='ltr'><strong>contrarium</strong></span> <span class='ocrx_word' id='word_1_389' title='bbox 639 5060 845 5115; x_wconf 88' lang='lat' dir='ltr'><strong>totum;</strong></span> <span class='ocrx_word' id='word_1_390' title='bbox 878 5051 993 5106; x_wconf 81' lang='lat' dir='ltr'><strong>b:ec</strong></span> <span class='ocrx_word' id='word_1_391' title='bbox 1020 5052 1222 5122; x_wconf 84' lang='lat' dir='ltr'><strong>quippe</strong></span> <span class='ocrx_word' id='word_1_392' title='bbox 1248 5051 1457 5109; x_wconf 80' lang='lat' dir='ltr'><strong>fallacia</strong></span> <span class='ocrx_word' id='word_1_393' title='bbox 1485 5068 1585 5109; x_wconf 83' lang='lat' dir='ltr'><strong>e5t.</strong></span> <span class='ocrx_word' id='word_1_394' title='bbox 1612 5056 1716 5111; x_wconf 90' lang='lat' dir='ltr'><strong>Sed</strong></span> <span class='ocrx_word' id='word_1_395' title='bbox 1747 5058 1885 5109; x_wconf 85' lang='lat' dir='ltr'><strong>mul-</strong></span> 
     </span>
    </p>
   </div>
   <div class='ocr_carea' id='block_1_53' title="bbox 282 5143 1877 5211">
    <p class='ocr_par' dir='ltr' id='par_1_53' title="bbox 282 5143 1877 5211">
     <span class='ocr_line' id='line_1_53' title="bbox 282 5143 1877 5211; baseline 0.004 -17"><span class='ocrx_word' id='word_1_396' title='bbox 282 5153 457 5194; x_wconf 83' lang='lat' dir='ltr'><strong>torum</strong></span> <span class='ocrx_word' id='word_1_397' title='bbox 481 5144 739 5206; x_wconf 87' lang='lat' dir='ltr'><strong>amentia,</strong></span> <span class='ocrx_word' id='word_1_398' title='bbox 756 5143 989 5211; x_wconf 85' lang='lat' dir='ltr'><strong>inquies,</strong></span> <span class='ocrx_word' id='word_1_399' title='bbox 1012 5144 1135 5199; x_wconf 89' lang='lat' dir='ltr'><strong>fecit</strong></span> <span class='ocrx_word' id='word_1_400' title='bbox 1158 5154 1213 5200; x_wconf 85' lang='grc' dir='ltr'>ιιι</span> <span class='ocrx_word' id='word_1_401' title='bbox 1232 5144 1391 5200; x_wconf 88' lang='lat' dir='ltr'><strong>dictis</strong></span> <span class='ocrx_word' id='word_1_402' title='bbox 1414 5146 1571 5201; x_wconf 90' lang='lat' dir='ltr'><strong>fidem</strong></span> <span class='ocrx_word' id='word_1_403' title='bbox 1598 5147 1877 5203; x_wconf 89' lang='lat' dir='ltr'><strong>haberent.</strong></span> 
     </span>
    </p>
   </div>
   <div class='ocr_carea' id='block_1_54' title="bbox 280 5230 1886 5306">
    <p class='ocr_par' dir='ltr' id='par_1_54' title="bbox 280 5230 1886 5306">
     <span class='ocr_line' id='line_1_54' title="bbox 280 5230 1886 5306; baseline 0.007 -21"><span class='ocrx_word' id='word_1_404' title='bbox 280 5233 423 5298; x_wconf 72' lang='lat' dir='ltr'><strong>Quid</strong></span> <span class='ocrx_word' id='word_1_405' title='bbox 472 5230 645 5285; x_wconf 72' lang='lat' dir='ltr'><strong>dicis?</strong></span> <span class='ocrx_word' id='word_1_406' title='bbox 686 5235 904 5300; x_wconf 88' lang='lat' dir='ltr'><strong>quando</strong></span> <span class='ocrx_word' id='word_1_407' title='bbox 954 5237 1056 5293; x_wconf 90' lang='lat' dir='ltr'><strong>sub</strong></span> <span class='ocrx_word' id='word_1_408' title='bbox 1107 5235 1314 5293; x_wconf 74' lang='lat' dir='ltr'><strong>Grmcis</strong></span> <span class='ocrx_word' id='word_1_409' title='bbox 1361 5238 1531 5306; x_wconf 89' lang='lat' dir='ltr'><strong>fuere,</strong></span> <span class='ocrx_word' id='word_1_410' title='bbox 1579 5256 1682 5295; x_wconf 92' lang='lat' dir='ltr'><strong>non</strong></span> <span class='ocrx_word' id='word_1_411' title='bbox 1730 5252 1886 5297; x_wconf 85' lang='lat' dir='ltr'><strong>erant</strong></span> 
     </span>
    </p>
   </div>
   <div class='ocr_carea' id='block_1_55' title="bbox 280 5322 1883 5395">
    <p class='ocr_par' dir='ltr' id='par_1_55' title="bbox 280 5322 1883 5395">
     <span class='ocr_line' id='line_1_55' title="bbox 280 5322 1883 5395; baseline 0.006 -15"><span class='ocrx_word' id='word_1_412' title='bbox 280 5325 465 5391; x_wconf 76' lang='lat' dir='ltr'><strong>stulti;</strong></span> <span class='ocrx_word' id='word_1_413' title='bbox 498 5322 595 5379; x_wconf 90' lang='lat' dir='ltr'><strong>sed</strong></span> <span class='ocrx_word' id='word_1_414' title='bbox 624 5324 843 5395; x_wconf 84' lang='lat' dir='ltr'><strong>quando</strong></span> <span class='ocrx_word' id='word_1_415' title='bbox 872 5328 937 5379; x_wconf 89' lang='lat' dir='ltr'><strong>ad</strong></span> <span class='ocrx_word' id='word_1_416' title='bbox 972 5344 1070 5384; x_wconf 88' lang='lat' dir='ltr'><strong>nos</strong></span> <span class='ocrx_word' id='word_1_417' title='bbox 1102 5333 1344 5386; x_wconf 86' lang='lat' dir='ltr'><strong>trans&#39;ati</strong></span> <span class='ocrx_word' id='word_1_418' title='bbox 1375 5341 1530 5394; x_wconf 88' lang='lat' dir='ltr'><strong>sunt,</strong></span> <span class='ocrx_word' id='word_1_419' title='bbox 1564 5344 1689 5387; x_wconf 89' lang='lat' dir='ltr'><strong>tunc</strong></span> <span class='ocrx_word' id='word_1_420' title='bbox 1734 5336 1883 5391; x_wconf 90' lang='lat' dir='ltr'><strong>stulti</strong></span> 
     </span>
    </p>
   </div>
   <div class='ocr_carea' id='block_1_56' title="bbox 278 5419 1888 5495">
    <p class='ocr_par' dir='ltr' id='par_1_56' title="bbox 278 5419 1888 5495">
     <span class='ocr_line' id='line_1_56' title="bbox 278 5419 1888 5495; baseline 0.006 -21"><span class='ocrx_word' id='word_1_421' title='bbox 278 5419 612 5475; x_wconf 81' lang='lat' dir='ltr'><strong>evaserunt?</strong></span> <span class='ocrx_word' id='word_1_422' title='bbox 643 5419 804 5490; x_wconf 83' lang='lat' dir='ltr'><strong>Atqui</strong></span> <span class='ocrx_word' id='word_1_423' title='bbox 837 5435 944 5473; x_wconf 91' lang='lat' dir='ltr'><strong>non</strong></span> <span class='ocrx_word' id='word_1_424' title='bbox 971 5423 1109 5477; x_wconf 88' lang='lat' dir='ltr'><strong>alios</strong></span> <span class='ocrx_word' id='word_1_425' title='bbox 1143 5424 1410 5493; x_wconf 84' lang='lat' dir='ltr'><strong>homines,</strong></span> <span class='ocrx_word' id='word_1_426' title='bbox 1448 5441 1621 5495; x_wconf 90' lang='lat' dir='ltr'><strong>neque</strong></span> <span class='ocrx_word' id='word_1_427' title='bbox 1664 5444 1729 5483; x_wconf 90' lang='lat' dir='ltr'><strong>ex</strong></span> <span class='ocrx_word' id='word_1_428' title='bbox 1778 5430 1888 5484; x_wconf 90' lang='lat' dir='ltr'><strong>alio</strong></span> 
     </span>
    </p>
   </div>
   <div class='ocr_carea' id='block_1_57' title="bbox 279 5510 1887 5588">
    <p class='ocr_par' dir='ltr' id='par_1_57' title="bbox 279 5510 1887 5588">
     <span class='ocr_line' id='line_1_57' title="bbox 279 5510 1887 5588; baseline 0.008 -25"><span class='ocrx_word' id='word_1_429' title='bbox 279 5510 418 5564; x_wconf 78' lang='lat' dir='ltr'><strong>orbe</strong></span> <span class='ocrx_word' id='word_1_430' title='bbox 432 5511 765 5579; x_wconf 80' lang='lat' dir='ltr'><strong>accipientes</strong></span> <span class='ocrx_word' id='word_1_431' title='bbox 786 5513 1013 5580; x_wconf 87' lang='lat' dir='ltr'><strong>apostoli</strong></span> <span class='ocrx_word' id='word_1_432' title='bbox 1035 5514 1099 5567; x_wconf 88' lang='lat' dir='ltr'><strong>ad</strong></span> <span class='ocrx_word' id='word_1_433' title='bbox 1126 5516 1282 5570; x_wconf 85' lang='lat' dir='ltr'><strong>fidem</strong></span> <span class='ocrx_word' id='word_1_434' title='bbox 1308 5517 1665 5574; x_wconf 82' lang='lat' dir='ltr'><strong>deduxerunt.</strong></span> <span class='ocrx_word' id='word_1_435' title='bbox 1685 5520 1887 5588; x_wconf 86' lang='lat' dir='ltr'><strong>Quam-</strong></span> 
     </span>
    </p>
   </div>
   <div class='ocr_carea' id='block_1_58' title="bbox 279 5607 1884 5680">
    <p class='ocr_par' dir='ltr' id='par_1_58' title="bbox 279 5607 1884 5680">
     <span class='ocr_line' id='line_1_58' title="bbox 279 5607 1884 5680; baseline 0.008 -22"><span class='ocrx_word' id='word_1_436' title='bbox 279 5620 443 5674; x_wconf 82' lang='lat' dir='ltr'><strong>quam</strong></span> <span class='ocrx_word' id='word_1_437' title='bbox 472 5607 756 5675; x_wconf 80' lang='lat' dir='ltr'><strong>gentilium</strong></span> <span class='ocrx_word' id='word_1_438' title='bbox 786 5608 1026 5662; x_wconf 88' lang='lat' dir='ltr'><strong>instituta</strong></span> <span class='ocrx_word' id='word_1_439' title='bbox 1054 5607 1371 5678; x_wconf 88' lang='lat' dir='ltr'><strong>simpliciter</strong></span> <span class='ocrx_word' id='word_1_440' title='bbox 1398 5613 1672 5680; x_wconf 84' lang='lat' dir='ltr'><strong>tenebant,</strong></span> <span class='ocrx_word' id='word_1_441' title='bbox 1701 5627 1884 5671; x_wconf 81' lang='lat' dir='ltr'><strong>nostra</strong></span> 
     </span>
    </p>
   </div>
   <div class='ocr_carea' id='block_1_59' title="bbox 280 5697 1885 5779">
    <p class='ocr_par' dir='ltr' id='par_1_59' title="bbox 280 5697 1885 5779">
     <span class='ocr_line' id='line_1_59' title="bbox 280 5697 1885 5779; baseline 0.012 -33"><span class='ocrx_word' id='word_1_442' title='bbox 280 5710 417 5750; x_wconf 72' lang='lat' dir='ltr'><strong>vero</strong></span> <span class='ocrx_word' id='word_1_443' title='bbox 441 5709 564 5750; x_wconf 88' lang='lat' dir='ltr'><strong>cum</strong></span> <span class='ocrx_word' id='word_1_444' title='bbox 591 5697 835 5767; x_wconf 89' lang='lat' dir='ltr'><strong>periculo</strong></span> <span class='ocrx_word' id='word_1_445' title='bbox 858 5710 1211 5767; x_wconf 89' lang='lat' dir='ltr'><strong>susceperunt</strong></span> <span class='ocrx_word' id='word_1_446' title='bbox 1238 5718 1255 5756; x_wconf 87' lang='lat'>:</span> <span class='ocrx_word' id='word_1_447' title='bbox 1280 5704 1460 5776; x_wconf 82' lang='lat' dir='ltr'><strong>itaque</strong></span> <span class='ocrx_word' id='word_1_448' title='bbox 1482 5708 1527 5762; x_wconf 89' lang='lat' dir='ltr'><strong>si</strong></span> <span class='ocrx_word' id='word_1_449' title='bbox 1551 5723 1671 5763; x_wconf 90' lang='lat' dir='ltr'><strong>cum</strong></span> <span class='ocrx_word' id='word_1_450' title='bbox 1694 5710 1885 5779; x_wconf 74' lang='lat' dir='ltr'><strong>majoni</strong></span> 
     </span>
    </p>
   </div>
   <div class='ocr_carea' id='block_1_60' title="bbox 280 5786 1880 5860">
    <p class='ocr_par' dir='ltr' id='par_1_60' title="bbox 280 5786 1880 5860">
     <span class='ocr_line' id='line_1_60' title="bbox 280 5786 1880 5860; baseline 0.013 -22"><span class='ocrx_word' id='word_1_451' title='bbox 280 5787 491 5840; x_wconf 83' lang='lat' dir='ltr'><strong>ratione</strong></span> <span class='ocrx_word' id='word_1_452' title='bbox 522 5786 609 5842; x_wconf 87' lang='lat' dir='ltr'><strong>illa</strong></span> <span class='ocrx_word' id='word_1_453' title='bbox 644 5787 968 5854; x_wconf 89' lang='lat' dir='ltr'><strong>tenuissent,</strong></span> <span class='ocrx_word' id='word_1_454' title='bbox 988 5805 1111 5846; x_wconf 89' lang='lat' dir='ltr'><strong>cum</strong></span> <span class='ocrx_word' id='word_1_455' title='bbox 1143 5800 1292 5849; x_wconf 83' lang='lat' dir='ltr'><strong>tanto</strong></span> <span class='ocrx_word' id='word_1_456' title='bbox 1323 5806 1565 5860; x_wconf 80' lang='lat' dir='ltr'><strong>tempore.</strong></span> <span class='ocrx_word' id='word_1_457' title='bbox 1588 5801 1639 5855; x_wconf 89' lang='lat' dir='ltr'><strong>in</strong></span> <span class='ocrx_word' id='word_1_458' title='bbox 1662 5801 1767 5857; x_wconf 82' lang='lat' dir='ltr'><strong>illis</strong></span> <span class='ocrx_word' id='word_1_459' title='bbox 1798 5802 1880 5857; x_wconf 81' lang='lat' dir='ltr'><strong>vi-</strong></span> 
     </span>
    </p>
   </div>
   <div class='ocr_carea' id='block_1_61' title="bbox 1999 478 3585 548">
    <p class='ocr_par' dir='ltr' id='par_1_61' title="bbox 1999 478 3585 548">
     <span class='ocr_line' id='line_1_61' title="bbox 1999 478 3585 548; baseline 0.008 -15"><span class='ocrx_word' id='word_1_460' title='bbox 1999 478 2223 542; x_wconf 88' lang='lat' dir='ltr'><strong>xissenl,</strong></span> <span class='ocrx_word' id='word_1_461' title='bbox 2250 496 2359 535; x_wconf 86' lang='lat' dir='ltr'><strong>non</strong></span> <span class='ocrx_word' id='word_1_462' title='bbox 2383 482 2449 534; x_wconf 88' lang='lat' dir='ltr'><strong>ah</strong></span> <span class='ocrx_word' id='word_1_463' title='bbox 2473 482 2576 537; x_wconf 91' lang='lat' dir='ltr'><strong>illis</strong></span> <span class='ocrx_word' id='word_1_464' title='bbox 2593 481 3005 548; x_wconf 84' lang='lat' dir='ltr'><strong>abscessissent,</strong></span> <span class='ocrx_word' id='word_1_465' title='bbox 3037 499 3161 539; x_wconf 89' lang='lat' dir='ltr'><strong>cum</strong></span> <span class='ocrx_word' id='word_1_466' title='bbox 3200 488 3435 539; x_wconf 84' lang='lat' dir='ltr'><strong>maxime</strong></span> <span class='ocrx_word' id='word_1_467' title='bbox 3480 506 3585 545; x_wconf 88' lang='lat' dir='ltr'><strong>non</strong></span> 
     </span>
    </p>
   </div>
   <div class='ocr_carea' id='block_1_62' title="bbox 1995 573 3585 647">
    <p class='ocr_par' dir='ltr' id='par_1_62' title="bbox 1995 573 3585 647">
     <span class='ocr_line' id='line_1_62' title="bbox 1995 573 3585 647; baseline 0.008 -24"><span class='ocrx_word' id='word_1_468' title='bbox 1995 574 2195 639; x_wconf 51' lang='lat' dir='ltr'><strong>absque</strong></span> <span class='ocrx_word' id='word_1_469' title='bbox 2220 573 2457 642; x_wconf 84' lang='lat' dir='ltr'><strong>perit-nlo</strong></span> <span class='ocrx_word' id='word_1_470' title='bbox 2491 576 2785 629; x_wconf 86' lang='lat' dir='ltr'><strong>abscedere</strong></span> <span class='ocrx_word' id='word_1_471' title='bbox 2812 585 3052 643; x_wconf 86' lang='lat' dir='ltr'><strong>possent.</strong></span> <span class='ocrx_word' id='word_1_472' title='bbox 3086 576 3377 647; x_wconf 85' lang='lat' dir='ltr'><strong>Postquam</strong></span> <span class='ocrx_word' id='word_1_473' title='bbox 3406 596 3585 635; x_wconf 78' lang='lat' dir='ltr'><strong>au&#39;em</strong></span> 
     </span>
    </p>
   </div>
   <div class='ocr_carea' id='block_1_63' title="bbox 1994 665 3592 736">
    <p class='ocr_par' dir='ltr' id='par_1_63' title="bbox 1994 665 3592 736">
     <span class='ocr_line' id='line_1_63' title="bbox 1994 665 3592 736; baseline 0.005 -16"><span class='ocrx_word' id='word_1_474' title='bbox 1994 681 2059 721; x_wconf 91' lang='lat' dir='ltr'><strong>ex</strong></span> <span class='ocrx_word' id='word_1_475' title='bbox 2093 665 2204 733; x_wconf 88' lang='lat' dir='ltr'><strong>ipsa</strong></span> <span class='ocrx_word' id='word_1_476' title='bbox 2232 681 2411 719; x_wconf 91' lang='lat' dir='ltr'><strong>rerum</strong></span> <span class='ocrx_word' id='word_1_477' title='bbox 2449 676 2639 719; x_wconf 85' lang='lat' dir='ltr'><strong>natura</strong></span> <span class='ocrx_word' id='word_1_478' title='bbox 2667 677 3056 736; x_wconf 84' lang='lat' dir='ltr'><strong>cognoverunt,</strong></span> <span class='ocrx_word' id='word_1_479' title='bbox 3084 670 3310 726; x_wconf 89' lang='lat' dir='ltr'><strong>ridicula</strong></span> <span class='ocrx_word' id='word_1_480' title='bbox 3352 673 3437 726; x_wconf 89' lang='lat' dir='ltr'><strong>illa</strong></span> <span class='ocrx_word' id='word_1_481' title='bbox 3466 689 3592 728; x_wconf 79' lang='lat' dir='ltr'><strong>esse</strong></span> 
     </span>
    </p>
   </div>
   <div class='ocr_carea' id='block_1_64' title="bbox 1993 755 3594 822">
    <p class='ocr_par' dir='ltr' id='par_1_64' title="bbox 1993 755 3594 822">
     <span class='ocr_line' id='line_1_64' title="bbox 1993 755 3594 822; baseline 0.007 -15"><span class='ocrx_word' id='word_1_482' title='bbox 1993 766 2049 808; x_wconf 91' lang='lat' dir='ltr'><strong>et</strong></span> <span class='ocrx_word' id='word_1_483' title='bbox 2076 770 2262 809; x_wconf 88' lang='lat' dir='ltr'><strong>errore</strong></span> <span class='ocrx_word' id='word_1_484' title='bbox 2292 755 2484 822; x_wconf 82' lang='lat' dir='ltr'><strong>plena;</strong></span> <span class='ocrx_word' id='word_1_485' title='bbox 2516 755 2659 822; x_wconf 87' lang='lat' dir='ltr'><strong>ideo,</strong></span> <span class='ocrx_word' id='word_1_486' title='bbox 2683 772 2805 811; x_wconf 92' lang='lat' dir='ltr'><strong>eum</strong></span> <span class='ocrx_word' id='word_1_487' title='bbox 2832 757 2997 813; x_wconf 91' lang='lat' dir='ltr'><strong>etiam</strong></span> <span class='ocrx_word' id='word_1_488' title='bbox 3027 758 3216 815; x_wconf 86' lang='lat' dir='ltr'><strong>lnortis</strong></span> <span class='ocrx_word' id='word_1_489' title='bbox 3237 762 3396 817; x_wconf 73' lang='lat' dir='ltr'><strong>mina:</strong></span> <span class='ocrx_word' id='word_1_490' title='bbox 3423 763 3594 819; x_wconf 82' lang='lat' dir='ltr'><strong>inten-</strong></span> 
     </span>
    </p>
   </div>
   <div class='ocr_carea' id='block_1_65' title="bbox 1997 848 3593 926">
    <p class='ocr_par' dir='ltr' id='par_1_65' title="bbox 1997 848 3593 926">
     <span class='ocr_line' id='line_1_65' title="bbox 1997 848 3593 926; baseline 0.008 -29"><span class='ocrx_word' id='word_1_491' title='bbox 1997 853 2257 912; x_wconf 83' lang='lat' dir='ltr'><strong>tarentur,</strong></span> <span class='ocrx_word' id='word_1_492' title='bbox 2287 859 2318 898; x_wconf 89' lang='lat' dir='ltr'><strong>a</strong></span> <span class='ocrx_word' id='word_1_493' title='bbox 2345 848 2617 901; x_wconf 83' lang='lat' dir='ltr'><strong>consuetis</strong></span> <span class='ocrx_word' id='word_1_494' title='bbox 2640 848 2967 915; x_wconf 89' lang='lat' dir='ltr'><strong>resilierunt,</strong></span> <span class='ocrx_word' id='word_1_495' title='bbox 2995 858 3049 904; x_wconf 90' lang='lat' dir='ltr'><strong>et</strong></span> <span class='ocrx_word' id='word_1_496' title='bbox 3077 849 3145 905; x_wconf 89' lang='lat' dir='ltr'><strong>ad</strong></span> <span class='ocrx_word' id='word_1_497' title='bbox 3172 866 3308 907; x_wconf 88' lang='lat' dir='ltr'><strong>nova</strong></span> <span class='ocrx_word' id='word_1_498' title='bbox 3334 855 3593 926; x_wconf 77' lang='lat' dir='ltr'><strong>confuge-</strong></span> 
     </span>
    </p>
   </div>
   <div class='ocr_carea' id='block_1_66' title="bbox 1994 938 3585 1011">
    <p class='ocr_par' dir='ltr' id='par_1_66' title="bbox 1994 938 3585 1011">
     <span class='ocr_line' id='line_1_66' title="bbox 1994 938 3585 1011; baseline 0.008 -21"><span class='ocrx_word' id='word_1_499' title='bbox 1994 946 2139 1002; x_wconf 90' lang='lat' dir='ltr'><strong>runt,</strong></span> <span class='ocrx_word' id='word_1_500' title='bbox 2181 947 2365 1006; x_wconf 91' lang='lat' dir='ltr'><strong>utpote</strong></span> <span class='ocrx_word' id='word_1_501' title='bbox 2412 952 2533 993; x_wconf 91' lang='lat' dir='ltr'><strong>cum</strong></span> <span class='ocrx_word' id='word_1_502' title='bbox 2588 938 2689 993; x_wconf 91' lang='lat' dir='ltr'><strong>hoc</strong></span> <span class='ocrx_word' id='word_1_503' title='bbox 2743 939 2937 1011; x_wconf 78' lang='lat' dir='ltr'><strong>dogma</strong></span> <span class='ocrx_word' id='word_1_504' title='bbox 2993 943 3284 997; x_wconf 88' lang='lat' dir='ltr'><strong>secundum</strong></span> <span class='ocrx_word' id='word_1_505' title='bbox 3339 949 3585 1002; x_wconf 86' lang='lat' dir='ltr'><strong>naturam</strong></span> 
     </span>
    </p>
   </div>
   <div class='ocr_carea' id='block_1_67' title="bbox 1992 1027 3586 1104">
    <p class='ocr_par' dir='ltr' id='par_1_67' title="bbox 1992 1027 3586 1104">
     <span class='ocr_line' id='line_1_67' title="bbox 1992 1027 3586 1104; baseline 0.007 -22"><span class='ocrx_word' id='word_1_506' title='bbox 1992 1036 2156 1091; x_wconf 83' lang='lat' dir='ltr'><strong>esset,</strong></span> <span class='ocrx_word' id='word_1_507' title='bbox 2188 1027 2319 1082; x_wconf 91' lang='lat' dir='ltr'><strong>illud</strong></span> <span class='ocrx_word' id='word_1_508' title='bbox 2362 1045 2489 1083; x_wconf 86' lang='lat' dir='ltr'><strong>vero</strong></span> <span class='ocrx_word' id='word_1_509' title='bbox 2534 1040 2730 1099; x_wconf 64' lang='lat' dir='ltr'><strong>praeter</strong></span> <span class='ocrx_word' id='word_1_510' title='bbox 2756 1041 3021 1087; x_wconf 88' lang='lat' dir='ltr'><strong>naturam.</strong></span> <span class='ocrx_word' id='word_1_511' title='bbox 3059 1034 3129 1088; x_wconf 82' lang='lat' dir='ltr'><strong>At</strong></span> <span class='ocrx_word' id='word_1_512' title='bbox 3156 1036 3246 1104; x_wconf 93' lang='lat' dir='ltr'><strong>qui</strong></span> <span class='ocrx_word' id='word_1_513' title='bbox 3273 1037 3586 1104; x_wconf 80' lang='lat' dir='ltr'><strong>credebant,</strong></span> 
     </span>
    </p>
   </div>
   <div class='ocr_carea' id='block_1_68' title="bbox 1993 1117 3588 1191">
    <p class='ocr_par' dir='ltr' id='par_1_68' title="bbox 1993 1117 3588 1191">
     <span class='ocr_line' id='line_1_68' title="bbox 1993 1117 3588 1191; baseline 0.009 -22"><span class='ocrx_word' id='word_1_514' title='bbox 1993 1117 2219 1187; x_wconf 89' lang='lat' dir='ltr'><strong>inquies,</strong></span> <span class='ocrx_word' id='word_1_515' title='bbox 2239 1128 2394 1173; x_wconf 90' lang='lat' dir='ltr'><strong>erant</strong></span> <span class='ocrx_word' id='word_1_516' title='bbox 2429 1119 2634 1186; x_wconf 92' lang='lat' dir='ltr'><strong>famuli,</strong></span> <span class='ocrx_word' id='word_1_517' title='bbox 2664 1122 2938 1189; x_wconf 90' lang='lat' dir='ltr'><strong>mulieres,</strong></span> <span class='ocrx_word' id='word_1_518' title='bbox 2969 1126 3229 1191; x_wconf 91' lang='lat' dir='ltr'><strong>nutrices,</strong></span> <span class='ocrx_word' id='word_1_519' title='bbox 3267 1126 3588 1184; x_wconf 81' lang='lat' dir='ltr'><strong>obstetrices</strong></span> 
     </span>
    </p>
   </div>
   <div class='ocr_carea' id='block_1_69' title="bbox 1992 1210 3592 1275">
    <p class='ocr_par' dir='ltr' id='par_1_69' title="bbox 1992 1210 3592 1275">
     <span class='ocr_line' id='line_1_69' title="bbox 1992 1210 3592 1275; baseline 0.008 -11"><span class='ocrx_word' id='word_1_520' title='bbox 1992 1218 2044 1264; x_wconf 90' lang='lat' dir='ltr'><strong>et</strong></span> <span class='ocrx_word' id='word_1_521' title='bbox 2068 1210 2321 1265; x_wconf 89' lang='lat' dir='ltr'><strong>eunuchi.</strong></span> <span class='ocrx_word' id='word_1_522' title='bbox 2353 1214 2420 1266; x_wconf 83' lang='lat' dir='ltr'><strong>At</strong></span> <span class='ocrx_word' id='word_1_523' title='bbox 2448 1227 2554 1265; x_wconf 92' lang='lat' dir='ltr'><strong>non</strong></span> <span class='ocrx_word' id='word_1_524' title='bbox 2578 1228 2641 1267; x_wconf 91' lang='lat' dir='ltr'><strong>ex</strong></span> <span class='ocrx_word' id='word_1_525' title='bbox 2682 1213 2766 1267; x_wconf 91' lang='lat' dir='ltr'><strong>his</strong></span> <span class='ocrx_word' id='word_1_526' title='bbox 2793 1215 2967 1268; x_wconf 89' lang='lat' dir='ltr'><strong>solum</strong></span> <span class='ocrx_word' id='word_1_527' title='bbox 2996 1216 3151 1271; x_wconf 89' lang='lat' dir='ltr'><strong>nobis</strong></span> <span class='ocrx_word' id='word_1_528' title='bbox 3185 1218 3478 1274; x_wconf 83' lang='lat' dir='ltr'><strong>constituta</strong></span> <span class='ocrx_word' id='word_1_529' title='bbox 3506 1228 3592 1275; x_wconf 87' lang='lat' dir='ltr'><strong>est</strong></span> 
     </span>
    </p>
   </div>
   <div class='ocr_carea' id='block_1_70' title="bbox 1990 1299 3589 1372">
    <p class='ocr_par' dir='ltr' id='par_1_70' title="bbox 1990 1299 3589 1372">
     <span class='ocr_line' id='line_1_70' title="bbox 1990 1299 3589 1372; baseline 0.008 -18"><span class='ocrx_word' id='word_1_530' title='bbox 1990 1299 2253 1365; x_wconf 85' lang='lat' dir='ltr'><strong>Ecclesia,</strong></span> <span class='ocrx_word' id='word_1_531' title='bbox 2299 1302 2441 1370; x_wconf 89' lang='lat' dir='ltr'><strong>quod</strong></span> <span class='ocrx_word' id='word_1_532' title='bbox 2475 1303 2657 1372; x_wconf 89' lang='lat' dir='ltr'><strong>utique</strong></span> <span class='ocrx_word' id='word_1_533' title='bbox 2705 1314 2789 1359; x_wconf 90' lang='lat' dir='ltr'><strong>est</strong></span> <span class='ocrx_word' id='word_1_534' title='bbox 2826 1306 3075 1360; x_wconf 90' lang='lat' dir='ltr'><strong>omnibus</strong></span> <span class='ocrx_word' id='word_1_535' title='bbox 3119 1308 3460 1364; x_wconf 91' lang='lat' dir='ltr'><strong>manifestum</strong></span> <span class='ocrx_word' id='word_1_536' title='bbox 3494 1327 3509 1364; x_wconf 89' lang='lat'><strong>:</strong></span> <span class='ocrx_word' id='word_1_537' title='bbox 3541 1311 3589 1366; x_wconf 86' lang='lat' dir='ltr'><strong>si</strong></span> 
     </span>
    </p>
   </div>
   <div class='ocr_carea' id='block_1_71' title="bbox 1990 1390 3587 1463">
    <p class='ocr_par' dir='ltr' id='par_1_71' title="bbox 1990 1390 3587 1463">
     <span class='ocr_line' id='line_1_71' title="bbox 1990 1390 3587 1463; baseline 0.008 -22"><span class='ocrx_word' id='word_1_538' title='bbox 1990 1398 2171 1443; x_wconf 87' lang='lat' dir='ltr'><strong>autem</strong></span> <span class='ocrx_word' id='word_1_539' title='bbox 2216 1390 2284 1443; x_wconf 92' lang='lat' dir='ltr'><strong>ab</strong></span> <span class='ocrx_word' id='word_1_540' title='bbox 2328 1390 2432 1453; x_wconf 89' lang='lat' dir='ltr'><strong>his,</strong></span> <span class='ocrx_word' id='word_1_541' title='bbox 2467 1391 2568 1446; x_wconf 89' lang='lat' dir='ltr'><strong>hoc</strong></span> <span class='ocrx_word' id='word_1_542' title='bbox 2628 1394 2861 1447; x_wconf 90' lang='lat' dir='ltr'><strong>maxime</strong></span> <span class='ocrx_word' id='word_1_543' title='bbox 2918 1394 3357 1463; x_wconf 61' lang='lat' dir='ltr'><strong>praadicationent</strong></span> <span class='ocrx_word' id='word_1_544' title='bbox 3408 1398 3587 1452; x_wconf 80' lang='lat' dir='ltr'><strong>admi-</strong></span> 
     </span>
    </p>
   </div>
   <div class='ocr_carea' id='block_1_72' title="bbox 1990 1480 3590 1557">
    <p class='ocr_par' dir='ltr' id='par_1_72' title="bbox 1990 1480 3590 1557">
     <span class='ocr_line' id='line_1_72' title="bbox 1990 1480 3590 1557; baseline 0.008 -23"><span class='ocrx_word' id='word_1_545' title='bbox 1990 1480 2217 1535; x_wconf 88' lang='lat' dir='ltr'><strong>rabilem</strong></span> <span class='ocrx_word' id='word_1_546' title='bbox 2263 1480 2478 1549; x_wconf 86' lang='lat' dir='ltr'><strong>reddit,</strong></span> <span class='ocrx_word' id='word_1_547' title='bbox 2518 1482 2661 1552; x_wconf 89' lang='lat' dir='ltr'><strong>quod</strong></span> <span class='ocrx_word' id='word_1_548' title='bbox 2712 1484 2839 1538; x_wconf 87' lang='lat' dir='ltr'><strong>talia</strong></span> <span class='ocrx_word' id='word_1_549' title='bbox 2907 1484 3157 1555; x_wconf 84' lang='lat' dir='ltr'><strong>dogmata</strong></span> <span class='ocrx_word' id='word_1_550' title='bbox 3186 1528 3201 1552; x_wconf 98' lang='lat'><strong>,</strong></span> <span class='ocrx_word' id='word_1_551' title='bbox 3251 1503 3371 1557; x_wconf 73' lang='lat' dir='ltr'><strong>qua:</strong></span> <span class='ocrx_word' id='word_1_552' title='bbox 3434 1490 3590 1546; x_wconf 83' lang='lat' dir='ltr'><strong>Plato</strong></span> 
     </span>
    </p>
   </div>
   <div class='ocr_carea' id='block_1_73' title="bbox 1994 1576 3584 1651">
    <p class='ocr_par' dir='ltr' id='par_1_73' title="bbox 1994 1576 3584 1651">
     <span class='ocr_line' id='line_1_73' title="bbox 1994 1576 3584 1651; baseline 0.006 -22"><span class='ocrx_word' id='word_1_553' title='bbox 1994 1584 2050 1629; x_wconf 86' lang='lat' dir='ltr'><strong>et</strong></span> <span class='ocrx_word' id='word_1_554' title='bbox 2100 1576 2185 1631; x_wconf 87' lang='lat' dir='ltr'><strong>sui</strong></span> <span class='ocrx_word' id='word_1_555' title='bbox 2245 1576 2502 1646; x_wconf 90' lang='lat' dir='ltr'><strong>temporis</strong></span> <span class='ocrx_word' id='word_1_556' title='bbox 2560 1578 2651 1631; x_wconf 92' lang='lat' dir='ltr'><strong>alii</strong></span> <span class='ocrx_word' id='word_1_557' title='bbox 2719 1580 3027 1649; x_wconf 83' lang='lat' dir='ltr'><strong>excogitare</strong></span> <span class='ocrx_word' id='word_1_558' title='bbox 3090 1596 3196 1635; x_wconf 93' lang='lat' dir='ltr'><strong>non</strong></span> <span class='ocrx_word' id='word_1_559' title='bbox 3255 1590 3584 1651; x_wconf 89' lang='lat' dir='ltr'><strong>potuerunt,</strong></span> 
     </span>
    </p>
   </div>
   <div class='ocr_carea' id='block_1_74' title="bbox 1991 1669 3588 1739">
    <p class='ocr_par' dir='ltr' id='par_1_74' title="bbox 1991 1669 3588 1739">
     <span class='ocr_line' id='line_1_74' title="bbox 1991 1669 3588 1739; baseline 0.007 -17"><span class='ocrx_word' id='word_1_560' title='bbox 1991 1669 2490 1736; x_wconf 86' lang='lat' dir='ltr'><strong>statimpotuerint</strong></span> <span class='ocrx_word' id='word_1_561' title='bbox 2531 1671 2844 1739; x_wconf 85' lang='lat' dir='ltr'><strong>piscatores,</strong></span> <span class='ocrx_word' id='word_1_562' title='bbox 2893 1675 3129 1728; x_wconf 90' lang='lat' dir='ltr'><strong>omnium</strong></span> <span class='ocrx_word' id='word_1_563' title='bbox 3161 1674 3588 1735; x_wconf 90' lang='lat' dir='ltr'><strong>indoctissimum</strong></span> 
     </span>
    </p>
   </div>
   <div class='ocr_carea' id='block_1_75' title="bbox 1989 1760 3588 1840">
    <p class='ocr_par' dir='ltr' id='par_1_75' title="bbox 1989 1760 3588 1840">
     <span class='ocr_line' id='line_1_75' title="bbox 1989 1760 3588 1840; baseline 0.008 -27"><span class='ocrx_word' id='word_1_564' title='bbox 1989 1774 2179 1829; x_wconf 87' lang='lat' dir='ltr'><strong>genus,</strong></span> <span class='ocrx_word' id='word_1_565' title='bbox 2203 1760 2268 1814; x_wconf 88' lang='lat' dir='ltr'><strong>ad</strong></span> <span class='ocrx_word' id='word_1_566' title='bbox 2299 1761 2663 1828; x_wconf 90' lang='lat' dir='ltr'><strong>recipiendum</strong></span> <span class='ocrx_word' id='word_1_567' title='bbox 2692 1764 2965 1819; x_wconf 92' lang='lat' dir='ltr'><strong>inducere.</strong></span> <span class='ocrx_word' id='word_1_568' title='bbox 2998 1766 3181 1837; x_wconf 89' lang='lat' dir='ltr'><strong>Neque</strong></span> <span class='ocrx_word' id='word_1_569' title='bbox 3201 1769 3364 1834; x_wconf 88' lang='lat' dir='ltr'><strong>enim,</strong></span> <span class='ocrx_word' id='word_1_570' title='bbox 3388 1770 3433 1824; x_wconf 90' lang='lat' dir='ltr'><strong>si</strong></span> <span class='ocrx_word' id='word_1_571' title='bbox 3456 1786 3588 1840; x_wconf 87' lang='lat' dir='ltr'><strong>pru-</strong></span> 
     </span>
    </p>
   </div>
   <div class='ocr_carea' id='block_1_76' title="bbox 1990 1850 3589 1921">
    <p class='ocr_par' dir='ltr' id='par_1_76' title="bbox 1990 1850 3589 1921">
     <span class='ocr_line' id='line_1_76' title="bbox 1990 1850 3589 1921; baseline 0.008 -17"><span class='ocrx_word' id='word_1_572' title='bbox 1990 1850 2241 1905; x_wconf 90' lang='lat' dir='ltr'><strong>dentibus</strong></span> <span class='ocrx_word' id='word_1_573' title='bbox 2271 1851 2445 1905; x_wconf 91' lang='lat' dir='ltr'><strong>solum</strong></span> <span class='ocrx_word' id='word_1_574' title='bbox 2493 1853 2908 1921; x_wconf 73' lang='lat' dir='ltr'><strong>persuasissent,</strong></span> <span class='ocrx_word' id='word_1_575' title='bbox 2955 1856 3091 1910; x_wconf 89' lang='lat' dir='ltr'><strong>adeo</strong></span> <span class='ocrx_word' id='word_1_576' title='bbox 3133 1858 3448 1914; x_wconf 84' lang='lat' dir='ltr'><strong>admiranda</strong></span> <span class='ocrx_word' id='word_1_577' title='bbox 3498 1877 3589 1916; x_wconf 86' lang='lat' dir='ltr'><strong>res</strong></span> 
     </span>
    </p>
   </div>
   <div class='ocr_carea' id='block_1_77' title="bbox 1992 1942 3585 2011">
    <p class='ocr_par' dir='ltr' id='par_1_77' title="bbox 1992 1942 3585 2011">
     <span class='ocr_line' id='line_1_77' title="bbox 1992 1942 3585 2011; baseline 0.008 -17"><span class='ocrx_word' id='word_1_578' title='bbox 1992 1942 2179 1995; x_wconf 88' lang='lat' dir='ltr'><strong>fuisset</strong></span> <span class='ocrx_word' id='word_1_579' title='bbox 2207 1959 2221 1995; x_wconf 90' lang='lat'><strong>:</strong></span> <span class='ocrx_word' id='word_1_580' title='bbox 2251 1958 2371 1995; x_wconf 89' lang='lat' dir='ltr'><strong>cum</strong></span> <span class='ocrx_word' id='word_1_581' title='bbox 2400 1957 2531 1996; x_wconf 90' lang='lat' dir='ltr'><strong>vero</strong></span> <span class='ocrx_word' id='word_1_582' title='bbox 2570 1942 2817 2011; x_wconf 88' lang='lat' dir='ltr'><strong>famulos,</strong></span> <span class='ocrx_word' id='word_1_583' title='bbox 2852 1948 3089 2002; x_wconf 85' lang='lat' dir='ltr'><strong>nutrices</strong></span> <span class='ocrx_word' id='word_1_584' title='bbox 3120 1958 3173 2002; x_wconf 92' lang='lat' dir='ltr'><strong>et</strong></span> <span class='ocrx_word' id='word_1_585' title='bbox 3202 1951 3480 2005; x_wconf 87' lang='lat' dir='ltr'><strong>eunuchos</strong></span> <span class='ocrx_word' id='word_1_586' title='bbox 3516 1952 3585 2007; x_wconf 89' lang='lat' dir='ltr'><strong>ad</strong></span> 
     </span>
    </p>
   </div>
   <div class='ocr_carea' id='block_1_78' title="bbox 1993 2032 3586 2113">
    <p class='ocr_par' dir='ltr' id='par_1_78' title="bbox 1993 2032 3586 2113">
     <span class='ocr_line' id='line_1_78' title="bbox 1993 2032 3586 2113; baseline 0.007 -28"><span class='ocrx_word' id='word_1_587' title='bbox 1993 2042 2194 2086; x_wconf 82' lang='lat' dir='ltr'><strong>tantum</strong></span> <span class='ocrx_word' id='word_1_588' title='bbox 2223 2032 2544 2104; x_wconf 82' lang='lat' dir='ltr'><strong>deduxerint</strong></span> <span class='ocrx_word' id='word_1_589' title='bbox 2571 2035 2989 2105; x_wconf 88' lang='lat' dir='ltr'><strong>philosophiam,</strong></span> <span class='ocrx_word' id='word_1_590' title='bbox 3024 2049 3080 2092; x_wconf 92' lang='lat' dir='ltr'><strong>ut</strong></span> <span class='ocrx_word' id='word_1_591' title='bbox 3111 2040 3230 2094; x_wconf 91' lang='lat' dir='ltr'><strong>illos</strong></span> <span class='ocrx_word' id='word_1_592' title='bbox 3254 2042 3458 2108; x_wconf 82' lang='lat' dir='ltr'><strong>angelis</strong></span> <span class='ocrx_word' id='word_1_593' title='bbox 3487 2058 3586 2113; x_wconf 82' lang='lat' dir='ltr'><strong>pa-</strong></span> 
     </span>
    </p>
   </div>
   <div class='ocr_carea' id='block_1_79' title="bbox 1994 2124 3591 2203">
    <p class='ocr_par' dir='ltr' id='par_1_79' title="bbox 1994 2124 3591 2203">
     <span class='ocr_line' id='line_1_79' title="bbox 1994 2124 3591 2203; baseline 0.008 -26"><span class='ocrx_word' id='word_1_594' title='bbox 1994 2140 2081 2179; x_wconf 89' lang='lat' dir='ltr'><strong>res</strong></span> <span class='ocrx_word' id='word_1_595' title='bbox 2110 2124 2357 2192; x_wconf 89' lang='lat' dir='ltr'><strong>fecerint,</strong></span> <span class='ocrx_word' id='word_1_596' title='bbox 2392 2143 2638 2197; x_wconf 82' lang='lat' dir='ltr'><strong>magnam</strong></span> <span class='ocrx_word' id='word_1_597' title='bbox 2670 2130 2951 2198; x_wconf 59' lang='lat' dir='ltr'><strong>praebuere</strong></span> <span class='ocrx_word' id='word_1_598' title='bbox 2983 2131 3177 2187; x_wconf 73' lang='lat' dir='ltr'><strong>divina:</strong></span> <span class='ocrx_word' id='word_1_599' title='bbox 3221 2134 3591 2203; x_wconf 84' lang='lat' dir='ltr'><strong>inspirationis</strong></span> 
     </span>
    </p>
   </div>
   <div class='ocr_carea' id='block_1_80' title="bbox 1991 2215 3592 2296">
    <p class='ocr_par' dir='ltr' id='par_1_80' title="bbox 1991 2215 3592 2296">
     <span class='ocr_line' id='line_1_80' title="bbox 1991 2215 3592 2296; baseline 0.007 -25"><span class='ocrx_word' id='word_1_600' title='bbox 1991 2215 2535 2273; x_wconf 89' lang='lat' dir='ltr'><strong>demonstrationem.</strong></span> <span class='ocrx_word' id='word_1_601' title='bbox 2578 2220 2713 2273; x_wconf 85' lang='lat' dir='ltr'><strong>Nam</strong></span> <span class='ocrx_word' id='word_1_602' title='bbox 2755 2223 2800 2275; x_wconf 91' lang='lat' dir='ltr'><strong>si</strong></span> <span class='ocrx_word' id='word_1_603' title='bbox 2854 2222 2977 2275; x_wconf 86' lang='lat' dir='ltr'><strong>vilia</strong></span> <span class='ocrx_word' id='word_1_604' title='bbox 3026 2225 3273 2293; x_wconf 65' lang='lat' dir='ltr'><strong>quaedam</strong></span> <span class='ocrx_word' id='word_1_605' title='bbox 3313 2228 3592 2296; x_wconf 66' lang='lat' dir='ltr'><strong>praecepis-</strong></span> 
     </span>
    </p>
   </div>
   <div class='ocr_carea' id='block_1_81' title="bbox 1992 2308 3593 2389">
    <p class='ocr_par' dir='ltr' id='par_1_81' title="bbox 1992 2308 3593 2389">
     <span class='ocr_line' id='line_1_81' title="bbox 1992 2308 3593 2389; baseline 0.009 -30"><span class='ocrx_word' id='word_1_606' title='bbox 1992 2315 2134 2373; x_wconf 87' lang='lat' dir='ltr'><strong>sent,</strong></span> <span class='ocrx_word' id='word_1_607' title='bbox 2168 2317 2313 2362; x_wconf 86' lang='lat' dir='ltr'><strong>esset</strong></span> <span class='ocrx_word' id='word_1_608' title='bbox 2358 2308 2497 2364; x_wconf 91' lang='lat' dir='ltr'><strong>forte</strong></span> <span class='ocrx_word' id='word_1_609' title='bbox 2540 2312 2734 2365; x_wconf 90' lang='lat' dir='ltr'><strong>rationi</strong></span> <span class='ocrx_word' id='word_1_610' title='bbox 2782 2322 3205 2369; x_wconf 86' lang='lat' dir='ltr'><strong>consentaneum</strong></span> <span class='ocrx_word' id='word_1_611' title='bbox 3245 2331 3430 2371; x_wconf 89' lang='lat' dir='ltr'><strong>eorum</strong></span> <span class='ocrx_word' id='word_1_612' title='bbox 3477 2334 3593 2389; x_wconf 85' lang='lat' dir='ltr'><strong>per-</strong></span> 
     </span>
    </p>
   </div>
   <div class='ocr_carea' id='block_1_82' title="bbox 1992 2400 3589 2465">
    <p class='ocr_par' dir='ltr' id='par_1_82' title="bbox 1992 2400 3589 2465">
     <span class='ocr_line' id='line_1_82' title="bbox 1992 2400 3589 2465; baseline 0.009 -14"><span class='ocrx_word' id='word_1_613' title='bbox 1992 2400 2299 2453; x_wconf 88' lang='lat' dir='ltr'><strong>suasionem</strong></span> <span class='ocrx_word' id='word_1_614' title='bbox 2356 2400 2420 2453; x_wconf 90' lang='lat' dir='ltr'><strong>ad</strong></span> <span class='ocrx_word' id='word_1_615' title='bbox 2481 2400 2952 2458; x_wconf 87' lang='lat' dir='ltr'><strong>demonstrandam</strong></span> <span class='ocrx_word' id='word_1_616' title='bbox 3010 2404 3274 2459; x_wconf 66' lang='lat' dir='ltr'><strong>dittorum</strong></span> <span class='ocrx_word' id='word_1_617' title='bbox 3330 2409 3589 2465; x_wconf 80' lang='lat' dir='ltr'><strong>vilitatem</strong></span> 
     </span>
    </p>
   </div>
   <div class='ocr_carea' id='block_1_83' title="bbox 1993 2489 3591 2569">
    <p class='ocr_par' dir='ltr' id='par_1_83' title="bbox 1993 2489 3591 2569">
     <span class='ocr_line' id='line_1_83' title="bbox 1993 2489 3591 2569; baseline 0.01 -29"><span class='ocrx_word' id='word_1_618' title='bbox 1993 2490 2231 2555; x_wconf 86' lang='lat' dir='ltr'><strong>proferre</strong></span> <span class='ocrx_word' id='word_1_619' title='bbox 2263 2506 2275 2539; x_wconf 91' lang='lat'><strong><em>:</em></strong></span> <span class='ocrx_word' id='word_1_620' title='bbox 2302 2489 2345 2543; x_wconf 91' lang='lat' dir='ltr'><strong>si</strong></span> <span class='ocrx_word' id='word_1_621' title='bbox 2374 2500 2551 2544; x_wconf 90' lang='lat' dir='ltr'><strong>autem</strong></span> <span class='ocrx_word' id='word_1_622' title='bbox 2594 2508 2783 2562; x_wconf 83' lang='lat' dir='ltr'><strong>magna</strong></span> <span class='ocrx_word' id='word_1_623' title='bbox 2812 2504 2865 2549; x_wconf 89' lang='lat' dir='ltr'><strong>ct</strong></span> <span class='ocrx_word' id='word_1_624' title='bbox 2906 2495 3153 2550; x_wconf 89' lang='lat' dir='ltr'><strong>sublimia</strong></span> <span class='ocrx_word' id='word_1_625' title='bbox 3199 2496 3591 2569; x_wconf 87' lang='lat' dir='ltr'><strong>humanamque</strong></span> 
     </span>
    </p>
   </div>
   <div class='ocr_carea' id='block_1_84' title="bbox 1995 2578 3594 2658">
    <p class='ocr_par' dir='ltr' id='par_1_84' title="bbox 1995 2578 3594 2658">
     <span class='ocr_line' id='line_1_84' title="bbox 1995 2578 3594 2658; baseline 0.009 -27"><span class='ocrx_word' id='word_1_626' title='bbox 1995 2589 2237 2631; x_wconf 88' lang='lat' dir='ltr'><strong>naturam</strong></span> <span class='ocrx_word' id='word_1_627' title='bbox 2267 2578 2377 2633; x_wconf 90' lang='lat' dir='ltr'><strong>fere</strong></span> <span class='ocrx_word' id='word_1_628' title='bbox 2403 2584 2732 2649; x_wconf 89' lang='lat' dir='ltr'><strong>superantia,</strong></span> <span class='ocrx_word' id='word_1_629' title='bbox 2757 2599 2877 2651; x_wconf 72' lang='lat' dir='ltr'><strong>quae</strong></span> <span class='ocrx_word' id='word_1_630' title='bbox 2905 2584 3118 2639; x_wconf 89' lang='lat' dir='ltr'><strong>sublimi</strong></span> <span class='ocrx_word' id='word_1_631' title='bbox 3147 2599 3326 2642; x_wconf 90' lang='lat' dir='ltr'><strong>mente</strong></span> <span class='ocrx_word' id='word_1_632' title='bbox 3347 2603 3483 2658; x_wconf 86' lang='lat' dir='ltr'><strong>opus</strong></span> <span class='ocrx_word' id='word_1_633' title='bbox 3506 2590 3594 2645; x_wconf 86' lang='lat' dir='ltr'><strong>ha-</strong></span> 
     </span>
    </p>
   </div>
   <div class='ocr_carea' id='block_1_85' title="bbox 1995 2672 3596 2746">
    <p class='ocr_par' dir='ltr' id='par_1_85' title="bbox 1995 2672 3596 2746">
     <span class='ocr_line' id='line_1_85' title="bbox 1995 2672 3596 2746; baseline 0.007 -19"><span class='ocrx_word' id='word_1_634' title='bbox 1995 2672 2142 2737; x_wconf 89' lang='lat' dir='ltr'><strong>bent,</strong></span> <span class='ocrx_word' id='word_1_635' title='bbox 2174 2673 2725 2742; x_wconf 85' lang='lat' dir='ltr'><strong>philosophabantur;</strong></span> <span class='ocrx_word' id='word_1_636' title='bbox 2770 2690 2877 2745; x_wconf 92' lang='lat' dir='ltr'><strong>quo</strong></span> <span class='ocrx_word' id='word_1_637' title='bbox 2905 2678 3073 2746; x_wconf 86' lang='lat' dir='ltr'><strong>magis</strong></span> <span class='ocrx_word' id='word_1_638' title='bbox 3111 2680 3300 2733; x_wconf 83' lang='lat' dir='ltr'><strong>stultus</strong></span> <span class='ocrx_word' id='word_1_639' title='bbox 3339 2683 3596 2739; x_wconf 82' lang='lat' dir='ltr'><strong>ostendes</strong></span> 
     </span>
    </p>
   </div>
   <div class='ocr_carea' id='block_1_86' title="bbox 1992 2768 3587 2840">
    <p class='ocr_par' dir='ltr' id='par_1_86' title="bbox 1992 2768 3587 2840">
     <span class='ocr_line' id='line_1_86' title="bbox 1992 2768 3587 2840; baseline 0.006 -21"><span class='ocrx_word' id='word_1_640' title='bbox 1992 2779 2087 2819; x_wconf 89' lang='lat' dir='ltr'><strong>eos</strong></span> <span class='ocrx_word' id='word_1_641' title='bbox 2114 2768 2202 2835; x_wconf 91' lang='lat' dir='ltr'><strong>qui</strong></span> <span class='ocrx_word' id='word_1_642' title='bbox 2234 2769 2472 2835; x_wconf 86' lang='lat' dir='ltr'><strong>persuasi</strong></span> <span class='ocrx_word' id='word_1_643' title='bbox 2510 2776 2653 2833; x_wconf 89' lang='lat' dir='ltr'><strong>sunt,</strong></span> <span class='ocrx_word' id='word_1_644' title='bbox 2702 2783 2768 2823; x_wconf 90' lang='lat' dir='ltr'><strong>eo</strong></span> <span class='ocrx_word' id='word_1_645' title='bbox 2812 2770 2979 2840; x_wconf 89' lang='lat' dir='ltr'><strong>magis</strong></span> <span class='ocrx_word' id='word_1_646' title='bbox 3024 2772 3293 2840; x_wconf 75' lang='lat' dir='ltr'><strong>sapientes</strong></span> <span class='ocrx_word' id='word_1_647' title='bbox 3324 2784 3376 2827; x_wconf 91' lang='lat' dir='ltr'><strong>et</strong></span> <span class='ocrx_word' id='word_1_648' title='bbox 3404 2774 3587 2828; x_wconf 87' lang='lat' dir='ltr'><strong>divina</strong></span> 
     </span>
    </p>
   </div>
   <div class='ocr_carea' id='block_1_87' title="bbox 1992 2859 3588 2932">
    <p class='ocr_par' dir='ltr' id='par_1_87' title="bbox 1992 2859 3588 2932">
     <span class='ocr_line' id='line_1_87' title="bbox 1992 2859 3588 2932; baseline 0.009 -23"><span class='ocrx_word' id='word_1_649' title='bbox 1992 2859 2162 2927; x_wconf 80' lang='lat' dir='ltr'><strong>gtatia</strong></span> <span class='ocrx_word' id='word_1_650' title='bbox 2196 2861 2429 2927; x_wconf 87' lang='lat' dir='ltr'><strong>repletos</strong></span> <span class='ocrx_word' id='word_1_651' title='bbox 2469 2861 2723 2915; x_wconf 89' lang='lat' dir='ltr'><strong>ostendes</strong></span> <span class='ocrx_word' id='word_1_652' title='bbox 2768 2877 2863 2917; x_wconf 91' lang='lat' dir='ltr'><strong>eos</strong></span> <span class='ocrx_word' id='word_1_653' title='bbox 2905 2862 2995 2932; x_wconf 87' lang='lat' dir='ltr'><strong>qui</strong></span> <span class='ocrx_word' id='word_1_654' title='bbox 3040 2876 3439 2932; x_wconf 66' lang='lat' dir='ltr'><strong>persuaserunt.</strong></span> <span class='ocrx_word' id='word_1_655' title='bbox 3482 2866 3588 2923; x_wconf 69' lang='lat' dir='ltr'><strong>Sd</strong></span> 
     </span>
    </p>
   </div>
   <div class='ocr_carea' id='block_1_88' title="bbox 1996 2949 3588 3023">
    <p class='ocr_par' dir='ltr' id='par_1_88' title="bbox 1996 2949 3588 3023">
     <span class='ocr_line' id='line_1_88' title="bbox 1996 2949 3588 3023; baseline 0.008 -21"><span class='ocrx_word' id='word_1_656' title='bbox 1996 2949 2360 3019; x_wconf 84' lang='lat' dir='ltr'><strong>magnitudine</strong></span> <span class='ocrx_word' id='word_1_657' title='bbox 2419 2951 2843 3019; x_wconf 83' lang='lat' dir='ltr'><strong>promissorum,</strong></span> <span class='ocrx_word' id='word_1_658' title='bbox 2895 2954 3124 3021; x_wconf 85' lang='lat' dir='ltr'><strong>inquies,</strong></span> <span class='ocrx_word' id='word_1_659' title='bbox 3186 2954 3588 3023; x_wconf 81' lang='lat' dir='ltr'><strong>persuaserunt.</strong></span> 
     </span>
    </p>
   </div>
   <div class='ocr_carea' id='block_1_89' title="bbox 1996 3040 3591 3113">
    <p class='ocr_par' dir='ltr' id='par_1_89' title="bbox 1996 3040 3591 3113">
     <span class='ocr_line' id='line_1_89' title="bbox 1996 3040 3591 3113; baseline 0.006 -21"><span class='ocrx_word' id='word_1_660' title='bbox 1996 3042 2077 3093; x_wconf 84' lang='lat' dir='ltr'><strong>An</strong></span> <span class='ocrx_word' id='word_1_661' title='bbox 2110 3040 2211 3093; x_wconf 92' lang='lat' dir='ltr'><strong>hoc</strong></span> <span class='ocrx_word' id='word_1_662' title='bbox 2252 3040 2424 3109; x_wconf 88' lang='lat' dir='ltr'><strong>ipsum</strong></span> <span class='ocrx_word' id='word_1_663' title='bbox 2470 3055 2576 3094; x_wconf 89' lang='lat' dir='ltr'><strong>non</strong></span> <span class='ocrx_word' id='word_1_664' title='bbox 2629 3041 2861 3105; x_wconf 89' lang='lat' dir='ltr'><strong>miraris,</strong></span> <span class='ocrx_word' id='word_1_665' title='bbox 2908 3042 3177 3111; x_wconf 86' lang='lat' dir='ltr'><strong>quomodo</strong></span> <span class='ocrx_word' id='word_1_666' title='bbox 3221 3049 3591 3113; x_wconf 77' lang='lat' dir='ltr'><strong>persuaserint</strong></span> 
     </span>
    </p>
   </div>
   <div class='ocr_carea' id='block_1_90' title="bbox 1996 3133 3588 3209">
    <p class='ocr_par' dir='ltr' id='par_1_90' title="bbox 1996 3133 3588 3209">
     <span class='ocr_line' id='line_1_90' title="bbox 1996 3133 3588 3209; baseline 0.006 -23"><span class='ocrx_word' id='word_1_667' title='bbox 1996 3133 2123 3198; x_wconf 91' lang='lat' dir='ltr'><strong>illis,</strong></span> <span class='ocrx_word' id='word_1_668' title='bbox 2154 3145 2208 3187; x_wconf 90' lang='lat' dir='ltr'><strong>ut</strong></span> <span class='ocrx_word' id='word_1_669' title='bbox 2239 3143 2359 3201; x_wconf 73' lang='grc' dir='ltr'><strong>ρυει</strong></span> <span class='ocrx_word' id='word_1_670' title='bbox 2388 3144 2615 3188; x_wconf 89' lang='lat' dir='ltr'><strong>mortem</strong></span> <span class='ocrx_word' id='word_1_671' title='bbox 2662 3135 2879 3203; x_wconf 72' lang='lat' dir='ltr'><strong>przentia</strong></span> <span class='ocrx_word' id='word_1_672' title='bbox 2907 3144 2959 3189; x_wconf 88' lang='lat' dir='ltr'><strong>et</strong></span> <span class='ocrx_word' id='word_1_673' title='bbox 2994 3136 3271 3192; x_wconf 87' lang='lat' dir='ltr'><strong>mercedes</strong></span> <span class='ocrx_word' id='word_1_674' title='bbox 3304 3150 3588 3209; x_wconf 84' lang='lat' dir='ltr'><strong>exspecta-</strong></span> 
     </span>
    </p>
   </div>
   <div class='ocr_carea' id='block_1_91' title="bbox 1996 3225 3588 3297">
    <p class='ocr_par' dir='ltr' id='par_1_91' title="bbox 1996 3225 3588 3297">
     <span class='ocr_line' id='line_1_91' title="bbox 1996 3225 3588 3297; baseline 0.004 -18"><span class='ocrx_word' id='word_1_675' title='bbox 1996 3226 2157 3279; x_wconf 87' lang='lat' dir='ltr'><strong>rent?</strong></span> <span class='ocrx_word' id='word_1_676' title='bbox 2190 3226 2298 3292; x_wconf 73' lang='grc' dir='ltr'><strong>Εεο</strong></span> <span class='ocrx_word' id='word_1_677' title='bbox 2325 3240 2453 3279; x_wconf 87' lang='lat' dir='ltr'><strong>vero</strong></span> <span class='ocrx_word' id='word_1_678' title='bbox 2480 3226 2577 3278; x_wconf 91' lang='lat' dir='ltr'><strong>hac</strong></span> <span class='ocrx_word' id='word_1_679' title='bbox 2607 3225 2719 3292; x_wconf 84' lang='lat' dir='ltr'><strong>ipsa</strong></span> <span class='ocrx_word' id='word_1_680' title='bbox 2758 3226 2826 3279; x_wconf 90' lang='lat' dir='ltr'><strong>de</strong></span> <span class='ocrx_word' id='word_1_681' title='bbox 2872 3240 2929 3280; x_wconf 90' lang='lat' dir='ltr'><strong>re</strong></span> <span class='ocrx_word' id='word_1_682' title='bbox 2968 3226 3310 3295; x_wconf 82' lang='lat' dir='ltr'><strong>obstupesco.</strong></span> <span class='ocrx_word' id='word_1_683' title='bbox 3359 3230 3428 3283; x_wconf 86' lang='lat' dir='ltr'><strong>At</strong></span> <span class='ocrx_word' id='word_1_684' title='bbox 3465 3229 3588 3297; x_wconf 89' lang='lat' dir='ltr'><strong>hoc,</strong></span> 
     </span>
    </p>
   </div>
   <div class='ocr_carea' id='block_1_92' title="bbox 1997 3316 3586 3387">
    <p class='ocr_par' dir='ltr' id='par_1_92' title="bbox 1997 3316 3586 3387">
     <span class='ocr_line' id='line_1_92' title="bbox 1997 3316 3586 3387; baseline 0.004 -18"><span class='ocrx_word' id='word_1_685' title='bbox 1997 3316 2227 3385; x_wconf 88' lang='lat' dir='ltr'><strong>inquies,</strong></span> <span class='ocrx_word' id='word_1_686' title='bbox 2266 3332 2332 3370; x_wconf 84' lang='lat' dir='ltr'><strong>ex</strong></span> <span class='ocrx_word' id='word_1_687' title='bbox 2372 3316 2637 3371; x_wconf 88' lang='lat' dir='ltr'><strong>stultitia?</strong></span> <span class='ocrx_word' id='word_1_688' title='bbox 2668 3316 2933 3383; x_wconf 84' lang='lat' dir='ltr'><strong>Quanam,</strong></span> <span class='ocrx_word' id='word_1_689' title='bbox 2974 3332 3158 3386; x_wconf 56' lang='lat' dir='ltr'><strong>quaso</strong></span> <span class='ocrx_word' id='word_1_690' title='bbox 3202 3328 3284 3381; x_wconf 90' lang='lat' dir='ltr'><strong>te,</strong></span> <span class='ocrx_word' id='word_1_691' title='bbox 3339 3321 3586 3387; x_wconf 90' lang='lat' dir='ltr'><strong>stultitia,</strong></span> 
     </span>
    </p>
   </div>
   <div class='ocr_carea' id='block_1_93' title="bbox 1994 3406 3587 3481">
    <p class='ocr_par' dir='ltr' id='par_1_93' title="bbox 1994 3406 3587 3481">
     <span class='ocr_line' id='line_1_93' title="bbox 1994 3406 3587 3481; baseline 0.004 -22"><span class='ocrx_word' id='word_1_692' title='bbox 1994 3408 2135 3477; x_wconf 89' lang='lat' dir='ltr'><strong>quod</strong></span> <span class='ocrx_word' id='word_1_693' title='bbox 2168 3408 2344 3460; x_wconf 88' lang='lat' dir='ltr'><strong>anima</strong></span> <span class='ocrx_word' id='word_1_694' title='bbox 2377 3408 2694 3460; x_wconf 91' lang='lat' dir='ltr'><strong>immortalis</strong></span> <span class='ocrx_word' id='word_1_695' title='bbox 2719 3406 2810 3469; x_wconf 90' lang='lat' dir='ltr'><strong>sit,</strong></span> <span class='ocrx_word' id='word_1_696' title='bbox 2842 3416 2895 3459; x_wconf 90' lang='lat' dir='ltr'><strong>et</strong></span> <span class='ocrx_word' id='word_1_697' title='bbox 2925 3406 3181 3474; x_wconf 90' lang='lat' dir='ltr'><strong>judicium</strong></span> <span class='ocrx_word' id='word_1_698' title='bbox 3222 3409 3587 3481; x_wconf 84' lang='lat' dir='ltr'><strong>incorruptum</strong></span> 
     </span>
    </p>
   </div>
   <div class='ocr_carea' id='block_1_94' title="bbox 1994 3496 3587 3566">
    <p class='ocr_par' dir='ltr' id='par_1_94' title="bbox 1994 3496 3587 3566">
     <span class='ocr_line' id='line_1_94' title="bbox 1994 3496 3587 3566; baseline 0.003 -16"><span class='ocrx_word' id='word_1_699' title='bbox 1994 3507 2117 3566; x_wconf 91' lang='lat' dir='ltr'><strong>post</strong></span> <span class='ocrx_word' id='word_1_700' title='bbox 2152 3496 2290 3550; x_wconf 92' lang='lat' dir='ltr'><strong>hanc</strong></span> <span class='ocrx_word' id='word_1_701' title='bbox 2337 3498 2495 3549; x_wconf 69' lang='lat' dir='ltr'><strong>vitam</strong></span> <span class='ocrx_word' id='word_1_702' title='bbox 2554 3506 3049 3566; x_wconf 78' lang='lat' dir='ltr'><strong>nosexeepturum</strong></span> <span class='ocrx_word' id='word_1_703' title='bbox 3080 3507 3185 3562; x_wconf 91' lang='lat' dir='ltr'><strong>est,</strong></span> <span class='ocrx_word' id='word_1_704' title='bbox 3243 3507 3298 3552; x_wconf 89' lang='lat' dir='ltr'><strong>et</strong></span> <span class='ocrx_word' id='word_1_705' title='bbox 3348 3502 3587 3556; x_wconf 87' lang='lat' dir='ltr'><strong>rationes</strong></span> 
     </span>
    </p>
   </div>
   <div class='ocr_carea' id='block_1_95' title="bbox 1997 3565 3586 3663">
    <p class='ocr_par' dir='ltr' id='par_1_95' title="bbox 1997 3565 3586 3663">
     <span class='ocr_line' id='line_1_95' title="bbox 1997 3565 3586 3663; baseline 0.003 -22"><span class='ocrx_word' id='word_1_706' title='bbox 1997 3588 2304 3650; x_wconf 88' lang='lat' dir='ltr'><strong>verborum,</strong></span> <span class='ocrx_word' id='word_1_707' title='bbox 2345 3604 2525 3642; x_wconf 91' lang='lat' dir='ltr'><strong>rerum</strong></span> <span class='ocrx_word' id='word_1_708' title='bbox 2572 3596 2626 3643; x_wconf 90' lang='lat' dir='ltr'><strong>et</strong></span> <span class='ocrx_word' id='word_1_709' title='bbox 2661 3565 3043 3655; x_wconf 65' lang='lat' dir='ltr'><strong>cogitationum</strong></span> <span class='ocrx_word' id='word_1_710' title='bbox 3071 3588 3319 3645; x_wconf 91' lang='lat' dir='ltr'><strong>dabimus</strong></span> <span class='ocrx_word' id='word_1_711' title='bbox 3360 3592 3470 3646; x_wconf 90' lang='lat' dir='ltr'><strong>Deo</strong></span> <span class='ocrx_word' id='word_1_712' title='bbox 3499 3595 3586 3663; x_wconf 90' lang='lat' dir='ltr'><strong>qui</strong></span> 
     </span>
    </p>
   </div>
   <div class='ocr_carea' id='block_1_96' title="bbox 1995 3677 3586 3747">
    <p class='ocr_par' dir='ltr' id='par_1_96' title="bbox 1995 3677 3586 3747">
     <span class='ocr_line' id='line_1_96' title="bbox 1995 3677 3586 3747; baseline 0.004 -16"><span class='ocrx_word' id='word_1_713' title='bbox 1995 3678 2143 3732; x_wconf 91' lang='lat' dir='ltr'><strong>novit</strong></span> <span class='ocrx_word' id='word_1_714' title='bbox 2166 3692 2385 3742; x_wconf 86' lang='lat' dir='ltr'><strong>arcana,</strong></span> <span class='ocrx_word' id='word_1_715' title='bbox 2413 3686 2467 3732; x_wconf 90' lang='lat' dir='ltr'><strong>et</strong></span> <span class='ocrx_word' id='word_1_716' title='bbox 2495 3677 2666 3732; x_wconf 90' lang='lat' dir='ltr'><strong>malos</strong></span> <span class='ocrx_word' id='word_1_717' title='bbox 2695 3677 2911 3747; x_wconf 87' lang='lat' dir='ltr'><strong>quidem</strong></span> <span class='ocrx_word' id='word_1_718' title='bbox 2940 3679 3174 3747; x_wconf 87' lang='lat' dir='ltr'><strong>punitos,</strong></span> <span class='ocrx_word' id='word_1_719' title='bbox 3200 3680 3372 3735; x_wconf 87' lang='lat' dir='ltr'><strong>bonos</strong></span> <span class='ocrx_word' id='word_1_720' title='bbox 3407 3692 3586 3737; x_wconf 88' lang='lat' dir='ltr'><strong>autent</strong></span> 
     </span>
    </p>
   </div>
   <div class='ocr_carea' id='block_1_97' title="bbox 1990 3769 3575 3847">
    <p class='ocr_par' dir='ltr' id='par_1_97' title="bbox 1990 3769 3575 3847">
     <span class='ocr_line' id='line_1_97' title="bbox 1990 3769 3575 3847; baseline 0.007 -25"><span class='ocrx_word' id='word_1_721' title='bbox 1990 3780 2279 3825; x_wconf 84' lang='lat' dir='ltr'><strong>coronatos</strong></span> <span class='ocrx_word' id='word_1_722' title='bbox 2321 3769 2657 3824; x_wconf 77' lang='lat' dir='ltr'><strong>videbimus?</strong></span> <span class='ocrx_word' id='word_1_723' title='bbox 2685 3772 2811 3827; x_wconf 67' lang='lat' dir='ltr'><strong>Haec</strong></span> <span class='ocrx_word' id='word_1_724' title='bbox 2858 3775 2999 3827; x_wconf 90' lang='lat' dir='ltr'><strong>enim</strong></span> <span class='ocrx_word' id='word_1_725' title='bbox 3047 3789 3154 3830; x_wconf 92' lang='lat' dir='ltr'><strong>non</strong></span> <span class='ocrx_word' id='word_1_726' title='bbox 3187 3777 3575 3847; x_wconf 74' lang='lat' dir='ltr'><strong>stultitiae,sed</strong></span> 
     </span>
    </p>
   </div>
   <div class='ocr_carea' id='block_1_98' title="bbox 1986 3861 2796 3930">
    <p class='ocr_par' dir='ltr' id='par_1_98' title="bbox 1986 3861 2796 3930">
     <span class='ocr_line' id='line_1_98' title="bbox 1986 3861 2796 3930; baseline 0.004 -17"><span class='ocrx_word' id='word_1_727' title='bbox 1986 3861 2236 3914; x_wconf 77' lang='lat' dir='ltr'><strong>maxima:</strong></span> <span class='ocrx_word' id='word_1_728' title='bbox 2269 3862 2623 3930; x_wconf 81' lang='lat' dir='ltr'><strong>pltil050plti:e</strong></span> <span class='ocrx_word' id='word_1_729' title='bbox 2652 3870 2796 3916; x_wconf 86' lang='lat' dir='ltr'><strong>sunt.</strong></span> 
     </span>
    </p>
   </div>
   <div class='ocr_carea' id='block_1_99' title="bbox 2059 3949 3581 4027">
    <p class='ocr_par' dir='ltr' id='par_1_99' title="bbox 2059 3949 3581 4027">
     <span class='ocr_line' id='line_1_99' title="bbox 2059 3949 3581 4027; baseline 0.006 -23"><span class='ocrx_word' id='word_1_730' title='bbox 2059 3950 2111 4004; x_wconf 86' lang='lat'><strong>9.</strong></span> <span class='ocrx_word' id='word_1_731' title='bbox 2146 3949 2255 4004; x_wconf 89' lang='lat' dir='ltr'><strong>lloc</strong></span> <span class='ocrx_word' id='word_1_732' title='bbox 2287 3950 2471 4021; x_wconf 85' lang='lat' dir='ltr'><strong>igitur,</strong></span> <span class='ocrx_word' id='word_1_733' title='bbox 2503 3952 2591 4007; x_wconf 84' lang='lat' dir='ltr'><strong>tlic</strong></span> <span class='ocrx_word' id='word_1_734' title='bbox 2636 3950 2791 4021; x_wconf 80' lang='lat' dir='ltr'><strong>mihi,</strong></span> <span class='ocrx_word' id='word_1_735' title='bbox 2823 3956 3107 4023; x_wconf 77' lang='lat' dir='ltr'><strong>przeseutia</strong></span> <span class='ocrx_word' id='word_1_736' title='bbox 3144 3972 3423 4027; x_wconf 86' lang='lat' dir='ltr'><strong>spernere,</strong></span> <span class='ocrx_word' id='word_1_737' title='bbox 3466 3973 3581 4013; x_wconf 86' lang='lat' dir='ltr'><strong>ma-</strong></span> 
     </span>
    </p>
   </div>
   <div class='ocr_carea' id='block_1_100' title="bbox 1986 4042 3579 4117">
    <p class='ocr_par' dir='ltr' id='par_1_100' title="bbox 1986 4042 3579 4117">
     <span class='ocr_line' id='line_1_100' title="bbox 1986 4042 3579 4117; baseline 0.008 -28"><span class='ocrx_word' id='word_1_738' title='bbox 1986 4053 2144 4109; x_wconf 83' lang='lat' dir='ltr'><strong>gnam</strong></span> <span class='ocrx_word' id='word_1_739' title='bbox 2192 4054 2306 4093; x_wconf 90' lang='lat' dir='ltr'><strong>rem</strong></span> <span class='ocrx_word' id='word_1_740' title='bbox 2356 4055 2477 4095; x_wconf 73' lang='lat' dir='ltr'><strong>esse</strong></span> <span class='ocrx_word' id='word_1_741' title='bbox 2530 4042 2784 4097; x_wconf 72' lang='lat' dir='ltr'><strong>virtutem</strong></span> <span class='ocrx_word' id='word_1_742' title='bbox 2834 4053 3038 4112; x_wconf 84' lang='lat' dir='ltr'><strong>putare.</strong></span> <span class='ocrx_word' id='word_1_743' title='bbox 3072 4061 3179 4100; x_wconf 88' lang='lat' dir='ltr'><strong>non</strong></span> <span class='ocrx_word' id='word_1_744' title='bbox 3228 4047 3314 4101; x_wconf 90' lang='lat' dir='ltr'><strong>hic</strong></span> <span class='ocrx_word' id='word_1_745' title='bbox 3357 4047 3579 4117; x_wconf 76' lang='lat' dir='ltr'><strong>pmmia</strong></span> 
     </span>
    </p>
   </div>
   <div class='ocr_carea' id='block_1_101' title="bbox 1985 4130 3583 4206">
    <p class='ocr_par' dir='ltr' id='par_1_101' title="bbox 1985 4130 3583 4206">
     <span class='ocr_line' id='line_1_101' title="bbox 1985 4130 3583 4206; baseline 0.006 -25"><span class='ocrx_word' id='word_1_746' title='bbox 1985 4144 2250 4200; x_wconf 67' lang='lat' dir='ltr'><strong>quaerere,</strong></span> <span class='ocrx_word' id='word_1_747' title='bbox 2277 4131 2371 4185; x_wconf 87' lang='lat' dir='ltr'><strong>sed</strong></span> <span class='ocrx_word' id='word_1_748' title='bbox 2418 4130 2647 4188; x_wconf 88' lang='lat' dir='ltr'><strong>ulterius</strong></span> <span class='ocrx_word' id='word_1_749' title='bbox 2690 4148 2786 4202; x_wconf 87' lang='lat' dir='ltr'><strong>spe</strong></span> <span class='ocrx_word' id='word_1_750' title='bbox 2835 4137 3103 4205; x_wconf 78' lang='lat' dir='ltr'><strong>progredi,</strong></span> <span class='ocrx_word' id='word_1_751' title='bbox 3132 4137 3475 4206; x_wconf 85' lang='lat' dir='ltr'><strong>animamque</strong></span> <span class='ocrx_word' id='word_1_752' title='bbox 3502 4137 3583 4191; x_wconf 86' lang='lat' dir='ltr'><strong>sic</strong></span> 
     </span>
    </p>
   </div>
   <div class='ocr_carea' id='block_1_102' title="bbox 1985 4222 3579 4289">
    <p class='ocr_par' dir='ltr' id='par_1_102' title="bbox 1985 4222 3579 4289">
     <span class='ocr_line' id='line_1_102' title="bbox 1985 4222 3579 4289; baseline 0.002 -12"><span class='ocrx_word' id='word_1_753' title='bbox 1985 4230 2325 4277; x_wconf 86' lang='lat' dir='ltr'><strong>constantem</strong></span> <span class='ocrx_word' id='word_1_754' title='bbox 2360 4231 2414 4276; x_wconf 90' lang='lat' dir='ltr'><strong>et</strong></span> <span class='ocrx_word' id='word_1_755' title='bbox 2456 4222 2511 4278; x_wconf 91' lang='lat' dir='ltr'><strong>in</strong></span> <span class='ocrx_word' id='word_1_756' title='bbox 2541 4222 2646 4279; x_wconf 88' lang='lat' dir='ltr'><strong>fide</strong></span> <span class='ocrx_word' id='word_1_757' title='bbox 2692 4224 2903 4279; x_wconf 85' lang='lat' dir='ltr'><strong>firmam</strong></span> <span class='ocrx_word' id='word_1_758' title='bbox 2952 4235 3156 4289; x_wconf 88' lang='lat' dir='ltr'><strong>tenere,</strong></span> <span class='ocrx_word' id='word_1_759' title='bbox 3187 4226 3261 4280; x_wconf 86' lang='lat' dir='ltr'><strong>ita</strong></span> <span class='ocrx_word' id='word_1_760' title='bbox 3289 4234 3401 4279; x_wconf 86' lang='lat' dir='ltr'><strong>uta</strong></span> <span class='ocrx_word' id='word_1_761' title='bbox 3432 4226 3579 4280; x_wconf 90' lang='lat' dir='ltr'><strong>nullo</strong></span> 
     </span>
    </p>
   </div>
   <div class='ocr_carea' id='block_1_103' title="bbox 1988 4314 3576 4388">
    <p class='ocr_par' dir='ltr' id='par_1_103' title="bbox 1988 4314 3576 4388">
     <span class='ocr_line' id='line_1_103' title="bbox 1988 4314 3576 4388; baseline 0.003 -19"><span class='ocrx_word' id='word_1_762' title='bbox 1988 4314 2252 4369; x_wconf 79' lang='lat' dir='ltr'><strong>malorum</strong></span> <span class='ocrx_word' id='word_1_763' title='bbox 2284 4316 2631 4386; x_wconf 74' lang='lat' dir='ltr'><strong>prtesentium</strong></span> <span class='ocrx_word' id='word_1_764' title='bbox 2657 4318 2722 4372; x_wconf 90' lang='lat' dir='ltr'><strong>ad</strong></span> <span class='ocrx_word' id='word_1_765' title='bbox 2748 4317 2978 4374; x_wconf 89' lang='lat' dir='ltr'><strong>futuram</strong></span> <span class='ocrx_word' id='word_1_766' title='bbox 3018 4334 3169 4388; x_wconf 78' lang='lat' dir='ltr'><strong>Spem</strong></span> <span class='ocrx_word' id='word_1_767' title='bbox 3212 4318 3576 4387; x_wconf 85' lang='lat' dir='ltr'><strong>impediatur:</strong></span> 
     </span>
    </p>
   </div>
   <div class='ocr_carea' id='block_1_104' title="bbox 1986 4406 3582 4480">
    <p class='ocr_par' dir='ltr' id='par_1_104' title="bbox 1986 4406 3582 4480">
     <span class='ocr_line' id='line_1_104' title="bbox 1986 4406 3582 4480; baseline 0.003 -20"><span class='ocrx_word' id='word_1_768' title='bbox 1986 4406 2122 4473; x_wconf 67' lang='lat' dir='ltr'><strong>haec,</strong></span> <span class='ocrx_word' id='word_1_769' title='bbox 2158 4408 2399 4476; x_wconf 85' lang='lat' dir='ltr'><strong>inquam,</strong></span> <span class='ocrx_word' id='word_1_770' title='bbox 2446 4418 2659 4475; x_wconf 87' lang='lat' dir='ltr'><strong>quantae</strong></span> <span class='ocrx_word' id='word_1_771' title='bbox 2708 4408 2907 4465; x_wconf 89' lang='lat' dir='ltr'><strong>fuerint</strong></span> <span class='ocrx_word' id='word_1_772' title='bbox 2950 4409 3337 4480; x_wconf 73' lang='lat' dir='ltr'><strong>philosophice?</strong></span> <span class='ocrx_word' id='word_1_773' title='bbox 3364 4409 3471 4465; x_wconf 88' lang='lat' dir='ltr'><strong>Sed</strong></span> <span class='ocrx_word' id='word_1_774' title='bbox 3499 4410 3582 4471; x_wconf 79' lang='lat' dir='ltr'><strong>vis</strong></span> 
     </span>
    </p>
   </div>
   <div class='ocr_carea' id='block_1_105' title="bbox 1985 4498 3583 4571">
    <p class='ocr_par' dir='ltr' id='par_1_105' title="bbox 1985 4498 3583 4571">
     <span class='ocr_line' id='line_1_105' title="bbox 1985 4498 3583 4571; baseline 0.003 -18"><span class='ocrx_word' id='word_1_775' title='bbox 1985 4498 2224 4568; x_wconf 88' lang='lat' dir='ltr'><strong>ipsorum</strong></span> <span class='ocrx_word' id='word_1_776' title='bbox 2250 4502 2642 4570; x_wconf 88' lang='lat' dir='ltr'><strong>promissorum</strong></span> <span class='ocrx_word' id='word_1_777' title='bbox 2665 4514 2720 4557; x_wconf 91' lang='lat' dir='ltr'><strong>et</strong></span> <span class='ocrx_word' id='word_1_778' title='bbox 2748 4501 3155 4571; x_wconf 59' lang='lat' dir='ltr'><strong>pradietionum</strong></span> <span class='ocrx_word' id='word_1_779' title='bbox 3182 4502 3289 4556; x_wconf 91' lang='lat' dir='ltr'><strong>vim</strong></span> <span class='ocrx_word' id='word_1_780' title='bbox 3313 4502 3583 4569; x_wconf 87' lang='lat' dir='ltr'><strong>ediscere,</strong></span> 
     </span>
    </p>
   </div>
   <div class='ocr_carea' id='block_1_106' title="bbox 1985 4593 3587 4668">
    <p class='ocr_par' dir='ltr' id='par_1_106' title="bbox 1985 4593 3587 4668">
     <span class='ocr_line' id='line_1_106' title="bbox 1985 4593 3587 4668; baseline 0.002 -22"><span class='ocrx_word' id='word_1_781' title='bbox 1985 4604 2040 4646; x_wconf 92' lang='lat' dir='ltr'><strong>et</strong></span> <span class='ocrx_word' id='word_1_782' title='bbox 2072 4593 2351 4648; x_wconf 83' lang='lat' dir='ltr'><strong>veritatem</strong></span> <span class='ocrx_word' id='word_1_783' title='bbox 2384 4609 2569 4649; x_wconf 90' lang='lat' dir='ltr'><strong>eorum</strong></span> <span class='ocrx_word' id='word_1_784' title='bbox 2617 4610 2736 4666; x_wconf 78' lang='lat' dir='ltr'><strong>qua:</strong></span> <span class='ocrx_word' id='word_1_785' title='bbox 2766 4605 3191 4665; x_wconf 64' lang='lat' dir='ltr'><strong>praecesserunt,</strong></span> <span class='ocrx_word' id='word_1_786' title='bbox 3224 4608 3280 4652; x_wconf 92' lang='lat' dir='ltr'><strong>et</strong></span> <span class='ocrx_word' id='word_1_787' title='bbox 3308 4612 3429 4668; x_wconf 59' lang='lat' dir='ltr'><strong>qua:</strong></span> <span class='ocrx_word' id='word_1_788' title='bbox 3462 4608 3587 4665; x_wconf 85' lang='lat' dir='ltr'><strong>post</strong></span> 
     </span>
    </p>
   </div>
   <div class='ocr_carea' id='block_1_107' title="bbox 1988 4684 3587 4745">
    <p class='ocr_par' dir='ltr' id='par_1_107' title="bbox 1988 4684 3587 4745">
     <span class='ocr_line' id='line_1_107' title="bbox 1988 4684 3587 4745; baseline 0.003 -8"><span class='ocrx_word' id='word_1_789' title='bbox 1988 4684 2159 4738; x_wconf 78' lang='lat' dir='ltr'><strong>futura</strong></span> <span class='ocrx_word' id='word_1_790' title='bbox 2186 4687 2349 4740; x_wconf 80' lang='lat' dir='ltr'><strong>sunt?</strong></span> <span class='ocrx_word' id='word_1_791' title='bbox 2380 4688 2513 4743; x_wconf 86' lang='lat' dir='ltr'><strong>Vide</strong></span> <span class='ocrx_word' id='word_1_792' title='bbox 2542 4690 2671 4742; x_wconf 88' lang='lat' dir='ltr'><strong>mihi</strong></span> <span class='ocrx_word' id='word_1_793' title='bbox 2692 4699 2938 4744; x_wconf 78' lang='lat' dir='ltr'><strong>catenam</strong></span> <span class='ocrx_word' id='word_1_794' title='bbox 2966 4704 3186 4745; x_wconf 89' lang='lat' dir='ltr'><strong>auream</strong></span> <span class='ocrx_word' id='word_1_795' title='bbox 3216 4690 3360 4744; x_wconf 86' lang='lat' dir='ltr'><strong>varie</strong></span> <span class='ocrx_word' id='word_1_796' title='bbox 3386 4688 3455 4743; x_wconf 88' lang='lat' dir='ltr'><strong>ab</strong></span> <span class='ocrx_word' id='word_1_797' title='bbox 3483 4689 3587 4743; x_wconf 90' lang='lat' dir='ltr'><strong>ini-</strong></span> 
     </span>
    </p>
   </div>
   <div class='ocr_carea' id='block_1_108' title="bbox 1986 4777 3589 4851">
    <p class='ocr_par' dir='ltr' id='par_1_108' title="bbox 1986 4777 3589 4851">
     <span class='ocr_line' id='line_1_108' title="bbox 1986 4777 3589 4851; baseline 0.004 -22"><span class='ocrx_word' id='word_1_798' title='bbox 1986 4777 2060 4829; x_wconf 74' lang='lat' dir='ltr'><strong>tio</strong></span> <span class='ocrx_word' id='word_1_799' title='bbox 2092 4792 2413 4831; x_wconf 76' lang='lat' dir='ltr'><strong>etmnexam.</strong></span> <span class='ocrx_word' id='word_1_800' title='bbox 2435 4779 2578 4832; x_wconf 75' lang='lat' dir='ltr'><strong>Dixit</strong></span> <span class='ocrx_word' id='word_1_801' title='bbox 2607 4780 2713 4836; x_wconf 90' lang='lat' dir='ltr'><strong>illis</strong></span> <span class='ocrx_word' id='word_1_802' title='bbox 2742 4783 2987 4851; x_wconf 67' lang='lat' dir='ltr'><strong>quatdam</strong></span> <span class='ocrx_word' id='word_1_803' title='bbox 3010 4784 3077 4840; x_wconf 85' lang='lat' dir='ltr'><strong>de</strong></span> <span class='ocrx_word' id='word_1_804' title='bbox 3096 4785 3277 4851; x_wconf 82' lang='lat' dir='ltr'><strong>seipse</strong></span> <span class='ocrx_word' id='word_1_805' title='bbox 3305 4791 3362 4836; x_wconf 91' lang='lat' dir='ltr'><strong>et</strong></span> <span class='ocrx_word' id='word_1_806' title='bbox 3387 4781 3456 4838; x_wconf 89' lang='lat' dir='ltr'><strong>de</strong></span> <span class='ocrx_word' id='word_1_807' title='bbox 3486 4781 3589 4837; x_wconf 71' lang='lat' dir='ltr'><strong>Ec-</strong></span> 
     </span>
    </p>
   </div>
   <div class='ocr_carea' id='block_1_109' title="bbox 1985 4867 3582 4941">
    <p class='ocr_par' dir='ltr' id='par_1_109' title="bbox 1985 4867 3582 4941">
     <span class='ocr_line' id='line_1_109' title="bbox 1985 4867 3582 4941; baseline 0.004 -20"><span class='ocrx_word' id='word_1_808' title='bbox 1985 4869 2163 4921; x_wconf 71' lang='lat' dir='ltr'><strong>clesiis</strong></span> <span class='ocrx_word' id='word_1_809' title='bbox 2187 4867 2363 4937; x_wconf 90' lang='lat' dir='ltr'><strong>deque</strong></span> <span class='ocrx_word' id='word_1_810' title='bbox 2388 4869 2580 4927; x_wconf 91' lang='lat' dir='ltr'><strong>futuris</strong></span> <span class='ocrx_word' id='word_1_811' title='bbox 2612 4873 2808 4941; x_wconf 87' lang='lat' dir='ltr'><strong>rebus;</strong></span> <span class='ocrx_word' id='word_1_812' title='bbox 2841 4883 2894 4930; x_wconf 89' lang='lat' dir='ltr'><strong>et</strong></span> <span class='ocrx_word' id='word_1_813' title='bbox 2926 4876 3041 4929; x_wconf 64' lang='lat' dir='ltr'><strong>hac</strong></span> <span class='ocrx_word' id='word_1_814' title='bbox 3067 4873 3297 4930; x_wconf 80' lang='lat' dir='ltr'><strong>dicendo</strong></span> <span class='ocrx_word' id='word_1_815' title='bbox 3325 4873 3582 4930; x_wconf 87' lang='lat' dir='ltr'><strong>miracula</strong></span> 
     </span>
    </p>
   </div>
   <div class='ocr_carea' id='block_1_110' title="bbox 1985 4960 2198 5013">
    <p class='ocr_par' dir='ltr' id='par_1_110' title="bbox 1985 4960 2198 5013">
     <span class='ocr_line' id='line_1_110' title="bbox 1985 4960 2198 5013; baseline -0.009 0"><span class='ocrx_word' id='word_1_816' title='bbox 1985 4960 2198 5013; x_wconf 87' lang='lat' dir='ltr'><strong>edebat.</strong></span> 
     </span>
    </p>
   </div>
   <div class='ocr_carea' id='block_1_111' title="bbox 2056 5050 3583 5130">
    <p class='ocr_par' dir='ltr' id='par_1_111' title="bbox 2056 5050 3583 5130">
     <span class='ocr_line' id='line_1_111' title="bbox 2056 5050 3583 5130; baseline 0.008 -26"><span class='ocrx_word' id='word_1_817' title='bbox 2056 5050 2247 5106; x_wconf 79' lang='lat' dir='ltr'><strong>Christi</strong></span> <span class='ocrx_word' id='word_1_818' title='bbox 2294 5053 2527 5109; x_wconf 77' lang='lat' dir='ltr'><strong>doctrina</strong></span> <span class='ocrx_word' id='word_1_819' title='bbox 2568 5064 2614 5109; x_wconf 81' lang='lat' dir='ltr'><strong>et</strong></span> <span class='ocrx_word' id='word_1_820' title='bbox 2667 5057 2929 5111; x_wconf 75' lang='lat' dir='ltr'><strong>miraculis</strong></span> <span class='ocrx_word' id='word_1_821' title='bbox 2974 5075 3041 5113; x_wconf 73' lang='lat' dir='ltr'><strong>ea:</strong></span> <span class='ocrx_word' id='word_1_822' title='bbox 3081 5076 3145 5114; x_wconf 80' lang='lat' dir='ltr'><strong>ea:</strong></span> <span class='ocrx_word' id='word_1_823' title='bbox 3191 5060 3583 5130; x_wconf 67' lang='lat' dir='ltr'><strong>pradictionttm</strong></span> 
     </span>
    </p>
   </div>
   <div class='ocr_carea' id='block_1_112' title="bbox 1985 5147 3585 5223">
    <p class='ocr_par' dir='ltr' id='par_1_112' title="bbox 1985 5147 3585 5223">
     <span class='ocr_line' id='line_1_112' title="bbox 1985 5147 3585 5223; baseline 0.009 -28"><span class='ocrx_word' id='word_1_824' title='bbox 1985 5153 2163 5198; x_wconf 79' lang='lat' dir='ltr'><strong>eventu</strong></span> <span class='ocrx_word' id='word_1_825' title='bbox 2194 5147 2459 5200; x_wconf 79' lang='lat' dir='ltr'><strong>asseritur.</strong></span> <span class='ocrx_word' id='word_1_826' title='bbox 2480 5176 2549 5186; x_wconf 94' lang='lat'><strong>—</strong></span> <span class='ocrx_word' id='word_1_827' title='bbox 2569 5148 2645 5201; x_wconf 85' lang='lat' dir='ltr'><strong>Ex</strong></span> <span class='ocrx_word' id='word_1_828' title='bbox 2675 5159 2870 5203; x_wconf 81' lang='lat' dir='ltr'><strong>eventu</strong></span> <span class='ocrx_word' id='word_1_829' title='bbox 2902 5167 3033 5221; x_wconf 87' lang='lat' dir='ltr'><strong>ergo</strong></span> <span class='ocrx_word' id='word_1_830' title='bbox 3064 5169 3274 5218; x_wconf 91' lang='lat' dir='ltr'><strong>eorum,</strong></span> <span class='ocrx_word' id='word_1_831' title='bbox 3294 5169 3414 5223; x_wconf 77' lang='lat' dir='ltr'><strong>qua:</strong></span> <span class='ocrx_word' id='word_1_832' title='bbox 3442 5168 3585 5222; x_wconf 71' lang='lat' dir='ltr'><strong>prte-</strong></span> 
     </span>
    </p>
   </div>
   <div class='ocr_carea' id='block_1_113' title="bbox 1985 5239 3582 5315">
    <p class='ocr_par' dir='ltr' id='par_1_113' title="bbox 1985 5239 3582 5315">
     <span class='ocr_line' id='line_1_113' title="bbox 1985 5239 3582 5315; baseline 0.005 -22"><span class='ocrx_word' id='word_1_833' title='bbox 1985 5239 2127 5293; x_wconf 82' lang='lat' dir='ltr'><strong>dicta</strong></span> <span class='ocrx_word' id='word_1_834' title='bbox 2157 5251 2303 5304; x_wconf 92' lang='lat' dir='ltr'><strong>sunt,</strong></span> <span class='ocrx_word' id='word_1_835' title='bbox 2338 5239 2621 5307; x_wconf 80' lang='lat' dir='ltr'><strong>perSplcua</strong></span> <span class='ocrx_word' id='word_1_836' title='bbox 2657 5254 2778 5295; x_wconf 91' lang='lat' dir='ltr'><strong>sunt</strong></span> <span class='ocrx_word' id='word_1_837' title='bbox 2810 5253 2862 5297; x_wconf 91' lang='lat' dir='ltr'><strong>et</strong></span> <span class='ocrx_word' id='word_1_838' title='bbox 2894 5247 3146 5300; x_wconf 87' lang='lat' dir='ltr'><strong>miracula</strong></span> <span class='ocrx_word' id='word_1_839' title='bbox 3178 5257 3229 5300; x_wconf 95' lang='lat' dir='ltr'><strong>et</strong></span> <span class='ocrx_word' id='word_1_840' title='bbox 3258 5245 3433 5301; x_wconf 87' lang='lat' dir='ltr'><strong>futura</strong></span> <span class='ocrx_word' id='word_1_841' title='bbox 3462 5261 3582 5315; x_wconf 83' lang='lat' dir='ltr'><strong>pro-</strong></span> 
     </span>
    </p>
   </div>
   <div class='ocr_carea' id='block_1_114' title="bbox 1988 5330 3585 5405">
    <p class='ocr_par' dir='ltr' id='par_1_114' title="bbox 1988 5330 3585 5405">
     <span class='ocr_line' id='line_1_114' title="bbox 1988 5330 3585 5405; baseline 0.004 -20"><span class='ocrx_word' id='word_1_842' title='bbox 1988 5332 2171 5385; x_wconf 69' lang='lat' dir='ltr'><strong>mis&lt;a.</strong></span> <span class='ocrx_word' id='word_1_843' title='bbox 2204 5330 2268 5386; x_wconf 89' lang='lat' dir='ltr'><strong>Ut</strong></span> <span class='ocrx_word' id='word_1_844' title='bbox 2302 5341 2479 5386; x_wconf 88' lang='lat' dir='ltr'><strong>autem</strong></span> <span class='ocrx_word' id='word_1_845' title='bbox 2511 5333 2712 5389; x_wconf 90' lang='lat' dir='ltr'><strong>clarius</strong></span> <span class='ocrx_word' id='word_1_846' title='bbox 2756 5335 2825 5389; x_wconf 92' lang='lat' dir='ltr'><strong>sit</strong></span> <span class='ocrx_word' id='word_1_847' title='bbox 2874 5336 2949 5401; x_wconf 90' lang='lat' dir='ltr'><strong>id,</strong></span> <span class='ocrx_word' id='word_1_848' title='bbox 2980 5336 3120 5405; x_wconf 85' lang='lat' dir='ltr'><strong>quod</strong></span> <span class='ocrx_word' id='word_1_849' title='bbox 3152 5335 3353 5391; x_wconf 90' lang='lat' dir='ltr'><strong>dictum</strong></span> <span class='ocrx_word' id='word_1_850' title='bbox 3384 5348 3488 5401; x_wconf 87' lang='lat' dir='ltr'><strong>est,</strong></span> <span class='ocrx_word' id='word_1_851' title='bbox 3519 5352 3585 5392; x_wconf 88' lang='lat' dir='ltr'><strong>ex</strong></span> 
     </span>
    </p>
   </div>
   <div class='ocr_carea' id='block_1_115' title="bbox 1988 5423 3585 5497">
    <p class='ocr_par' dir='ltr' id='par_1_115' title="bbox 1988 5423 3585 5497">
     <span class='ocr_line' id='line_1_115' title="bbox 1988 5423 3585 5497; baseline 0.004 -20"><span class='ocrx_word' id='word_1_852' title='bbox 1988 5423 2120 5491; x_wconf 76' lang='lat' dir='ltr'><strong>ipsis</strong></span> <span class='ocrx_word' id='word_1_853' title='bbox 2163 5423 2323 5479; x_wconf 89' lang='lat' dir='ltr'><strong>rebus</strong></span> <span class='ocrx_word' id='word_1_854' title='bbox 2376 5424 2502 5477; x_wconf 92' lang='lat' dir='ltr'><strong>illud</strong></span> <span class='ocrx_word' id='word_1_855' title='bbox 2550 5428 2935 5497; x_wconf 86' lang='lat' dir='ltr'><strong>contprnbaho.</strong></span> <span class='ocrx_word' id='word_1_856' title='bbox 2986 5427 3275 5482; x_wconf 78' lang='lat' dir='ltr'><strong>Suscitavit</strong></span> <span class='ocrx_word' id='word_1_857' title='bbox 3322 5428 3585 5485; x_wconf 84' lang='lat' dir='ltr'><strong>Lazarum</strong></span> 
     </span>
    </p>
   </div>
   <div class='ocr_carea' id='block_1_116' title="bbox 1985 5510 3586 5586">
    <p class='ocr_par' dir='ltr' id='par_1_116' title="bbox 1985 5510 3586 5586">
     <span class='ocr_line' id='line_1_116' title="bbox 1985 5510 3586 5586; baseline 0.002 -17"><span class='ocrx_word' id='word_1_858' title='bbox 1985 5515 2103 5569; x_wconf 88' lang='lat' dir='ltr'><strong>solo</strong></span> <span class='ocrx_word' id='word_1_859' title='bbox 2154 5515 2339 5580; x_wconf 90' lang='lat' dir='ltr'><strong>verbo,</strong></span> <span class='ocrx_word' id='word_1_860' title='bbox 2372 5526 2424 5569; x_wconf 91' lang='lat' dir='ltr'><strong>et</strong></span> <span class='ocrx_word' id='word_1_861' title='bbox 2474 5517 2655 5570; x_wconf 85' lang='lat' dir='ltr'><strong>vivum</strong></span> <span class='ocrx_word' id='word_1_862' title='bbox 2698 5516 2930 5571; x_wconf 91' lang='lat' dir='ltr'><strong>ostendit</strong></span> <span class='ocrx_word' id='word_1_863' title='bbox 2964 5518 3138 5573; x_wconf 83' lang='lat' dir='ltr'><strong>:dixit</strong></span> <span class='ocrx_word' id='word_1_864' title='bbox 3173 5533 3380 5586; x_wconf 88' lang='lat' dir='ltr'><strong>rursus,</strong></span> <span class='ocrx_word' id='word_1_865' title='bbox 3412 5510 3586 5573; x_wconf 69' lang='lat' dir='ltr'><strong>Porta</strong></span> 
     </span>
    </p>
   </div>
   <div class='ocr_carea' id='block_1_117' title="bbox 1985 5608 3584 5681">
    <p class='ocr_par' dir='ltr' id='par_1_117' title="bbox 1985 5608 3584 5681">
     <span class='ocr_line' id='line_1_117' title="bbox 1985 5608 3584 5681; baseline 0.001 -20"><span class='ocrx_word' id='word_1_866' title='bbox 1985 5608 2139 5679; x_wconf 76' lang='lat' dir='ltr'><strong>inferi</strong></span> <span class='ocrx_word' id='word_1_867' title='bbox 2161 5623 2260 5660; x_wconf 85' lang='lat' dir='ltr'><strong>non</strong></span> <span class='ocrx_word' id='word_1_868' title='bbox 2290 5609 2638 5677; x_wconf 58' lang='lat' dir='ltr'><strong>prmt&#39;ulebunt</strong></span> <span class='ocrx_word' id='word_1_869' title='bbox 2664 5610 2906 5663; x_wconf 82' lang='lat' dir='ltr'><strong>adversus</strong></span> <span class='ocrx_word' id='word_1_870' title='bbox 2931 5608 3214 5664; x_wconf 72' lang='lat' dir='ltr'><strong>Ecclesium</strong></span> <span class='ocrx_word' id='word_1_871' title='bbox 3248 5609 3465 5681; x_wconf 76' lang='lat' dir='ltr'><strong>(Matth.</strong></span> <span class='ocrx_word' id='word_1_872' title='bbox 3500 5612 3584 5664; x_wconf 82' lang='lat' dir='ltr'><strong>l6.</strong></span> 
     </span>
    </p>
   </div>
   <div class='ocr_carea' id='block_1_118' title="bbox 1990 5700 3587 5770">
    <p class='ocr_par' dir='ltr' id='par_1_118' title="bbox 1990 5700 3587 5770">
     <span class='ocr_line' id='line_1_118' title="bbox 1990 5700 3587 5770; baseline -0.001 -17"><span class='ocrx_word' id='word_1_873' title='bbox 1990 5700 2111 5770; x_wconf 73' lang='lat'><strong>18);</strong></span> <span class='ocrx_word' id='word_1_874' title='bbox 2143 5708 2218 5762; x_wconf 87' lang='lat' dir='ltr'><strong>et,</strong></span> <span class='ocrx_word' id='word_1_875' title='bbox 2247 5700 2346 5764; x_wconf 82' lang='lat' dir='ltr'><strong>Qui</strong></span> <span class='ocrx_word' id='word_1_876' title='bbox 2376 5700 2582 5768; x_wconf 80' lang='lat' dir='ltr'><strong>reliquit</strong></span> <span class='ocrx_word' id='word_1_877' title='bbox 2624 5710 2820 5769; x_wconf 85' lang='lat' dir='ltr'><strong>patrem</strong></span> <span class='ocrx_word' id='word_1_878' title='bbox 2844 5708 2893 5752; x_wconf 82' lang='lat' dir='ltr'><strong>et</strong></span> <span class='ocrx_word' id='word_1_879' title='bbox 2917 5711 3151 5767; x_wconf 86' lang='lat' dir='ltr'><strong>matrem,</strong></span> <span class='ocrx_word' id='word_1_880' title='bbox 3174 5701 3468 5769; x_wconf 77' lang='lat' dir='ltr'><strong>centuplum</strong></span> <span class='ocrx_word' id='word_1_881' title='bbox 3492 5715 3587 5754; x_wconf 85' lang='lat' dir='ltr'><strong>ac-</strong></span> 
     </span>
    </p>
   </div>
   <div class='ocr_carea' id='block_1_119' title="bbox 1986 5789 3580 5861">
    <p class='ocr_par' dir='ltr' id='par_1_119' title="bbox 1986 5789 3580 5861">
     <span class='ocr_line' id='line_1_119' title="bbox 1986 5789 3580 5861; baseline 0 -17"><span class='ocrx_word' id='word_1_882' title='bbox 1986 5791 2135 5861; x_wconf 77' lang='lat' dir='ltr'><strong>cipiet</strong></span> <span class='ocrx_word' id='word_1_883' title='bbox 2186 5792 2237 5845; x_wconf 83' lang='lat' dir='ltr'><strong>iu</strong></span> <span class='ocrx_word' id='word_1_884' title='bbox 2288 5790 2382 5845; x_wconf 82' lang='lat' dir='ltr'><strong>hoc</strong></span> <span class='ocrx_word' id='word_1_885' title='bbox 2427 5793 2649 5859; x_wconf 67' lang='lat' dir='ltr'><strong>sa’culo,</strong></span> <span class='ocrx_word' id='word_1_886' title='bbox 2698 5798 2746 5844; x_wconf 81' lang='lat' dir='ltr'><strong>et</strong></span> <span class='ocrx_word' id='word_1_887' title='bbox 2795 5792 2952 5845; x_wconf 79' lang='lat' dir='ltr'><strong>vitam</strong></span> <span class='ocrx_word' id='word_1_888' title='bbox 2998 5800 3244 5847; x_wconf 66' lang='lat' dir='ltr'><strong>eternam</strong></span> <span class='ocrx_word' id='word_1_889' title='bbox 3300 5789 3580 5861; x_wconf 76' lang='lat' dir='ltr'><strong>possidebit</strong></span> 
     </span>
    </p>
   </div>
  </div>
