4096 6326
587 371 652 426 ω
1331 364 1385 420 S.
1424 361 1701 419 JOANNIS
1739 359 2215 416 CllRYSOSTOMI
2258 361 2576 423 ARCIIIEP.
2617 367 3148 427 CONSTANTINOP.
3816 385 3880 442 63

588 482 800 544 (Matth.
838 480 922 534 l9.
948 477 1063 544 29).
1100 478 1242 546 Ergo
1271 477 1591 530 miraculum
1621 474 1838 543 quidem
1879 484 1960 528 est
1993 489 2180 533 unum,

586 586 780 640 nempe
798 569 980 623 Lazari
1008 586 1019 632 ;
1046 567 1424 634 pnedictioues
1442 580 1571 618 vero
1595 563 1738 627 dum,
1764 579 1988 632 quarum
2012 563 2179 617 altera

585 663 670 716 hic
688 673 898 716 ostensa
915 671 1015 723 est,
1033 660 1197 716 altera
1219 659 1268 711 in
1288 657 1467 710 futuro
1484 655 1605 708 erit.
1625 654 1914 708 Considera
1931 663 1984 707 ut
2000 653 2178 706 omnia

586 754 722 807 inter
736 769 792 806 se
806 759 1113 822 comparata
1134 745 1506 816 probantur.Si
1523 745 1641 814 quis
1653 745 1794 800 enim
1815 759 1920 798 non
1934 749 2181 798 crederet

581 846 893 898 suscitatum
918 841 1080 895 fuisse
1099 840 1381 903 Lazarum,
1400 854 1463 892 ex
1488 837 1830 906 praedictione
1849 852 1966 905 quae
1983 835 2050 890 de
2077 835 2181 889 bc-

577 935 741 988 elesia
760 935 898 987 dicta
919 941 1017 996 est,
1040 931 1221 985 credat
1238 930 1497 984 miraculo
1519 945 1530 979 :
1553 945 1672 982 nam
1692 928 1833 997 quod
1853 937 1926 981 tot
1941 937 2064 982 ante
2080 943 2177 981 an-

579 1043 676 1078 nos
693 1027 1006 1095 pra-dictum
1027 1027 1216 1089 fuerat,
1234 1033 1358 1078 tunc
1374 1024 1553 1079 evenit
1567 1032 1620 1077 et
1635 1023 1794 1077 linem
1809 1024 2010 1092 accepit
2026 1063 2037 1073 .
2053 1022 2179 1078 Por-

578 1126 645 1170 tte
667 1116 809 1171 enim
843 1116 995 1171 inferi
1015 1117 1273 1170 adversus
1298 1114 1590 1168 Ecclesiam
1623 1128 1728 1168 non
1755 1113 2173 1183 prtevaluerunt.

575 1206 675 1275 Qui
709 1224 836 1277 ergo
865 1208 915 1262 in
949 1207 1297 1278 praedictione
1326 1206 1605 1259 veritatem
1643 1205 1797 1271 dixit,
1831 1205 2172 1275 perSpicuum

575 1311 654 1352 est
684 1299 824 1368 quod
857 1304 1017 1354 etiam
1049 1296 1364 1352 miraculum
1396 1296 1586 1350 fecerit
1620 1313 1634 1350 :
1667 1296 1757 1364 qui
1788 1311 1914 1348 vero
1947 1295 2174 1349 miracu-

572 1389 681 1442 lum
721 1389 906 1454 edidit,
939 1399 993 1442 et
1032 1388 1122 1456 qui
1150 1403 1212 1441 ea
1243 1403 1361 1455 qua:
1392 1387 1602 1440 dixerat
1629 1386 1694 1440 ad
1726 1386 1888 1440 finem
1919 1385 2164 1452 deduxit,

573 1479 742 1544 palam
775 1488 859 1532 est
886 1477 1027 1547 quod
1055 1478 1214 1530 etiam
1244 1477 1292 1529 iu
1324 1475 1672 1545 praedictione
1704 1474 2006 1530 futurorum
2040 1491 2168 1531 vera

568 1566 734 1629 diCat,
768 1584 984 1636 nempe,
1031 1566 1338 1633 Centuplum
1369 1566 1598 1633 recipiet,
1643 1576 1688 1618 et
1729 1566 1882 1618 vitam
1928 1577 2174 1643 (uernant

572 1660 842 1727 possidebit
875 1660 936 1723 is,
972 1659 1062 1727 qui
1105 1657 1386 1726 praesentia
1429 1656 1675 1724 deSpicit.
1716 1655 1844 1721 Qua:
1884 1656 2025 1709 enim
2054 1656 2165 1724 jam

570 1747 702 1801 facta
735 1756 790 1802 et
814 1748 952 1801 dicta
980 1756 1123 1810 sunt,
1159 1747 1209 1799 in
1247 1747 1466 1816 pignora
1512 1745 1742 1799 maxima
1789 1744 1938 1799 dedit
1978 1761 2164 1799 eorum

565 1855 684 1907 qum
713 1849 970 1894 eventura
998 1849 1142 1893 sunt.
1186 1839 1308 1892 [hec
1341 1840 1519 1907 itaque
1548 1838 1729 1892 omnia
1758 1846 1813 1892 et
1854 1836 1939 1890 his
1968 1837 2162 1890 similia

563 1950 628 1988 cx
664 1932 964 1998 Evangeliis
992 1931 1310 1999 colligentes
1342 1930 1474 1998 ipsis
1501 1927 1769 1989 dicamus,
1820 1927 2030 1995 illisque
2070 1941 2162 1980 ora

563 2025 927 2078 obstruamus.
983 2020 1040 2075 Si
1093 2020 1212 2088 quis
1256 2033 1384 2071 vero
1430 2016 1627 2070 dixerit
1660 2034 1674 2070 :
1704 2015 1986 2083 Quomodo
2036 2031 2164 2085 ergo

563 2113 780 2167 tandem
823 2126 928 2165 non
972 2110 1272 2164 exstinctus
1303 2108 1398 2162 fuit
1439 2108 1629 2162 error?
1675 2107 1776 2162 hoc
1816 2107 2112 2162 dixerimus
2145 2125 2158 2162 :

565 2207 670 2260 Vos
702 2206 751 2260 in
784 2217 945 2258 causa
973 2203 1126 2267 estis,
1157 2202 1245 2270 qui
1270 2200 1530 2254 adversus
1560 2199 1786 2253 salutem
1818 2209 2050 2252 vestram
2079 2213 2164 2252 se-

557 2299 789 2352 ditiones
825 2294 1035 2365 agitatis
1070 2311 1081 2346 :
1115 2309 1235 2346 nam
1280 2293 1423 2346 Deus
1468 2307 1554 2346 res
1596 2293 1665 2346 ita
1711 2291 2069 2361 dispensavit,
2104 2300 2161 2345 ut

558 2403 626 2442 ne
651 2387 889 2455 reliquizn
937 2385 1151 2454 quidem
1211 2382 1499 2452 impietatis
1550 2393 1821 2436 maneant.
1876 2381 1950 2436 Ea
1999 2397 2150 2451 ergo.

556 2493 675 2545 qua:
702 2477 841 2529 dicta
885 2483 1030 2538 sunt,
1064 2476 1244 2542 paucis
1277 2482 1604 2542 repetamus.
1648 2475 1901 2539 Qmenam
1934 2484 2017 2528 est
2063 2475 2158 2527 ha-

556 2581 675 2620 rum
722 2580 899 2619 rerum
950 2564 1175 2618 natura?
1214 2580 1338 2618 num
1369 2573 1426 2617 ut
1475 2564 1727 2618 imbecilli
1777 2573 2156 2633 superentura

556 2655 886 2726 potentibus.
917 2669 984 2708 au
1015 2653 1217 2709 secus?
1247 2654 1335 2722 qui
1374 2653 1546 2708 facilia
1585 2654 1792 2716 dicunt,
1825 2669 1893 2707 an
1935 2655 2024 2722 qui
2055 2654 2155 2706 dil-

558 2746 820 2799 liciliora?
847 2745 935 2813 qui
964 2760 1084 2798 cum
1114 2743 1366 2811 periculis
1391 2743 1687 2806 attrahunt,
1718 2758 1784 2795 an
1814 2745 1902 2812 qui
1929 2745 2157 2798 secure?

553 2837 639 2907 qui
669 2839 945 2901 innovant,
977 2850 1042 2888 au
1075 2834 1162 2904 qui
1190 2833 1635 2888 consuetudinem
1683 2835 1888 2886 hrmant
1914 2835 1936 2886 ἰ)
1961 2834 2050 2902 qui
2099 2837 2148 2889 in

552 2941 797 2996 asperam
821 2927 962 2980 viam
984 2924 1208 2990 ducunt,
1237 2939 1304 2980 an
1337 2925 1502 2994 quiin
1534 2923 1792 2978 facilem?
1822 2925 1854 2977 ii
1884 2925 1974 2992 qui
2001 2942 2028 2977 a
2063 2942 2155 2993 pa-

552 3019 669 3072 triis
715 3017 974 3072 institutis
1021 3015 1319 3079 abducunt,
1351 3030 1418 3068 an
1467 3014 1502 3068 ii
1543 3016 1635 3081 qui
1681 3030 1786 3068 non
1836 3016 2151 3082 peregrinas

548 3108 695 3178 leges
733 3106 1007 3160 statuunt?
1037 3106 1070 3158 ii
1104 3105 1192 3172 qui
1243 3114 1524 3173 postquam
1556 3103 1683 3158 hinc
1725 3103 2150 3158 absceSserimus

546 3199 726 3255 omnia
757 3198 898 3252 bona
941 3195 1283 3266 pollicentur,
1331 3210 1396 3248 an
1439 3195 1472 3248 ii
1515 3195 1604 3263 qui
1637 3195 1688 3248 iu
1737 3197 1990 3263 praesenti
2040 3197 2146 3251 vita

546 3290 868 3346 adulantur?
898 3289 1050 3344 multi
1081 3303 1109 3342 a
1135 3289 1344 3358 paucis,
1375 3303 1442 3341 an
1469 3287 1620 3356 pauci
1645 3305 1674 3341 a
1703 3288 1925 3343 multis?
1955 3291 2021 3343 At
2053 3305 2147 3344 vos

2288 479 2468 543 etiam,
2502 479 2730 552 inquies,
2762 482 2847 537 hic
2870 485 3207 551 promisistis.
3228 486 3362 553 Quid
3387 487 3474 543 hic
3494 491 3868 558 promisimus!

2287 568 2635 625 Peccatorum
2683 574 3059 629 remissionem
3098 587 3151 630 et
3195 578 3465 634 lavacrum
3510 585 3877 650 regeneratio-

2285 663 2386 715 nis.
2417 661 2551 717 Vere
2581 664 2798 732 quidem
2833 665 3095 736 baptisma
3125 668 3242 738 plus
3275 672 3433 726 habet
3472 673 3597 727 boni
3635 676 3688 728 in
3731 674 3879 729 futti-

2283 751 2376 804 ris.
2415 753 2478 806 Et
2521 752 2716 808 Paulus
2750 755 2948 810 clamat
2988 757 3172 812 dicens
3206 777 3219 814 :
3253 760 3445 815 Μονιαί
3486 764 3619 817 enim
3657 768 3798 832 estis,
3825 781 3874 824 et

2281 841 2380 892 vita
2408 853 2569 896 vestra
2591 845 2886 898 abscondita
2915 856 2988 900 est
3014 864 3129 900 cum
3154 848 3355 905 Christo
3383 853 3434 906 in
3465 854 3590 908 Deo.
3628 857 3754 911 Cum
3781 877 3877 911 au-

2281 941 2377 985 tem
2402 935 2500 986 vita
2524 945 2685 989 vestra
2717 938 3043 1009 manifestata
3068 943 3240 1010 [aa-it,
3286 953 3402 997 tunc
3429 956 3474 998 et
3503 963 3587 1000 vos
3620 966 3736 1001 cum
3763 952 3876 1019 ipso

2278 1028 2589 1096 apparebitis
2613 1028 2664 1081 in
2692 1029 2857 1098 gloria
2890 1029 3026 1101 (Col.
3057 1032 3108 1087 5.
3135 1034 3190 1088 5.
3223 1034 3302 1103 4).
3332 1035 3386 1090 Si
3411 1047 3588 1091 autem
3622 1040 3707 1093 hic
3734 1057 3870 1109 quo-

2276 1132 2380 1186 que
2405 1117 2567 1172 habet
2593 1119 2756 1185 bona,
2788 1129 2843 1174 ut
2880 1129 3029 1177 certe
3064 1120 3245 1192 habet,
3286 1135 3352 1180 er
3386 1125 3486 1181 hoc
3517 1144 3730 1198 quoque
3761 1147 3875 1186 ma—

2275 1222 2437 1275 gnum
2469 1218 2552 1262 est
2579 1209 2921 1274 miraculum,
2955 1213 3095 1282 quod
3127 1216 3399 1283 potuerint
3427 1221 3753 1286 persuadere
3782 1222 3868 1285 iis,

2274 1300 2363 1366 qui
2394 1298 2530 1351 mala
2561 1301 2798 1353 fecerant
2827 1301 3128 1369 innumera,
3162 1313 3217 1358 et
3256 1307 3398 1375 quod
3438 1323 3597 1362 nemo
3627 1311 3764 1363 alius
3796 1311 3870 1366 fe-

2274 1399 2441 1452 cerat,
2471 1389 2588 1445 fore
2617 1400 2672 1445 ut
2699 1393 2879 1446 omnia
2901 1392 3266 1460 abluerentur,
3295 1406 3348 1451 et
3377 1399 3574 1454 nullius
3600 1402 3868 1456 scelerum

2273 1495 2492 1536 suorum
2519 1484 2780 1538 rationem
2813 1496 2993 1541 essent
3021 1489 3299 1543 reddituri.
3333 1491 3512 1560 Itaque
3532 1509 3590 1546 ea
3613 1495 3679 1548 de
3708 1512 3869 1550 t-ausa

2273 1576 2504 1630 maxime
2532 1576 2783 1632 admirari
2826 1581 3129 1648 oportebat,
3174 1581 3316 1650 quod
3356 1583 3595 1638 barbaris
3625 1585 3866 1640 homini.

2272 1665 2782 1745 buspersuaseriut,
2815 1679 2870 1723 ut
2908 1671 3066 1724 talem
3105 1670 3263 1726 ﬁdem
3302 1676 3461 1742 SU‘t‘ig
3487 1683 3658 1737 arent,
3693 1687 3744 1728 et
3774 1678 3871 1730 bo-

2271 1774 2391 1811 nam
2428 1759 2495 1812 de
2530 1760 2717 1812 futuris
2747 1776 2895 1827 spem
2945 1762 3220 1826 haberent,
3263 1777 3325 1815 ac
3352 1764 3592 1832 deposita
3627 1767 3867 1834 priorum

2271 1857 2612 1916 peccatorum
2662 1850 2907 1914 sarcina,
2957 1864 3076 1903 cum
3135 1867 3326 1920 magna
3369 1855 3532 1907 animi
3587 1857 3867 1912 alacritate

2267 1941 2463 1995 deinde
2489 1956 2584 2007 pro
2611 1941 2806 1996 virtute
2830 1941 3042 1997 labores
3071 1944 3427 2012 susciperent,
3460 1956 3513 1998 et
3550 1947 3616 2001 ad
3644 1950 3865 2004 sensilia

2269 2032 2412 2086 nulla
2449 2033 2734 2090 iuhiareut.
2788 2035 3144 2105 ominibusque
3177 2038 3452 2104 oorporcis
3498 2039 3658 2093 rebus
3697 2057 3862 2110 supe-

2267 2123 2438 2178 riores
2467 2125 2662 2188 effecti,
2693 2125 2986 2194 spiritualia
3015 2129 3320 2195 acciperent
3357 2133 3495 2183 dona
3531 2148 3544 2182 :
3576 2147 3638 2186 ac
3675 2133 3861 2200 Persa,

2265 2217 2530 2279 Sarmata,
2564 2215 2780 2270 Maurus
2821 2225 2876 2270 et
2917 2216 3098 2280 ludus,
3143 2219 3341 2272 scirent
3369 2221 3560 2274 animae
3600 2223 3866 2290 expiatio-

2263 2320 2408 2370 nem,
2457 2305 2548 2360 Dei
2602 2307 2930 2377 potentiam,
2977 2318 3030 2360 et
3078 2310 3458 2378 benignitatem
3509 2311 3857 2377 ineffabilem,

2257 2399 2382 2451 lidci
2412 2397 2832 2466 philosophiam,
2864 2397 3096 2465 Spiritus
3123 2401 3291 2452 sant-ti
3320 2401 3626 2464 adventum,
3664 2418 3860 2472 corpo-

2263 2504 2380 2541 rum
2440 2487 2915 2551 resurrectionem,
2970 2498 3025 2541 et
3064 2489 3183 2541 vita:
3222 2490 3541 2543 immortaus
3585 2492 3857 2560 dogmata.

2263 2579 2385 2631 “il‘C
2417 2579 2613 2647 quippe
2649 2577 2827 2630 omnia
2868 2587 2922 2630 et
2964 2578 3044 2631 bis
3079 2580 3226 2647 plura
3273 2579 3622 2634 barbaroriuu
3662 2597 3858 2650 genera

2263 2671 2555 2738 piscatores
2610 2669 2660 2722 in
2711 2668 2978 2738 baptismo
3028 2673 3298 2741 mysteriis
3350 2672 3643 2738 inhiantes,
3681 2675 3859 2743 philo-

2258 2759 2476 2828 Sophari
2519 2767 2829 2813 suaserunt.
2863 2759 2987 2812 Haec
3019 2760 3197 2829 itaque
3237 2765 3415 2815 omnia
3454 2774 3702 2819 accurate
3745 2781 3862 2820 ser-

2255 2862 2464 2912 vautcs,
2513 2852 2598 2906 illa
2649 2852 2728 2907 eis
2776 2852 3040 2918 dicamus,
3089 2865 3142 2907 et
3188 2869 3217 2906 a
3271 2855 3372 2906 vita
3421 2872 3630 2924 quoque
3676 2866 3860 2912 nostra

2257 2944 2776 2998 demonstrationem
2835 2958 3052 2996 rursum
3119 2943 3249 3012 ipsis
3297 2943 3691 3008 exlubeamus,
3747 2962 3857 3016 quo

2259 3038 2507 3106 utrinque
2555 3046 2609 3090 et
2659 3051 2756 3088 nos
2799 3037 3029 3089 salutem
3069 3051 3466 3105 consequamur
3510 3048 3566 3091 et
3617 3039 3738 3094 illos
3788 3042 3854 3096 ad

2259 3129 2350 3183 Dei
2377 3128 2600 3198 gloriam
2628 3126 2964 3181 attrahamns
2996 3144 3008 3180 :
3039 3127 3162 3196 quia
3202 3127 3300 3197 ipsi
3331 3138 3411 3183 est
3456 3129 3628 3199 gloria
3670 3132 3724 3185 in
3753 3148 3855 3187 szc-

2253 3220 2395 3275 cula.
2428 3220 2622 3274 Amen.

552 3419 3849 3442 MM

1948 3491 2293 3552 HOMILIA
2343 3492 2510 3551 Vlll.

559 3636 688 3691 CAP.
722 3635 774 3690 3.
805 3649 858 3688 γ.
891 3635 942 3688 1.
973 3632 1037 3686 Et
1078 3649 1203 3704 ego,
1245 3635 1459 3702 fratres,
1504 3648 1605 3685 non
1647 3633 1790 3702 potui
1831 3633 1968 3686 vobis
2011 3633 2148 3704 loqui

617 3735 673 3778 ut
702 3723 1071 3793 spiritualibus,
1101 3722 1190 3776 sed
1218 3731 1270 3775 ut
1296 3721 1606 3786 carnalibus,
1637 3732 1894 3793 tamquam
1918 3726 2144 3792 parvulis

619 3817 671 3868 in
699 3814 920 3870 Christo.
950 3815 1004 3868 2.
1041 3813 1143 3866 Lac
1172 3813 1308 3867 vobis
1342 3823 1516 3880 potum
1545 3814 1696 3880 dedi,
1727 3823 1771 3866 et
1803 3830 1904 3867 non
1933 3830 2098 3867 escam
2125 3829 2144 3867 :

621 3909 846 3959 uetulum
867 3907 999 3958 enim
1018 3906 1279 3975 poteratis.
1302 3903 1410 3958 Sed
1435 3921 1495 3957 ne
1513 3920 1644 3956 nunc
1663 3904 1862 3974 quidem
1890 3906 2094 3973 potestis
2119 3922 2136 3959 :

623 3999 792 4050 adhuc
822 3997 954 4049 enim
987 3996 1219 4049 carnales
1244 3996 1380 4048 estis.

621 4092 675 4143 1.
707 4088 839 4142 Cum
887 4096 1168 4142 externam
1220 4085 1542 4154 sapientiam
1575 4085 1902 4142 confutassel
1929 4128 1944 4154 ,
1977 4097 2031 4143 et
2064 4087 2144 4142 fa-

543 4191 686 4237 stum
715 4185 832 4249 ejus
859 4194 1076 4234 omnem
1109 4176 1396 4247 dejecisset
1417 4219 1431 4243 ,
1472 4177 1537 4232 ad
1570 4178 1711 4232 aliud
1759 4188 2141 4249 argumentum

542 4275 707 4327 venit.
757 4272 888 4326 Nam
938 4271 1233 4325 verisimile
1264 4279 1345 4325 est
1392 4271 1512 4324 illos
1551 4271 1791 4325 dicturos
1836 4272 2040 4326 fuisse:
2087 4271 2141 4325 Si

544 4362 805 4428 Platonis,
835 4369 927 4414 aut
952 4362 1294 4430 Pythagorze,
1327 4367 1418 4412 aut
1445 4359 1722 4428 cujusdam
1754 4361 1974 4415 alterius
2005 4361 2139 4431 phi-

545 4451 755 4522 lusoplti
815 4452 956 4504 dicta
1004 4450 1483 4508 annuntiaremus.
1535 4451 1657 4518 jure
1705 4451 1778 4505 ita
1829 4452 2041 4522 longam
2089 4454 2140 4506 in

545 4561 643 4600 nos
685 4545 1007 4598 instituisses
1037 4544 1335 4599 orationem
1364 4561 1377 4598 :
1407 4542 1452 4596 si
1501 4552 1680 4598 autem
1727 4559 1792 4599 ea
1848 4561 1968 4614 qua:
2018 4558 2144 4600 sunt

543 4639 774 4706 Spiritus
806 4639 1186 4691 annuntiamus
1206 4678 1221 4703 ,
1249 4651 1346 4690 cur
1392 4645 1670 4690 externam
1709 4637 2024 4705 sapientiam
2053 4653 2144 4692 sus

545 4730 718 4796 deque
762 4729 984 4782 versas?
1029 4729 1311 4794 Quomodo
1344 4738 1521 4782 autem
1568 4728 1671 4782 hic
1704 4729 1933 4798 repellant
1974 4731 2139 4785 audi:

548 4817 614 4872 Et
655 4836 743 4888 ego
765 4858 780 4884 ,
807 4821 990 4890 fratres
1011 4859 1024 4881 ,
1049 4834 1148 4870 non
1181 4819 1320 4886 potui
1347 4820 1482 4872 vobis
1524 4821 1660 4888 loqui
1687 4832 1738 4873 ut
1765 4821 2136 4888 spiritualibus.

547 4913 689 4968 Sane
711 4911 925 4982 quidem
944 4910 1149 4965 etiamsi
1173 4910 1390 4979 perfecti
1414 4913 1626 4976 essetis,
1650 4913 1843 4982 inquit,
1871 4925 1923 4969 et
1953 4915 2006 4968 iu
2033 4917 2141 4983 spi-

549 5007 844 5069 ritualibus,
868 5019 1040 5073 neque
1063 5002 1141 5057 sic
1164 5011 1438 5071 oporteret
1457 5003 1667 5067 efferri;
1695 5020 1864 5072 neque
1883 5007 2023 5059 enim
2052 5025 2142 5062 ve-

547 5110 653 5153 stra
677 5095 1026 5158 annuntiatis,
1047 5110 1220 5162 neque
1238 5109 1434 5163 eaquae.
1453 5092 1552 5161 ipsi
1571 5109 1634 5146 ex
1656 5095 1809 5146 vobis
1829 5098 2135 5152 invenistis:

549 5205 687 5243 nunc
715 5201 889 5242 autem
917 5182 1090 5255 neque
1115 5188 1200 5240 illa
1232 5185 1382 5240 scitis
1408 5195 1462 5238 ut
1488 5185 1629 5239 scire
1656 5195 1900 5253 Oportet,
1931 5193 2026 5242 sed
2048 5189 2137 5242 di-

546 5281 735 5348 scipuli
768 5281 898 5334 estis
925 5289 976 5335 et
1005 5280 1244 5334 omnium
1279 5276 1558 5347 postremi.
1587 5275 1766 5346 Itaque
1792 5278 1836 5329 si
1863 5277 1930 5331 de
1958 5291 2136 5333 exter-

549 5387 613 5426 na
660 5370 873 5439 quidem
922 5372 1182 5439 sapientia
1225 5370 1391 5422 altum
1439 5368 1656 5435 sapitis,
1700 5367 1812 5435 jam
1859 5371 2134 5434 probatum

546 5472 626 5517 est
654 5461 793 5513 illaut
825 5461 954 5512 nihil
981 5477 1098 5514 esse
1123 5504 1134 5521 ,
1162 5462 1253 5515 sed
1284 5471 1334 5514 el
1360 5460 1411 5511 in
1444 5458 1812 5535 spiritualibus
1836 5458 1990 5513 nobis
2014 5477 2134 5515 esse

543 5552 870 5611 contrariam
900 5568 911 5602 :
943 5551 988 5604 si
1018 5562 1197 5606 autem
1219 5552 1286 5606 de
1317 5549 1704 5620 spiritualibus,
1733 5549 1783 5602 in
1811 5550 1893 5602 his
1921 5566 2137 5619 quoque

544 5642 686 5712 quod
717 5644 894 5697 minus
929 5650 1013 5696 est
1045 5641 1251 5697 habetis
1272 5685 1288 5708 ,
1320 5651 1375 5697 et
1411 5643 1551 5695 inter
1579 5641 1798 5694 ultimos
1829 5641 1980 5695 estis.
2014 5642 2138 5696 Ideo

547 5734 653 5798 ait,
687 5732 805 5786 Non
835 5734 972 5801 potui
1000 5733 1136 5784 vobis
1166 5734 1301 5801 loqui
1330 5743 1385 5787 ut
1422 5733 1793 5803 spiritualibus.
1828 5732 1941 5786 Non
1972 5732 2134 5798 dixit,

549 5822 664 5879 Non
693 5824 941 5894 loquutus
970 5842 1109 5889 sum,
1136 5841 1201 5879 ne
1230 5825 1502 5880 videretur
1521 5840 1586 5881 ex
1623 5826 1818 5881 invidia
1843 5841 1955 5881 rem
1977 5840 2128 5890 esse;

2266 3633 2361 3687 sed
2393 3632 2677 3702 dupliciter
2708 3632 2920 3687 illorum
2964 3646 3182 3687 sensum
3218 3633 3452 3688 evertit:
3489 3650 3594 3688 uno
3638 3635 3855 3705 quidem

2257 3724 2418 3778 modo
2445 3723 2768 3788 ostendens,
2801 3722 2946 3793 quod
2981 3724 3216 3794 perfecta
3256 3726 3536 3791 nesciant;
3559 3728 3734 3783 altero
3762 3744 3856 3782 au-

2260 3827 2368 3872 tem
2389 3857 2403 3880 ,
2435 3815 2578 3886 quod
2629 3815 2728 3886 ipsi
2762 3815 2815 3869 in
2866 3830 3029 3869 causa
3060 3817 3168 3870 sint
3196 3816 3340 3886 quod
3386 3818 3663 3886 nesciant;
3697 3819 3855 3874 tertio

2253 3907 2414 3960 etiam
2438 3947 2453 3971 ,
2485 3906 2626 3976 quod
2667 3905 2917 3960 ostendat
2955 3906 3079 3959 illos
3118 3921 3187 3960 ne
3233 3921 3374 3960 nunc
3419 3909 3636 3976 quidem
3666 3923 3846 3978 posse.

2253 3995 2386 4050 Nam
2432 3996 2574 4064 quod
2608 3995 2760 4048 initio
2800 4009 2906 4048 non
2941 3997 3249 4064 potuerint,
3285 4011 3350 4050 ex
3384 4007 3571 4052 natura
3621 3997 3852 4054 fortasse

2255 4087 2332 4139 rei
2377 4094 2532 4140 erat:
2565 4101 2888 4154 quamquam
2937 4101 3004 4140 ne
3051 4085 3189 4140 hanc
3233 4087 3450 4155 quidem
3483 4090 3588 4144 illis
3633 4091 3852 4161 reliquit

2256 4174 2645 4232 defensionem.
2686 4176 2803 4230 Non
2833 4177 2976 4231 enim
3007 4176 3135 4231 dicit
3162 4177 3284 4231 illos
3316 4177 3438 4232 ideo
3463 4181 3711 4235 sublimia
3743 4198 3849 4236 nou

2259 4269 2598 4337 suscepisse,
2648 4269 2790 4339 quod
2840 4285 2945 4322 non
2993 4279 3210 4338 possent
3248 4268 3552 4338 suscipere,
3599 4272 3693 4326 sed
3726 4275 3848 4341 quia

2252 4359 2498 4413 carnales
2543 4369 2718 4414 erant.
2756 4360 2948 4413 Verum
2980 4361 3029 4412 in
3067 4360 3329 4430 principio
3368 4361 3584 4430 quidem
3617 4364 3695 4418 sic
3737 4380 3844 4418 nou

2253 4448 2444 4503 fuisset
2468 4451 2890 4517 reprehensione
2913 4450 3161 4518 dignum;
3195 4449 3289 4504 sed
3318 4466 3438 4504 cum
3469 4460 3672 4507 tantum
3701 4453 3848 4508 θωυ-

2252 4540 2418 4594 xisset
2447 4549 2691 4609 tempus,
2736 4540 2971 4592 nondum
3005 4539 3070 4591 ad
3123 4539 3444 4608 perfectiora
3497 4545 3844 4612 pervenisse,

2253 4632 2303 4685 id
2327 4641 2583 4686 extremae
2610 4641 2726 4687 erat
2756 4630 3003 4701 ignavi-.12.
3035 4631 3143 4686 liae
3173 4648 3386 4702 quoque
3408 4634 3474 4688 de
3505 4650 3565 4689 re
3591 4634 3846 4689 Hebraeos

2251 4735 2500 4791 accusat,
2534 4726 2626 4778 scd
2670 4743 2773 4778 non
2807 4740 2928 4778 cum
2973 4733 3120 4777 tanta
3163 4725 3523 4779 vehementia.
3563 4725 3694 4780 Nam
3726 4728 3845 4782 illos

2250 4816 2464 4885 quidem
2492 4817 2622 4870 dicit
2644 4817 2714 4869 ob
2756 4814 3131 4869 tribulationes
3166 4816 3295 4869 tales
3327 4830 3447 4869 esse
3469 4856 3483 4880 ,
3534 4817 3632 4871 hos
3662 4828 3844 4872 autem

2251 4909 2320 4961 ob
2353 4909 2603 4978 nequitia:
2633 4909 2962 4963 desiderium
2990 4926 3002 4958 :
3039 4907 3140 4959 hoc
3170 4917 3346 4960 autem
3383 4918 3432 4962 et
3460 4908 3591 4962 illud
3621 4926 3729 4962 non
3757 4910 3841 4962 in-

2251 5011 2332 5055 ter
2361 5016 2418 5056 sc
2449 5003 2595 5071 paria
2627 5013 2767 5056 sunt.
2805 5003 2870 5056 Et
2898 5001 3130 5054 ostendit
3165 5016 3222 5054 se
3255 5002 3374 5054 illos
3417 5003 3631 5070 quidem
3666 5004 3844 5056 incre-

2249 5106 2395 5162 pare,
2425 5094 2524 5146 bos
2550 5104 2726 5146 autem
2755 5094 2924 5162 magis
2953 5093 3304 5157 exeitantem,
3331 5093 3442 5146 lucc
3470 5109 3588 5147 cum
3617 5095 3843 5146 veritate

2247 5186 2470 5240 dixisse.
2516 5185 2607 5238 llis
2636 5186 2831 5254 quippe
2875 5184 3034 5249 dicit,
3079 5184 3183 5236 Sed
3225 5200 3382 5251 neque
3413 5202 3547 5238 nunc
3591 5185 3838 5252 potestis:

2247 5278 2354 5332 illis
2407 5287 2625 5331 autem:
2684 5277 3011 5345 Quapropter
3069 5275 3448 5330 intermittentes
3497 5276 3842 5329 inchoationis

2247 5371 2436 5424 Christi
2465 5386 2740 5422 sermonem
2763 5410 2778 5433 ,
2809 5369 2878 5420 ad
2922 5367 3277 5435 perfectionem
3321 5370 3550 5438 feramur
3579 5366 3764 5437 (Hebr.
3787 5368 3840 5422 6.

2248 5463 2300 5515 1.
2332 5472 2376 5515 ct
2407 5461 2498 5525 9);
2528 5471 2573 5514 et
2612 5474 2825 5514 rursum
2862 5477 2874 5511 :
2921 5457 3236 5525 Conlidimus
3265 5462 3327 5513 de
3373 5459 3509 5512 vobis
3543 5457 3756 5510 meliora
3797 5470 3844 5510 et

2244 5553 2398 5604 soluti
2440 5553 2720 5614 Ita'reutia,
2766 5551 2859 5604 etsi
2901 5555 2970 5603 ita
3012 5551 3286 5618 loquimur.
3322 5551 3386 5603 Et
3425 5548 3694 5617 quomodo
3725 5564 3842 5616 eos.

2244 5644 2333 5711 qui
2367 5653 2571 5696 tantum
2599 5642 2857 5710 Spiritum
2885 5653 3239 5712 acceperant,
3271 5640 3518 5693 carnales
3567 5639 3839 5706 appellat,

2245 5749 2380 5802 quos
2411 5735 2562 5788 initio
2596 5735 2756 5788 tantis
2795 5744 2877 5788 est
2900 5735 3143 5789 laudibus
3175 5733 3570 5801 prosequutus?
3601 5731 3733 5796 Quia
3766 5733 3840 5786 illi

2247 5841 2459 5897 quoque
2486 5827 2728 5881 carnales
2761 5836 2946 5892 cram,
2993 5825 3184 5895 quibus
3225 5824 3353 5877 dicit
3385 5823 3680 5878 Dominus:
3714 5821 3836 5877 Dis-
