4082 6326
692 374 761 432 69
1371 361 1432 417 S.
1472 357 1767 418 JOANNIS
1799 351 2285 412 CllltYSOSTOMI

2388 351 2651 406 RCIIIEP.
2693 348 2964 405 CONSTA
2974 350 3228 408 ΝΪΙΝΟΡ
3906 356 3982 409 '70

691 485 830 556 πρὸς
855 483 950 546 οὖς
995 497 1158 552 φησιν
1183 480 1214 534 6
1237 477 1462 550 Κύριος*
1504 475 1795 546 ’Υπάτετε
1819 475 1922 529 ἀπ’
1957 471 2124 542 ἐμοῦ,
2168 471 2278 556 οὐκ

690 551 824 624 οἶδα
847 565 1022 636 ὑμᾶς,
1051 566 1106 616 οί
1127 562 1499 632 ἑρπυζόμενοι
1525 560 1644 628 τὴν
1660 559 1949 627 ἀνομίαν·
1979 555 2157 608 καίτοι
2188 551 2279 606 καὶ⁵

690 651 953 720 δαίμονας
984 647 1260 712 ἐξέϐαλον,
1291 646 1389 698 καὶ
1413 645 1643 714 νεκροὺς
1671 643 1998 713 ἀνέστησαν,
2029 641 2122 694 καὶ
2147 654 2280 708 προ-

694 732 924 802 φητείας
975 730 1344 797 ἐπεδείξαντο.
1373 729 1540 782 ’Ὥστε
1592 727 1706 780 ἐστι
1744 725 1838 778 καὶ
1877 727 2080 795 σημεῖα
2129 723 2288 791 ποιή·

695 831 867 869 σαντα
900 810 1039 868 εἶναι
1070 811 1354 884 σαρκικὸν.
1383 810 1495 865 Καὶ
1532 808 1643 879 γὰρ
1675 807 1754 877 τῷ
1780 807 2007 876 Βαλαὰμ
2045 806 2284 876 ἐνήργη-

692 915 783 952 σεν
809 900 838 950 6
861 897 1014 959 Θεδς.
1053 898 1149 948 καὶ
1170 893 1247 963 τῷ
1284 893 1486 963 Φαραὼ
1528 892 1598 944 τά
1636 889 1903 960 μέλλοντα
1939 884 2280 955 ἀπεκάλυψε,

691 981 787 1035 καὶ
819 979 898 1050 τῷ
919 976 1415 1048 Ναὸουχοδονόσορ,
1456 975 1552 1030 καὶ
1592 973 1850 1040 Καϊάφας
1881 969 2283 1042 προεφήτευσε,

688 1067 791 1117 οὐκ
823 1062 980 1124 εἰδὼς
1011 1063 1047 1114 ἃ
1083 1061 1257 1130 ἔλεγε·
1293 1061 1389 1115 καὶ
1423 1060 1601 1130 ἕτεροι
1636 1057 1693 1110 δέ
1730 1073 1876 1119 τινες
1917 1055 2170 1125 δαιμόνια
2196 1053 2285 1118 ἐξ-

691 1146 884 1199 έϐαλον
945 1142 1022 1213 τῷ
1064 1143 1229 1196 αὑτοῦ
1281 1143 1529 1212 ὀνόματι,
1582 1139 1683 1193 οὐκ
1728 1138 1882 1201 ὄντες
1938 1137 2055 1206 μετ’
2093 1135 2282 1199 αὐτοῦ,

689 1227 880 1289 ἐπειδὴ
906 1229 966 1280 ού
988 1227 1076 1280 διά
1107 1220 1233 1289 τόὺς
1261 1225 1552 1287 ποιοῦντας
1582 1223 1756 1278 ταῦτα
1791 1223 2023 1291 γίνεται,
2053 1221 2192 1275 ἀλλά
2215 1221 2284 1273 δι’

691 1314 928 1384 ἐτέρους.
961 1312 1231 1374 Πολλάκις
1261 1309 1319 1363 δέ
1347 1310 1442 1363 καὶ
1481 1309 1549 1361 δι’
1574 1306 1814 1372 ἀναξίων
1848 1307 2022 1358 ταῦτα
2052 1306 2282 1374 ἐγίνετο.

688 1399 798 1458 Καὶ
831 1396 880 1448 τί
910 1395 1234 1465 θαυμάζεις,
1273 1395 1321 1445 εἰ
1359 1393 1452 1444 ἐπὶ
1474 1391 1688 1461 ἀνδρῶν
1715 1390 1950 1454 ἀναξίων
1973 1390 2039 1442 δι’
2063 1390 2287 1459 ἐτέρους

686 1478 861 1531 ταῦτα
891 1478 1122 1543 γίνεται,
1155 1477 1293 1528 ὅπου
1322 1492 1386 1543 γε
1419 1475 1512 1527 καὶ
1542 1474 1610 1527 δι’
1645 1473 1853 1540 ἀγίων;
1890 1473 1980 1526 καὶ
2001 1470 2111 1541 γάρ
2139 1471 2287 1523 Παῦ-

685 1561 777 1621 λός
821 1577 974 1628 φησι·
1029 1557 1237 1623 Πάντα
1278 1556 1447 1627 ὑμῶν
1496 1559 1674 1618 είσιν,
1721 1556 1842 1608 alta
1882 1552 2124 1618 Παῦλος
2164 1554 2286 1607 ειτε

698 1641 1009 1706 Ἀπολλὼς
1039 1643 1161 1694 εἴτε
1189 1639 1420 1708 Κηφᾶς,
1445 1641 1566 1693 εἴτε
1593 1637 1703 1705 ζωὴ
1728 1640 1850 1690 εἴτε
1882 1638 2157 1702 θάνατος·
2191 1638 2288 1690 καὶ

687 1725 870 1786 πάλιν,
908 1725 990 1776 δτι
1045 1724 1238 1787 Αὐτὸς
1289 1722 1475 1776 ἔδωκε
1520 1721 1658 1788 τοὺς
1708 1721 1830 1790 μὲν
1872 1722 2282 1786 ἀποστόλους,

685 1806 830 1871 τοὺς
849 1806 918 1858 δὲ
939 1804 1273 1874 προφήτας,
1301 1804 1443 1870 τοὺς
1465 1804 1534 1857 δὲ
1559 1805 1852 1873 ποιμένας
1876 1803 1975 1856 καὶ
1998 1803 2286 1857 διδασκά-

685 1893 836 1954 λους
900 1889 1052 1956 πρὸς
1099 1888 1509 1956 καταρτισμὸν
1546 1886 1665 1941 τῶν
1709 1887 1917 1956 ἁγίων,
1967 1889 2056 1950 εις
2110 1885 2288 1953 ἔργον

684 1973 1014 2038 διακονίας.
1060 1971 1213 2024 Ἐπεί⁵
1257 1971 1306 2023 εί
1339 1971 1414 2042 μὴ
1445 1969 1606 2024 τοῦτο
1633 1965 1722 2039 ἦν,
1752 1968 1908 2020 οὐδὲν
1948 1966 2016 2020 ἂν
2045 1967 2287 2020 ἐκώλυσε

686 2057 898 2117 πάντας
942 2053 1332 2123 διαφθαρῆναι.
1371 2050 1668 2121 Συμδαίνει
1711 2050 1820 2119 γὰρ
1864 2049 2132 2119 ἄρχοντας
2186 2049 2287 2119 μὲν

686 2132 829 2188 εἶναι
874 2135 1116 2202 φαύλους
1172 2134 1268 2185 καὶ
1321 2134 1592 2206 μιαροὺς,
1643 2135 1774 2197 τοὺς
1824 2133 1881 2186 δὲ
1942 2132 2286 2202 ἀρχομένους

687 2220 960 2280 ἐπιεικεῖς
987 2217 1082 2269 καὶ
1114 2217 1395 2288 μετρίους,
1425 2217 1520 2270 καὶ
1552 2216 1777 2278 λαῖκους
1810 2216 1910 2284 μὲν
1945 2217 2002 2268 ἐν
2031 2214 2286 2286 εὐλαϐείᾳ

687 2300 809 2372 ζῇν,
846 2301 1028 2372 ἱερέας
1061 2300 1118 2352 δὲ
1143 2301 1202 2351 ἐν
1232 2300 1485 2371 πονηρίᾳο
1516 2299 1611 2352 καὶ
1646 2299 1748 2351 οὐκ
1776 2298 2004 2367 ἔμελλεν
2041 2299 2164 2352 οὐδὲ
2189 2298 2287 2368 βά-

687 2401 902 2454 πτισμα
930 2380 1094 2448 εἶναι,
1129 2380 1254 2434 οὕτε
1286 2381 1447 2453 σῶμα
1477 2379 1880 2452 Χριστοῦ,ούτε
1913 2381 2205 2450 προσφορά
2218 2380 2284 2432 δι’

686 2467 936 2527 ἐκείνων,
962 2466 1012 2517 εί
1043 2465 1322 2534 πανταχοῦ
1355 2465 1453 2535 τὴν
1476 2465 1636 2529 ἀξίαν
1665 2466 1699 2532 ή
1731 2462 1892 2532 χάρις
1918 2462 2124 2533 ἐζήτει.
2147 2462 2286 2515 Νυνὶ

685 2547 742 2600 δέ
776 2547 868 2598 καὶ
899 2545 966 2598 δι’
1000 2545 1237 2609 ἀναξίων
1263 2545 1455 2600 είωθεν
1485 2546 1730 2617 ἐνεργεῖν
1761 2547 1790 2598 6
1821 2544 1974 2608 Θεὸς,
2007 2545 2102 2598 καὶ
2131 2545 2284 2597 οὐδὲν

686 2631 782 2684 τοῦ
817 2629 1199 2702 βαπτίσματος
1223 2629 1443 2702 ἠιχάρις
1479 2629 1631 2701 παρὰ
1658 2627 1752 2682 τοῦ
1778 2628 1896 2698 βίου
1923 2640 1947 2668 ι
1977 2626 2071 2681 τοῦ
2095 2629 2286 2696 ἱερέως

689 2714 1162 2784 παραδλάπτεταυ
1207 2715 1332 2767 ἐπεὶ
1373 2713 1600 2783 εμελλεν
1633 2715 1662 2767 ὁ
1690 2711 1988 2782 λαμδάνων
2029 2711 2287 2763 ἐλαττοῦ-

688 2800 834 2853 σθαι.
861 2801 1024 2854 Ὥστε
1064 2803 1114 2854 εί
1145 2802 1238 2853 καὶ
1279 2797 1575 2860 σπανιάκις
1598 2797 1812 2865 γίνεται
1842 2795 2039 2858 ταῦτα,
2072 2793 2286 2863 γίνεται

685 2881 816 2948 γοῦν
841 2883 1012 2951 ὅμως.
1048 2881 1236 2935 Ταῦτα
1256 2879 1312 2933 δὲ
1343 2880 1507 2946 λέγω,
1539 2879 1628 2934 ἵνα
1663 2880 1738 2949 μή
1761 2896 1843 2941 τις
1868 2877 1978 2931 τῶν
2007 2876 2288 2948 παρεστώ·

686 2981 796 3017 των
821 2964 912 3017 τὸν
941 2965 1058 3034 βίον
1089 2965 1590 3036 περιεργαζόμενος
1614 2963 1708 3016 τοῦ
1750 2962 1962 3033 ἱερέως,
1995 2961 2287 3016 σκανδαλί-

659 3045 848 3115 ιζηται
885 3049 1014 3117 περὶ
1048 3046 1116 3100 τά
1156 3046 1478 3116 τελούμενα.
1523 3044 1689 3097 Οὐδὲν
1722 3043 1833 3113 γάρ
1863 3043 2154 3113 ἄνθρωπος
2205 3046 2286 3107 εἰς

685 3127 756 3181 τὰ
801 3131 1142 3200 προκείμενα
1182 3130 1415 3193 εἰσάγει,
1456 3127 1596 3182 ἀλλά
1628 3127 1693 3180 τὸ
1736 3128 1847 3179 πᾶν
1894 3127 1990 3195 τῆς
2027 3126 2122 3180 τοῦ
2149 3126 2286 3183 Θεοῦ

687 3209 977 3280 δυνάμεως
1022 3212 1183 3282 ἔργον
1239 3212 1375 3276 ἐστὶ,
1403 3211 1658 3274 κάκεῖνός
1697 3211 1847 3263 ἐστιν
1882 3210 2028 3280 ὑμᾶς
2056 3212 2084 3262 6
2116 3227 2288 3279 μυστ-

687 3293 944 3361 αγωγῶν.
974 3295 1167 3365 Κάγὼ,
1207 3295 1481 3359 ἀδελφοί,
1511 3297 1621 3350 οὐκ
1651 3293 1970 3363 ἠδυνήθην
2000 3295 2145 3363 ὑμῖν
2179 3297 2286 3349 λα’

687 3372 876 3442 λῆσαι
937 3378 1020 3444 ὡς
1077 3379 1540 3447 πνευματικοῖς,
1602 3378 1741 3432 ἀλλ’
1801 3379 1882 3443 ὠς
1951 3378 2283 3446 σαρκικοῖς.

688 3457 861 3511 Γάλα
905 3461 1063 3529 ὑμᾶς
1110 3461 1386 3521 ἐπότισα,
1418 3463 1491 3515 οὐ
1530 3458 1745 3529 ,ϐρῶμα
1767 3452 1966 3514 ὀὔπω
2000 3461 2112 3531 γὰρ
2148 3460 2284 3514 ἐδύ-

687 3543 897 3594 νασθε.
924 3543 1043 3596 Ἰνα
1085 3543 1195 3614 γὰρ
1240 3543 1313 3614 μὴ
1350 3543 1480 3616 δόξῃ
1509 3543 1816 3614 φιλοτιμίας
1845 3542 2032 3616 ἐνεκεν
2067 3541 2285 3613 εἰρηκέ-

688 3642 774 3677 ναι
802 3623 976 3678 ταῦτα
1015 3626 1159 3698 ᾇπερ
1189 3628 1432 3698 εἴρηκεν,
1461 3627 1544 3680 ὅτι
1602 3627 1663 3678 '0
1688 3625 2093 3706 πνευματικὸς
2124 3625 2284 3680 ἀνα-

687 3710 879 3776 κρίνει
936 3709 1008 3762 τὰ
1063 3710 1281 3772 πάντα,
1325 3711 1420 3763 καὶ
1471 3711 1554 3764 δτι
1595 3710 1726 3762 Ὑκ’
1753 3707 2001 3775 οὐδενὸς
2037 3709 2280 3778 ἀνακρι-

687 3807 876 3854 νεται,
909 3789 1002 3843 καὶ
1030 3791 1113 3844 δτι
1157 3791 1321 3845 Νοῦν
1347 3791 1611 3862 Χριστοῦ
1642 3791 1883 3860 ἔχομεν,
1941 3791 2038 3844 καὶ
2065 3791 2158 3844 τὸν
2190 3790 2285 3844 τῦ-

688 3868 789 3941 φον
823 3875 1004 3928 αὐτῶν
1029 3876 1429 3939 καταστέλλων,
1457 3877 1560 3946 δρα
1589 3873 1641 3928 τί
1663 3890 1846 3945 φησιν’
1875 3874 1950 3928 Ού
1985 3873 2075 3928 διά
2101 3874 2282 3943 τοῦτο,

692 3956 880 4023 φησὶν,
927 3959 1182 4028 ἐσίγησα,
1243 3958 1318 4021 ὡς
1367 3957 1731 4012 οὐδὲνπλέον
1786 3957 2090 4027 δυνάμενος
2154 3959 2284 4028 ὑμῖν

690 4038 886 4102 εἰπεῖν,
915 4039 1030 4093 ἀλλ’
1071 4042 1155 4095 δτι
1191 4040 1445 4112 σαρκικοί
1480 4041 1625 4095 ἐστε.
1667 4037 1833 4095 Ἀλλ’
1858 4039 2003 4094 οὐδὲ
2045 4040 2134 4096 ἔτι
2165 4039 2284 4095 νῦν

689 4118 976 4174 δύνασθε.

763 4269 828 4340 β’.
859 4267 960 4322 Διά
989 4269 1043 4322 τί
1070 4267 1148 4340 μὴ
1173 4265 1347 4335 εἶπεν,
1375 4271 1449 4324 Οὐ
1474 4270 1680 4331 θέλετε.
1713 4271 1850 4336 ἀλλ’,
1872 4274 1959 4325 Οὐ
1976 4271 2280 4336 (hii-ach;

690 4353 814 4406 Ὅτι
847 4351 990 4426 [καί]
1018 4352 1178 4405 τοῦτο
1202 4346 1316 4405 ἀντ’
1351 4355 1563 4410 ὲκείνου
1597 4356 1826 4409 τέθεικε.
1860 4354 1933 4408 Τὸ
1958 4355 2066 4425 γάρ
2096 4353 2170 4425 μὴ
2194 4353 2284 4406 δύ-

691 4435 908 4500 νασθαι,
942 4435 1103 4488 τοῦτο
1140 4435 1248 4488 ἀπὸ
1284 4433 1376 4488 τοῦ
1417 4437 1491 4504 μὴ
1531 4437 1708 4490 θέλειν
1735 4437 1902 4490 ἐστίν’
1926 4439 2062 4508 ὅπερ
2099 4437 2283 4499 αὐτοῖς

695 4518 795 4588 μὲν
831 4517 985 4584 φέρει
1011 4518 1374 4590 κατηγορίαν,
1396 4517 1474 4589 τῷ
1503 4518 1560 4572 δὶ
1583 4518 1890 4587 διδασκάλῳ
1925 4519 2280 4587 συγγνώμην.

692 4600 758 4653 El
789 4598 888 4668 μὲν
924 4599 1032 4669 γάρ
1075 4602 1184 4653 ἀπὸ
1223 4601 1440 4672 φύσεως
1479 4601 1580 4655 ούκ
1618 4598 1903 4670 ἠδύναντο,
1931 4599 2062 4660 ῐσως
2089 4599 2154 4651 ἄν
2199 4616 2285 4664 τις

693 4683 960 4751 συνέγνω’
995 4683 1187 4752 ἐπειδὴ
1219 4684 1274 4737 δὲ
1311 4685 1420 4738 ἀπὸ
1454 4685 1850 4758 προαιρέσεως,
1881 4681 2285 4752 ἀπεστέρηνται

692 4767 792 4838 τῆς
817 4766 1132 4835 ἀπολογίας.
1174 4761 1307 4818 Εἶτα
1337 4767 1483 4836 λέγει
1509 4771 1603 4822 καὶ
1628 4769 1690 4822 τὸ
1713 4765 1854 4831 εἶδος
1880 4767 1942 4821 τὸ
1976 4765 2165 4819 ποιοῦν
2195 4763 2286 4817 a6-

692 4851 820 4910 τοὺς
852 4843 1168 4921 σαρκικούς·
1213 4849 1409 4902 ’Ὅπου
1431 4851 1542 4918 γὰρ
1568 4852 1639 4902 ἐν
1661 4851 1805 4919 ὑμῖν
1841 4850 1967 4916 ἔρις
1990 4849 2089 4902 καί
2108 4846 2287 4915 ζῆλος

693 4931 792 4983 καί
816 4931 1201 4998 διχοστασία,
1223 4931 1362 5001 οὐχί
1383 4935 1666 4999 σαρκικοί
1687 4933 1849 4995 ἐστε,
1890 4933 1988 4985 καὶ
2011 4932 2160 4986 κατὰ
2181 4929 2285 4984 ἄν·

695 5015 931 5078 θρωπον
970 5015 1373 5079 περιπατεῖτε;
1401 5013 1516 5087 [67]
1550 5013 1745 5067 Καίτοι
1778 5015 1876 5066 καὶ
1908 5015 2165 5081 πορνείας
2191 5012 2286 5066 καὶ

695 5093 986 5160 ἀσελγείας
1018 5093 1156 5163 ἔχων
1181 5097 1364 5151 αὐτῶν
1403 5099 1602 5160 εἰπεῖν,
1649 5097 1826 5147 ἐκεῖνο
1863 5094 2062 5163 μᾶλλον
2107 5096 2288 5164 τίθησι

697 5176 756 5228 τὸ
796 5175 1122 5245 ἁμάρτημα,
1159 5177 1298 5247 ὅπερ
1335 5179 1640 5232 ἐσπούδασε
1680 5176 2081 5249 διορθώσασθαι
2125 5179 2283 5240 τέως.

699 5260 760 5312 Εἰ
793 5259 847 5312 δὲ
903 5261 1062 5331 ζῆλος
1107 5262 1404 5332 σαρκικοὺς
1439 5267 1603 5329 ποιεῖ,
1647 5263 1765 5333 ὥρα
1815 5260 2000 5314 λοιπὸν
2041 5261 2291 5325 ἅπαντας

698 5341 940 5406 ὀλολῦξσι
974 5345 1118 5413 μέγα
1148 5345 1243 5398 καὶ
1291 5343 1495 5396 σάκκον
1530 5346 1918 5415 περιϐαλέσθαι
1963 5342 2058 5396 καὶ
2094 5343 2289 5396 σποδὸν

699 5424 1173 5493 ὑποστρώσασθαι.
1201 5427 1298 5490 Τίς
1341 5426 1449 5496 γὰρ
1491 5427 1585 5478 τοῦ
1644 5429 1851 5492 πάθους
1890 5426 2081 5481 τούτου
2119 5424 2292 5480 καθα-

697 5509 820 5577 ρός;
853 5507 994 5577 πλὴν
1027 5511 1074 5561 εἰ
1111 5511 1185 5580 μὴ
1213 5510 1307 5563 ἀπ’
1333 5507 1571 5579 ἐμαυτοῦ
1606 5511 1701 5562 καὶ
1732 5511 1800 5564 τά
1826 5511 1934 5565 τῶν
1961 5509 2140 5565 ἄλλων
2169 5525 2290 5561 στο-

697 5592 952 5662 χάζομαι.
987 5593 1049 5645 El
1078 5593 1238 5662 ζῆλος
1284 5594 1583 5665 σαρκικοὺς
1617 5599 1760 5648 ποιεῖ
1788 5599 1881 5650 καὶ
1911 5597 2013 5650 ούκ
2063 5595 2289 5665 ἀφίησιν

697 5672 835 5728 εἶναι
879 5679 1308 5747 πνευματικοὺς,
1365 5678 1542 5730 καίτοι
1593 5693 1658 5744 γε
1696 5681 2139 5750 προφητεύοντας
2196 5679 2290 5732 καὶ

696 5757 860 5830 ιτερα
905 5759 1192 5830 θαυμαστά
1236 5762 1732 5832 ἐπιδεικνυμένους
1780 5765 1909 5821 ὅταν
1952 5765 2091 5840 μηδὲ
2127 5764 2289 5838 χάρις

756 5912 776 5939 ⁸
803 5916 869 5966 ιιι
896 5919 1040 5981 ιιρω
1064 5929 1186 5969 eam
1221 5933 1357 5982 vero,
1383 5923 1412 5978 ἡ
1442 5921 1574 5984 χάρις
1594 5919 1679 5969 τοῦ
1718 5921 1842 5984 βίου.

2388 467 2624 538 τοσαύτη
2673 471 2848 540 παρῇ,
2894 469 2997 522 ποῦ
3049 470 3289 539 θήσομεν
3338 469 3406 523 τὰ
3435 469 3705 541 ἡμέτερα,
3736 471 3868 524 ὅταν
3911 472 3986 543 μὴ

2388 547 2493 602 ἐπῖ
2511 551 2687 623 τούτῳ
2713 553 2881 623 μόνῳ,
2913 553 3174 607 ἀλλὰκαὶ
3204 553 3290 622 ἐφ’
3325 554 3535 624 ἐτέροις
3563 554 3810 624 μείζοσιν
3837 548 3986 625 ὦμεν

2389 634 2771 704 ἀλισκὸμενοι;
2833 635 3117 688 Ἐντεῦθεν
3179 634 3547 706 μανθάνομεν,
3611 637 3692 690 ὅτι
3755 638 3985 701 εἰκότως

2387 716 2574 785 ἔλεγεν
2605 719 2633 770 6
2660 719 2916 789 Χριστὸς,
2942 719 3025 772 δτι
3061 721 3090 771 ὁ
3118 719 3288 770 ποιῶν
3318 717 3388 770 τά
3417 719 3598 787 φαῦλα
3625 720 3729 773 ούκ
3765 721 3987 790 ἔρχεται

2387 800 2523 869 πρὸς
2564 800 2625 853 τὸ
2673 801 2809 869 φῶς,
2848 803 2942 855 καὶ
2969 803 3050 856 δτι
3087 801 3200 870 βίος
3227 800 3541 870 ἀκάθαρτος
3579 803 3866 872 ἐμποδίζει
3907 802 3988 854 δό-

2386 900 2594 953 γμασιν
2645 885 2894 956 ὑψηλοῖς,
2943 886 3044 939 οὐκ
3081 885 3242 953 ἀφεὶς
3291 884 3355 937 τὸ
3393 884 3701 955 διορατικὺν
3748 886 3987 956 φανῆναι

2385 966 2485 1036 τῆς
2515 967 2778 1032 διανοίας.
2823 971 3034 1040 Ὥσπερ
3079 968 3173 1023 οὖν
3217 969 3317 1021 οὐκ
3360 967 3509 1021 ἐστιν
3542 969 3809 1039 ἐνπλάνῃ
3858 969 3988 1022 ὄντα

2386 1050 2479 1102 καὶ
2505 1050 2683 1121 ὀρθῶς
2714 1050 2934 1120 βιοῦντα
2989 1056 3169 1120 μεῖναι
3214 1053 3270 1103 ἐν
3319 1051 3499 1122 πλάνῃ
3538 1051 3688 1116 ποτὲ,
3716 1050 3897 1112 οὕτως
3928 1051 3987 1101 οὐ

2389 1133 2571 1203 ῥᾴδιον
2633 1135 2871 1205 πονηρίᾳ
2929 1135 3373 1205 συντρεφόμενον·
3421 1135 3722 1203 ἀναϐλέψαι
3777 1135 3988 1204 ταχέως

2389 1213 2529 1282 πρὸς
2575 1216 2635 1269 τὸ
2679 1217 2788 1269 τῶν
2821 1218 3108 1286 παρ’ήμῖν
3141 1217 3429 1286 δογμάτων
3488 1217 3644 1285 ὕψος,
3699 1217 3838 1270 ἀλλά
3885 1218 3990 1289 χρὴ

2388 1295 2608 1348 πάντων
2643 1301 2971 1370 καθαρεύειν
3012 1299 3122 1351 τῶν
3147 1298 3338 1352 παθῶν
3366 1299 3459 1351 τὸν
3505 1299 3773 1368 μέλλοντα
3817 1299 3990 1370 θηρᾷν

2386 1379 2487 1449 τὴν
2514 1381 2790 1449 ἀλήθειαν.
2825 1383 2884 1435 ὐ
2916 1383 3025 1450 γὰρ
3057 1381 3262 1434 τούτων
3299 1381 3739 1452 ἀπηλλαγμένος,
3768 1381 3865 1434 καὶ
3893 1382 3989 1451 τῆς

2389 1463 2602 1533 πλάνης
2652 1464 3125 1535 ἀπαλλαγήσεται,
3177 1464 3273 1518 καὶ
3312 1464 3658 1529 ἐπιτεύξεται
3713 1463 3816 1532 τῆς
3851 1464 3990 1532 ἀλη-

2389 1544 2559 1606 θείας.
2589 1544 2682 1616 Μὴ
2711 1546 2819 1616 γάρ
2862 1565 2951 1616 μοι
2975 1549 3036 1600 τὸ
3063 1546 3139 1618 μὴ
3168 1547 3514 1601 πλεονεκτεῖν
3543 1546 3726 1616 μόνον,
3766 1546 3905 1614 μηδὲ
3935 1545 3993 1598 τὸ

2391 1629 2468 1699 μὴ
2494 1629 2778 1698 πορνεύειν
2804 1632 2994 1699 ἀρκεῖν
3016 1633 3095 1694 εἰς
3119 1630 3281 1684 τοῦτό
3305 1647 3387 1684 σοι
3414 1631 3602 1700 νόμιζε
3629 1639 3671 1694 ⁸,
3703 1629 3842 1684 ἀλλά
3882 1630 3989 1698 χρὴ

2389 1713 2567 1765 πάντα
2613 1713 2940 1781 συνδραμεῖν
2985 1714 3065 1782 τῷ
3117 1713 3373 1783 ζητοῦντι
3416 1714 3674 1784 τάληθές.
3729 1713 3822 1765 Διό
3857 1730 3989 1783 φησι

2390 1793 2597 1861 Πέτρος
2624 1808 2635 1822 ·
2688 1794 2808 1844 Ἐπ’
2837 1797 3126 1859 ἀληθείας
3155 1797 3710 1864 καταλαμϐάνομαι,
3749 1795 3840 1848 ὅτι
3879 1798 3992 1848 οὐκ

2389 1876 2521 1929 ἐστι
2549 1876 3082 1944 προσωπολήπτης
3111 1881 3144 1930 ό
3175 1878 3342 1943 Θεὸς,
3369 1879 3507 1931 ἀλλ’
3533 1878 3602 1930 ἐν
3624 1877 3810 1930 παντί
3834 1879 3991 1932 ἔθνει

2389 1961 2423 2012 ὁ
2471 1960 2845 2027 φοϐούμενος
2885 1959 3096 2023 αὑτὸν,
3138 1960 3237 2013 καί
3265 1958 3653 2029 ἐργαζόμενος
3684 1959 3991 2011 δικαιοσύ-

2389 2057 2526 2109 νην,
2549 2041 2761 2109 δεκτὸς
2794 2042 2956 2109 αὐτῷ
2975 2044 3130 2096 ἐστι·
3161 2044 3430 2106 τουτέστι,
3455 2042 3611 2095 καλεῖ
3635 2042 3730 2094 καὶ
3758 2043 3993 2095 ἐπισπᾶ-

2388 2142 2480 2179 ται
2515 2127 2678 2178 αὑτὸν
2711 2126 2847 2194 πρὸς
2877 2129 2976 2196 τὴν
3002 2127 3282 2198 ἀλήθειαν.
3331 2130 3445 2197 Ούχ
3475 2128 3610 2198 ὁρᾷς
3639 2127 3878 2188 Παῦλον,
3910 2129 3990 2180 δτι

2392 2209 2611 2261 πάντων
2644 2210 2999 2280 σφοδρότερος
3031 2207 3099 2281 ἦν
3125 2213 3184 2264 ἐν
3218 2210 3297 2281 τῷ
3327 2211 3588 2280 πολεμεῖν
3618 2211 3711 2264 καὶ
3733 2209 3987 2278 διώκειν;

2391 2289 2508 2345 ἀλλ’
2553 2290 2703 2359 ὅμως
2755 2291 2943 2362 ἐπειδὴ
2981 2291 3096 2361 βίον
3141 2293 3383 2363 ἄληπτον
3421 2288 3556 2362 εἶχε,
3589 2294 3682 2347 καὶ
3720 2293 3781 2346 ού
3826 2294 3989 2347 πάθει

2387 2374 2562 2429 ταῦτα
2603 2375 2873 2446 ἔπραττεν
2917 2377 3263 2448 ἀνθρωπίνῳ,
3299 2380 3393 2430 καὶ
3424 2379 3615 2450 ἐδέχθη
3661 2380 3755 2433 καὶ
3781 2381 3990 2443 πάντας

2390 2459 2845 2531 ὑπερηκόντισεν.
2875 2461 2937 2514 El
2960 2460 3014 2512 δέ
3034 2461 3184 2529 λέγοι
3208 2478 3311 2524 τις,
3338 2461 3464 2525 Πῶς
3486 2463 3515 2514 6
3542 2463 3689 2515 δεῖνα
3707 2464 3736 2516 6
3764 2463 3987 2533 Ἕλλην,

2389 2542 2628 2612 χρηστὸς
2654 2540 2729 2595 ὢν
2753 2543 2848 2595 καὶ
2880 2543 3084 2610 ἀγαθὸς
3113 2543 3208 2596 καὶ
3231 2543 3636 2614 φιλάνθρωπος,
3669 2545 3825 2613 μένει
3852 2546 3988 2598 πλα-

2389 2623 2658 2693 νώμενος;
2691 2625 2872 2676 ἐκεῖνο
2907 2623 2973 2678 ἂν
3012 2626 3245 2694 είποιμι·
3287 2625 3369 2677 δτι
3415 2626 3604 2697 ἕτερον
3643 2627 3757 2695 ἔχει
3791 2627 3987 2691 πάθος,

2391 2708 2698 2774 κενοδοξίαν
2720 2709 2752 2778 ἢ
2777 2707 3008 2763 νωθείαν
3035 2708 3235 2778 ψυχῆς,
3276 2709 3310 2781 ἢ
3341 2709 3399 2762 τὸ
3431 2709 3508 2782 μὴ
3545 2712 3821 2783 μεριμνᾷν
3862 2712 3990 2782 περὶ

2387 2794 2488 2864 τῆς
2512 2794 2722 2857 οἰκείας
2758 2795 3056 2864 σωτηρίας,
3085 2794 3201 2848 ἀλλ’
3230 2794 3420 2858 άπλῶς
3465 2797 3560 2849 καὶ
3599 2797 3724 2864 είκῆ
3761 2796 3836 2849 τά
3869 2797 3987 2850 κατ’

2389 2877 2552 2930 αὑτὸν
2579 2877 2840 2947 φέρεσθαι
2882 2878 3148 2946 νομίζειν.
3199 2879 3258 2932 Ὀ
3285 2879 3342 2934 δὲ
3373 2879 3587 2944 Παῦλος
3623 2879 3714 2932 τὸν
3756 2881 3989 2952 ἐργαζό-

2391 2977 2554 3029 μενον
2585 2961 2954 3031 δικαιοσύνην,
2982 2961 3073 3013 τὸν
3099 2963 3157 3014 ἐν
3179 2965 3345 3014 πᾶσιν
3368 2962 3610 3033 ἄληπτόν
3639 2980 3802 3033 φησι,
3841 2966 3988 3017 κατὰ

2388 3043 2792 3110 δικαιοσύνην
2824 3045 2940 3111 τὴν
2971 3045 3042 3096 ἐν
3067 3044 3230 3114 νόμῳ
3277 3045 3593 3116 γενόμενοψ
3639 3047 3753 3111 καὶ,
3803 3045 3990 3114 Χάριν

2388 3127 2507 3196 ἔχω
2537 3126 2618 3192 τῷ
2655 3125 2777 3192 Θεῷ
2804 3121 2852 3193 ᾧ
2880 3129 3151 3196 λατρεύω
3177 3129 3294 3183 ἀπὸ
3318 3131 3634 3199 προτόνων
3662 3130 3732 3183 ἐν
3759 3129 3989 3198 καθαρᾷ

2387 3211 2760 3276 συνειδήσει.
2793 3211 2918 3274 Πῶς
2941 3209 3056 3277 οὖν,
3091 3215 3279 3280 φησὶν,
3308 3213 3614 3284 ἀκάθαρτοι
3652 3211 3989 3282 κατηξιὼοη-

2390 3311 2489 3348 σαν
2511 3293 2607 3347 τοῦ
2640 3295 3030 3365 κηρύγματος;
3071 3295 3289 3366 Ἐπειδὴ
3326 3295 3601 3366 ἠθέλησαν
3646 3296 3743 3348 καὶ
3784 3296 3986 3349 ἐπεθύ-

2391 3394 2593 3447 μησαν.
2666 3379 2804 3440 Τοὺς
2848 3379 2948 3447 μὲν
2997 3377 3107 3448 γὰρ
3160 3379 3254 3430 καὶ
3307 3379 3758 3448 πεπλανημένους
3816 3379 3985 3443 ἕλκει,

2387 3459 2608 3511 ἐπειδὰν
2673 3459 2861 3512 παθῶν
2915 3459 3286 3529 καθαρεύωσι·
3346 3463 3475 3523 τοὺς
3530 3461 3588 3514 δὲ
3638 3461 3735 3531 ἀφ’
3775 3461 3988 3515 ἑαυτιῖν

2388 3541 2718 3610 προσιόντας
2738 3543 2797 3594 οὐ
2830 3543 3123 3596 διωθεῖταν
3154 3543 3342 3596 πολλοὶ
3364 3543 3422 3597 δὲ
3450 3543 3548 3597 καὶ
3574 3543 3683 3597 ἀπὸ
3707 3545 3989 3612 προγόνων

2387 3624 2636 3689 ἐδέξαντο
2669 3625 2768 3696 τὴν
2798 3619 3105 3681 εύσέδειαν.
3143 3626 3334 3680 Ὅπου
3367 3627 3479 3696 τὰρ
3529 3627 3601 3679 ἐν
3629 3626 3771 3695 ὑμῖν
3810 3626 3986 3694 ζῆλος

2386 3707 2486 3761 καί
2515 3711 2658 3776 ἔρις.
2713 3709 2914 3761 Λοιπὸν
2949 3711 3088 3780 πρὸς
3129 3709 3258 3772 τοὺς
3288 3708 3628 3780 ἀρχομένους
3664 3709 3981 3765 ἀποδύεται.

2401 3790 2490 3864 Ἐν
2523 3791 2622 3860 μὲν
2652 3791 2760 3861 γὰρ
2789 3793 2902 3853 τοῖς
2939 3791 3253 3861 ἔμπροσθεν
3288 3792 3420 3856 τοὺς
3449 3792 3718 3863 ἄρχοντας
3744 3795 3984 3847 κατέδα-

2386 3873 2499 3936 λεν,
2524 3874 2716 3936 εἰπὼν,
2748 3877 2830 3928 ὅτι
2862 3874 3076 3938 οὐδενὸς
3104 3875 3232 3941 ἀξία
3277 3875 3311 3944 ἡ
3348 3874 3511 3942 σοφία
3537 3875 3632 3926 τοῦ
3676 3875 3864 3944 λὸγοψ
3905 3881 3984 3928 ὲν-

2386 3957 2564 4010 ταῦθα
2596 3957 2653 4010 δὲ
2695 3959 2824 4021 τοὺς
2868 3957 3205 4027 ἀρχομένους
3259 3957 3509 4028 πλήττει,
3555 3957 3754 4026 λέγων’
3802 3960 3984 4012 Ὅταν

2385 4042 2497 4111 γὰρ
2551 4042 2701 4109 λέγῃ
2754 4059 2866 4106 τις,
2913 4040 3057 4111 Ἐγὼ
3096 4039 3214 4112 μὲν
3273 4041 3392 4110 ειμι
3437 4042 3706 4105 Παύλου,
3759 4042 3878 4111 ἐγὼ
3919 4043 3984 4094 δὲ

2399 4124 2682 4187 Ἀπολλὼ,
2727 4123 2865 4192 οὐχί
2907 4124 3188 4193 σαρκικοί
3225 4123 3407 4188 tata;
3448 4123 3543 4178 καὶ
3574 4124 3852 4178 δείκνυσιν
3906 4127 3977 4178 ὅτι

2385 4206 2545 4258 τοῦτο
2568 4207 2629 4257 οὐ
2665 4206 2824 4275 μόνον
2845 4205 3044 4268 αὐτοὺς
3068 4205 3224 4259 οὐδὲν
3251 4207 3484 4276 ὤνησεν,
3506 4206 3626 4258 οὐδὲ
3653 4207 3981 4276 προσλαϐεῖν

2385 4305 2442 4341 τι
2499 4287 2824 4356 πεποίηκεν,
2875 4287 3014 4340 ἀλλά
3078 4289 3172 4339 καὶ
3229 4288 3366 4356 πρὸς
3418 4288 3518 4357 τὴν
3561 4287 3671 4340 τῶν
3720 4290 3981 4358 μειζόνων

2384 4370 2656 4440 ὠφέλειαν
2712 4369 3013 4421 ἐνεπόδισε.
3068 4367 3242 4421 Τοῦτο
3289 4370 3397 4438 γάρ
3429 4370 3591 4439 ζῆλον
3619 4369 3828 4425 ἔτεκεν·
3871 4377 3899 4425 6
3929 4374 3978 4424 δὲ

2385 4452 2548 4523 ζῆλος
2582 4452 2882 4522 σαρκικοὺς
2906 4451 3154 4516 ἐποίησε’
3183 4449 3297 4520 [68]
3331 4450 3391 4503 τὸ
3420 4452 3478 4505 δὲ
3503 4453 3758 4520 γενέσθαι
3789 4472 3980 4525 σαρκις

2387 4537 2539 4600 κοὺς,
2571 4537 2670 4588 οὐκ
2699 4535 2911 4604 ἀφῆκεν
2941 4534 3173 4586 ἀκοῦσαι
3203 4534 3310 4585 τῶν
3339 4534 3709 4605 ὑψηλοτέρων.
3753 4540 3850 4602 Τίς
3873 4534 3980 4590 οὖν

2386 4618 2521 4671 ἐστι
2551 4617 2812 4682 Παῦλος,
2838 4619 2928 4682 τίς
2963 4617 3031 4669 δὲ
3064 4618 3406 4683 Ἀπολλώς;
3430 4619 3585 4672 Μετά
3611 4621 3724 4690 γάρ
3748 4620 3849 4688 τὴν
3878 4618 3980 4669 τῶν

2388 4701 2732 4768 πραγμάτων
2771 4701 3118 4769 κατασκευὴν
3162 4701 3258 4754 καὶ
3304 4700 3605 4766 ἀπόδειξιν,
3646 4703 3980 4770 γυμνός-ερον

2388 4779 2576 4832 λοιπὸν
2613 4781 2881 4849 κέχρηται
2924 4785 2992 4851 τῇ
3036 4786 3362 4852 κατηγορίαο
3395 4783 3492 4835 καὶ
3525 4783 3585 4835 τὺ
3617 4783 3784 4836 αὐτοῦ
3817 4784 3981 4852 ὄνομα

2389 4861 2594 4932 τίθησι,
2630 4865 2812 4914 πᾶσαν
2851 4864 3151 4932 περιαιρῶν
3175 4864 3514 4932 τραχύτητα,
3556 4865 3650 4916 καὶ
3678 4866 3780 4916 οὐκ
3827 4867 3980 4933 ἀφεὶς

2388 4944 2710 5016 ὀργισθῆναι
2754 4944 2890 5014 πρὸς
2916 4944 2985 4997 τὰ
3011 4944 3302 5015 λεγόμενα.
3347 4945 3410 4998 El
3439 4946 3550 5015 γὰρ
3593 4946 3806 5010 Παῦλος
3834 4948 3980 5000 οὐδέν

2391 5029 2506 5081 ἐστι
2543 5027 2635 5080 καὶ
2663 5027 2765 5079 οὐκ
2795 5027 3115 5094 ἀγανακτεῖ,
3152 5025 3332 5096 πολλῷ
3365 5028 3562 5097 μᾶλλον
3589 5030 3838 5094 ἐκείνους
3859 5032 3977 5086 δυσ-

2390 5109 2665 5183 χεραίνειν
2709 5110 2809 5162 ούκ
2851 5110 3040 5180 ἐχρῆν.
3071 5110 3242 5181 Διπλῇ
3269 5111 3450 5175 τοίνυν
3488 5113 3687 5178 αὐτοὺς
3724 5133 3979 5187 παραμυ-

2391 5197 2588 5260 θεῖται,
2615 5193 2693 5264 τῷ
2721 5210 2779 5246 τε
2805 5193 2998 5246 ἑαυτὸν
3023 5193 3320 5258 ὑποθεῖναι,
3351 5195 3445 5248 καὶ
3463 5196 3540 5268 τῷ
3567 5198 3641 5270 μὴ
3668 5200 3873 5262 παντὸς
3898 5199 3979 5251 αὖ·

2390 5280 2518 5342 τοὺς
2539 5278 2919 5350 ἀποστερῆσαι
2941 5277 3016 5338 ὼς
3039 5277 3192 5329 οὐδὲν
3214 5278 3619 5344 συντελοῦντας·
3639 5281 3778 5334 ἀλλά
3803 5282 3978 5333 δίδωσι

2395 5362 2495 5431 μὲν
2547 5364 2735 5426 αὐτοῖς
2781 5379 2834 5414 τι
2873 5361 3090 5431 μικρὸν,
3122 5360 3391 5416 δίδωσιδέ
3427 5365 3598 5435 ὅμως.
3630 5362 3821 5416 Εἰπὼν
3854 5362 3977 5431 γὰρ,

2396 5446 2490 5510 Τίς
2513 5442 2628 5502 οὖν
2651 5447 2784 5500 ἐστι
2814 5444 3075 5511 Παῦλος,
3098 5444 3190 5511 τίς
3213 5444 3282 5498 δὲ
3318 5447 3618 5513 Ἀπολλώς
3641 5448 3973 5515 ;ἐπὴγαγεν⁸

2390 5528 2531 5581 ἀλλ’
2580 5530 2619 5598 ἢ
2669 5529 2939 5583 διάκονοι
2980 5529 3056 5582 δι’
3093 5523 3181 5584 ὧν
3220 5531 3664 5593 ἐπιστεύσατε;
3721 5530 3897 5584 Τοῦτο
3929 5529 3976 5583 δᾶ

2393 5611 2525 5664 αὐτὸ
2561 5613 2662 5682 μὲν
2701 5612 2822 5666 καθ’
2843 5612 3004 5665 ἑαυτὸ
3033 5612 3174 5684 μέγα
3205 5615 3300 5669 καὶ
3328 5614 3542 5668 πολλῶν
3569 5613 3720 5675 ἀξιον
3755 5613 3976 5682 μισθῶν,

2395 5694 2530 5764 πρὸς
2558 5695 2615 5748 δὲ
2640 5696 2701 5748 τὸ
2733 5694 3043 5766 ἀρχέτυπον
3077 5699 3170 5751 καὶ
3198 5697 3298 5768 τὴν
3327 5698 3485 5768 ῥίζαν
3512 5695 3618 5747 τῶν
3649 5695 3872 5764 ἀγαθῶν
3897 5697 3977 5750 οὑ-

2465 5865 2487 5892 ‘
2515 5862 2566 5911 In
2597 5878 2705 5930 ιιηο
2735 5866 2842 5930 cod.
2879 5866 2982 5930 hac
3024 5869 3428 5930 interponuntur.
3472 5867 3527 5914 οὐ
3567 5867 3657 5930 γὰρ
3707 5871 3738 5926 ἡ
3803 5867 3973 5918 τούτων

2402 5925 2621 5986 ἀποφυγή
2651 5927 2789 5989 μόνον
2813 5929 2948 5991 ἀρκεῖ
2972 5931 3087 5990 πρὸς
3111 5925 3398 5988 κατάληψιν.
