4096 6326
205 371 271 431 οε)
1272 363 1336 419 IN
1374 359 1586 419 EPIST.
1620 362 1638 415 Ι
1702 356 1793 416 AD

1906 358 1985 416 in.
2026 358 2253 416 HOMIL.
2298 357 2429 415 Vlli.
3423 372 3497 429 Ἰυ

212 488 416 543 ceditea
447 498 565 552 me,
607 499 711 547 non
740 482 854 537 novi
884 496 968 535 vos
988 520 1003 547 ,
1034 478 1121 547 qui
1163 476 1445 547 aperantini
1487 474 1800 544 iniquitatem

217 578 447 650 (Matth.
481 577 542 630 Ἰ.
564 574 679 644 ‘23)
710 592 722 625 :
756 584 1076 642 quamquam
1107 568 1380 623 daemonas
1414 567 1720 635 ejeccrunt,
1754 571 1807 615 et

220 683 459 725 mortuos
496 668 846 730 suscitarent,
883 674 1041 731 atque
1068 660 1378 731 prophetias
1404 658 1725 711 extulerunt.

290 760 391 827 Qui
418 760 572 829 signa
600 762 756 829 facit,
802 762 958 823 potest
998 768 1105 805 esse
1132 750 1370 803 carnalis.
1396 778 1465 787 —
1491 748 1675 815 Itaque
1703 756 1803 813 po-

221 860 322 905 test
352 851 521 903 etiam
548 850 592 903 is
642 847 730 916 qui
778 847 924 914 signa
957 842 1082 895 facit
1106 884 1120 907 ,
1152 855 1273 894 esse
1303 837 1558 893 carnalis.
1591 834 1721 888 Nam
1750 841 1804 887 et

220 942 275 994 in
305 940 529 994 Balaam
577 939 720 992 Deus
764 944 845 989 est
888 942 1175 1003 operatus,
1220 940 1275 985 et
1322 928 1583 984 Pharaoni
1628 924 1802 979 futura

217 1034 497 1096 revelavit,
532 1044 737 1085 necnon
768 1024 1312 1088 Nabuchodonosor};
1344 1033 1397 1077 et
1424 1018 1651 1089 Caiphas
1679 1034 1802 1089 pro-

220 1124 464 1194 phetavit
485 1164 501 1189 ,
547 1121 791 1175 nesciens
820 1118 943 1189 quid
972 1116 1176 1171 diceret
1202 1134 1214 1168 :
1253 1114 1467 1184 quidam
1495 1112 1657 1166 etiam
1688 1111 1801 1165 dte-

218 1216 405 1270 monia
449 1214 726 1281 ejecerunt
768 1212 882 1279 ejus
931 1209 1177 1272 nomine,
1226 1206 1329 1261 etsi
1374 1219 1493 1257 cum
1540 1203 1657 1271 ipso
1696 1218 1801 1256 non

218 1316 413 1362 erant:
461 1320 583 1359 nam
630 1320 733 1359 non
781 1311 997 1373 propter
1028 1308 1311 1369 operantes
1344 1298 1458 1350 huic
1487 1296 1654 1360 fiunt,
1701 1295 1795 1349 sed

219 1406 444 1465 propter
499 1396 651 1449 alios.
700 1393 854 1462 Sarpe
900 1392 1060 1445 etiam
1108 1404 1201 1457 per
1248 1386 1516 1456 indignos.
1566 1388 1633 1439 Et
1676 1384 1802 1454 quid

219 1490 457 1555 miraris,
490 1490 536 1543 si
582 1489 634 1543 in
670 1489 797 1541 viris
829 1483 1056 1553 indignis
1098 1488 1313 1550 propter
1344 1480 1476 1532 alios
1508 1479 1623 1532 hate
1653 1479 1797 1540 ﬁant,

217 1598 342 1639 cum
385 1584 545 1637 etiam
593 1596 686 1650 per
722 1576 971 1632 sanctos?
1014 1575 1206 1627 Paulus
1253 1573 1394 1627 enim
1442 1571 1587 1635 dicit,
1618 1571 1803 1623 Omnia

218 1684 387 1728 vestra
443 1681 594 1729 sunt.
645 1673 746 1723 sive
791 1667 1011 1725 Paulus,
1038 1666 1137 1719 sive
1179 1662 1385 1734 Apollo,
1415 1664 1517 1717 sive
1562 1662 1757 1731 Cephas
1783 1704 1797 1727 ,

218 1767 323 1817 sive
360 1764 482 1828 vita,
527 1764 627 1815 sive
668 1776 802 1812 mors
826 1760 903 1829 (l.
930 1757 1045 1811 Cor.
1078 1756 1128 1808 ὅ.
1160 1754 1282 1823 ‘22);
1313 1764 1365 1807 et
1395 1769 1606 1807 rursum
1634 1771 1646 1806 :
1682 1753 1802 1822 Ipse

217 1857 358 1908 dedit
398 1857 527 1909 alios
550 1854 750 1925 quidem
794 1854 1081 1919 apostolos,
1124 1850 1253 1900 alios
1284 1856 1449 1899 autent
1490 1848 1758 1915 praphetas
1783 1888 1796 1911 ,

217 1950 353 2001 alios
382 1957 607 2015 pastores
631 1954 680 1997 et
708 1945 935 1995 doctores
959 1940 1025 1991 ad
1050 1937 1408 2007 perfectionem
1430 1947 1716 1988 sanctorum
1748 1938 1800 1987 in

217 2056 351 2107 opus
390 2036 649 2089 ministerii
698 2033 911 2104 (Ephes.
944 2032 997 2083 4.
1035 2029 1143 2098 12).
1184 2029 1314 2081 Nam
1360 2028 1458 2080 nisi
1495 2027 1594 2081 hoc
1616 2036 1757 2081 esset
1781 2067 1796 2092 ,

218 2131 353 2184 nihil
382 2129 673 2182 obstitisset
708 2124 993 2193 quominus
1039 2136 1225 2174 omnes
1268 2121 1529 2189 perirent.
1574 2120 1799 2173 Contin-

216 2223 295 2291 git
337 2220 480 2274 enim
531 2216 798 2287 principes
824 2229 943 2268 esse
984 2212 1151 2266 malos
1181 2220 1234 2265 et
1264 2211 1554 2265 sceleratos
1580 2252 1591 2273 ,
1619 2210 1800 2264 subdi—

216 2320 414 2379 tosque
468 2308 636 2361 bonos
674 2302 727 2359 et
753 2303 1089 2364 moderatos;
1119 2310 1172 2354 et
1211 2300 1373 2354 laieos
1413 2300 1463 2351 in
1494 2300 1689 2367 pietate
1719 2298 1798 2351 vi-

215 2398 575 2469 tam'agcre,
622 2396 928 2451 sacerdOtes
974 2403 1148 2447 autem
1196 2393 1247 2445 in
1296 2391 1578 2460 nequitia:
1628 2404 1798 2457 neque

213 2494 456 2547 futurum
484 2498 600 2543 erat
628 2500 683 2541 ut
715 2488 1005 2555 baptismus
1036 2493 1196 2547 esset,
1227 2498 1399 2551 neque
1426 2496 1624 2550 corpus
1651 2479 1799 2534 Chri-

213 2584 284 2636 sti
310 2623 323 2643 ,
354 2597 451 2636 nec
477 2580 675 2633 oblatio
700 2593 792 2647 per
826 2578 942 2630 illos
966 2619 980 2642 ,
1011 2576 1057 2629 si
1080 2575 1276 2643 ubique
1304 2574 1491 2643 dignos
1514 2574 1682 2643 gratia
1714 2588 1797 2627 re-

214 2672 475 2741 quireret.
505 2669 654 2721 Nunc
696 2678 873 2720 autem
904 2666 1064 2719 etiam
1096 2681 1189 2733 per
1220 2664 1464 2731 indignos
1495 2664 1633 2715 Deus
1662 2662 1798 2716 solet

212 2760 464 2829 operari,
502 2768 554 2811 et
584 2758 713 2809 nihil
763 2756 971 2809 laaditur
1019 2755 1186 2824 gratia
1218 2752 1465 2821 baptismi
1516 2767 1610 2819 per
1638 2752 1796 2804 vitam

212 2851 547 2908 sacerdotis:
578 2864 699 2902 nam
730 2848 850 2901 hinc
874 2848 917 2900 is
946 2847 1033 2916 qui
1064 2844 1275 2914 accipit,
1312 2845 1491 2898 minus
1518 2844 1797 2899 habiturus

213 2946 376 3000 foret.
413 2945 592 3013 Itaque
630 2943 729 2996 etsi
760 2942 873 2995 hsce
917 2956 1036 2995 raro
1068 2940 1227 3003 fiunt,
1275 2940 1405 2992 liunt
1435 2946 1632 2992 tamen.
1668 2938 1797 2993 Huic

210 3046 396 3089 autem
428 3034 568 3099 dico,
596 3041 650 3085 ut
681 3048 747 3087 ne
773 3033 891 3101 quis
919 3048 981 3086 es
1020 3031 1370 3100 praesentibus
1392 3030 1456 3084 de
1484 3030 1590 3084 vita
1621 3046 1798 3085 sacer-

208 3124 360 3178 dotis
386 3125 597 3178 θυι-ἰοειθ
644 3124 814 3193 inquit
839 3138 921 3176 -ns
942 3160 957 3187 ,
1002 3118 1392 3175 scandalizetur
1419 3119 1558 3172 circa
1590 3136 1652 3174 ea
1681 3136 1798 3189 qua:

211 3218 267 3269 in
301 3216 566 3284 mysteriis
600 3222 939 3283 peraguntur.
974 3211 1109 3265 Nihil
1138 3212 1279 3265 enim
1311 3211 1470 3263 homo
1503 3212 1552 3263 in
1592 3228 1652 3265 ea
1681 3228 1798 3280 qua:

210 3316 587 3377 proponuntur
609 3305 828 3369 inducit,
856 3303 947 3357 sed
976 3313 1141 3355 totum
1174 3310 1255 3354 est
1279 3302 1373 3355 Dei
1394 3303 1603 3354 virtutis
1625 3316 1759 3369 Opus
1781 3342 1794 3364 ,

209 3410 269 3452 et
290 3399 381 3451 ille
401 3406 480 3449 est
507 3396 591 3465 qui
619 3410 713 3447 vos
738 3396 788 3447 in
818 3394 1081 3463 mysteriis
1108 3392 1296 3444 initiat.
1330 3392 1394 3443 Et
1419 3409 1511 3460 ego
1534 3432 1547 3456 ,
1575 3397 1794 3458 fratres,

210 3508 317 3545 non
337 3491 479 3559 po:ui
505 3490 638 3542 vobis
661 3489 793 3556 loqui
816 3497 867 3538 ut
894 3474 1382 3553 spiritualibus,'sed
1407 3494 1458 3535 ut
1483 3483 1794 3535 carnalibus.

212 3582 322 3635 Lac
349 3584 483 3635 vobis
514 3591 685 3649 potum
716 3579 865 3641 dedi,
903 3595 1002 3630 non
1044 3593 1244 3630 escam:
1277 3578 1499 3628 nondum
1544 3577 1674 3627 enim
1706 3592 1796 3642 po-

214 3674 411 3725 teratis.
447 3672 521 3723 Ne
553 3671 823 3722 videretur
849 3669 991 3721 enim
1037 3666 1341 3719 ambitionis
1365 3681 1523 3718 eausa
1557 3668 1669 3719 luce
1712 3666 1794 3717 di-

214 3764 361 3817 xisse
386 3804 400 3827 ,
434 3776 628 3828 nempe
650 3798 665 3824 ,
700 3758 994 3827 Spiritualis
1043 3757 1289 3821 dijudicat
1334 3758 1533 3817 omnia,
1566 3767 1611 3807 et
1637 3755 1669 3807 α
1704 3772 1792 3806 nc—

214 3857 351 3907 mine
368 3853 664 3924 judicatur;
695 3857 781 3913 et,
814 3848 1031 3900 Mentem
1071 3844 1259 3897 Christi
1286 3845 1527 3897 habemus
1559 3844 1649 3913 (l.
1676 3844 1792 3897 Cor.

211 3946 249 3999 ‘2
301 3947 387 3999 15.
414 3944 501 4014 lli)
524 3961 535 4005 ;
564 3942 775 3995 illorum
802 3939 993 3993 fastum
1017 3936 1459 4006 reprimens,vide
1482 3936 1605 4004 quid
1633 3935 1793 3989 dicat.

212 4036 335 4091 Non
365 4036 521 4098 ideo,
549 4035 739 4101 inquit,
774 4031 945 4093 tacui,
974 4028 1127 4098 quasi
1159 4028 1287 4081 nihil
1319 4028 1452 4079 ultra
1478 4027 1658 4080 dicere
1682 4042 1798 4094 pos-

218 4142 361 4193 sem,
387 4126 480 4178 sed
512 4124 632 4192 quia
657 4121 899 4174 carnales
928 4120 1075 4171 estis.
1109 4119 1213 4171 Sed
1239 4134 1393 4185 neque
1416 4134 1546 4168 nunc
1574 4118 1795 4185 potestis.

288 4217 342 4268 2.
378 4218 488 4267 Cur
516 4228 618 4265 non
648 4212 815 4270 dixit,
848 4210 961 4261 Non
1009 4208 1166 4261 vultis
1188 4248 1203 4271 ,
1234 4208 1327 4260 sed
1354 4249 1367 4270 ,
1407 4208 1527 4259 Non
1558 4210 1799 4276 potestis?

211 4307 351 4372 Quia
387 4304 489 4355 hoc
521 4316 615 4371 pro
647 4301 739 4352 illo
788 4298 980 4366 posuit.
1017 4297 1149 4349 Nam
1200 4297 1338 4365 quod
1389 4313 1491 4348 non
1540 4306 1794 4364 possent,

213 4399 342 4454 inde
372 4403 489 4449 erat
510 4392 648 4462 quod
678 4392 913 4454 nollent;
946 4390 1085 4459 quod
1117 4390 1223 4442 illis
1248 4389 1461 4458 quidem
1506 4390 1799 4459 reprehen-

212 4492 424 4545 sionem
448 4526 463 4549 ,
494 4484 749 4553 magistro
778 4493 952 4536 autem
988 4482 1194 4534 veniam
1229 4482 1402 4535 allert.
1430 4482 1637 4534 Etenim
1665 4482 1707 4535 si
1732 4498 1797 4535 ex

214 4593 409 4636 natura
456 4592 562 4630 non
594 4576 923 4645 potuissent,
957 4575 1179 4627 fortasse
1210 4575 1327 4642 quis
1358 4574 1674 4641 ignovisset;
1708 4574 1798 4628 sed

214 4674 340 4743 quia
401 4685 465 4723 es
523 4659 797 4739 proposito
856 4666 1175 4728 voluntatis,
1238 4663 1548 4718 defensione
1596 4675 1796 4717 carent.

215 4760 426 4817 Deinde
458 4760 674 4813 modum
702 4756 970 4820 ostendit,
1004 4771 1108 4824 quo
1136 4755 1377 4808 carnales
1406 4763 1529 4805 sunt
1556 4773 1565 4804 :
1597 4756 1646 4807 5.
1676 4754 1797 4807 Cum

214 4860 352 4913 enim
398 4857 465 4908 sit
496 4856 623 4907 inter
661 4867 745 4904 vos
775 4850 1023 4902 contentio
1047 4889 1061 4911 ,
1094 4850 1230 4899 zelus
1258 4857 1301 4899 et
1331 4846 1572 4897 dissensio
1592 4887 1604 4908 ,
1639 4863 1801 4898 nonne

214 4946 453 5002 carnales
482 4946 626 5009 estis,
656 4952 700 4994 et
728 4938 999 4994 secundum
1032 4939 1280 4989 hominem
1309 4937 1612 4989 ambulatis?
1642 4937 1799 5007 Atqui

215 5055 340 5093 cum
374 5036 545 5104 possit
562 5034 741 5087 dicere
765 5032 973 5085 illorum
1000 5028 1402 5081 fornicationem
1426 5038 1478 5080 et
1499 5026 1797 5092 libidinem,

217 5128 352 5183 illud
384 5127 563 5193 potius
594 5134 867 5192 peccatum
897 5122 1079 5191 ponit,
1112 5119 1252 5187 quod
1286 5120 1497 5173 interim
1529 5119 1799 5186 corrigere

216 5220 446 5275 studuit.
482 5216 634 5282 Quod
678 5215 720 5266 si
749 5215 893 5267 zelus
922 5214 1165 5267 carnales
1198 5210 1384 5275 faciat,
1417 5222 1581 5265 restat
1610 5223 1663 5263 ut
1690 5212 1799 5279 jam

215 5329 409 5371 omnes
437 5308 728 5362 adtnodum
752 5306 973 5374 ejulent,
998 5320 1207 5358 saccum
1248 5304 1466 5355 induant
1495 5312 1545 5356 et
1568 5303 1800 5356 cinerem

217 5407 593 5463 substernunt.
627 5398 758 5465 Quis
805 5397 943 5449 enim
977 5398 1133 5463 hujus
1178 5396 1287 5449 vitii
1320 5411 1512 5463 expers
1550 5395 1669 5449 est?
1698 5396 1800 5449 nisi

216 5515 284 5555 ex
329 5512 416 5551 me
469 5494 537 5547 de
570 5492 689 5543 aliis
721 5490 857 5543 facio
882 5489 1266 5556 conjecturam.
1299 5487 1352 5538 Si
1386 5488 1529 5540 zelus
1558 5487 1801 5541 carnales

218 5589 350 5645 facit
393 5600 494 5640 nec
539 5584 669 5636 sinit
697 5596 816 5636 esse
859 5581 1194 5649 spirituales,
1229 5578 1436 5632 etiamsi
1482 5578 1802 5649 prophetent

218 5693 277 5737 et
306 5680 413 5735 alia
443 5676 704 5731 miracula
732 5674 925 5737 edant;
956 5688 1076 5727 eum
1109 5687 1214 5725 non
1244 5679 1387 5724 tanta
1416 5673 1586 5726 aderit
1606 5674 1796 5740 gratia,

221 5774 443 5831 ubinam
456 5780 641 5829 nostra
656 5769 1049 5832 collocabimus,
1065 5765 1276 5835 quando
1294 5781 1397 5823 non
1416 5764 1468 5820 in
1485 5764 1585 5823 hoc
1601 5764 1795 5834 solum,

573 5879 842 5936 ParttOL.
890 5879 1003 5936 Gtt.
1057 5873 1213 5936 LXI.

1914 474 2009 526 sed
2034 480 2086 525 et
2114 473 2165 525 in
2194 472 2311 528 aliis
2347 472 2638 541 majoribus
2664 476 2802 543 capti
2843 475 3137 533 fuerimus?
3161 480 3295 536 llinc
3328 483 3495 539 disci-

1914 575 2032 614 mus
2057 562 2179 629 jure
2205 562 2405 618 dixisse
2436 557 2702 617 Christum
2728 567 2858 632 :Qui
2882 567 3007 622 facit
3035 571 3317 637 mala,non
3352 576 3498 631 venit

1912 654 1979 707 ad
2007 654 2178 709 lucem
2207 656 2386 726 (Joan.
2417 658 2469 712 3.
2493 656 2619 727 30);
2648 667 2701 713 ct
2730 658 2870 728 quod
2903 662 3005 715 vita
3036 664 3243 731 impura
3274 667 3497 736 impedi-

1913 758 2093 801 mento
2118 750 2185 802 sit
2216 750 2528 804 sublimibus
2552 751 2915 820 dogmatibus,
2947 769 3051 807 non
3079 754 3260 810 sinens
3303 760 3497 813 anima:

1912 843 2367 910 perspicacitatcm
2411 858 2687 911 apparere.
2719 844 3177 909 Quemadmodum
3222 849 3338 903 ﬁeri
3384 866 3494 907 non

1913 942 2088 1001 potest
2115 942 2171 989 ut
2201 935 2243 987 is
2271 935 2361 1003 qui
2407 935 2459 988 in
2491 950 2676 989 errore
2706 946 2787 990 est
2831 947 2884 990 et
2912 949 3059 992 recte
3092 939 3247 1006 vivit,
3280 956 3495 997 maneat

1912 1025 1965 1078 in
1995 1038 2178 1078 errore
2205 1042 2215 1076 :
2249 1025 2320 1077 ita
2351 1040 2457 1078 non
2489 1023 2644 1079 facile
2688 1036 2863 1096 petest
2896 1027 2939 1080 is
2961 1069 2975 1093 ,
3020 1031 3109 1097 qui
3151 1031 3203 1084 in
3256 1034 3494 1101 nequitia

1911 1116 2067 1181 vivit,
2116 1117 2222 1170 cito
2267 1117 2534 1186 respicere
2568 1116 2634 1170 ad
2685 1118 2934 1172 sublimia
2981 1133 3163 1176 nostra
3207 1123 3492 1193 dogmata.

1910 1207 2004 1261 sed
2035 1207 2101 1261 ab
2129 1208 2379 1263 omnibus
2418 1209 2561 1262 vitiis
2589 1225 2783 1279 purum
2812 1226 2931 1265 esse
2966 1224 3177 1281 oportet
3202 1231 3324 1269 eum
3346 1258 3363 1282 ,
3402 1221 3495 1287 qui

1910 1297 2185 1351 veritatem
2209 1308 2289 1350 cst
2311 1308 2618 1353 venaturus.
2649 1300 2779 1353 Nam
2802 1302 2890 1371 qui
2921 1303 2987 1357 ab
3018 1305 3081 1357 iis
3110 1305 3364 1359 liberatus
3383 1318 3487 1374 est,

1908 1387 2068 1439 etiam
2099 1387 2165 1439 ab
2191 1401 2375 1441 errore
2406 1388 2724 1443 liberabitur
2754 1401 2808 1443 et
2837 1394 3115 1447 veritatem
3148 1409 3486 1465 assequetur.

1909 1480 1986 1535 Ne
2037 1480 2180 1534 enim
2227 1480 2502 1534 existimes
2561 1481 2627 1534 ad
2681 1482 2780 1536 hoc
2833 1485 2963 1537 satis
3010 1501 3129 1539 esse
3172 1488 3217 1540 si
3264 1502 3369 1542 non
3415 1490 3492 1544 sis

1908 1585 2135 1636 avarus,
2170 1571 2252 1625 vel
2294 1572 2335 1624 si
2385 1587 2489 1625 non
2521 1573 2830 1639 forniceris;
2880 1575 2971 1627 sed
3020 1580 3276 1645 oportet‘
3307 1582 3488 1634 omnia

1908 1678 2231 1717 concurrere
2266 1662 2319 1715 in
2349 1679 2414 1717 eo
2446 1665 2534 1731 qui
2566 1668 2759 1733 quaerit
2800 1668 3100 1721 veritatem.
3135 1670 3259 1724 ideo
3284 1672 3358 1725 ait
3386 1672 3488 1727 Pe-

1909 1764 2018 1807 trus
2044 1772 2055 1805 :
2088 1750 2152 1806 In
2202 1756 2405 1808 veritate
2437 1758 2828 1823 comprehendo,
2872 1762 3006 1828 quod
3031 1779 3129 1815 non
3158 1764 3220 1815 sit
3249 1782 3490 1831 persona-

1906 1863 2019 1897 rum
2049 1856 2279 1915 acceptor
2308 1845 2478 1910 Deus;
2507 1848 2595 1899 sed
2620 1849 2669 1899 in
2699 1850 2837 1901 omni
2864 1861 3009 1920 gente
3050 1855 3133 1922 qui
3158 1856 3294 1907 timet
3320 1856 3488 1923 ipsum

1906 1946 1950 1988 et
1974 1947 2211 2004 operatur
2231 1938 2509 2004 justitiam,
2534 1950 2767 2007 acceptus
2788 1952 2859 1994 est
2883 1942 2958 1994 illi
2982 1944 3115 2011 (Act.
3142 1946 3227 1999 lO.
3250 1946 3338 2003 34.
3361 1948 3481 2015 35);

1908 2026 1958 2079 id
1992 2037 2107 2091 est,
2140 2039 2298 2082 vocat
2346 2038 2398 2083 ct
2449 2030 2670 2083 attrahit
2719 2032 2888 2099 ipsum
2917 2033 2982 2086 ad
3013 2037 3308 2090 veritatem.
3370 2038 3489 2093 Non

1907 2116 2052 2169 vides
2082 2116 2298 2170 Paulum
2322 2160 2336 2182 ,
2368 2119 2455 2186 qui
2484 2122 2988 2176 vehementissimus
3016 2127 3254 2179 omnium
3285 2138 3398 2181 erat
3432 2130 3486 2183 in

1904 2206 2149 2259 bellando
2193 2218 2247 2261 et
2293 2212 2704 2278 persequendo?
2730 2216 2963 2267 attamen
3006 2217 3133 2283 quia
3166 2218 3489 2288 inculpatum

1904 2297 2064 2349 vitam
2093 2296 2339 2363 ducebat,
2369 2309 2419 2353 et
2451 2317 2556 2354 non
2579 2316 2643 2354 ex
2667 2304 2794 2356 vitio
2820 2302 3053 2359 humano
3081 2305 3195 2361 hare
3222 2306 3448 2363 faciebat
3469 2351 3484 2375 ,

1904 2396 1957 2441 et
2001 2397 2250 2455 acceptus
2297 2391 2393 2443 fuit
2433 2400 2487 2445 et
2515 2406 2702 2446 omnes
2734 2394 2889 2462 longe
2935 2398 3227 2463 superavit.
3274 2400 3329 2453 Si
3369 2402 3488 2468 quis

1905 2492 2031 2531 vero
2058 2478 2199 2531 dicat
2225 2520 2238 2544 ,
2271 2481 2552 2543 Quomodo
2577 2481 2666 2536 ille
2694 2484 2957 2552 quispiam
2987 2485 3239 2555 Grarcus,
3269 2490 3361 2558 qui
3391 2491 3487 2544 bo-

1906 2583 2006 2621 nus
2052 2576 2166 2633 est,
2216 2568 2477 2639 benignus
2523 2581 2576 2623 et
2624 2571 2925 2638 humanus,
2960 2576 3009 2628 in
3040 2592 3226 2631 errore
3267 2583 3487 2634 manet?

1905 2661 2031 2714 illud
2063 2661 2426 2729 responderim
2446 2704 2459 2728 ,
2494 2661 2634 2715 aliud
2661 2677 2783 2716 eum
2814 2664 3017 2720 habere
3048 2668 3231 2721 vitium
3250 2711 3263 2734 ,
3292 2686 3482 2725 vanam

1903 2753 2125 2821 gloriam
2162 2762 2251 2806 aut
2278 2754 2440 2806 animi
2489 2755 2784 2823 ignaviam,
2816 2766 2905 2810 aut
2930 2758 2995 2812 de
3039 2760 3209 2815 salute
3251 2776 3342 2814 sua
3376 2778 3481 2817 non

1903 2855 2123 2906 curare,
2172 2843 2265 2895 sed
2313 2852 2501 2910 putare
2530 2860 2616 2897 res
2665 2861 2791 2899 suas
2836 2861 2961 2901 casu
3005 2858 3057 2902 et
3101 2860 3304 2906 temere
3331 2853 3483 2907 ferri.

1903 2934 2100 2989 Paulus
2144 2944 2319 2990 autem
2354 2950 2474 2988 cum
2496 2978 2508 2998 ,
2542 2937 2629 3004 qui
2658 2949 2913 3006 operatur
2938 2942 3236 3007 justitiam,
3282 2945 3332 2997 in
3364 2961 3484 2998 om-

1904 3026 2059 3080 nibus
2090 3027 2416 3094 inculpatum
2441 3026 2600 3093 dicit,
2631 3027 2923 3082 Secundum
2961 3034 3215 3101 justitiam
3252 3050 3369 3103 qua:
3409 3047 3482 3089 est

1904 3136 1965 3172 ea:
1986 3121 2093 3189 lege
2123 3119 2391 3187 (Philipp.
2428 3120 2480 3173 5.
2513 3120 2607 3188 6);
2641 3131 2694 3174 et
2718 3160 2731 3184 ,
2764 3121 2964 3175 Gratias
2994 3141 3088 3193 ago
3117 3124 3243 3189 Deo,
3274 3128 3487 3193 cuiscr-

1903 3210 2035 3263 vioa
2066 3210 2341 3278 majoribus
2382 3213 2433 3261 in
2481 3226 2609 3277 pura
2656 3212 2959 3264 conscientia
3013 3215 3099 3282 (9..
3143 3214 3276 3268 Tim.
3312 3218 3363 3270 1.
3390 3219 3483 3284 5).

1903 3301 2185 3365 Quomodo
2233 3302 2393 3369 igitur
2414 3342 2428 3365 ,
2474 3302 2684 3369 inquies
2710 3345 2724 3368 ,
2756 3304 2947 3371 impuri
2978 3306 3353 3374 praedicatione
3398 3309 3481 3361 dio

1902 3393 2047 3459 gnati
2078 3395 2239 3445 sunt?
2261 3392 2395 3460 Quia
2426 3394 2707 3447 voluerunt
2740 3406 2793 3447 et
2814 3396 3209 3452 desiderarunt.
3239 3399 3367 3453 Nam
3397 3418 3485 3454 er‘

1905 3493 2085 3536 rantes
2108 3485 2269 3536 etiam
2300 3485 2479 3548 trahit,
2510 3485 2554 3538 si
2586 3485 2769 3537 mundi
2799 3488 2907 3540 sint
2934 3504 2958 3538 ρ
2998 3489 3365 3556 paSsionibus;
3391 3507 3487 3545 eos

1903 3584 2101 3637 autem,
2130 3575 2216 3643 qui
2242 3590 2334 3627 sua
2365 3584 2556 3643 sponte
2585 3578 2880 3642 accedunt,
2913 3594 3019 3632 non
3046 3582 3255 3649 repellit
3286 3600 3298 3633 :
3330 3585 3483 3635 multi

1903 3680 2031 3718 vero
2056 3667 2217 3719 etiam
2246 3681 2275 3717 a
2305 3666 2597 3733 majoribus
2626 3668 2765 3734 piam
2797 3668 3109 3737 religionem
3140 3682 3478 3737 acceperunt.

1903 3754 2027 3806 Cant
2054 3756 2183 3805 enim
2214 3756 2265 3805 in
2288 3756 2424 3806 vobis
2451 3758 2514 3807 sit
2556 3758 2694 3809 zelus
2719 3768 2765 3809 et
2792 3762 3061 3811 contentio.
3097 3761 3320 3813 Demum
3350 3763 3481 3816 sub-

1901 3845 2042 3900 ditos
2089 3846 2493 3925 impugnaturus
2540 3836 2765 3899 accedit.
2816 3848 2872 3900 In
2928 3852 3293 3917 superioribus
3338 3856 3482 3909 enim

1902 3941 2169 4009 principes
2214 3940 2410 4008 dejecit
2453 3939 2667 4005 dicens,
2714 3950 2991 3995 externam
3022 3942 3235 3999 dicendi
3276 3947 3487 4015 sapien—

1906 4033 2032 4085 tiam
2074 4031 2271 4084 nullius
2313 4047 2432 4085 esse
2460 4032 2654 4099 pretii:
2690 4032 2773 4085 hic
2815 4042 2990 4087 autem
3021 4034 3264 4090 subditos
3293 4038 3485 4091 redar-

1904 4124 2014 4190 guit
2034 4124 2215 4175 dicens
2244 4142 2255 4174 :
2284 4125 2336 4175 4.
2362 4122 2489 4174 Cum
2518 4124 2647 4174 enim
2670 4126 2777 4188 quis
2805 4126 2961 4189 dicat,
3002 4125 3112 4192 Ego
3143 4128 3343 4192 quidem
3374 4146 3485 4181 sum

1905 4213 2079 4275 Pauli,
2108 4230 2196 4282 ego
2226 4221 2393 4264 autem
2435 4212 2639 4279 Apollo,
2675 4230 2840 4265 nonne
2864 4214 3095 4269 carnales
3125 4218 3281 4269 estis?
3310 4228 3363 4271 et
3391 4234 3486 4273 os-

1906 4305 2075 4359 tendit
2101 4305 2201 4357 hoc
2231 4320 2336 4357 non
2366 4303 2524 4357 modo
2555 4303 2687 4357 nihil
2715 4304 2817 4357 illis
2842 4305 3125 4373 profuisse,
3159 4322 3331 4376 neque
3356 4310 3486 4363 effe—

1904 4398 2041 4450 cisse
2071 4405 2126 4449 ut
2152 4396 2349 4463 aliquid
2378 4397 2684 4464 acciperent
2705 4438 2718 4462 ,
2753 4397 2846 4451 sed
2876 4399 3137 4467 majorum
3170 4415 3346 4453 rerum
3376 4403 3484 4454 uti-

1907 4490 2104 4543 litatem
2134 4489 2492 4557 impedivisse.
2527 4490 2637 4542 Hoc
2664 4492 2804 4542 enim
2848 4491 3019 4543 zelum
3055 4493 3296 4561 peperit:
3324 4495 3485 4547 ‘zelus

1905 4590 2080 4633 autem
2127 4580 2370 4632 carnales
2417 4580 2535 4631 illos
2565 4577 2779 4631 effecit:
2828 4579 2969 4646 quod
3019 4590 3198 4632 autem
3244 4585 3487 4637 carnales

1908 4672 2078 4724 ell'ecti
2123 4670 2259 4734 sint,
2296 4668 2345 4721 id
2375 4683 2479 4720 non
2510 4668 2633 4721 sivit
2672 4669 2983 4723 sublimiora
3028 4672 3234 4729 audire.
3271 4675 3323 4727 5.
3360 4675 3487 4737 Quis

1906 4766 2057 4833 igitur
2084 4771 2151 4814 est
2178 4761 2373 4813 Paulus
2394 4802 2409 4826 ,
2453 4762 2563 4830 quis
2592 4764 2817 4831 Apollo?
2842 4763 2975 4817 Nam
3007 4775 3123 4833 post
3151 4782 3327 4819 rerum
3358 4785 3488 4836 pro»

1910 4854 2176 4907 bationem
2203 4860 2257 4905 et
2284 4851 2797 4907 demonstrationem
2824 4856 3061 4920 apertius
3084 4856 3275 4909 deinde
3305 4874 3487 4925 repre-

1908 4946 2163 4998 hensione
2209 4959 2337 4997 usus
2367 4954 2482 5009 est;
2515 4954 2567 4998 et
2612 4960 2765 4997 suum
2791 4944 2944 4998 affert
2988 4962 3218 5009 nomen,
3267 4964 3483 5003 munem

1909 5037 2101 5089 tollens
2132 5036 2498 5103 asperitatem,
2528 5051 2634 5087 non
2666 5037 2981 5103 permittens
3009 5046 3066 5089 ut
3093 5038 3160 5091 de
3187 5038 3344 5092 dictis
3376 5042 3484 5093 ira-

1909 5139 2209 5182 scerentur.
2245 5128 2299 5182 Si
2331 5128 2469 5181 enim
2501 5128 2695 5180 Paulus
2734 5128 2864 5180 nihil
2892 5139 2968 5182 est
3001 5139 3054 5183 et
3096 5144 3201 5183 non
3232 5131 3482 5201 indigna-

1910 5227 1994 5271 tnr
2016 5260 2029 5283 ,
2060 5220 2226 5272 nutlto
2254 5220 2431 5271 minus
2459 5219 2577 5271 illos
2600 5234 2740 5287 aegre
2769 5219 2909 5273 ferre
2940 5222 3238 5288 oportebat.
3275 5223 3482 5291 Duplici

1910 5325 2037 5377 ergo
2079 5312 2285 5363 ratione
2334 5311 2454 5364 illos
2500 5311 2808 5363 consolatur
2830 5353 2843 5372 ,
2869 5320 2923 5364 et
2948 5313 3087 5379 quod
3120 5315 3358 5383 seipsmn
3389 5332 3485 5384 po-

1910 5402 2096 5463 suerit,
2122 5412 2173 5456 et
2200 5403 2339 5471 quod
2368 5418 2471 5455 non
2498 5402 2640 5455 sinat
2667 5417 2762 5457 eos
2784 5405 3031 5456 omnibus
3061 5407 3273 5472 priviu-i,
3302 5417 3486 5475 utpote

1910 5493 1999 5561 qui
2038 5493 2167 5547 nihil
2205 5494 2559 5557 contulerint;
2603 5494 2696 5547 sed
2738 5494 2937 5562 aliquid
2965 5495 3055 5547 dat
3082 5496 3185 5549 illis
3212 5498 3478 5550 modicum

1973 5647 2505 5709 lnunoCodlegitur...
2536 5648 2804 5699 Fornireris
2834 5664 2849 5698 :
2871 5664 2960 5699 non
2982 5647 3117 5700 enim
3142 5664 3171 5698 a
3186 5652 3355 5700 talibus
3376 5654 3491 5703 (λη-

1910 5714 2060 5763 linere
2090 5710 2261 5775 stt/ficit
2302 5712 2366 5761 ad
2414 5712 2772 5775 intelligentiam
2798 5723 3179 5775 consequemtum
3202 5727 3217 5766 :
3241 5715 3325 5764 sed
3352 5728 3493 5778 υρωκ

1911 5782 2039 5827 ιρι...

3100 5859 3139 5919 5
