4096 6326
644 468 706 523 71

646 594 795 639 certe
812 623 827 648 ,
850 580 943 635 dat
968 584 1169 631 tamen.
1195 568 1330 627 Cum
1354 564 1579 622 dixisset
1603 562 1747 615 enim
1771 575 1786 614 :
1814 556 1941 648 Quis
1979 562 2054 611 est
2081 552 2231 607 Pau-

650 676 767 737 ιιιε.
809 670 923 743 quis
949 663 1174 737 Apollo?
1205 657 1515 728 subiunxit,
1547 650 1671 707 Nisi
1712 647 1937 702 ιιιξιιίειτί
1979 661 2072 717 per
2108 658 2237 743 quas

649 732 1130 819 credidistist'lloc
1156 764 1287 807 vero
1315 762 1413 819 per
1441 758 1503 799 se
1542 754 1796 813 magnum
1842 745 1928 794 est
1969 744 2026 791 et
2068 732 2238 790 multa

654 850 907 909 mercede
931 847 1187 918 dignum;
1235 840 1283 897 si
1326 836 1620 907 aspiciatur
1666 839 1851 887 autem
1888 827 1958 883 ad
1983 825 2237 918 archety-

654 960 783 1019 pum
824 953 882 1001 et
924 915 1161 997 radicem
1203 934 1470 989 bonorum
1492 966 1509 993 ,
1537 923 1676 981 nihil
1703 930 1808 977 est.
1834 918 1952 976 Non
1976 916 2122 975 enim
2146 915 2238 987 qui

654 1010 810 1095 bonis
838 1034 1144 1095 ministrat,
1172 1025 1270 1085 sed
1291 1023 1384 1095 qui
1412 1035 1478 1077 ea
1507 1016 1712 1089 prebet
1735 1021 1794 1069 et
1816 1012 2017 1077 donat,
2044 1010 2135 1065 hic
2152 1015 2243 1065 est

656 1132 749 1202 qui
787 1124 1056 1185 beneﬂcio
1100 1118 1286 1175 allicit.
1316 1113 1429 1171 Nec
1447 1108 1603 1202 dixit
1624 1149 1641 1175 ,
1682 1102 2074 1202 Fivangelistte,
2104 1100 2237 1167 sed,

659 1194 904 1284 Diniuri,
925 1213 1069 1286 quod
1091 1209 1262 1280 majus
1278 1212 1383 1262 est.
1414 1200 1602 1271 Neque
1631 1196 1777 1253 enim
1801 1194 1978 1286 solum
2000 1204 2239 1286 evange-

658 1282 914 1375 lixarunt,
939 1282 1037 1364 sed
1073 1304 1236 1361 etiam
1264 1296 1420 1353 nobis
1460 1292 1837 1348 ministravere
1861 1282 2057 1375 :_illud
2089 1282 2239 1375 enim

659 1406 714 1461 itt
736 1370 1126 1458 verbo'tantttm
1144 1393 1307 1448 situm
1330 1392 1437 1449 est,
1461 1382 1567 1438 hoc
1593 1382 1647 1435 in
1672 1390 1857 1449 opere.
1880 1370 2239 1443 Quamobrem

657 1496 760 1553 etsi
784 1490 1034 1551 Christus
1071 1483 1317 1541 minister
1358 1474 1532 1532 solum
1574 1479 1661 1529 est
1702 1471 1969 1525 bonorum
1989 1504 2005 1529 ,
2035 1472 2095 1519 et
2131 1475 2242 1518 non

659 1590 775 1659 ipse
798 1582 949 1641 radix
969 1588 1027 1636 et
1050 1577 1171 1634 l‘ons
1196 1583 1465 1642 tamquam
1485 1565 1659 1623 Filius
1676 1605 1695 1631 ,
1717 1560 1841 1617 vide
1862 1571 2095 1631 quonam
2122 1555 2243 1612 base

657 1695 747 1737 res
770 1676 1086 1734 deducatur.

656 1829 1290 1920 fuisse—circumcisiottis
1306 1849 1333 1902 ἲ
1389 1844 1467 1900 De
1505 1835 1905 1911 dispensatione
1947 1829 2241 1889 secundum

658 1919 878 2014 carnem
904 1950 980 2007 ibi
1005 1944 1236 2018 loquitur
1254 1984 1272 2008 ,
1299 1948 1355 1996 et
1380 1951 1488 1993 non
1517 1948 1586 1990 eo
1611 1928 1773 1987 modo
1798 1940 1907 1998 quo
1934 1936 2078 2018 nunc
2092 1919 2242 2018 dixi-

659 2012 819 2106 si...
844 2057 968 2101 nam
994 2012 1107 2097 illic
1127 2033 1432 2092 ministrum
1461 2024 1594 2083 dicit
1618 2023 1764 2077 iutttn
1793 2018 1883 2089 qui
1907 2012 2241 2106 adiutplevit,

658 2103 765 2196 non
789 2151 915 2193 eum
945 2130 1037 2202 qui
1063 2143 1134 2185 ex
1163 2140 1225 2182 se
1250 2122 1393 2178 bona
1420 2114 1669 2189 prabuit.
1694 2105 1993 2202 Necdixit,
2021 2103 2122 2173 Qui
2147 2116 2245 2157 vos

657 2231 927 2287 adducunt
946 2198 1015 2278 ad
1045 2218 1205 2274 ﬁdem
1229 2255 1247 2282 ,
1272 2210 1368 2269 sed
1389 2252 1405 2277 ,
1438 2206 1546 2263 Per
1561 2220 1688 2275 quos
1713 2198 2034 2262 credidistis;
2059 2207 2246 2287 rursus

656 2284 765 2380 illi;
800 2320 922 2392 plus
964 2312 1245 2375 tribuens,
1274 2312 1332 2361 et
1369 2301 1497 2358 hinc
1538 2296 1817 2392 ministros
1849 2290 2143 2392 declarans.
2184 2284 2245 2342 Si

656 2429 787 2485 ergo
802 2382 965 2466 alteri
988 2397 1381 2461 ministrabant,
1403 2388 1674 2485 quomodo
1692 2385 1749 2442 hi
1770 2382 2036 2485 arripiunt
2054 2384 2243 2432 aucto-

656 2470 909 2562 ritatem?
932 2496 1013 2552 Tu
1035 2506 1162 2549 vero
1184 2486 1316 2545 mihi
1336 2480 1669 2544 consideres,
1691 2470 1962 2547 quomodo
1985 2478 2244 2562 nusquam

779 2598 1015 2653 accuset,
1039 2582 1194 2655 quasi
1222 2576 1434 2647 rapiant
1455 2612 1472 2639 ,
1503 2568 1600 2627 sed
1628 2574 1688 2623 ut
1709 2563 1802 2636 qui
1826 2562 2098 2655 praebeant
2124 2575 2141 2655 ξ
2168 2557 2247 2655 ia-

659 2701 788 2759 psus
820 2682 965 2739 enim
1207 2671 1263 2727 in
1297 2667 1455 2739 plebe
1484 2671 1601 2721 erat
1627 2679 1642 2715 :
1673 2674 1798 2717 nam
1825 2656 1873 2712 si
1901 2654 1979 2709 illi
1996 2650 2246 2759 abstitis-

658 2740 800 2843 :ent,
821 2774 879 2830 lti
902 2769 1250 2829 destitissent.
1278 2763 1394 2818 Duo
1416 2758 1576 2829 igitur
1599 2753 1870 2823 sapienter
1889 2740 2245 2843 conﬁrmavit,

659 2833 803 2925 unde
818 2861 1100 2936 oportebat
1120 2862 1397 2928 peccatum
1420 2848 1611 2904 tollere
1634 2843 1711 2900 ibi
1731 2839 2045 2936 sull'odiens,
2067 2833 2250 2890 adver-

660 2975 755 3017 sus
778 2926 901 3013 ilicis
924 2952 1051 3009 odio
1071 2926 1181 3002 non
1199 2942 1519 3004 concitatus,
1541 2949 1715 3006 neque
1735 2931 1855 2987 illos
1876 2926 2108 2984 reddens
2125 2938 2248 2980 con-

661 3048 1023 3107 tentiosiores.
1062 3041 1129 3096 Et
1456 3028 1588 3086 sicut
1614 3024 1845 3082 Christus
2063 3017 2249 3109 Neque

661 3105 805 3199 enim
834 3139 938 3194 hoc
964 3138 1137 3206 ipsum
1168 3127 1436 3185 modicum
1470 3137 1502 3177 ι
1537 3116 1730 3188 scipsis
1758 3105 2062 3206 habebant,
2091 3105 2189 3163 sed
2215 3120 2248 3206 ξ

661 3237 773 3291 Deo
811 3230 906 3303 qui
945 3200 1256 3285 tradiderat.
1300 3217 1378 3274 Ne
1414 3214 1559 3272 enim
1596 3211 1841 3267 dicerent
1865 3223 1882 3260 :
1906 3203 2044 3273 Quid
2080 3200 2249 3303 ergo:

661 3290 729 3384 iis
766 3290 859 3397 qui
895 3320 1050 3377 nobis
1089 3315 1435 3373 ministrant,
1466 3320 1573 3362 non
1612 3308 1857 3357 amanter
1885 3290 2249 3351 hairebimus?

663 3422 836 3479 Etiam
859 3459 877 3487 ,
908 3412 1123 3484 inquit,
1158 3406 1252 3464 sed
1295 3404 1435 3461 scire
1474 3403 1690 3469 oportet
1729 3403 2048 3487 quousque}

661 3478 807 3571 enim
856 3478 961 3563 hoc
986 3478 1178 3576 ipsum
1203 3512 1314 3554 ase
1337 3494 1558 3560 habent,
1594 3487 1689 3545 sed
1727 3501 1759 3541 a
1800 3485 1913 3540 Deo
1948 3481 2040 3576 qui
2078 3478 2247 3536 dedit.

662 3606 716 3661 6.
743 3602 858 3675 Ego
884 3574 1107 3669 plantam
1132 3632 1149 3658 ,
1174 3588 1358 3662 Apollo
1376 3583 1555 3656 rigavit
1572 3598 1601 3675 ;_
1620 3578 1767 3675 Deus
1974 3574 2252 3627 incremen-

665 3706 771 3750 tum
795 3666 980 3747 ’διάει
1010 3686 1070 3743 ld
1109 3690 1229 3748 est,
1261 3680 1464 3750 primus
1490 3672 1714 3730 verbum
1752 3666 1953 3723 inserui
1984 3681 1997 3717 :
2026 3678 2095 3719 ne
2124 3674 2252 3718 vero

665 3785 870 3843 semina
895 3775 1278 3838 tentationibus
1299 3768 1719 3831 exsiccarentur,
1738 3776 1835 3817 sua
1861 3756 2068 3815 addidit
2089 3754 2254 3825 Apol-

668 3864 757 3943 lo;
780 3885 949 3930 totum
978 3879 1155 3926 autem
1188 3864 1282 3920 Dei
1318 3861 1435 3917 fuit.
1468 3860 1522 3914 7.
1549 3856 1734 3926 Itaque
1759 3867 1917 3924 neque
1942 3850 2028 3922 qui
2056 3847 2255 3921 pimtat

668 3975 743 4023 est
780 3963 1005 4033 aliquid,
1040 3973 1205 4026 neque
1220 3955 1309 4023 qui
1335 3953 1468 4022 rigat
1489 3990 1506 4016 ,
1533 3948 1621 4002 sed
1647 3946 1734 4015 qui
1770 3944 1859 3997 dat
1894 3944 2255 3996 inermum

670 4058 831 4114 Deus.
862 4049 1050 4107 Viden‘
1076 4042 1344 4118 quomodo
1373 4040 1496 4095 illos
1521 4034 1830 4090 consoletur
1850 4072 1868 4097 ,
1904 4040 1965 4084 nt
1990 4043 2057 4083 ne
2096 4040 2255 4095 aspe-

661 4128 849 4211 riores
876 4146 1004 4200 ﬁant
1029 4117 1195 4197 exeo
1217 4132 1362 4208 quod
1386 4128 1654 4186 audierint
1671 4168 1687 4194 ,
1718 4123 1852 4191 Quis
1877 4129 1960 4178 est
1988 4121 2110 4184 iste,
2138 4117 2257 4189 quis

670 4256 753 4302 est
776 4241 905 4299 ille?
930 4238 1068 4295 Sunt
1086 4231 1233 4291 enim
1252 4237 1477 4298 utraque
1500 4235 1751 4284 onerosa,
1772 4227 1830 4274 et
1848 4214 1991 4288 quod
2010 4212 2255 4278 dixisset,

672 4338 804 4405 Quis
828 4342 913 4389 est
948 4332 1051 4386 iste
1069 4369 1088 4395 ,
1119 4324 1240 4397 quis
1263 4328 1349 4378 est
1380 4318 1511 4374 ille?
1533 4322 1590 4371 et
1616 4311 1758 4383 quod
1782 4310 2044 4370 dixisset,
2073 4304 2258 4374 Neque

674 4396 764 4498 qui
802 4425 1043 4495 plantat,
1082 4396 1261 4486 neque
1297 4413 1391 4482 qui
1426 4411 1564 4480 rigat
1597 4414 1687 4462 est
1721 4402 1940 4498 aliquid.
1978 4396 2260 4498 Quomodo

675 4490 823 4588 ergo
832 4514 975 4568 circa
1014 4509 1130 4562 haec
1157 4498 1581 4560 consolationem
1610 4492 1821 4548 attulit?
1862 4490 2016 4557 Quod
2046 4490 2100 4543 in
2136 4501 2261 4557 pro-

676 4577 845 4681 priam
876 4613 1161 4676 personam
1190 4594 1503 4665 despectum
1531 4585 1761 4681 adducat
1783 4597 1904 4636 cum
1932 4580 2059 4634 dicit
2091 4599 2105 4633 :
2135 4577 2263 4641 Quis

677 4665 822 4755 enim
851 4665 923 4750 ιὲι
950 4690 1149 4746 Paulus
1170 4728 1189 4755 ,
1217 4684 1330 4757 quis
1357 4678 1543 4751 Apollo
1563 4677 1590 4732 ν
1612 4665 1678 4730 et‘
1695 4670 1839 4743 quod
1863 4667 2015 4724 danti
2043 4666 2153 4720 Deo
2179 4672 2235 4757 te

678 4754 790 4846 tum
820 4787 1036 4843 referat.
1064 4754 1201 4836 Cum
1227 4754 1370 4833 enim
1393 4772 1636 4835 dixisset,
1669 4767 1766 4823 llic
1793 4760 2069 4836 plantavit,
2091 4766 2147 4813 et
2166 4754 2263 4811 ad-

679 4880 909 4938 didisset
933 4872 1065 4929 nihil
1091 4884 1212 4925 esse
1234 4881 1358 4923 eum
1382 4863 1476 4934 qui
1501 4863 1739 4933 plantat,
1766 4856 1991 4923 addidit,
2024 4852 2142 4918 sed,
2168 4847 2270 4917 Qui

681 4962 1044 5028 incrementum
1081 4961 1170 5016 dat
1208 4958 1368 5013 Deus.
1391 4954 1575 5023 Neque
1618 4953 1707 5007 hic
1730 4949 2007 5014 constitit,
2040 4943 2137 5000 sed
2162 4940 2273 4997 alio

684 5074 873 5120 rursus
906 5056 1267 5113 additamento
1290 5048 1342 5104 ei
1370 5044 1616 5101 medetur
1638 5041 1827 5097 dicens
1852 5057 1867 5093 :
1892 5038 1947 5093 8.
1978 5036 2081 5105 Qui
2102 5040 2273 5088 autem

689 5155 887 5227 plantat
923 5157 973 5205 et
1009 5146 1097 5217 qui
1124 5138 1272 5215 rigat
1305 5153 1464 5193 unum
1500 5142 1638 5191 sunt.
1678 5131 1782 5187 Per
1819 5131 1919 5184 hoc
1955 5127 2100 5182 enim
2129 5122 2275 5179 aliud

690 5218 906 5317 quoque
944 5240 1197 5303 molitur,
1247 5251 1308 5289 ν.
1334 5246 1403 5288 ne
1430 5230 1568 5285 alter
1606 5226 1660 5281 in
1700 5224 1927 5279 alterum
1964 5218 2271 5276 ell‘erantur.

693 5309 875 5393 iduum
912 5339 1093 5385 autem
1132 5326 1252 5382 illos
1280 5338 1401 5379 esse
1426 5320 1557 5375 dicit
1577 5360 1592 5385 ,
1620 5332 1688 5373 eo
1722 5310 1866 5386 quod
1900 5309 2033 5365 nihil
2076 5309 2282 5379 possint

694 5427 819 5486 sine
859 5423 970 5478 Deo
995 5420 1386 5479 incrementum
1412 5411 1595 5466 dante.
1622 5408 1737 5463 Hoc
1769 5418 1895 5459 cum
1924 5400 2185 5462 dixisset,
2212 5414 2281 5454 ne

700 5530 798 5572 eos
822 5512 1037 5587 quidem
1064 5508 1155 5581 qui
1184 5507 1410 5562 multum
1440 5501 1823 5587 laboraverant
1840 5489 2082 5587 permisit
2102 5488 2285 5587 elici-ri

702 5608 762 5661 in
782 5579 877 5660 eos
893 5602 987 5674 qui
1008 5579 1216 5657 minora
1237 5594 1564 5657 intulissent,
1585 5603 1761 5659 neque
1781 5586 1916 5641 alios
1935 5582 2001 5637 iis
2020 5579 2283 5637 invidere.

705 5672 931 5765 Deinde,
962 5696 1086 5767 quia
1115 5692 1221 5752 hoc
1243 5690 1519 5761 segniores
1546 5684 1669 5740 illos
1697 5679 1983 5743 reddebat,
2009 5672 2150 5746 quod
2173 5687 2290 5728 om-

707 5803 808 5846 nes
832 5802 997 5844 unum
1023 5800 1143 5842 esse
1170 5788 1502 5852 putarentur,
1535 5788 1643 5832 tam
1666 5775 1701 5829 ii
1726 5774 1816 5844 qui
1846 5770 2102 5836 multum,
2130 5780 2291 5838 quam
2398 5768 2505 5819 me.

1538 5867 1656 5926 vide
1679 5832 1947 5940 quomodo
1975 5832 2293 5917 hoc'corre-
2401 5843 2645 5916 exempla
2687 5852 2788 5897 nos
2825 5832 3017 5906 iungit.

1373 445 1430 504 8.
1468 438 1745 501 JOANNIS
1777 430 2250 497 ODRYSOSTOMI
2288 426 2605 485 ARCIIIEP.
2640 417 3175 481 CONSTANTINOP.

3863 413 3937 469 ’Β

2340 548 2480 605 xerit
2505 546 2693 605 dicens
2722 567 2737 603 :
2766 543 3123 615 Unusquisque
3159 548 3327 595 autem
3354 537 3616 610 propriam
3646 532 3935 590 Μεθώνη

2338 639 2549 708 accipiet
2593 636 2869 692 secundum
2911 649 3061 689 suum
3099 632 3341 687 laborati.
3381 631 3461 687 Ac
3491 629 3539 685 si
3566 626 3772 683 diceret
3802 641 3818 678 :
3851 621 3936 679 Ne

2341 731 2533 786 timeas
2567 727 2711 800 quod
2748 726 2973 783 dixerim
3010 738 3175 780 unum
3210 735 3369 787 esse;
3407 734 3544 775 nam'
3569 719 3615 775 si
3652 718 3747 772 Det
3774 713 3933 786 operi

2340 819 2722 883 conferantur,
2750 831 2915 872 unum
2959 823 3120 880 sunt;
3161 810 3457 869 secundum
3494 810 3707 867 labores
3741 816 3934 863 autem

2340 926 2449 968 non
2472 917 2598 965 sunt
2615 924 2803 975 unum,
2823 905 2919 963 sed
2942 905 3308 977 unusquisque
3330 902 3599 974 propriam
3617 898 3935 957 mercedem

2340 1005 2588 1074 accipiet.
2638 1000 2846 1057 Deinde
2890 999 2995 1056 hoc
3033 999 3196 1055 etiam
3238 995 3409 1069 magis
3445 992 3685 1066 mitigat,
3715 1006 3846 1048 cum
3879 990 3935 1045 id

2340 1095 2609 1152 eﬂccisset
2633 1091 2776 1164 quod
2803 1090 3054 1147 volebat:
3084 1089 3137 1144 in
3176 1087 3369 1159 quibus
3397 1093 3573 1157 potest
3596 1082 3938 1155 gratiﬁcatur

2342 1202 2465 1243 eum
2504 1183 2843 1240 liberalitate.
2872 1180 2929 1238 9.
2960 1178 3058 1235 Dei
3094 1179 3232 1234 enim
3270 1177 3530 1243 adiutores
3570 1188 3747 1229 sumus
3783 1187 3803 1225 :
3834 1168 3936 1224 Dei

2341 1274 2652 1349 agricultura
2676 1274 2796 1330 estis
2817 1314 2835 1341 ,
2865 1272 2960 1327 Dei
2981 1270 3255 1339 terti/ictum
3278 1269 3415 1323 estis.
3442 1264 3629 1322 Viden’
3655 1260 3937 1335 quomodo

2344 1368 2476 1438 ipsis
2511 1380 2649 1436 opus
2682 1363 2894 1421 dederit
2919 1378 3025 1418 non
3054 1375 3298 1431 parvum,
3324 1373 3446 1414 cum
3473 1358 3620 1428 prius
3647 1353 3938 1427 probasset

2344 1468 2516 1515 totum
2542 1472 2610 1513 ex
2639 1457 2750 1512 Deo
2776 1456 2934 1512 esse?
2958 1455 3091 1523 Quia
3119 1453 3261 1509 enim
3286 1464 3503 1521 semper
3527 1459 3708 1504 mouet
3732 1461 3938 1518 paren-

2343 1549 2472 1605 dum
2514 1563 2636 1605 esse
2678 1546 2979 1617 praepositis
3004 1586 3019 1607 ,
3049 1543 3172 1599 ideo
3208 1542 3460 1599 doctores
3497 1555 3603 1595 non
3638 1537 3935 1593 admodum

2343 1641 2614 1715 deprimit.
2641 1640 2734 1695 Dei
2751 1638 3065 1711 agricultura
3084 1638 3225 1691 estis.
3250 1635 3384 1705 Quia
3408 1634 3550 1691 enim
3574 1632 3732 1698 dixit,
3760 1629 3935 1685 Plau-

2344 1733 2467 1802 taei,
2497 1740 2698 1806 perstat
2726 1732 2781 1786 in
2809 1728 3138 1800 metaphora.
3170 1727 3227 1783 Si
3255 1736 3435 1782 autem
3463 1725 3556 1781 Dei
3581 1722 3934 1795 agricultura.

2346 1840 2454 1882 non
2483 1833 2544 1880 ut
2577 1823 2648 1880 ab
2674 1824 2739 1877 iis
2765 1820 2857 1891 qui
2886 1834 2982 1876 vos
3006 1819 3230 1884 colunt,
3262 1816 3357 1871 sed
3384 1825 3497 1870 uta
3528 1816 3639 1871 Deo
3664 1812 3937 1869 vocemini

2345 1931 2556 1988 equum
2580 1924 2684 1971 est.
2709 1913 2825 1970 Non
2848 1913 2993 1969 enim
3021 1926 3149 1981 ager
3172 1916 3394 1965 vocatur
3415 1907 3687 1977 agricolae,
3714 1905 3812 1960 sed
3841 1919 3939 1973 pa-

2346 2006 2694 2063 trisfamilias.
2735 2005 2833 2060 Dei
2868 2002 3141 2073 adiﬁcatt'o
3178 2002 3317 2055 estis.
3365 1999 3566 2054 Rursus
3603 1995 3935 2061 adiﬁcatio,

2346 2113 2453 2155 non
2477 2098 2719 2164 artiﬁcis,
2737 2096 2832 2152 sed
2846 2094 3050 2151 domini
3071 2102 3174 2149 est.
3196 2091 3252 2149 Si
3272 2099 3452 2147 autem
3472 2088 3757 2145 aediﬁcatio
3777 2088 3937 2154 estis,

2348 2205 2456 2245 non
2495 2196 2710 2261 oportet
2746 2203 2868 2244 esse
2906 2186 3107 2242 divisos
3136 2185 3309 2240 :alias
3352 2184 3456 2239 hoc
3496 2180 3787 2238 aediﬁcatio
3824 2195 3935 2236 non

2347 2281 2524 2337 fuerit.
2555 2279 2612 2337 Si
2653 2278 2973 2351 agricultura
3000 2276 3134 2333 estis
3153 2316 3171 2341 ,
3202 2289 3311 2331 non
3347 2281 3560 2345 oportet
3595 2273 3763 2328 dividi
3788 2312 3807 2341 ,
3838 2270 3936 2326 sed

2348 2388 2453 2427 una
2487 2370 2789 2427 concordia:
2828 2384 2957 2440 sepe
2999 2367 3216 2423 muniri.
3247 2365 3336 2421 lo.
3370 2363 3665 2421 Secundum
3711 2363 3937 2431 gratiam

2348 2461 2445 2518 Dei
2467 2505 2486 2531 ,
2516 2478 2630 2534 quc
2654 2462 2775 2515 data
2802 2468 2873 2515 est
2907 2457 3032 2513 mihi
3054 2496 3071 2524 ,
3100 2466 3157 2510 ut
3183 2456 3386 2525 sapiens
3413 2453 3712 2508 architectus
3737 2450 3936 2522 {unda-

2348 2563 2572 2608 utentum
2608 2551 2773 2622 posui.
2804 2550 2903 2605 ilic
2929 2564 2989 2604 se
3026 2548 3320 2616 sapientem
3347 2544 3555 2599 vocavit
3579 2582 3596 2608 ,
3619 2556 3726 2597 non
3754 2556 3818 2597 se
3842 2554 3937 2595 ex-

2349 2644 2566 2710 tollens,
2588 2641 2685 2698 sed
2703 2656 2763 2695 se
2784 2649 2967 2711 typum
2988 2639 3121 2693 dans
3145 2636 3270 2696 illis.
3292 2644 3348 2690 et
3365 2631 3655 2689 ostendens
3673 2630 3937 2701 sapientis

2349 2749 2470 2791 esse
2494 2748 2656 2789 unum
2683 2746 2884 2804 ponere
2907 2728 3329 2789 fundamentum.
3362 2723 3493 2781 Vide
3518 2738 3748 2793 namque
3772 2736 3937 2792 quam

2350 2828 2624 2883 moderate
2651 2839 2712 2883 se
2736 2834 2907 2896 gerat.
2934 2822 3067 2879 Cum
3093 2820 3236 2885 enim
3262 2834 3324 2875 se
3346 2817 3641 2889 sapientem
3671 2816 3934 2879 dixisset,

2352 2932 2459 2973 non
2480 2917 2603 2973 sivit
2626 2915 2729 2970 hoc
2749 2928 2869 2971 esse
2893 2926 3068 2974 suum,
3090 2909 3187 2966 sed
3216 2924 3337 2963 cum
3362 2922 3422 2963 se
3448 2908 3598 2977 prius
3624 2913 3795 2960 totum
3823 2903 3937 2958 Deo

2350 3007 2704 3072 attribuisset,
2733 3014 2862 3060 tune
2887 3019 2949 3059 se
2976 3005 3050 3058 ita
3077 3001 3288 3057 vocavit
3314 3016 3330 3053 :
3358 3012 3483 3054 nam
3510 2996 3806 3052 Secundam
3827 3011 3938 3065 gra-

2353 3102 2477 3155 tiam
2520 3097 2652 3163 Dei,
2694 3112 2807 3168 quat
2852 3094 2974 3149 data
3013 3102 3085 3148 est
3129 3088 3291 3157 mihi,
3335 3087 3531 3159 inquit.
3574 3086 3741 3144 Simul
3792 3087 3935 3140 enim

2351 3190 2584 3248 ostendit
2614 3198 2779 3245 totum
2815 3201 2939 3243 esse
2980 3184 3071 3240 Dei
3100 3194 3157 3241 et
3193 3180 3336 3255 quod
3373 3180 3479 3237 hoc
3504 3179 3737 3235 maxime
3765 3178 3935 3249 gratia

2352 3283 2451 3347 sit,
2480 3296 2587 3335 non
2612 3277 2807 3343 dividi,
2830 3264 2934 3333 sed
2961 3278 3014 3330 in
3043 3288 3151 3330 uno
3181 3273 3362 3343 jacere
3391 3269 3761 3326 fundamento.
3789 3266 3937 3321 Atius

2352 3372 2726 3445 supersediﬁcat
2753 3386 2774 3427 :
2796 3369 2963 3423 uideat
3002 3378 3170 3421 autem
3206 3364 3545 3434 unusquisque
3565 3361 3822 3432 quomodo
3845 3378 3937 3415 su—

2354 3465 2678 3539 patediﬁcet.
2709 3461 2807 3519 llic
2831 3462 2959 3517 mihi
2988 3460 3197 3514 videtur
3222 3457 3341 3513 illos
3367 3455 3640 3515 inducere.
3673 3463 3728 3509 ut
3754 3462 3935 3509 certa-

2355 3573 2479 3613 men
2508 3556 2689 3609 ineaut
2712 3550 2783 3610 de
2807 3552 2912 3607 vita
2940 3547 3283 3615 instituenda,
3311 3547 3435 3618 quia
3462 3546 3585 3601 illos
3613 3543 3782 3599 semel
3810 3558 3937 3599 con-

2349 3647 2529 3720 junxit
2568 3655 2623 3703 et
2663 3659 2827 3700 unum
2867 3642 3011 3697 fecit.
3044 3642 3133 3696 ll.
3165 3638 3578 3695 Fundamentum
3618 3636 3751 3690 enim
3794 3632 3939 3687 aliud

2356 3754 2500 3796 uelato
2531 3745 2692 3809 potest
2726 3747 2911 3806 ponere
2946 3739 3130 3802 praeter
3156 3730 3212 3783 it
3238 3728 3373 3797 quod
3400 3727 3617 3799 positum
3654 3734 3763 3789 est,
3805 3723 3936 3791 quod

2336 3840 2427 3890 σαι
2453 3800 2605 3887 les-us
2632 3800 2886 3884 curiatum
2921 3800 3040 3879 Non
3081 3828 3255 3891 potest
3288 3826 3469 3873 autem
3496 3815 3748 3887 quamdiu
3777 3813 3939 3869 fuerit

2354 3921 2681 3981 architectus
2708 3934 2725 3973 :
2748 3916 2795 3973 si
2836 3924 3013 3969 autem
3050 3911 3284 3981 positum
3326 3906 3525 3970 fuerit,
3560 3905 3671 3973 jatn
3710 3918 3821 3957 non
3858 3910 3935 3956 est

2358 4010 2699 4067 architectus.

2429 4099 2484 4154 ι.
2522 4095 2657 4152 Vide
2677 4089 2944 4164 quomodo
2966 4103 2998 4142 a
3020 4084 3391 4143 communibus
3414 4081 3721 4138 notionibus
3747 4096 3940 4152 propo-

2360 4192 2521 4248 situm
2542 4195 2711 4245 totum
2734 4182 2940 4256 probet.
2962 4178 3114 4249 Quod
3132 4188 3313 4235 autem
3334 4174 3483 4242 dicit,
3502 4174 3810 4246 hujusmodi
3830 4184 3935 4231 est:

2361 4281 2684 4344 Annuntiavi
2721 4276 2993 4336 Christum
3017 4315 3033 4341 ,
3077 4270 3269 4329 tradidi
3305 4269 3459 4325 vobis
3492 4266 3935 4323 fundamentum:

2361 4379 2538 4437 videte
2573 4371 2843 4449 quomodo
2879 4364 3349 4441 supemdiﬁcetis,
3377 4377 3447 4418 an
3475 4360 3543 4418 ad
3581 4362 3795 4419 inanem
3832 4360 3941 4432 glo-

2362 4475 2495 4529 riam
2514 4512 2532 4539 ,
2559 4474 2629 4533 an
2654 4467 2722 4524 ad
2748 4462 2993 4520 homines
3019 4456 3310 4529 discipulos
3336 4452 3727 4510 abstrahentes.
3758 4450 3839 4508 Ne
3861 4460 3940 4509 at-

2366 4565 2645 4621 tendamus
2672 4572 2802 4629 ergo
2828 4552 3119 4611 haresibus
3146 4569 3161 4605 :
3188 4548 3589 4604 fundamentum
3619 4543 3763 4602 enim
3803 4540 3944 4596 aliud

2366 4670 2525 4710 nemo
2551 4660 2726 4723 potest
2753 4661 2956 4719 ponere
2985 4649 3179 4713 printer
3207 4638 3262 4696 id
3285 4636 3428 4709 quod
3455 4632 3686 4707 positum
3715 4641 3821 4693 est.
3851 4632 3947 4689 Su-

2367 4762 2465 4817 per
2486 4746 2658 4816 ipsum
2683 4756 2814 4811 ergo
2839 4737 3185 4799 :edilicemus,
3210 4740 3266 4787 et
3288 4738 3349 4786 ut
3369 4727 3719 4785 fundamento
3742 4724 3946 4783 haerea-

2370 4852 2493 4895 mus
2514 4877 2529 4904 ,
2562 4843 2621 4889 ut
2648 4834 2854 4903 palmes
2883 4828 2979 4884 viti
3002 4867 3021 4896 ,
3055 4833 3110 4881 et
3146 4822 3278 4904 nihil
3310 4818 3785 4904 sitintermedium
3815 4818 3949 4904 inter

2373 4937 2471 4979 nos
2507 4898 2562 4977 et
2603 4898 2876 4973 Christum
2905 4928 2925 4970 :
2950 4923 3077 4965 nam
3115 4906 3163 4962 si
3199 4901 3398 4973 aliquid
3436 4898 3817 4959 intermedium
3843 4900 3949 4966 sit,

2374 5018 2552 5074 statim
2595 5012 2851 5085 perimus.
2896 5003 3107 5062 Palmes
3142 4998 3287 5055 enim
3329 5009 3395 5053 ex
3432 5008 3500 5051 eo
3530 4990 3673 5063 quod
3711 4991 3949 5059 hau-eat,

2378 5112 2539 5170 trahit
2567 5119 2819 5169 succum;
2858 5108 2913 5156 et
2939 5094 3221 5154 aedilicium
3244 5130 3263 5159 ,
3292 5087 3435 5161 quod
3472 5087 3544 5143 sit
3577 5095 3912 5155 compactum
3933 5124 3947 5147 ,

2379 5215 2527 5263 stat:
2553 5200 2695 5275 quod
2723 5196 2770 5253 si
2796 5194 3121 5265 disiunctum
3151 5185 3259 5275 sit,
3282 5182 3423 5275 perit
3439 5222 3458 5250 ,
3483 5194 3607 5237 cum
3634 5192 3753 5275 non
3766 5175 3955 5275 habeat

2382 5312 2491 5371 quo
2533 5267 2808 5350 innitatur.
2842 5284 2923 5341 Ne
2963 5282 3140 5350 itaque
3176 5274 3349 5333 solum
3384 5271 3684 5329 hureamus
3711 5267 3952 5332 Christo,

2385 5358 2484 5446 sed
2507 5386 2667 5443 etiam
2688 5378 2789 5451 ipsi
2808 5372 3268 5445 congiutinemur;
3293 5377 3414 5421 nam
3435 5363 3483 5418 si
3502 5359 3752 5431 disjuncti
3773 5358 3953 5427 simus,

2390 5482 2647 5552 perimus.
2664 5445 2881 5528 Etenim
2902 5465 2988 5536 qui
3014 5462 3247 5531 clangunt
3274 5473 3329 5513 se
3350 5465 3454 5512 a‘te
3469 5497 3484 5521 ,
3516 5452 3747 5525 peribunt
3769 5446 3791 5521 (
3820 5445 3953 5552 ιςιαι

2391 5537 2483 5627 '12.
2503 5564 2625 5640 27),
2652 5563 2842 5635 inquit.
2871 5551 3309 5625 Conglutinemur
3329 5562 3458 5619 ergo
3479 5544 3681 5640 ipsi,_et
3702 5537 3956 5640 congluti-

2395 5626 2594 5719 nemur'
2607 5626 2709 5729 per
2726 5626 2894 5725 opera
2920 5664 2936 5703 :
2961 5645 3064 5713 Qui
3090 5642 3236 5700 enim
3260 5645 3446 5695 servat
3473 5632 3720 5691 mandata
3748 5642 3886 5695 mea,
3910 5626 3958 5681 in

2533 5718 2739 5822 inq'ttit,
2769 5718 2954 5801 manet
2978 5734 3156 5809 (Joau.
3184 5733 3270 5789 tt.
3295 5729 3413 5801 at).
3444 5723 3657 5783 Etenim
3686 5735 3782 5822 per
3806 5718 3959 5775 multa

3065 5823 3443 5886 Animadverte
3480 5825 3659 5875 autem
3688 5830 3706 5871 :
3737 5812 3850 5890 ipse
3889 5818 3961 5865 est
