4082 6326
623 292 699 352 73
1306 295 1363 350 S.
1402 289 1690 350 JOANNIS
1729 288 2232 349 CHRYSOSTOHI
2272 290 2593 351 ARCHIEP.
2636 293 3189 355 CONSTANTINOP.
3839 299 3907 354 74

624 433 796 486 μενοι·
833 414 996 478 αὐτὸς
1029 415 1088 468 τὸ
1127 415 1262 484 φῶς,
1301 419 1464 487 ἡμεῖς
1505 421 1551 472 οἱ
1599 420 1982 490 φωτιζόμενοι.
2026 415 2214 472 Ταῦτα

623 509 802 561 πάντα
836 509 1030 561 ἕνωσιν
1057 522 1080 549 ιι
1118 510 1390 579 ἐμφαίνει,
1428 511 1523 563 καὶ
1545 513 1697 565 ούδέν
1729 513 1892 583 μέσον
1934 511 2090 565 κενὸν
2115 510 2212 576 ἀφ’

625 601 768 671 ίησιν
794 597 953 664 εἶναι,
983 601 1102 654 ούδέ
1133 603 1191 655 τὸ
1223 603 1570 674 μικρότατον.
1617 603 1675 656 '0
1708 604 1818 675 γὰρ
1851 603 2044 675 μικρὸν
2077 601 2206 655 ἀπο⁹

622 694 771 757 στάς,
810 693 902 746 καὶ
934 693 1066 746 πολὺ
1096 693 1301 764 προῖὼν
1325 695 1714 765 ἀποστήσεται.
1744 698 1855 749 Kal
1887 695 1997 764 γάρ
2025 695 2086 747 τὸ
2109 693 2214 746 σῶ-

623 801 718 854 μα,
756 786 821 838 ἂν
863 785 1065 856 μικράν
1103 786 1212 838 ἀπὸ
1254 786 1442 855 ξίφους
1489 788 1772 841 διάστασιν
1803 787 2044 855 δέξηται,
2095 785 2214 837 δια-

619 876 938 946 φθείρεται·
1006 878 1098 930 καὶ
1148 880 1180 947 ἡ
1235 879 1509 950 οἰκοδομὴ,
1568 881 1670 934 κᾶν
1722 880 1914 952 μικρὸν
1959 879 2209 950 διαχάνῃ,

617 968 966 1024 καταλύεται·
992 970 1082 1022 καὶ
1106 969 1204 1038 τῆς
1232 969 1387 1039 ῥίζης
1411 972 1470 1024 τὸ
1491 972 1700 1043 κλῆμα,
1728 971 1828 1026 κᾶν
1857 971 2051 1041 μικρὸν
2078 971 2214 1023 ἀπο-

619 1064 782 1132 κοπῇ,
821 1063 1045 1129 γέγονεν
1079 1063 1373 1132 ἄχρηστον.
1409 1064 1572 1116 Ὥστε
1604 1064 1663 1117 τὸ
1701 1064 1897 1134 μικρὸν
1930 1063 2090 1117 τοῦτο
2113 1063 2212 1115 οὐκ

615 1155 728 1206 ἐστι
762 1154 974 1224 μικρὸν,
1022 1154 1156 1206 ἀλλά
1201 1155 1296 1207 καλ⁵
1341 1156 1529 1226 σχεδὸν
1577 1157 1639 1209 τὸ
1684 1157 1804 1210 ὅλον
1833 1157 2000 1210 ἐστίν.
2042 1157 2210 1209 Ὅταν

615 1244 708 1299 οὖν
752 1246 946 1317 μικρόν
977 1264 1029 1298 τι
1069 1245 1552 1316 πλημμελήσωμεν
1579 1248 1612 1316 ἢ
1644 1249 1739 1300 καὶ
1771 1246 2208 1318 ῥαθυμήσωμεν,

616 1338 689 1407 μὴ
745 1337 1060 1407 παρίδωμεν
1108 1337 1170 1388 τὸ
1229 1338 1443 1407 μικρόνο
1507 1337 1628 1390 ἐπεὶ
1667 1339 1880 1408 ταχέως
1924 1336 2211 1407 παροφθὲν

609 1428 768 1480 τοῦτο
805 1427 947 1496 μέγα
991 1426 1221 1494 γίνεται.
1266 1427 1422 1480 υῦτω
1454 1428 1547 1480 καὶ
1589 1428 1803 1496 ἱμάτιον
1837 1428 2013 1498 ἀρχὴν
2043 1425 2209 1478 λαϐὸν

611 1520 913 1591 ρήγνυσθαι
943 1519 1035 1572 καὶ
1061 1518 1355 1588 ἀμεληθὲν,
1382 1519 1557 1571 διόλου
1585 1520 1648 1572 τὸ
1672 1520 1879 1590 σχίσμα
1903 1521 2207 1591 προήγαγε·

607 1614 703 1666 καὶ
761 1612 958 1681 ὄροφος
1021 1609 1219 1677 ὀλίγων
1279 1611 1541 1681 κεράμων
1603 1611 2023 1666 καταπεσόντων
2064 1629 2203 1682 παρ-

607 1703 815 1771 οφθεὶς,
853 1701 1146 1770 ὁλόκληρον
1199 1701 1288 1753 τὸν
1333 1699 1480 1755 οἷκον
1525 1705 1855 1775 κατήνεγκε.
1916 1705 2085 1758 Ταῦτ’
2116 1701 2207 1758 οὖν

604 1796 765 1863 ἡμεῖς
799 1793 1160 1861 λογιζόμενοι,
1203 1793 1471 1861 μηδέποτε
1521 1794 1629 1848 τῶν
1679 1797 1892 1866 μικρῶν
1922 1815 2205 1866 καταφρο-

604 1886 807 1957 νῶμεν,
849 1886 935 1940 ἵνα
981 1887 1055 1956 μὴ
1081 1886 1161 1948 είς
1192 1886 1260 1938 τὰ
1296 1886 1507 1954 μεγάλα
1538 1887 1893 1956 ἐμπέσωμεν
1923 1886 1988 1940 ἂν
2023 1887 2068 1939 δ’
2097 1889 2205 1958 ἀρα

602 1979 1128 2050 καταφρονήσωμεν,
1163 1977 1256 2030 καὶ
1299 1979 1379 2040 είς
1409 1977 1468 2029 τὸ
1503 1977 1664 2046 βάθος
1694 1977 1945 2048 ἔλθωμεν
1970 1979 2078 2034 τῶν
2103 1997 2204 2034 κα-

601 2069 735 2132 κῶν,
777 2071 911 2140 μηδέ
941 2069 1118 2121 ἐκεῖσε
1155 2067 1438 2137 γενόμενοι
1468 2068 1821 2138 ἀπογνῶμεν,
1867 2071 1954 2123 ῖνα
2001 2072 2075 2141 μὴ
2101 2072 2204 2140 ἐμ-

601 2164 856 2231 πέσωμεν
901 2163 980 2224 είς
1023 2161 1394 2232 καρηὸαρίαν.
1429 2161 1545 2233 [71]
1574 2161 1843 2215 Δύσκολον
1875 2163 1981 2234 γὰρ
2017 2164 2203 2218 λοιπὸν

599 2253 846 2307 ἀνελθεῖν
874 2253 1082 2306 ἐκεῖθεν
1115 2251 1206 2306 τὸν
1266 2251 1340 2322 μή
1376 2251 1580 2324 σφόδρα
1610 2253 1882 2323 “νήφοντα,
1917 2255 1977 2307 ού
2014 2255 2102 2309 διὰ
2140 2257 2202 2310 τὸ

603 2344 777 2416 μῆκος
813 2345 998 2415 μόνον,
1049 2344 1184 2398 ἀλλά
1220 2345 1314 2397 καὶ
1341 2344 1429 2396 διὰ
1460 2344 1555 2413 τὴν
1597 2345 1744 2398 θέσιν
1797 2347 1988 2418 αὐτήν.
2029 2349 2202 2413 Βάθος

599 2437 709 2508 γάρ
737 2439 853 2489 ἐστι
905 2437 998 2488 καὶ
1044 2438 1077 2505 ὴ
1104 2437 1372 2506 ἁμαρτία,
1416 2439 1512 2490 καὶ
1551 2438 1701 2490 κάτω
1735 2438 1977 2509 φέρουσα
2004 2439 2197 2495 θλίϐει.

597 2528 709 2581 Kal
732 2527 983 2596 καθάπερ
1022 2527 1070 2578 οἱ
1100 2528 1177 2589 είς
1207 2527 1384 2596 φρέαρ
1414 2527 1747 2597 ἐμπεσόντες
1779 2529 1880 2581 οὐκ
1909 2529 1973 2582 ἂν
2002 2530 2202 2598 ῥαδίως

596 2618 891 2681 ἀνέλθοιεν,
925 2618 1038 2670 ἀλλ’
1066 2617 1271 2687 ἐτέρων
1297 2619 1586 2688 δεήσονται
1615 2619 1725 2671 τῶν
1754 2620 2069 2686 ἀναγόντων
2104 2621 2202 2674 αύ-

594 2709 741 2773 τούς·
777 2710 918 2782 οῦτω
947 2710 1038 2762 καὶ
1060 2711 1086 2761 ὁ
1115 2711 1193 2770 εἰς
1224 2709 1386 2776 βάθος
1413 2707 1582 2760 ἐλθὼν
1620 2709 1726 2761 τῶν
1755 2709 2195 2781 ἁμαρτημάτων.

596 2800 941 2870 Χαλάσωμεν
980 2795 1073 2852 οὖν
1130 2800 1338 2868 σχοινία
1392 2800 1529 2870 πρὸς
1581 2801 1709 2864 τοὺς
1761 2804 2056 2868 τοιούτους,
2105 2807 2199 2858 καὶ

594 2891 1016 2964 ἀνιμησιῖ›μεθα·
1061 2891 1260 2960 μᾶλλον
1290 2891 1346 2943 δὲ
1385 2892 1482 2960 οὐχ
1509 2893 1711 2962 ἐτέρων
1742 2894 1822 2946 δεῖ
1850 2896 2030 2964 μόνον,
2062 2898 2200 2952 ἀλλὰ

595 2989 689 3040 καὶ
737 2984 892 3055 ἡμῶν
932 2983 1133 3047 αὐτῶν,
1184 2984 1270 3037 ἵνα
1318 2985 1412 3036 καὶ
1465 2985 1693 3047 ἑαυτοὺς
1741 2986 2038 3056 ἐπιδῶμεν,
2099 2989 2193 3042 καὶ

593 3077 999 3148 ἀναϐησώμεθα
1052 3076 1111 3126 οὺ
1163 3073 1439 3138 τοσοῦτον,
1492 3077 1617 3128 ὅσον
1670 3077 2004 3148 κατέϐημεν,
2058 3081 2198 3134 ἀλλὰ

593 3168 774 3239 πολλῷ
820 3167 1004 3231 πλέον,
1047 3165 1141 3216 ἐὰν
1183 3163 1524 3234 βουλώμεθα.
1562 3167 1671 3219 Καὶ
1705 3168 1814 3238 γὰρ
1841 3171 1869 3222 ὸ
1899 3169 2034 3233 Θεὸς
2070 3171 2196 3243 βοη-

597 3261 701 3315 θεῖ’
767 3262 848 3314 Οὐ
878 3258 986 3328 γάρ
1012 3258 1304 3322 βούλεται
1346 3258 1454 3310 τὸν
1484 3257 1747 3314 θάνατον
1783 3261 1890 3314 τοῦ
1923 3263 2193 3331 ἀμαρτω-

592 3353 728 3414 λοῦ,
759 3353 838 3417 ὠς
878 3351 942 3404 τὸ
969 3349 1329 3417 ἐπιστρέψαι
1359 3349 1564 3402 αὐτόν.
1600 3350 1805 3420 Μηδεὶς
1834 3352 2015 3405 τοίνυν
2053 3356 2192 3407 ἀποσ-

592 3443 930 3507 γινωσκέτω,
971 3440 1162 3509 μηδεὶς
1208 3439 1268 3490 τὸ
1298 3439 1404 3490 τῶν
1444 3439 1658 3492 ἀσεϐῶν
1701 3441 1958 3510 πασχέτω
1994 3424 2187 3506 πάθός·

515 3553 518 3556 λ
592 3535 819 3588 ἐκείνων
861 3533 971 3603 γάρ
1012 3534 1126 3584 ἐστι
1174 3531 1233 3583 τὸ
1271 3532 1511 3584 τοιοῦτον
1554 3534 1880 3604 ἁμάρτημα.
1939 3537 2192 3603 Ἀσεϐὴς

590 3627 734 3695 γὰρ.
771 3627 924 3694 φησὶ,
967 3623 1162 3678 ἐλθὼν
1197 3625 1282 3687 εἷς
1313 3621 1509 3688 βάθος
1548 3623 1769 3688 κακῶν,
1806 3629 2185 3694 καταφρονεῖ.

666 3719 828 3769 Ὥστε
864 3717 925 3768 ού
961 3717 1020 3768 τὸ
1063 3714 1265 3784 πλῆθος
1292 3717 1401 3767 τῶν
1445 3716 1864 3786 ἁμαρτημάτων
1915 3721 2062 3771 ποιεῖ
2091 3720 2188 3790 τὴν

590 3809 920 3875 ἀπόγνωσιν,
953 3807 1067 3859 ἀλλ’
1104 3809 1135 3876 ή
1172 3807 1263 3858 τοῦ
1296 3806 1527 3870 ἀσεϐοῦς
1569 3807 1784 3878 γνώμη.
1841 3809 1963 3862 Κᾶν
2003 3813 2187 3866 πᾶσαν

588 3899 767 3951 τοίνυν
796 3897 1033 3966 ἐπέλθῃς
1065 3896 1280 3955 κακίαν,
1317 3897 1435 3948 εἰπε
1463 3898 1598 3966 πρὸς
1632 3899 1844 3950 ἑαυτόν
1879 3899 2187 3970 Φιλάνθρω-

589 3990 689 4052 πός
731 3991 878 4040 ἐστιν
932 3990 959 4040 ὸ
1011 3988 1162 4052 Θεὸς,
1208 3988 1300 4041 καὶ
1349 3988 1461 4057 τῆς
1482 3989 1757 4059 σωτηρίας
1795 3989 2054 4061 ἐπιθυμεῖ
2086 3994 2184 4063 τῆς

592 4081 888 4150 ἡμετέρας.
935 4079 1076 4131 Ἐὰν
1123 4077 1230 4145 γὰρ
1265 4073 1417 4131 ὦσιν
1453 4081 1512 4132 αἱ
1557 4079 1836 4147 ἁμαρτίαι
1888 4080 2053 4151 ὑμῶν
2101 4085 2182 4150 ὠς

591 4167 926 4237 φοινικοῦν,
962 4168 1041 4231 ὡς
1064 4169 1239 4236 χιόνα
1267 4166 1562 4231 λευκανῶ,
1599 4170 1752 4240 φησὶ,
1785 4171 1880 4223 καὶ
1913 4173 2046 4243 πρὸς
2085 4173 2181 4245 τήν

591 4260 836 4311 ἐναντίαν
883 4261 996 4322 ’ἐξιν
1046 4261 1390 4330 μεταστήσω.
1423 4260 1514 4330 Μὴ
1559 4261 1740 4315 τοίνυν
1788 4263 2181 4336 ἀπαγορεύσω-

592 4367 709 4418 μεν·
739 4352 798 4401 οὺ
831 4352 936 4421 γὰρ
967 4351 1024 4401 τὸ
1061 4354 1246 4401 πεσεῖν
1285 4350 1427 4403 οῦτω
1459 4352 1713 4420 χαλεπὸν,
1743 4355 1817 4417 ὡς
1854 4356 1914 4407 τὸ
1946 4357 2180 4412 πεσόντα

591 4442 823 4493 κεῖσθαι·
857 4441 977 4492 οὔτε
1019 4441 1078 4492 τὸ
1129 4441 1403 4510 τρωθῆναι
1441 4443 1634 4510 δεινὸν,
1671 4446 1747 4507 ὡς
1795 4446 1855 4498 τὸ
1901 4449 2178 4518 τρωθέντα

592 4532 666 4601 μὴ
697 4532 979 4600 βούλεσθαι
1011 4531 1435 4603 θεραπεύεσθαι.
1475 4534 1574 4601 Τίς
1634 4536 1746 4606 γὰρ
1799 4540 2177 4608 καυχήσεται

589 4625 783 4693 ἀγυι-ἡν
824 4626 988 4693 ἔχειν
1017 4624 1130 4692 τὴν
1169 4625 1457 4693 καρδίαν;
1496 4629 1530 4695 ἢ
1565 4629 1657 4694 τίς
1700 4631 2177 4697 παρῤησιάσεται

588 4719 847 4785 καθαρὸς
899 4713 1049 4768 εἶναι
1098 4717 1215 4769 ἀπὸ
1273 4719 1611 4786 ἀμαρτιῶν;
1654 4722 1838 4775 Ταῦτα
1877 4723 2042 4792 λέγω,
2077 4726 2174 4795 ούχ

588 4804 674 4857 ἵνα
703 4805 1102 4876 ῥᾳθυμοτέρως
1134 4807 1277 4876 ὑμᾶς
1313 4809 1542 4878 ποιήσω,
1571 4809 1686 4863 ἀλλ’
1721 4813 1806 4865 ῖνα
1835 4814 2064 4868 κωλύσω
2093 4817 2173 4879 είς

586 4898 896 4965 ἀπόγνωσιν
923 4899 1064 4967 ἐμπε
1075 4901 1212 4951 σεῖν.

657 4996 716 5041 ε’.
734 4990 915 5042 Βούλει
937 4990 1126 5059 μαθεῖν
1149 4989 1263 5052 πῶς
1282 4991 1427 5043 ἐστιν
1445 4993 1476 5062 ἡ
1485 4991 1599 5061 μῶν
1617 4992 1818 5063 ἀγαθὸς
1833 4997 1859 5048 ὸ
1872 4998 2166 5065 Δεσπότηςς

597 5078 851 5146 ’Λνῆλθεν
891 5084 918 5132 ό
959 5081 1195 5151 τελώνης
1231 5083 1441 5152 μυρίων
1470 5082 1656 5152 γέμων
1707 5085 1915 5150 κακῶν,
1966 5085 2058 5138 καὶ
2093 5089 2169 5139 εί-

583 5169 721 5230 πὼν,
763 5170 1203 5240 ’1.1άσοητίμοι,
1248 5173 1429 5242 μόνον,
1463 5174 1700 5243 κατῆλθε
1725 5175 2165 5244 δεδικαιωμένος.

581 5259 694 5312 Καὶ
723 5257 808 5312 διά
838 5260 925 5311 τοῦ
955 5265 1233 5334 προφήτου
1262 5265 1315 5316 δέ
1342 5282 1505 5336 φησιν
1537 5268 1564 5319 ό
1593 5267 1743 5326 Θεός·
1777 5267 1853 5318 Δι’
1875 5267 2168 5335 ἁμαρτίαν

574 5353 777 5419 βραχύ
811 5370 858 5404 τι
886 5353 1166 5420 ἐλύπησα
1199 5357 1404 5422 αὑτὸν,
1433 5359 1530 5412 καὶ
1564 5359 1727 5411 εἶδον
1765 5358 1851 5410 ὅτι
1885 5359 2163 5428 ἐλυπήοη

577 5441 675 5492 καὶ
723 5442 1015 5510 ἐπορεύθη
1061 5446 1346 5513 στυγνὸς,
1391 5447 1488 5499 καὶ
1526 5446 1792 5516 ἰασάμην
1836 5448 1940 5513 τὰς
1986 5448 2166 5514 ὀδοὺς

574 5533 784 5586 αὑτοῦ.
815 5535 878 5585 Τί
904 5535 999 5604 τῆς
1035 5534 1438 5606 φιλανθρωπίας
1471 5538 1675 5608 ταύτης
1712 5540 1855 5605 ῖσον;
1891 5541 2008 5594 Ἵνα
2038 5557 2164 5593 στυ-

578 5625 752 5698 γνάσῃ
780 5625 961 5695 μόνον,
1005 5627 1188 5696 φησὶν,
1217 5629 1402 5698 ἀφῆκα
1434 5630 1500 5684 τά
1536 5632 1932 5704 ἁμαρτήματα.
1973 5633 2163 5702 Ἡμεῖς

641 5881 663 5910 ³
696 5879 838 5943 “83.,
858 5881 1081 5939 κόλλησιν

2323 412 2379 464 δὲ
2408 414 2528 467 οὐδὲ
2563 415 2694 469 αὐτὸ
2733 415 2892 470 τοῦτο
2931 417 3196 487 ποιοῦμεν
3217 434 3229 448 ·
3264 417 3347 471 διὸ
3387 418 3625 488 μάλιστα
3660 418 3752 476 τὸν
3780 420 3914 477 Θεὸν

2325 505 2755 578 παροργίζομεν.
2783 509 2854 567 ,Ὀ
2881 509 2990 578 γάρ
3028 511 3121 562 καὶ
3158 507 3246 561 διά
3294 511 3508 581 μικρῶν
3549 510 3709 574 ῖλεως
3753 513 3913 581 γενό-

2325 613 2508 666 μενος,
2532 599 2661 651 ὅταν
2693 600 2768 670 μὴ
2796 601 3002 655 τούτων
3024 601 3184 673 τύχῃ,
3213 603 3438 665 εἰκότως
3467 603 3785 671 ἀγανακτεῖ,
3820 603 3914 656 καὶ

2321 686 2419 757 τὴν
2444 689 2682 758 ἐσχάτην
2712 689 2935 744 ἀπαιτεῖ
2960 691 3230 761 τιμωρίαν
3266 692 3433 762 ἡμᾶς·
3466 689 3912 761 ὑπερϐαλλούσης

2322 777 2430 848 γάρ
2463 779 2578 832 ἐστι
2616 779 2774 833 τοῦτο
2824 783 3307 851 καταφρονήσεως.
3360 783 3457 845 Τίς
3497 780 3629 850 γοῦν
3666 781 3910 853 ἐλυπήθη

2320 869 2453 923 ποτέ
2510 871 2577 924 δι’
2612 872 2916 944 ἀμαρτίας;
2964 875 3048 937 τίς
3103 873 3394 941 ἐστέναξε;
3455 874 3536 938 τίς
3595 873 3655 926 τὸ
3719 873 3914 943 στῆθος

2321 961 2555 1033 έπληξε;
2586 964 2669 1027 τίς
2693 964 3097 1035 ὲμερίμνησενς
3129 965 3336 1018 Οὐδένα
3358 965 3530 1034 ἔγωγε
3561 959 3739 1035 οἶμαι
3774 963 3912 1017 ἀλλά

2321 1055 2520 1126 μυρίας
2563 1057 2662 1126 μὲν
2692 1057 2904 1128 ἡμέρας
2932 1057 3222 1129 θρηνοῦσιν
3264 1057 3543 1128 ἄνθρωποι
3587 1056 3729 1128 ὑπὲρ
3763 1057 3911 1109 οίκε-

2319 1146 2424 1199 τῶν
2459 1146 2859 1213 ἀποθανόντων,
2896 1150 3036 1220 ὑπὲρ
3085 1150 3289 1221 ζημίας
3339 1151 3672 1221 χρημάτων·
3711 1147 3813 1218 τὴν
3855 1147 3912 1200 δὲ

2317 1239 2493 1312 ψυχὴν
2546 1239 2878 1305 ἀπολλύντες
2927 1242 3050 1295 καθ’
3091 1243 3329 1314 ἑκάστην
3377 1241 3612 1314 ἡμέραν,
3651 1240 3774 1294 οὐδὲ
3829 1240 3909 1302 είς

2317 1331 2442 1385 νοῦν
2467 1331 2794 1402 βαλλόμεθα.
2831 1335 2954 1397 Πῶς
2985 1330 3079 1386 οὖν
3105 1335 3310 1406 δυνήσῃ
3342 1335 3430 1387 τὸν
3457 1333 3588 1412 Θεὸν
3614 1329 3908 1397 ἐξιλεώσα-

2319 1414 2464 1490 σθαι,
2505 1425 2634 1478 ὅταν
2671 1426 2803 1496 μηδέ
2846 1428 2926 1479 ὅτι
2978 1428 3248 1496 ἥμαρτες,
3304 1426 3493 1496 είδῇς;
3533 1423 3662 1487 Ναὶ,
3718 1421 3905 1492 φησὶν.

2315 1519 2582 1589 ἥμαρτον.
2601 1519 2729 1583 Nal,
2763 1520 2852 1589 μοὶ
2873 1519 3049 1587 λέγεις
3077 1523 3144 1589 τῇ
3169 1517 3406 1590 γλώττῃ,
3438 1517 3559 1570 εἰπέ
3587 1533 3678 1586 μοι
3702 1517 3768 1585 τῇ
3795 1513 3910 1567 δια-

2315 1611 2455 1682 νοίᾳ,
2488 1611 2580 1664 καὶ
2629 1611 2765 1682 μετά
2808 1611 2902 1664 τοῦ
2942 1613 3183 1682 ῥήματος
3213 1609 3490 1675 στέναξον,
3520 1608 3606 1661 ἵνα
3638 1605 3907 1676 διηνεκῶς

2317 1705 2578 1776 εύθυμῇς.
2601 1707 2708 1758 Kal
2736 1706 2842 1773 γὰρ
2865 1707 2910 1757 εί
2937 1705 3211 1774 ὴλγοῦμεν
3233 1705 3325 1756 ἐπὶ
3344 1704 3456 1767 τοῖς
3485 1700 3906 1772 ἁμαρτήμασιν,

2315 1797 2363 1848 εί
2409 1794 2770 1862 ἐστενάζομεν
2810 1794 2900 1846 ἐπὶ
2947 1796 3059 1855 τοῖς
3105 1793 3596 1862 πλημμελήμασιν,
3639 1789 3795 1842 οὐδὲν
3837 1788 3906 1842 ἂν

2313 1887 2441 1941 ἀλλο
2470 1887 2616 1956 ἡμᾶς
2643 1885 2901 1956 ἐλύπησε,
2934 1883 3036 1954 τῆς
3069 1883 3260 1954 ὀδύνης
3288 1882 3494 1952 ταύτης
3547 1883 3730 1934 πᾶσαν
3772 1881 3908 1934 ἀθυ-

2315 1979 2444 2048 μίαν
2473 1976 2920 2048 παρωθουμένης.
2945 1975 3061 2048 [72]
3100 1976 3261 2028 Ὥστε
3315 1974 3410 2030 καὶ
3439 1975 3627 2045 ἕτερον
3657 1972 3722 2027 ἂν
3745 1973 3908 2044 ἐκερ-

2310 2069 2565 2139 δαίνομεν
2603 2068 2740 2138 μετά
2773 2070 2870 2139 τῆς
2907 2067 3366 2138 ἐξομολογήσεως,
3411 2067 3469 2119 τὸ
3524 2065 3600 2137 μὴ
3645 2064 3907 2135 βαπτίζε-

2314 2160 2436 2215 σθαι
2479 2163 2592 2224 τοῖς
2635 2161 2899 2232 λυπηροῖς
2937 2161 3031 2214 τοῦ
3067 2161 3334 2232 παρόντος
3380 2159 3518 2230 βίου,
3560 2159 3695 2229 μηδὲ
3725 2159 3908 2228 φυσᾶ-

2311 2254 2434 2308 σθαι
2461 2257 2574 2318 τοῖς
2601 2255 2898 2326 λαμπροῖςο
2924 2255 3017 2308 καὶ
3043 2254 3213 2326 ταύτῃ
3237 2254 3401 2307 πάλιν
3437 2252 3700 2322 μειζόνως
3732 2251 3801 2304 ἂν
3823 2250 3908 2318 ἐξ·

2313 2347 2656 2418 ιλεωσάμεθα
2684 2349 2776 2401 τὸν
2812 2347 2968 2413 Θεὸν,
3004 2347 3194 2418 ῶσπερ
3229 2342 3343 2410 οὖν,
3379 2342 3461 2409 οἷς
3490 2345 3754 2416 ποιοῦμεν
3778 2345 3903 2409 νῦν,

2308 2442 2706 2512 παροξύνομεν.
2761 2440 2895 2493 Εἰπὲ
2941 2439 3049 2509 γάρ
3085 2456 3198 2509 μοι,
3238 2439 3292 2491 εῐ
3324 2455 3445 2490 τινα
3479 2436 3624 2507 ἔχεις
3653 2435 3903 2506 οἰκέτην,

2309 2535 2402 2587 καὶ
2431 2531 2602 2586 πολλὰ
2629 2531 2817 2587 παθὼν
2844 2533 3050 2593 ἐκεῖνος
3080 2530 3225 2585 κακὰ
3255 2530 3406 2598 παρὰ
3433 2529 3542 2582 τῶν
3567 2527 3902 2598 ὁμοδούλων,

2305 2625 2416 2678 τῶν
2447 2625 2543 2695 μὲν
2573 2625 2746 2678 ἀλλων
2785 2623 3011 2694 μηδενὸς
3038 2621 3194 2692 λόγον
3241 2623 3466 2686 ποιοῖτο,
3513 2619 3654 2691 ὑπὲρ
3692 2619 3748 2672 δὲ
3800 2618 3901 2672 τοῦ

2309 2719 2384 2791 μή
2410 2715 2840 2787 παροργίζεσθαι
2866 2715 2956 2769 τὸν
2976 2715 3245 2786 δεσπότην
3268 2712 3544 2786 φροντίζοι
3576 2712 3759 2784 μόνον,
3788 2707 3905 2782 ἆρα

2304 2814 2401 2884 οὐχ
2447 2811 2628 2874 ἱκανὸς
2673 2811 2781 2864 ἀπὸ
2808 2809 3002 2862 τούτου
3033 2809 3195 2879 μόνου
3225 2806 3387 2861 λῦσαί
3436 2823 3530 2859 σου
3559 2805 3657 2876 τὴν
3688 2807 3900 2876 δργήνς

2305 2903 2370 2954 Τί
2399 2903 2476 2965 δὲ,
2505 2902 2571 2954 ἂν
2600 2901 2709 2953 τῶν
2747 2901 2846 2970 μὲν
2879 2902 2959 2963 είς
3000 2899 3060 2951 σέ
3091 2898 3584 2968 πλημμελημάτων
3621 2895 3904 2966 μηδεμίαν

2305 2993 2512 3044 ποιοῖτο
2545 2991 2820 3058 φροντίδα,
2852 2989 2994 3059 ὑπὲρ
3026 2988 3082 3041 δέ
3105 2988 3215 3041 τῶν
3247 2988 3383 3058 πρὸς
3410 2987 3538 3050 τοὺς
3569 2985 3901 3056 ὁμοδούλους

2304 3083 2602 3154 φροντίζοι,
2637 3083 2756 3151 οὐχὶ
2781 3080 3004 3152 μείζονα
3028 3079 3249 3145 ἐπάξεις
3271 3079 3371 3152 τὴν
3397 3077 3704 3151 τιμωρίαν;
3735 3076 3902 3132 Οὕτω

2303 3177 2397 3230 καὶ
2421 3179 2449 3229 ὁ
2487 3175 2620 3238 Θεὸς
2647 3176 2808 3227 ποιεῖ·
2847 3175 2976 3227 ὅταν
3008 3172 3107 3243 μὲν
3133 3171 3429 3242 άμελῶμεν
3463 3169 3629 3224 αὑτοῦ
3667 3170 3768 3242 τῆς
3801 3172 3902 3242 ὀρ-

2301 3268 2423 3339 γῆς,
2463 3268 2825 3338 σφοδροτέραν
2864 3266 3060 3334 ἐπάγει
3091 3265 3283 3336 αὐτήψ
3323 3266 3452 3318 ὅταν
3486 3264 3541 3318 δὲ
3589 3264 3898 3335 φροντίζω-

2304 3376 2423 3429 μεν,
2470 3358 2869 3429 ήμερωτέρανο
2927 3357 3127 3427 μᾶλλον
3177 3356 3234 3409 δέ
3285 3355 3406 3409 ούδέ
3437 3356 3634 3424 ἐπάγει
3678 3356 3894 3410 λοιπόν

2301 3448 2550 3518 βούλεται
2598 3447 2708 3518 γὰρ
2750 3450 2900 3517 ἡμᾶς
2939 3449 3164 3509 ἑαυτοὺς
3193 3447 3445 3500 ἀπαιτεῖν
3490 3447 3589 3516 τὴν
3620 3447 3898 3517 τιμωρίαν

2297 3541 2406 3594 τῶν
2441 3541 2868 3611 ἡμαρτημένων,
2898 3540 2990 3592 καὶ
3015 3539 3198 3592 οὐκέτι
3225 3537 3411 3590 λοιπὸν
3443 3538 3604 3601 αὐτὸς
3644 3539 3893 3592 ἀπαιτεῖ.

2296 3632 2396 3685 Διά
2418 3631 2576 3684 τοῦτο
2604 3632 2713 3702 γάρ
2743 3632 2837 3684 καὶ
2869 3630 3086 3685 ἀπειλεῖ
3105 3631 3204 3701 τὴν
3231 3630 3522 3700 τιμωρίαν,
3563 3631 3648 3683 ἵνα
3680 3630 3762 3701 τῷ
3796 3631 3897 3698 φό-

2296 3724 2374 3794 ϐῳ
2402 3723 2499 3794 τὴν
2539 3723 2946 3795 καταφρόνησιν
2970 3723 3155 3794 ἀνέλῃο
3187 3723 3316 3775 ὅταν
3342 3722 3398 3775 δὲ
3436 3722 3496 3786 ἐξ
3529 3710 3762 3793 ἀπειλῆς
3790 3741 3894 3792 φορ-

2294 3817 2550 3888 6ηθῶμεν
2578 3816 2767 3886 μόνης,
2808 3817 2909 3868 οὑκ
2948 3815 3174 3884 ἀφίησιν
3207 3816 3495 3884 ὑπομεῖναι
3525 3814 3626 3883 τὴν
3661 3819 3888 3884 πεῖραν.

2294 3911 2436 3979 Ὅρα
2469 3908 2599 3976 γοῦν
2638 3909 2773 3977 πρὸς
2810 3907 2901 3958 τὸν
2941 3906 3212 3976 Ἱερεμίαν
3259 3905 3312 3956 τί
3351 3921 3535 3973 φησιν·
3575 3907 3697 3973 Οὐχ
3739 3903 3891 3973 ὁρᾷς

2291 4004 2347 4055 τί
2404 4000 2574 4054 αὐτοὶ
2623 3997 2942 4059 ποιοῦσιν;
2985 3999 3046 4050 Ol
3087 3995 3338 4063 πατέρες
3381 3994 3583 4048 αὐτῶν
3637 3996 3888 4049 καίοι-σι

2289 4095 2429 4163 πῦρ,
2463 4092 2517 4146 οὶ
2541 4091 2657 4146 υἱοὶ
2682 4093 2858 4146 αὐτῶ,
2919 4088 3261 4159 συνάγουσι
3297 4090 3475 4154 ξύλα,
3501 4092 3560 4143 αἱ
3597 4089 3889 4158 γυναῖκες

2287 4186 2488 4241 αὐτῶν
2514 4187 2783 4254 τρίϐουσι
2804 4182 2977 4249 σταῖς
3005 4183 3054 4238 δ.
3087 4183 3218 4246 Δέος
3251 4183 3325 4255 μὴ
3348 4183 3440 4235 καὶ
3460 4183 3587 4254 περὶ
3614 4182 3774 4254 ήμῶν
3801 4183 3882 4235 λε·

2287 4280 2388 4349 χθῇ
2417 4295 2470 4330 τι
2499 4277 2760 4331 τοιοῦτον.
2794 4283 2918 4344 οὺχ
2949 4275 3092 4344 ὁρᾷς
3122 4275 3179 4328 τί
3218 4274 3386 4329 αὐτοὶ
3416 4272 3705 4327 ποιοῦσιν
3723 4291 3743 4338 ;
3769 4275 3876 4327 Οὑ-

2285 4371 2395 4433 δεὶς
2434 4369 2505 4423 τὰ
2534 4369 2625 4422 τοῦ
2655 4367 2892 4440 Χριστοῦ
2923 4368 3095 4437 ζητεῖ,
3137 4365 3274 4420 ἀλλά
3302 4365 3502 4427 πάντες
3539 4364 3609 4417 τὰ
3641 4365 3872 4420 ἑαυτῶν.

2286 4463 2349 4514 Οἱ
2377 4462 2483 4514 υἱοὶ
2508 4461 2682 4516 αὐτῶν
2707 4463 2786 4524 εἰς
2811 4459 3096 4528 ἀσελγείας
3119 4461 3421 4530 τρέχουσιν,
3452 4460 3501 4510 οἱ
3524 4459 3762 4529 πατέρες
3788 4458 3876 4513 αύ-

2283 4553 2391 4606 τῶν
2420 4556 2498 4616 είς
2527 4554 2839 4617 πλεονεξίαν
2868 4552 2963 4606 καὶ
2999 4552 3277 4621 ἁρπαγὴν,
3313 4553 3368 4603 αἱ
3409 4553 3666 4618 γυναῖκες
3690 4549 3878 4602 αὐτῶν

2282 4647 2376 4700 ἐπὶ
2405 4646 2506 4710 τὰς
2538 4649 2836 4716 φαντασίας
2866 4647 2967 4709 τάς
3008 4644 3288 4714 βιωτικάς,
3319 4643 3380 4695 οὑ
3415 4643 3573 4712 μόνον
3597 4644 3698 4696 οὐκ
3722 4641 3878 4712 ἐγκό-

2283 4754 2516 4792 πτουσαι
2549 4740 2675 4802 τοὺς
2705 4738 2923 4807 ἀνδρας,
2962 4737 3097 4790 ἀλλά
3128 4736 3222 4789 καὶ
3250 4733 3674 4805 παροξύνουσαι.
3706 4733 3875 4805 Στῆθι

2279 4830 2413 4900 γοῦν
2455 4831 2548 4884 ἐπὶ
2596 4831 2695 4900 τῆς
2730 4832 2959 4902 ἀγορᾶς·
2995 4827 3274 4900 ἐρώτησον
3309 4829 3437 4891 τοὺς
3470 4827 3733 4891 ἀπιόντας
3777 4829 3876 4882 καὶ

2277 4920 2622 4985 ἐπανιόντας,
2645 4921 2740 4974 καὶ
2774 4921 2965 4974 οὐδένα
2991 4919 3112 4989 ὄψει
3143 4917 3284 4987 ὺπέρ
3312 4917 3688 4988 πνευματικοῦ
3723 4918 3872 4990 πρά-

2277 5030 2486 5084 γματος
2519 5013 2836 5077 σπεύδοντα,
2868 5012 3006 5066 ἀλλά
3037 5009 3244 5072 πάντας
3268 5010 3408 5081 ὑπὲρ
3438 5009 3720 5081 σαρκικῶν
3744 5009 3873 5081 τρέ-

2276 5124 2490 5176 χοντας.
2518 5105 2697 5178 Μέχρι
2724 5107 2868 5168 τίνος
2893 5104 2994 5157 οὐκ
3015 5103 3395 5173 άνανήφομεν;
3430 5102 3590 5174 μέχρι
3617 5103 3762 5164 τίνος
3789 5104 3871 5164 είς

2276 5197 2443 5250 ὕπνον
2465 5196 2881 5268 καταφερόμεθα
2911 5193 3077 5265 βαθύν
3099 5211 3113 5260 ;
3148 5195 3248 5247 οὐκ
3277 5193 3543 5265 ἐλάσομεν
3566 5194 3728 5265 κόρον
3755 5193 3866 5246 τῶν

2273 5288 2498 5354 κακῶν;
2532 5289 2711 5342 καίτοι
2745 5306 2809 5358 γε
2861 5288 2956 5341 καὶ
3013 5287 3183 5357 χωρὶς
3227 5286 3335 5339 τῶν
3388 5288 3647 5357 ῥημάτων
3703 5285 3867 5356 ἀρκεῖ

2272 5379 2366 5431 καὶ
2399 5377 2538 5448 αὐτὴ
2565 5377 2677 5430 τῶν
2702 5375 3046 5447 πραγμάτων
3074 5376 3216 5444 ὑμᾶς
3245 5376 3278 5446 ή
3313 5377 3481 5446 πεῖρα
3510 5373 3720 5437 διδάξαι
3751 5371 3860 5424 τῶν

2273 5470 2554 5537 παρόντων
2582 5469 2682 5540 τήν
2704 5468 2978 5520 οὐδένειαν
3025 5466 3118 5518 καὶ
3141 5467 3199 5519 τὸ
3227 5465 3502 5538 μοχθηρὸν
3529 5467 3697 5519 άπαν.
3731 5463 3859 5514 Ἀν-

2273 5561 2480 5632 θρωποι
2515 5561 2648 5629 γοῦν
2680 5560 2777 5631 τὴν
2819 5558 3018 5623 ἔξωθεν
3055 5561 3244 5630 σοφίαν
3268 5558 3589 5622 ἀσκοῦντες,
3623 5555 3715 5608 καὶ
3748 5571 3856 5625 μη-

2270 5653 2357 5707 δὲν
2386 5652 2494 5706 τῶν
2522 5652 2824 5722 μελλόντων
2852 5651 3078 5717 εἰδότες,
3105 5653 3293 5724 ἐπειδὴ
3325 5649 3678 5720 κατέγνωσαν
3720 5647 3851 5701 πολ-

2330 5887 2360 5928 ιν
2388 5887 2589 5951 Regius,
2613 5888 2774 5948 στέαρ.
