4096 6326
155 396 217 452 75
1186 393 1252 450 IN
1290 393 1504 451 EPIST.
1545 393 1564 449 1
1628 395 1718 450 AD

1836 395 1907 451 'R.
1953 395 2177 450 IIOMIL.
2225 395 2354 449 Vill.
3349 401 3416 457 Ἠ

156 523 320 585 c'tptu,
343 528 441 569 nos
467 521 652 568 autem
674 521 902 582 corpus:
926 525 992 566 an
1021 519 1190 580 potest
1213 511 1584 566 intermedium
1607 525 1726 566 esse

157 608 372 678 spatium
401 607 566 660 inane
592 606 734 661 inter
758 614 914 676 caput
943 614 998 660 et
1023 605 1250 675 corpus?
1280 604 1398 674 Ipse
1424 604 1736 658 fundamen-

160 710 258 753 tum
282 739 296 764 ,
322 713 421 753 nos
458 699 784 764 :cdiﬁcium;
814 700 925 768 ipse
952 699 1104 753 vinea
1129 741 1144 764 ,
1173 714 1272 753 nos
1311 699 1554 768 palmites
1578 715 1592 762 ;
1623 698 1737 767 ipse

158 805 391 860 sponsus,
423 806 527 844 nos
555 806 790 861 sponsa;
823 792 934 860 ipse
963 799 1162 860 pastor,
1196 806 1293 844 nos
1323 805 1483 854 oves;
1513 789 1601 844 ille
1628 789 1733 854 via,

159 897 246 934 nos
273 882 358 951 qui
388 882 698 937 incedimus
723 882 774 935 in
807 897 869 936 ea
899 901 912 935 :
945 897 1043 936 nos
1081 895 1265 936 rursus
1304 880 1552 950 templum
1578 922 1592 945 ,
1624 881 1736 950 ipse

159 970 441 1036 inhabitat;
474 973 593 1040 ipse
621 971 1021 1042 primogenitus,
1048 987 1146 1027 nos
1172 971 1392 1036 fratres;
1424 973 1534 1040 ipse
1555 969 1731 1036 heres,

159 1079 249 1118 nos
274 1063 613 1128 coheredes;
647 1064 760 1132 ipse
790 1064 892 1117 vita
918 1105 933 1130 ,
966 1079 1064 1117 nos
1090 1064 1368 1127 viventes;
1413 1062 1524 1132 ipse
1556 1075 1734 1116 resur-

159 1158 332 1222 rectio,
369 1171 471 1210 nos
513 1165 895 1227 resurgentes;
928 1157 1040 1226 ipse
1072 1157 1183 1220 lux,
1213 1170 1310 1210 nos
1353 1156 1732 1210 illuminamur.

160 1246 275 1301 Ha‘c
292 1247 468 1300 omnia
491 1247 928 1316 conjunctioncm
951 1247 1202 1312 indicant,
1219 1255 1273 1299 et
1295 1245 1491 1299 nullum
1511 1259 1734 1300 vacuum

161 1337 530 1392 intermedium
563 1352 686 1393 esse
719 1338 898 1392 sinunt
926 1378 940 1404 ,
972 1354 1038 1393 ne
1065 1338 1148 1391 vel
1191 1337 1468 1391 minimum
1500 1338 1732 1407 quidem.

158 1428 278 1482 Nam
307 1417 395 1498 qui
429 1443 622 1498 parum
649 1429 917 1495 abscedit,
951 1443 1263 1498 progressus
1289 1429 1446 1482 etiam
1469 1471 1482 1494 ,
1512 1429 1732 1482 multum

158 1518 417 1573 abscedet.
465 1519 682 1574 Etenim
708 1534 902 1588 corpus
931 1520 974 1573 si
1007 1535 1222 1588 parvam
1262 1535 1356 1589 per
1380 1520 1613 1589 gladium
1647 1534 1736 1573 se-

160 1610 478 1678 parationem
511 1610 789 1675 admittat,
823 1613 991 1678 perit;
1025 1619 1074 1666 et
1107 1611 1418 1675 adificium,
1450 1613 1492 1665 si
1523 1613 1604 1666 vel
1638 1628 1734 1682 pa-

159 1713 264 1751 rum
291 1699 575 1762 dehiscat,
607 1698 951 1763 dissolvitur;
996 1709 1052 1754 et
1081 1705 1124 1754 si
1156 1701 1356 1770 palmes
1386 1717 1414 1754 a
1444 1700 1622 1754 radice
1651 1701 1734 1754 vel

160 1789 426 1844 minimum
479 1789 868 1856 abscindatur,
921 1792 976 1845 fit
1019 1793 1238 1847 inutilis.
1288 1793 1469 1863 Itaque
1516 1808 1733 1862 parvum

160 1881 287 1935 istud
315 1895 419 1935 non
449 1891 533 1935 cst
560 1896 798 1951 parvum,
831 1882 926 1937 sed
951 1884 1111 1936 etiam
1143 1884 1252 1937 fere
1279 1893 1444 1938 totum
1470 1893 1571 1939 est.
1603 1885 1732 1939 Cum

160 1987 280 2042 ergo
305 1987 526 2042 parvum
557 1973 841 2043 quodpiam
875 1984 1146 2040 peccatum
1185 1973 1512 2050 admittimus
1539 1976 1620 2028 vel
1650 1990 1736 2030 so-

158 2065 337 2120 Cordes
377 2079 567 2118 sumus
592 2105 607 2130 ,
653 2079 722 2118 ne
769 2063 896 2118 illud
945 2080 1162 2134 parvum
1209 2067 1536 2136 negligamus
1564 2085 1578 2120 :
1611 2083 1733 2121 nam

160 2155 276 2209 illud
316 2157 616 2226 neglectum
649 2156 755 2210 cito
801 2171 1048 2226 magnum
1082 2158 1328 2212 efficitur.
1363 2160 1451 2214 Sic
1486 2169 1537 2213 et
1565 2161 1732 2214 vesti-

160 2255 383 2302 mentum
416 2249 461 2302 si
491 2248 723 2316 dirumpi
755 2249 972 2319 incipiat
998 2259 1051 2305 et
1077 2251 1404 2321 negligatur,
1446 2267 1539 2319 per
1567 2261 1731 2304 totum

161 2341 433 2393 scissuram
459 2341 695 2394 admittit
719 2360 732 2394 :
759 2351 808 2395 et
838 2351 1056 2407 tectum,
1087 2346 1266 2412 paucis
1290 2342 1519 2410 delapsis
1545 2343 1733 2412 tegulis

162 2431 469 2500 neglectum,
497 2442 660 2486 totam
683 2432 901 2486 domum
927 2432 1129 2502 dejicit.
1161 2433 1282 2487 lla'c
1305 2448 1431 2503 ergo
1457 2433 1733 2486 nobiscum

160 2531 482 2590 reputantes,
513 2538 676 2593 parva
707 2539 994 2594 numquam
1023 2524 1376 2594 despiciamtts
1395 2567 1410 2591 ,
1445 2542 1511 2580 ne
1541 2543 1591 2579 tn
1623 2541 1735 2578 ma-

159 2626 251 2679 gna
279 2613 575 2668 incidamus
603 2632 618 2668 :
648 2615 729 2668 sin
757 2623 935 2668 autem
965 2615 1317 2685 negligamus,
1352 2624 1405 2670 et
1433 2615 1485 2668 in
1517 2615 1734 2684 profun-

160 2700 273 2754 dum
312 2703 580 2756 malorum
609 2705 951 2769 venerimus,
995 2721 1062 2758 ne
1102 2707 1210 2758 illic
1251 2707 1465 2773 quidem
1497 2707 1731 2760 animum

159 2787 573 2858 despondeamus
597 2831 612 2857 ,
644 2801 702 2844 ut
740 2806 805 2847 ne
845 2793 896 2845 in
928 2792 1114 2862 capitis
1153 2792 1494 2862 gravedinem
1535 2795 1734 2848 incida-

161 2891 286 2932 mus.
316 2878 545 2934 Diflicile
571 2879 712 2934 enim
738 2879 992 2951 deinceps
1016 2882 1116 2936 erit
1144 2881 1267 2935 inde
1289 2882 1604 2949 ascendere,
1629 2883 1731 2938 nisi

161 2969 270 3037 quis
297 2969 586 3025 admodum
615 2971 830 3041 vigilet;
861 2988 965 3026 non
996 2973 1169 3027 solum
1200 2983 1414 3042 propter
1442 2973 1729 3043 longitudi-

162 3075 292 3124 nem,
321 3061 415 3116 sed
442 3061 607 3116 etiam
635 3073 854 3131 propter
880 3063 1050 3130 ipsum
1076 3063 1254 3116 situm.
1291 3063 1556 3118 Profunda
1589 3066 1731 3119 enim

160 3167 240 3207 res
278 3162 360 3207 est
402 3163 722 3222 peccatum,
770 3165 825 3209 et
861 3154 1110 3209 deorsum
1159 3155 1338 3210 ferens
1384 3157 1596 3225 premit.
1656 3162 1732 3213 Ac

160 3243 285 3296 sicut
309 3243 341 3296 ii
368 3244 458 3312 qui
489 3243 542 3297 in
571 3252 788 3313 puteum
817 3243 1134 3310 inciderunt,
1166 3261 1269 3298 non
1300 3245 1453 3300 facile
1477 3248 1731 3302 ascende-

162 3332 294 3399 rint,
323 3332 416 3387 sed
464 3334 585 3388 aliis
624 3349 757 3404 Opus
796 3335 1102 3401 habebunt,
1136 3337 1225 3406 qui
1267 3350 1327 3391 se
1355 3337 1582 3391 educant
1612 3357 1624 3392 :
1655 3340 1734 3393 sic

161 3425 310 3478 etiam
337 3427 427 3494 qui
474 3426 526 3480 in
571 3428 887 3496 profundum
915 3429 1121 3483 venerit
1148 3436 1505 3497 peccatorum.
1538 3429 1735 3484 Demit-

167 3526 322 3573 tamus
349 3534 481 3590 ergo
520 3519 674 3575 funes
710 3521 776 3574 ad
807 3521 926 3574 illos
954 3531 1008 3575 et
1037 3536 1248 3576 sursum
1283 3520 1554 3575 trahamus
1583 3539 1595 3574 :
1625 3521 1732 3576 imo

167 3625 280 3664 vero
303 3626 406 3665 non
431 3611 558 3664 aliis
586 3619 789 3665 tantum
817 3627 949 3682 opus
977 3621 1077 3679 est,
1106 3611 1198 3666 sed
1226 3613 1376 3668 nobis
1409 3613 1566 3682 ipsis:
1602 3623 1656 3667 ut
1681 3622 1734 3668 et

170 3715 254 3755 nos
297 3702 438 3770 ipsos
488 3702 767 3771 alligemus
808 3713 862 3758 et
905 3704 1254 3759 ascendamus
1284 3747 1296 3769 ,
1330 3721 1435 3760 non
1477 3716 1732 3776 quantum

169 3789 549 3856 descendimus,
571 3792 664 3847 sed
690 3794 856 3848 multo
881 3795 1068 3864 magis,
1095 3796 1137 3849 si
1161 3796 1403 3850 velimus.
1433 3799 1571 3852 Deus
1591 3799 1733 3852 enim

170 3878 261 3934 fert
285 3896 436 3952 opem
473 3901 486 3936 :
531 3881 652 3937 Non
691 3883 794 3944 vult
828 3884 968 3939 enim
999 3893 1202 3938 mortem
1231 3889 1502 3952 peccatoris
1524 3927 1539 3952 ,
1569 3894 1655 3941 sed
1681 3899 1735 3941 ut

169 3976 507 4046 convertatur(
535 3975 725 4032 Ezech.
753 3977 843 4030 25.
881 3978 915 4032 3
942 3975 984 4048 ).
1030 3978 1198 4033 Nemo
1248 3980 1406 4048 igitur
1447 3980 1694 4047 desperet
1717 4021 1731 4044 ,

170 4079 311 4119 nemo
349 4067 632 4136 impiorum
677 4067 866 4122 morbo
905 4068 1112 4123 laboret
1141 4088 1153 4122 :
1184 4069 1391 4124 illorum
1431 4071 1626 4138 quippe
1655 4082 1735 4123 est

172 4167 422 4226 peccatum
455 4159 780 4227 hujusmodi.
812 4157 1010 4225 Impius
1038 4161 1180 4214 enim
1208 4177 1322 4213 cum
1345 4161 1396 4213 in
1423 4161 1734 4229 profundum

171 4249 398 4301 malorum
427 4249 638 4312 venm't,
666 4248 937 4300 contemnit
959 4247 1140 4314 (Prov.
1176 4249 1262 4302 18.
1295 4250 1376 4318 ὅ).

233 4335 517 4404 Numquam
553 4337 616 4388 de
651 4336 814 4389 salute
846 4335 1236 4404 desperandum.
1283 4367 1355 4377 -—
1399 4337 1578 4405 itaque
1625 4352 1729 4391 non

173 4435 489 4494 peccatorum
542 4423 825 4477 multitudo
866 4423 1296 4492 desperationem
1345 4425 1581 4492 inducit,
1635 4426 1729 4480 sed

174 4516 300 4586 impii
329 4529 500 4570 mens.
526 4514 743 4568 Etiamsi
770 4529 897 4584 ergo
921 4517 1212 4585 nequitiam
1238 4531 1452 4572 omnem
1478 4532 1729 4587 pervase—

173 4608 271 4672 ris,
298 4607 378 4661 die
415 4604 555 4675 apud
605 4613 695 4659 te:
746 4605 1012 4674 Benignus
1049 4615 1134 4661 est
1183 4607 1359 4673 Deus,
1405 4617 1460 4662 et
1505 4607 1728 4663 salutem

173 4697 416 4751 desiderat
444 4704 703 4750 nostram.
734 4695 954 4750 Etiamsi
975 4696 1116 4750 enim
1133 4697 1322 4768 fuerint
1343 4706 1546 4767 peccata
1568 4708 1730 4753 vestra

172 4787 282 4841 sicut
301 4789 559 4843 coccinum
578 4829 594 4856 ,
621 4798 678 4844 ut
705 4788 873 4844 nivem
897 4831 911 4856 ,
955 4789 1164 4861 inquit,
1203 4791 1446 4846 dealbabo
1475 4792 1492 4860 (
1517 4791 1642 4846 Isai.
1673 4794 1726 4847 1.

174 4881 287 4952 18);
315 4883 443 4938 etin
473 4884 800 4939 contrarium
829 4882 1068 4938 habitum
1096 4882 1434 4938 transferam.
1481 4883 1560 4938 Ne
1601 4897 1728 4952 ergo

172 4972 379 5028 animum
423 4973 855 5044 despondeamus
902 4990 915 5026 :
963 4987 1071 5026 non
1111 4975 1254 5027 enim
1309 4975 1380 5028 ita
1425 4988 1590 5043 grave
1645 4982 1727 5028 est

171 5062 404 5117 cecidisse
424 5105 440 5128 ,
473 5072 530 5117 ut
559 5064 768 5134 lapsum
797 5063 1012 5132 jacere;
1050 5062 1128 5116 sic
1159 5077 1332 5130 neque
1362 5065 1429 5115 ita
1457 5077 1616 5131 grave
1645 5070 1728 5116 est

173 5165 274 5206 esse
297 5152 626 5207 vulneratum
648 5194 664 5219 ,
700 5163 758 5207 ut
783 5168 814 5206 a
842 5151 1150 5208 vulneribus
1175 5151 1320 5204 nolle
1357 5151 1551 5204 curari.
1597 5150 1724 5214 Quis

172 5247 291 5301 enim
317 5247 612 5319 gloriabitur
638 5256 831 5301 castum
861 5263 914 5302 se
936 5247 1116 5300 habere
1140 5244 1264 5298 cor?
1308 5253 1396 5297 aut
1423 5244 1535 5313 quis
1561 5244 1724 5296 dicere

172 5357 304 5396 ausus
324 5341 470 5412 fuerit
493 5355 548 5393 se
575 5339 820 5391 mundum
847 5355 954 5393 esse
977 5355 1008 5392 a
1037 5337 1254 5410 peccatis
1277 5334 1468 5406 (Prov.
1494 5335 1582 5389 20.
1616 5335 1650 5390 9
1675 5335 1722 5403 )?

173 5430 278 5488 Hac
300 5433 416 5488 dico
453 5445 560 5486 non
605 5436 667 5483 ut
708 5443 805 5483 vos
840 5430 1177 5485 socordiores
1221 5426 1432 5482 reddam
1466 5465 1482 5490 ,
1531 5426 1625 5480 sed
1665 5435 1723 5480 ut

172 5523 432 5593 impediam
460 5523 746 5596 quominus
770 5519 824 5575 in
853 5520 1280 5589 desperationem
1311 5517 1579 5573 incidatis.

230 5619 278 5672 5.
316 5617 403 5673 Vis
433 5618 641 5674 discere
667 5628 825 5686 quam
865 5611 1038 5666 bonus
1080 5615 1151 5668 sit
1196 5609 1452 5667 Dominus
1495 5609 1718 5662 noster?

174 5707 398 5764 Ascendit
427 5710 773 5780 publicanus,
812 5705 959 5760 mille
996 5705 1152 5760 malis
1193 5714 1416 5760 onustus
1440 5744 1455 5769 ,
1495 5712 1550 5756 et
1595 5717 1717 5756 cum

181 5800 373 5860 dixisset
416 5812 644 5874 tantum,
669 5800 933 5874 PrOpitius
973 5805 1078 5855 esto
1109 5799 1232 5853 mihi
1262 5798 1280 5868 (
1305 5797 1428 5853 Luc.
1463 5796 1548 5853 18.
1584 5793 1715 5866 13),

1843 509 2121 564 descendit
2149 507 2488 576 justiticatus.
2534 508 2631 562 Per
2679 509 2990 578 prolihetam
3039 527 3248 582 quoque
3293 514 3430 568 dicit:

1842 601 2024 653 Deus:
2066 597 2285 668 Propter
2315 608 2570 668 peccatum
2610 616 2790 668 parum
2834 601 2979 654 illum
3017 605 3306 657 contristuvi
3328 645 3342 669 ,
3373 615 3420 658 et

1840 691 1940 743 vidi
1966 690 2102 759 quod
2120 689 2293 742 dolore
2321 700 2446 743 esset
2475 689 2684 756 a/I'ectus
2727 703 2771 744 et
2807 693 2895 743 iret
2928 694 3085 746 tristis
3105 735 3120 760 ,
3157 703 3218 746 et'
3247 699 3422 748 sanavi

1840 781 1945 834 vias
1987 781 2097 847 ejus
2137 778 2309 849 (Isai.
2340 781 2427 834 57.
2461 783 2546 835 17.
2581 781 2707 853 18).
2751 782 2886 848 Quid
2938 783 3059 837 huic
3107 785 3430 840 humanitati

1843 888 1936 941 par
1964 884 2045 928 est
2067 874 2089 926 ?
2114 871 2182 926 Ut
2203 873 2375 926 solum
2421 882 2566 928 esset
2603 874 2770 927 tristis
2793 915 2806 936 ,
2841 875 3050 944 inquit,
3085 877 3266 931 remisi
3297 894 3424 947 pec-

1839 971 1975 1018 cata.
2007 963 2115 1016 Nos
2145 975 2323 1020 autem
2357 979 2423 1017 ne
2455 964 2554 1018 hoc
2581 966 2792 1032 quidem
2824 966 3045 1020 facimus
3079 986 3092 1020 :
3138 968 3258 1022 ideo
3308 986 3421 1022 ma-

1840 1056 1979 1110 xime
2010 1056 2173 1109 Deum
2200 1055 2265 1108 ad
2296 1055 2429 1109 iram
2464 1071 2835 1124 provocamus.
2856 1057 2955 1124 Qui
2978 1058 3118 1112 cnim
3147 1075 3240 1128 per
3262 1075 3421 1130 parva

1839 1157 1984 1217 gesta
2017 1147 2276 1216 propitius
2301 1146 2470 1201 factus
2494 1157 2576 1201 est
2601 1188 2615 1213 ,
2646 1148 2857 1218 quando
2878 1164 2938 1202 ea
2964 1165 3069 1203 non
3099 1151 3255 1204 fuerit
3282 1168 3430 1205 assc-

1839 1249 2070 1310 quutus,
2123 1241 2241 1310 jure
2297 1225 2632 1311 indignatur,
2684 1251 2738 1298 et
2792 1252 3088 1298 extremum
3144 1246 3209 1299 de
3266 1248 3420 1302 nobis

1839 1332 2001 1385 sumit
2025 1331 2340 1402 supplicium
2371 1349 2383 1384 :
2416 1343 2498 1385 est
2525 1333 2668 1386 enim
2701 1332 2798 1386 hoc
2830 1333 3026 1387 summi
3061 1345 3419 1404 contemptus.

1839 1423 1971 1490 Quis
2017 1424 2159 1477 enim
2210 1439 2457 1493 umquam
2509 1419 3003 1479 maerore-allectus
3059 1425 3155 1479 fuit
3209 1438 3423 1496 propter

1840 1516 2157 1583 peccatum?
2208 1516 2325 1585 quis
2380 1517 2676 1585 ingemuit?
2723 1519 2842 1586 quis
2891 1527 3076 1586 pertus
3128 1519 3432 1584 perenssit?

1840 1607 1958 1673 quis
1988 1607 2248 1661 sollicitus
2273 1607 2410 1660 fuit?
2437 1608 2545 1677 Ego
2572 1618 2698 1678 puto
2724 1609 3010 1663 neminem.
3037 1609 3138 1664 Sed
3170 1611 3416 1665 innume-

1841 1698 1913 1750 ris
1943 1697 2129 1751 diebus
2160 1699 2336 1766 lugent
2371 1699 2614 1754 homines
2645 1715 2742 1769 pro
2775 1702 2982 1755 famulis
3015 1703 3236 1756 mortuis
3258 1745 3275 1768 ,
3322 1719 3418 1772 pro

1840 1788 2078 1857 pecunia:
2104 1788 2308 1857 jactura
2337 1807 2348 1839 :
2381 1803 2502 1842 cum
2531 1799 2707 1842 autem
2748 1793 2977 1844 animam
3016 1793 3248 1860 quotidie
3291 1808 3415 1862 per-

1838 1879 2026 1932 damus
2046 1920 2060 1945 ,
2095 1879 2143 1932 id
2169 1895 2234 1933 ne
2259 1881 2554 1948 cogitamus
2578 1881 2811 1950 quidem.
2859 1881 3134 1947 Quomodo
3162 1899 3290 1953 ergo
3317 1901 3416 1953 po-

1842 1970 1968 2024 teris
1995 1971 2156 2024 Dcuut
2187 1971 2280 2024 tibi
2310 1973 2594 2041 propitium
2627 1971 2882 2037 reddere,
2929 1988 3046 2025 cum
3092 1989 3157 2027 ne
3201 1975 3412 2042 quidem

1838 2061 1972 2116 Scias
2005 2071 2052 2114 te
2076 2062 2423 2130 peccavisse?
2457 2062 2627 2116 Etiam
2655 2104 2670 2128 ,
2701 2063 2909 2131 inquies
2936 2105 2950 2128 ,
2982 2066 3213 2132 peccavi.
3243 2065 3413 2118 Etiam

1839 2153 2015 2221 lingua
2045 2152 2260 2220 quidem
2289 2152 2492 2221 profers
2521 2171 2536 2208 :
2571 2153 2657 2208 dic
2686 2155 2813 2207 mihi
2846 2165 2898 2208 et
2945 2165 3120 2209 mente
3144 2196 3159 2221 ,
3201 2164 3255 2209 et
3294 2173 3415 2210 cum

1837 2243 2035 2296 dixeris
2059 2284 2074 2306 ,
2103 2244 2393 2311 ingemisce
2412 2285 2427 2310 ,
2462 2255 2517 2297 ttt
2547 2245 2621 2299 sis
2648 2260 2858 2313 semper
2891 2247 3029 2300 bono
3057 2249 3255 2299 animo.
3292 2249 3416 2300 lite-

1839 2335 1944 2386 nim
1993 2335 2036 2387 si
2079 2336 2382 2389 doleremus
2428 2346 2644 2404 propter
2688 2347 2899 2404 peccata
2927 2379 2941 2403 ,
2983 2339 3026 2392 si
3079 2355 3173 2408 pro
3216 2339 3423 2395 delictis

1839 2424 2312 2492 ingemisceremus
2339 2466 2354 2489 ,
2409 2426 2544 2481 nihil
2590 2427 2731 2480 aliud
2776 2443 2873 2483 nos
2916 2429 3103 2484 dolore
3150 2430 3421 2497 alliceret,

1840 2518 1940 2571 hoc
1980 2518 2165 2572 dolore
2211 2535 2422 2573 omnem
2477 2520 2640 2574 animi
2692 2521 3058 2589 aegritudinem
3099 2524 3424 2592 expellente.

1837 2612 2196 2678 Quamobrem
2238 2611 2381 2664 aliud
2428 2626 2640 2680 quoque
2681 2613 3012 2667 lucrarentur
3063 2629 3183 2668 cum
3211 2615 3425 2668 confes-

1838 2707 2028 2772 sione,
2080 2719 2275 2774 nempe
2318 2704 2458 2774 quod
2501 2719 2604 2756 non
2656 2704 3100 2774 immergeremur
3158 2707 3208 2759 in
3264 2707 3424 2776 hujus

1838 2797 1958 2848 vita:
1986 2794 2318 2848 calamitates
2342 2835 2356 2860 ,
2391 2809 2563 2863 neque
2597 2794 2647 2846 in
2678 2794 2832 2848 rebus
2864 2794 3138 2862 prosperis
3185 2809 3248 2849 ac
3290 2812 3426 2865 prce—

1836 2886 1997 2940 claris
2046 2885 2355 2938 inﬂaremur
2401 2904 2412 2936 :
2463 2895 2516 2939 et
2575 2887 2674 2939 hac
2731 2887 2940 2940 ratione
2993 2903 3204 2941 rursum
3257 2889 3426 2957 magis

1839 2979 2003 3033 Deum
2032 2979 2400 3048 placaremus;
2437 2986 2493 3030 ut
2539 2977 2646 3046 jam
2694 2994 2787 3046 per
2813 2989 2961 3046 gesta
2991 2992 3169 3033 nostra
3199 2981 3419 3035 adiratn

1839 3085 2210 3140 provocamus.
2243 3071 2334 3125 Dic
2360 3071 2498 3126 enim
2532 3070 2661 3123 mihi
2690 3111 2704 3136 ,
2734 3071 2776 3124 si
2809 3087 2966 3139 quem
3015 3072 3212 3126 habeas
3251 3073 3422 3127 famu-

1839 3163 1946 3217 lum
1971 3203 1987 3228 ,
2017 3163 2105 3232 qtti
2137 3163 2301 3217 multa
2329 3177 2514 3232 paSSus
2543 3178 2572 3216 a
2604 3165 2877 3218 conservis
2905 3206 2917 3229 ,
2942 3165 3007 3218 de
3053 3166 3170 3219 aliis
3208 3167 3418 3234 quidem

1838 3255 2036 3308 nullam
2066 3253 2258 3307 habeat
2289 3253 2550 3307 rationem
2580 3294 2593 3316 ,
2631 3254 2724 3307 sed
2758 3269 2914 3307 unam
2953 3270 3065 3307 rem
3096 3267 3243 3309 curet
3271 3270 3322 3310 ul
3354 3275 3419 3311 ne

1837 3345 2025 3399 herum
2055 3360 2206 3399 suum
2235 3343 2299 3397 ad
2326 3345 2455 3398 iram
2480 3347 2709 3400 concitet
2738 3363 2750 3398 :
2775 3360 2954 3400 annon
2982 3346 3103 3401 hinc
3129 3349 3297 3402 solum
3327 3367 3422 3418 po-

1840 3439 1961 3491 terit
1991 3438 2125 3490 iram
2158 3445 2297 3490 tuam
2331 3438 2563 3491 sedare?
2593 3437 2728 3505 Quid
2761 3449 2936 3493 autem
2966 3481 2980 3506 ,
3016 3440 3057 3494 si
3090 3455 3275 3494 corum
3303 3459 3422 3511 quae

1840 3530 1891 3583 in
1927 3537 1977 3584 te
2006 3529 2231 3598 deliquit
2262 3529 2457 3583 nullam
2484 3544 2666 3583 curam
2699 3529 2890 3583 habeat
2915 3571 2930 3596 ,
2976 3540 3128 3585 curet
3154 3541 3330 3586 autem
3360 3549 3423 3588 ca

1838 3636 1957 3689 qua:
1986 3621 2037 3674 in
2068 3635 2360 3674 conservos
2389 3619 2643 3690 deliquit,
2670 3635 2843 3673 nonne
2872 3620 3268 3689 majusinfcres
3296 3638 3419 3690 sup—

1840 3711 2098 3780 plicium?
2128 3711 2200 3764 Ita
2229 3713 2387 3766 etiam
2418 3711 2543 3765 facit
2576 3712 2711 3765 Deus
2742 3729 2754 3764 :
2799 3726 2919 3764 cum
2971 3711 3084 3780 ejus
3137 3713 3268 3766 iram
3316 3729 3423 3766 non

1838 3816 2085 3856 curamus
2111 3843 2124 3865 ,
2155 3802 2298 3855 illam
2342 3801 2501 3856 infert
2548 3801 3042 3866 vehementiorem;
3085 3817 3204 3854 eum
3245 3813 3420 3856 autent

1837 3907 1956 3945 eam
1984 3906 2265 3956 curamus,
2297 3891 2604 3946 mitiorem:
2649 3891 2756 3943 imo
2800 3906 2865 3943 ne
2907 3889 3159 3960 deinceps
3206 3892 3419 3959 quidem

1840 3979 1983 4033 illam
2009 3980 2171 4034 infert
2200 3997 2213 4034 :
2245 3981 2352 4032 vult
2377 3981 2518 4033 enim
2544 4020 2559 4044 ,
2592 3989 2648 4032 ut
2681 3995 2776 4033 nos
2806 3980 2903 4048 ipsi
2934 3990 3270 4048 peccatorum
3300 3996 3419 4049 pm-

1838 4084 1933 4122 nas
1960 4085 1990 4122 a
2019 4071 2171 4124 nobis
2199 4071 2511 4140 exigamus;
2552 4071 2638 4124 ille
2684 4083 2811 4125 vero
2862 4086 2966 4124 non
3014 4071 3147 4124 ultra
3192 4088 3220 4126 a
3268 4074 3420 4126 nobis

1836 4160 2018 4228 exigit.
2049 4161 2171 4214 Ideo
2201 4177 2427 4229 namque
2452 4163 2806 4215 comminatur
2831 4162 3150 4231 supplicium
3177 4205 3190 4228 ,
3228 4173 3282 4216 ut
3308 4179 3422 4217 me-~

1838 4257 1890 4301 tu
1920 4257 2280 4317 contemptum
2309 4250 2534 4304 auferat.
2567 4250 2699 4301 Cum
2727 4258 2901 4303 autem
2930 4265 2994 4303 ex
3035 4252 3144 4304 sola
3191 4254 3417 4305 commi-

1835 4342 2051 4395 natione
2095 4341 2468 4407 detcrremur,
2533 4356 2638 4394 non
2679 4340 2803 4393 sinit
2853 4350 2909 4394 ut
2957 4342 3070 4410 ejus
3119 4342 3412 4411 periculum

1835 4431 2108 4486 faciamus.
2159 4429 2289 4486 Vide
2333 4447 2559 4504 namque
2602 4431 2728 4501 quid
2767 4430 3014 4486 Jcrcmia:
3060 4432 3248 4486 dicat:
3291 4433 3410 4487 Non

1833 4524 1970 4577 vides
1989 4523 2110 4594 quid
2139 4523 2216 4576 illi
2241 4523 2436 4592 faciunt
2455 4524 2480 4576 1’
2508 4522 2688 4574 Patres
2715 4538 2888 4575 eorum
2909 4525 3072 4590 ignem
3097 4525 3371 4575 accendunt
3396 4540 3414 4577 :

1834 4616 1930 4684 ﬁlii
1959 4630 2132 4668 eorum
2163 4615 2403 4680 colligunt
2426 4613 2563 4679 ligna
2593 4626 2611 4661 :
2649 4609 2879 4662 mulieres
2907 4625 3078 4661 eorum
3102 4619 3266 4663 terunt
3293 4612 3413 4664 adi-

1835 4725 1946 4778 pem
1977 4707 1995 4776 (
2022 4707 2132 4759 Jer.
2163 4709 2216 4758 7.
2251 4702 2491 4769 17.18).
2525 4699 2840 4754 Timendum
2882 4709 2964 4755 est
2987 4741 3002 4765 ,
3053 4716 3118 4755 ne
3154 4703 3221 4756 de
3261 4703 3412 4758 nobis

1833 4796 2100 4866 quidpiam
2132 4792 2304 4846 simile
2331 4789 2537 4845 dicatur
2562 4807 2574 4842 :
2605 4789 2719 4844 Non
2746 4790 2893 4844 vides
2923 4791 3046 4860 quid
3072 4791 3144 4844 illi
3174 4791 3414 4848 faciunt?

1831 4887 1998 4941 Nemo
2027 4899 2146 4952 qua:
2173 4881 2368 4936 Christi
2396 4893 2518 4935 sunt
2543 4881 2733 4951 quaerit
2756 4922 2770 4945 ,
2800 4881 2890 4935 sed
2923 4895 3109 4935 omnes
3149 4897 3267 4951 qua:
3311 4898 3407 4938 sua

1831 4985 1952 5030 sunt
1983 4976 2001 5044 (
2033 4974 2263 5044 Philipp.
2290 4973 2344 5027 2.
2372 4973 2436 5027 ‘21
2464 4973 2504 5042 ).
2542 4971 2661 5026 Filii
2686 4986 2870 5025 eorum
2898 4971 2962 5024 ad
2997 4970 3263 5024 libidinem
3289 4987 3412 5026 cun

1829 5073 1954 5119 runt
1986 5082 1999 5117 :
2035 5074 2214 5134 patres
2238 5078 2422 5118 eorum
2446 5062 2509 5116 ad
2532 5061 2808 5115 avaritiam
2831 5068 2884 5112 et
2904 5058 3144 5126 rapinam
3175 5077 3189 5110 :
3215 5075 3410 5116 uxores

1828 5175 2013 5214 eorum
2041 5159 2106 5214 ad
2139 5158 2450 5212 srecularem
2497 5155 2728 5210 fastum:
2778 5167 2894 5221 qua:
2945 5152 3086 5206 viros
3131 5167 3257 5208 suos
3302 5170 3407 5208 non

1829 5251 1989 5305 modo
2021 5267 2126 5304 non
2157 5249 2383 5313 sedant,
2416 5247 2508 5301 sed
2537 5246 2697 5300 etiam
2746 5253 3058 5311 provocant.
3106 5244 3198 5300 Sta
3250 5247 3410 5314 igitur

1829 5342 1880 5395 in
1909 5343 2023 5396 foro
2047 5383 2060 5408 ,
2092 5342 2357 5409 interroga
2385 5346 2573 5392 euntes
2600 5343 2653 5390 et
2689 5333 2977 5390 redeuntes
3001 5377 3015 5401 ,
3048 5344 3102 5389 et
3133 5336 3402 5390 neminem

1827 5431 2030 5487 videbis
2058 5447 2152 5500 pro
2177 5445 2233 5484 re
2260 5427 2524 5497 spirituali
2558 5426 2892 5480 festinantem
2921 5465 2936 5490 ,
2965 5425 3059 5480 sed
3091 5441 3276 5482 omnes
3306 5441 3410 5495 pro

1825 5521 2126 5577 carnalibus
2167 5526 2462 5574 currentes.
2503 5518 2792 5585 Quousque
2836 5532 2941 5569 non
2990 5516 3396 5587 resipiscimus?

1824 5625 2100 5681 quousque
2133 5611 2183 5663 in
2224 5607 2545 5678 profundum
2594 5621 2838 5659 somnum
2880 5604 3407 5674 dejicimur'lannou

1825 5703 2086 5757 malorum
2112 5715 2208 5754 nos
2232 5700 2375 5768 cepit
2399 5697 2654 5753 satietas?
2677 5695 2837 5767 Atqui
2864 5697 3024 5750 etiam
3051 5695 3251 5764 absque
3276 5710 3402 5750 vero

1826 5796 1906 5851 bis
1937 5795 2046 5865 ipsa
2074 5807 2254 5849 rerum
2281 5789 2606 5862 experientia
2628 5791 2756 5846 satis
2781 5798 2863 5844 est
2889 5787 2955 5844 ad
2981 5787 3250 5844 docendos
3278 5803 3403 5856 nos,
