4096 6326
663 374 733 430 π.
1301 357 1369 413 S.‘
1396 352 1672 412 JOANNlS
1707 344 2185 406 CIIRYSOSTOIII
2223 343 2541 401 ARCIIIEP.
2580 343 3115 401 CONSTANTINOP‘.
3860 340 3930 397 76

662 481 799 541 nihil
825 491 948 536 esse
976 489 1064 532 res
1089 480 1381 546 praesentes
1401 478 1456 523 et
1481 480 1639 545 prava
1667 477 1788 518 esse
1814 458 2016 514 omnia.
2050 455 2243 511 ﬂumi-

664 589 765 630 nes
800 580 950 627 certe
972 568 1063 639 qui
1098 574 1373 623 externam
1417 556 1735 629 sapientiam
1782 550 2105 608 exercebant
2127 588 2144 614 ,
2192 558 2248 602 et

666 664 800 721 nihil
825 664 1120 717 futurorum
1150 660 1407 711 noverant
1432 692 1452 718 ,
1477 663 1603 705 cum
1629 640 2106 715 deprehendissent
2129 652 2246 693 ma-

665 773 823 830 gnam
880 750 1222 825 praesentium
1273 759 1457 801 rerum
1511 740 1802 804 vilitatem,
1870 734 2005 790 ideo
2043 744 2245 830 tantum

666 825 1068 906 abscesserunt.
1120 841 1293 909 Quam
1335 850 1465 906 ergo
1506 842 1565 888 tu
1609 829 1953 899 consequeris
1993 825 2203 882 veniam
2226 866 2246 893 ,

667 942 757 1012 qui
783 937 931 995 humi
958 933 1103 1004 repis
1126 972 1144 999 ,
1174 944 1275 986 nec
1306 924 1540 996 despicis
1568 937 1731 994 parva
1761 921 1877 974 hate
1904 934 2028 988 qua:
2073 926 2248 970 trans-

666 1041 798 1088 eunt
820 1071 839 1095 ,
887 1040 991 1082 nec
1033 1022 1239 1079 deseris
1281 1033 1380 1090 pro
1425 1018 1492 1073 iis
1537 1029 1657 1086 qua
1698 1025 1887 1082 magna
1925 1017 2049 1064 sunt
2088 1016 2248 1076 atque

665 1134 868 1176 :eterna
892 1158 909 1183 ,
935 1116 1026 1187 qui
1054 1114 1225 1184 ipsum
1256 1112 1419 1166 Deum
1458 1105 1613 1162 audis
1657 1104 1761 1159 hoc
1802 1101 1895 1156 tibi
1940 1106 2257 1187 monstrt-ano,

668 1224 776 1267 tem
796 1252 815 1278 ,
853 1218 909 1265 et
956 1186 1027 1264 ab
1069 1207 1185 1277 ipso
1232 1204 1366 1258 tales
1410 1198 1577 1253 habes
1627 1188 2069 1278 promissiones?‘
2093 1186 2248 1252 Quod

666 1276 809 1359 cnim
837 1300 953 1355 hac
982 1276 1248 1353 nonsatis
1279 1293 1385 1348 sint
1426 1288 1496 1345 ad
1538 1284 1883 1343 detinendam
1931 1276 2203 1335 hominem
2225 1315 2244 1342 ,

667 1391 1019 1448 ostenderunt
1046 1388 1081 1441 ii
1107 1386 1199 1456 qui
1234 1383 1436 1452 absque
1477 1378 1741 1447 majorum
1789 1386 1974 1429 rerum
2019 1366 2247 1440 promis-

668 1486 819 1541 sione
846 1482 913 1539 ab
935 1482 1015 1537 eis
1042 1477 1435 1533 abstinuerunt.
1460 1470 1603 1539 Quas
1628 1467 1771 1522 enim
1790 1462 2004 1519 divitias
2028 1468 2251 1525 exspec-

671 1586 847 1631 tantes
870 1616 893 1642 ,
918 1572 985 1627 ad
1011 1576 1379 1642 paupertatem
1406 1559 1709 1619 venerunt?
1731 1556 1955 1620 Nullas;
1990 1549 2084 1606 sed
2105 1545 2250 1619 quod

2360 455 2497 509 bene
2525 454 2730 509 scirent
2755 454 2913 509 talem
2944 460 3308 524 paupertatem
3337 465 3457 507 esse
3494 450 3693 507 divitiis
3739 450 3930 507 melio-

2352 558 2491 599 rem.
2518 544 2689 611 Quam
2714 554 2992 613 sperantes
3015 542 3176 596 vitam
3217 540 3436 596 delicias
3478 541 3809 613 reliquerunt
3832 582 3848 609 ,
3879 550 3934 596 et

2355 646 2561 703 aspera:
2579 634 2704 687 vita:
2727 649 2788 689 ss
2809 631 3172 690 dediderunt?
3191 630 3409 698 Nullas;
3438 632 3535 687 sed
3560 633 3728 702 ipsam
3750 646 3934 687 rerum

2357 734 2601 779 naturam
2638 724 2931 792 edocti,et
2970 725 3209 782 scientes
3241 721 3352 779 hoc
3393 724 3569 795 aptius
3613 739 3734 781 esse
3773 735 3828 781 et
3869 724 3937 781 ad

2354 816 2549 871 animm
2586 816 2977 887 philosophiam
3000 860 3017 885 ,
3065 826 3121 873 et
3158 816 3228 872 ad
3270 816 3512 887 corporis
3556 817 3935 874 valetudinem.

2356 908 2482 963 liae
2520 909 2683 979 igitur
2726 924 2827 963 nos
2864 910 3047 965 animo
3087 917 3396 980 reputantes
3420 948 3437 975 ,
3483 918 3539 964 et
3576 908 3752 964 fuwra
3798 910 3939 964 linus

2356 998 2577 1056 assidue
2618 1001 2673 1055 in
2716 1000 2873 1055 nobis
2924 1011 3239 1068 versantes,
3292 1018 3325 1056 a
3375 1000 3535 1056 rebus
3588 1001 3941 1069 prasentihus

2355 1090 2709 1147 abscedamns
2730 1132 2748 1158 ,
2777 1100 2836 1146 ut
2861 1091 2952 1147 illa
2979 1091 3154 1147 futura
3191 1106 3583 1163 consequamur
3607 1133 3623 1160 ,
3673 1093 3847 1162 gratia
3890 1101 3945 1147 et

2357 1182 2687 1255 benignitate
2717 1184 2932 1239 Domini
2960 1185 3131 1240 nostri
3156 1184 3283 1240 Jesu
3308 1183 3548 1249 Christi,
3588 1184 3805 1255 quicum
3845 1183 3945 1239 Pa-

2359 1274 2427 1328 tri
2456 1290 2667 1345 unaqne
2694 1274 2917 1344 Spiritui
2952 1284 3140 1331 sancto
3159 1316 3175 1343 ,
3218 1274 3388 1345 gloria
3415 1315 3432 1339 ,
3473 1275 3752 1345 imperium
3776 1314 3797 1339 ,
3845 1274 3945 1327 ho-

2358 1378 2500 1429 nor,
2546 1379 2689 1419 nunc
2740 1374 2797 1421 et
2842 1378 3098 1436 semper,
3148 1372 3205 1420 et
3255 1363 3309 1419 in
3357 1364 3551 1418 secula
3599 1363 3945 1419 seculorum.

2361 1455 2557 1510 Amen.

674 1665 3941 1709 MN

2080 1744 2427 1813 HOMILIA
2466 1745 2585 1807 IX.

673 1902 797 1960 Car.
829 1904 883 1959 5.
914 1918 968 1954 v.
998 1898 1086 1955 12.
1122 1896 1181 1953 Si
1205 1896 1322 1965 quis
1357 1887 1728 1961 supertediﬁcat
1769 1895 1928 1949 supra
1954 1874 2255 1948 fundamen-

742 2005 849 2047 tum
903 1993 998 2045 hoc
1022 2031 1040 2054 ,
1092 2002 1313 2045 aurum,
1366 1990 1632 2052 argentum
1656 2017 1671 2040 ,
1720 1972 1919 2041 lapides
1963 1966 2207 2037 pretiosos
2233 2002 2251 2028 ,

744 2088 883 2157 ligna
907 2124 923 2148 ,
966 2086 1153 2151 fanum
1180 2119 1196 2144 ,
1233 2075 1476 2145 stipulam
1499 2112 1516 2137 ,
1561 2070 1650 2124 13.
1693 2061 2089 2157 uniuscujusque
2127 2068 2256 2157 opus

744 2147 1070 2245 manifestum
1096 2170 1209 2222 erit.
1236 2165 1360 2221 Dies
1382 2164 1517 2219 enim
1552 2156 1761 2213 Domini
1796 2151 2107 2245 declarabit,
2137 2147 2256 2245 quia

742 2270 796 2321 in
820 2239 938 2338 igne
962 2262 1298 2323 revelabitur;
1320 2267 1368 2311 et
1398 2252 1794 2321 uniuscujusque
1816 2261 1945 2317 opus
1970 2239 2136 2338 quale-
2148 2239 2213 2294 sit
2233 2278 2254 2304 ,

742 2332 876 2430 ignis
902 2353 1152 2425 probabit.
1183 2351 1275 2404 Η.
1304 2347 1367 2402 Si
1389 2347 1535 2414 cujus
1560 2358 1687 2413 opus
1721 2338 1963 2430 manserit
2001 2332 2136 2430 quod
2164 2347 2256 2430 su-

746 2424 1201 2519 ῥετωάίβοαυενει,
1253 2436 1533 2492 mercedem
1587 2431 1819 2502 accipiet.
1878 2428 1966 2483 is.
2005 2424 2067 2479 ss
2112 2424 2261 2519 cujus

746 2512 876 2605 opus
897 2512 1079 2589 arserit
1102 2573 1118 2597 ,
1146 2530 1499 2584 detrimentum
1524 2522 1744 2594 patietur
1766 2536 1786 2573 :
1806 2520 1917 2589 ipse
1950 2524 2120 2569 autent
2156 2512 2261 2568 sal-

746 2646 838 2701 niis
861 2626 994 2693 erit,
1023 2625 1096 2679 sic
1120 2632 1289 2677 tamen
1313 2621 1458 2690 quasi
1471 2631 1573 2688 per
1598 2620 1780 2684 ignem.

748 2783 804 2834 i.
839 2780 959 2835 Non
984 2786 1066 2832 est
1092 2786 1258 2846 parva
1296 2770 1415 2824 inec
1440 2780 1563 2837 qua:
1587 2763 1743 2819 nobis
1768 2759 2088 2832 proponitur
2114 2770 2254 2825 quaee

681 2874 786 2926 stin
806 2912 821 2934 ,
851 2870 947 2924 sed
975 2867 1043 2921 de
1070 2866 1235 2920 rebus
1264 2860 1494 2915 maxime
1522 2854 1840 2911 neceSSariis
1864 2892 1878 2917 ,
1908 2859 1964 2906 et
1992 2863 2128 2919 quas
2148 2862 2265 2900 om-

682 2977 779 3018 nes
792 2965 1037 3030 quaerunt
1057 2956 1300 3011 homines
1313 2994 1331 3020 ,
1348 2966 1416 3005 au
1435 2948 1694 3019 gehennae
1711 2943 1849 3015 ignis
1866 2942 2025 2997 ﬁnem

690 3028 824 3107 Nam
850 3048 992 3121 quod
1018 3062 1122 3101 non
1149 3044 1342 3100 habeat
1358 3082 1376 3108 ,
1394 3038 1640 3098 Christus
1658 3032 2022 3107 pronuntiavit
2041 3028 2263 3083 dicens:

684 3144 829 3213 Ignis
866 3154 1037 3192 eorum
1080 3151 1181 3189 non
1223 3134 1604 3202 exstinguetur,
1647 3134 1696 3181 ct
1736 3122 1917 3178 vermis
1954 3135 2126 3174 eorum
2165 3132 2267 3171 non

686 3210 928 3283 υἱονεειατ
964 3224 1174 3299 (um.
1218 3223 1271 3279 9.
1305 3223 1375 3278 ts
1403 3222 1445 3293 ).
1493 3219 1563 3275 Et
1599 3217 1714 3274 scio
1755 3214 1973 3285 quidem
2016 3225 2114 3266 vos
2151 3210 2268 3263 htec

685 3321 961 3376 audientes
985 3327 1290 3386 torpescere
1316 3330 1333 3368 :
1363 3312 1459 3370 sed
1486 3309 1615 3382 quid
1655 3306 1889 3363 iaciam?
1934 3305 2074 3359 Dens
2122 3301 2268 3357 enim

683 3412 834 3482 jubet
859 3410 972 3465 lucc
998 3408 1303 3478 frequenter
1330 3404 1581 3458 insonare
1603 3439 1621 3465 ,
1642 3398 1828 3453 dicens
1852 3436 1867 3460 ,
1897 3393 2132 3461 Prccipe
2152 3390 2270 3444 huic

688 3504 914 3575 populo;
942 3509 996 3555 et
1020 3514 1119 3556 nos
1159 3495 1227 3553 ad
1270 3492 1625 3551 ministerium
1667 3488 1818 3545 verbi
1853 3484 2131 3541 constituti
2173 3498 2270 3538 su-

686 3574 810 3653 mus
839 3610 853 3647 :
883 3607 946 3647 ac
974 3604 1196 3646 necesse
1228 3596 1313 3644 est
1350 3594 1408 3642 ut
1445 3586 1548 3640 sim
1591 3581 1853 3637 molestus
1888 3574 2224 3632 auditoribus
2249 3614 2266 3640 ,

688 3702 797 3743 non
828 3684 1017 3740 lubens
1040 3723 1055 3747 ,
1087 3680 1183 3737 sed
1210 3688 1450 3736 coactus.
1482 3675 1596 3731 lmo
1625 3673 1669 3729 si
1699 3671 1860 3727 vultis
1882 3710 1898 3736 ,
1930 3682 2038 3723 non
2068 3665 2271 3721 erimus

690 3779 903 3835 onerosi
937 3797 951 3833 :
981 3774 1115 3830 Nam
1158 3773 1205 3828 si
1240 3772 1439 3827 bonum
1464 3809 1480 3834 ,
1529 3765 1740 3836 inquit,
1783 3762 1946 3816 iacias
1969 3801 1985 3825 ,
2033 3773 2103 3813 ne
2144 3758 2272 3812 time

692 3868 885 3940 (Rom.
914 3868 1003 3923 l5.
1043 3863 1142 3937 3).
1192 3863 1377 3933 Itaque
1426 3860 1552 3914 licet
1600 3854 1757 3911 vobis
1799 3867 1907 3907 non
1948 3850 2271 3940 soluminon

692 3976 835 4030 aegre
858 4000 873 4023 ,
918 3958 1011 4015 sed
1055 3957 1217 4011 etiam
1262 3968 1387 4009 cum
1428 3950 1704 4018 voluptate
1737 3958 1837 4001 nos
1876 3943 2085 3998 audire.
2117 3939 2273 4007 Quod

694 4050 855 4119 igitur
882 4048 1039 4102 ﬁnem
1070 4061 1175 4101 non
1205 4043 1402 4098 habeat
1426 4082 1441 4106 ,
1462 4038 1710 4095 Christus
1735 4036 1849 4104 ipse
1872 4031 2271 4111 pronuntiavit:

694 4139 892 4197 Paulus
920 4147 1096 4192 autem
1123 4137 1291 4198 dicit,
1320 4130 1617 4189 ostendens
1646 4126 1948 4182 immortale
1981 4139 2102 4179 esse
2144 4138 2274 4193 sup-

693 4229 912 4301 plicium
938 4266 954 4291 ,
999 4234 1309 4293 peccatores
1332 4223 1555 4277 daturos
1583 4232 1703 4273 esse
1726 4228 1919 4287 ptenas
1944 4212 2196 4267 exitiosas
2222 4220 2280 4266 et

697 4331 927 4374 aeternas
958 4317 976 4387 (
1002 4314 1059 4369 2.
1095 4313 1271 4367 Thess.
1304 4313 1357 4366 l.
1388 4312 1422 4368 9
1446 4311 1491 4382 );
1518 4319 1571 4363 et
1595 4322 1806 4363 rursum
1832 4347 1848 4373 ,
1873 4304 2049 4359 Nolite
2069 4319 2237 4357 errare
2258 4319 2278 4356 :

700 4428 857 4475 neque
883 4412 1245 4482 fornicatores,
1277 4418 1435 4474 neque
1482 4402 1735 4463 adulteri,
1784 4416 1941 4468 neque
1980 4399 2157 4453 molles
2191 4414 2276 4452 re-

701 4518 855 4572 gnum
903 4499 1001 4552 Dei
1045 4495 1368 4569 possidebunt
1412 4490 1510 4562 (l.
1539 4488 1658 4542 Cor.
1689 4487 1744 4541 6.
1771 4487 1825 4539 9.
1859 4487 1925 4541 10
1950 4489 1991 4554 ).
2044 4487 2282 4541 llebrmis

703 4603 915 4662 quoque
942 4587 1151 4641 dicebat
1177 4606 1192 4640 :
1239 4585 1429 4639 Pacem
1458 4577 1817 4654 persequimini
1842 4592 1956 4629 cum
1984 4575 2213 4628 omnibus
2238 4583 2284 4627 et

702 4677 1152 4748 sanctificationem
1177 4715 1192 4738 ,
1248 4676 1356 4726 sine
1395 4689 1494 4742 qua
1554 4686 1701 4725 nemo
1764 4666 1946 4722 videbit
2010 4664 2284 4719 Dominum

704 4775 724 4845 ί
749 4773 911 4827 Hebr.
945 4768 1033 4825 l2.
1060 4767 1128 4822 14
1152 4770 1194 4836 ).
1226 4765 1293 4818 Et
1317 4763 1561 4817 Christus
1592 4762 1656 4815 iis
1675 4762 1763 4829 qui
1784 4760 2033 4816 dicebant
2056 4799 2072 4824 ,
2104 4756 2173 4810 In
2196 4772 2287 4810 uo-

704 4868 840 4919 mine
870 4873 955 4916 tuo
982 4862 1188 4913 virtutes
1209 4855 1394 4908 multas
1415 4851 1623 4921 fecimus
1647 4891 1663 4914 ,
1690 4850 1767 4902 ait
1792 4867 1807 4901 :
1834 4850 2089 4903 Discedite
2113 4865 2143 4901 a
2166 4864 2246 4901 me
2267 4888 2283 4913 ,

704 4959 789 5025 qui
832 4952 1113 5026 aperamini
1154 4946 1509 5017 iniquitatem;
1546 4956 1649 4994 non
1693 4940 1809 4992 novi
1855 4955 1943 4993 vos
1967 4940 1985 5009 (
2011 4942 2197 4995 Matth.
2230 4942 2284 4995 7.

703 5046 794 5100 22.
820 5044 891 5098 23
915 5044 957 5115 ).
988 5042 1057 5097 Et
1079 5040 1314 5110 virgines
1355 5034 1585 5091 exclusa:
1624 5038 1788 5094 sunt,
1838 5044 2012 5098 neque
2055 5032 2287 5086 intrave-

707 5143 875 5191 runt:
914 5142 970 5188 et
1007 5132 1074 5187 de
1117 5132 1224 5195 iis,
1272 5128 1363 5198 qui
1411 5127 1585 5195 ipsum
1627 5137 1732 5177 non
1779 5121 2118 5186 nutrierunt,
2168 5123 2287 5175 ait:

708 5225 865 5281 Ibunt
889 5227 942 5279 in
969 5222 1276 5293 supplicium
1300 5230 1540 5274 atternum
1562 5218 1580 5286 (
1607 5215 1793 5269 Matth.
1822 5212 1912 5266 25.
1944 5212 2013 5267 40
2035 5210 2074 5278 ).

784 5338 1118 5395 Peccatorum
1160 5331 1467 5402 supplicium
1506 5326 1664 5398 ﬁnem
1714 5342 1814 5379 non
1856 5324 2025 5377 habet.
2053 5352 2141 5387 A—
2183 5322 2293 5377 Nec

713 5431 843 5485 mihi
872 5429 1018 5484 dicas
1046 5444 1061 5481 :
1086 5424 1313 5480 Ubinam
1342 5421 1480 5490 ωριιὶ
1509 5420 1645 5473 ratio
1672 5426 1915 5473 servatur
1937 5456 1954 5481 ,
2006 5415 2051 5469 si
2088 5416 2290 5483 suppli-

714 5522 856 5575 cium
888 5533 995 5572 non
1022 5513 1181 5568 habet
1219 5510 1421 5565 linem?
1460 5508 1682 5576 Quando
1723 5509 1865 5562 enim
1917 5506 2059 5560 Deus
2093 5504 2292 5574 aliquid

716 5611 844 5665 facit
866 5650 883 5676 ,
914 5610 1030 5677 ejus
1056 5603 1336 5660 sententia:
1362 5601 1663 5669 obsequere
1688 5640 1704 5665 ,
1726 5608 1782 5653 et
1820 5613 1888 5653 ne
1934 5613 1995 5651 ea
2021 5638 2038 5662 ,
2067 5610 2186 5664 quae
2214 5595 2296 5648 di-

717 5713 910 5756 cuntur
931 5740 947 5765 ,
983 5696 1227 5750 humanis
1256 5692 1550 5747 ratiociniis
1579 5690 1804 5758 subjice.
1833 5688 2083 5756 Alioquin
2114 5697 2292 5739 autem

720 5790 989 5863 quomodo
1016 5802 1123 5845 non
1144 5787 1345 5858 justum
1371 5781 1531 5839 fuerit
1554 5824 1571 5853 ,
1600 5798 1719 5840 cum
1744 5781 1835 5852 qui
1862 5780 1930 5837 ab
1955 5779 2109 5837 initio
2136 5779 2291 5836 innu-

2368 1884 2522 1925 mera
2562 1872 2771 1942 accepit
2814 1871 3075 1929 beneﬁcia
3096 1915 3112 1939 ,
3152 1872 3452 1943 deindeque
3484 1874 3746 1944 supplicio
3792 1877 3954 1946 digna

2361 1964 2629 2030 patravit,
2679 1980 2745 2020 ac
2786 1980 2960 2035 neque
3001 1966 3163 2019 minis
3216 1980 3389 2036 neque
3442 1965 3715 2021 beneﬁciis
3764 1968 3957 2022 melior

2361 2047 2582 2107 eﬂ'ectus
2607 2063 2691 2108 est
2709 2094 2726 2121 ,
2742 2056 3007 2123 supplicio
3032 2055 3228 2122 plecti?
3251 2054 3381 2108 Nam
3403 2055 3447 2109 si
3472 2054 3524 2109 id
3548 2098 3563 2120 ,
3586 2056 3728 2125 quod
3748 2040 3955 2126 jnsium

2361 2151 2445 2197 est
2467 2182 2484 2207 ,
2514 2142 2717 2212 quaeris
2738 2183 2755 2209 ,
2785 2144 2854 2196 ab
2877 2144 3033 2197 initio
3063 2157 3165 2199 nos
3192 2145 3415 2218 periisse
3443 2148 3720 2215 oportuit,
3750 2162 3958 2201 secun-

2362 2234 2492 2290 dum
2516 2237 2658 2305 atqui
2686 2245 2741 2291 et
2763 2235 2894 2305 justi
2922 2237 3186 2292 rationem
3210 2254 3226 2300 ;
3260 2238 3369 2292 imo
3396 2253 3569 2307 neque
3598 2248 3724 2295 tunc
3752 2257 3954 2296 secun-

2360 2325 2489 2381 dum
2518 2327 2657 2397 equi
2675 2327 2874 2397 etjusti
2902 2327 3163 2382 rationem
3188 2338 3389 2383 tantum
3423 2346 3584 2385 :nam
3609 2330 3959 2403 benignitatis

2363 2413 2580 2482 fuisset,
2638 2416 2685 2470 si
2726 2416 2831 2472 hoc
2872 2418 3013 2487 passi
3062 2432 3326 2473 essemus.
3375 2418 3601 2485 Quando
3642 2423 3789 2475 enim
3838 2424 3960 2491 quis

2362 2520 2485 2561 eum
2508 2548 2525 2573 ,
2547 2508 2719 2576 quise
2736 2507 2871 2561 nihil
2893 2509 3032 2561 laesit
3048 2548 3067 2573 ,
3087 2508 3411 2562 contumelia
3429 2508 3595 2564 afﬁcit
3617 2551 3634 2576 ,
3657 2511 3961 2566 secundum

2362 2596 2491 2665 justi
2517 2597 2783 2651 rationem
2806 2597 2898 2651 dat
2926 2612 3115 2667 ptenas
3137 2614 3153 2663 ;
3177 2599 3390 2668 quando
3410 2609 3587 2655 autem
3607 2602 3917 2657 beneﬁcum
3944 2646 3959 2668 ,

2366 2688 2455 2759 qui
2478 2687 2615 2755 nihil
2643 2698 2802 2743 antea
2831 2690 3043 2759 accepit
3084 2690 3328 2746 beneficii
3354 2732 3368 2754 ,
3410 2692 3503 2747 sed
3541 2693 3655 2762 ipse
3696 2694 3963 2750 bent-licia

2368 2780 2515 2836 mille
2538 2780 2720 2835 intulit
2744 2821 2760 2844 ,
2787 2781 2879 2850 qui
2909 2782 3023 2836 sola
3067 2796 3228 2837 causa
3256 2775 3340 2837 εει
3373 2782 3519 2852 quod
3567 2783 3655 2839 ille
3692 2786 3961 2851 exsistat,

2368 2870 2456 2940 qui
2486 2870 2627 2925 Deus
2650 2880 2735 2925 est
2757 2881 2814 2925 et
2838 2873 3071 2940 animam
3104 2872 3379 2941 inspiravit
3406 2874 3792 2942 innumeraque
3821 2876 3963 2931 bona

2368 2961 2590 3026 intulit,
2636 2971 2801 3032 atque
2841 2963 2893 3015 in
2930 2963 3122 3017 czelum
3166 2963 3419 3018 inducere
3464 2963 3679 3020 voluit:
3725 2964 3773 3020 si
3821 2966 3965 3021 hunc

2370 3062 2494 3122 post
2531 3061 2612 3109 tot
2654 3054 2918 3110 beneﬁcia
2942 3097 2958 3122 ,
2996 3071 3103 3110 non
3154 3056 3315 3111 modo
3362 3058 3687 3113 contumelia
3726 3058 3964 3125 al'ﬁciat,

2370 3146 2465 3201 sed
2493 3154 2547 3201 et
2573 3146 2929 3202 contumelias
2955 3146 3197 3215 quotidie
3226 3164 3322 3217 per
3346 3162 3510 3218 opera
3540 3160 3787 3219 repetat,
3822 3166 3960 3221 qua-

2372 3252 2496 3293 nam
2525 3236 2719 3306 dignus
2742 3234 2905 3292 fuerit
2930 3238 3130 3291 venia?
3166 3238 3281 3293 Non
3321 3238 3474 3295 vides
3514 3243 3784 3309 quomodo
3826 3241 3967 3295 Ada-

2372 3344 2518 3383 mum
2568 3328 2804 3399 punierit
2853 3338 3072 3398 propter
3124 3345 3288 3383 unum
3359 3335 3690 3402 peccatum?
3741 3334 3965 3398 Etiam,

2372 3419 2620 3490 inquies,
2656 3419 2961 3489 paradisum
3008 3421 3107 3489 ipsi
3152 3419 3301 3475 dedit
3348 3430 3405 3477 et
3440 3422 3621 3478 cﬁ'ecit
3666 3432 3727 3477 ut
3773 3438 3968 3491 magna

2372 3508 2644 3564 frueretur
2667 3508 3069 3563 benevolentia.
3115 3509 3273 3578 Atqui
3308 3523 3417 3563 non
3449 3525 3546 3578 par
3569 3525 3660 3565 res
3686 3520 3769 3565 est
3793 3552 3807 3574 ,
3841 3528 3968 3566 eum

2374 3600 2465 3671 qui
2493 3600 2548 3654 in
2576 3600 2866 3654 securitate
2888 3599 3019 3652 vivit
3044 3613 3269 3668 peccare
3293 3640 3308 3664 ,
3351 3610 3405 3653 et
3433 3615 3554 3654 eum
3585 3600 3677 3669 qui
3706 3602 3757 3654 in
3785 3602 3973 3657 multis

2374 3693 2630 3748 arumnis
2656 3692 2825 3755 vivit,
2856 3691 2907 3745 id
2934 3691 3135 3747 facere.
3167 3691 3237 3745 Et
3278 3691 3382 3746 hoc
3425 3693 3601 3761 ipsum
3646 3709 3807 3763 grave
3844 3702 3931 3749 est
3953 3735 3967 3760 ,

2375 3784 2518 3855 quod
2547 3798 2656 3839 non
2700 3785 2753 3837 in
2803 3784 3053 3853 paradiso
3095 3798 3325 3853 pecces,
3372 3783 3465 3838 sed
3512 3785 3566 3838 in
3614 3786 3767 3840 malis
3805 3785 3973 3856 hujus

2378 3877 2501 3931 vita!
2523 3874 2858 3941 innumeris,
2891 3889 3066 3944 neque
3103 3889 3170 3928 ex
3214 3874 3430 3928 miseria
3471 3875 3679 3929 cautior
3721 3878 3968 3931 evadas:

2374 3981 2440 4022 ac
2461 3966 2508 4021 si
2537 3967 2660 4037 quis
2683 3966 2896 4021 vinctus
2914 3957 3162 4037 nequitia
3189 3974 3449 4021 uteretur.
3497 3965 3617 4021 Tibi
3650 3982 3778 4022 vero
3798 3968 3970 4021 etiam

2380 4056 2630 4129 paradiso
2654 4056 2855 4126 majora
2885 4057 3172 4127 promisit,
3220 4072 3393 4126 neque
3422 4057 3516 4111 tibi
3542 4058 3653 4126 jam
3681 4058 3829 4112 dedit
3856 4100 3869 4118 .
3905 4074 3974 4112 ne

2379 4160 2434 4204 te
2458 4148 2513 4203 in
2540 4156 2780 4217 tempore
2804 4148 3156 4203 certaminum
3190 4146 3491 4203 molliorem
3528 4147 3778 4202 redderet
3808 4165 3824 4200 :
3875 4162 3973 4201 ne-

2380 4253 2487 4309 que
2516 4242 2681 4293 tacuit
2699 4279 2715 4304 ,
2742 4252 2813 4293 ne
2839 4246 2891 4292 te
2915 4238 3076 4292 nimis
3101 4238 3357 4307 dejiceret
3380 4238 3434 4291 in
3464 4236 3753 4291 laboribus.
3784 4236 3857 4290 Et
3886 4238 3976 4293 iilo

2380 4330 2600 4402 quidem
2626 4343 2736 4384 uno
2763 4338 2985 4399 peccato
3013 4337 3175 4382 totam
3220 4328 3287 4381 ad
3337 4341 3398 4381 se
3438 4337 3667 4381 mortem
3712 4329 3972 4392 attraxit;

2383 4438 2484 4478 nos
2510 4431 2690 4477 autem
2713 4420 2951 4492 quotidie
2973 4420 3253 4474 innumera
3283 4427 3502 4486 peccata
3529 4418 3891 4473 admittimus.
3922 4418 3975 4472 Si

2382 4522 2563 4569 autem
2589 4513 2681 4568 ille
2703 4528 2825 4567 cum
2848 4526 3015 4567 unum
3038 4509 3344 4565 admisisset
3372 4549 3388 4574 ,
3414 4517 3618 4565 tantum
3640 4508 3741 4564 sibi
3768 4510 3973 4563 malum

2386 4602 2605 4654 attraxit
2626 4642 2642 4666 ,
2671 4610 2728 4655 et
2756 4610 2987 4655 mortem
3015 4599 3255 4663 invexit;
3286 4598 3374 4669 qui
3414 4613 3628 4667 semper
3657 4598 3709 4651 in
3738 4598 3978 4667 peccatis

2387 4688 2616 4743 vivimus
2635 4728 2652 4753 ,
2673 4689 2799 4756 quid
2823 4704 2927 4741 non
2952 4689 3214 4756 patiemur
3233 4727 3250 4751 ,
3278 4687 3369 4754 qui
3397 4701 3492 4753 pro
3516 4685 3763 4753 paradiso
3780 4686 3975 4741 cmlum

2388 4790 2668 4848 speramus
2687 4776 2713 4829 2
2738 4775 2959 4829 Molesta
2987 4784 3112 4827 sunt
3136 4773 3254 4825 haec
3280 4813 3295 4836 ,
3345 4782 3401 4826 et
3436 4774 3690 4826 maestitia
3735 4774 3981 4827 afﬁciunt

2389 4868 2689 4924 auditorem
2735 4883 2749 4918 :
2790 4865 2892 4919 hoc
2921 4865 3059 4919 bene
3089 4863 3209 4917 novi
3241 4876 3304 4916 ex
3336 4861 3401 4913 iis
3426 4902 3441 4925 ,
3472 4876 3592 4931 quae
3625 4862 3740 4931 ipse
3765 4864 3979 4931 patior;

2389 4975 2486 5016 cor
2509 4958 2657 5013 enim
2684 4972 2860 5011 meum
2894 4955 3138 5010 turbatur
3175 4960 3231 5008 et
3262 4952 3482 5022 palpitat
3510 4966 3525 5007 :
3570 4960 3625 5006 et
3656 4968 3765 5023 quo
3805 4956 3983 5025 magis

2391 5052 2550 5106 video
2575 5046 2788 5119 probari
2813 5047 2863 5100 id
2883 5088 2899 5110 ,
2921 5046 3063 5115 quod
3087 5044 3154 5097 de
3175 5043 3419 5112 gehenna
3446 5041 3643 5098 dicitur
3665 5086 3682 5112 ,
3712 5060 3778 5099 eo
3811 5048 3981 5118 magis

2394 5154 2567 5199 tremo
2594 5149 2649 5196 et
2676 5155 2743 5194 ex
2770 5147 2915 5193 metu
2954 5135 3183 5203 refugio.
3216 5132 3323 5187 Sed
3353 5148 3575 5190 necesse
3610 5145 3694 5191 est
3734 5137 3852 5191 haec
3898 5137 3982 5191 di-

2393 5247 2519 5287 cere
2543 5272 2559 5295 ,
2586 5246 2656 5285 ne
2678 5231 2733 5283 in
2758 5228 3059 5297 gehennam
3088 5221 3406 5276 incidamus.
3459 5222 3576 5279 Non
3624 5227 3883 5295 accepisti
3930 5236 3983 5279 tu

2396 5324 2703 5395 paradisum
2730 5333 2906 5389 neque
2933 5318 3073 5385 ligna
3104 5328 3278 5382 neque
3305 5314 3517 5383 plantas
3541 5357 3558 5383 ,
3586 5316 3680 5370 sed
3710 5317 3903 5369 czelum
3934 5326 3985 5369 et

2396 5414 2635 5470 caelestia
2672 5412 2833 5466 bona.
2876 5406 3031 5475 Quod
3074 5405 3119 5457 si
3166 5405 3210 5459 is
3249 5405 3339 5475 qui
3369 5406 3577 5461 minora
3605 5405 3853 5473 accepit,
3897 5406 3987 5458 da-

2402 5518 2614 5561 mnatus
2640 5514 2725 5559 est
2742 5544 2758 5567 ,
2786 5515 2959 5568 neque
2984 5498 3087 5552 ulla
3107 5513 3226 5552 emn
3253 5498 3392 5553 eruit
3414 5498 3550 5553 ratio
3579 5507 3596 5549 ε
3621 5495 3791 5551 multo
3819 5496 3988 5565 magis

2400 5613 2498 5652 nos
2519 5640 2534 5661 ,
2555 5598 2643 5666 qni
2667 5594 2821 5664 plura
2847 5590 3179 5659 peccavimus
3200 5600 3253 5645 et
3274 5589 3339 5645 ad
3363 5588 3565 5656 majora
3587 5586 3762 5639 vocati
3780 5600 3987 5651 sumus,

2400 5685 2757 5742 intolerabilia
2782 5680 3065 5750 patiemur.
3098 5681 3284 5750 Cogita
3323 5692 3454 5745 ergo
3500 5683 3703 5746 quanto
3745 5685 3990 5746 tempore

2402 5780 2456 5834 in
2484 5786 2655 5835 morte
2681 5782 2863 5830 manet
2906 5783 3125 5845 propter
3156 5786 3321 5827 unum
3368 5777 3645 5839 peccatum
3681 5782 3853 5840 genus
3898 5783 3989 5826 no-
