4082 6326
530 273 600 331 77
1232 269 1297 325 S.
1334 265 1623 325 JOANNIS
1659 260 2155 321 CIIRYSOSTOMI
2197 259 2494 317 ARCHIEP
2556 230 3104 317 CONSTANTINOP.
3711 258 3776 315 73

528 389 820 461 γενόμενος
866 383 1081 456 χείρων,
1116 384 1143 436 ό
1170 383 1422 435 τοσούτου
1468 379 1827 445 καταξιωθεὶς
1858 376 2105 447 Πνεύμα-

527 499 640 544 τος,
667 479 760 533 καὶ
789 478 849 529 οὐ
900 476 1026 546 μίαν
1054 474 1175 527 οὐδὲ
1217 474 1311 528 δύο
1364 476 1458 528 καὶ
1505 475 1677 543 τρεῖς,
1713 471 1850 525 ἀλλά
1908 470 2109 540 μυρίας

529 569 890 637 ἐφελκόμενος
916 565 1207 637 ἁμαρτίας.
1235 566 1325 634 Μὴ
1352 564 1482 635 γὰρ,
1509 566 1591 617 ὅτι
1628 566 1686 616 ὲν
1714 565 1852 635 ῥοπῇ
1882 561 2113 633 βραχείᾳ

532 657 645 730 [75]
679 658 749 711 τὰ
775 658 1149 728 ἁμαρτήματα
1182 656 1415 725 γίνεται,
1444 654 1601 707 τοῦτο
1631 654 1859 717 σκόπει,
1900 652 1995 705 καὶ
2026 650 2113 703 διὰ

527 746 687 800 τοῦτο
725 746 819 798 καὶ
862 745 961 816 τὴν
996 743 1217 797 κόλασιν
1250 742 1423 814 ῥοπῆς
1446 740 1583 795 εἶναι
1610 740 1816 811 νόμιζε.
1842 740 1953 807 Οὐχ
1982 738 2113 808 ὁρᾷς

529 840 655 900 τοὺς
678 835 1021 908 ἀνθρώπους,
1050 837 1101 888 οἳ
1143 837 1402 899 πολλάκις
1453 836 1591 905 ὑπὲρ
1628 835 1753 903 μιᾶς
1786 833 1993 900 κλοπῆς
2021 830 2113 881 καὶ

534 930 661 1000 μιᾶς
695 928 940 998 μοιχείας
967 929 1024 980 ὲν
1058 931 1228 998 μικρᾷ
1261 930 1397 998 ῥοπῇ
1437 939 1459 966 ⁸
1495 925 1786 995 γινομένης
1820 926 1876 975 ἐν
1899 922 2112 991 δεσμω-

530 1012 742 1083 τηρίοις
768 1010 863 1064 καὶ
890 1010 1173 1080 μετάλλοις
1200 1010 1496 1080 ὁλόκληρον
1528 1008 1709 1061 αὐτῶν
1732 1007 1823 1059 τὸν
1856 1004 1968 1075 βίον
2021 1004 2115 1055 ἀν·

530 1103 770 1168 ἀλωσαν,
796 1100 939 1173 λιμῷ
975 1101 1212 1172 διηνεκεῖ
1236 1102 1329 1154 καὶ
1354 1100 1568 1170 μυρίοις
1594 1099 1914 1159 παλαίοντες
1948 1095 2110 1149 θανά-

529 1210 682 1258 τοις;
734 1194 827 1246 καὶ
875 1191 1049 1254 οὐδεὶς
1094 1192 1294 1254 αὐτοὺς
1332 1190 1568 1254 ἐξείλετο
1622 1187 1743 1242 οὐδὲ
1783 1183 1975 1248 εἶπεν,
2030 1186 2113 1237 ὄτι

532 1284 725 1356 ἐπειδὴ
760 1284 787 1325 δ
828 1285 886 1337 ὲν
922 1282 1151 1356 βραχείᾳ
1194 1272 1384 1353 καιροῦ
1421 1285 1561 1352 ῥοπῇ
1599 1281 1659 1334 τὸ
1688 1279 1997 1349 ἁμάρτημα
2024 1277 2116 1344 γέ-

532 1390 680 1444 γονε,
704 1375 785 1427 δεῖ
811 1375 906 1428 καὶ
926 1374 1024 1445 τὴν
1051 1374 1273 1426 κόλασιν
1304 1371 1633 1443 ἀντίρροπον
1662 1373 1727 1441 τῇ
1749 1370 1997 1441 ἁμαρτίᾳ
2022 1368 2115 1420 καὶ

531 1464 626 1517 τὸν
645 1464 834 1533 χρόνον
868 1462 1029 1532 ἔχειν.

610 1557 673 1625 β’.
694 1553 832 1608 Ἀλλ’
852 1552 948 1607 ἄνθ
959 1569 1151 1625 ρωποι,
1166 1552 1349 1622 φησὶν,
1364 1552 1584 1617 εἰσὶν,οί
1617 1552 1791 1606 ταῦτα
1810 1550 2107 1617 ποιοῦντες,

536 1649 564 1699 6
600 1647 660 1700 δὲ
686 1646 817 1708 Θεὸς
852 1644 1234 1715 φιλάνθρωπός
1268 1647 1407 1697 ἐστι.
1454 1644 1678 1714 Πρῶτον
1732 1646 1829 1715 μὲν
1864 1642 1957 1698 οὖν
1994 1644 2115 1698 οὐδὲ

536 1733 813 1805 ὥνθρωποι
848 1731 1095 1803 ὠμότητι
1132 1731 1305 1785 ταῦτα
1344 1732 1699 1803 πράττουσιν,
1745 1734 1880 1788 ἀλλά
1929 1734 2122 1803 φιλαν--

538 1824 787 1897 θρωπία·
833 1823 928 1877 καὶ
969 1825 997 1876 6
1027 1823 1159 1886 Θεὸς
1195 1823 1271 1890 δὲ,
1303 1821 1491 1893 ὥσπερ
1538 1825 1655 1875 ἐστὶ
1687 1823 2069 1893 φιλάνθρωπος
2097 1862 2112 1886 ,

536 1917 678 1970 οὓτω
711 1916 806 1969 καὶ
837 1914 1192 1985 ἐπεξέρχεται
1214 1930 1227 1943 ·
1262 1913 1402 1967 κατὰ
1427 1914 1535 1983 γὰρ
1565 1914 1626 1966 τὸ
1657 1912 1804 1975 ἕλεος
1826 1911 1989 1966 αὑτοῦ
2019 1929 2114 1964 που

537 2009 631 2071 λὺς
656 2009 749 2061 καὶ
779 2009 808 2059 6
834 2007 1053 2075 ἔλεγχος
1081 2004 1270 2057 αὐτοῦ.
1308 2005 1477 2058 Ὅταν
1506 2000 1597 2057 οὖν
1628 2005 1786 2075 εἴπῃς
1815 2003 2117 2073 φιλάνθρω-

540 2119 639 2153 πον
659 2100 751 2151 τὸν
786 2097 936 2161 Θεὸν,
957 2098 1077 2149 τότε
1112 2096 1335 2167 μείζονά
1370 2114 1460 2167 μοι
1494 2097 1668 2165 λέγεις
1710 2099 1809 2166 τῆς
1846 2096 2121 2161 κολάσεως

537 2193 635 2262 τὴν
666 2190 937 2261 ἀφορμὴν,
973 2188 1053 2241 ὅτι
1082 2190 1161 2252 είς
1190 2188 1426 2241 τοιοῦτον
1456 2188 1863 2260 ἁμαρτάνομεν.
1903 2189 1993 2240 Διὸ
2027 2189 2119 2241 καὶ

538 2285 566 2334 6
600 2281 811 2343 [Ιαῦλος
845 2280 1018 2347 ἔλεγε·
1051 2278 1310 2345 Φοϐερόν
1346 2279 1411 2331 τὸ
1449 2277 1738 2347 ἐμπεσεῖν
1794 2280 1878 2342 είς
1918 2278 2119 2347 χεῖρας

542 2374 690 2427 Θεοῦ
750 2370 983 2435 ζῶντος.
1038 2369 1383 2438 Ἀνάσχεσθε,
1437 2368 1767 2438 παρακαλῶ,
1808 2370 1906 2439 τῆς
1939 2369 2121 2439 πυρᾶς

539 2465 649 2518 τῶν
685 2464 975 2534 ῥημάτιον·
1008 2461 1136 2524 ἴσως
1171 2460 1299 2530 γὰρ,
1327 2463 1457 2523 ἴσως
1492 2461 1642 2514 ἔσται
1670 2479 1752 2523 τις
1778 2462 1905 2529 ύμῖν
1934 2459 2119 2512 ἐντεῦ-

542 2555 636 2608 θεν
671 2552 1014 2625 παραμυθία.
1049 2552 1143 2615 Τίς
1168 2551 1470 2621 ἀνθρώπων
1510 2553 1734 2606 δύναται
1775 2552 1999 2605 κολάσαι
2027 2550 2121 2601 οὖ-

541 2663 669 2709 τως,
694 2645 769 2708 ὡς
797 2644 1053 2697 ἐκόλασεν
1090 2643 1285 2709 όΘεὸς,
1328 2644 1713 2712 κατακλυσμὸν
1754 2642 1989 2711 ποιήσας
2029 2642 2122 2694 καὶ

543 2736 789 2791 πανωλεθ
800 2735 920 2805 ρίαν
938 2734 1197 2787 τοσούτου
1222 2734 1435 2801 γένους,
1461 2734 1554 2787 καὶ
1585 2732 1723 2803 μετὰ
1747 2733 1939 2803 μικρὸν
1963 2733 2122 2786 πάλιν

544 2827 657 2899 πῦρ
688 2827 894 2880 ἄνωθεν
931 2825 1152 2895 βρέξας,
1192 2825 1288 2877 καὶ
1332 2824 1541 2887 πάντας
1595 2824 1764 2894 ἄρδην
1817 2823 2119 2893 ἀφανίσαςς

544 2919 678 2970 ποία
703 2916 1005 2987 ἀνθρώπων
1042 2916 1282 2987 τιμωρία
1311 2915 1536 2969 δύναται
1570 2912 1710 2970 εἶναι
1734 2917 1955 2986 τοιαύτη
1976 2935 1990 2982 ;
2012 2919 2125 2986 Οὐχ

543 3011 675 3080 όρᾷς
705 3008 975 3062 ἀθάνατον
1002 3007 1186 3077 σχεδὸν
1216 3008 1309 3059 καί¹
1348 3008 1446 3077 τὴν
1481 3006 1731 3060 ἐντεῦθεν
1770 3008 1992 3059 κόλασιν
2034 3001 2126 3057 οῦ-

547 3118 680 3163 σαν;
717 3098 1140 3169 Τετρακισχίλια
1171 3096 1265 3165 ἔτη
1291 3096 1560 3167 παρῆλθε,
1587 3096 1682 3148 καὶ
1706 3098 1738 3166 ἡ
1764 3096 2003 3166 τιμωρία
2034 3094 2126 3164 μέ-

547 3206 629 3241 νει
658 3186 763 3239 τῶν
798 3184 1103 3253 Σοδομιτῶν
1136 3184 1479 3255 ἀκμάζουσα.
1508 3184 1718 3253 Ὥσπερ
1742 3185 1850 3254 γὰρ
1879 3187 1910 3253 ἡ
1942 3184 2128 3253 φιλαν-

548 3275 765 3347 θρωπία
790 3274 953 3328 αὐτοῦ
984 3274 1219 3344 μεγάλη,
1245 3273 1387 3328 οὕτω
1418 3275 1515 3327 καὶ
1544 3277 1576 3345 ἡ
1608 3275 1846 3339 κόλασις.
1887 3276 1996 3328 Καὶ
2018 3276 2126 3345 γὰρ

548 3370 599 3421 εί
626 3369 721 3438 μὲν
758 3366 992 3437 φορτικά
1024 3384 1145 3420 τινα
1175 3354 1405 3430 ἐπέταξε
1448 3366 1544 3417 καὶ¹
1588 3366 1847 3432 ἀδύνατα,
1886 3366 2018 3430 ἴσως
2062 3366 2125 3419 ἄν

547 3477 631 3522 τις
664 3455 774 3528 εἶχε
808 3459 907 3528 τὴν
942 3457 1232 3511 δυσκολίαν
1276 3456 1647 3530 προϐαλέσθαι
1684 3458 1793 3511 τῶν
1832 3459 2013 3529 νόμων
2036 3477 2048 3491 ι
2078 3461 2127 3512 εί

549 3551 605 3603 δὲ
641 3549 846 3620 σφόδρα
890 3552 1082 3620 ῥᾷστα,
1118 3550 1170 3603 τί
1194 3549 1259 3602 ἂν
1292 3550 1513 3620 ἔχοιμεν
1541 3552 1711 3603 εἰπεῖν
1750 3550 1887 3622 μηδὲ
1924 3550 2129 3603 τούτων

551 3639 867 3709 ποιούμενοι
884 3639 1076 3706 λόγον;
1105 3639 1419 3708 Νηστεῦσαι
1450 3640 1508 3695 ού
1540 3639 1789 3705 δύνασαι,
1838 3642 1960 3695 οὐδὲ
1991 3659 2130 3712 παρ-

553 3730 733 3783 θενίαν
757 3729 1027 3798 ἀσκῆσαι;
1052 3730 1243 3783 καίτοι
1271 3747 1334 3797 γε
1360 3729 1612 3794 δύνασαι,
1659 3731 1760 3785 ἐὰν
1790 3732 1953 3804 θέλῃς
1971 3772 1985 3797 ,
2037 3733 2130 3786 καὶ

554 3818 954 3888 κατηγοροῦσιν
999 3820 1157 3889 ἡμῶν
1190 3821 1240 3873 οί
1284 3820 1641 3891 δυνηθέντες·
1698 3822 1814 3875 ἀλλ’
1841 3822 1991 3891 ὅμως
2032 3822 2131 3874 οὐκ

554 3911 826 3981 ἐχρήσατο
853 3910 1024 3980 ταύτῃ
1047 3911 1184 3981 πρὸς
1210 3911 1357 3979 ἡμᾶς
1384 3913 1411 3963 6
1443 3910 1574 3972 Θεὸς
1607 3913 1675 3981 τῇ
1713 3912 1993 3982 ἀκριϐείᾳ,
2013 3912 2133 3965 οὐδὲ

555 4001 785 4065 ἐπέταξε
810 3999 981 4053 ταῦτα
1012 4001 1132 4053 οὐδὲ
1160 4001 1570 4070 ἐνομοθέτησεν,
1606 4002 1721 4054 ἀλλ’
1751 4002 1964 4071 ἀφῆκεν
1995 3998 2133 4055 εἶναι

553 4095 652 4166 τὴν
681 4094 891 4163 αἵρεσιν
922 4094 978 4144 ὲν
1004 4096 1070 4162 τῇ
1106 4092 1300 4165 γνώμῃ
1330 4093 1439 4146 τῶν
1470 4093 1805 4146 ἀκουόντων·
1838 4096 2134 4165 σωφρονεῖν

554 4187 611 4240 δὲ,
644 4188 701 4239 ἐν
730 4186 893 4256 γάμῳ
921 4183 1168 4249 δύνασαι,
1213 4185 1306 4237 καὶ
1346 4183 1421 4254 μὴ
1459 4183 1681 4255 μεθύειν
1705 4184 1953 4237 δύνασαι,
1982 4184 2136 4255 Χρή-

564 4296 711 4350 ματα
738 4279 971 4333 κενῶσαι
999 4277 1059 4330 οὐ
1091 4277 1317 4332 δύνασαι
1337 4277 1547 4341 πάντα;
1578 4276 1768 4330 Καίτοι
1793 4294 1856 4346 γε
1887 4274 2134 4340 δύνασαι,

561 4369 657 4422 καὶ
691 4369 940 4439 δηλοῦσιν
972 4370 1021 4423 οἱ
1056 4369 1456 4441 ἐργασάμενοι·
1485 4367 1599 4421 ἀλλ’
1637 4369 1786 4437 ὅμως
1830 4368 1952 4421 οὐδὲ
1979 4367 2136 4421 τοῦτο

562 4457 843 4523 ἐπέταξεν,
866 4459 1001 4510 ἀλλὰ
1033 4460 1107 4529 μὴ
1138 4456 1405 4528 ἁρπάζειν
1431 4455 1704 4521 ἐκέλευσε,
1731 4455 1825 4508 καὶ
1845 4455 1909 4507 ὲκ
1926 4454 2033 4507 τῶν
2061 4455 2140 4509 δν·

561 4569 670 4606 των
690 4552 801 4612 τοῖς
826 4548 1099 4617 δεομένοις
1149 4550 1482 4620 ἐπικουρεῖν.
1518 4548 1581 4601 Εἰ
1616 4546 1675 4600 δὲ
1719 4545 1867 4614 λέγοι
1904 4561 1987 4608 τις
2009 4586 2023 4610 ,
2057 4545 2140 4597 ὅτι

562 4643 698 4698 Οὐδὲ
722 4643 789 4712 τῇ
820 4639 1039 4709 γυναικὶ
1067 4638 1223 4705 μόνον
1268 4638 1604 4709 ἀρκεσθῆναι
1639 4635 1914 4706 δύναμαι,
1956 4634 2143 4706 ἀπατᾷ

564 4732 754 4788 ἑαυτὸν
779 4730 874 4784 καὶ
909 4726 1363 4797 παραλογίζεται·
1401 4728 1495 4779 καὶ
1517 4723 1921 4796 κατηγοροῦσιν
1958 4722 2008 4775 οἱ
2032 4740 2141 4792 χω-

568 4828 651 4896 ρὶς
678 4821 939 4893 γυναικὸς
976 4815 1404 4889 σωφρονοῦντες.
1435 4816 1500 4868 Τί
1530 4817 1607 4883 δὲ,
1636 4817 1757 4869 εἰπέ
1793 4834 1906 4887 μοι,
1935 4814 2010 4888 μὴ
2035 4815 2143 4868 λοι-

564 4913 836 4984 ὃορεῖσθαι
872 4912 931 4965 06
984 4908 1253 4974 δύνασαι;
1302 4905 1377 4977 μὴ
1407 4906 1751 4976 καταρᾶσθαι
1781 4908 1842 4961 οὐ
1879 4907 2140 4973 δύνασαι;

569 5006 681 5061 Καὶ
716 5005 822 5076 μὴν
854 5005 913 5058 τὸ
949 5000 1126 5057 ταῦτα
1154 5001 1330 5054 ποιεῖν
1364 4997 1648 5071 φορτικὸν,
1670 4998 1730 5049 οὐ
1754 4998 1816 5051 τὸ
1844 4997 1921 5069 μὴ
1947 5001 2140 5053 ποιεῖν.

570 5094 739 5149 Ποίαν
762 5088 853 5147 οὖν
875 5094 1069 5165 ἔχομεν
1092 5089 1419 5159 ἀπολογίαν,
1450 5087 1521 5141 τὰ
1548 5086 1689 5140 οὕτω
1720 5087 1897 5157 κοῦφα
1920 5088 2012 5142 καὶ
2054 5089 2113 5142 εὖ
2130 5117 2145 5129 ·

572 5185 704 5239 κολα
752 5182 826 5253 μὴ
871 5184 1270 5251 φυλάττοντες;
1304 5180 1420 5234 Οὐκ
1459 5178 1606 5231 ἐστιν
1652 5178 1825 5231 εἰπεῖν
1874 5178 2145 5249 οὐδεμίαν.

2214 376 2271 428 εἴ
2318 392 2479 441 τινος
2524 376 2591 429 τὸ
2618 376 2796 443 ἔργον
2824 373 3301 441 κατακαήσεται,
3336 372 3781 441 ζημιωθήσεται,

2214 467 2521 537 ἐπήγαγεν·
2553 468 2746 531 Αὐτὸς
2783 467 2852 520 δὲ
2876 465 3234 531 σωθήσεται,
3270 464 3422 518 οὕτω
3464 463 3533 516 δὲ
3570 465 3652 529 ὡς
3689 463 3785 518 διὰ

2213 560 2420 626 πυρός.
2445 559 2510 612 Τί
2545 554 2636 612 οῦν
2667 558 2733 611 ἂν
2761 560 3008 628 εἴποιμεν
3035 557 3171 627 πρὸς
3191 556 3382 616 τοῦτο;
3417 557 3789 626 Σκοπήσωμεν

2213 649 2475 720 πρότερον
2500 648 2582 711 τίς
2607 650 2754 701 ἐστιν
2780 649 2809 699 6
2840 647 3114 717 θεμέλιος,
3147 647 3242 698 καὶ
3266 645 3345 708 τίς
3372 647 3400 697 6
3430 646 3655 715 χρυσὸς,
3692 645 3789 697 καὶ

2211 741 2354 803 τίνες
2387 741 2436 792 οί
2464 740 2600 793 λίθοι
2643 741 2692 793 οἱ
2720 740 2912 810 τίμιοι,
2940 738 3037 792 καὶ
3066 738 3150 800 τίς
3190 739 3219 790 ό
3249 737 3438 807 χόρτος
3458 778 3470 799 ,
3506 738 3600 789 καὶ
3635 737 3721 799 τίς
3747 737 3783 805 ἡ

2214 832 2456 902 καλάμη.
2488 832 2591 885 Τὸν
2626 832 2722 900 μὲν
2748 828 2838 885 οῦν
2874 830 3123 902 θεμέλιον
3161 828 3411 899 φανερῶς
3463 829 3622 891 αὐτὸς
3666 827 3791 897 ἐδή-

2213 925 2384 977 λωσεν
2404 926 2532 977 ὄντα
2549 924 2641 978 τὸν
2661 923 2894 991 Χριστὸν
2922 922 3090 977 εἰπών
3109 936 3121 950 ·
3153 921 3438 990 Θεμέλιον
3457 921 3567 988 γὰρ
3592 920 3793 974 ἄλλον

2214 1015 2409 1081 οὐδεὶς
2438 1015 2690 1068 δύναται
2717 1013 2903 1068 θεῖναι
2938 1014 3097 1082 παρὰ
3116 1013 3224 1067 τὸν
3245 1013 3522 1083 κείμενον
3540 1052 3555 1077 ,
3602 1011 3789 1081 φησὶν,

2217 1104 2284 1171 ὅς
2314 1106 2444 1159 ἐστι
2475 1105 2732 1173 Χριστὸς
2771 1104 3028 1172 Ἰησοῦς.
3072 1105 3134 1158 Ἡ
3170 1104 3228 1156 δὲ
3264 1103 3521 1173 οἰκοδομὴ
3561 1100 3794 1172 πράξεις

2217 1198 2340 1266 ἐμοὶ
2362 1197 2609 1250 δοκοῦσιν
2632 1195 2789 1250 εἶναι.
2823 1198 3014 1249 Καίτοι
3057 1197 3120 1265 γέ
3152 1196 3296 1259 τινές
3343 1212 3524 1265 φασιν,
3564 1197 3645 1248 ὅτι
3697 1194 3793 1247 καὶ

2216 1290 2345 1343 αὐτὸ
2380 1290 2540 1343 τοῦτο
2568 1291 2695 1360 περὶ
2731 1289 3067 1343 διδασκάλων
3112 1290 3325 1358 εἴρηται
3376 1288 3470 1339 καὶ
3506 1286 3789 1356 μαθητῶν,

2217 1384 2310 1437 καὶ
2355 1382 2485 1451 περὶ
2532 1381 2796 1451 αἱρέσεων
2827 1378 3264 1449 διεφθαρμένων·
3320 1377 3435 1431 ἀλλ’
3470 1378 3498 1428 6
3545 1376 3702 1443 λόγος
3728 1376 3793 1428 ού

2217 1473 2601 1545 παραδέχεται.
2635 1472 2697 1525 Et
2737 1472 2845 1542 γάρ
2883 1470 3039 1524 τοῦτό
3076 1472 3218 1535 ἐστι,
3252 1469 3369 1532 πῶς
3396 1468 3456 1523 τὸ
3504 1467 3602 1536 μὲν
3632 1468 3795 1537 ἔργον

2217 1562 2531 1625 ἀπόλλυται,
2550 1564 2577 1614 6
2605 1562 2661 1614 δὲ
2690 1561 2984 1631 οἰκοδομῶν
3011 1557 3435 1629 σωθήσεταικᾶν
3462 1556 3550 1610 διὰ
3583 1556 3791 1626 πυρόςῖ

2215 1656 2306 1707 τὸν
2355 1654 2465 1725 γὰρ
2507 1652 2682 1705 αἴτιον
2726 1652 2926 1722 μᾶλλον
2957 1651 3293 1705 ἀπόλλυσθαι
3344 1650 3549 1719 ἐχρῆν·
3585 1650 3704 1701 νυνὶ
3737 1648 3796 1701 δὲ

2219 1746 2574 1817 εὑρεθήσεται
2607 1743 2828 1796 πλείονα
2849 1743 3005 1813 δίκην
3037 1742 3211 1804 διδοὺς
3236 1743 3264 1793 6
3304 1738 3701 1810 οίκοδομυθείς.
3730 1739 3796 1791 Εἰ

2223 1834 2322 1903 μὲν
2373 1833 2481 1903 γὰρ
2536 1838 2565 1887 6
2618 1832 2937 1895 διδάσκαλος
2976 1832 3145 1893 αἴτιος
3197 1829 3387 1898 γέγονε
3428 1828 3527 1897 τῆς
3571 1829 3797 1889 κακίας,

2220 1924 2620 1991 πλείοναάξιος
2654 1923 2837 1977 δοῦναι
2872 1922 3059 1993 δίκην·
3093 1922 3210 1984 πῶς
3245 1916 3338 1974 οῦν
3372 1920 3708 1990 σωθήσεταις
3746 1920 3798 1971 εί

2218 2013 2263 2065 δ’
2288 2013 2388 2065 οὐκ
2431 2015 2625 2076 αἴτιος,
2662 2012 2797 2066 ἀλλά
2829 2012 2980 2083 παρά
3010 2011 3108 2082 τὴν
3134 2011 3338 2064 οἰκείαν
3382 2008 3715 2078 ὅυστροπίαν
3747 2008 3798 2060 οί

2223 2101 2461 2173 μαθηταὶ
2490 2102 2723 2155 τοιοῦτοι
2760 2102 3045 2169 γεγόνασιν
3070 2139 3083 2161 ,
3121 2100 3230 2152 οὐδ’
3261 2099 3397 2161 ὅλως
3428 2098 3572 2161 ἄξιος
3612 2096 3799 2150 δοῦναι

2219 2192 2394 2264 δίκην,
2432 2192 2546 2246 ἀλλ’
2578 2192 2696 2245 οὐδὲ
2735 2191 2939 2261 ζημίαν
2974 2191 3274 2260 ὑποστῆναι
3317 2191 3344 2242 6
3375 2189 3553 2251 καλῶς
3592 2188 3800 2240 οἰκοδο-

2224 2286 2421 2355 μήσας.
2453 2285 2577 2346 ΙΙῶς
2596 2278 2691 2337 οῦν
2715 2299 2867 2352 φησι,
2901 2280 3384 2349 Ζημιωθήσεται;
3429 2279 3592 2331 Ὅθεν
3640 2278 3798 2346 δῆλον

2220 2376 2300 2428 ὅτι
2328 2374 2455 2445 περὶ
2484 2374 2779 2445 πράξεωνό
2804 2373 2981 2441 λόγος.
3016 2372 3236 2441 Ἐπειδὴ
3262 2371 3369 2441 γὰρ
3400 2370 3580 2440 μέλλει
3612 2368 3801 2421 Ϊ.οιπὸν

2224 2467 2356 2535 πρὸς
2401 2466 2493 2518 τὸν
2544 2450 2955 2533 πεποβνευκότα
3002 2461 3407 2525 ἀποτείνεσθαι,
3462 2458 3669 2513 ἄνωθεν
3702 2456 3803 2510 καὶ

2225 2554 2329 2623 πρὸ
2358 2552 2553 2605 πολλοῦ
2577 2553 2973 2606 καταϐάλλεται
2991 2552 3056 2605 τὰ
3080 2552 3359 2622 προοίμια.
3382 2545 3501 2602 Οἵδε
3527 2552 3653 2618 γὰρ,
3671 2548 3803 2619 περὶ

2225 2645 2410 2715 ἑτέρου
2436 2645 2831 2715 διαλεγόμενος,
2866 2647 2923 2697 ὲν
2941 2646 3078 2716 αὐτῇ
3104 2647 3170 2715 τῇ
3194 2644 3321 2714 περὶ
3351 2642 3536 2714 ἐτέρου
3564 2642 3805 2707 διαλέξει

2224 2737 2766 2813 προκατασκευάζειν
2819 2738 3029 2808 ἕτερον,
3084 2737 3170 2804 ἐφ’
3204 2736 3231 2789 ὃ
3265 2734 3447 2806 μέλλει
3482 2734 3636 2787 ἰέναι.
3690 2732 3807 2784 Καὶ

2222 2833 2330 2903 γὰρ
2357 2832 2624 2901 ἐπιτιμῶν
2664 2831 2794 2900 περὶ
2838 2829 2932 2882 τοῦ
2977 2830 3053 2898 μὴ
3099 2828 3388 2897 ἀναμένειν
3429 2826 3652 2887 ἑαυτοὺς
3687 2825 3806 2885 τοῖς

2225 2923 2487 2993 ἀρίστοις,
2523 2921 2612 2973 τὸν
2647 2921 2773 2989 περὶ
2806 2920 2913 2973 τῶν
2953 2917 3269 2989 μυστηρίων
3314 2915 3685 2970 κατεσκεύασε
3713 2914 3807 2968 λὸ-

2224 3028 2339 3081 γον.
2380 3012 2502 3062 Ὄτι
2529 3010 2584 3062 δὲ
2610 3010 2703 3062 καὶ
2737 3007 2830 3062 νῦν
2865 3008 3001 3081 πρὸς
3026 3008 3117 3061 τὸν
3149 3006 3563 3076 πεπορνευκότα
3592 3005 3811 3074 ἐπείγε-

2224 3119 2332 3166 ται,
2354 3100 2601 3172 περὶτοῦ
2627 3098 2878 3169 θεμελίου
2904 3097 3096 3161 εἰπὼν,
3129 3100 3432 3168 ἐπήγαγεν·
3462 3099 3581 3150 Οὐκ
3602 3096 3808 3151 οἷδατε

2225 3191 2313 3244 ὅτι
2334 3190 2480 3256 ναὸς
2505 3189 2652 3244 Θεοῦ
2674 3190 2832 3252 ἐστε,
2867 3187 2964 3241 καὶ
2986 3187 3051 3240 τὸ
3082 3186 3325 3255 Πνεῦμα
3348 3184 3453 3239 τοῦ
3480 3184 3627 3238 Θεοῦ
3658 3183 3812 3237 οἰκεῖ

2225 3284 2294 3337 ἐν
2320 3282 2493 3353 ὐμῖν;
2520 3282 2593 3336 Et
2611 3299 2700 3347 τις
2721 3280 2831 3335 τὸν
2856 3278 3006 3334 ναὸν
3035 3278 3140 3332 τοῦ
3176 3276 3328 3332 Θεοῦ
3372 3276 3620 3345 φθείρει,
3664 3277 3811 3341 φθε-

2218 3375 2319 3442 ρεῖ
2338 3374 2553 3428 τοῦτον
2574 3376 2606 3426 ὀ
2641 3374 2803 3438 Θεός.
2840 3369 3028 3424 Ταῦτα
3061 3369 3119 3421 δὲ
3136 3367 3323 3435 ἔλεγεν
3346 3366 3446 3437 ήδη
3471 3362 3812 3417 διασαλεύων

2226 3463 2304 3532 τῷ
2334 3454 2485 3531 φόϐῳ
2506 3463 2605 3531 τὴν
2630 3460 2807 3531 ψυχὴν
2833 3458 2925 3512 τοῦ
2957 3455 3409 3527 πεπορνευκότος.
3445 3452 3514 3505 El
3534 3468 3619 3517 τις
3646 3452 3813 3505 ἐποι-

2230 3553 2469 3623 κοδομεῖ
2498 3553 2596 3606 ἐπὶ
2622 3552 2731 3605 τὸν
2768 3549 3046 3618 θεμέλιον
3065 3547 3304 3608 τοῦτον,
3349 3542 3600 3611 χρυσὸν,
3628 3542 3814 3610 ἄργυ-

2224 3663 2358 3714 ρον,
2397 3646 2609 3709 λίθους
2662 3642 2894 3711 τιμίους
2919 3681 2934 3705 ,
2971 3639 3165 3703 ξύλα,
3204 3637 3441 3715 χόρτον,
3502 3634 3813 3705 καλάμην.

2230 3738 2386 3791 Μετά
2417 3737 2527 3807 γὰρ
2556 3736 2656 3806 τὴν
2686 3733 2869 3807 πίστιν
2905 3731 3193 3800 οἰκοδομῆς
3224 3727 3383 3799 χρεία
3407 3743 3421 3757 ·
3461 3727 3543 3780 διὸ
3585 3728 3681 3779 καὶ
3709 3726 3814 3778 ἀλ·-

2232 3828 2395 3902 λαχοῦ
2439 3844 2621 3899 φησιν·
2668 3822 3043 3891 Οίκοδομεῒτε
3074 3820 3391 3887 ἀλλήλους
3435 3818 3505 3870 ἐν
3541 3816 3665 3881 τοῖς
3707 3820 3817 3870 λό-

2234 3939 2359 3990 γοις
2383 3920 2630 3980 τούτοις.
2672 3916 2785 3969 Καὶ
2813 3916 2921 3984 γὰρ
2946 3913 3039 3966 καὶ
3068 3914 3095 3964 6
3117 3909 3367 3979 τεχνίτης
3389 3909 3481 3961 καὶ
3502 3910 3530 3960 ὁ
3564 3906 3818 3979 μαθητὴς

2236 4008 2679 4079 συνεισφέρουσιν
2706 4007 2763 4058 ἐν
2784 4006 2847 4075 τῇ
2878 4004 3136 4073 οἰκοδομῇ
3160 4019 3174 4032 ·
3216 4000 3297 4053 διὸ
3317 3999 3495 4069 λέγει·
3518 4000 3820 4066 Ἕκαστος

2235 4098 2304 4152 δὲ
2318 4096 2594 4162 βλεπέτω
2619 4094 2745 4158 πῶς
2765 4090 3085 4159 ἐποικοὸομ
3097 4089 3168 4145 εἷ.

2305 4196 2375 4258 γ’.
2395 4188 2459 4241 Εἰ
2480 4186 2535 4238 δὲ
2560 4185 2689 4256 περὶ
2721 4184 2955 4247 πίστεως
2974 4180 3148 4235 ταῦτα
3174 4179 3379 4251 είρητο,
3402 4178 3559 4247 λόγον
3581 4178 3679 4231 οὐκ
3700 4177 3819 4250 ἔχει

2237 4280 2298 4333 τὸ
2321 4277 2633 4348 λεγόμενον.
2674 4275 2761 4327 Ἔν
2788 4274 2894 4344 γὰρ
2928 4275 2999 4343 τῇ
3040 4271 3219 4323 πίστει
3254 4270 3401 4333 ἴσους
3435 4268 3643 4332 πάντας
3673 4265 3819 4323 εἶναι

2238 4368 2365 4440 χρὴ,
2397 4366 2583 4437 ἐπειδὴ
2617 4364 2715 4435 μία
2765 4364 2983 4425 πίστις·
3026 4363 3083 4413 ὲν
3110 4361 3165 4414 δὲ
3218 4361 3389 4430 ἀρετῇ
3430 4359 3546 4429 βίου
3603 4359 3704 4412 οὐκ
3733 4360 3822 4413 ἔνι

2242 4459 2449 4521 πάντας
2483 4456 2622 4510 εἶναι
2648 4456 2776 4519 τοὺς
2806 4452 3024 4515 αὐτούς.
3055 4453 3245 4515 Πίστις
3279 4452 3376 4522 μὲν
3407 4450 3516 4522 γὰρ
3544 4451 3643 4504 οὐκ
3668 4451 3823 4504 ἔστιν

2243 4554 2277 4621 ἡ
2309 4551 2409 4621 μὲν
2444 4552 2707 4614 ἐλάττων,
2747 4551 2779 4619 ἡ
2807 4549 2862 4601 δὲ
2898 4545 3147 4617 βελτίων,
3178 4546 3293 4598 ἀλλ’
3320 4549 3353 4615 ὴ
3407 4546 3545 4618 αὑτὴ
3598 4547 3826 4601 πάντων

2243 4642 2351 4695 τῶν
2380 4639 2599 4710 ἀληθῶς
2622 4638 2988 4692 πιστευόντων
3011 4654 3023 4666 ο
3049 4635 3138 4687 επ*
3163 4634 3217 4687 δὲ
3250 4633 3365 4703 βίου
3406 4635 3521 4688 ἔστι
3549 4637 3677 4698 τοὺς
3719 4636 3824 4706 μὲν

2247 4728 2695 4799 σπουδαιοτέρους
2716 4724 2879 4790 εἷναι,
2897 4726 3023 4788 τοὺς
3038 4725 3090 4777 δὲ
3118 4724 3253 4794 ῥᾳθυ
3263 4724 3391 4794 μοτέ
3400 4741 3524 4793 ρους
3546 4742 3558 4754 ·
3583 4727 3829 4790 καὶτοὺς

2249 4823 2347 4895 μὲν
2369 4818 2813 4891 ἀκριϐεστέρους,
2832 4816 2958 4879 τοὺς
2974 4815 3031 4869 δὲ
3060 4814 3518 4883 καταδεεστέρους
3540 4831 3553 4846 ·
3577 4816 3827 4882 καὶτοὺς

2234 4918 2347 4989 μὲν
2374 4915 2445 4969 τὰ
2484 4910 2675 4985 μείζω,
2704 4910 2828 4973 τοὺς
2852 4908 2908 4962 δὲ
2930 4908 2999 4961 τὰ
3016 4906 3223 4960 ἐλάττω
3249 4905 3703 4977 κατωρθωκέναι·
3727 4910 3830 4962 καὶ

2245 5006 2374 5069 τοὺς
2401 5003 2499 5076 μὲν
2522 4998 2906 5073 χαλεπώτερα,
2930 4998 3057 5060 τοὺς
3076 4996 3132 5049 δὲ
3156 4994 3560 5068 καταδεέστερα
3576 4994 3832 5066 πεπλημ-

2253 5095 2569 5171 μεληκέναι.
2607 5093 2706 5146 Διά
2731 5089 2888 5143 τοῦτο
2913 5084 3035 5141 εἷπε
3065 5084 3286 5158 χρυσὸν,
3317 5085 3559 5157 ἄργυρον
3578 5125 3594 5151 ,
3642 5085 3831 5151 λίθους

2248 5189 2484 5259 τιμίους,
2517 5183 2631 5259 [77]
2657 5182 2810 5249 ξύλα,
2836 5182 3049 5253 χόρτον,
3080 5179 3354 5251 καλάμην.
3416 5178 3711 5244 Ἐκάστρυ
3757 5180 3828 5235 τὸ

575 5278 698 5332 Ὅτι
737 5276 833 5347 μὲν
854 5269 948 5328 οὖν
971 5274 1294 5345 ἀθάνατοςή
1332 5271 1572 5336 κόλασις,
1601 5271 1666 5323 ὲκ
1701 5268 1810 5323 τῶν
1847 5269 2149 5340 εἰρημένων
2252 5282 2425 5350 ἔργον
2453 5276 2714 5351 φανερὸν
2731 5273 3071 5347 γενήσεται.
3095 5274 3207 5344 Τὴν
3232 5271 3431 5346 πρᾶξιν
3453 5273 3689 5327 ἐνταῦθά
3719 5291 3832 5345 φη-

576 5371 834 5429 ἁπάντων
859 5366 1049 5437 δῆλον·
1086 5366 1273 5438 ἐπειδὴ
1309 5366 1366 5420 δὲ
1403 5366 1553 5419 δοκεῖ
1582 5380 1695 5417 τισι
1717 5362 1779 5415 τὸ
1815 5360 1911 5417 τοῦ
1938 5362 2150 5415 Παύλου
2255 5388 2359 5425 σιν,
2394 5371 2467 5426 Et
2495 5388 2656 5435 τινος
2678 5368 2745 5422 τό
2773 5369 2953 5437 ἔργον
2970 5364 3160 5435 μενεῖ,
3194 5365 3225 5419 ὃ
3254 5363 3707 5433 ἐπῳκοδόμησε,
3733 5382 3834 5434 μι-

580 5463 731 5534 ῥῆμα
764 5457 1130 5520 ἀντιπίπτειν,
1156 5459 1288 5527 φέρε
1316 5457 1412 5514 καὶ
1443 5457 1573 5512 αὐτὸ
1599 5455 2006 5526 καταμάθωμεν
2027 5456 2155 5524 ἀγα-
2254 5462 2409 5516 agor
2441 5442 2703 5530 λήψεται
2723 5474 2736 5489 ο
2780 5458 2838 5514 ετ
2861 5475 3025 5525 τινος
3049 5456 3114 5511 τὸ
3147 5457 3327 5528 ἔργον
3356 5453 3833 5523 κατακαήσεται,

577 5554 763 5622 ἰ’όντες
799 5551 879 5614 εἰς
928 5545 1113 5619 μέσον-
1165 5548 1349 5602 Εἰπὼν
1381 5548 1511 5619 γὰρ,
1541 5547 1617 5604 Et
1651 5565 1817 5614 τινος
1862 5546 1930 5601 τὸ
1976 5546 2157 5617 ἔργον
2254 5550 2704 5626 ζημιωθήσεται.
2732 5550 2924 5604 Καίτοι
2954 5567 3017 5619 γε
3048 5551 3098 5602 εί
3131 5551 3259 5619 περὶ
3288 5544 3546 5618 μαθητῶν
3569 5545 3664 5597 καὶ
3690 5544 3837 5599 διδα-

578 5643 762 5715 μένει,
796 5635 1297 5708 ὃέπφκρδόμησε,
1336 5637 1451 5712 [76]
1472 5639 1695 5709 μισθὸν
1730 5638 1991 5708 λήψεται
2015 5655 2028 5669 ·
2057 5638 2153 5693 καί
2260 5641 2475 5695 σκὰλων
2501 5642 2563 5693 τὸ
2583 5641 2875 5711 λεγόμενον
2907 5637 2996 5713 ἦν,
3028 5639 3151 5694 οὔτε
3182 5634 3517 5709 ζημιοῦσθαι
3555 5634 3744 5705 ἐχρῆν,
3783 5638 3837 5690 ει

642 5742 657 5766 ⁸
684 5740 944 5807 ιεθεὺαιιιτ
982 5743 1030 5793 ἐν
1054 5745 1138 5807 μιᾷ
1160 5742 1300 5808 ῥοπῇ.
1384 5740 1413 5781 b
1438 5742 1611 5795 Deerat
1634 5742 1815 5803 ἐπειδή.
2264 5734 2340 5805 μὴ
2367 5722 2604 5804 ἤκουσαν
2625 5733 2675 5787 οἱ
2710 5731 2948 5805 μαθηταί
2993 5732 3089 5793 Διὰ
3114 5729 3218 5803 γάρ
3242 5726 3405 5783 τοῦτό
3437 5741 3622 5798 φησιν·
3661 5726 3838 5785 Ἕκα-
