4096 6326
172 364 246 421 -ιτ
1286 349 1351 405 lN
1389 347 1654 406 EPISTJ
1704 347 1793 403 an
1830 344 1983 403 con.
2029 351 2255 409 nosne
2300 356 2391 411 tx.
3378 367 3447 422 τε

175 492 371 537 stt-um.
394 477 643 549 Quinque
666 474 811 529 mille
834 470 958 527 anui
986 479 1041 525 et
1068 468 1246 540 plures
1272 467 1644 537 praeterierunt
1668 506 1683 531 ,
1709 473 1763 518 et

175 590 331 630 mors
357 572 594 627 nondum
626 570 800 624 soluta
842 567 977 631 fuit,
1026 574 1241 633 prOpter
1281 578 1444 616 unum
1487 568 1766 630 peccatum

176 667 419 722 inducta.
465 663 573 717 Nec
601 673 885 731 possumus
907 658 1084 711 dicere
1121 654 1379 709 Adamum
1412 653 1638 721 aliquem
1668 666 1768 704 au-

176 758 329 813 disse
361 756 677 826 prophetam
704 794 718 818 ,
750 753 835 805 vel
882 751 1053 819 ipsum
1104 747 1501 826 aliospropter
1550 752 1765 812 peccata

178 824 399 919 punitos
430 848 626 901 vidisse
651 888 664 909 ,
700 853 753 897 et
780 858 874 911 par
901 841 1063 894 fuisse
1092 848 1149 893 ut
1179 824 1299 892 inde
1328 837 1573 898 timeret,
1607 846 1768 904 atque

176 940 430 1006 exemplo
456 939 662 993 cautior
691 938 840 988 licret
869 950 881 985 :
919 933 1119 1001 primus
1149 931 1292 985 enim
1322 936 1437 983 erat
1482 936 1534 981 ct
1573 927 1719 980 solus
1748 966 1763 991 ,

179 1042 467 1101 tamenque
492 1028 832 1099 puniebatur.
853 1024 932 1078 Tn
961 1037 1091 1078 vero
1113 1022 1245 1075 nihil
1264 1021 1452 1074 horum
1475 1018 1768 1073 obtendere

176 1134 369 1195 potes,
399 1124 485 1193 qui
516 1131 635 1191 post
666 1129 742 1174 tot
768 1118 1012 1186 exempla
1052 1114 1288 1170 deterior
1327 1110 1498 1166 factus
1543 1125 1602 1164 es
1631 1152 1645 1176 ,
1678 1109 1765 1179 qui

179 1226 332 1269 tanto
360 1214 603 1283 dignatus
631 1226 689 1265 cs
718 1209 917 1279 Spiritu
944 1249 959 1274 ,
1002 1221 1063 1259 ac
1102 1220 1210 1259 non
1240 1218 1401 1257 unum
1428 1202 1510 1255 vel
1542 1200 1651 1255 duo
1682 1199 1767 1255 vel

177 1306 322 1369 tria,
372 1303 467 1358 sed
518 1303 795 1356 innumera
847 1307 1061 1369 peccata
1107 1294 1473 1351 accumulasti.
1512 1292 1589 1347 Ne
1626 1293 1765 1347 enim

176 1394 514 1457 consideres,
546 1391 688 1462 quod
716 1391 863 1445 brevi
892 1388 1146 1457 temporis
1184 1393 1458 1439 momento
1494 1392 1766 1453 peccatum

176 1486 533 1549 admittatur;
581 1498 756 1553 neque
800 1481 919 1536 ideo
947 1489 1099 1548 putes
1122 1478 1440 1548 supplicium
1475 1485 1768 1530 momenta-

178 1592 339 1630 neum
374 1576 606 1629 futurum
634 1586 776 1628 esse.
810 1572 1001 1625 Annon
1029 1569 1178 1624 vides
1206 1569 1449 1622 homines
1488 1569 1575 1636 qui
1624 1582 1767 1635 Sarpe

176 1684 274 1737 pro
304 1684 414 1722 uno
445 1668 585 1721 furto
609 1707 623 1729 ,
655 1664 918 1719 adulterio
961 1678 1067 1717 uno
1094 1704 1108 1728 ,
1140 1664 1193 1716 in
1220 1676 1433 1716 carcere
1455 1670 1509 1715 et
1537 1660 1767 1713 metallis

179 1771 350 1815 totam
377 1760 541 1813 vitam
569 1761 925 1828 insumpsere,
952 1770 1072 1809 cum
1100 1755 1239 1808 fame
1269 1764 1521 1823 perpetua
1548 1761 1600 1807 et
1624 1752 1767 1805 mille

176 1853 449 1907 mortibus
479 1848 888 1905 concertantes?
920 1864 982 1903 ac
1023 1862 1184 1903 nemo
1230 1847 1373 1916 ipsos
1412 1846 1644 1915 eripuit,
1677 1862 1768 1899 ne-

177 1960 285 2012 que
327 1943 503 2005 dixit,
550 1942 695 1996 brevi
738 1940 990 2007 temporis
1034 1948 1307 1991 momento
1338 1946 1616 2005 peccatum
1649 1951 1767 2004 pcr-

175 2046 357 2089 actum
390 2033 576 2097 fuisse,
610 2041 663 2085 et
692 2040 941 2100 oportere
970 2038 1023 2084 et
1050 2038 1325 2098 peccaturo
1370 2036 1425 2082 et
1450 2026 1768 2097 supplicium

175 2127 322 2197 paris
350 2142 473 2180 esse
502 2126 780 2193 temporis.

244 2221 299 2274 '2.
346 2221 438 2285 At,
470 2219 699 2287 inquies,
727 2217 972 2270 homines
999 2222 1141 2277 sunt,
1172 2215 1259 2284 qui
1288 2213 1405 2266 h:ec
1436 2212 1767 2277 admittunt;

174 2313 319 2367 Deus
368 2321 549 2364 autem
601 2309 861 2378 benignus
907 2322 1031 2376 erga
1083 2307 1329 2360 homines
1378 2312 1478 2359 est.
1533 2304 1767 2357 Primum

173 2406 378 2474 quippe
406 2418 474 2457 ne
503 2401 747 2455 homines
776 2399 989 2468 quidem
1021 2397 1136 2452 haec
1164 2396 1364 2450 faciunt
1393 2412 1455 2451 ex
1482 2395 1770 2451 crudelita-

176 2505 246 2557 te,
277 2493 371 2547 sed
403 2508 468 2546 ex
503 2491 862 2560 benignitate;
891 2499 944 2543 et
992 2490 1136 2543 Deus
1180 2487 1365 2552 etiam,
1397 2496 1453 2541 ut
1496 2497 1578 2541 est
1605 2487 1770 2539 homi-

174 2602 304 2639 num
332 2600 543 2652 amans,
569 2584 638 2637 ita
664 2583 822 2638 etiam
852 2590 1071 2653 peccata
1095 2580 1401 2634 ulciscitur:
1432 2594 1553 2631 nam
1580 2594 1772 2633 secun—

173 2678 304 2732 dum
338 2678 768 2732 misericordiam
819 2676 985 2745 ipsius
1015 2675 1183 2729 multa
1215 2682 1298 2729 est
1324 2673 1441 2742 ejus
1467 2672 1770 2741 redargutio

172 2780 229 2825 et
257 2770 409 2823 ultio.
442 2768 572 2823 Cum
602 2769 733 2822 dicis
764 2782 889 2837 ergo
916 2766 1083 2820 Deum
1127 2780 1247 2819 esse
1278 2764 1553 2818 hominum
1582 2778 1769 2817 aman-

176 2874 310 2929 tem,
343 2861 605 2930 majorem
636 2859 765 2914 mihi
797 2858 930 2913 dicis
955 2857 1201 2926 supplicii
1231 2855 1591 2917 occasionem,
1628 2852 1767 2923 quod

174 2956 228 3010 in
262 2971 389 3011 eum
418 2955 508 3022 qui
534 2954 654 3008 talis
684 2954 753 3007 sit
800 2966 1103 3022 peccemus.
1137 2950 1261 3004 Ideo
1288 2948 1502 3003 dicebat
1530 2946 1724 3002 Paulus
1754 2964 1767 3001 :

176 3046 515 3101 Horrendum
542 3056 615 3099 est
646 3045 867 3099 incidere
893 3044 946 3097 in
974 3060 1155 3097 manus
1199 3042 1294 3095 Dei
1333 3042 1540 3095 viventis
1582 3040 1767 3114 (Hebr.

175 3138 269 3193 10.
292 3136 408 3208 51).
444 3137 621 3202 Ferte,
674 3150 877 3206 quaaso,
910 3135 1121 3205 igneam
1152 3135 1257 3187 vim
1288 3133 1609 3197 verborum;
1646 3132 1768 3186 hinc

173 3230 407 3285 fortasse
436 3230 587 3284 vobis
609 3228 851 3299 quzcdam
874 3227 1174 3282 consolatio
1200 3227 1420 3281 orietur.
1456 3226 1586 3291 Quis
1610 3225 1768 3277 homo

171 3331 359 3391 potest
390 3322 459 3375 ita
494 3321 708 3389 punire,
742 3329 796 3375 ut
823 3319 1030 3388 punivit
1058 3319 1219 3384 Deus,
1252 3317 1341 3385 qui
1375 3316 1629 3369 diluvium
1665 3314 1766 3367 im-

173 3412 347 3473 misit,
382 3421 437 3465 et
467 3418 615 3465 tanto
644 3411 829 3479 generi
858 3409 1080 3463 exitium
1128 3408 1335 3470 intulit;
1370 3415 1423 3460 et
1455 3406 1614 3474 paulo
1651 3415 1768 3473 post

172 3516 392 3555 rursum
425 3500 563 3569 ignis
586 3499 819 3568 pluviam
850 3499 1089 3563 immisit,
1124 3508 1179 3552 et
1206 3512 1394 3551 omnes
1414 3496 1653 3551 funditus
1669 3496 1766 3550 de-

176 3592 345 3647 levit?
378 3608 497 3661 quze
530 3590 806 3645 hominum
860 3588 996 3643 ultio
1043 3598 1222 3658 potest
1267 3603 1387 3643 esse
1421 3588 1600 3642 tanta?
1651 3586 1767 3641 Non

176 3685 328 3738 vides
376 3686 481 3737 hoc
525 3682 843 3750 supplicium
888 3681 1192 3737 immortale
1232 3681 1342 3735 fere
1384 3682 1543 3735 esse?
1570 3680 1770 3745 Quater

178 3775 329 3830 mille
375 3773 501 3826 anni
547 3773 823 3838 efﬂuxere,
864 3782 926 3841 et
972 3770 1371 3826 Sodomitarum
1420 3772 1550 3825 ultio
1595 3771 1769 3826 adhuc

179 3869 322 3936 \‘igct
347 3874 403 3920 et
433 3874 636 3919 manet.
669 3862 1129 3935 Quemadmodum
1154 3864 1297 3917 enim
1324 3862 1625 3933 benignitas
1655 3863 1770 3931 ejus

179 3972 374 4027 magna
402 3966 513 4019 est,
554 3958 621 4010 ita
649 3966 702 4011 et
729 3955 1067 4026 supplicium.
1108 3954 1239 4009 Nam
1267 3954 1311 4008 si
1338 3969 1564 4009 onerosa
1593 3962 1646 4008 et
1671 3954 1770 4007 im-

178 4049 457 4120 possibilia
482 4048 755 4116 jussisset,
786 4054 967 4116 posset
994 4046 1220 4101 fortasse
1256 4046 1378 4115 quis
1421 4046 1596 4115 legum
1628 4043 1771 4098 difﬁ-

179 4142 437 4195 cultatem
468 4139 795 4194 obtendere:
823 4138 966 4207 quod
1008 4138 1053 4193 si
1081 4138 1370 4193 admodum
1417 4138 1610 4202 facilia,
1642 4136 1769 4207 quid

184 4231 458 4302 possimus
482 4229 660 4284 dicere
685 4229 786 4283 etsi
815 4229 1011 4283 nullam
1060 4229 1247 4283 horum
1297 4230 1557 4283 rationem
1606 4228 1774 4283 habe-

180 4323 341 4378 mus?
371 4321 628 4389 Jejunare
656 4338 762 4377 non
791 4330 966 4391 potes,
997 4337 1175 4391 neque
1206 4320 1565 4391 virginitatem
1592 4334 1771 4373 scrva-

182 4416 278 4472 re?
307 4415 470 4485 Atqui
502 4424 672 4484 potes,
704 4414 749 4468 si
777 4406 941 4480 velis;
972 4424 1027 4469 et
1052 4429 1149 4469 nos
1178 4422 1435 4468 accusant
1462 4414 1496 4468 ii
1523 4414 1613 4481 qui
1646 4428 1770 4482 pos-

181 4518 328 4564 sunt.
378 4510 628 4562 Attamen
660 4507 800 4561 Deus
844 4516 988 4562 tanta
1034 4524 1157 4579 erga
1202 4522 1300 4562 nos
1327 4509 1614 4564 severitate
1645 4524 1771 4564 usus

182 4617 292 4657 non
326 4610 430 4664 est,
466 4614 638 4665 neque
665 4598 973 4668 liwcjussit,
1008 4615 1181 4669 neque
1210 4600 1371 4653 hasce
1388 4600 1533 4669 leges
1567 4599 1770 4667 posuit,

184 4690 275 4747 sed
323 4689 441 4743 haec
486 4688 788 4741 auditorum
838 4689 1098 4741 voluntati
1146 4698 1201 4742 et
1247 4688 1471 4742 arbitrio
1515 4689 1767 4758 reliquit:

182 4792 364 4838 castus
393 4781 448 4834 in
475 4778 740 4833 connubio
762 4794 881 4833 esse
910 4788 1080 4848 potes,
1100 4793 1163 4832 ac
1191 4793 1353 4847 penes
1376 4788 1425 4833 te
1447 4788 1530 4834 est
1559 4794 1665 4834 non
1691 4782 1772 4835 in-

180 4872 400 4931 ebriari.
417 4870 680 4925 Pecunias
700 4884 885 4924 omnes
902 4867 1229 4939 profundere
1246 4884 1350 4924 non
1376 4880 1529 4940 potes
1544 4872 1567 4924 ?
1584 4870 1771 4938 Quam-

181 4979 344 5036 quam
376 4970 551 5033 poles,
586 4970 640 5017 et
665 4961 954 5017 ostendunt
983 4962 1015 5015 ii
1034 4961 1123 5030 qui
1143 4962 1243 5015 hoc
1269 4960 1493 5017 faciunt.
1521 4964 1770 5019 Attamen

182 5060 270 5114 ille
301 5073 411 5112 non
442 5057 543 5113 hoc
568 5057 847 5128 prmcepit,
894 5055 991 5112 sed
1025 5055 1186 5127 jussit
1226 5070 1334 5111 non
1376 5073 1588 5129 rapere,
1624 5066 1677 5115 et
1703 5073 1768 5112 ex

181 5149 530 5206 facultatibus
559 5150 744 5220 egenis
768 5162 1011 5219 erogare.
1043 5147 1251 5225 Siquis
1280 5157 1457 5203 autem
1488 5148 1680 5203 dixerit
1711 5161 1772 5203 se

185 5259 289 5300 non
313 5256 489 5297 uxore
519 5251 831 5296 contentum
861 5255 984 5297 esse
1008 5254 1185 5309 posse,
1216 5238 1453 5308 seipsnm
1490 5239 1689 5308 decipit
1717 5245 1773 5293 et

185 5337 338 5400 fallit,
373 5342 433 5387 ut
457 5341 690 5403 arguunt
712 5334 748 5387 ii
783 5333 874 5403 qui
898 5334 1017 5388 sine
1047 5346 1213 5386 uxore
1254 5331 1597 5386 continentes
1622 5339 1766 5386 sunt.

187 5427 322 5498 Quid
356 5440 511 5490 vero,
554 5424 642 5478 dic
683 5438 888 5493 quaeso,
922 5439 1027 5479 non
1069 5433 1221 5495 potes
1263 5436 1368 5476 non
1417 5421 1675 5477 conviciis
1720 5430 1774 5477 ct

189 5519 493 5575 maledictis
519 5514 812 5587 impetere?
838 5516 997 5585 Atqui
1029 5516 1130 5571 hoc
1159 5514 1335 5570 facere
1362 5528 1648 5568 onerosum
1668 5524 1770 5582 est,

190 5630 297 5669 non
324 5622 505 5669 autem
540 5627 647 5667 non
679 5608 874 5663 facere.
907 5608 1077 5673 Quam
1105 5623 1233 5679 ergo
1263 5605 1522 5661 habemus
1549 5622 1773 5661 excusa-

191 5705 418 5771 tionem,
445 5705 534 5777 qui
562 5712 671 5759 tam
706 5701 842 5757 levia
872 5709 927 5757 ct
950 5699 1120 5755 facilia
1170 5716 1277 5756 non
1327 5699 1637 5755 servemus?
1663 5698 1772 5754 Nos

188 5796 427 5869 aliquam
471 5796 676 5854 habere
702 5793 807 5852 dici
836 5791 1037 5867 nequit.
1071 5791 1226 5863 Quod
1273 5807 1402 5865 ergo
1452 5791 1773 5849 immortalis

1872 466 1935 518 sit
1973 466 2123 535 ultio,
2153 486 2216 525 ex
2253 471 2409 527 dictis
2430 472 2600 542 palam
2632 484 2748 531 est:
2774 478 2896 547 quia
2923 493 3054 534 vero
3076 480 3221 534 Pauli
3244 481 3443 538 dictum

1870 559 2081 616 videtur
2101 565 2365 619 nonnullis
2390 565 2680 634 adversari,
2706 584 2801 639 age
2825 570 2926 625 hoc
2948 574 3119 640 ipsum
3145 574 3195 627 in
3214 574 3447 629 medium

1870 652 2155 708 adductum
2202 658 2553 712 excutiamus.
2603 659 2735 714 Cum
2783 662 3026 726 dixisset,
3078 664 3137 718 Si
3182 666 3452 735 cujusdam

1870 759 1996 812 Opus
2024 748 2282 809 :1anserit,
2308 749 2442 817 quod
2461 750 2955 818 superrediﬁcaverit,
2995 755 3270 809 mercedem
3308 760 3447 809 acci-

1872 835 1971 902 piet
1985 853 2003 899 ;
2027 835 2137 888 etsi
2161 838 2430 905 cujusdam
2458 856 2583 908 opus
2603 842 2801 907 arserit,
2828 842 3178 896 detrimentum
3203 848 3449 912 patietur;

1870 925 2145 993 subjunxit
2172 946 2185 981 :
2218 926 2339 997 Ipse
2368 939 2537 982 autem
2568 929 2737 985 salvus
2764 934 2879 998 erit,
2909 935 2981 987 sic
3000 944 3163 989 tamen
3187 939 3330 1001 quasi
3362 954 3451 1005 per

1869 1016 2054 1085 ignem.
2108 1018 2242 1083 Quid
2286 1035 2417 1088 ergo
2460 1022 2525 1074 ad
2576 1022 2681 1077 hoc
2725 1024 2998 1078 dicemus?
3039 1028 3449 1083 Consideremus

1870 1107 2043 1177 primo
2066 1110 2191 1178 quid
2225 1111 2295 1164 sit
2321 1112 2745 1180 fundamentum,
2774 1118 2913 1185 quod
2941 1119 3010 1171 sit
3032 1133 3241 1184 aurum,
3281 1129 3336 1175 et
3361 1123 3450 1191 qui

1872 1200 2074 1269 lapides
2106 1205 2345 1272 pretiosi,
2380 1207 2521 1275 quod
2566 1208 2787 1276 frenum,
2821 1227 2939 1279 qum
2989 1214 3207 1280 stipula.
3240 1212 3453 1269 Funda-

1873 1304 2109 1347 mentum
2130 1296 2342 1363 quidem
2364 1298 2479 1367 ipse
2500 1300 2692 1356 Paulus
2712 1301 2999 1357 declaravit
3018 1305 3286 1360 Christum
3307 1324 3449 1375 esse,

1871 1385 2089 1441 dicens:
2120 1387 2531 1443 Fundamentum
2562 1395 2693 1446 enim
2724 1396 2863 1448 aliud
2894 1413 3035 1450 nemo
3058 1414 3240 1467 ponere
3266 1413 3448 1469 potest,

1871 1486 2053 1545 printer
2079 1479 2263 1547 ipsum,
2296 1482 2433 1551 quod
2456 1494 2527 1537 est
2555 1487 2791 1553 positum,
2830 1489 3017 1557 inquit,
3050 1492 3185 1559 quod
3212 1504 3282 1545 est
3306 1493 3454 1546 Clui-

1869 1578 1976 1621 stns
1995 1570 2165 1624 Jesus.
2190 1572 2493 1628 Aﬂditicium
2515 1586 2692 1631 autem
2723 1580 2851 1633 mihi
2882 1582 3127 1636 videntur
3142 1599 3261 1637 esse
3286 1588 3453 1640 actio-

1870 1674 1984 1712 nes.
2022 1663 2179 1728 Atqui
2226 1664 2411 1718 dicunt
2462 1668 2701 1735 quidam,
2748 1670 2848 1725 hoc
2898 1673 3071 1740 ipsum
3102 1674 3301 1728 dictum
3332 1692 3455 1732 esse

1868 1750 1933 1804 de
1955 1751 2264 1806 doctoribus
2293 1764 2343 1807 et
2371 1756 2436 1810 de
2462 1758 2738 1827 discipulis
2770 1777 2831 1815 ac
2860 1762 2927 1817 de
2948 1769 3212 1833 corruptis
3238 1770 3453 1823 hmresi-

1870 1842 1987 1895 bus.
2024 1844 2127 1898 Sed
2160 1845 2260 1899 hoc
2290 1848 2457 1902 series
2501 1866 2605 1903 non
2651 1851 2905 1905 admittit.
2936 1855 3071 1908 Nam
3127 1859 3170 1911 si
3216 1860 3316 1913 hoc
3346 1872 3453 1928 est,

1870 1934 2138 2001 quomodo
2169 1950 2303 2003 opus
2350 1939 2563 2006 quidem
2616 1942 2780 2015 perit;
2826 1944 2913 2011 qui
2963 1954 3138 2000 autem
3189 1949 3450 2017 aediﬁcat,

1871 2025 2048 2078 salvus
2066 2027 2169 2079 erit
2196 2028 2275 2081 vel
2303 2044 2395 2097 per
2415 2030 2629 2099 ignem?
2652 2042 2928 2088 auctorem
2958 2037 3100 2089 enim
3133 2041 3300 2109 magis
3328 2058 3453 2109 pcr-

1872 2117 1950 2171 ire
1995 2130 2469 2187 oporteretznunc
2513 2134 2691 2178 autem
2737 2126 2967 2193 majores
3012 2142 3197 2196 poenas
3239 2132 3455 2188 dedisse

1873 2210 2172 2265 invenietur
2200 2215 2262 2276 is,
2309 2216 2397 2283 qui
2427 2216 2722 2271 :edilicatus
2750 2229 2851 2273 est.
2888 2220 3017 2275 Nam
3062 2225 3105 2275 si
3151 2224 3337 2279 doctor
3364 2244 3453 2281 au-

1871 2312 1986 2355 ctor
2014 2302 2109 2356 fuit
2151 2305 2296 2368 mali,
2330 2306 2523 2376 dignus
2566 2317 2647 2362 est
2679 2311 2766 2378 qui
2800 2312 3031 2379 majores
3074 2315 3183 2369 luat
3232 2334 3452 2386 positas:

1871 2395 2142 2462 quomodo
2174 2412 2301 2467 ergo
2330 2399 2509 2453 salvus
2540 2400 2683 2455 erit?
2705 2400 2761 2456 Si
2789 2415 2973 2456 auctor
2999 2420 3102 2458 non
3127 2417 3230 2470 est,
3263 2410 3355 2462 sed
3378 2411 3451 2462 dic

1870 2485 2063 2552 scipnli
2096 2500 2192 2553 per
2221 2502 2370 2541 suam
2420 2492 2825 2557 perversitatem
2857 2494 2989 2547 tales
3020 2494 3141 2548 facti
3170 2506 3314 2561 sunt,
3350 2516 3453 2553 non

1871 2575 2062 2643 dignus
2090 2585 2171 2630 est
2198 2577 2242 2630 is
2268 2579 2356 2645 qui
2381 2588 2526 2633 recte
2557 2581 2859 2647 aedificavit,
2891 2587 2978 2653 qui
3012 2586 3120 2639 luat
3161 2603 3343 2655 lim-nas
3374 2592 3456 2644 vel

1872 2665 2125 2720 damnum
2158 2670 2363 2723 subeat.
2412 2670 2692 2737 Quomodo
2733 2688 2862 2743 ergo
2901 2675 3052 2738 dicit,
3088 2677 3457 2733 Detrimentum

1873 2760 2130 2828 patietur?
2157 2761 2308 2817 Unde
2339 2764 2511 2831 palam
2540 2775 2641 2829 eSt,
2692 2766 2778 2818 hic
2821 2766 2886 2820 de
2931 2768 3140 2822 actibus
3170 2772 3274 2839 agi.
3322 2772 3455 2839 Quia

1870 2853 2013 2905 enim
2065 2852 2445 2909 foruicatorem
2479 2855 2732 2925 deinceps
2775 2873 3125 2927 aggressurus
3165 2871 3265 2928 est,
3301 2864 3457 2934 longe

1871 2952 2025 2995 antea
2053 2944 2373 3013 principium
2405 2950 2572 3014 ponit.
2608 2948 2755 3000 Solet
2782 2949 2929 3003 enim
2970 2952 3036 3005 de
3064 2953 3165 3006 alia
3196 2970 3254 3008 re
3278 2954 3455 3010 dictu-

1872 3050 1986 3100 rus,
2016 3035 2067 3089 in
2098 3034 2209 3103 ipsa
2246 3035 2312 3090 de
2343 3036 2449 3089 alio
2476 3036 2837 3105 disputatione
2860 3040 3005 3092 aliud
3046 3044 3375 3109 prtemittere
3404 3056 3458 3101 et

1872 3128 2118 3195 probare,
2139 3143 2245 3197 quo
2268 3138 2452 3197 postca
2478 3138 2729 3182 venturus
2748 3139 2849 3183 est.
2875 3130 3005 3184 Nam
3029 3133 3449 3202 reprehendens,

1869 3218 2011 3287 quod
2042 3218 2092 3270 in
2122 3219 2360 3286 prandiis
2387 3220 2473 3271 alii
2501 3220 2636 3273 alios
2666 3236 2770 3274 non
2812 3233 3208 3291 exspectarent,
3239 3225 3305 3280 de
3338 3242 3455 3297 my-

1870 3308 2048 3362 steriis
2076 3323 2378 3364 sermonem
2408 3310 2701 3377 apparavit.
2729 3310 2859 3376 Quia
2887 3322 3062 3364 autem
3094 3329 3234 3367 nunc
3255 3316 3319 3369 ad
3343 3316 3455 3370 for-

1872 3402 2161 3455 nicatorem
2184 3400 2416 3465 festinat,
2437 3401 2502 3454 de
2523 3401 2863 3456 fundamento
2887 3404 3134 3473 loquutus
3160 3408 3455 3475 subjunxit:

1874 3492 1959 3547 16.
1988 3492 2206 3545 Nescitis
2230 3494 2365 3559 quod
2389 3492 2634 3561 templum
2657 3493 2751 3547 Dei
2770 3496 2908 3559 estis,
2934 3505 2979 3548 et
3002 3496 3227 3566 Spiritus
3250 3498 3346 3551 Dei
3363 3500 3459 3553 Ita-

1871 3583 1993 3635 bitat
2024 3584 2076 3635 in
2099 3585 2269 3636 vobis?
2296 3584 2355 3638 Si
2382 3585 2494 3653 quis
2522 3585 2763 3653 templum
2779 3584 2870 3638 Dei
2894 3586 3173 3655 violaverit,
3198 3588 3453 3657 disperde!

1871 3675 2016 3727 illum
2047 3673 2201 3727 Deus.
2238 3674 2361 3729 lla‘c
2391 3685 2567 3728 autem
2596 3675 2827 3743 dicebat,
2856 3677 2966 3745 jam
3000 3689 3140 3732 metu
3179 3681 3455 3748 exagitans

1872 3775 2105 3820 mentem
2132 3766 2247 3833 ejus
2270 3766 2359 3835 qui
2389 3766 2679 3819 fornicatus
2732 3765 2926 3820 fuerat.
2959 3768 3021 3821 Si
3041 3770 3150 3837 quis
3178 3771 3457 3839 superadi-

1872 3860 2157 3927 ﬁcatsupcr
2181 3858 2566 3929 fundamentum
2583 3857 2698 3920 hoc,
2723 3874 2925 3925 aurum,
2947 3870 3232 3929 argentum,
3258 3862 3457 3932 lapides

1872 3954 2136 4022 pretiosos,
2181 3951 2341 4020 ligna,
2390 3949 2601 4020 frenum,
2649 3951 2912 4018 stipulam.
2956 3950 3081 4005 Post
3110 3951 3265 4007 fidem
3311 3955 3455 4010 enim

1872 4045 2223 4100 aedificatione
2278 4054 2360 4097 est
2408 4058 2589 4112 opus:
2637 4053 2690 4097 et
2742 4044 2863 4098 ideo
2919 4045 3044 4099 alibi
3090 4046 3218 4100 dicit
3252 4066 3265 4100 :
3298 4047 3457 4101 Edi-

1873 4138 2022 4203 ﬁcate
2046 4152 2131 4189 vos
2161 4137 2372 4187 invicem
2398 4135 2451 4187 in
2478 4135 2557 4187 Itis
2587 4136 2900 4189 sennonibus
2926 4136 3002 4205 (Ι.
3045 4135 3220 4191 Thess.
3250 4138 3302 4190 5.
3337 4136 3451 4207 Η).

1873 4227 2083 4281 Etenim
2114 4224 2327 4291 artifex,
2351 4234 2404 4279 et
2435 4226 2730 4293 discipulus
2753 4226 2912 4279 simul
2939 4227 3218 4280 conferunt
3244 4225 3293 4279 in
3316 4227 3452 4281 tedi-

1873 4319 2205 4373 ficationem:
2233 4317 2457 4387 ideoque
2486 4316 2645 4371 dicit:
2680 4314 3033 4386 Unusquisque
3077 4328 3244 4371 autem
3289 4320 3454 4375 videat

1871 4409 2118 4480 quomodo
2139 4409 2528 4480 supercediﬁcet.

1944 4505 1995 4559 5.
2038 4502 2091 4558 Si
2121 4502 2234 4557 hcce
2262 4516 2437 4557 autem
2465 4503 2605 4557 dicta
2631 4503 2739 4557 sint
2762 4502 2828 4556 de
2860 4502 2986 4570 fide,
3020 4518 3126 4560 non
3159 4514 3240 4559 est
3259 4506 3455 4561 rationi

1872 4603 2290 4649 consentaneum
2318 4593 2459 4663 quod
2479 4593 2692 4647 dicitur.
2725 4592 2783 4646 ln
2825 4591 2930 4647 fide
2975 4610 3207 4664 namque
3244 4608 3454 4664 oportet

1874 4700 2061 4742 omnes
2083 4701 2202 4741 esse
2234 4701 2414 4757 pares,
2455 4684 2708 4753 quoniam
2738 4699 2841 4738 una
2872 4694 2955 4741 est
2981 4686 3226 4746 ﬁdeszin
3256 4687 3453 4742 virtuto

1874 4790 2053 4834 autem
2098 4779 2222 4833 vita:
2266 4792 2371 4833 non
2419 4786 2644 4846 possunt
2687 4792 2877 4833 omnes
2918 4778 3257 4849 esseiidem.
3295 4778 3455 4836 Fides

1874 4872 2013 4927 enim
2040 4885 2144 4924 non
2175 4879 2256 4925 est
2284 4870 2385 4924 alia
2414 4869 2613 4935 minor,
2645 4871 2745 4925 alia
2766 4870 3120 4939 praestantior,
3144 4870 3239 4926 sed
3264 4872 3451 4928 eadem

1873 4973 1955 5017 est
1976 4962 2213 5017 omnium
2258 4978 2387 5018 vere
2416 4962 2767 5018 credentium.
2796 4961 2865 5014 At
2889 4960 2940 5015 iu
2974 4961 3079 5016 vita
3114 4974 3337 5032 possunt
3364 4963 3453 5017 alii

1872 5055 2087 5125 quidem
2114 5071 2235 5111 esse
2261 5056 2632 5119 studiosiores,
2656 5053 2744 5107 alii
2774 5053 3147 5120 socordiores;
3174 5055 3263 5110 alii
3288 5070 3452 5110 accu-

1873 5148 2122 5217 ratiores,
2146 5148 2196 5203 al
2222 5149 2234 5201 i
2258 5146 2571 5212 inferiores;
2594 5145 2681 5199 alii
2705 5144 2931 5216 majora,
2963 5146 3051 5200 alii
3078 5146 3282 5200 minora
3306 5156 3455 5203 recte

1874 5254 2066 5312 agere;
2114 5248 2168 5295 et
2205 5240 2293 5293 alii
2338 5237 2572 5306 gravius,
2613 5236 2703 5291 alii
2733 5237 2912 5292 minus
2952 5238 3282 5307 delinquere.
3318 5238 3453 5293 Pro-

1874 5342 2056 5404 pterea
2084 5330 2220 5386 dixit
2244 5344 2456 5391 aurum.
2494 5338 2795 5399 argentum,
2836 5326 3041 5398 lapides
3066 5330 3352 5399 pretiosos,
3385 5330 3452 5383 li-

1874 5440 1996 5495 gna,
2017 5422 2239 5488 foenum,
2263 5420 2535 5490 stipulam.
2560 5418 2969 5488 Uniuscujusque
2983 5434 3111 5489 opus
3129 5420 3455 5488 manifestum

1875 5518 1986 5570 erit.
2013 5513 2110 5569 Hic
2136 5512 2205 5567 de
2230 5512 2441 5566 actione
2483 5512 2737 5581 loquitur.
2781 5510 2843 5565 Si
2866 5512 3012 5582 cujus
3040 5527 3169 5580 opus
3191 5510 3453 5576 manserit,

1874 5606 2008 5677 quod
2027 5603 2522 5675 superaedi/icaverit,
2545 5601 2819 5656 mercedem
2838 5602 3081 5671 accipiet;
3101 5601 3144 5655 si
3164 5600 3311 5669 cujus
3326 5615 3454 5669 opus

1876 5700 2076 5762 arserit,
2111 5697 2462 5751 detrimentum
2485 5696 2717 5763 accipiet.
2746 5694 2904 5764 Atqui
2927 5693 2971 5748 si
2999 5693 3067 5747 de
3096 5691 3370 5761 discipulis
3397 5700 3455 5748 et

1876 5788 2186 5848 ductoribus
2211 5787 2262 5847 id
2289 5786 2577 5854 diceretur,
2610 5799 2715 5841 non
2746 5784 3070 5856 oportuisset
3088 5782 3333 5846 doctores
3353 5780 3450 5839 de-
