4096 6326
591 312 665 369 79
1331 298 1389 354 S.
1424 293 1704 353 JOANNIS
1738 287 2211 348 CIIRYSOS’I‘OHI
2248 285 2565 343 ARCHIEP.
2604 286 3132 344 CONSTANTINOP.
3814 287 3887 346 80

592 429 908 483 trlmontum
941 418 1203 487 recipere,
1236 414 1282 469 si
1310 428 1415 467 non
1450 409 1729 465 audissent
1753 404 2026 476 discipuli.
2056 401 2185 458 Ideo

592 519 701 573 ait:
723 513 1079 583 Unusquisque
1097 506 1357 578 propriam
1378 502 1658 556 mercedem
1673 498 1887 560 accipiet
1909 494 2186 551 secundum

594 609 863 681 proprium
902 602 1162 666 laborem;
1193 612 1301 652 non
1327 592 1624 651 secundum
1655 591 1841 656 ﬁnem,
1866 587 1961 643 sed
1989 601 2185 642 secun-

595 677 726 755 dum
758 697 1018 753 laborem.
1048 690 1189 760 Quid
1209 690 1377 753 enim,
1406 686 1454 740 si
1484 699 1590 739 non
1619 680 1949 739 attenderint
1972 677 2185 732 audito-

595 792 722 848 res?
761 789 1098 858 Quapropter
1125 783 1251 837 hinc
1296 778 1558 851 liquidum
1598 786 1683 831 est
1722 775 1811 830 hic
1835 773 1905 829 de
1932 771 2188 842 aperibus

594 884 700 954 agi.
731 883 787 937 Id
811 889 990 936 autem
1022 876 1138 929 vult
1165 872 1505 943 significare:
1535 870 1583 923 si
1609 869 1729 937 quis
1756 880 1879 921 cum
1911 874 2056 919 recta
2080 860 2187 916 ﬁdo

596 975 794 1030 malam
836 974 1003 1026 vitam
1035 978 1178 1039 agat,
1223 965 1349 1020 huic
1378 978 1485 1017 non
1532 960 1774 1031 proderit
1818 957 1952 1013 ﬁdes
1981 964 2041 1011 ut
2076 970 2184 1009 non

594 1065 867 1134 puniatur,
901 1060 1125 1116 ardente
1154 1071 1340 1127 opere.
1366 1053 1499 1109 Illud
1524 1060 1727 1118 autem,
1756 1049 1973 1113 Arserit,
1999 1046 2050 1102 id
2079 1054 2182 1112 est,

597 1174 706 1211 non
731 1156 912 1211 tulerit
934 1155 1043 1207 vim
1076 1151 1233 1222 ignis.
1264 1148 1371 1204 Sed
1400 1156 1461 1202 ut
1484 1146 1529 1200 si
1558 1145 1680 1217 quis
1704 1159 1854 1198 arma
1893 1154 2059 1196 aurea
2091 1138 2187 1193 ha-

598 1250 733 1305 bens
783 1245 1003 1302 ﬂuvium
1076 1245 1289 1313 igneum
1353 1239 1619 1309 trajiciat,
1678 1235 1857 1291 alacer
1903 1231 2181 1295 transibit;

596 1340 642 1393 si
669 1348 847 1394 autem
868 1336 1068 1391 faenum
1090 1332 1297 1389 habens
1324 1337 1583 1395 transeat,
1604 1342 1712 1382 non
1734 1325 1896 1380 modo
1915 1323 2046 1378 nihil
2065 1337 2188 1392 pro-

600 1430 727 1492 ﬁcit,
751 1426 844 1483 sed
865 1427 1027 1482 etiam
1048 1425 1284 1492 seipsum
1311 1418 1521 1490 perdit:
1545 1419 1617 1472 ita
1646 1425 1729 1471 est
1756 1424 1813 1470 et
1833 1415 1887 1468 in
1909 1412 2183 1483 opcribus.

596 1522 714 1576 Non
734 1521 877 1574 enim
904 1518 992 1573 hic
1016 1515 1251 1585 loquitur
1270 1513 1425 1583 quasi
1446 1510 1515 1565 de
1540 1506 1787 1580 personis
1808 1520 1934 1560 vere
1958 1503 2182 1566 adustis,

595 1613 691 1668 sed
722 1611 897 1681 potius
928 1617 987 1663 ut
1032 1616 1234 1661 metum
1268 1601 1514 1664 incutiat,
1547 1597 1902 1665 ostendatque
1940 1609 2062 1649 eum
2094 1592 2185 1662 qui

598 1706 654 1759 iu
686 1700 919 1771 nequitia
947 1698 1080 1752 vivit
1109 1694 1308 1749 nudum
1338 1690 1589 1762 pratsidio
1627 1696 1683 1743 et
1711 1686 2002 1742 securitate
2027 1696 2186 1738 esse:

596 1800 928 1865 quaprOpter
948 1789 1042 1852 ait,
1068 1786 1432 1841 Detrimentum
1454 1782 1692 1851 patietur.
1719 1779 1856 1833 Ecce
1878 1790 2041 1832 unum
2062 1788 2189 1843 sup-

598 1888 837 1960 plicium.
887 1881 1009 1953 Ipse
1055 1890 1224 1934 autem
1264 1876 1436 1930 saluus
1479 1873 1595 1938 erit,
1627 1873 1700 1925 sic
1739 1880 1904 1943 tamen
1929 1866 2073 1936 quasi
2098 1881 2188 1934 per

595 1955 784 2050 ignem.
827 1974 968 2029 Ecce
998 1967 1316 2026 secundum.
1348 1964 1462 2018 Hoc
1487 1970 1666 2016 autem
1692 1958 1809 2013 vult
1846 1955 2182 2027 signiﬁcare:

596 2046 704 2125 non
733 2068 811 2122 sic
835 2065 929 2120 ille
957 2059 1155 2132 peribit
1194 2065 1255 2112 ut
1295 2068 1483 2123 opera,
1514 2051 1582 2108 ad
1625 2048 1851 2105 nihilum
1900 2046 2183 2110 redactus;

596 2160 693 2215 sed
718 2155 960 2212 manebit
986 2152 1039 2206 in
1067 2152 1209 2222 igne.
1251 2145 1491 2202 Salutem
1529 2143 1709 2213 itaque
1753 2140 1892 2194 hanc
1923 2152 2038 2192 rem
2085 2148 2187 2191 ωε

595 2262 704 2317 cat,
735 2248 829 2305 sed
860 2262 968 2302 non
1014 2240 1370 2312 simpliciter;
1424 2235 1622 2306 adjecit
1668 2234 1835 2301 enim,
1884 2231 2045 2300 Quasi
2098 2246 2187 2299 per

594 2345 783 2417 ignem.
809 2340 942 2395 Nam
974 2352 1076 2393 nos
1104 2336 1320 2405 quoque
1349 2330 1593 2389 solemus
1616 2326 1821 2392 dicere,
1851 2324 1905 2378 In
1928 2323 2050 2394 igne
2073 2319 2183 2376 sal-

593 2413 694 2489 uus
723 2442 827 2499 est,
857 2431 929 2486 de
966 2429 1034 2484 iis
1072 2441 1193 2497 qua:
1220 2438 1329 2478 non
1366 2421 1760 2477 comburuntur
1783 2432 1885 2471 nec
1908 2416 2090 2476 statim
2130 2413 2185 2467 in

594 2527 834 2580 cinerem
863 2523 1082 2575 abeunt.
1124 2514 1204 2571 Ne
1246 2528 1378 2584 ergo
1408 2511 1530 2583 quia
1571 2511 1747 2581 ignem
1778 2506 1997 2571 audiSti,
2032 2512 2187 2575 putes

593 2630 710 2678 eos,
739 2613 830 2683 qui
849 2610 1263 2673 comburuntur,
1292 2605 1345 2659 in
1378 2602 1605 2658 nihilum
1633 2599 1826 2669 redigi.
1849 2597 1909 2652 Si
1930 2610 2061 2650 vero
2081 2593 2187 2649 tale

594 2706 917 2778 supplicium
971 2702 1199 2757 salutem
1249 2706 1428 2761 vocet,
1458 2709 1529 2748 ne
1558 2692 1771 2747 mireris
1806 2708 1820 2744 :
1862 2689 2000 2744 solet
2041 2687 2185 2743 enim

594 2800 755 2854 etiam
788 2797 840 2849 in
871 2796 938 2848 iis
966 2807 1087 2862 qua:
1103 2790 1245 2844 male
1267 2793 1465 2841 sonant
1490 2782 1730 2853 pulchris
1757 2780 1831 2834 uti
1856 2778 2183 2844 nominibus,

592 2900 652 2945 et
681 2889 735 2942 in
768 2884 949 2947 bonis,
970 2879 1281 2937 contrariis.
1308 2876 1472 2932 Verbi
1501 2874 1693 2945 gratia,
1725 2870 2053 2940 captivitatis
2082 2882 2185 2922 no-

595 2999 721 3040 men
763 2979 920 3035 mala:
949 2975 1029 3032 rei
1071 2988 1269 3030 nomen
1311 2986 1434 3026 esse
1463 2969 1707 3030 videtur;
1737 2965 1835 3020 sed
1860 2966 1913 3018 in
1943 2978 2005 3017 re
2044 2963 2186 3016 bona

594 3082 689 3135 illo
710 3094 839 3134 usus
859 3086 942 3132 est
972 3073 1191 3135 Paulus,
1237 3070 1461 3123 dicens:
1501 3063 1569 3118 In
1606 3062 1945 3131 captivitatem
1984 3066 2187 3128 agmttes

593 3185 796 3225 omnem
821 3162 1209 3234 intelligentiam
1237 3158 1307 3212 ad
1335 3156 1668 3211 obedientiam
1709 3151 1895 3207 Christi
1928 3150 2007 3220 (2.
2063 3148 2184 3203 Cor.

597 3260 686 3316 10.
718 3258 796 3329 5).
827 3257 895 3312 Et
922 3257 976 3310 in
1003 3268 1063 3309 re
1090 3251 1227 3306 mala
1259 3249 1395 3303 bene
1423 3255 1653 3302 sonante
1686 3243 1906 3299 nomine
1930 3254 2059 3295 usus
2079 3247 2185 3305 est,

596 3352 805 3415 dicens,
837 3346 1083 3418 Regnavit
1106 3352 1369 3415 peccatum
1400 3338 1575 3408 (Rom.
1607 3336 1663 3391 5.
1703 3334 1833 3404 2!):
1865 3345 2188 3403 quamquam

598 3455 799 3495 nomen
831 3439 982 3507 regni
1012 3434 1191 3504 potius
1215 3432 1353 3486 bene
1379 3436 1555 3485 sonet.
1585 3427 1677 3483 Sic
1705 3434 1762 3481 et
1791 3425 1895 3479 hoc
1924 3425 2045 3479 loco
2064 3435 2188 3476 cum

599 3532 752 3597 dicit,
781 3528 968 3584 Salvus
997 3526 1113 3591 erit,
1144 3523 1275 3577 nihil
1306 3519 1451 3574 aliud
1481 3533 1641 3589 quam
1668 3524 2012 3586 augmentum
2056 3528 2187 3582 sup-

597 3624 749 3695 plicii
778 3617 1168 3680 subindicavit;
1197 3628 1262 3668 ac
1280 3612 1328 3668 si
1357 3611 1605 3674 dixisset,
1633 3608 1751 3676 Ipse
1791 3616 1969 3660 autem
2001 3618 2189 3659 mane-

596 3716 677 3772 bit
701 3715 753 3768 in
782 3722 1042 3767 aeternum
1065 3707 1354 3763 cruciatus.
1388 3700 1591 3758 Deinde
1612 3700 1772 3755 etiam
1795 3698 1955 3753 infert
1974 3697 2186 3751 dicens:

602 3805 824 3861 Nescitis
848 3802 985 3873 quod
1012 3800 1253 3870 templum
1281 3795 1380 3851 Dei
1405 3794 1560 3848 estis?
1585 3792 1719 3859 Quia
1739 3790 1884 3846 enim
1905 3789 1973 3843 de
1992 3789 2078 3856 iis,
2100 3788 2190 3861 qui

601 3897 853 3953 scindunt
878 3894 1194 3954 Ecclesiam,
1225 3892 1475 3959 superius
1514 3886 1765 3953 loquutus
1792 3891 1899 3946 est,
1940 3881 2192 3948 deinceps

600 3992 751 4046 illum
780 3985 1109 4058 perstringit,
1128 3982 1217 4051 qui
1241 3981 1534 4035 fornicatus
1553 3983 1689 4039 erat,
1719 3973 1955 4028 nondum
1976 3973 2191 4042 quidem

602 4090 813 4151 aperte,
842 4079 939 4133 sed
991 4073 1289 4137 indeﬁnite,
1330 4071 1447 4139 ejus
1476 4075 1787 4136 corruptam
1814 4067 1977 4120 vitam
2008 4066 2194 4120 subin-

603 4175 814 4237 dicans,
838 4180 891 4225 et
916 4175 1195 4239 peccatum
1222 4159 1560 4232 ampliﬁcatis
1585 4173 1616 4212 a
1646 4156 1792 4212 dono
1813 4156 1923 4225 jam
1952 4155 2051 4224 ipsi
2077 4156 2194 4208 col—

604 4265 735 4320 lato.
770 4263 974 4319 Deinde
1002 4260 1138 4314 alios
1161 4270 1374 4327 quoque
1402 4250 1716 4322 perstringit
1743 4248 1812 4302 ab
1840 4248 1926 4311 iis,
1952 4245 2194 4315 qumjam

604 4355 709 4421 ipsi
742 4353 1062 4405 habuerant.
1108 4348 1234 4401 Sive
1270 4344 1413 4397 enim
1456 4358 1487 4394 a
1514 4340 1726 4405 futuris,
1754 4340 1867 4392 sive
1892 4338 1960 4391 ab
1988 4338 2053 4390 iis
2078 4353 2197 4407 qua:

607 4445 719 4513 jam
742 4443 977 4504 fuerant,
1012 4447 1066 4491 et
1094 4434 1333 4488 molestis
1363 4440 1419 4485 et
1444 4429 1623 4494 bonis,
1654 4442 1869 4496 semper
1896 4426 1947 4480 id
1977 4425 2137 4481 facit:
2165 4441 2197 4480 a

608 4534 805 4587 futuris
830 4527 1071 4598 quidem,
1106 4522 1226 4577 Dies
1244 4521 1379 4575 enim
1400 4517 1693 4582 declarabit,
1722 4516 1857 4586 quod
1890 4517 1944 4568 in
1971 4516 2089 4585 igne
2114 4532 2199 4569 re-

610 4627 845 4688 oclatur;
874 4618 1031 4675 abiis
1064 4623 1241 4670 autem
1270 4628 1390 4683 quae
1412 4612 1521 4681 jam
1551 4609 1783 4673 fuerant,
1815 4605 2039 4661 Nescitis
2066 4606 2199 4674 quod

612 4716 858 4786 templum
883 4709 984 4764 Dei
1010 4708 1148 4769 estis,
1175 4714 1222 4757 et
1244 4702 1471 4773 Spiritus
1495 4700 1589 4754 Dei
1609 4701 1801 4753 habitat
1827 4699 1880 4752 in
1915 4697 2073 4750 vobis.
2107 4696 2195 4750 I7.

612 4808 680 4861 Si
703 4807 815 4875 quis
842 4797 1207 4873 templum'Dei
1276 4793 1554 4856 violaverit,
1577 4792 1833 4860 disperdet
1862 4791 2009 4845 illum
2040 4789 2198 4843 Deus.

619 4899 807 4952 Viden’
834 4894 1094 4951 orationis
1116 4884 1544 4945 vehementiam?
1568 4882 1675 4937 Sed
1700 4882 1951 4953 quamdiu
1974 4888 2203 4951 persona

613 4996 703 5043 cst
728 4988 928 5057 igneia,
967 5000 1075 5040 non
1120 4991 1204 5038 est
1241 4980 1379 5035 adeo
1420 4990 1584 5047 grave
1627 4973 1769 5045 quod
1818 4973 2035 5039 dicitur,
2080 4988 2203 5027 cum

617 5094 814 5135 omnes
841 5078 1085 5133 timorem
1108 5073 1467 5145 correptionis
1503 5067 1792 5139 participes
1812 5066 2059 5121 subeant.
2084 5064 2207 5119 Dis-

622 5171 796 5243 perdct
824 5171 972 5223 illum
997 5169 1163 5231 Deus;
1185 5167 1237 5222 id
1272 5174 1357 5222 est
1374 5206 1390 5231 ,
1414 5164 1602 5218 aﬂ'eret
1627 5158 2000 5215 exitium.lloc
2024 5168 2205 5212 autem

623 5280 734 5321 non
780 5272 864 5318 est
908 5260 1045 5315 male
1074 5260 1328 5325 dicentis,
1368 5256 1463 5313 sed
1513 5252 1905 5325 prophetantis.
1936 5248 2208 5319 Templum

622 5359 755 5411 enim
795 5354 894 5409 Dei
918 5361 1149 5406 sanctum
1176 5362 1270 5405 est.
1312 5350 1631 5405 Fornicator
1654 5361 1784 5417 ergo
1808 5352 1891 5400 est
1930 5342 2207 5413 profanus.

626 5448 830 5503 Deinde
860 5460 929 5501 ne
957 5443 1229 5497 videretur
1248 5442 1312 5497 ad
1336 5442 1484 5496 illum
1514 5440 1785 5509 respicere
1810 5452 1932 5491 cum
1962 5434 2208 5499 dixisset,

624 5540 895 5610 Templum
922 5538 1056 5593 enim
1080 5534 1179 5589 Dei
1201 5543 1434 5589 sanctum
1452 5542 1547 5599 est,
1578 5530 1876 5601 subjunxit,
1911 5526 2062 5593 Quod
2095 5526 2213 5580 estis

624 5645 732 5684 vos.
756 5631 841 5685 18.
866 5629 1032 5684 Nemo
1061 5627 1284 5696 seipsum
1323 5623 1548 5678 seducet.
1583 5622 1696 5677 lloc
1723 5634 1935 5693 quoque
1960 5618 2027 5674 ad
2059 5618 2210 5672 illum

626 5732 850 5791 spectat,
881 5735 937 5779 ut
962 5722 1054 5795 qui
1080 5734 1139 5778 se
1163 5717 1494 5776 existimaret
1522 5714 1725 5785 aliquid
1759 5728 1899 5782 esse,
1930 5721 1983 5769 et
2018 5710 2086 5766 de
2114 5724 2202 5765 sa-

2297 402 2495 474 pientia
2522 402 2865 473 gloriaretur.
2886 399 2965 457 Ne
2986 400 3260 459 videretur
3278 412 3458 459 autem
3479 404 3742 461 curiosius
3758 405 3886 460 dia-

2297 497 2507 566 tiusque
2540 494 2692 548 illum
2721 494 3003 563 impetere,
3032 507 3155 549 cum
3187 494 3241 547 in
3283 508 3537 565 angorem
3584 505 3642 551 et
3678 504 3884 550 metum

2295 585 2445 639 illum
2466 583 2807 654 conjecisset,
2831 598 3018 639 rursus
3033 582 3098 639 ad
3119 598 3461 639 communem
3481 587 3881 641 accusationem

2295 676 2594 730 orationem
2642 675 2860 732 deducit
2904 675 3125 731 dicens:
3151 674 3215 732 Si
3240 676 3355 748 quis
3397 677 3593 731 videtur
3629 678 3763 731 inter
3792 692 3884 732 vos

2292 785 2495 839 sapiens
2523 785 2632 823 esse
2657 771 2711 823 in
2749 770 2845 823 hoc
2870 768 3078 836 sarculo,
3107 770 3290 824 stultas
3316 770 3428 838 ﬁat,
3473 780 3531 824 ut
3566 771 3631 826 sit
3654 772 3883 840 sapiens.

2295 860 2410 917 lloc
2453 871 2631 915 autem
2671 860 2865 916 deinde
2896 860 3021 915 facit
3062 875 3184 915 cum
3214 875 3407 930 magna
3436 860 3686 931 loquendi
3719 860 3886 915 liber-

2294 963 2423 1020 tate,
2456 963 2641 1023 utpote
2666 954 2759 1023 qui
2786 955 2906 1009 illus
2943 954 3077 1009 satis
3110 954 3479 1026 expugnat-iv.
3507 954 3638 1009 Nam
3667 952 3886 1010 etiamsl

2291 1047 2411 1116 quis
2432 1047 2504 1101 sit
2527 1046 2699 1111 dives,
2728 1048 2939 1102 etiamsi
2971 1047 3187 1114 nobilis,
3219 1047 3407 1102 vilium
3432 1048 3671 1103 omnium
3698 1058 3783 1103 est
3803 1048 3889 1101 vi-

2292 1137 2549 1205 lissimus,
2572 1138 2784 1210 quando
2803 1150 2993 1211 captus
3017 1140 3176 1196 fuerit
3198 1156 3229 1195 a
3250 1152 3491 1212 peccato.
3516 1142 3883 1209 Quemadmo-

2291 1229 2418 1283 dum
2447 1231 2590 1285 enim
2615 1230 2661 1286 si
2685 1232 2806 1302 quis
2830 1246 2923 1287 rex
2950 1232 3040 1296 sit,
3063 1242 3119 1286 et
3142 1232 3490 1288 barbarorum
3513 1244 3697 1303 postea
3716 1232 3887 1303 capti-

2293 1338 2393 1378 vus
2419 1323 2531 1392 ﬁat,
2556 1324 2796 1379 omnium
2820 1332 2905 1379 est
2932 1324 3298 1390 miserrimus;
3329 1325 3400 1380 ita
3420 1327 3581 1381 etiam
3606 1328 3664 1382 iu
3691 1341 3886 1396 pecca-

2293 1424 2369 1477 ιη.
2392 1415 2660 1472 Barbarus
2679 1418 2823 1473 enim
2852 1417 3073 1489 quidam
3093 1429 3175 1474 est
3195 1427 3496 1489 peccatum,
3522 1417 3663 1489 quod
3685 1420 3886 1474 ani-te

2292 1510 2460 1563 semel
2488 1518 2661 1578 capta:
2688 1524 2911 1579 parcere
2936 1511 3162 1577 nesciat,
3190 1510 3288 1565 sed
3310 1510 3365 1566 in
3382 1510 3672 1581 perniciem
3689 1524 3888 1566 eorum

2291 1600 2380 1670 qni
2409 1601 2549 1670 capti
2574 1612 2701 1656 sunt
2729 1601 3068 1671 tyrannidem
3103 1616 3256 1657 suam
3285 1610 3557 1659 exerceat.

2364 1698 2416 1750 ι.
2437 1695 2642 1750 Peccati
2656 1697 2948 1764 descriptio.
2966 1698 3121 1749 Avari
3137 1696 3544 1766 imago.—Nihil
3560 1696 3703 1752 enim
3717 1696 3789 1751 ita
3806 1698 3888 1751 in-

2292 1785 2691 1840 consideratum
2704 1794 2788 1839 est
2809 1795 2863 1839 ut
2883 1796 3182 1856 peccatum,
3200 1786 3331 1841 nihil
3351 1787 3421 1839 ita
3444 1786 3725 1855 insipiens,
3738 1784 3885 1841 stul-

2294 1889 2405 1933 tum
2426 1894 2491 1933 ac
2507 1879 2832 1934 violentum:
2850 1880 3032 1933 omnia
3049 1882 3244 1934 evertit
3268 1888 3323 1934 et
3343 1879 3640 1945 confundit,
3663 1890 3721 1935 et
3751 1896 3880 1949 per-

2291 1971 2392 2037 dit,
2414 1986 2753 2042 quocumque
2780 1971 2921 2025 insili
2941 1970 3045 2026 erit
3064 1972 3204 2025 :visu
3225 1970 3489 2037 deforme,
3507 1987 3669 2044 grave
3686 1982 3745 2027 et
3759 1988 3885 2029 mo-

2292 2063 2506 2117 lestum.
2537 2063 2605 2116 Et
2628 2064 2674 2117 si
2700 2063 2820 2131 quis
2843 2064 3020 2130 ipsum
3049 2061 3225 2130 pictor
3244 2060 3549 2132 efﬁngeret,
3580 2078 3687 2117 non
3720 2063 3885 2119 absr-

2291 2162 2530 2208 raturum
2555 2152 2719 2207 fuisse
2739 2153 2869 2207 mihi
2900 2152 3133 2219 videtur,
3160 2154 3206 2207 si
3230 2153 3311 2208 sic
3332 2154 3507 2223 ipsum
3528 2154 3883 2212 efl‘ormaret:

2291 2244 2571 2299 mulierem
2617 2258 2812 2313 nempe
2836 2244 3122 2314 quamdam
3165 2242 3339 2298 forma
3385 2244 3656 2313 belluina,
3688 2246 3889 2302 barba-

2292 2354 2430 2406 ram,
2459 2338 2638 2408 igncm
2670 2338 3005 2407 spirantem,
3037 2336 3407 2406 iujueundam,
3436 2339 3667 2408 nigram,
3695 2340 3889 2411 quales

2290 2431 2498 2487 externi
2545 2438 2719 2500 poeta:
2762 2429 2973 2499 Scyllas
3015 2422 3343 2498 depingunt;
3381 2429 3687 2485 lnnumeris
3737 2430 3889 2486 enim

2292 2521 2541 2576 manibus
2568 2521 2921 2590 cogitationes
2948 2528 3162 2575 nostras
3201 2519 3598 2590 apprehendit,
3622 2530 3790 2593 atque
3815 2537 3883 2578 ex

2293 2613 2587 2683 improviso
2618 2611 2917 2682 ingreditur
2940 2654 2956 2679 ,
2989 2612 3280 2681 omniaque
3304 2611 3566 2684 discerpit
3590 2621 3648 2669 et
3673 2612 3884 2671 dilace-

2292 2713 2398 2770 rat,
2422 2704 2563 2759 sicut
2582 2718 2747 2758 canes
2767 2703 3071 2758 clanculum
3098 2703 3428 2760 mordentes.
3453 2705 3568 2760 Imo
3589 2705 3720 2775 quid
3745 2721 3883 2776 opus

2291 2796 2447 2851 nobis
2464 2805 2550 2851 est
2570 2797 2799 2866 pictura,
2821 2810 2946 2850 cum
2962 2794 3123 2851 liceat
3144 2809 3261 2860 eos,
3278 2796 3367 2864 qui
3391 2795 3522 2851 illud
3543 2805 3885 2866 perpetrant,

2291 2887 2347 2941 in
2372 2886 2605 2941 medium
2628 2882 2929 2940 adducere?
2946 2885 3116 2952 Quem
3140 2884 3323 2953 itaque
3346 2884 3509 2941 vultis
3527 2886 3759 2955 primum
3784 2886 3890 2943 de-

2292 2978 2623 3035 scribamus?
2643 2991 2863 3031 avarum
2882 2986 2935 3031 et
2949 2975 3255 3046 raptorem?
3274 2975 3479 3045 Ecquid
3492 2986 3575 3032 est
3588 2977 3763 3033 oculis
3774 2976 3885 3034 illis

2293 3068 2705 3140 impudentius?
2730 3067 2857 3138 quid
2881 3066 3050 3137 magis
3070 3067 3492 3124 inverecundum
3511 3110 3527 3135 ,
3555 3067 3683 3139 quid
3711 3069 3887 3139 magis

2292 3162 2542 3218 caninum
2566 3161 2592 3214 ?
2618 3175 2723 3214 non
2750 3160 2893 3214 enim
2915 3159 3067 3215 canis
3103 3160 3176 3213 ita
3217 3158 3504 3228 impudens
3527 3168 3638 3214 stat
3672 3170 3731 3214 ut
3757 3159 3848 3214 hic
3865 3201 3883 3226 ,

2293 3252 2509 3325 quando
2532 3251 2773 3306 omnium
2802 3250 2940 3303 bona
2972 3250 3132 3319 rapit.
3165 3248 3308 3316 Quid
3335 3250 3585 3305 manibus
3611 3250 3760 3304 illius
3779 3248 3887 3305 de-

2296 3343 2635 3400 testabilius?
2679 3340 2808 3411 quid
2838 3357 2938 3397 ore
2985 3339 3316 3411 petulantius
3360 3340 3515 3410 ejus,
3564 3342 3656 3409 qui
3700 3340 3889 3397 omnia

2295 3438 2548 3499 devorat.
2580 3444 2637 3491 et
2682 3449 2973 3503 numquam
3018 3434 3287 3488 satiatur?
3332 3431 3411 3489 Ne
3451 3434 3570 3503 ejus
3596 3434 3802 3488 vultum
3829 3444 3891 3489 et

2296 3532 2486 3588 oculos
2515 3528 2810 3593 intuearis,
2841 3525 2986 3597 quod
3032 3526 3142 3581 sint
3171 3526 3406 3581 hominis
3434 3542 3449 3578 :
3476 3541 3583 3581 non
3614 3526 3758 3580 enim
3806 3528 3892 3583 sic

2297 3622 2564 3693 aspiciunt
2606 3618 2825 3673 humani
2870 3618 3033 3673 oeuli.
3085 3616 3204 3671 Non
3248 3617 3443 3688 aspicit
3494 3618 3590 3673 ille
3638 3618 3890 3675 homines

2299 3724 2572 3786 tamquam
2600 3713 2851 3768 homines
2876 3730 2889 3766 :
2920 3726 3029 3765 non
3050 3710 3240 3780 aspicit
3263 3710 3455 3765 cmlum
3480 3697 3749 3780 tamquam
3771 3726 3887 3766 ca:-

2298 3807 2408 3861 lum
2434 3823 2448 3859 :
2474 3805 2543 3859 ad
2589 3805 2875 3860 Dominum
2917 3816 3024 3857 non
3054 3814 3185 3855 nutu
3212 3816 3312 3855 suo
3340 3801 3532 3867 tendit,
3577 3800 3672 3855 sed
3701 3802 3891 3857 omnia

2299 3897 2555 3969 pecunias
2579 3910 2700 3951 esse
2725 3895 3015 3949 existimat.
3044 3892 3274 3946 llumani
3297 3892 3441 3946 oculi
3465 3892 3642 3946 solent
3660 3891 3892 3946 afﬂictos

2303 3991 2550 4045 homines
2576 3987 2775 4042 intueri
2804 3995 2860 4040 et
2896 3984 3100 4055 frangi;
3124 3984 3399 4054 rapacium
3445 3983 3590 4039 oculi
3620 3998 3890 4054 pauperes

2302 4084 2519 4148 vident,
2550 4089 2605 4135 et
2629 4078 2923 4134 oderantur
2951 4094 2963 4130 :
2995 4076 3213 4130 humani
3256 4076 3399 4131 oculi
3447 4091 3553 4130 non
3581 4083 3641 4129 ut
3682 4089 3777 4129 sua
3805 4075 3893 4130 in-

2304 4186 2520 4231 tuentur
2546 4173 2720 4227 aliena
2744 4212 2760 4236 ,
2790 4170 2883 4225 sed
2913 4169 3129 4239 propria
3165 4168 3268 4222 sibi
3298 4175 3359 4221 ut
3385 4162 3560 4221 aliena
3583 4167 3765 4223 vident
3791 4185 3805 4221 :
3833 4177 3893 4222 et

2303 4284 2364 4322 ea
2392 4281 2514 4337 qua!
2537 4264 2657 4318 aliis
2685 4262 2808 4315 data
2838 4270 2966 4315 sunt
3016 4276 3121 4314 non
3152 4260 3573 4329 concupiscunt,
3603 4259 3697 4312 sed
3724 4259 3891 4314 etiam

2306 4362 2358 4413 in
2386 4357 2521 4412 alios
2547 4368 2764 4424 quoque
2789 4367 2883 4405 sua
2908 4350 3211 4407 effundunt.
3261 4350 3325 4403 lli
3353 4364 3482 4403 vero
3512 4362 3618 4401 non
3651 4349 3891 4402 contenti

2304 4455 2450 4513 sunt,
2477 4446 2581 4500 nisi
2606 4441 2847 4497 omnium
2878 4439 3016 4493 bona
3046 4440 3317 4507 abripiant
3348 4456 3499 4493 :non
3531 4439 3675 4493 enim
3701 4436 3895 4491 huma-

2306 4555 2431 4593 num
2457 4580 2472 4605 ,
2503 4536 2598 4591 sed
2642 4534 2871 4589 ferinum
2906 4530 3107 4583 habent
3130 4529 3328 4584 visum.
3359 4529 3590 4584 Humani
3620 4527 3761 4583 oculi
3789 4543 3893 4581 nu-

2306 4631 2432 4684 dum
2461 4626 2643 4682 videre
2667 4638 2867 4695 corpus
2892 4635 3047 4676 suum
3076 4634 3191 4691 non
3206 4618 3416 4685 ferunt;
3445 4636 3600 4675 suum
3623 4618 3766 4675 enim
3786 4628 3893 4684 est,

2308 4721 2518 4778 etiamsi
2539 4719 2765 4773 aliorum
2790 4723 3047 4785 quantum
3078 4710 3145 4765 ad
3176 4725 3460 4780 personam
3493 4730 3509 4766 :
3540 4712 3594 4766 hi
3620 4701 3897 4777 vero,nisi

2309 4812 2488 4866 omnia
2505 4808 2824 4873 denudarint
2843 4815 2897 4861 et
2922 4803 3099 4860 omnia
3116 4802 3261 4856 domi
3278 4802 3592 4866 recondant,
3606 4817 3897 4873 numquam

2310 4908 2591 4970 satiantur,
2612 4905 2719 4957 imo
2748 4915 2879 4955 vero
2906 4910 3195 4966 numquam
3229 4894 3531 4963 implentur.
3555 4896 3679 4951 Ideo
3705 4910 3898 4950 eorum

2313 5012 2501 5054 manus
2530 5010 2635 5050 non
2668 4995 2899 5047 ferarum
2923 5002 3114 5043 manus
3138 4994 3342 5040 tantum
3371 4984 3592 5052 dixeris,
3615 4985 3708 5039 sed
3739 4986 3900 5055 longe

2314 5089 2603 5145 ferociores
2631 5093 2687 5139 et
2716 5080 3084 5137 immaniores.
3128 5076 3248 5133 Ursi
3300 5090 3531 5146 namque
3554 5084 3610 5131 et
3636 5076 3744 5146 lupi
3775 5092 3899 5131 cum

2312 5177 2490 5233 satiati
2518 5176 2735 5239 fuerint,
2756 5188 2786 5227 a
2806 5171 2896 5227 tali
2916 5169 3174 5224 alimento
3196 5166 3484 5223 recedunt:
3508 5166 3560 5221 hi
3584 5182 3713 5222 vero
3740 5183 3903 5221 num-

2313 5285 2474 5339 quam
2505 5268 2787 5322 satiantur.
2832 5262 2991 5332 Atqui
3039 5270 3321 5330 prepterea
3354 5260 3498 5314 Deus
3526 5272 3717 5313 manus
3745 5256 3904 5311 nobis

2317 5361 2464 5416 dedit
2489 5369 2549 5415 ut
2572 5360 2693 5415 aliis
2734 5372 2896 5428 opem
2926 5355 3162 5409 feramus
3186 5396 3203 5419 ,
3231 5368 3339 5408 non
3378 5362 3437 5407 ut
3465 5352 3531 5406 iis
3558 5350 3899 5405 insidientur.

2316 5453 2450 5508 Nam
2474 5455 2519 5508 si
2547 5453 2679 5524 ipsis
2703 5452 2772 5508 ad
2803 5451 2907 5505 hoc
2931 5449 3075 5504 usuri
3101 5463 3365 5513 essemus,
3394 5445 3586 5500 melius
3612 5451 3759 5497 esset
3786 5441 3904 5497 illas

2386 5590 2401 5620 '
2426 5591 2625 5655 Samius
2647 5594 2757 5649 post
2776 5582 3249 5655 επρυέῖηιξτίιιροηὲι

2323 5651 2625 5700 contan
2644 5637 2739 5697 non
2758 5637 3389 5706 moito'imjns'fornicatom
3409 5644 3633 5699 Mitem,
3650 5638 3736 5689 sed
3760 5637 3908 5688 etiam

2326 5711 2637 5775 audientium,
2664 5708 2983 5761 dicendorum
3005 5707 3101 5760 vim
3123 5713 3438 5769 promeritus.
