4084 6328
565 363 625 418 ει
1249 353 1303 405 8.
1345 351 1629 408 JOANNIS
1665 347 2159 407 CIIRYSOSTOMI
2197 347 2517 410 ARCIHEP.
2559 352 3101 412 CONSTANTINOP.

563 484 657 522 νον
677 465 910 534 πρᾶγμα
934 459 1223 531 καλοῦμεν,
1253 463 1315 516 τὸ
1348 463 1498 516 ἐλέου
1525 464 1694 534 γέμον
1725 465 1822 517 καὶ
1844 460 2142 532 φιλανθρω-

568 552 700 610 πίας
725 564 740 611 ;
770 548 898 599 ὅταν
927 547 983 598 δὲ
1012 546 1160 615 ώμόν
1191 563 1241 598 τι
1266 545 1358 600 καὶ
1383 547 1592 615 ἀπηνὲς
1619 547 1938 615 ἐργάσηται,
1976 542 2143 597 ἀπάν-

569 631 785 701 θρωπον
809 629 899 681 τὸν
919 629 1154 681 τοιοῦτον
1203 629 1563 697 ὀνομάζομεν.
1610 627 1820 681 Οὐκοῦν
1863 628 1952 680 τὸν
1973 643 2142 701 χαρα-

569 695 748 784 κτῆρα
767 711 859 764 τοῦ
889 711 1176 781 ἀνθρώπου
1232 695 1341 764 cm
1385 695 1476 763 τοῦ
1504 712 1693 776 ἐλεεῖν,
1722 711 1816 762 τοῦ
1867 710 1924 763 δὲ
1951 695 2142 778 θηρίου

568 797 677 850 ἀπὸ
711 795 805 848 τοῦ
853 795 1092 847 ἐναντίου
1138 794 1553 864 ὑπογράφομεν,
1607 794 1855 861 λέγοντες
1893 793 1999 845 ἀεί·
2051 793 2143 859 Μὴ

567 879 675 948 γάρ
704 878 1022 946 ἄνθρωπος,
1048 875 1282 945 θηρίονῆ
1315 876 1478 928 κύων.
1522 877 1584 929 Οί
1614 876 1723 946 γὰρ
1752 875 2026 943 ἄνθρωποι
2045 891 2142 927 πε-

568 961 688 1012 νίαν
712 958 1036 1028 διορθοῦσιν,
1067 960 1167 1010 οὐκ
1197 957 1436 1022 αὔξουσι.
1466 958 1683 1012 Τούτων
1705 957 1882 1010 καὶτά
1904 957 2146 1026 στόματα

567 1043 771 1111 θηρίων
798 1041 913 1092 ἐστὶ
953 1040 1213 1110 στόματα,
1268 1041 1467 1111 μᾶλλον
1504 1041 1560 1092 δὲ
1591 1040 1685 1092 καὶ
1714 1038 1885 1092 ταῦτα
1919 1038 2145 1091 ἐκείνων

568 1123 903 1192 ἀγριώτερα·
957 1123 1053 1174 καὶ
1111 1122 1220 1192 γὰρ
1285 1125 1506 1192 ῥήματα
1560 1121 1889 1190 φθέγγονται
1945 1120 2146 1191 μᾶλλον

569 1206 793 1257 ἐκείνων
822 1206 930 1257 τῶν
958 1205 1182 1257 ὀδόντων
1216 1205 1292 1257 ἰὸν
1325 1204 1575 1272 ἀφιέντα,
1600 1205 1755 1271 φόνον
1781 1202 2143 1276 ἐργαζόμενα.

571 1289 682 1341 Kal
710 1290 757 1339 εἰ
805 1289 979 1340 πάντα
1011 1305 1096 1350 τις
1125 1287 1364 1350 ἐπέλθοι,
1390 1287 1512 1338 τότε
1565 1287 1755 1354 ὄψεται
1800 1285 2001 1350 καλῶς,
2030 1287 2147 1349 πῶς

571 1370 732 1439 θηρία
761 1370 866 1422 ἀπὸ
900 1370 1202 1440 ἀνθρώπων
1230 1371 1356 1432 τοὺς
1378 1371 1694 1440 χρωμένους
1724 1371 1754 1438 ἡ
1781 1369 2147 1440 ἀπανθρωπία

571 1456 734 1507 ποιεῖ.
758 1455 819 1504 Εἰ
846 1454 902 1504 δέ
933 1454 1025 1505 καὶ
1053 1453 1152 1522 τὴν
1173 1452 1412 1505 διάνοιάν
1432 1470 1515 1516 τις
1548 1454 1821 1518 ἐξετάσειε
1838 1452 1948 1504 τῶν
1969 1451 2145 1503 τοιού-

570 1553 696 1601 των,
728 1536 910 1588 οὐκέτι
946 1535 1107 1606 θηρία
1142 1536 1320 1604 μόνον,
1358 1535 1492 1589 ἀλλὰ
1520 1537 1612 1588 καὶ
1653 1536 1914 1604 δαίμονας
1953 1536 2148 1598 αὐτοὺς

572 1623 846 1690 προσερεῖ.
870 1621 979 1671 Kal
1003 1620 1110 1687 γὰρ
1137 1619 1339 1687 πολλῆς
1366 1620 1594 1688 γέμουσι
1620 1618 1718 1686 τῆς
1763 1619 2029 1686 ἀπηνείας
2055 1619 2148 1672 καὶ

571 1704 668 1772 τῆς
698 1703 832 1770 πρὸς
863 1704 953 1754 τὸν
994 1703 1281 1771 ὁμόδουλον
1327 1701 1546 1771 ἔχθρας·
1581 1702 1674 1754 καί
1713 1699 1836 1753 οὔτε
1869 1701 2147 1770 βασιλείας

572 1784 712 1852 ἔρως
740 1786 872 1848 ἐκεῖ,
897 1785 1018 1837 οὔτε
1050 1785 1269 1854 γεέννης
1294 1785 1476 1853 φόϐος,
1509 1786 1607 1837 οὐκ
1633 1784 1794 1847 αἰδὼς
1823 1784 2146 1856 ἀνθρώπων,

571 1867 672 1918 οὐκ
711 1866 881 1930 ἔλεος,
945 1868 1004 1919 οὐ
1047 1868 1398 1936 συμπάθεια,
1473 1867 1586 1919 ἀλλ’
1653 1867 2006 1935 ἀναισχυντία
2056 1869 2151 1920 καὶ

574 1950 856 2019 ἰταμότης,
882 1951 976 2002 καὶ
1003 1949 1272 2020 ὑπεροψία
1287 1950 1395 2002 τῶν
1426 1949 1728 2018 μελλόντων
1757 1949 2031 2001 ἀπάντων·
2058 1951 2152 2003 καὶ

575 2030 741 2098 μῦθος
777 2033 959 2093 αὐτοῖς
992 2026 1132 2084 εἶναι
1155 2032 1303 2084 δοκεῖ
1327 2031 1396 2082 τὰ
1417 2030 1510 2082 τοῦ
1529 2030 1663 2082 Θεοῦ
1695 2032 1916 2101 ῥήματα
1933 2033 2002 2083 τά
2025 2031 2152 2100 περὶ

572 2115 868 2174 κολάσεως,
904 2115 997 2166 καὶ
1040 2114 1213 2180 γέλως
1243 2117 1274 2181 ἡ
1307 2113 1523 2178 ἀπειλή.
1562 2114 1796 2183 Τοιαύτη
1832 2114 1938 2182 γὰρ
1976 2117 2007 2182 ἠ
2055 2113 2148 2166 τοῦ

573 2197 893 2248 πλεονέκτου
925 2197 1147 2249 διάνοια.
1182 2197 1351 2248 ’Όταν
1385 2192 1480 2248 οὖν
1533 2195 1742 2248 ἔνδοθεν
1776 2195 1874 2266 μὲν
1900 2197 2153 2264 δαίμονες

571 2272 723 2342 ὦσιν,
756 2279 954 2344 ἔξωθεν
982 2280 1037 2332 δὲ
1073 2279 1256 2350 θηρία,
1290 2281 1384 2331 καὶ
1415 2278 1618 2348 θηρίων
1649 2279 1882 2349 χείρους,
1923 2280 2024 2331 ποῦ
2057 2281 2151 2349 θή-

572 2379 737 2430 σομεν
765 2365 888 2425 τοὺς
913 2363 1207 2425 τοιούτους,
1239 2363 1360 2415 εἰπέ
1395 2379 1520 2432 μοις
1553 2365 1676 2414 Ὅτι
1698 2364 1808 2431 γὰρ
1826 2365 1918 2414 καὶ
1949 2363 2152 2432 θηρίων

571 2444 810 2512 χείρους,
843 2444 1001 2512 δῆλον
1050 2445 1286 2496 ἐκεῖθεν·
1320 2446 1399 2496 Τὰ
1430 2444 1593 2513 θηρία
1641 2447 1708 2513 τῇ
1740 2443 1895 2510 φύσει
1926 2445 2154 2498 τοιαῦτά

572 2527 739 2577 ἐστιν·
771 2521 915 2578 οὗτοι
943 2527 998 2578 δέ
1029 2527 1172 2579 κατά
1207 2527 1367 2594 φύσιν
1397 2525 1457 2577 τὸ
1485 2527 1690 2595 ἥμερον
1711 2526 1945 2595 ἔχοντες,
1999 2530 2153 2600 παρά

573 2607 734 2674 φύσιν
775 2610 854 2671 εἰς
901 2609 962 2661 τὸ
998 2609 1262 2679 θηριῶδες
1296 2607 1524 2670 ἑαυτοὺς
1580 2607 1796 2675 ἐξάγειν
1853 2609 2150 2678 βιάζονται.

3751 358 3822 416 81

2242 460 2353 515 Kal
2382 465 2430 516 οί
2462 464 2713 533 δαίμονες
2740 467 2797 520 δὲ
2825 466 2952 530 τοὺς
2999 467 3450 534 ἐπιϐουλεύοντας
3491 468 3822 538 ἀνθρωπους

2244 546 2696 615 συμπράττοντας
2735 549 2949 612 ἑαυτοῖς
2987 550 3216 618 ἔχουσιν·
3243 551 3317 613 ὼς
3339 554 3386 604 εἰ
3414 551 3489 622 μὴ
3513 551 3824 618 συνέπρατ-

2240 643 2356 686 τον,
2374 627 2434 679 τὸ
2464 628 2622 681 πλέον
2646 629 2754 682 τῶν
2772 631 3075 684 ἐπιϐουλῶν
3093 645 3117 673 ο
3138 633 3245 685 τῶν
3272 633 3390 685 καθ’
3407 633 3566 703 ἡμῶν
3593 633 3827 695 ἐκείνοις

2241 707 2500 778 ἀνῄρητο·
2539 706 2682 764 οῦτοι
2732 711 2788 763 δέ
2839 712 2933 765 καί
2979 713 3428 782 φιλονεικούντων
3483 716 3672 777 αὐτοῖς
3719 714 3830 767 τῶν

2243 791 2699 860 ἐπηρεαζομένων
2725 797 2945 864 κρατεῖν
2975 795 3330 867 ἐπιχειροῦσι.
3361 797 3528 850 Πάλιν
3554 798 3582 849 ό
3616 797 3829 866 δαίμων

2243 872 2517 943 ἀνθρώπῳ
2559 874 2804 944 πολεμεῖ,
2853 877 2913 929 οὐ
2947 877 3165 947 δαίμοσι
3201 876 3318 949 ίεο]
3348 880 3460 940 τοῖς
3501 879 3826 947 ὁμοφύλοις·

2243 950 2396 1020 οὗτος
2423 957 2480 1009 δὲ
2514 958 2573 1010 τὸ
2601 959 2860 1026 συγγενὲς
2873 961 2966 1012 καὶ
2985 963 3184 1013 οἰκεῖον
3210 963 3373 1014 παντὶ
3402 962 3588 1031 τρόπῳ
3618 960 3829 1014 κακοῦν

2245 1038 2544 1107 ἐπείγεται,
2575 1041 2669 1093 καὶ
2711 1042 2832 1094 ούδέ
2853 1043 2952 1112 τὴν
2973 1042 3134 1110 φύσιν
3152 1043 3405 1097 αἰδεῖται.
3435 1042 3565 1096 Οἶδα
3585 1044 3666 1096 ὅτι
3698 1041 3827 1095 πολ-

2244 1120 2328 1172 λοὶ
2348 1122 2481 1191 πρὸς
2509 1124 2654 1191 ἡμᾶς
2680 1121 2821 1192 ὑπὲρ
2845 1124 3050 1175 τούτων
3081 1125 3474 1195 ἀπεχθάνονται
3500 1125 3606 1178 τῶν
3643 1123 3829 1194 ῥημά-

2245 1219 2374 1256 των·
2435 1206 2544 1272 ἐγὼ
2582 1205 2640 1257 δέ
2672 1205 2773 1258 οὐκ
2813 1205 3189 1276 ἀπεχθάνομαι
3246 1207 3380 1278 πρὸς
3436 1208 3655 1270 αὐτοὺς,
3708 1205 3825 1259 ἀλλ’

2247 1285 2380 1337 ἐλεῶ
2419 1287 2511 1339 καὶ
2545 1287 2766 1358 δακρύω
2804 1289 2929 1351 τοὺς
2965 1288 3107 1342 οὕτω
3134 1290 3530 1360 διακειμένους·
3562 1289 3666 1342 κᾶν
3690 1289 3830 1359 πλῆ-

2249 1367 2334 1431 ξαι
2360 1367 2604 1428 θέλωσιν,
2635 1370 2804 1440 ἡδέως
2824 1369 2888 1424 ἂν
2920 1372 3279 1442 ἀνασχοίμην,
3317 1374 3364 1424 εἰ
3398 1374 3688 1440 ἀπέχοιντο
3727 1370 3833 1440 τῆς

2249 1449 2541 1521 θηριωδίας
2578 1452 2801 1522 ταύτης.
2839 1454 2973 1507 Ούδὲ
3002 1457 3109 1525 γὰρ
3147 1454 3258 1523 ἐγὼ
3303 1455 3484 1525 μόνος,
3525 1453 3663 1506 ἀλλά
3690 1454 3836 1506 καὶό

2250 1536 2541 1604 προφήτης
2577 1535 2696 1604 μεθ’
2731 1537 2892 1605 ήμῶν
2948 1538 3071 1600 τοὺς
3123 1537 3398 1598 τοιούτους
3436 1535 3691 1588 ἐκϐάλλει
3733 1537 3837 1605 τῆς

2246 1617 2355 1669 τῶν
2383 1616 2684 1687 ἀνθρώπων
2720 1619 3062 1686 συγγενείας,
3114 1619 3310 1686 λέγων,
3371 1620 3452 1671 ὅτι
3487 1620 3839 1686 Ἀνθρωπος

2245 1700 2314 1752 ἐν
2344 1699 2483 1768 τιμῇ
2522 1698 2608 1753 ὢν
2645 1702 2718 1754 οὐ
2763 1700 3060 1768 συνῆκεν,
3110 1703 3271 1757 ἀλλὰ
3321 1699 3836 1770 παίασυνεϐλήθη

2247 1783 2370 1848 τοῖς
2405 1783 2654 1847 κτήνεσι
2690 1785 2816 1849 τοῖς
2864 1785 3167 1851 ἀνοήτοις.
3201 1785 3497 1854 Γενώμεθα
3528 1785 3712 1837 τοίνυν
3742 1783 3837 1837 άν-

2249 1863 2456 1934 θρωποί
2482 1881 2632 1926 ποτε,
2664 1865 2759 1916 καὶ
2797 1867 2877 1927 εἰς
2913 1865 3002 1918 τὸν
3037 1867 3264 1936 οὐρανὸν
3285 1866 3701 1933 ἀναϐλέψωμεν,
3743 1866 3838 1918 καὶ

2247 1947 2308 1998 τὸ
2339 1947 2458 1998 κατ’
2493 1949 2676 1999 εἰκόνα
2729 1949 3115 2018 ἀπολάϐωμεν,
3147 1952 3242 2002 καὶ
3282 1949 3504 2009 ἑαυτοὺς
3530 1948 3556 1985 δ
3591 1947 3838 2015 ἀνακτη-

2252 2027 2494 2094 σώμεθα,
2520 2030 2607 2082 ἵνα
2630 2029 2723 2080 καὶ
2753 2030 2861 2081 τῶν
2888 2032 3190 2100 μελλόντων
3221 2031 3442 2098 ἀγαθῶν
3464 2029 3837 2099 ἐπιτύχωμεν,

2251 2108 2433 2177 χάριτι
2479 2111 2572 2161 καὶ
2613 2111 2996 2183 φιλανθρωπίᾳ
3045 2114 3138 2165 τοῦ
3193 2115 3406 2183 Κυρίου
3461 2112 3616 2182 ἡμῶν
3662 2111 3840 2181 Ἰησοῦ

2249 2192 2511 2262 Χριστοῦ,
2547 2194 2667 2262 μεθ’
2694 2190 2756 2247 οῦ
2788 2195 2865 2266 τῷ
2898 2197 3073 2264 Πατρὶ
3106 2197 3220 2267 ἅμα
3249 2198 3326 2266 τῷ
3360 2198 3500 2266 ἁγίῳ
3531 2197 3837 2264 Πνεύματι,

2249 2275 2397 2340 δόξαν
2430 2277 2652 2346 κράτος.
2694 2278 2849 2348 τιμὴ,
2882 2279 2976 2333 νῦν
3003 2281 3096 2332 καὶ
3117 2281 3225 2344 ἀεὶ,
3248 2281 3339 2333 καὶ
3374 2281 3454 2342 εἰς
3476 2280 3602 2342 τοὺς
3631 2278 3844 2340 αἰῶνας

2251 2357 2357 2409 τῶν
2391 2359 2623 2413 αἰώνων.
2674 2361 2870 2433 Ἀμήν.

2259 2566 2370 2680 τοές
2387 2564 2467 2614 Sic
2489 2567 2674 2628 Regius
2712 2571 2913 2628 optime.
2965 2569 3098 2618 Edili
3132 2570 3416 2623 ἐπιϐούλων,
3480 2569 3506 2604 δ
3535 2569 3710 2619 Deerat
3735 2569 3846 2616 ειυ-

2107 2880 2348 2934 ΟΜΙΛΙΛ
2391 2878 2446 2936 I'.

578 2997 803 3063 Μηδεὶς
833 2996 1051 3049 ἑαυτὲν
1105 2995 1475 3059 ἐξαπατάτω.
1533 2996 1608 3049 Εἴ
1641 3011 1732 3060 τις
1776 2995 1945 3048 δοκεῖ
1964 2995 2158 3063 σοφὸς

647 3065 798 3121 εἶναι
824 3067 892 3119 ἐν
917 3065 995 3131 τῷ
1023 3066 1190 3119 αἰῶνι
1225 3067 1432 3129 τούτῳ.
1488 3065 1686 3134 μωρὸς
1717 3067 2002 3134 γενέσθω,
2059 3067 2160 3117 ἵνα

649 3138 889 3206 γένηται
925 3138 1142 3206 σοφός.
1181 3136 1253 3206 'H_
1283 3135 1402 3206 γὰρ
1429 3133 1738 3206 σοφιστοῦ
1767 3135 1998 3203 κόσμου
2027 3134 2160 3187 τού-

652 3203 756 3261 του
774 3224 902 3274 μωρ
919 3208 967 3256 ἀ
999 3203 1158 3271 παρὰ
1184 3203 1262 3268 τῷ
1287 3203 1410 3267 Θεῷ
1432 3203 1627 3256 ἐστιν.

651 3337 723 3383 α’.
761 3330 940 3399 Ὅπερ
973 3328 1144 3399 ἔφθην
1175 3327 1365 3394 εἰπὼν,
1397 3327 1490 3382 καὶ
1525 3327 1630 3396 πρὸ
1662 3327 1756 3381 τοῦ
1796 3328 2164 3399 προσήκοντος

582 3421 778 3492 καιροῦ
820 3424 897 3483 εἰς
929 3420 1026 3492 τὴν
1057 3420 1197 3473 κατὰ
1235 3419 1328 3472 τοῦ
1361 3421 1790 3490 πεπορνευκότος
1831 3419 2165 3489 κατηγορίαν

583 3514 906 3584 ἐξενεχθεὶς,
949 3514 1041 3567 καὶ
1075 3509 1487 3582 αἰνιγματωδῶς
1517 3510 1685 3580 αὐτὴν
1726 3509 2055 3579 παρανοίξας
2079 3507 2166 3561 διά

586 3608 854 3680 βραχέων,
897 3606 989 3658 καὶ
1025 3604 1354 3665 κατασείσας
1393 3601 1558 3655 αὑτοῦ
1583 3601 1642 3653 τὸ
1669 3600 1924 3661 συνειδὸς,
1955 3599 2166 3666 ἐπείγε-

584 3721 674 3756 ται
699 3700 861 3753 πάλιν
885 3698 978 3749 ἐπὶ
1001 3696 1098 3768 τὴν
1129 3695 1308 3766 μάχην
1341 3693 1439 3762 τῆς
1467 3693 1660 3761 σοφίας
1698 3693 1796 3762 τῆς
1828 3689 2049 3753 ἔξωθεν,
2072 3689 2167 3742 καὶ

585 3791 652 3842 τὰ
683 3789 1006 3859 ἐγκλήματα
1027 3784 1133 3837 τῶν
1161 3782 1409 3837 ἐντεῦθεν
1462 3781 1894 3851 πεφυσιωμένων
1920 3779 2012 3832 καὶ
2049 3778 2167 3831 δια-

587 3879 892 3948 τεμνόντων
931 3877 1030 3948 τὴν
1070 3874 1421 3946 Ἐκκλησίαν·
1461 3875 1546 3926 ἵνα
1583 3872 1646 3925 τὸ
1669 3873 1855 3925 λεῖπον
1886 3870 2168 3940 προσθεὶς,

589 3971 682 4023 καὶ
711 3970 772 4022 τὸ
833 3967 1128 4037 κεφάλαιον
1162 3966 1308 4020 ἀπαν
1339 3967 1652 4035 ἀπαρτίσας
1693 3964 1830 4034 μετά
1857 3961 2170 4034 ἀκριϐείας,

588 4055 730 4109 οὕτω
754 4055 942 4106 λοιπὸν
983 4055 1188 4124 σφοδρᾷ
1218 4056 1282 4122 τῇ
1318 4052 1465 4122 ῥύμῃ
1499 4051 1639 4106 κατὰ
1685 4051 1781 4104 τοῦ
1804 4049 2172 4118 πεπορνευκό-

588 4162 681 4208 τος
709 4142 973 4214 φέρεσθαι
997 4143 1098 4212 τὴν
1127 4142 1376 4209 γλῶτταν
1407 4143 1542 4210 ἀφῇ,
1579 4140 1842 4210 πρότερον
1888 4139 2144 4208 ἀκροϐολι

591 4239 824 4306 σάμενος
843 4233 978 4306 πρὸς
999 4233 1162 4287 αὑτὸν
1182 4232 1249 4285 δι’
1266 4224 1339 4284 ὧν
1358 4230 1665 4301 ἔμπροσθεν
1695 4231 1905 4300 εἴρηκε.
1936 4230 2045 4282 Kal
2067 4229 2174 4299 γὰρ

591 4330 671 4390 τὸ,
695 4327 1146 4395 Μηδείςέαυτὸν
1166 4321 1537 4388 ἐξαπατάτω,
1553 4322 1686 4393 πρὸς
1705 4324 1910 4374 ἐκεῖνον
1940 4319 2176 4390 μάλιστά

593 4419 744 4469 ἐστιν
782 4414 1230 4483 ἀποτεινομένου,
1275 4413 1374 4463 xal
1421 4411 1976 4479 προκαταλεαίνοντος
2012 4410 2177 4463 αὑτὸν

594 4506 672 4577 τῷ
713 4504 883 4575 φόϐῳ·
915 4503 1068 4556 καὶὸ
1099 4502 1226 4571 περὶ
1253 4499 1352 4567 τῆς
1377 4497 1629 4565 καλάμης
1659 4496 1813 4562 λόγος
1843 4496 2003 4547 αὐτὸν
2030 4495 2181 4562 μάλι-

597 4598 700 4651 στά
731 4599 878 4649 ἐστιν
917 4590 1314 4661 αἰνιττομένου,
1368 4587 1463 4642 καὶ
1501 4586 1560 4640 τὸ
1584 4585 1785 4653 λέγειν,
1829 4585 1909 4637 ὅτι
1936 4585 2058 4636 Οὐκ
2095 4584 2181 4635 οι-

596 4689 758 4752 δατε,
826 4686 916 4738 ὅτι
947 4683 1096 4749 ναὸς
1130 4681 1278 4735 Θεοῦ
1323 4679 1487 4741 ἐστε,
1525 4677 1624 4732 καί
1682 4674 1748 4728 τὸ
1783 4672 2024 4744 Πνεῦμα
2073 4672 2180 4726 τοῦ

601 4777 750 4830 Θεοῦ
779 4773 1046 4829 κατοικεῖ
1083 4773 1154 4825 ἐν
1180 4770 1323 4840 ὑμῖν
1339 4789 1357 4835 ;
1416 4770 1518 4823 Δύο
1565 4771 1674 4839 γὰρ
1728 4766 1902 4820 ταῦτα
1946 4765 2182 4838 μάλιστα

601 4865 839 4933 ἀπάγειν
865 4857 1013 4934 ἡμᾶς
1052 4861 1330 4930 ἁμαρτίας
1361 4857 1572 4922 εἴωθεν,
1591 4860 1718 4910 ὅταν
1743 4858 1843 4928 τὴν
1870 4857 2128 4928 κειμένην
2153 4868 2179 4897 ι

601 4960 668 5028 τῇ
705 4955 952 5027 ἁμαρτίᾳ
983 4953 1205 5007 κόλασιν
1235 4951 1602 5018 ἐννοήσωμεν,
1638 4947 1732 4999 καὶ
1767 4947 1895 5000 ὅταν
1921 4948 2019 5017 τὴν
2045 4950 2183 5019 ἡμε-

603 5048 767 5118 τέραν
805 5048 963 5112 ἀξίαν
982 5039 1458 5111 ἀναλογισώμεθα.
1498 5036 1592 5107 Τῷ
1627 5038 1724 5106 μὲν
1750 5032 1843 5089 οῦν
1870 5036 1960 5088 τὸν
1992 5038 2184 5107 χόρτον

604 5143 686 5202 εἰς
712 5139 874 5209 μέσον
914 5136 1189 5208 παράγειν
1237 5133 1333 5185 καὶ
1357 5131 1456 5201 τὴν
1486 5129 1765 5198 καλάμην,
1820 5125 2078 5196 ἐφόϐησε·
2107 5127 2186 5196 τῷ

605 5229 662 5282 δὲ
684 5230 745 5280 τὸ
772 5228 988 5297 ἀξίωμα
1007 5227 1103 5296 τῆς
1123 5225 1330 5287 οἰκείας
1355 5219 1633 5290 εὐγενείας
1657 5220 1850 5282 εἰπεῖν,
1880 5215 2185 5287 ἐνέτρεψεν,

610 5317 803 5387 ἐκείνῳ
841 5318 938 5386 μὲν
969 5317 1096 5381 τοὺς
1123 5312 1638 5386 ἀναισθητοτέρους,
1669 5309 1843 5380 τούτῳ
1863 5308 1919 5362 δέ
1942 5307 2037 5360 καὶ
2061 5308 2183 5371 τοὺς

608 5408 1047 5478 ἐπιεικεστέρους
1091 5408 1329 5478 βελτίους
1350 5403 1540 5458 ποιῶν·
1569 5401 1792 5470 Μηδεὶς
1820 5398 2038 5454 ἑαυτὸν
2090 5398 2189 5462 ἐξο

611 5498 990 5554 απατάτω.Εῑ
1014 5515 1102 5564 τις
1129 5496 1295 5551 δοκεῖ
1309 5495 1500 5565 σοφὸς
1523 5488 1674 5546 εἶναι
1689 5493 1760 5545 ἐν
1780 5491 1858 5557 τῷ
1871 5489 2038 5544 αἰῶνι
2057 5488 2191 5542 τού-

611 5607 716 5656 τῳ,
735 5591 929 5661 μωρὸς
953 5587 1232 5660 γενέσθω.
1268 5588 1477 5658 Ὥσπερ
1525 5582 1718 5652 νεκρὸν
1753 5580 1832 5652 τῷ
1865 5579 2056 5650 κόσμῳ
2095 5594 2189 5632 κε-

612 5683 759 5738 λεύει
792 5683 1067 5752 γενέσθαι,
1103 5680 1198 5735 xal
1216 5679 1252 5749 ἡ
1271 5678 1534 5748 νεκρότης
1555 5672 1693 5742 αῦτη
1724 5670 1876 5724 οὐδὲν
1906 5669 2192 5741 παραϐλά-

678 5795 809 5844 'Sic
859 5795 979 5857 Reg.
1025 5801 1080 5848 ει
1126 5791 1276 5845 Savil.
1322 5789 1375 5841 In
1419 5787 1590 5841 Morel.
1632 5791 1799 5839 autem
1837 5785 2024 5850 legitur
2084 5782 2198 5832 ὅταν

615 5857 942 5922 προκειμένην.

2262 3013 2406 3060 πτει,
2439 2997 2573 3050 ἀλλά
2596 2998 2921 3067 κα“ιώφελεῖ,
2949 2997 3094 3068 ζωῆς
3113 2996 3259 3050 αἰτία
3282 2995 3569 3066 γενομένη·
3596 2999 3737 3048 οὓτω
3756 3007 3858 3049 και

2263 3087 2448 3159 μωρὸν
2493 3087 2707 3141 κελεύει
2741 3089 2819 3160 τῷ
2878 3090 3072 3159 κόσμῳ
3116 3088 3294 3158 τούτῳ
3331 3086 3608 3155 γενέσθαι,
3653 3087 3856 3154 σοφίαν

2261 3177 2511 3231 ἐντεῦθεν
2565 3181 2695 3250 ἡμῖν
2747 3180 2846 3250 τὴν
2889 3180 3061 3250 ἀληθῆ
3119 3177 3415 3249 προξενῶν.
3458 3178 3655 3248 Μωρὸς
3687 3177 3744 3230 δὲ
3773 3179 3857 3249 τῷ

2261 3269 2454 3339 κόσμῳ
2479 3268 2688 3337 γίνεται
2725 3271 2753 3322 ὁ
2789 3270 2888 3340 τὴν
2912 3269 3112 3333 ἔξωθεν
3155 3268 3439 3338 ἀτιμάζων
3487 3269 3705 3337 σοφίαν,
3758 3269 3860 3322 καὶ

2264 3360 2631 3428 πεπεισμένος
2685 3359 2852 3428 μηδὲν
2906 3359 3057 3429 αὐτῷ
3101 3359 3375 3413 συντελεῖν
3433 3361 3570 3429 πρὸς
3615 3357 3713 3428 τὴν
3751 3362 3861 3431 τῆς

2265 3450 2499 3511 πίστεως
2532 3448 2852 3519 κατάληψιν.
2889 3449 3102 3520 Ὠσπερ
3131 3445 3224 3502 οῦν
3251 3454 3284 3520 ὴ
3313 3450 3472 3503 πενία
3503 3453 3536 3520 ἠ
3565 3449 3680 3522 [Si]
3714 3452 3864 3504 κατά

2265 3542 2397 3594 Θεὸν
2423 3540 2655 3594 πλούτου
2677 3543 2844 3603 αἰτία,
2881 3544 2976 3595 καὶ
2996 3545 3038 3612 ἡ,
3057 3542 3406 3604 ταπείνωσις,
3448 3541 3638 3610 ὕψους,
3670 3541 3768 3594 καὶ
3798 3541 3863 3593 τὸ

2265 3631 2425 3701 δόξης
2464 3632 2740 3704 ὑπερορᾷν
2763 3633 2922 3702 δόξης
2958 3632 3132 3686 αἴτιον
3179 3633 3410 3700 γίνεται·
3454 3630 3619 3697 οὕτω,
3671 3631 3765 3684 καὶ
3797 3632 3864 3685 τὸ

2272 3726 2452 3796 μωρὸν
2485 3725 2743 3793 γενέσθαι
2793 3725 3103 3796 σοφώτερον
3131 3725 3348 3778 πάντων
3379 3726 3544 3777 ποιεῖ.
3587 3722 3722 3775 Ἀπὸ
3747 3723 3863 3794 γάρ

2268 3819 2378 3872 τῶν
2410 3819 2670 3872 ἐναντίων
2695 3820 2763 3873 τά
2789 3821 2921 3890 παρ’
2955 3821 3089 3889 ἡμῖν
3119 3818 3169 3870 δ.
3197 3818 3304 3872 Καὶ
3357 3816 3446 3869 διὰ
3481 3816 3535 3867 τί
3562 3815 3636 3885 μὴ
3675 3810 3858 3878 εἶπεν,

2283 3909 2596 3963 Ἀποθέσθω
2614 3909 2712 3980 τὴν
2738 3908 2948 3979 σοφίαν,
2990 3908 3148 3972 ἀλλά,
3175 3907 3454 3960 Γενέσθω
3474 3906 3710 3974 μωρός;
3740 3906 3864 3958 Ἵνα

2276 4001 2392 4072 μεθ’
2422 4000 2732 4072 ὑπερϐολῆς
2761 4001 3008 4072 ἀτιμάσῃ
3037 4000 3136 4070 τὴν
3159 3998 3357 4063 ἔξωθεν
3396 3996 3702 4051 παίδευσιν.
3726 3995 3864 4048 Ούδέ

2273 4091 2384 4162 γὰρ
2420 4087 2488 4161 ἦν
2513 4090 2624 4143 ἴσον
2661 4092 2856 4154 εἰπεῖν,
2893 4089 3119 4144 Ἀπόθου
3151 4105 3244 4140 σου
3267 4087 3367 4156 τὴν
3388 4085 3597 4155 σοφίαν,
3613 4086 3732 4148 καὶ,
3763 4084 3867 4136 Γεο

2274 4183 2368 4235 νοῦ
2410 4183 2614 4254 μωρός·
2653 4180 2828 4244 ἄλλως
2851 4179 3020 4232 δὲκαὶ
3043 4177 3286 4233 παιδεύει
3316 4177 3392 4249 μὴ
3430 4174 3864 4246 ἐπαισχύνεσθαι

2276 4276 2341 4345 τῇ
2383 4274 2512 4342 παρ’
2536 4273 2666 4343 ἡμῖν
2694 4271 2952 4341 ἰδιωτείᾳ·
2991 4270 3130 4323 πάνυ
3148 4268 3254 4340 γὰρ
3284 4266 3560 4337 καταγελᾷ
3597 4265 3706 4318 τῶν
3727 4264 3866 4328 ἐξω-

2277 4366 2390 4420 θεν.
2419 4365 2620 4435 Διόπερ
2657 4364 2780 4418 οὐδὲ
2819 4364 2885 4416 τά
2909 4363 3149 4432 ὀνόματα
3169 4361 3427 4422 δέδοικεν,
3451 4358 3639 4426 ἐπειδὴ
3666 4356 3870 4427 θαρρεῖ

2278 4458 2343 4523 τῇ
2374 4455 2482 4506 τῶν
2512 4455 2857 4522 πραγμάτων
2879 4453 3132 4519 δυνάμει.
3165 4451 3379 4517 Ὠσπερ
3416 4442 3510 4499 οῦν
3535 4449 3563 4497 ὁ
3601 4444 3865 4513 σταυρὸς,

2279 4543 2451 4596 δοκῶν
2483 4543 2843 4604 ἐπονείδιστος
2866 4537 3028 4601 εἶναι,
3055 4540 3266 4609 μυρίων
3296 4539 3518 4606 γέγονεν
3540 4536 3714 4598 αἴτιος
3733 4537 3870 4602 ἀγαι-

2283 4636 2414 4699 θῶν,
2433 4637 2529 4689 καὶ⁵
2544 4635 2703 4704 δόξης
2727 4634 2986 4696 ὑπόθεσις
3013 4632 3222 4700 ἀφάτου
3244 4630 3339 4684 καὶ
3370 4629 3515 4700 ῥίζα·
3538 4627 3682 4680 οὕτω
3712 4627 3809 4680 καὶ
3833 4628 3871 4698 ἡ

2280 4729 2515 4783 δοκοῦσα
2549 4727 2731 4798 μωρία
2759 4722 2929 4792 εἶναι,
2961 4723 3155 4793 σοφίας
3214 4723 3348 4793 ἡμῖν
3409 4721 3558 4774 αἰτία
3596 4720 3868 4790 κατέστη.

2284 4820 2551 4890 Καθάπερ
2579 4819 2687 4888 γὰρ
2725 4819 2754 4871 ό
2778 4816 2965 4879 κακῶς
3000 4833 3054 4868 τι
3086 4811 3445 4886 μεμαθηκὼς,
3481 4811 3548 4866 ἂν
3571 4811 3646 4884 μὴ
3670 4811 3734 4865 τὺ
3756 4813 3873 4866 πᾶν

2283 4915 2556 4986 ἀπόθηται
2573 4913 2666 4966 καὶ
2687 4911 2854 4982 λεάνῃ
2883 4909 2984 4980 τὴν
3005 4907 3182 4980 ψυχὴν
3199 4908 3294 4962 καὶ
3325 4907 3572 4980 καθαρὰν
3603 4904 3876 4976 παράσχῃ

2283 5005 2361 5077 τῷ
2385 5005 2630 5076 μέλλοντι
2654 5004 2908 5075 γράφειν,
2932 5001 3085 5056 οὐδὲν
3111 5001 3318 5054 εἴσεται
3349 4999 3519 5068 σαφὲς
3548 4997 3654 5051 τῶν
3671 4994 3869 5065 ὑγιῶν·

2285 5099 2427 5151 οὕτω
2456 5097 2551 5174 καὶ
2578 5097 2671 5148 ἐπὶ
2697 5097 2796 5166 τῆς
2823 5093 3021 5160 ἐξωθεν
3052 5092 3265 5160 σοφίας,
3293 5089 3360 5142 ἂν
3397 5089 3473 5159 μὴ
3510 5088 3572 5141 τὸ
3619 5089 3730 5141 πᾶν
3781 5085 3878 5153 ἐξ-

2287 5189 2436 5257 έλῃς,
2469 5189 2564 5240 καὶ
2590 5187 2844 5258 σαρώσῃς
2876 5200 2970 5235 σου
3001 5182 3102 5250 τὴν
3151 5179 3408 5244 διάνοιαν,
3428 5179 3524 5230 καὶ
3562 5177 3744 5248 ἐξίσης
3787 5176 3876 5246 τῷ

2293 5277 2475 5347 ἰδιώτῃ
2515 5277 2804 5348 παράσχῃς
2834 5273 3029 5326 σαυτὸν
3065 5273 3132 5339 τῇ
3173 5270 3376 5333 πίστει,
3413 5270 3567 5323 οὐδὲν
3604 5271 3726 5341 εῐσῃ
3751 5284 3878 5336 γεν-

2291 5370 2440 5420 ναῖον
2471 5365 2732 5436 ἀκριϐῶς.
2765 5364 2878 5417 Kal
2923 5362 3031 5431 γὰρ
3083 5361 3133 5412 οἰ
3175 5359 3638 5432 παραϐλέποντες,
3688 5357 3756 5410 ἂν
3793 5355 3879 5428 μὴ

2299 5459 2569 5528 μύσαντες
2637 5456 2863 5516 ἐαυτοὺς
2919 5451 3128 5522 ἐτέροις
3187 5451 3502 5523 παραδῶσιν
3527 5489 3542 5514 ,
3607 5445 3744 5501 ἀλλά
3800 5448 3876 5516 τῇ

2291 5549 2665 5621 διεφθαρμένη
2715 5545 2827 5600 τῶν
2871 5543 3165 5616 ὀφθαλμῶν
3203 5546 3325 5616 ὄψει
3357 5545 3428 5600 τὰ
3482 5539 3607 5596 καθ’
3643 5538 3880 5601 ἑαυτοὺς

2294 5641 2651 5713 ἐπιτρέψωσι,
2677 5637 2787 5691 τῶν
2818 5635 2916 5706 οὐχ
2935 5635 3185 5707 ὁρώντων
3215 5636 3394 5707 πολλῷ
3432 5630 3653 5686 πλείονα
3689 5628 3879 5700 ἀμαρ-

2295 5728 2577 5800 τησονται.

2365 5839 2394 5883 b
2417 5837 2490 5888 Ita
2517 5835 2641 5897 Reg.
2669 5832 2786 5888 Hac
2807 5832 3019 5885 deerant
3044 5833 3093 5885 In
3118 5831 3289 5883 Morel.
