4096 6326
244 342 300 399 8!
1375 339 1442 397 ιΝ
1481 340 1697 399 EPIST.
1749 340 1769 397 1

1958 344 2115 401 con.
2155 346 2390 406 noutL.
2431 348 2502 407 Χ.
3454 365 3523 419 η

236 453 483 511 exscindi
506 495 526 524 ,
556 467 614 510 et
663 469 763 511 nos
791 452 897 510 illis
924 453 1141 524 privari.
1174 452 1255 508 Tu
1284 466 1414 507 vero
1450 454 1495 508 si
1522 468 1676 509 ovem
1706 453 1820 509 fera

236 546 531 617 discerpat,
552 546 743 611 doles;
772 562 894 601 cum
920 555 1100 601 autem
1124 544 1178 600 id
1205 546 1257 599 in
1283 540 1643 615 cengenerem
1672 545 1825 612 facis,

238 652 345 692 non
377 648 537 707 putas
579 647 631 692 te
670 636 872 707 aliquid
918 635 1158 691 immane
1202 633 1421 691 facere?
1460 645 1516 691 et
1562 636 1831 706 quomodo

235 728 405 785 fueris
430 729 631 785 homo?
661 728 777 784 Non
809 728 958 784 vides
1002 743 1101 783 nos
1128 727 1415 783 humanam
1443 742 1562 783 eam
1606 743 1719 782 rem
1747 727 1830 782 di-

235 836 404 886 cere.
450 836 572 891 quae
621 819 987 875 misericordia
1033 819 1193 889 plena
1240 819 1311 874 sit
1354 827 1411 875 et
1459 817 1829 889 benignitate?

236 913 457 984 quando
488 920 669 967 autem
697 911 894 982 aliquid
921 926 1122 966 saevum
1154 920 1209 966 et
1243 910 1462 966 crudele
1487 911 1695 980 perficit
1730 910 1828 964 ho-

233 1018 346 1069 mo,
381 1004 733 1057 inhumanum
764 1002 909 1056 illum
931 1017 1203 1059 vocamus.
1237 1000 1421 1072 Itaque
1454 1001 1825 1075 characterem

233 1094 471 1148 hominis
497 1094 837 1164 depingimus
860 1107 890 1146 a
919 1093 1387 1148 commiseratione
1408 1134 1423 1158 ,
1471 1091 1600 1146 ferae
1645 1101 1823 1147 autem

230 1203 262 1243 a
293 1188 602 1253 contrario,
628 1201 842 1256 semper
866 1185 1106 1240 dicentes
1125 1224 1140 1249 ,
1166 1183 1301 1239 Num
1337 1182 1500 1238 homo
1529 1194 1610 1238 est
1636 1224 1651 1249 ,
1685 1183 1822 1251 fera,

229 1288 325 1333 aut
348 1278 536 1333 canis?
556 1276 812 1331 Homines
831 1276 972 1329 enim
997 1282 1362 1345 paupertatem
1385 1273 1686 1339 sublevant,
1715 1289 1823 1329 non

228 1378 451 1440 augent.
479 1368 683 1423 [lorum
705 1375 884 1422 autem
907 1372 999 1420 ora
1024 1366 1259 1420 ferarum
1283 1373 1407 1419 sunt
1428 1379 1546 1431 ora;
1576 1365 1683 1419 imo
1709 1364 1825 1419 haec

231 1472 363 1517 sunt
396 1462 505 1515 illis
530 1459 796 1516 ferociora
825 1476 839 1512 :
864 1456 1025 1513 verba
1055 1458 1197 1511 enim
1228 1456 1526 1528 proferunt,
1561 1472 1682 1528 qua:
1707 1472 1820 1511 ma-

229 1556 311 1625 gis
342 1569 506 1625 quam
552 1552 785 1607 ferarum
828 1549 1019 1604 dentes
1048 1550 1197 1603 virus
1227 1549 1537 1603 emittentes
1560 1589 1575 1614 ,
1620 1547 1822 1603 czedem

230 1654 465 1715 patrant.
493 1644 559 1699 Et
608 1643 652 1697 si
701 1643 817 1712 quis
843 1641 1023 1695 omnia
1054 1648 1408 1709 persequatur
1436 1679 1451 1704 ,
1504 1647 1631 1693 tunc
1675 1647 1822 1692 recte

228 1734 472 1800 videbit,
515 1730 785 1803 quomodo
816 1730 1177 1785 inhumanitas
1206 1744 1342 1794 eos,
1385 1730 1476 1799 qui
1520 1730 1599 1785 sic
1642 1727 1820 1784 affecti

226 1837 355 1883 sunt
375 1868 391 1894 ,
416 1827 558 1881 feras
584 1841 647 1881 ex
689 1823 995 1880 hominibus
1034 1822 1244 1879 reddat.
1290 1822 1444 1888 Quod
1472 1822 1517 1877 si
1546 1822 1665 1892 quis
1695 1822 1819 1877 illo-

226 1934 349 1974 rum
384 1928 617 1973 mentem
644 1914 1029 1972 examinaverit
1048 1955 1063 1980 ,
1092 1929 1198 1968 non
1226 1912 1364 1967 ultra
1394 1914 1535 1968 feras
1562 1922 1765 1967 tantum
1788 1953 1804 1979 ,

226 2010 323 2067 sed
352 2010 519 2064 etiam
560 2007 833 2063 daemonas
880 2006 998 2060 illos
1024 2003 1256 2059 vocabit.
1316 2003 1455 2057 Sunt
1480 2004 1624 2057 enim
1654 2003 1820 2056 multa

223 2096 567 2156 immanitate
591 2098 768 2168 pleni,
791 2106 846 2151 et
869 2095 993 2150 odio
1014 2096 1065 2149 in
1087 2109 1379 2150 conservos
1404 2109 1420 2148 :
1445 2092 1517 2148 ibi
1541 2108 1645 2147 non
1668 2107 1820 2147 amor

226 2193 379 2262 regni
406 2200 493 2247 est
536 2205 709 2261 neque
738 2199 910 2246 metus
938 2189 1199 2259 gehennae
1218 2230 1233 2253 ,
1288 2203 1394 2243 non
1424 2187 1701 2242 hominum
1730 2202 1819 2242 re-

225 2284 471 2340 verentia
494 2324 508 2345 ,
537 2298 644 2338 non
685 2281 1053 2337 misericordia
1079 2321 1094 2345 ,
1121 2290 1227 2334 non
1256 2281 1653 2334 commiseratio
1674 2320 1689 2345 ,
1725 2281 1819 2335 sed

228 2373 564 2444 impudentia
592 2414 606 2437 ,
635 2372 922 2443 petulantia
943 2412 958 2437 ,
986 2381 1040 2426 et
1088 2371 1389 2427 futurorum
1418 2372 1655 2427 omnium
1685 2388 1818 2427 con-

227 2474 470 2536 temptus
502 2484 515 2520 :
543 2474 594 2521 et
623 2464 812 2520 fabulae
840 2465 969 2535 ipsis
995 2464 1245 2520 videntur
1273 2480 1394 2519 esse
1434 2465 1526 2519 Dei
1557 2465 1718 2519 verba
1750 2465 1818 2520 de

226 2555 499 2626 supplicio
530 2555 709 2608 futuro
730 2595 746 2619 ,
774 2564 830 2609 et
854 2554 969 2623 ejus
1012 2554 1171 2609 mina
1199 2554 1360 2609 risus.
1391 2552 1538 2609 Talis
1567 2554 1707 2609 enim
1738 2562 1821 2609 est

225 2651 377 2705 avari
407 2664 585 2705 mens.
613 2648 745 2704 Cum
771 2663 899 2718 ergo
925 2648 1245 2703 intrinsecus
1268 2648 1544 2703 daemones
1572 2650 1698 2714 sint,
1726 2664 1821 2703 ex-

227 2743 499 2797 trinsecus
533 2753 664 2794 vero
712 2739 878 2804 ferae,
929 2749 984 2794 et
1034 2738 1159 2793 feris
1186 2739 1518 2794 deteriores:
1561 2740 1814 2805 ubinam,

222 2845 414 2896 quasso
438 2871 454 2895 ,
485 2829 605 2884 illos
630 2828 1049 2884 collocahimus?
1072 2828 1223 2896 Quod
1252 2830 1393 2885 enim
1436 2829 1566 2885 feris
1589 2829 1696 2884 sint
1724 2829 1818 2885 de-

1930 457 2177 525 teriores,
2202 459 2328 515 hinc
2356 461 2529 531 palam
2556 470 2661 531 est,
2690 467 2832 535 quod
2854 468 2981 525 ferte
3002 480 3189 527 natura
3219 472 3327 529 sint
3353 476 3519 543 tales;

1940 548 1993 602 hi
2023 564 2152 605 vero
2178 554 2264 621 qui
2308 554 2600 610 secundum
2638 568 2880 615 naturam
2920 565 3388 623 mansuetudinem
3416 568 3517 623 ha-

1935 640 2083 707 bent,
2116 654 2312 713 printer
2356 655 2601 704 naturam
2642 650 2693 704 in
2726 650 2925 708 ferinos
2964 670 3144 711 mores
3176 660 3405 719 transire
3434 661 3519 714 ni-

1936 740 2143 787 tuntur.
2194 734 2273 789 Ac
2318 736 2590 794 dazmones
2640 741 2854 810 quidem
2912 743 3156 801 homines
3204 746 3521 806 insidiantes

1935 822 2038 876 sibi
2066 837 2222 894 opem
2254 825 2486 883 ferentes
2528 828 2760 897 habent;
2792 834 2987 906 quippe
3018 836 3061 891 si
3088 851 3243 907 opem
3271 854 3375 893 non
3406 840 3519 894 fcr-

1935 924 2086 981 rent,
2116 933 2308 988 magna
2341 934 2465 990 pars
2492 921 2621 991 ipsis
2652 924 2967 981 insidiarum
3012 939 3199 983 contra
3248 946 3346 988 nos
3376 944 3521 987 stru-

1933 1014 2140 1060 ctarum
2163 1009 2369 1063 sublata
2397 1023 2541 1068 esset
2572 1030 2585 1064 :
2616 1012 2670 1068 hi
2701 1030 2830 1071 vero
2874 1032 2988 1083 eos,
3017 1020 3107 1089 qui
3139 1020 3208 1075 ab
3237 1036 3296 1076 se
3323 1038 3523 1077 vexan-

1934 1103 2051 1162 tur,
2082 1100 2241 1153 etiam
2268 1102 2658 1159 contendentes
2684 1119 2864 1160 secum
2890 1148 2905 1171 ,
2950 1124 3208 1177 superare
3252 1112 3517 1168 nituntur.

1931 1186 2139 1243 Rursus
2167 1188 2377 1245 dmmon
2426 1191 2699 1250 hominem
2746 1196 2884 1251 bello
2919 1196 3153 1267 impetit,
3185 1216 3292 1255 non
3335 1214 3517 1259 autem

1931 1277 2203 1335 daemonas
2230 1284 2311 1337 sui
2332 1287 2581 1353 generis:
2610 1287 2698 1342 hic
2727 1303 2856 1343 vero
2884 1304 3211 1361 congeneres
3240 1302 3294 1349 et
3324 1309 3514 1349 neces-

1932 1371 2105 1426 sarios
2132 1373 2441 1429 omnimoda
2470 1378 2754 1432 vexatione
2795 1378 3001 1449 affligit,
3032 1396 3211 1451 neque
3238 1393 3520 1439 reveretur

1932 1468 2200 1515 naturam.
2235 1464 2360 1518 Scio
2396 1467 2593 1522 mullos
2634 1483 2786 1534 esse,
2816 1472 2904 1540 qui
2951 1474 3021 1527 ob
3066 1473 3180 1531 bmc
3209 1474 3371 1530 verba
3419 1492 3518 1531 nos

1930 1550 2053 1604 odio
2080 1550 2278 1607 habent
2308 1572 2322 1607 :
2354 1572 2451 1625 ego
2482 1572 2611 1611 vero
2638 1559 2755 1613 illos
2799 1576 2904 1615 non
2934 1563 3045 1627 odi,
3074 1564 3168 1619 sed
3196 1581 3383 1621 eorum
3415 1567 3516 1621 mi-

1929 1658 2137 1712 sereor,
2161 1654 2214 1700 et
2234 1662 2327 1700 eos
2350 1649 2438 1716 qui
2462 1650 2539 1703 sic
2559 1650 2733 1705 allecti
2762 1662 2885 1707 sunt
2907 1655 3159 1726 lacrytnis
3182 1672 3514 1728 prosequor:

1929 1733 2138 1788 etiamsi
2176 1746 2459 1804 percutere
2490 1740 2688 1805 velint,
2723 1742 2951 1797 libenter
2997 1746 3049 1799 id
3084 1747 3295 1801 tulerim
3321 1790 3336 1811 ,
3371 1749 3416 1803 si
3446 1750 3515 1804 ab

1929 1822 2029 1879 hac
2060 1825 2271 1881 feritate
2298 1828 2569 1883 abstinere
2603 1832 2789 1886 velint.
2831 1832 3015 1903 Neque
3042 1835 3183 1889 enim
3208 1853 3307 1906 ego
3332 1839 3512 1906 solus,

1928 1914 2024 1970 sed
2049 1917 2210 1971 etiam
2240 1921 2497 1988 propheta
2528 1922 2803 1975 nobiscum
2834 1922 3140 1993 hujusmodi
3171 1924 3417 1982 homines
3441 1929 3511 1984 ab

1928 2005 2156 2061 humana
2184 2013 2503 2079 cognatione
2542 2012 2801 2080 expellit,
2835 2013 3058 2068 dicens:
3092 2015 3263 2070 Homo
3303 2033 3420 2071 cum
3459 2020 3515 2073 in

1926 2100 2116 2153 honore
2144 2109 2289 2165 esset,
2320 2117 2419 2155 non
2446 2102 2717 2169 intellexit,
2748 2106 2837 2157 sed
2865 2118 3191 2176 comparatus
3218 2119 3290 2163 est
3308 2111 3517 2178 jumen-

1927 2192 1990 2246 tis
2018 2192 2366 2262 insipientibus
2396 2194 2415 2263 (
2440 2191 2586 2247 Psal.
2615 2194 2703 2248 58.
2730 2194 2792 2250 2|
2824 2194 2866 2264 ).
2894 2196 3073 2251 Simus
3112 2212 3240 2267 ergo
3269 2198 3514 2255 homines

1926 2285 2139 2338 tandem
2169 2284 2487 2354 aliquando,
2532 2296 2586 2339 et
2633 2286 2686 2339 in
2714 2286 2905 2340 cmlnm
2936 2289 3320 2357 respiciamus:
3352 2300 3514 2358 atque

1926 2376 2052 2430 illud
2082 2377 2377 2433 secundum
2410 2378 2695 2449 imaginem
2737 2380 3068 2450 accipiamus
3096 2381 3244 2449 (Col.
3277 2383 3330 2437 5.
3372 2382 3511 2453 l0),

1924 2474 1977 2520 et
2004 2480 2103 2520 nos
2133 2468 2277 2535 ipsos
2323 2482 2708 2535 recuperemus
2732 2510 2746 2532 ,
2777 2478 2835 2523 ut
2862 2479 2914 2524 et
2955 2470 3129 2525 futura
3158 2472 3299 2526 bona
3322 2487 3513 2527 consc-

1924 2573 2186 2627 quarnur,
2218 2558 2387 2628 gratia
2437 2566 2488 2614 et
2534 2560 2863 2630 benignitate
2915 2564 3125 2617 Domini
3168 2566 3339 2618 nostri
3386 2565 3512 2620 Jcstt

1923 2648 2153 2716 Christi,
2182 2650 2396 2720 quicum
2427 2650 2570 2704 Patri
2598 2667 2807 2722 unaque
2834 2652 3055 2721 Spiritui
3082 2666 3289 2719 sancto,
3314 2656 3507 2724 gloria,

1926 2742 2235 2810 imperium,
2268 2743 2461 2809 honor,
2494 2758 2635 2798 nunc
2661 2750 2715 2799 et
2741 2759 2957 2814 semper
2979 2785 2994 2811 ,
3025 2754 3078 2801 et
3106 2745 3157 2799 in
3188 2746 3383 2801 saecula
3413 2762 3514 2801 sa:-

1923 2832 2186 2888 culorum.
2216 2832 2411 2887 Amen.

1644 3125 1989 3186 HOMILIA
2032 3125 2117 3186 X.

221 3279 365 3334 Car.
395 3280 453 3335 3.
478 3293 530 3332 v.
560 3276 649 3332 18.
681 3275 845 3330 Nemo
873 3275 1092 3346 seipsum
1118 3272 1346 3327 seducet.
1390 3272 1452 3327 Si
1484 3273 1595 3342 quis
1623 3273 1823 3326 videtur

302 3370 511 3438 sapiens
534 3383 639 3422 esse
656 3369 708 3421 in
736 3366 830 3420 hoc
846 3365 1053 3430 uacula,
1080 3364 1267 3419 stultus
1288 3364 1399 3432 ﬁat,
1421 3372 1476 3416 ut
1504 3363 1567 3415 sit
1592 3364 1815 3433 sapiens.

302 3464 394 3519 i9.
427 3462 697 3533 Sapientia
740 3462 872 3515 enim
918 3460 1071 3530 hujus
1118 3458 1294 3511 mundi
1337 3456 1551 3510 stultitia
1590 3465 1663 3509 est
1684 3455 1823 3526 apud

304 3556 490 3609 Deum.

306 3648 363 3701 1.
408 3645 673 3710 Quomodo
704 3643 903 3698 Paulus
951 3643 1006 3695 in
1046 3640 1306 3711 arguendo
1335 3638 1612 3710 fornicario
1643 3655 1821 3706 proce-

231 3740 345 3792 dat.
373 3736 509 3790 Mori
538 3736 654 3788 huic
684 3734 872 3787 mundo
900 3732 1022 3801 quid
1048 3732 1133 3784 sit.
1159 3730 1323 3784 —Ut
1342 3744 1500 3797 supra
1528 3728 1669 3793 dixi,
1702 3744 1821 3781 cum

232 3840 365 3886 ante
394 3837 758 3899 opportunum
789 3834 999 3895 tempus
1020 3821 1086 3876 ad
1128 3820 1481 3876 incusandum
1524 3820 1705 3883 illum,
1733 3822 1822 3888 qui

236 3922 530 3975 fornicatus
574 3918 779 3983 fuerat,
824 3914 1084 3971 deductus
1155 3921 1331 3976 esset,
1380 3920 1434 3967 et
1488 3911 1821 3981 mnigmatice

237 4011 386 4065 illum
440 4010 623 4076 paucis
675 4005 1123 4077 perstrinxisset,
1154 4004 1376 4073 ejusque
1436 4002 1822 4057 conscientiam

237 4104 609 4171 exagitasset;
656 4102 827 4169 pergit
872 4100 1059 4153 rurSus
1117 4096 1181 4151 ad
1232 4111 1460 4166 pugnam
1502 4104 1687 4150 contra
1740 4110 1827 4148 sa-

236 4194 496 4261 pientiam
524 4200 805 4246 externam
834 4230 849 4253 ,
883 4198 938 4243 et
968 4189 1089 4243 illos
1130 4187 1401 4251 adoritur,
1446 4188 1535 4255 qui
1563 4186 1688 4242 inde
1742 4189 1824 4244 in-

239 4282 353 4336 nati
385 4281 701 4337 scindebant
732 4280 1033 4335 Ecclesiam
1058 4294 1075 4343 ;
1100 4287 1155 4332 ut
1185 4279 1248 4332 iis
1271 4293 1390 4348 qua:
1435 4278 1645 4332 residua
1673 4287 1825 4333 erant

238 4372 459 4439 additis,
489 4384 766 4445 postquam
794 4371 898 4426 hoc
924 4378 1082 4441 caput
1108 4380 1359 4425 accurate
1397 4370 1721 4440 perfecerit,
1746 4370 1823 4425 sic

239 4482 431 4521 rursus
458 4474 643 4519 contra
671 4463 1014 4519 fornicarium
1038 4477 1159 4516 cum
1187 4462 1387 4531 impetu
1413 4462 1631 4528 feratur,
1663 4476 1821 4531 quem

234 4556 347 4625 jam
374 4571 537 4626 supra
567 4557 689 4610 telis
738 4554 952 4609 emissis
998 4554 1284 4623 aggressus
1328 4562 1431 4606 est.
1480 4552 1611 4606 Nam
1659 4551 1819 4618 illud,

240 4649 409 4703 Nemo
433 4650 654 4718 seipsum
692 4648 933 4713 seducat,
968 4647 1032 4701 ad
1068 4647 1218 4701 illum
1244 4646 1477 4701 maxime
1500 4646 1737 4715 respicit,
1767 4653 1821 4700 et

238 4742 389 4797 illum
418 4751 563 4797 metu
606 4741 775 4796 afﬁcit
817 4740 1131 4811 mitigatque
1159 4756 1174 4805 ;
1206 4739 1456 4809 quodque
1507 4739 1575 4794 de
1623 4740 1820 4808 stipula

237 4834 473 4898 dicitur,
520 4832 667 4887 illum
711 4833 977 4903 praecipue
1022 4830 1362 4894 subindicat;
1407 4838 1613 4885 etcum
1657 4831 1817 4898 dicit,

239 4924 469 4978 Nescitis
491 4926 609 4993 quia
636 4924 879 4995 templum
905 4922 1004 4976 Dei
1023 4924 1159 4986 estis,
1185 4932 1230 4975 et
1259 4922 1487 4990 Spiritus
1512 4921 1605 4977 Dei
1630 4923 1821 4976 habitat

236 5016 292 5069 in
322 5014 512 5067 "vobis?
537 5014 663 5069 Haec
692 5016 890 5086 quippe
914 5014 1021 5069 duo
1048 5012 1279 5068 maxime
1306 5013 1483 5067 solent
1511 5028 1663 5091 nos_a
1696 5028 1820 5082 pec:

236 5112 361 5161 cato
402 5103 668 5161 abducere
700 5123 713 5158 :
743 5104 955 5176 quando
996 5104 1284 5175 repositam
1334 5110 1550 5171 peccato
1596 5117 1816 5173 pmnam

236 5195 569 5266 cogitamus,
599 5204 654 5250 et
682 5197 895 5265 quando
919 5194 1235 5266 dignitatem
1266 5202 1505 5249 nostram
1532 5193 1817 5247 nobiscum

238 5297 571 5359 reputamus.
600 5286 734 5342 Cum
763 5302 891 5357 ergo
923 5289 1120 5344 fcenum
1148 5304 1210 5343 ac
1238 5287 1482 5357 stipulam
1508 5290 1558 5341 in
1583 5286 1816 5341 medium

238 5378 494 5443 adduxit,
546 5377 839 5442 exterruit;
871 5392 993 5432 cum
1024 5389 1203 5433 autem
1246 5378 1475 5449 proprias
1519 5377 1816 5433 nobilitatis

236 5466 548 5541 dignitatem
576 5467 781 5532 intulit,
814 5466 1015 5535 pudore
1042 5470 1247 5536 affecit;
1280 5469 1371 5524 illo
1400 5469 1619 5540 quidem
1651 5468 1813 5524 modo

232 5560 559 5631 stupidiores
581 5600 597 5625 ,
629 5561 729 5614 hoc
752 5565 929 5613 autem
956 5560 1341 5618 moderatiores
1366 5561 1597 5617 reddens
1621 5560 1814 5615 melio-

233 5666 344 5707 res.
376 5647 543 5705 Nemo
582 5650 805 5717 seipsum
850 5640 1075 5705 seducat.
1120 5652 1181 5706 Si
1218 5654 1328 5723 quis
1368 5652 1563 5707 videtur
1609 5652 1813 5721 sapiens

235 5756 343 5798 esse
380 5744 433 5799 in
476 5744 571 5800 hoc
600 5746 786 5801 saculo
806 5788 820 5813 ,
852 5745 1030 5802 stultus
1057 5745 1164 5814 fiat.
1201 5734 1656 5813 Quasimortuum
1683 5743 1807 5800 huic

1928 3270 2130 3326 mundo
2160 3270 2271 3325 fieri
2299 3269 2453 3339 jubet
2482 3286 2497 3321 :
2522 3284 2669 3325 mors
2719 3278 2897 3324 autem
2924 3264 3226 3338 hujusmodi
3257 3270 3387 3325 nihil
3416 3271 3512 3325 Ire-

1926 3366 2024 3429 dit,
2052 3367 2158 3418 imo
2182 3364 2351 3433 juvat.
2382 3377 2503 3417 cum
2532 3363 2601 3417 sit
2627 3363 2750 3416 vitze
2777 3378 2962 3418 causa.
2990 3363 3078 3418 Sic
3104 3363 3263 3417 etiam
3293 3363 3512 3416 stultum

1928 3458 2050 3512 huic
2080 3456 2277 3511 mundo
2307 3454 2419 3511 fieri
2444 3456 2627 3525 jubet,
2660 3455 2784 3509 hinc
2812 3456 2965 3511 nobis
2994 3470 3175 3510 veram
3200 3455 3515 3526 sapientiam

1926 3548 2236 3603 concilians.
2281 3548 2489 3601 Stultus
2531 3556 2709 3603 autem
2752 3546 2953 3601 mundo
2999 3546 3267 3612 efficitur,
3297 3547 3387 3617 qui
3418 3561 3516 3601 cx-

1930 3651 2133 3696 ternam
2157 3641 2476 3709 sapientiam
2500 3639 2747 3707 despicit,
2774 3654 3087 3708 persuasum
3116 3637 3337 3699 habens,
3370 3638 3515 3691 illam

1927 3732 2024 3785 sibi
2056 3730 2183 3783 nihil
2214 3731 2279 3783 ad
2311 3728 2469 3783 tidem
2497 3727 2895 3797 adipiscendam
2920 3728 3213 3797 adjuinenti
3242 3726 3510 3782 conferre.

1927 3819 2386 3887 Quemadmodum
2434 3835 2563 3889 ergo
2594 3832 2879 3889 paupertas
2906 3819 3201 3873 secundum
3236 3819 3399 3872 Deum
3429 3818 3513 3872 di-

1927 3913 2180 3966 vitiarnm
2219 3926 2376 3967 causa
2404 3919 2524 3976 est,
2556 3921 2610 3965 et
2653 3910 2925 3965 humilitas
2953 3910 3273 3973 altitudinis,
3322 3920 3373 3963 et
3399 3910 3515 3979 glo-

1928 4007 2020 4061 riae
2048 4006 2331 4075 despectus
2355 4013 2437 4059 est
2478 4004 2661 4073 glorize
2692 4018 2852 4057 causa
2878 4020 2892 4067 ;
2920 4003 2989 4056 ita
3017 4012 3068 4057 et
3099 4003 3319 4055 stultum
3351 4000 3464 4055 ﬁeri
3492 4042 3508 4063 ,

1928 4097 2177 4152 omnibus
2207 4096 2590 4167 sapientiorem
2616 4095 2801 4149 efficit.
2837 4094 2916 4148 Ex
2946 4094 3230 4148 contrariis
3258 4093 3399 4147 enim
3430 4106 3517 4145 res

1931 4200 2128 4244 nostrze
2154 4194 2421 4243 constant.
2459 4186 2526 4240 Et
2554 4201 2650 4240 cur
2680 4201 2801 4241 non
2817 4186 2986 4253 dixit,
3022 4185 3263 4253 Deponat
3293 4184 3510 4253 sapien-

1928 4279 2077 4344 tiam,
2107 4278 2224 4343 sed,
2260 4276 2460 4332 Stultus
2488 4276 2617 4345 ﬁat?
2650 4274 2718 4331 Ut
2759 4284 3034 4331 externam
3064 4274 3399 4342 disciplinam
3426 4288 3514 4325 su-
3579 4324 3581 4326 .

1928 4384 2021 4437 pra
2045 4369 2260 4422 modum
2290 4368 2605 4423 dedecoret.
2647 4366 2831 4437 Neque
2858 4366 3001 4421 enim
3050 4365 3277 4435 idipsum
3328 4363 3515 4418 fuiSset

1926 4461 2133 4526 dicere,
2166 4462 2381 4530 Depone
2406 4460 2748 4529 sapientiam,
2796 4467 2851 4513 et
2876 4457 3084 4512 Stultus
3113 4455 3228 4510 ﬁas.
3261 4454 3511 4524 Alioquin

1927 4567 2055 4607 vero
2084 4552 2243 4607 docet
2274 4552 2435 4607 etiam
2465 4568 2570 4606 non
2599 4550 3024 4605 erubescendum
3052 4564 3172 4605 esse
3204 4548 3271 4603 de
3297 4564 3357 4602 ea
3395 4562 3513 4616 quae

1927 4644 2066 4713 apud
2118 4659 2215 4699 nos
2247 4653 2329 4698 cst
2372 4644 2751 4713 simplicitate:
2778 4650 2999 4697 externa
3049 4642 3194 4695 enim
3226 4638 3512 4693 admodum

1926 4734 2133 4788 irridet.
2181 4734 2519 4804 QuaprOpter
2550 4734 2763 4788 nomina
2810 4750 2916 4788 non
2961 4734 3145 4799 timet,
3176 4731 3428 4803 quoniam
3456 4732 3512 4785 in

1926 4843 2105 4881 rerum
2136 4826 2332 4881 virtute
2367 4827 2607 4882 conlidit.
2636 4825 2704 4881 Ut
2736 4826 2895 4895 igitur
2920 4840 3070 4889 crus,
3099 4841 3219 4894 qum
3249 4823 3509 4894 probrosa

1924 4935 2012 4974 res
2038 4920 2247 4975 videtur
2274 4936 2418 4986 esse,
2452 4920 2716 4974 bonorum
2744 4918 3207 4973 innumerabilium
3234 4930 3390 4971 causa
3411 4954 3428 4981 ,
3458 4924 3516 4971 et

1923 5013 2104 5082 gloriae
2130 5013 2413 5068 inell‘abilis
2446 5012 2663 5067 occasio
2691 5022 2744 5066 et
2771 5010 2922 5065 radix
2967 5010 3119 5065 nobis
3165 5008 3261 5062 fuit
3290 5025 3303 5061 :
3338 5007 3415 5062 sic
3443 5022 3507 5061 ea

1922 5119 2041 5174 qua:
2066 5104 2275 5158 videtur
2296 5118 2417 5159 esse
2444 5102 2690 5167 stultitia,
2715 5102 2993 5170 sapientia:
3020 5101 3174 5155 nobis
3202 5114 3363 5153 causa
3388 5097 3509 5152 fuit.

1922 5195 2071 5250 Sicut
2099 5197 2242 5250 enim
2268 5196 2312 5249 is
2341 5195 2428 5263 qui
2460 5194 2599 5250 male
2624 5193 2895 5264 quidpiam
2944 5193 3152 5256 didicit,
3190 5190 3290 5244 nisi
3336 5200 3507 5244 totum

1922 5286 2180 5358 deponat,
2209 5287 2550 5358 animamque
2577 5288 2625 5341 ei
2656 5286 2745 5356 qui
2773 5287 3066 5355 scripturus
3101 5292 3184 5336 est
3216 5282 3423 5352 planam
3454 5293 3508 5334 et

1924 5396 2107 5450 puram
2136 5381 2359 5444 reddat,
2393 5396 2459 5435 ex
2486 5379 2632 5433 sanis
2678 5380 2838 5434 rebus
2879 5376 3010 5431 nihil
3049 5375 3194 5431 clare
3236 5374 3500 5429 sciet:ita

1920 5471 2079 5525 etiam
2128 5472 2180 5526 in
2231 5481 2449 5526 externa
2502 5471 2795 5541 sapientia,
2844 5468 2943 5523 nisi
2995 5476 3164 5521 totum
3214 5464 3402 5521 eradas
3445 5472 3501 5518 et

1920 5573 2153 5619 mentem
2179 5577 2430 5632 everras,
2460 5571 2515 5618 et
2542 5564 2694 5635 quasi
2740 5562 2903 5616 idiota
2936 5560 3057 5615 lidei
3100 5570 3154 5614 te
3192 5556 3453 5612 obtuleris
3479 5598 3496 5621 ,

1921 5655 2050 5709 nihil
2083 5656 2393 5725 praeclarum
2432 5656 2519 5711 vel
2564 5656 2834 5711 sincerum
2881 5664 3127 5709 accurate
3172 5649 3329 5705 scies.
3363 5649 3495 5703 Nam

1918 5746 2007 5818 qui
2037 5745 2249 5818 oblique
2274 5747 2490 5819 vident,
2520 5745 2622 5803 nisi
2652 5746 2846 5803 clausis
2872 5743 3041 5803 oculis
3082 5756 3150 5817 se.
3177 5742 3293 5796 aliis
3326 5739 3491 5796 tradi-
