4096 6326
559 391 633 447 33
1305 381 1365 439 S.
1404 379 1682 438 JOANNIS
1706 377 2155 438 cunvsosrou

2262 377 2547 437 lBCﬂlEP.
2580 378 3113 438 CONSTANTINOP.
3771 378 3849 438 ει

562 502 764 565 derint,
787 498 885 556 sed
905 496 1262 554 male’all'ecto
1291 498 1423 551 visui
1452 512 1548 554 sua
1586 497 1949 567 permiserint,
1977 497 2151 560 magis

565 594 846 655 (trahunt.
874 605 1032 662 quam
1062 591 1152 661 qui
1182 604 1290 643 non
1318 588 1521 643 vident.

662 684 889 740 Externa
944 682 1199 753 sapientia
1260 681 1580 751 reprobatur.
1610 709 1681 721 —
1709 678 1779 734 Et
1841 677 2112 749 quomodo
2134 720 2151 745 ,

567 779 812 850 inquies,
851 776 1025 847 possit
1072 774 1191 830 hac
1234 785 1459 831 externa
1507 773 1767 842 sapientia
1822 770 2057 842 deponi?
2094 770 2152 825 Si

568 884 753 926 eorum
794 867 1076 936 disciplina
1124 881 1233 921 non
1288 865 1469 920 utaris.
1517 863 1721 919 Deinde
1762 872 2043 934 postquam
2086 859 2156 917 ab

568 959 659 1015 illa
686 957 954 1013 desistere
997 964 1107 1011 tam
1134 970 1324 1025 aspere
1348 955 1543 1023 jussit,
1572 968 1788 1008 causam
1814 953 1975 1009 etiam
2002 950 2158 1006 all'ert

566 1051 652 1105 his
690 1050 869 1105 verbis
900 1067 914 1102 :
946 1048 1035 1104 19.
1077 1045 1348 1117 Sapientia
1375 1047 1508 1101 enim
1551 1045 1707 1114 huius
1734 1043 1914 1097 mundi
1937 1042 2157 1097 stultitia

565 1151 643 1196 est
683 1140 825 1211 apud
868 1139 1053 1193 Deum.
1078 1137 1197 1193 Non
1232 1137 1392 1192 modo
1422 1136 1564 1192 enim
1595 1134 1728 1190 nihil
1771 1133 2013 1199 confert,
2058 1131 2154 1187 sed

564 1232 729 1287 etiam
755 1229 1001 1299 impedit.
1031 1228 1257 1300 Oportet
1288 1230 1448 1299 igitur
1487 1228 1557 1282 ab
1594 1228 1685 1282 illa
1728 1227 2023 1291 absistere,
2068 1234 2156 1279 ut-

568 1332 697 1391 pote
720 1337 840 1393 qua:
865 1329 1081 1377 noceat.
1109 1319 1300 1375 Viden‘
1323 1319 1591 1390 quomodo
1618 1320 1846 1374 ubertim
1881 1318 2156 1372 victoriam

568 1412 785 1478 tulerit,
816 1412 1109 1467 ostendens
1133 1412 1279 1466 illam
1311 1426 1417 1466 non
1449 1410 1613 1467 modo
1634 1410 1769 1465 nihil
1806 1424 1906 1465 nos
1928 1409 2116 1478 iuvare
2137 1449 2156 1474 ,

566 1504 664 1559 sed
706 1504 871 1559 etiam
916 1503 1072 1558 nobis
1098 1502 1427 1571 contrariam
1456 1501 1623 1557 esset
1669 1500 1853 1571 Neque
1888 1500 2003 1554 suis
2028 1513 2158 1554 eon-

566 1601 751 1649 tentus
774 1594 1130 1665 argumentis,
1158 1592 1521 1648 testimonium
1549 1606 1737 1648 rursus
1761 1592 1912 1648 aﬂ’ert
1930 1590 2116 1647 dicens
2137 1607 2155 1657 :_

567 1683 836 1753 Scriptum
876 1691 956 1737 est
1002 1684 1138 1737 enim
1184 1698 1199 1736 :
1236 1682 1338 1749 Qui
1374 1682 1757 1753 comprehendit
1798 1683 2052 1753 sapientes
2102 1681 2159 1736 in

566 1776 755 1829 astutia
776 1791 976 1829 eorum.
1007 1774 1239 1841 Astutia,
1278 1773 1330 1829 id
1357 1782 1475 1841 est,
1516 1774 1629 1831 suis
1654 1774 1775 1831 illos
1801 1775 1966 1830 armis
1991 1774 2153 1845 capit.

568 1865 701 1935 Quia
740 1866 885 1921 enim
938 1866 1135 1921 astutia
1180 1865 1265 1922 usi
1313 1873 1469 1929 sunt,
1521 1874 1581 1919 ut
1631 1880 1701 1921 ne
1751 1866 1862 1921 Deo
1898 1865 2161 1921 haberent

568 1972 739 2027 opus,
776 1971 874 2027 per
899 1956 1042 2011 hanc
1090 1956 1261 2025 ipsam
1290 1956 1542 2010 astutiam
1572 1955 1679 2009 illis
1724 1954 1973 2026 probavit
2014 1954 2158 2026 quod

566 2048 802 2102 maxime
855 2047 967 2101 Deo
1024 2054 1238 2116 egeant.
1288 2046 1405 2113 Quo
1451 2044 1650 2100 modo?
1699 2045 1853 2114 Quod
1896 2060 1993 2116 per
2035 2060 2155 2102 eam

569 2137 718 2192 stulti
749 2137 960 2204 ell‘ecti,
1010 2138 1208 2193 merito
1244 2152 1343 2206 per
1382 2136 1628 2192 eamdem
1679 2138 1823 2207 capti
1865 2138 1993 2193 sint.
2023 2137 2157 2193 Nam

570 2228 660 2298 qui
705 2230 962 2298 putabant
996 2244 1060 2285 se
1098 2228 1208 2283 Deo
1248 2244 1355 2283 non
1391 2244 1527 2299 opus
1562 2228 1799 2296 habere,
1842 2229 1911 2284 ad
1958 2238 2157 2285 tantam

569 2318 777 2374 redacti
813 2329 944 2392 sunt
978 2311 1306 2393 egestatem,
1347 2328 1405 2373 ut
1429 2320 1786 2389 piscatoribus
1812 2328 1868 2375 et
1896 2319 2159 2375 illiteratis

569 2413 807 2467 minores
830 2420 1148 2481 apparerent
1173 2451 1189 2476 ,
1216 2410 1455 2481 ipsisque
1474 2410 1690 2469 demum
1712 2425 1849 2481 opus
1872 2410 2155 2466 haberent.

570 2499 699 2558 Ideo
741 2502 849 2567 ait,
882 2502 941 2556 ln
985 2501 1181 2558 astutia
1212 2502 1452 2572 ipsorum
1482 2504 1627 2572 cepit
1668 2502 1812 2559 illos.
1855 2501 1988 2558 Nam
2033 2518 2157 2559 cum

570 2593 737 2660 dicit,
781 2593 1005 2647 Perdant
1043 2594 1345 2665 sapientiam
1394 2593 1491 2667 (l.
1535 2592 1656 2649 Cor.
1697 2596 1750 2650 1.
1794 2595 1943 2665 19),
1988 2595 2158 2665 ipsam

570 2684 639 2740 ad
668 2685 804 2741 nihil
862 2686 994 2742 utile
1024 2686 1278 2741 inducere
1316 2686 1585 2756 signiﬁcat
1612 2702 1626 2738 :
1659 2685 1787 2740 illud
1816 2695 2026 2750 autem,
2059 2684 2161 2751 Qui

569 2778 946 2847 comprehendit
964 2780 1219 2848 sapientes
1240 2778 1293 2831 in
1313 2778 1500 2832 astutia
1520 2792 1693 2831 eorum
1717 2818 1733 2845 ,
1773 2776 1839 2832 ad
1862 2778 2157 2833 ostenden-

572 2868 696 2923 dam
727 2868 823 2924 Dei
850 2871 1140 2940 potentiam
1166 2870 1381 2925 dicitur.

640 2961 698 3015 2.
739 2962 942 3017 Deinde
969 2961 1189 3017 modum
1218 2962 1350 3017 dicit
1384 2976 1493 3033 quo
1536 2960 1979 3031 comprehendit,
2010 2962 2158 3018 aliud

572 3050 832 3121 adjiciens
856 3050 1221 3105 testimonium
1247 3066 1262 3116 ;
1293 3050 1369 3104 ait
1395 3051 1537 3104 enim
1567 3068 1581 3101 :
1610 3050 1703 3104 20.
1744 3048 1997 3104 Dominus
2025 3052 2160 3104 novit

569 3144 897 3213 cogitationes
946 3142 1249 3224 sapientium
1304 3142 1545 3212 quoniam
1614 3158 1756 3196 canat
1823 3154 1961 3198 sunt.
2024 3142 2159 3199 Cum

572 3243 753 3287 autem
794 3231 1057 3302 sapientia
1088 3231 1179 3286 illa
1217 3248 1336 3302 quae
1361 3240 1444 3287 est
1472 3233 1732 3288 immensa
1753 3272 1770 3299 ,
1802 3234 1920 3289 ha:c
1944 3234 2014 3291 de
2054 3235 2160 3291 illis

576 3323 1037 3394 pronuntiaverit,
1064 3332 1122 3377 et
1148 3324 1283 3378 tales
1308 3323 1457 3393 ipsos
1484 3339 1604 3379 esse
1630 3324 1937 3395 probaverit
1954 3368 1970 3393 ,
1999 3342 2159 3396 quam

570 3413 730 3468 aliam
772 3423 1028 3469 extrema:
1053 3412 1272 3469 illorum
1300 3414 1549 3468 amentia:
1578 3429 1786 3484 quaeres
1819 3416 2157 3471 demonstra-

572 3506 776 3560 tionem
793 3506 819 3558 ?
843 3504 979 3559 Nam
1019 3503 1299 3558 hominum
1327 3504 1542 3573 quidem
1564 3505 1763 3573 judicia
1793 3521 1937 3576 stupe
1967 3507 2157 3561 labun-

571 3605 697 3663 tur;
725 3596 819 3651 Dei
850 3610 981 3652 vero
1006 3597 1270 3652 sententia
1302 3611 1401 3651 nec
1430 3596 1753 3666 reprehendi
1784 3613 1883 3653 nec
1910 3613 2160 3653 corrum-

569 3689 626 3759 pi
668 3702 918 3758 umquam
948 3696 1147 3758 potest.
1182 3686 1471 3759 Postquam
1513 3688 1673 3759 igitur
1714 3689 1933 3761 superni
1972 3689 2159 3760 judicii

573 3788 833 3848 tropmum
882 3778 953 3832 ita
991 3778 1333 3849 splendidum
1383 3789 1666 3846 erexerat,
1713 3781 2059 3836 vehementer
2102 3782 2157 3836 in

572 3870 814 3925 subditos
831 3884 1137 3925 sermonem
1160 3871 1457 3938 convertit,
1481 3871 1596 3925 lucc
1622 3871 1806 3927 dicens
1836 3890 1850 3925 :
1879 3870 1968 3925 21.
1995 3870 2160 3924 Nemo

571 3964 743 4034 itaque
780 3963 1022 4031 glorietur
1049 3963 1102 4015 in
1129 3962 1413 4015 hominibus
1442 3977 1460 4015 :
1488 3961 1579 4014 22.
1609 3963 1780 4015 omnia
1820 3963 1956 4016 enim
1995 3972 2160 4015 uestra

574 4063 715 4109 sunt.
765 4052 973 4108 Rursus
1019 4053 1200 4123 priora
1245 4052 1474 4122 repetit,
1505 4052 1795 4107 ostendens
1837 4053 1955 4107 illos
1986 4068 2160 4123 neque

574 4146 633 4201 in
655 4145 1021 4215 spiritualibus
1046 4146 1213 4200 altum
1244 4159 1431 4214 Sapere
1457 4144 1655 4201 debere
1674 4186 1689 4211 ,
1725 4155 1781 4200 ut
1807 4148 1897 4217 qui
1927 4147 2058 4201 nihil
2089 4161 2158 4200 ex

575 4253 636 4294 se
678 4238 929 4292 habeant.
957 4237 1091 4293 Cum
1121 4252 1253 4307 ergo
1289 4245 1515 4292 externa
1563 4237 1823 4308 sapientia
1863 4238 2022 4291 noxia
2051 4238 2159 4303 sit,

574 4339 630 4384 et
671 4329 966 4400 spiritualia
1009 4345 1041 4383 a
1072 4328 1227 4383 vobis
1276 4343 1382 4381 non
1430 4327 1538 4381 sint
1584 4328 1747 4394 data,
1803 4327 1943 4383 unde
1995 4327 2163 4385 habes

574 4420 717 4490 quod
738 4417 1025 4490 glorieris?
1052 4418 1117 4472 Et
1145 4416 1198 4471 in
1229 4426 1452 4472 externa
1476 4415 1693 4485 quidem
1720 4416 1977 4486 sapientia
2003 4432 2161 4471 nemo

578 4512 813 4582 seipsum
848 4510 1116 4578 decipiat,
1144 4508 1352 4579 inquit,
1382 4509 1505 4578 quia
1546 4507 1649 4578 ipsi
1687 4508 1741 4564 in
1784 4524 1843 4563 re
1871 4509 2027 4563 noxia
2058 4509 2161 4563 sibi

577 4602 862 4673 placebant
902 4617 916 4653 :
959 4599 1046 4655 hic
1096 4614 1262 4663 vero,
1314 4598 1437 4668 quia
1488 4612 1577 4653 res
1629 4597 1792 4653 habet
1840 4598 2159 4666 utilitatem,

579 4707 742 4748 nemo
794 4692 1074 4763 glorietur.
1139 4690 1207 4744 Et
1250 4691 1611 4745 mansuetiore
1658 4692 1823 4745 utitur
1874 4693 2157 4746 oratione:

582 4785 770 4839 Omnia
801 4785 935 4839 enim
978 4767 1142 4836 vestra
1167 4791 1283 4834 sunt
1302 4824 1316 4845 ,
1359 4783 1461 4836 sive
1506 4782 1703 4836 Paulus
1728 4786 1830 4837 sive
1858 4784 2041 4853 Apollo
2061 4784 2165 4836 sive

580 4876 780 4947 Cephas
805 4877 911 4930 sive
937 4874 1158 4928 mundus
1174 4914 1191 4939 ,
1221 4872 1324 4926 sive
1347 4873 1448 4925 vita
1474 4874 1574 4926 sive
1611 4891 1745 4929 mors
1765 4917 1779 4940 ,
1810 4877 1911 4930 sive
1935 4891 2163 4945 presen-

580 4970 652 5020 tia
678 4968 780 5021 siue
801 4970 975 5039 futura
1004 4981 1023 5017 :
1050 4964 1221 5017 omnia
1257 4972 1420 5016 vestra
1459 4973 1608 5029 sunt,
1636 4978 1721 5018 uos
1748 4975 1913 5017 autem
1939 4964 2160 5030 Christi,

582 5054 810 5112 Christus
833 5068 1002 5111 autem
1032 5056 1144 5110 Dei.
1176 5055 1313 5121 Quia
1340 5054 1483 5109 enim
1512 5056 1629 5109 illos
1656 5058 2007 5128 vehementer
2037 5072 2160 5125 per-

582 5147 904 5215 strinxerat,
926 5164 1114 5203 rursus
1144 5147 1289 5217 ipsos
1318 5156 1547 5201 recreat.
1581 5146 1648 5200 Et
1676 5144 1921 5216 superius
1948 5146 2163 5215 quidem

583 5239 832 5307 dicebat,
891 5244 1164 5312 Adjutores
1219 5256 1393 5295 sumus
1456 5239 1584 5305 Dei,
1642 5248 1698 5295 et
1749 5240 1869 5294 aliis
1926 5240 2166 5310 pluribus

578 5330 764 5387 verbis
799 5332 946 5401 ipsos
984 5330 1361 5389 consolabatur
1393 5351 1407 5385 :
1438 5332 1525 5387 hic
1563 5341 1740 5387 autem
1770 5332 1934 5397 dicit,
1979 5330 2166 5387 Omnia

582 5434 749 5479 vestra
776 5433 929 5489 sunt,
959 5425 1238 5484 doctorum
1271 5429 1463 5483 fastum
1493 5440 1753 5480 amovens
1777 5465 1792 5490 ,
1834 5425 2160 5479 ostendens-

582 5531 688 5586 que
716 5517 859 5588 ipsos
890 5531 995 5571 non
1020 5519 1178 5573 modo
1212 5518 1343 5574 nihil
1370 5518 1476 5572 illis
1502 5515 1683 5585 largiri
1702 5557 1715 5577 ,
1758 5515 1851 5570 sed
1880 5514 2010 5584 ipsis
2039 5531 2163 5584 gra-

582 5609 686 5662 tias
710 5608 917 5663 referre
958 5608 1157 5664 debere
1188 5626 1202 5663 :
1232 5620 1451 5681 propter
1476 5608 1597 5663 illos
1638 5608 1780 5664 enim
1826 5606 1959 5662 tales
1988 5606 2162 5661 cﬂ'ecti

583 5706 743 5764 sunt,
788 5700 1058 5771 etiamque
1100 5696 1322 5772 gratiam
1371 5706 1715 5771 acceperunt.
1764 5695 1868 5754 Sed
1911 5698 2163 5769 quoniam

584 5788 819 5845 futurum
841 5802 978 5862 erat,
1016 5801 1073 5849 ut
1116 5790 1192 5849 illi
1234 5791 1394 5850 etiam
1426 5792 1812 5865 gloriarentur,
1861 5790 1982 5847 ideo
2021 5790 2161 5846 hunc

2258 512 2473 568 quoque
2522 498 2767 552 morbum
2824 496 3066 568 przndicit
3100 495 3286 551 dicens
3321 514 3334 550 :
3392 494 3677 565 Unimique
3711 506 3852 549 sicut

2261 585 2397 643 Deus
2424 588 2603 656 dedit;
2648 597 2737 655 et,
2769 588 2907 643 Deus
2953 590 3315 642 incrementum
3341 588 3527 653 dedit;
3571 596 3633 641 ut
3668 602 3851 657 neque

2258 676 2379 745 illi,
2418 680 2542 750 quia
2596 679 2976 749 prmbuerunt,
3026 679 3192 733 altum
3243 678 3498 748 sapiant;
3552 693 3727 748 neque
3782 677 3843 732 bi

2258 769 2450 838 etiam,
2499 770 2627 840 quia
2671 770 2974 836 audierunt,
3005 769 3191 825 Omnia
3217 781 3381 826 vestra
3426 781 3543 825 sunt
3562 814 3577 835 ,
3606 786 3729 827 sese
3752 786 3852 825 ex-

2260 860 2466 915 tollant.
2497 860 2709 917 Etenim
2735 861 2947 916 etiamsi
2984 870 3201 932 propter
3225 876 3350 927 vos,
3377 870 3435 917 at
3476 871 3644 917 totum
3669 878 3702 919 a
3729 863 3852 919 Deo

2259 951 2455 1006 factum
2482 961 2585 1008 est.
2644 953 2725 1009 'l‘u
2778 969 2909 1009 vero
2946 954 3074 1009 mihi
3130 955 3430 1025 perpendas
3468 955 3666 1022 velim,
3704 971 3848 1027 quo-

2257 1044 2418 1098 modo
2457 1060 2626 1114 usque
2666 1044 2733 1099 ad
2778 1046 2939 1101 linem
2993 1060 3299 1116 perseveret
3348 1064 3544 1103 nomen
3584 1065 3738 1105 suum
3776 1058 3838 1105 et

2258 1150 2454 1189 nomen
2502 1136 2643 1191 Petri
2670 1152 2891 1215 ponere.
2921 1138 3060 1206 Quid
3085 1155 3214 1195 vero
3239 1141 3501 1211 signiﬁcat
3528 1141 3657 1196 illud
3677 1185 3694 1207 ,
3724 1141 3854 1198 Sine

2259 1241 2394 1281 mors
2415 1226 2443 1279 .’
2492 1227 2712 1284 Etiamsi
2768 1229 3065 1284 moriantur
3086 1270 3104 1295 ,
3156 1246 3254 1299 pro
3304 1231 3456 1287 vobis
3506 1232 3844 1299 moriuntur,

2260 1315 2627 1386 periclitantes
2652 1332 2750 1387 pro
2774 1326 2953 1374 vestra
2979 1320 3169 1375 salute.
3211 1320 3399 1377 Viden’
3425 1323 3694 1392 quomodo
3719 1340 3848 1379 ruro

2259 1422 2378 1461 sum
2404 1406 2787 1478 discipulorum
2823 1408 3018 1465 fastum
3056 1410 3359 1480 deprimat,
3389 1412 3637 1468 doctores
3662 1423 3848 1469 autem

2260 1497 2519 1552 extollat?
2553 1498 2685 1552 Nam
2713 1499 2793 1555 sic
2819 1499 2942 1554 illos
2967 1501 3254 1571 alloquitur
3280 1510 3337 1556 ut
3363 1518 3557 1573 pueros
3597 1504 3845 1571 nobiles,

2262 1585 2578 1657 pedagogos
2598 1588 2880 1655 habentes,
2901 1591 2991 1660 qui
3015 1591 3381 1647 hereditatem
3402 1594 3673 1661 accepturi
3693 1603 3845 1649 sunt.

2260 1678 2406 1735 Licet
2448 1679 2609 1735 etiam
2653 1680 2763 1737 alio
2803 1682 2965 1737 modo
2991 1682 3197 1751 dicere,
3227 1693 3456 1740 mortem
3498 1684 3687 1739 Adami
3717 1700 3849 1754 pro-

2262 1779 2371 1839 pter
2414 1786 2514 1826 nos
2550 1770 2752 1839 fuisse,
2806 1781 2867 1826 ut
2914 1774 3395 1842 resipisceremus;
3451 1787 3676 1832 mortem
3716 1791 3853 1832 vero

2261 1859 2495 1926 Christi,
2524 1872 2585 1917 ut
2609 1877 2973 1919 serraremur.
3022 1862 3125 1920 Vos
3148 1876 3319 1921 autem
3352 1866 3569 1934 Christi,
3615 1868 3853 1923 Christus

2261 1966 2378 2006 vero
2425 1950 2538 2006 Dei.
2579 1954 2751 2008 Aliter
2797 1953 2997 2010 Christi
3035 1970 3256 2021 sumus,
3302 1966 3360 2013 et
3394 1958 3551 2014 aliter
3605 1959 3854 2016 Christus

2263 2041 2360 2096 Dei
2397 2052 2510 2111 est,
2550 2053 2605 2100 et
2648 2045 2805 2101 aliter
2853 2047 3084 2103 mundus
3121 2058 3203 2105 est
3241 2059 3444 2105 uoster.
3502 2049 3611 2105 Nos
3646 2051 3852 2121 quippe

2259 2130 2461 2186 Christi
2487 2149 2702 2199 sumus,
2754 2145 2811 2190 ut
2849 2151 2988 2206 opus
3031 2137 3212 2203 illius;
3259 2138 3505 2194 Christus
3542 2155 3670 2195 vero
3714 2140 3850 2206 Dei,

2264 2230 2320 2279 ut
2351 2237 2604 2292 germana
2654 2225 2833 2294 proles
2851 2266 2867 2290 ,
2898 2242 3003 2280 non
3030 2237 3089 2281 ut
3115 2242 3251 2297 epos
3279 2245 3293 2282 :
3321 2244 3424 2299 qua
3450 2228 3658 2285 ratione
3682 2230 3851 2285 etiam

2262 2329 2362 2368 nec
2385 2315 2617 2370 mundus
2640 2324 2725 2371 est
2750 2327 2935 2373 noster
2958 2320 2998 2371 ί.
3030 2320 3213 2390 Itaque
3237 2320 3339 2376 etsi
3366 2336 3469 2375 una
3495 2323 3565 2377 sit
3589 2321 3773 2387 dictio,
3796 2333 3855 2378 at

2261 2404 2478 2462 diversa
2523 2409 2809 2464 sententia.
2849 2409 3081 2466 Mundus
3124 2411 3268 2466 enim
3295 2423 3482 2468 noster
3506 2421 3622 2481 est,
3662 2422 3855 2483 utpote

2263 2512 2361 2565 pro
2407 2498 2566 2553 nobis
2617 2499 2831 2565 factus;
2884 2500 3133 2557 Christus
3188 2518 3319 2558 vero
3358 2503 3455 2559 Dei
3489 2514 3609 2572 est,
3659 2515 3719 2561 ut
3754 2506 3854 2576 qui

2264 2588 2436 2657 ipsum
2482 2599 2758 2646 auctorem
2785 2591 3020 2660 habeat,
3067 2604 3329 2665 quatenus
3372 2597 3531 2653 Pater
3555 2599 3672 2667 ejus
3716 2611 3851 2657 est:

2263 2694 2362 2734 nos
2388 2688 2566 2735 autem
2588 2697 2772 2737 sumus
2790 2682 3011 2751 Christi,
3039 2686 3163 2756 quia
3188 2686 3256 2742 ab
3274 2686 3393 2757 ipso
3418 2689 3619 2744 conditi
3637 2705 3851 2747 sumus.

2262 2770 2320 2827 Si
2365 2772 2441 2827 illi
2488 2784 2614 2830 sunt
2657 2776 2856 2841 vestri,
2900 2778 3105 2847 inquit,
3134 2794 3232 2834 cur
3275 2779 3451 2835 facitis
3476 2785 3850 2851 contrarium,

2261 2861 2389 2917 dum
2414 2863 2484 2918 ab
2510 2864 2639 2934 ipsis
2664 2867 3117 2936 cognominamini
3142 2909 3156 2931 ,
3186 2883 3293 2923 non
3318 2885 3349 2926 a
3375 2868 3592 2927 Christo
3617 2882 3670 2929 et
3695 2875 3811 2929 Deo
3828 2877 3856 2929 Υ

2267 2951 2440 3023 (Cap.
2492 2955 2571 3025 4.)
2618 2956 2669 3009 1.
2717 2956 2807 3010 Sic
2855 2974 2949 3011 nos
2988 2959 3237 3013 existimet
3285 2963 3434 3014 homo
3484 2971 3540 3015 ut
3590 2965 3854 3023 ministros

2264 3042 2483 3111 Christi,
2522 3054 2572 3099 et
2608 3046 2977 3115 dispensatores
3014 3050 3365 3119 mysteriorum
3402 3050 3519 3106 Dei.
3558 3052 3852 3125 Postquam

2224 3218 2229 3221 _
2264 3134 2475 3189 illorum
2525 3138 2884 3206 arrogantiam
2929 3139 3225 3209 depressit,
3266 3142 3389 3197 ride
3427 3144 3539 3213 jam
3576 3147 3855 3214 quomodo

2262 3224 2383 3280 illos
2408 3236 2618 3282 recreet
2636 3227 2839 3297 dicens
2868 3248 2882 3283 :
2918 3229 2985 3284 Ut
3012 3232 3266 3285 ministros
3293 3234 3499 3289 Christi.
3540 3236 3617 3291 Ne
3644 3237 3851 3313 itaque,

2263 3316 2429 3372 misso
2451 3316 2674 3372 Domino
2695 3359 2710 3383 ,
2734 3333 2765 3372 a
2787 3319 3047 3374 ministris
3066 3330 3122 3375 et
3141 3320 3353 3376 tantulis
3373 3339 3569 3380 nomen
3590 3328 3849 3397 accipias.

2264 3406 2674 3478 Dispensatores
2708 3417 2889 3465 autem
2935 3410 3105 3478 dixit,
3135 3414 3424 3470 ostendens
3465 3432 3570 3471 non
3598 3420 3855 3475 omnibus

2264 3498 2380 3553 huic
2410 3500 2584 3555 danda
2630 3515 2788 3567 esse,
2832 3501 2925 3555 sed
2954 3503 3149 3571 quibus
3194 3515 3439 3574 Oportet,
3466 3517 3521 3561 et
3563 3512 3756 3578 quibus
3780 3527 3854 3567 ea

2263 3598 2389 3646 sunt
2410 3591 2789 3661 dispensanda.
2816 3591 2872 3646 2.
2910 3591 3007 3646 Hic
3024 3594 3137 3662 jam
3161 3597 3405 3662 quaeritur
3426 3599 3558 3651 inter
3579 3584 3855 3669 dispensa-

2264 3692 2394 3737 tores
2434 3692 2486 3736 ια
2531 3683 2698 3751 fidelis
2739 3683 2851 3754 quis
2900 3684 3201 3737 inveniatur.
3236 3685 3289 3741 ld
3312 3697 3429 3752 est,
3478 3704 3546 3744 ne
3571 3706 3689 3759 qua:
3721 3702 3855 3749 sunt

2266 3774 2477 3829 Domini
2518 3775 2621 3829 sibi
2658 3785 2921 3845 usurpet,
2954 3791 3053 3831 nec
3100 3777 3199 3831 sibi
3244 3787 3510 3849 tamquam
3539 3782 3757 3838 don.in
3782 3800 3851 3840 ea

2264 3865 2535 3931 vindicet,
2562 3866 2657 3921 sed
2684 3874 2741 3919 ut
2766 3866 3107 3935 diSpensalor
3138 3867 3225 3920 illa
3255 3880 3425 3923 curet.
3460 3872 3854 3939 Dispensatoris

2263 3958 2405 4010 enim
2451 3966 2569 4019 est,
2617 3970 2679 4007 ca
2729 3970 2849 4024 qua:
2894 3955 2998 4009 sibi
3024 3957 3227 4010 credita
3269 3967 3394 4012 sunt
3421 3960 3588 4029 probe
3613 3962 3850 4018 admini-

2265 4058 2437 4102 strare
2455 4086 2471 4110 ,
2514 4059 2615 4099 nec
2640 4059 2762 4114 quae
2786 4045 2987 4099 domini
3013 4055 3137 4101 sunt
3172 4061 3266 4102 sua
3295 4048 3472 4105 dicere
3496 4068 3511 4116 ;
3542 4053 3633 4107 sed
3661 4065 3853 4111 contra

2264 4155 2385 4208 qua:
2438 4145 2564 4192 sunt
2598 4150 2729 4203 sua,
2785 4135 2989 4191 domini
3041 4138 3244 4195 dicere.
3301 4140 3675 4212 Unusquisque
3734 4144 3855 4201 haec

2265 4228 2539 4298 cegitans,
2569 4229 2682 4282 sive
2709 4227 2919 4282 dicendi
2948 4227 3254 4284 facultatem
3284 4232 3512 4297 habeat,
3552 4236 3663 4289 sive
3690 4250 3855 4304 pecu-

2267 4321 2382 4376 nias
2402 4363 2417 4385 ,
2445 4320 2588 4391 quod
2616 4335 2811 4390 nempe
2841 4337 2929 4377 res
2953 4322 3163 4377 Domini
3189 4325 3292 4379 sibi
3321 4326 3538 4381 credita:
3568 4329 3707 4397 sint,
3738 4346 3851 4386 non

2265 4421 2446 4467 autem
2496 4427 2644 4479 sum,
2691 4428 2758 4466 ne
2805 4412 2922 4466 illas
2965 4428 3131 4482 penes
3174 4429 3233 4468 se
3270 4417 3497 4471 retineat
3534 4434 3706 4489 neque
3742 4422 3849 4477 sibi

2268 4502 2569 4566 adscribet,
2617 4502 2709 4557 sed
2759 4502 2871 4557 Deo
2902 4494 3093 4558 'omnia
3134 4505 3379 4575 largienti
3430 4509 3551 4563 illas
3598 4522 3854 4581 acceptas

2266 4593 2485 4649 referat.
2517 4593 2611 4648 Vis
2640 4593 2821 4648 videre
2864 4593 3052 4648 ﬁdeles
3093 4594 3534 4671 dispensatores?
3557 4600 3690 4655 Audi
3718 4602 3852 4671 quid

2268 4684 2410 4739 dicat
2437 4685 2625 4740 Petrus
2657 4704 2669 4737 :
2706 4685 2843 4750 Quid
2870 4701 2959 4739 nos
2987 4687 3236 4751 respicitis
3260 4664 3407 4755 διιρεὶ
3435 4691 3644 4760 propria
3669 4664 3855 4747 uirtute

2269 4784 2359 4829 aut
2397 4776 2593 4843 pietate
2643 4777 2905 4846 fecerimus
2943 4777 3077 4828 hunc
3127 4776 3388 4831 ambulare
3424 4780 3575 4848 (Act.
3603 4782 3658 4836 3.
3693 4782 3758 4837 12
3783 4786 3799 4845 )
3827 4784 3854 4836 ἲ

2270 4877 2326 4921 et
2351 4867 2598 4923 Cornelio
2623 4868 2836 4923 dicebat
2878 4868 2980 4939 (a)
3012 4886 3022 4915 :
3054 4865 3123 4920 Et
3170 4884 3261 4921 nos
3306 4869 3482 4923 iisdem
3531 4873 3854 4941 passionibus

2270 4960 2475 5012 obnoxii
2516 4960 2741 5012 homines
2776 4974 2949 5012 sumus
2990 4956 3136 5026 (Act.
3173 4958 3257 5011 11.
3288 4959 3355 5013 15
3378 4959 3438 5029 );
3474 4969 3528 5016 et
3569 4960 3635 5017 ad
3684 4962 3854 5019 (Ἀπί-

2272 5060 2413 5104 stum
2445 5068 2457 5103 :
2489 5048 2621 5105 Ecce
2674 5050 2969 5118 reliquimus
3024 5050 3195 5101 omnia
3246 5058 3293 5104 et
3346 5054 3538 5122 sequuti
3589 5070 3767 5109 sumus
3806 5063 3855 5107 te

2272 5143 2501 5214 (Matth.
2545 5144 2630 5198 19.
2668 5144 2739 5199 27
2760 5144 2803 5214 ),
2864 5142 2928 5195 Ει
2982 5140 3176 5194 Paulus
3230 5157 3349 5197 cum
3405 5144 3668 5212 dixisset,
3718 5145 3855 5201 Plus

2269 5252 2422 5305 quam
2468 5252 2638 5291 omnes
2684 5233 2941 5298 laboraui,
2994 5232 3266 5303 subiunxit
3296 5252 3311 5290 :
3339 5236 3461 5291 Non
3500 5255 3590 5309 ego
3640 5248 3848 5305 mea,

2335 5432 2353 5464 ί
2380 5439 2496 5494 Reg.
2520 5433 2591 5481 sic
2611 5431 2756 5495 eﬂ'ert
2776 5431 2903 5481 hunc
2924 5430 3384 5497 locum...gennana
3405 5435 3564 5498 proles
3578 5449 3595 5490 .'
3611 5439 3853 5489 merdas-

2271 5499 3076 5560 quenonestnoster,utnostrum
3106 5498 3854 5560 madescunt-tarum

2334 5591 2852 5680 ("5363mm
2870 5630 2963 5666 non
2977 5618 3201 5669 Cornelio
3215 5620 3341 5669 dicta
3355 5618 3496 5680 fuere
3508 5630 3535 5665 a
3549 5616 3702 5669 Petro
3718 5635 3733 5680 ;
3758 5623 3854 5672 sed

2271 5690 2298 5725 a
2320 5676 2473 5742 Paulo
2496 5679 2689 5741 Lystris,
2712 5678 2775 5726 iis
2796 5681 2879 5742 qui
2902 5682 3130 5742 Barnaba:
3153 5688 3206 5730 et
3228 5682 3324 5742 sibi
3348 5689 3403 5730 ut
3423 5679 3519 5728 dm
3758 5695 3853 5731 nn.

2519 5738 2676 5851 gari):
2701 5742 2787 5789 llic
2806 5738 3036 5792 meritoria
3057 5741 3237 5793 labitur
3253 5740 3638 5806 Chrysostomus.
3664 5743 3760 5793 nisi
3782 5744 3852 5796 sit
