4084 6328
652 355 724 411 83
1353 351 1410 410 S.
1451 348 1740 407 JUANNIS
1777 338 2280 404 CHRYSOSTOMI
2315 339 2647 397 ARCHIEP.
2687 337 3245 396 CONSTANI‘INOP.
3857 341 3916 398 86

741 470 809 539 γ’.
826 469 990 523 Ὀταν
1011 465 1103 522 οὖν
1127 469 1283 539 χρεία
1311 469 1578 539 καλῇ,καῖ
1607 467 1810 536 ταύτην
1827 467 2158 521 κατάθου.Εἰ
2187 464 2243 518 δὲ

669 551 1088 622 φιλοξωεῖς,καὶ
1138 551 1493 621 κελευόμενος
1547 549 1865 603 καταθεῖναι
1917 549 2238 616 ἀντιλέγεις,

665 635 846 688 οὐκέτι
895 636 1086 697 πιστὸς
1137 635 1420 705 οἰκονόμος
1444 629 1519 685 εἰ.
1557 632 1668 684 Kal
1705 632 1821 694 πῶς
1864 631 1941 683 ένι
1971 631 2106 683 Θεοῦ
2142 647 2244 683 κα-

664 715 882 781 λοῦντος
917 719 1228 789 ἀντιστῆναι
1251 738 1266 786 ;
1291 715 1474 770 ’Τοῦτο
1504 714 1616 786 γάρ
1651 713 1808 782 κάγώ
1840 732 2002 785 φημι,
2031 713 2124 766 καὶ
2156 711 2242 765 διά

664 799 821 853 τοῦτο
851 801 982 853 αὐτὸ
1017 801 1252 870 μάλιστα
1287 798 1549 868 θαυμάζω
1594 797 1690 850 τοῦ
1733 794 1869 849 Θεοῦ
1918 796 2020 864 τὴν
2050 794 2242 864 φιλαν-

663 881 931 950 θρωπίαν,
964 883 1043 934 δτι
1092 882 1128 935 6
1171 882 1403 938 ,δύναται
1433 883 1527 934 καὶ
1565 881 1788 943 ἄκοντός
1825 897 1919 931 σου
1959 878 2112 948 παρὰ
2145 876 2240 929 σοῦ

661 965 869 1027 λαϐεῖν,
901 964 1072 1018 ταῦτα
1107 966 1167 1018 ού
1197 965 1443 1036 βούλεται
1474 966 1702 1028 ἄκοντος
1733 961 2124 1032 εἰσενεχθῆναι,
2155 963 2240 1022 ἵνα

664 1047 760 1099 καὶ
819 1048 1006 1116 μισθὸν
1054 1047 1204 1120 ἔχῃς.
1253 1043 1376 1102 Οἷον
1428 1046 1653 1100 δύναται
1699 1045 1798 1114 τὴν
1843 1043 2021 1113 ψυχὴν
2056 1042 2239 1095 λαϐεῖν

657 1129 906 1192 ἄκοντος,
960 1129 1096 1182 ἀλλά
1138 1130 1268 1199 παρ’
1309 1142 1335 1170 ι
1365 1130 1581 1191 ἑκόντος
1631 1127 1898 1195 βούλεται,
1936 1126 2025 1179 ἕνα
2071 1124 2238 1195 λέγῃς

661 1211 800 1263 κατὰ
844 1212 1086 1265 Παῦλον·
1119 1213 1259 1266 Καθ’
1289 1211 1518 1279 ἡμέραν
1565 1209 1950 1276 ἀποθνήσκω.
2003 1207 2237 1261 Δύναταί

661 1309 754 1345 σου
785 1293 882 1364 τὴν
925 1295 1081 1357 δόξαν
1110 1294 1295 1347 λαϐεῖν
1325 1294 1546 1354 ἄκοντος
1580 1293 1671 1344 καὶ
1704 1292 1929 1361 ποιῆσαι
1958 1290 2233 1353 ταπεινὸν,

657 1375 792 1428 ἀλλά
831 1379 959 1445 παρ’
991 1376 1206 1439 ἑκόντος
1236 1375 1396 1437 θέλει,
1433 1376 1519 1428 ἵνα
1549 1375 1782 1446 ἀμοιϐὴν
1815 1376 1964 1445 έχῃς.
2003 1373 2236 1427 Δύναταί

659 1473 719 1508 σε
745 1458 965 1525 ποιῆσαι
995 1459 1224 1527 πένητα,
1263 1460 1356 1510 καί
1393 1457 1466 1527 μὴ
1513 1455 1857 1525 βουλόμενον,
1901 1456 2013 1509 ἀλλ’
2045 1455 2236 1508 ἑκόντα

658 1555 717 1591 σε
752 1539 1000 1609 βούλεται
1029 1539 1281 1606 γενέσθαι
1308 1539 1572 1600 τοιοῦτον,
1602 1537 1691 1590 ἵνα
1720 1555 1802 1590 σοι
1827 1539 1996 1608 πλέξῃ
2033 1537 2234 1604 στεφά-

655 1637 799 1684 νους.
857 1618 1011 1683 Εἶδες
1070 1620 1205 1673 Θεοῦ
1284 1618 1723 1690 φιλανθρωπίαν;
1795 1616 1934 1684 είδες
2011 1619 2234 1672 νωθείαν

653 1704 926 1775 ἡμετέραν
950 1720 964 1768 ;

736 1787 853 1839 Ἐπ’
890 1784 1203 1856 ἀξιώματος
1232 1786 1421 1855 ἐγένου
1455 1788 1717 1858 μεγάλου,
1769 1787 1861 1839 καὶ
1907 1785 2084 1857 ἀρχῆς
2134 1785 2232 1837 ἐπ-

651 1867 847 1922 ελάϐου
895 1869 1025 1922 ποτὲ
1072 1870 1570 1940 ὲκκλησιαστικῆςς
1602 1871 1696 1938 Μὴ
1752 1871 1894 1938 μέγα
1924 1870 2139 1937 φρόνει’
2171 1869 2231 1920 οῦ

653 1951 716 2008 σὺ
741 1953 839 2022 τὴν
879 1950 1036 2016 δόξαν
1083 1953 1320 2020 ἐκτήσω,
1366 1951 1481 2004 ἀλλ’
1512 1954 1540 2004 6
1574 1952 1704 2014 Θεός
1738 1967 1796 2002 σε
1832 1949 2101 2002 ἐνέδυσεν.
2145 1951 2233 2013 Ὦς

649 2036 938 2105 ἀλλοτρίας
984 2035 1164 2088 τοίνυν
1217 2035 1424 2104 φείδου,
1477 2035 1551 2105 μὴ
1595 2033 2018 2105 καταχρώμενος
2070 2034 2229 2102 αὐτῇ,

653 2119 788 2191 μηδὲ
826 2118 1218 2188 ἀποχρώμενος
1251 2116 1364 2189 [84]
1391 2120 1470 2181 εἰς
1491 2119 1559 2170 τά
1591 2119 1662 2189 μὴ
1694 2119 2061 2188 προσήκοντα,
2097 2117 2231 2188 μηδὲ

647 2200 992 2271 φυσώμενος,
1025 2201 1158 2270 μηδὲ
1191 2201 1665 2271 σφετεριζόμενος,
1702 2199 1837 2253 ἀλλά
1869 2201 2074 2270 πένητα
2104 2216 2230 2251 σαυ-

646 2286 740 2338 τὸν
785 2281 923 2337 εἶναι
962 2284 1148 2355 νόμιζε
1191 2288 1283 2337 καί
1322 2285 1546 2349 ἀδοξον.·
1577 2286 1649 2338 Ού
1695 2285 1825 2354 γάρ,
1859 2286 1906 2336 εί
1942 2284 2230 2354 πορφύραν

642 2366 934 2436 βασιλικὴν
967 2365 1341 2435 ὲνεχειρίσθης
1381 2366 1694 2433 φυλάττειν,
1740 2367 1843 2419 ἔδει
1879 2367 2230 2435 καταχρήσα-

647 2450 772 2502 σθαι
793 2446 861 2518 τῇ
896 2447 1055 2517 στολῇ
1088 2450 1182 2500 καὶ
1225 2448 1594 2519 λυμήνασθαι,
1643 2449 1777 2502 ἀλλά
1819 2449 1958 2519 μετὰ
1985 2449 2228 2512 πλείονος

646 2530 816 2601 αὐτὴν
863 2531 962 2599 τῆς
1008 2530 1292 2599 ἀκριϐείας
1339 2535 1525 2601 τηρεῖν
1587 2532 1666 2602 τῷ
1718 2532 1993 2584 δεδωκότι.
2055 2531 2226 2597 Λόγον

625 2605 865 2678 Δἰελαϐες;
917 2614 1008 2684 Μὴ
1063 2612 1239 2683 φυσῶ,
1275 2614 1407 2685 μηδὲ
1459 2614 1820 2678 άλαξονεύου·
1850 2617 1911 2666 ού
1958 2615 2068 2684 γάρ
2111 2615 2228 2667 Ean

648 2696 737 2748 σὸν
763 2695 823 2748 τὺ
853 2696 1116 2766 χάρισμα.
1144 2697 1234 2764 Μὴ
1256 2697 1528 2765 ἀγνώμων
1552 2699 1642 2749 ἔσο
1665 2697 1790 2767 περὶ
1817 2698 1883 2749 τά
1909 2695 2224 2762 δεσποτικὰ,

641 2778 780 2831 ἀλλά
810 2780 1032 2848 διάνεμε
1060 2783 1173 2840 τοῖς
1199 2779 1523 2842 συνδούλοις,
1553 2781 1647 2832 καί¹
1685 2782 1821 2851 μήτε
1844 2780 1918 2843 ώς
1949 2781 2039 2833 ὲπί
2075 2780 2226 2844 ἰδίοις

641 2862 871 2932 ὲπαίρου
919 2861 1148 2926 τούτοις,
1202 2865 1340 2932 μήτε
1382 2864 1564 2931 φείδου
1603 2863 1739 2916 ὥστε
1770 2863 2065 2932 διανέμειν.
2107 2863 2223 2916 Κᾶν

643 2943 840 3007 παῖδας
870 2944 1021 3015 ἔχῃς,
1061 2944 1154 2997 τοῦ
1188 2946 1320 2997 Θεοῦ
1353 2946 1532 3015 ἔχειςο
1573 2945 1637 2999 ἃν
1671 2945 1812 2998 οῦτω
1847 2945 2094 3015 νομίζῃς,
2132 2945 2225 2998 καὶ

643 3025 781 3095 ἔχων
811 3028 1247 3097 εὐχαριστήσεις,
1285 3029 1378 3080 καὶ
1427 3026 1745 3098 ἀφαιρεθεὶς
1797 3027 1896 3078 οὐκ
1934 3025 2222 3095 ἀλγήσεις·

642 3103 754 3171 οἷος
780 3105 847 3179 ἦν
883 3111 910 3162 6
952 3109 1071 3160 Ἰὼϐ
1103 3110 1297 3178 λέγων⁹
1339 3112 1402 3163 '0
1431 3113 1642 3176 Κύριος
1670 3109 1911 3174 ἔδωκεν,
1949 3112 1980 3162 ό
2013 3109 2225 3177 Κύριος

643 3192 945 3260 ἀφείλετο.
979 3194 1163 3248 Πάντα
1197 3193 1305 3264 γὰρ
1343 3194 1493 3263 παρά
1534 3193 1625 3246 τοῦ
1661 3193 1896 3263 Χριστοῦ
1941 3192 2136 3261 ἔχομεν
2164 3192 2218 3231 δ’

640 3275 736 3326 καὶ
785 3275 917 3328 αὐτὸ
949 3276 1008 3328 τὸ
1056 3271 1196 3328 εἶναι
1223 3277 1290 3328 δι’
1322 3277 1484 3329 αὐτοῦ
1517 3277 1736 3345 ἔχομεν,
1777 3275 1871 3328 καὶ
1900 3276 1959 3328 τὸ
1988 3277 2084 3345 ζῇν
2130 3276 2223 3328 καὶ

639 3356 702 3409 τὸ
734 3358 1012 3422 ἀναπνεῖν,
1045 3359 1138 3413 καὶ
1170 3359 1228 3410 τὸ
1265 3359 1380 3425 φῶς
1411 3360 1503 3412 καί
1540 3359 1630 3410 τὸν
1658 3359 1792 3427 ἀέρα
1831 3361 1924 3410 καὶ
1953 3358 2048 3428 τὴν
2083 3361 2185 3427 γῆν
2206 3372 2219 3385 °

641 3438 744 3490 κᾶν
768 3441 1069 3510 ἀποκλείσῃ
1105 3458 1154 3493 τι
1187 3441 1415 3504 τούτων,
1446 3440 1775 3511 ἀπωλόμεθα
1806 3442 1897 3492 καὶ
1927 3441 2221 3509 διεφθάρη-

645 3539 773 3591 μεν·
828 3524 1081 3592 πάροικοι
1125 3524 1234 3592 γάρ
1287 3527 1452 3592 ἐσμεν
1485 3525 1578 3576 καὶ
1624 3523 2014 3593 παρεπίδημοι.
2065 3524 2136 3575 Τὸ
2167 3523 2222 3575 δὲ

641 3605 788 3673 ἐμὸν
820 3607 913 3657 καί
940 3605 999 3657 τὸ
1030 3605 1147 3658 σὸν
1163 3605 1323 3657 τοῦτο
1353 3605 1574 3675 ῥήματά
1606 3609 1720 3658 ἐστι
1750 3605 1880 3675 ψιλά
1916 3609 2102 3674 μόνον’
2131 3608 2221 3658 ἐπὶ

640 3685 696 3739 δὲ
723 3687 1062 3755 πραγμάτων
1089 3688 1184 3757 ούχ
1214 3688 1431 3758 ἔστηκε.
1460 3689 1566 3739 Kal
1590 3689 1698 3759 γὰρ
1722 3691 1768 3740 εἰ
1803 3688 1902 3758 τὴν
1925 3688 2100 3741 οἰκίαν
2125 3689 2220 3758 σὴν

642 3766 780 3820 εἶναι
827 3771 952 3840 φὴς,
989 3773 1142 3840 ῥῆμά
1181 3776 1296 3826 ἐστι
1327 3773 1652 3844 πράγματος
1688 3773 1913 3844 ἔρημον.
1961 3776 2069 3826 Kal
2113 3777 2220 3844 γὰρ

643 3850 738 3902 καὶ
785 3852 812 3901 ό
852 3852 957 3919 ἀὴρ
985 3855 1081 3904 καὶ
1125 3855 1197 3921 γῆ
1231 3856 1326 3905 καὶ
1361 3855 1459 3922 ’ύλη
1499 3854 1593 3904 τοῦ
1631 3856 1997 3923 Δημιουργοῦ,
2028 3857 2123 3906 καὶ
2156 3859 2218 3906 σὺ

640 3934 701 3986 δὲ
752 3932 912 3993 αύτὸς
961 3935 989 3983 6
1028 3935 1442 3995 κατασκευάσας
1492 3935 1682 4002 αὐτὴν,
1741 3937 1834 3985 καὶ
1881 3936 1948 3985 τὰ
1984 3936 2116 3987 ἄλλα
2163 3935 2218 3984 δὲ

643 4017 841 4070 πάντα.
897 4017 960 4068 Εἰ
991 4016 1048 4068 δὲ
1077 4018 1112 4084 ἡ
1146 4016 1341 4085 χρῆσις
1379 4016 1464 4086 σὴ,
1509 4015 1641 4068 ἀλλά
1688 4017 1780 4068 καὶ
1832 4017 1966 4086 αύτὴ
2005 4015 2217 4084 ἄδηλος,

639 4102 703 4155 οὐ
729 4101 816 4154 διά
844 4101 935 4154 τὸν
960 4099 1185 4154 θάνατον
1218 4101 1398 4170 μόνον,
1428 4100 1562 4154 ἀλλά
1598 4102 1688 4154 καί
1720 4103 1825 4172 πρὸ
1860 4101 1954 4154 τοῦ
1987 4101 2218 4155 θανάτου

637 4184 731 4236 διά
764 4184 823 4238 τὸ
854 4184 962 4237 τῶν
1014 4186 1358 4254 πραγμάτων
1397 4185 1732 4255 εύρίπιστον.
1770 4184 1935 4238 Ταῦτ’
1965 4181 2056 4238 οὖν
2091 4203 2217 4237 συν-

641 4266 783 4334 εχῶς
813 4268 941 4335 παρ’
980 4268 1191 4329 ἑαυτοῖς
1227 4269 1551 4336 γράφοντες,
1599 4268 2070 4337 φιλοσοφήσαιμεν,
2127 4269 2220 4321 καὶ

637 4349 734 4401 δύο
784 4348 852 4400 τά
915 4350 1148 4417 μέγιστα
1194 4349 1597 4418 κερδανοῦμεν·
1657 4350 1967 4418 εὐχάριστοι
2016 4369 2072 4402 τε
2109 4352 2219 4420 γάρ

643 4431 882 4500 ἐσόμεθα
935 4431 1025 4482 καὶ
1070 4430 1285 4499 ἔχοντες
1316 4431 1407 4482 καὶ
1456 4430 1874 4500 ἀφαιρούμενοι,
1908 4434 2001 4483 καὶ
2047 4435 2106 4485 ού
2143 4435 2217 4501 μὴ

640 4515 1016 4584 δουλεύσωμεν
1054 4517 1166 4577 τοῖς
1201 4513 1608 4585 παρατρέχουσι
1637 4514 1730 4566 καὶ
1762 4517 1874 4576 τοῖς
1911 4516 2006 4584 ούχ
2040 4516 2214 4584 ἡμῶν.

641 4600 760 4654 Κᾶν
784 4601 890 4668 γάρ
919 4602 1176 4669 χρήματα
1200 4599 1362 4670 λάϐῃ,
1389 4600 1459 4652 τά
1486 4598 1651 4652 αὑτοῦ
1677 4597 1835 4652 ἔλαϐε
1856 4640 1870 4664 ,
1906 4599 2005 4652 κᾶν
2032 4601 2216 4669 τιμὴν,

641 4683 746 4734 κᾶν
777 4682 954 4744 δόξαν,
986 4682 1088 4731 κᾶν
1121 4681 1181 4732 τὸ
1209 4681 1386 4748 σῶμα,
1421 4682 1524 4734 κᾶν
1555 4682 1723 4753 αὐτὴν
1753 4682 1850 4753 τὴν
1879 4683 2055 4753 ψυχήν
2075 4699 2086 4712 ’
2119 4683 2219 4734 κᾶν

641 4766 730 4816 τὸν
763 4765 876 4816 υἱὸν
904 4763 996 4814 τὸν
1019 4763 1109 4813 σὺν
1147 4762 1307 4833 λάϐῃ,
1353 4765 1413 4815 ού
1444 4767 1536 4818 τὸν
1571 4768 1661 4819 σὺν
1691 4768 1882 4821 ἐλαϐεν
1913 4768 2046 4830 υἱὸν,
2084 4767 2220 4820 ἁλλά

640 4849 731 4898 τὸν
778 4845 962 4898 δοῦλον
998 4846 1087 4898 τὸν
1120 4847 1336 4899 ἑαυτοῦ.
1393 4848 1466 4898 Ού
1512 4849 1620 4920 γάρ
1657 4853 1718 4904 σὺ
1755 4853 1913 4904 αὑτὸν
1953 4852 2215 4914 ἔπλασας,

639 4930 754 4983 ἀλλ’
795 4932 1002 4993 ἐκεῖνος
1036 4929 1293 4999 ἐποίησε·
1331 4930 1393 4982 σὺ
1439 4931 1493 4983 δὲ
1549 4932 1906 5004 ύπηρέτησας
1945 4937 2102 5004 μόνον
2149 4937 2214 5004 τῇ

640 5015 879 5084 παρόδῳ,
906 5014 964 5066 τὸ
983 5013 1037 5066 δὲ
1059 5015 1166 5066 πᾶν
1191 5014 1353 5078 αὐτὸς
1378 5015 1694 5084 εἰργάσατο.
1724 5017 2216 5089 Εὐχάριστήσωμεν

637 5097 817 5148 τοίνυν
852 5099 930 5148 ὅτι
971 5097 1388 5167 κατηξιώθημεν
1427 5098 1771 5167 ὑπηρετῆσαι
1801 5099 1878 5166 τῷ
1909 5101 2212 5170 πράγματι.

651 5178 810 5228 Ἀλλὰ
841 5179 926 5242 τί;
967 5179 1190 5231 ἐϐούλου
1221 5179 1513 5242 διαπαντὸς
1547 5181 1729 5248 ἕχειν;
1765 5181 1933 5234 Τοῦτο
1966 5183 2217 5253 ἀγνώμο-

638 5275 726 5321 νος
768 5260 948 5320 πάλιν,
985 5262 1076 5313 καὶ
1110 5263 1208 5314 ούκ
1245 5263 1468 5326 εἰδότος,
1497 5264 1578 5315 ὅτι
1612 5262 1892 5331 ἀλλότριον
1920 5261 2086 5334 εἶχες,
2123 5267 2216 5320 καί

639 5344 738 5394 ούκ
769 5342 914 5394 ἴδιον.
944 5344 1154 5416 Ὥσπερ
1177 5341 1270 5398 οῦν
1293 5347 1338 5399 οἰ
1372 5347 1602 5416 ἑτοίμως
1623 5347 1983 5416 ἀφιστάμενοι
2011 5352 2213 5413 ἴσασιν,

637 5427 723 5477 E'rr:
754 5425 814 5478 ού
841 5427 908 5478 τά
939 5427 1114 5479 αὐτῶν
1148 5428 1378 5497 ἔχουσιν,
1417 5429 1591 5493 οὕτως
1629 5432 1677 5482 οἰ
1708 5430 1997 5496 ἀλγοῦντες
2026 5435 2092 5487 τὰ
2119 5434 2215 5503 βα·-

643 5509 826 5562 σιλικά
861 5510 1289 5577 σφετερίζονται.
1324 5513 1386 5564 Εἰ
1421 5514 1529 5583 γάρ
1557 5516 1718 5584 ἡμεῖς
1757 5515 1857 5567 οὐκ
1887 5517 2050 5586 ἐσμὲν
2082 5519 2215 5570 ἐαυ-

640 5601 767 5665 τῶν,
820 5602 935 5664 πῶς
986 5604 1183 5655 ἐκεῖνοι
1231 5605 1420 5674 ὴμῶν;
1472 5606 1643 5675 Διπλῇ
1677 5607 1785 5678 γάρ
1813 5609 1980 5678 ὲσμεν
2022 5609 2211 5678 αὑτοῦ,

685 5847 729 5920 ,⁸
759 5841 1260 5920 Δὺειγεε-ῃιηνροδὶζίο.
1329 5848 1356 5888 ιι
1402 5846 1473 5896 lla
1508 5848 1654 5910 Reg,
1682 5850 1852 5913 probe.
1890 5852 2039 5916 Edili,
2064 5854 2215 5905 πάιτα

644 5911 734 5968 γὰρ
760 5923 814 5954 τα
837 5911 918 5954 τοῖο
947 5911 1152 5969 Χριστοῦ
1178 5911 1362 5969 ἔχομεν,
1405 5922 1680 5971 ρθερρῐιιω.

2350 461 2444 512 καὶ
2474 458 2551 528 τῷ
2589 459 2689 530 τῆς
2716 458 2946 520 κτίσεως
2976 457 3069 510 καὶ
3109 455 3188 524 τῷ
3219 454 3318 524 τῆς
3363 453 3601 514 πίστεως
3630 448 3796 518 λόγῳ.
3829 446 3920 530 Διά

2347 541 2508 595 τοῦτό
2535 529 2698 611 φησιν
2729 542 2757 593 6
2778 540 2960 592 Δαυῖδ·
3001 539 3063 592 Ἠ
3089 537 3430 601 ὑπόστασις
3450 552 3568 604 μου
3594 530 3755 600 παρὰ
3781 529 3878 583 σοί

2349 624 2514 678 ἐστι·
2570 610 2664 676 καὶ
2711 625 2740 675 ό
2779 622 2990 684 Παῦλος
3039 621 3116 686 δὲ,
3155 620 3235 673 ὅτι
3280 619 3383 671 Ἐν
3418 617 3579 681 αὐτῷ
3615 614 3804 683 ζῶμεν
3831 610 3918 664 καί

2349 709 2669 776 κινούμεθα
2717 705 2816 759 καί
2849 704 3056 773 ἐσμέν.
3107 703 3219 756 Καὶ
3246 701 3336 754 τὸν
3369 701 3501 770 περὶ
3543 700 3644 766 τῆς
3693 697 3920 757 πίστεως

2343 789 2636 859 γυμνάζων
2661 788 2820 856 λόγον
2848 786 3032 856 φησίν·
3072 787 3195 840 Οὐκ
3231 782 3374 838 ἐστὲ
3405 779 3661 844 ἑαυτῶν,
3704 778 3806 842 καὶ
3847 794 3921 830 τι-

2337 871 2460 941 μῆς
2486 871 2884 942 ἠγοράσθητε.
2925 869 3009 921 Τά
3053 869 3230 922 πάντα
3281 868 3388 936 γὰρ
3421 865 3514 918 τοῦ
3563 861 3720 916 Θεοῦ.
3757 862 3920 942 Ὅταν

2338 951 2435 1008 οὖν
2462 941 2601 1026 καλῇ
2641 956 2734 1008 καὶ
2767 952 3025 1023 βούληται
3053 951 3260 1012 λαϐεῖν,
3302 951 3376 1018 μὴ
3405 947 3546 1001 κατά
3582 945 3709 1007 τοὺς
3744 941 3918 1026 ἀγνώ-

2345 1053 2510 1106 μονας
2539 1025 2646 1088 τῶν
2678 1033 2905 1088 οἰκετῶν
2949 1030 3262 1102 φύρωμενά
3298 1030 3389 1084 τὸν
3436 1030 3618 1098 λόγον,
3656 1025 3794 1095 μηδὲ
3837 1041 3919 1076 νο-

2342 1116 2664 1187 σφιζώμεθα
2696 1117 2764 1170 τά
2813 1115 3132 1168 δεσποτικά.
3170 1114 3236 1166 Ἠ
3258 1111 3402 1181 ψυχή
3434 1129 3526 1164 σου
3554 1111 3654 1162 οὐκ
3690 1108 3808 1160 ἔστι
3836 1107 3918 1173 σὴ,

2341 1199 2436 1252 καί⁵
2479 1200 2595 1261 πῶς
2636 1199 2705 1251 τά
2735 1197 2997 1268 χρήματά
3027 1199 3143 1249 ἐστι
3178 1195 3280 1259 σά;
3313 1194 3435 1255 Πῶς
3483 1187 3575 1246 οῦν
3610 1189 3919 1249 ἀναλίσκεις

2338 1282 2421 1343 εἰς
2468 1280 2618 1333 οὐδὲν
2659 1280 2777 1333 δέον
2825 1281 2892 1332 τὰ
2927 1279 3002 1350 μὴ
3045 1278 3150 1343 σά;
3187 1280 3286 1330 οὐκ
3323 1272 3470 1338 οἶδας
3523 1275 3605 1327 ὅτι
3641 1273 3731 1325 διά
3765 1271 3920 1324 τοῦτο

2341 1362 2609 1433 μέλλομεν
2667 1361 3042 1429 ἐγκαλεῖσθαι,
3091 1360 3278 1422 κακῶς
3330 1360 3513 1420 αὐτοῖς
3547 1355 3663 1428 [85]
3716 1354 3920 1426 χρησά-

2342 1461 2526 1515 μενοι;
2595 1443 2812 1514 Ἐπειδὴ
2874 1444 2931 1496 δὲ
2989 1444 3089 1496 οὐκ
3131 1443 3278 1494 ἔστιν
3327 1441 3593 1510 ἡμέτερα,
3641 1438 3776 1490 ἀλλά
3825 1436 3916 1490 τοῦ

2338 1527 2630 1589 Δεσπότου,
2661 1529 2738 1590 είς
2774 1525 2900 1588 τοῦς
2919 1525 3242 1595 ὁμοδούλους
3269 1525 3432 1594 ἐχρῆν
3459 1523 3720 1591 δαπανᾷν.
3753 1521 3916 1572 Τοῦτο

2335 1609 2468 1676 γοῦν
2523 1610 2618 1662 καὶ
2660 1611 2688 1660 ό
2743 1607 2996 1668 πλούσιος
3055 1608 3261 1669 ἐκεῖνος
3318 1605 3650 1666 ἐνεκαλεῖτο,
3701 1603 3786 1655 ὅτι
3843 1601 3916 1670 μὴ

2338 1691 2581 1760 ἐποίησε,
2625 1692 2718 1743 καὶ
2742 1693 2790 1743 οἱ
2821 1690 2894 1760 μὴ
2927 1689 3226 1758 θρέψαντες
3249 1690 3339 1742 τὸν
3367 1689 3594 1758 Κύριον.
3623 1687 3713 1757 Μὴ
3737 1687 3916 1738 τοίνυν

2337 1773 2483 1842 λέγε,
2512 1776 2592 1827 ὅτι
2629 1775 2710 1825 Τά
2753 1772 2993 1842 ἐμαυτοῦ
3039 1772 3336 1833 ἀναλίσκω,
3369 1773 3464 1824 καὶ
3508 1773 3574 1823 ὲκ
3601 1770 3710 1822 τῶν
3747 1773 3916 1838 ὲμαυ-

2336 1856 2428 1908 τοῦ
2459 1854 2668 1924 τρυφῶ.
2706 1856 2819 1907 Ούκ
2853 1854 2962 1907 ἀπὸ
2992 1854 3101 1906 τῶν
3125 1853 3378 1917 σεαυτοῦ,
3407 1853 3523 1905 ἀλλ’
3550 1853 3656 1904 ἀπὸ
3680 1852 3790 1904 τῶν
3823 1853 3916 1904 ἀλ-

2336 1938 2562 2004 λοτρίων
2586 1955 2597 1966 ·
2628 1937 2921 2007 ἀλλοτρίων
2947 1937 3004 1990 δὲ
3032 1937 3193 2005 λέγω,
3225 1936 3414 2006 ἐπειδὴ
3452 1936 3516 1988 σὺ
3552 1935 3728 2003 βούλει
3755 1952 3768 1964 ·
3793 1934 3915 1987 ἐπεὶ

2337 2013 2405 2073 σά
2430 2019 2680 2088 βούλεται
2703 2017 2839 2071 εἰναι
2868 2021 2897 2072 6
2926 2019 3056 2082 Θεὸς
3079 2021 3149 2073 τὰ
3171 2019 3311 2090 ὑπὲρ
3331 2018 3438 2073 τῶν
3473 2017 3714 2085 ἀδελφῶν
3737 2018 3914 2084 ἐγχει-

2336 2102 2588 2172 ρισθέντα
2646 2117 2749 2152 σοι.
2807 2100 3022 2152 Γίνεται
3065 2101 3120 2152 δὲ
3180 2101 3249 2153 σά
3301 2102 3368 2154 τά
3414 2099 3692 2168 ἀλλότρια,
3734 2098 3798 2150 ἂν
3837 2098 3915 2161 εἰς

2335 2185 2552 2254 ἐτέρους
2587 2181 2870 2253 ἀναλώσῃς
2897 2201 2910 2213 °
2943 2183 3006 2236 ἂν
3035 2183 3091 2234 δὲ
3123 2185 3200 2246 εἰς
3224 2183 3420 2236 σαυτὸν
3445 2183 3728 2251 ἀναλώσῃς
3759 2182 3914 2248 ἀφει-

2334 2267 2460 2331 δῶς,
2515 2266 2772 2337 ἀλλότρια
2818 2266 3012 2335 γέγονε
3061 2267 3128 2319 τὰ
3172 2267 3261 2320 σά.
3326 2266 3546 2334 Ἐπειδὴ
3586 2265 3694 2334 γάρ
3748 2265 3914 2332 ώμῷς

2247 2368 2250 2369 ν
2336 2350 2522 2411 αὐτοῖς
2559 2349 2847 2420 κέχρησαι,
2898 2350 2992 2403 καίι
3024 2349 3222 2415 λέγεις,
3277 2347 3471 2399 ὅτιτά
3516 2347 3622 2416 ὲμά
3654 2347 3733 2406 είς
3780 2349 3914 2413 ἐμὴν

2333 2433 2634 2486 ἀπόλαυσιν
2696 2432 2856 2500 μόνον
2917 2431 3260 2498 ἀναλωθῆναι
3316 2429 3544 2491 δίκαιον,
3604 2429 3692 2480 διὰ
3759 2428 3914 2478 τοῦτο

2331 2516 2587 2584 ἀλλότρια
2642 2514 2783 2566 αύτά
2835 2513 3003 2579 λέγω.
3061 2513 3228 2565 Κοινὰ
3285 2511 3394 2582 γάρ
3436 2513 3549 2562 ἐστι
3583 2515 3650 2563 σά
3689 2511 3783 2562 καί
3821 2511 3914 2562 τοῦ

2333 2597 2641 2660 συνδούλου,
2701 2595 2889 2666 ὥσπερ
2917 2595 3066 2665 ἥλιος
3115 2594 3292 2654 κοινὸς
3322 2595 3412 2646 καὶ
3442 2595 3548 2664 ἀὴρ
3581 2593 3671 2645 καὶ
3712 2593 3784 2659 γῆ
3823 2594 3916 2644 καὶ

2329 2680 2396 2733 τά
2427 2680 2563 2733 ἀλλα
2595 2679 2791 2732 πάντα.
2831 2680 2940 2730 Kal
2979 2677 3232 2746 καθάπερ
3267 2676 3358 2729 ἐπὶ
3391 2675 3485 2729 τοῦ
3518 2675 3792 2744 σώματος,
3823 2676 3916 2729 καὶ

2329 2763 2529 2824 παντός
2563 2763 2678 2813 ἐστι
2724 2759 2818 2813 τοῦ
2865 2760 3114 2829 σώματος
3159 2759 3392 2820 καὶὲνὸς
3444 2760 3673 2810 ἑκάστου
3720 2758 3915 2826 μέλους

2329 2847 2362 2915 ἠ
2391 2843 2668 2898 διακονία’
2722 2843 2847 2895 ὅταν
2877 2843 2932 2895 δὲ
2972 2843 3089 2904 ὲνδς
3131 2842 3290 2911 μόνου
3329 2840 3536 2907 γίνεται
3569 2840 3784 2908 μέλους,
3823 2841 3916 2892 καὶ

2327 2928 2424 2996 τὴν
2473 2927 2609 2978 ἰδίαν
2648 2925 2945 2978 ἀπόλλυσιν
2990 2926 3308 2994 ἐνέργειανο
3337 2921 3480 2975 οὕτω
3530 2923 3622 2973 καὶ
3662 2922 3756 2972 ἐπὶ
3805 2922 3914 2974 τῶν

2329 3010 2628 3079 χρημάτων
2661 3007 2966 3079 συμϐαίνει.

2356 3103 2378 3108 ··
2398 3092 2459 3143 δ.
2481 3093 2591 3144 Kal
2615 3091 2704 3145 ἵνα.
2725 3092 3056 3160 σαφέστερον
3085 3089 3111 3142 ὃ
3141 3089 3281 3158 λέγω
3299 3089 3542 3158 γένηται,
3561 3087 3593 3158 ἡ
3611 3086 3789 3159 τροφὴ
3816 3086 3911 3140 τοῦ

2330 3173 2580 3243 σώματος
2626 3176 2658 3243 ἠ
2701 3175 2854 3243 κοινὴ
2883 3173 3140 3242 δεδομένη
3174 3176 3286 3236 τοῖς
3333 3172 3569 3242 μέλεσιν,
3607 3171 3701 3224 έάν
3742 3173 3824 3234 εἰς
3855 3170 3914 3223 ἓν

2327 3256 2455 3326 ἔλθῃ
2490 3255 2672 3325 μέλος,
2706 3256 2960 3310 κάκείνου
2984 3255 3169 3308 λοιπὸν
3198 3255 3453 3324 ἀλλοτρία
3475 3255 3704 3322 γίνεται.
3737 3256 3908 3307 Ὅταν

2326 3341 2432 3410 γὰρ
2469 3340 2541 3409 μὴ
2570 3338 2779 3410 δυνηθῇ¹
2803 3338 3072 3408 πεφθῆναι
3102 3339 3235 3409 μηδὲ
3262 3338 3488 3408 θρέψαι,
3513 3337 3770 3407 ἀλλοτρία
3800 3339 3907 3389 κά-

2328 3424 2505 3475 κείνου
2534 3423 2776 3490 γέγονεν.
2821 3423 2916 3475 ’Ἂν
2948 3421 3003 3473 δὲ
3047 3421 3200 3491 κοινὴ
3236 3422 3482 3490 γένηται,
3521 3422 3787 3474 κάκείνου
3820 3421 3917 3476 καὶ

2329 3507 2550 3559 πάντων
2581 3506 2728 3557 ἐστὶν
2765 3504 2888 3556 ἰδία.
2924 3504 3081 3556 Οῦτω
3110 3505 3202 3556 καὶ
3230 3505 3322 3556 ἐπὶ
3350 3503 3458 3555 τῶν
3489 3504 3814 3574 χρημάτων,
3851 3502 3917 3555 ἂν

2329 3590 2392 3640 συ
2435 3589 2593 3658 μόνος
2623 3586 2960 3657 ἀπολαύσῃς,
2999 3587 3093 3638 καὶ
3128 3587 3192 3639 σὺ
3240 3585 3546 3648 ἀπώλεσας,
3575 3587 3650 3638 Οὐ
3672 3585 3786 3654 γὰρ
3823 3587 3920 3638 αύο

2325 3670 2433 3723 τών
2486 3668 2756 3742 καρπώσῃ
2801 3668 2892 3721 τὸν
2945 3667 3157 3738 μισθὸν,
3199 3669 3264 3722 ἂν
3311 3667 3369 3721 δὲ
3420 3668 3557 3738 μετὰ
3599 3668 3706 3721 τῶν
3736 3667 3918 3721 ἄλλων

2327 3754 2524 3824 κτήσῃ,
2574 3753 2697 3805 τότε
2755 3751 2955 3818 μᾶλλον
3005 3750 3159 3804 ἔσται
3212 3752 3300 3815 σά,
3344 3751 3436 3806 καὶ
3475 3752 3598 3804 τότε
3642 3751 3916 3819 καρπώσῃ

2326 3838 2422 3904 τὴν
2446 3835 2736 3903 ὠφέλειαν.
2771 3837 2882 3904 Ούχ
2912 3837 3042 3903 ὁρᾷς
3063 3837 3144 3886 ὅτι
3172 3837 3352 3902 χεῖρες
3380 3831 3776 3893 διακονοῦνται,
3820 3833 3917 3882 καὶ

2329 3919 2501 3984 στόμα
2537 3918 2765 3978 λεαίνει,
2814 3917 2908 3972 καὶ
2949 3917 3164 3984 γαστὴρ
3202 3915 3450 3982 δέχεται;
3482 3914 3555 3983 μὴ
3582 3914 3730 3979 λέγει
3754 3915 3786 3981 ἡ
3810 3930 3911 3980 γα-

2329 3997 2482 4064 στὴρ,
2530 3995 2746 4066 Ἐπειδὴ
2793 3994 3083 4064 ἐδεξάμην,
3134 3995 3336 4063 ὀφείλω
3378 3996 3436 4046 τὸ
3469 3996 3575 4047 πᾶν
3621 3994 3911 4064 κατέχειν;

2326 4079 2416 4147 Μὴ
2459 4077 2661 4138 τοίνυν,
2695 4078 2831 4147 μηδὲ
2870 4077 2963 4130 ἐπὶ
2993 4079 3100 4130 τῶν
3135 4078 3435 4148 χρημάτων
3464 4078 3622 4132 τοῦτο
3648 4079 3710 4131 σὺ
3739 4079 3870 4146 λέγε
3896 4094 3910 4108 ⁸

2324 4161 2416 4214 τοῦ
2442 4161 2549 4232 γάρ
2569 4162 2883 4232 δεχομένου,
2907 4160 2968 4214 τό
2998 4162 3362 4232 μεταδιδόναι.
3388 4162 3598 4233 ’Ὠσπερ
3627 4156 3720 4214 οὖν
3741 4160 3915 4215 κακία

2323 4245 2656 4316 γαστρὸς,τό
2678 4245 2930 4316 κατέχειν
2962 4245 3028 4298 τά
3063 4245 3348 4317 βρώματα,
3366 4247 3460 4299 καὶ
3496 4247 3570 4317 μὴ
3602 4245 3914 4316 διανέμειν

2327 4329 2489 4381 παντὶ
2520 4329 2628 4399 γὰρ
2654 4328 2732 4399 τῷ
2782 4328 2996 4399 σώματι
3023 4329 3347 4400 λυμαίνεται
3369 4344 3382 4358 °
3419 4328 3563 4382 οῦτω
3601 4328 3774 4380 κακία
3803 4329 3918 4381 τῶν

2328 4411 2733 4472 πλουτούντων,
2764 4411 2824 4462 τό
2856 4412 3107 4479 κατέχειν
3143 4413 3281 4482 ὅπερ
3310 4413 3494 4481 ἔχουσι
3519 4412 3649 4481 παρ’
3667 4413 3913 4473 έαυτοίςο

2325 4492 2481 4543 τοῦτο
2507 4493 2616 4560 γὰρ
2643 4495 2734 4544 καί
2757 4494 2981 4554 ἑαυτοὺς
3005 4495 3097 4545 καὶ
3123 4497 3248 4554 τοὺς
3269 4482 3467 4556 ἀλλους
3494 4495 3815 4546 ἀπόλλυσιν.
3856 4494 3917 4544 ’0

2325 4573 2601 4642 ὀφθαλμὸς
2631 4574 2792 4627 πάλιν
2824 4573 2884 4625 τὸ
2914 4575 3020 4625 πᾶν
3048 4574 3261 4643 δέχεται
3290 4575 3433 4642 φῶςο
3467 4576 3580 4628 ἀλλ’
3605 4577 3668 4627 ού
3694 4577 3860 4628 τοῦτο
3891 4587 3917 4616 ο

2325 4658 2487 4719 αὐτὸς
2505 4657 2723 4725 κατέχει
2749 4657 2929 4725 μόνος,
2951 4655 3064 4709 ἀλλ’
3084 4656 3382 4726 ὁλόκληρον
3400 4658 3622 4723 φωτίζει
3643 4657 3704 4710 τὸ
3724 4659 3914 4729 σῶμα.

2325 4740 2458 4792 (ιύδὲ
2492 4740 2598 4809 γάρ
2650 4739 2761 4809 ἔχει
2810 4738 2967 4806 φύσιν
3011 4739 3140 4810 παρ’
3176 4738 3352 4808 έαυτῷ
3390 4739 3658 4807 κατέχειν,
3701 4740 3812 4802 ἕως
3848 4742 3917 4794 ἂν

2323 4823 2600 4893 ὀφθαλμὸς
2743 4825 2808 4874 Αἱ
2843 4826 2987 4894 ῥῖνες
3030 4824 3193 4876 πάλιν
3235 4821 3581 4874 αἰσθάνονται
3638 4821 3913 4884 εὐωδίας·

2324 4907 2438 4961 ἀλλ’
2459 4907 2516 4960 ού
2539 4908 2856 4976 κατέχουσιν
2883 4907 3051 4977 αὐτὴν
3075 4907 3254 4977 μόναι,
3277 4905 3391 4957 ἀλλ’
3416 4902 3703 4972 ἐγκεφάλῳ
3730 4922 3914 4976 παρα-

2323 4991 2624 5059 πέμπουσι,
2673 4991 2764 5042 κσιί
2807 4989 3080 5059 στόμαχον
3133 4992 3190 5040 ἐν
3244 4987 3444 5057 εὐωδίᾳ
3498 4986 3736 5050 τιθέασι,
3819 4989 3920 5041 καὶ

2329 5073 2623 5143 ὁλόκληρον
2663 5073 2727 5126 δι’
2769 5072 2945 5125 αύτών
2980 5071 3326 5124 ἀνακτῶνται
3360 5069 3450 5122 τόν
3485 5070 3796 5141 ἄνθρωπον.
3849 5071 3918 5126 Οί

2324 5157 2482 5219 πόδες
2527 5156 2678 5226 μόνοι
2713 5156 3021 5226 βαδίζουσιν
3043 5169 3054 5181 ³
3099 5152 3216 5205 ἀλλ’
3267 5154 3365 5222 οὐχ
3398 5154 3624 5215 ἑαυτοὺς
3660 5155 3916 5223 μεταφέ-

2326 5257 2476 5311 ρουσι
2509 5241 2690 5310 μόνον,
2743 5239 2879 5293 ἀλλά
2916 5238 3008 5290 καὶ
3043 5237 3161 5287 ὅλον
3210 5238 3562 5305 μετατιθέασι
3614 5237 3675 5290 τὸ
3717 5237 3912 5307 σῶμα.

2320 5332 2476 5386 Οῦτω
2515 5333 2605 5385 καὶ
2653 5333 2739 5396 σὺ,
2773 5333 2910 5399 ὅπερ
2943 5328 3008 5381 ἂν
3048 5329 3417 5400 ὲγχειρισθῇς,
3469 5331 3542 5400 μὴ
3576 5330 3779 5398 κάτεχε
3816 5329 3917 5399 μό-

2320 5432 2430 5481 νος,
2462 5416 2582 5468 ὲπεί
2637 5414 2713 5484 τῷ
2767 5413 2929 5465 παντὶ
2987 5410 3244 5482 λυμαίνῃ,
3291 5414 3385 5464 καὶ
3429 5409 3611 5480 σαυτῷ
3646 5412 3756 5481 πρὸ
3798 5413 3915 5466 τῶν

2320 5499 2516 5553 ἄλλων.
2557 5499 2671 5550 Οὐκ
2713 5499 2806 5548 ἐπὶ
2858 5495 2965 5548 τῶν
3023 5495 3200 5565 μελῶν
3253 5497 3308 5549 δὲ
3352 5496 3514 5564 μόνον
3565 5494 3664 5547 ίδοι
3713 5511 3804 5559 τις
3843 5497 3916 5549 ἂν

2319 5581 2478 5635 τοῦτο
2499 5580 2802 5650 γινόμενον.
2846 5579 2958 5632 Kal
2990 5578 3098 5649 γὰρ
3126 5581 3154 5632 6
3195 5579 3576 5651 σιδηροκόπος,
3615 5580 3666 5631 εἰ
3704 5577 3916 5650 βουλη-

2388 5798 2411 5827 °
2441 5796 2586 5858 863.,
2631 5796 2759 5858 παρά
2801 5795 2921 5856 σοῦ,
2963 5811 3073 5858 quae
3124 5797 3272 5845 lectio
3315 5795 3614 5846 senlenlinm
3659 5805 3904 5851 mutaret.

2315 5855 2631 5966 ῗοζῦξὲεὸῐιιιιι·
2676 5855 2914 5921 φύγωμεν.
2979 5855 2993 5858 “
3019 5861 3041 5889 ⁸
3072 5858 3142 5909 Ita
3204 5859 3327 5924 Reg.
3371 5859 3506 5909 Edili
3541 5873 3681 5922 vero,
3729 5862 3785 5910 οὒ
3821 5863 3909 5913 διὰ
