  <div class='ocr_page' id='page_1' title='image "/cluster/home/n/w/nwhite01/storage/ocr_20150623/61/pst.000005712618/092.png"; bbox 0 0 4096 6326; ppageno 0'>
   <div class='ocr_carea' id='block_1_1' title="bbox 274 336 3542 412">
    <p class='ocr_par' dir='ltr' id='par_1_1' title="bbox 274 336 3542 412">
     <span class='ocr_line' id='line_1_1' title="bbox 274 336 3542 412; baseline 0.006 -21"><span class='ocrx_word' id='word_1_1' title='bbox 274 338 343 392; x_wconf 72' lang='lat'><strong>85</strong></span> <span class='ocrx_word' id='word_1_2' title='bbox 1345 339 1411 395; x_wconf 84' lang='lat' dir='ltr'><strong>IN</strong></span> <span class='ocrx_word' id='word_1_3' title='bbox 1447 338 1660 397; x_wconf 80' lang='lat' dir='ltr'><strong>EPIST.</strong></span> <span class='ocrx_word' id='word_1_4' title='bbox 1694 338 1715 392; x_wconf 86' lang='grc' dir='ltr'>ι</span> <span class='ocrx_word' id='word_1_5' title='bbox 1774 337 1869 393; x_wconf 84' lang='lat' dir='ltr'><strong>AD</strong></span> <span class='ocrx_word' id='word_1_6' title='bbox 1910 336 2063 396; x_wconf 77' lang='lat' dir='ltr'><strong>COR.</strong></span> <span class='ocrx_word' id='word_1_7' title='bbox 2108 342 2338 400; x_wconf 81' lang='lat' dir='ltr'><strong>ﬂOMlL.</strong></span> <span class='ocrx_word' id='word_1_8' title='bbox 2382 345 2447 400; x_wconf 82' lang='lat' dir='ltr'><strong>X.</strong></span> <span class='ocrx_word' id='word_1_9' title='bbox 3475 360 3542 412; x_wconf 82' lang='lat'><strong>86</strong></span> 
     </span>
    </p>
   </div>
   <div class='ocr_carea' id='block_1_2' title="bbox 266 449 1853 525">
    <p class='ocr_par' dir='ltr' id='par_1_2' title="bbox 266 449 1853 525">
     <span class='ocr_line' id='line_1_2' title="bbox 266 449 1853 525; baseline 0.001 -22"><span class='ocrx_word' id='word_1_10' title='bbox 266 454 355 503; x_wconf 83' lang='lat' dir='ltr'><strong>sed</strong></span> <span class='ocrx_word' id='word_1_11' title='bbox 406 451 572 520; x_wconf 78' lang='lat' dir='ltr'><strong>gratia</strong></span> <span class='ocrx_word' id='word_1_12' title='bbox 630 449 726 505; x_wconf 84' lang='lat' dir='ltr'><strong>Dei</strong></span> <span class='ocrx_word' id='word_1_13' title='bbox 774 468 965 506; x_wconf 73' lang='lat' dir='ltr'><strong>mecum</strong></span> <span class='ocrx_word' id='word_1_14' title='bbox 1020 453 1115 525; x_wconf 82' lang='grc'><strong>(1.</strong></span> <span class='ocrx_word' id='word_1_15' title='bbox 1156 453 1273 507; x_wconf 87' lang='lat' dir='ltr'><strong>Cor.</strong></span> <span class='ocrx_word' id='word_1_16' title='bbox 1316 456 1405 510; x_wconf 83' lang='grc'><strong>15.</strong></span> <span class='ocrx_word' id='word_1_17' title='bbox 1452 455 1580 525; x_wconf 79' lang='grc'><strong>10).</strong></span> <span class='ocrx_word' id='word_1_18' title='bbox 1624 453 1690 507; x_wconf 83' lang='grc' dir='ltr'><strong>Ει</strong></span> <span class='ocrx_word' id='word_1_19' title='bbox 1728 452 1853 506; x_wconf 82' lang='lat' dir='ltr'><strong>alibi</strong></span> 
     </span>
    </p>
   </div>
   <div class='ocr_carea' id='block_1_3' title="bbox 265 543 1856 616">
    <p class='ocr_par' dir='ltr' id='par_1_3' title="bbox 265 543 1856 616">
     <span class='ocr_line' id='line_1_3' title="bbox 265 543 1856 616; baseline 0.002 -20"><span class='ocrx_word' id='word_1_20' title='bbox 265 543 488 597; x_wconf 81' lang='lat' dir='ltr'><strong>eosdem</strong></span> <span class='ocrx_word' id='word_1_21' title='bbox 547 543 830 615; x_wconf 77' lang='lat' dir='ltr'><strong>alloquens</strong></span> <span class='ocrx_word' id='word_1_22' title='bbox 884 545 1094 600; x_wconf 86' lang='lat' dir='ltr'><strong>dicebat</strong></span> <span class='ocrx_word' id='word_1_23' title='bbox 1123 564 1138 599; x_wconf 87' lang='lat'><strong>:</strong></span> <span class='ocrx_word' id='word_1_24' title='bbox 1172 548 1308 612; x_wconf 76' lang='lat' dir='ltr'><strong>Quid</strong></span> <span class='ocrx_word' id='word_1_25' title='bbox 1364 548 1497 601; x_wconf 84' lang='lat' dir='ltr'><strong>enim</strong></span> <span class='ocrx_word' id='word_1_26' title='bbox 1534 547 1684 600; x_wconf 79' lang='lat' dir='ltr'><strong>habes</strong></span> <span class='ocrx_word' id='word_1_27' title='bbox 1722 545 1856 616; x_wconf 87' lang='lat' dir='ltr'><strong>quod</strong></span> 
     </span>
    </p>
   </div>
   <div class='ocr_carea' id='block_1_4' title="bbox 269 637 1909 708">
    <p class='ocr_par' dir='ltr' id='par_1_4' title="bbox 269 637 1909 708">
     <span class='ocr_line' id='line_1_4' title="bbox 269 637 1909 708; baseline 0 -20"><span class='ocrx_word' id='word_1_28' title='bbox 269 652 372 689; x_wconf 79' lang='lat' dir='ltr'><strong>non</strong></span> <span class='ocrx_word' id='word_1_29' title='bbox 399 637 637 706; x_wconf 81' lang='lat' dir='ltr'><strong>accepisti</strong></span> <span class='ocrx_word' id='word_1_30' title='bbox 663 639 753 708; x_wconf 80' lang='grc'><strong>(1.</strong></span> <span class='ocrx_word' id='word_1_31' title='bbox 784 638 901 692; x_wconf 83' lang='lat' dir='ltr'><strong>Cor.</strong></span> <span class='ocrx_word' id='word_1_32' title='bbox 930 639 985 696; x_wconf 68' lang='grc'><strong>4.</strong></span> <span class='ocrx_word' id='word_1_33' title='bbox 1019 638 1127 708; x_wconf 84' lang='lat'><strong>7)?</strong></span> <span class='ocrx_word' id='word_1_34' title='bbox 1154 638 1295 694; x_wconf 85' lang='lat' dir='ltr'><strong>Nihil</strong></span> <span class='ocrx_word' id='word_1_35' title='bbox 1322 640 1463 693; x_wconf 90' lang='lat' dir='ltr'><strong>enim</strong></span> <span class='ocrx_word' id='word_1_36' title='bbox 1496 638 1659 693; x_wconf 84' lang='lat' dir='ltr'><strong>babes</strong></span> <span class='ocrx_word' id='word_1_37' title='bbox 1687 647 1855 706; x_wconf 90' lang='lat' dir='ltr'><strong>tuum,</strong></span> <span class='ocrx_word' id='word_1_38' title='bbox 1896 676 1909 688; x_wconf 64' lang='grc' dir='ltr'><strong><em>ρ</em></strong></span> 
     </span>
    </p>
   </div>
   <div class='ocr_carea' id='block_1_5' title="bbox 269 730 1855 800">
    <p class='ocr_par' dir='ltr' id='par_1_5' title="bbox 269 730 1855 800">
     <span class='ocr_line' id='line_1_5' title="bbox 269 730 1855 800; baseline 0 -17"><span class='ocrx_word' id='word_1_39' title='bbox 269 744 381 783; x_wconf 90' lang='lat' dir='ltr'><strong>non</strong></span> <span class='ocrx_word' id='word_1_40' title='bbox 433 731 724 798; x_wconf 75' lang='lat' dir='ltr'><strong>pecunias,</strong></span> <span class='ocrx_word' id='word_1_41' title='bbox 774 746 879 784; x_wconf 93' lang='lat' dir='ltr'><strong>non</strong></span> <span class='ocrx_word' id='word_1_42' title='bbox 926 731 1187 796; x_wconf 87' lang='lat' dir='ltr'><strong>verbum,</strong></span> <span class='ocrx_word' id='word_1_43' title='bbox 1238 746 1342 785; x_wconf 89' lang='lat' dir='ltr'><strong>non</strong></span> <span class='ocrx_word' id='word_1_44' title='bbox 1371 731 1539 800; x_wconf 84' lang='lat' dir='ltr'><strong>ipsam</strong></span> <span class='ocrx_word' id='word_1_45' title='bbox 1581 730 1855 785; x_wconf 89' lang='lat' dir='ltr'><strong>animam:</strong></span> 
     </span>
    </p>
   </div>
   <div class='ocr_carea' id='block_1_6' title="bbox 270 822 1715 891">
    <p class='ocr_par' dir='ltr' id='par_1_6' title="bbox 270 822 1715 891">
     <span class='ocr_line' id='line_1_6' title="bbox 270 822 1715 891; baseline 0.003 -17"><span class='ocrx_word' id='word_1_46' title='bbox 270 837 395 875; x_wconf 89' lang='lat' dir='ltr'><strong>nam</strong></span> <span class='ocrx_word' id='word_1_47' title='bbox 421 830 477 876; x_wconf 89' lang='lat' dir='ltr'><strong>et</strong></span> <span class='ocrx_word' id='word_1_48' title='bbox 505 822 619 891; x_wconf 92' lang='lat' dir='ltr'><strong>ipsa</strong></span> <span class='ocrx_word' id='word_1_49' title='bbox 648 822 858 877; x_wconf 85' lang='lat' dir='ltr'><strong>Domini</strong></span> <span class='ocrx_word' id='word_1_50' title='bbox 885 833 985 877; x_wconf 89' lang='lat' dir='ltr'><strong>est.</strong></span> <span class='ocrx_word' id='word_1_51' title='bbox 1712 878 1715 879; x_wconf 30' lang='grc' dir='ltr'><em>ν</em></span> 
     </span>
    </p>
   </div>
   <div class='ocr_carea' id='block_1_7' title="bbox 347 911 1857 984">
    <p class='ocr_par' dir='ltr' id='par_1_7' title="bbox 347 911 1857 984">
     <span class='ocr_line' id='line_1_7' title="bbox 347 911 1857 984; baseline -0.001 -17"><span class='ocrx_word' id='word_1_52' title='bbox 347 912 406 967; x_wconf 78' lang='grc'><strong>5.</strong></span> <span class='ocrx_word' id='word_1_53' title='bbox 446 911 581 967; x_wconf 91' lang='lat' dir='ltr'><strong>Cum</strong></span> <span class='ocrx_word' id='word_1_54' title='bbox 624 912 784 984; x_wconf 89' lang='lat' dir='ltr'><strong>igitur</strong></span> <span class='ocrx_word' id='word_1_55' title='bbox 812 928 947 982; x_wconf 88' lang='lat' dir='ltr'><strong>opus</strong></span> <span class='ocrx_word' id='word_1_56' title='bbox 991 912 1172 977; x_wconf 90' lang='lat' dir='ltr'><strong>fuerit,</strong></span> <span class='ocrx_word' id='word_1_57' title='bbox 1214 912 1351 968; x_wconf 90' lang='lat' dir='ltr'><strong>hanc</strong></span> <span class='ocrx_word' id='word_1_58' title='bbox 1389 928 1600 984; x_wconf 82' lang='lat' dir='ltr'><strong>quoque</strong></span> <span class='ocrx_word' id='word_1_59' title='bbox 1627 913 1857 982; x_wconf 79' lang='lat' dir='ltr'><strong>depone.</strong></span> 
     </span>
    </p>
   </div>
   <div class='ocr_carea' id='block_1_8' title="bbox 272 999 1861 1075">
    <p class='ocr_par' dir='ltr' id='par_1_8' title="bbox 272 999 1861 1075">
     <span class='ocr_line' id='line_1_8' title="bbox 272 999 1861 1075; baseline 0.001 -19"><span class='ocrx_word' id='word_1_60' title='bbox 272 1002 433 1071; x_wconf 82' lang='lat' dir='ltr'><strong>Quod</strong></span> <span class='ocrx_word' id='word_1_61' title='bbox 464 1006 507 1058; x_wconf 85' lang='lat' dir='ltr'><strong>si</strong></span> <span class='ocrx_word' id='word_1_62' title='bbox 543 1006 706 1059; x_wconf 88' lang='lat' dir='ltr'><strong>vitam</strong></span> <span class='ocrx_word' id='word_1_63' title='bbox 751 1020 921 1065; x_wconf 87' lang='lat' dir='ltr'><strong>amas,</strong></span> <span class='ocrx_word' id='word_1_64' title='bbox 946 1014 1001 1060; x_wconf 91' lang='lat' dir='ltr'><strong>et</strong></span> <span class='ocrx_word' id='word_1_65' title='bbox 1025 1004 1075 1059; x_wconf 88' lang='lat' dir='ltr'><strong>si</strong></span> <span class='ocrx_word' id='word_1_66' title='bbox 1112 999 1386 1075; x_wconf 75' lang='lat' dir='ltr'><strong>deponere</strong></span> <span class='ocrx_word' id='word_1_67' title='bbox 1420 1006 1622 1074; x_wconf 86' lang='lat' dir='ltr'><strong>jussus,</strong></span> <span class='ocrx_word' id='word_1_68' title='bbox 1649 1014 1861 1060; x_wconf 86' lang='lat' dir='ltr'><strong>contra-</strong></span> 
     </span>
    </p>
   </div>
   <div class='ocr_carea' id='block_1_9' title="bbox 274 1097 1862 1169">
    <p class='ocr_par' dir='ltr' id='par_1_9' title="bbox 274 1097 1862 1169">
     <span class='ocr_line' id='line_1_9' title="bbox 274 1097 1862 1169; baseline 0.001 -18"><span class='ocrx_word' id='word_1_69' title='bbox 274 1098 431 1163; x_wconf 87' lang='lat' dir='ltr'><strong>dicis,</strong></span> <span class='ocrx_word' id='word_1_70' title='bbox 461 1099 573 1167; x_wconf 86' lang='lat' dir='ltr'><strong>jam</strong></span> <span class='ocrx_word' id='word_1_71' title='bbox 614 1114 722 1154; x_wconf 89' lang='lat' dir='ltr'><strong>non</strong></span> <span class='ocrx_word' id='word_1_72' title='bbox 774 1098 949 1154; x_wconf 90' lang='lat' dir='ltr'><strong>ﬁdelis</strong></span> <span class='ocrx_word' id='word_1_73' title='bbox 994 1098 1336 1169; x_wconf 78' lang='lat' dir='ltr'><strong>dispensator</strong></span> <span class='ocrx_word' id='word_1_74' title='bbox 1379 1113 1456 1153; x_wconf 88' lang='lat' dir='ltr'><strong>es.</strong></span> <span class='ocrx_word' id='word_1_75' title='bbox 1487 1099 1551 1153; x_wconf 84' lang='lat' dir='ltr'><strong>Et</strong></span> <span class='ocrx_word' id='word_1_76' title='bbox 1593 1097 1862 1167; x_wconf 88' lang='lat' dir='ltr'><strong>quomodo</strong></span> 
     </span>
    </p>
   </div>
   <div class='ocr_carea' id='block_1_10' title="bbox 274 1189 1862 1259">
    <p class='ocr_par' dir='ltr' id='par_1_10' title="bbox 274 1189 1862 1259">
     <span class='ocr_line' id='line_1_10' title="bbox 274 1189 1862 1259; baseline -0.001 -15"><span class='ocrx_word' id='word_1_77' title='bbox 274 1190 405 1245; x_wconf 87' lang='lat' dir='ltr'><strong>licet</strong></span> <span class='ocrx_word' id='word_1_78' title='bbox 454 1191 565 1245; x_wconf 89' lang='lat' dir='ltr'><strong>Deo</strong></span> <span class='ocrx_word' id='word_1_79' title='bbox 607 1201 835 1245; x_wconf 87' lang='lat' dir='ltr'><strong>vocante</strong></span> <span class='ocrx_word' id='word_1_80' title='bbox 881 1189 1169 1246; x_wconf 74' lang='lat' dir='ltr'><strong>resistere?</strong></span> <span class='ocrx_word' id='word_1_81' title='bbox 1198 1190 1328 1244; x_wconf 87' lang='lat' dir='ltr'><strong>Nam</strong></span> <span class='ocrx_word' id='word_1_82' title='bbox 1357 1204 1457 1259; x_wconf 89' lang='lat' dir='ltr'><strong>ego</strong></span> <span class='ocrx_word' id='word_1_83' title='bbox 1498 1204 1710 1259; x_wconf 89' lang='lat' dir='ltr'><strong>quoque</strong></span> <span class='ocrx_word' id='word_1_84' title='bbox 1760 1189 1862 1243; x_wconf 85' lang='lat' dir='ltr'><strong>hoc</strong></span> 
     </span>
    </p>
   </div>
   <div class='ocr_carea' id='block_1_11' title="bbox 275 1280 1865 1353">
    <p class='ocr_par' dir='ltr' id='par_1_11' title="bbox 275 1280 1865 1353">
     <span class='ocr_line' id='line_1_11' title="bbox 275 1280 1865 1353; baseline -0.001 -17"><span class='ocrx_word' id='word_1_85' title='bbox 275 1282 425 1348; x_wconf 85' lang='lat' dir='ltr'><strong>dico,</strong></span> <span class='ocrx_word' id='word_1_86' title='bbox 456 1292 512 1337; x_wconf 88' lang='lat' dir='ltr'><strong>et</strong></span> <span class='ocrx_word' id='word_1_87' title='bbox 559 1292 781 1353; x_wconf 76' lang='lat' dir='ltr'><strong>propter</strong></span> <span class='ocrx_word' id='word_1_88' title='bbox 806 1282 910 1337; x_wconf 85' lang='lat' dir='ltr'><strong>hoc</strong></span> <span class='ocrx_word' id='word_1_89' title='bbox 953 1283 1127 1353; x_wconf 89' lang='lat' dir='ltr'><strong>ipsum</strong></span> <span class='ocrx_word' id='word_1_90' title='bbox 1154 1280 1391 1335; x_wconf 87' lang='lat' dir='ltr'><strong>admiror</strong></span> <span class='ocrx_word' id='word_1_91' title='bbox 1431 1280 1522 1335; x_wconf 91' lang='lat' dir='ltr'><strong>Dei</strong></span> <span class='ocrx_word' id='word_1_92' title='bbox 1569 1281 1865 1351; x_wconf 84' lang='lat' dir='ltr'><strong>benignita-</strong></span> 
     </span>
    </p>
   </div>
   <div class='ocr_carea' id='block_1_12' title="bbox 278 1372 1864 1445">
    <p class='ocr_par' dir='ltr' id='par_1_12' title="bbox 278 1372 1864 1445">
     <span class='ocr_line' id='line_1_12' title="bbox 278 1372 1864 1445; baseline -0.001 -17"><span class='ocrx_word' id='word_1_93' title='bbox 278 1383 426 1428; x_wconf 89' lang='lat' dir='ltr'><strong>tem:</strong></span> <span class='ocrx_word' id='word_1_94' title='bbox 462 1390 583 1443; x_wconf 66' lang='lat' dir='ltr'><strong>qua:</strong></span> <span class='ocrx_word' id='word_1_95' title='bbox 609 1376 751 1430; x_wconf 91' lang='lat' dir='ltr'><strong>enim</strong></span> <span class='ocrx_word' id='word_1_96' title='bbox 780 1382 956 1445; x_wconf 88' lang='lat' dir='ltr'><strong>potest</strong></span> <span class='ocrx_word' id='word_1_97' title='bbox 983 1373 1089 1438; x_wconf 85' lang='lat' dir='ltr'><strong>ille,</strong></span> <span class='ocrx_word' id='word_1_98' title='bbox 1117 1372 1275 1427; x_wconf 89' lang='lat' dir='ltr'><strong>etiam</strong></span> <span class='ocrx_word' id='word_1_99' title='bbox 1308 1381 1357 1426; x_wconf 92' lang='lat' dir='ltr'><strong>te</strong></span> <span class='ocrx_word' id='word_1_100' title='bbox 1387 1372 1555 1425; x_wconf 89' lang='lat' dir='ltr'><strong>invito</strong></span> <span class='ocrx_word' id='word_1_101' title='bbox 1582 1386 1612 1426; x_wconf 91' lang='lat' dir='ltr'><strong>a</strong></span> <span class='ocrx_word' id='word_1_102' title='bbox 1644 1381 1693 1425; x_wconf 89' lang='lat' dir='ltr'><strong>te</strong></span> <span class='ocrx_word' id='word_1_103' title='bbox 1726 1372 1864 1427; x_wconf 87' lang='lat' dir='ltr'><strong>acci-</strong></span> 
     </span>
    </p>
   </div>
   <div class='ocr_carea' id='block_1_13' title="bbox 276 1447 1861 1535">
    <p class='ocr_par' dir='ltr' id='par_1_13' title="bbox 276 1447 1861 1535">
     <span class='ocr_line' id='line_1_13' title="bbox 276 1447 1861 1535; baseline -0.004 -14"><span class='ocrx_word' id='word_1_104' title='bbox 276 1480 429 1535; x_wconf 84' lang='lat' dir='ltr'><strong>pere,</strong></span> <span class='ocrx_word' id='word_1_105' title='bbox 459 1481 522 1521; x_wconf 90' lang='lat' dir='ltr'><strong>ea</strong></span> <span class='ocrx_word' id='word_1_106' title='bbox 551 1482 656 1520; x_wconf 92' lang='lat' dir='ltr'><strong>non</strong></span> <span class='ocrx_word' id='word_1_107' title='bbox 679 1465 789 1519; x_wconf 90' lang='lat' dir='ltr'><strong>vult</strong></span> <span class='ocrx_word' id='word_1_108' title='bbox 828 1474 881 1519; x_wconf 91' lang='lat' dir='ltr'><strong>te</strong></span> <span class='ocrx_word' id='word_1_109' title='bbox 906 1464 1072 1518; x_wconf 88' lang='lat' dir='ltr'><strong>invito</strong></span> <span class='ocrx_word' id='word_1_110' title='bbox 1115 1461 1320 1525; x_wconf 76' lang='lat' dir='ltr'><strong>inferri,</strong></span> <span class='ocrx_word' id='word_1_111' title='bbox 1348 1470 1405 1516; x_wconf 92' lang='lat' dir='ltr'><strong>ut</strong></span> <span class='ocrx_word' id='word_1_112' title='bbox 1430 1447 1733 1516; x_wconf 83' lang='lat' dir='ltr'><strong>mercedem</strong></span> <span class='ocrx_word' id='word_1_113' title='bbox 1764 1461 1861 1515; x_wconf 89' lang='lat' dir='ltr'><strong>ha-</strong></span> 
     </span>
    </p>
   </div>
   <div class='ocr_carea' id='block_1_14' title="bbox 278 1553 1865 1624">
    <p class='ocr_par' dir='ltr' id='par_1_14' title="bbox 278 1553 1865 1624">
     <span class='ocr_line' id='line_1_14' title="bbox 278 1553 1865 1624; baseline -0.004 -12"><span class='ocrx_word' id='word_1_114' title='bbox 278 1557 433 1612; x_wconf 87' lang='lat' dir='ltr'><strong>beas.</strong></span> <span class='ocrx_word' id='word_1_115' title='bbox 486 1556 731 1624; x_wconf 79' lang='lat' dir='ltr'><strong>Exempli</strong></span> <span class='ocrx_word' id='word_1_116' title='bbox 758 1570 937 1620; x_wconf 88' lang='lat' dir='ltr'><strong>causa,</strong></span> <span class='ocrx_word' id='word_1_117' title='bbox 968 1562 1143 1624; x_wconf 89' lang='lat' dir='ltr'><strong>potest</strong></span> <span class='ocrx_word' id='word_1_118' title='bbox 1172 1553 1405 1607; x_wconf 87' lang='lat' dir='ltr'><strong>animam</strong></span> <span class='ocrx_word' id='word_1_119' title='bbox 1458 1561 1508 1607; x_wconf 89' lang='lat' dir='ltr'><strong>te</strong></span> <span class='ocrx_word' id='word_1_120' title='bbox 1533 1553 1699 1607; x_wconf 91' lang='lat' dir='ltr'><strong>invito</strong></span> <span class='ocrx_word' id='word_1_121' title='bbox 1724 1554 1865 1608; x_wconf 89' lang='lat' dir='ltr'><strong>acci-</strong></span> 
     </span>
    </p>
   </div>
   <div class='ocr_carea' id='block_1_15' title="bbox 275 1645 1865 1718">
    <p class='ocr_par' dir='ltr' id='par_1_15' title="bbox 275 1645 1865 1718">
     <span class='ocr_line' id='line_1_15' title="bbox 275 1645 1865 1718; baseline 0 -18"><span class='ocrx_word' id='word_1_122' title='bbox 275 1662 427 1718; x_wconf 83' lang='lat' dir='ltr'><strong>pere,</strong></span> <span class='ocrx_word' id='word_1_123' title='bbox 444 1648 539 1701; x_wconf 89' lang='lat' dir='ltr'><strong>sed</strong></span> <span class='ocrx_word' id='word_1_124' title='bbox 563 1648 677 1702; x_wconf 85' lang='lat' dir='ltr'><strong>vult</strong></span> <span class='ocrx_word' id='word_1_125' title='bbox 699 1656 752 1703; x_wconf 88' lang='lat' dir='ltr'><strong>te</strong></span> <span class='ocrx_word' id='word_1_126' title='bbox 778 1646 1009 1709; x_wconf 79' lang='lat' dir='ltr'><strong>volente,</strong></span> <span class='ocrx_word' id='word_1_127' title='bbox 1030 1656 1085 1701; x_wconf 93' lang='lat' dir='ltr'><strong>ut</strong></span> <span class='ocrx_word' id='word_1_128' title='bbox 1106 1662 1228 1701; x_wconf 91' lang='lat' dir='ltr'><strong>cum</strong></span> <span class='ocrx_word' id='word_1_129' title='bbox 1248 1646 1413 1700; x_wconf 91' lang='lat' dir='ltr'><strong>Paulo</strong></span> <span class='ocrx_word' id='word_1_130' title='bbox 1430 1646 1603 1699; x_wconf 90' lang='lat' dir='ltr'><strong>dicas:</strong></span> <span class='ocrx_word' id='word_1_131' title='bbox 1628 1645 1865 1713; x_wconf 80' lang='lat' dir='ltr'><strong>Quotidie</strong></span> 
     </span>
    </p>
   </div>
   <div class='ocr_carea' id='block_1_16' title="bbox 273 1735 1867 1808">
    <p class='ocr_par' dir='ltr' id='par_1_16' title="bbox 273 1735 1867 1808">
     <span class='ocr_line' id='line_1_16' title="bbox 273 1735 1867 1808; baseline 0 -17"><span class='ocrx_word' id='word_1_132' title='bbox 273 1740 472 1793; x_wconf 84' lang='lat' dir='ltr'><strong>morior</strong></span> <span class='ocrx_word' id='word_1_133' title='bbox 504 1740 579 1808; x_wconf 86' lang='lat' dir='ltr'><strong>(l.</strong></span> <span class='ocrx_word' id='word_1_134' title='bbox 624 1738 744 1793; x_wconf 74' lang='lat' dir='ltr'><strong>Cor.</strong></span> <span class='ocrx_word' id='word_1_135' title='bbox 779 1738 866 1793; x_wconf 76' lang='lat' dir='ltr'><strong>l5.</strong></span> <span class='ocrx_word' id='word_1_136' title='bbox 909 1737 1025 1807; x_wconf 77' lang='lat' dir='ltr'><strong>3i).</strong></span> <span class='ocrx_word' id='word_1_137' title='bbox 1068 1736 1251 1791; x_wconf 88' lang='lat' dir='ltr'><strong>Potest</strong></span> <span class='ocrx_word' id='word_1_138' title='bbox 1277 1735 1505 1806; x_wconf 77' lang='lat' dir='ltr'><strong>gloriam</strong></span> <span class='ocrx_word' id='word_1_139' title='bbox 1556 1746 1695 1790; x_wconf 89' lang='lat' dir='ltr'><strong>tuam</strong></span> <span class='ocrx_word' id='word_1_140' title='bbox 1727 1737 1867 1791; x_wconf 88' lang='lat' dir='ltr'><strong>acci-</strong></span> 
     </span>
    </p>
   </div>
   <div class='ocr_carea' id='block_1_17' title="bbox 275 1827 1865 1900">
    <p class='ocr_par' dir='ltr' id='par_1_17' title="bbox 275 1827 1865 1900">
     <span class='ocr_line' id='line_1_17' title="bbox 275 1827 1865 1900; baseline -0.002 -15"><span class='ocrx_word' id='word_1_141' title='bbox 275 1846 407 1900; x_wconf 86' lang='lat' dir='ltr'><strong>pere</strong></span> <span class='ocrx_word' id='word_1_142' title='bbox 435 1840 489 1885; x_wconf 89' lang='lat' dir='ltr'><strong>te</strong></span> <span class='ocrx_word' id='word_1_143' title='bbox 519 1829 705 1896; x_wconf 90' lang='lat' dir='ltr'><strong>invito,</strong></span> <span class='ocrx_word' id='word_1_144' title='bbox 738 1838 897 1898; x_wconf 87' lang='lat' dir='ltr'><strong>teque</strong></span> <span class='ocrx_word' id='word_1_145' title='bbox 933 1828 1190 1882; x_wconf 85' lang='lat' dir='ltr'><strong>humilem</strong></span> <span class='ocrx_word' id='word_1_146' title='bbox 1234 1827 1493 1893; x_wconf 88' lang='lat' dir='ltr'><strong>reddere;</strong></span> <span class='ocrx_word' id='word_1_147' title='bbox 1537 1827 1632 1881; x_wconf 91' lang='lat' dir='ltr'><strong>sed</strong></span> <span class='ocrx_word' id='word_1_148' title='bbox 1676 1827 1786 1882; x_wconf 88' lang='lat' dir='ltr'><strong>vult</strong></span> <span class='ocrx_word' id='word_1_149' title='bbox 1814 1837 1865 1882; x_wconf 92' lang='lat' dir='ltr'><strong>te</strong></span> 
     </span>
    </p>
   </div>
   <div class='ocr_carea' id='block_1_18' title="bbox 274 1917 1869 1991">
    <p class='ocr_par' dir='ltr' id='par_1_18' title="bbox 274 1917 1869 1991">
     <span class='ocr_line' id='line_1_18' title="bbox 274 1917 1869 1991; baseline -0.001 -18"><span class='ocrx_word' id='word_1_150' title='bbox 274 1936 497 1991; x_wconf 79' lang='lat' dir='ltr'><strong>quoque</strong></span> <span class='ocrx_word' id='word_1_151' title='bbox 528 1921 762 1987; x_wconf 89' lang='lat' dir='ltr'><strong>volente,</strong></span> <span class='ocrx_word' id='word_1_152' title='bbox 793 1928 851 1974; x_wconf 91' lang='lat' dir='ltr'><strong>ut</strong></span> <span class='ocrx_word' id='word_1_153' title='bbox 899 1919 1385 1977; x_wconf 79' lang='lat' dir='ltr'><strong>remunerationem</strong></span> <span class='ocrx_word' id='word_1_154' title='bbox 1434 1917 1649 1973; x_wconf 79' lang='lat' dir='ltr'><strong>habeas.</strong></span> <span class='ocrx_word' id='word_1_155' title='bbox 1685 1918 1869 1974; x_wconf 89' lang='lat' dir='ltr'><strong>Potest</strong></span> 
     </span>
    </p>
   </div>
   <div class='ocr_carea' id='block_1_19' title="bbox 279 2009 1869 2079">
    <p class='ocr_par' dir='ltr' id='par_1_19' title="bbox 279 2009 1869 2079">
     <span class='ocr_line' id='line_1_19' title="bbox 279 2009 1869 2079; baseline -0.003 -13"><span class='ocrx_word' id='word_1_156' title='bbox 279 2021 331 2066; x_wconf 89' lang='lat' dir='ltr'><strong>te</strong></span> <span class='ocrx_word' id='word_1_157' title='bbox 380 2014 545 2067; x_wconf 88' lang='lat' dir='ltr'><strong>etiam</strong></span> <span class='ocrx_word' id='word_1_158' title='bbox 600 2013 823 2066; x_wconf 88' lang='lat' dir='ltr'><strong>invitum</strong></span> <span class='ocrx_word' id='word_1_159' title='bbox 876 2023 1164 2079; x_wconf 85' lang='lat' dir='ltr'><strong>pauperem</strong></span> <span class='ocrx_word' id='word_1_160' title='bbox 1217 2009 1477 2074; x_wconf 86' lang='lat' dir='ltr'><strong>reddere,</strong></span> <span class='ocrx_word' id='word_1_161' title='bbox 1519 2010 1613 2063; x_wconf 89' lang='lat' dir='ltr'><strong>sed</strong></span> <span class='ocrx_word' id='word_1_162' title='bbox 1661 2020 1712 2064; x_wconf 92' lang='lat' dir='ltr'><strong>te</strong></span> <span class='ocrx_word' id='word_1_163' title='bbox 1759 2024 1869 2063; x_wconf 90' lang='lat' dir='ltr'><strong>vo-</strong></span> 
     </span>
    </p>
   </div>
   <div class='ocr_carea' id='block_1_20' title="bbox 280 2099 1864 2172">
    <p class='ocr_par' dir='ltr' id='par_1_20' title="bbox 280 2099 1864 2172">
     <span class='ocr_line' id='line_1_20' title="bbox 280 2099 1864 2172; baseline -0.003 -15"><span class='ocrx_word' id='word_1_164' title='bbox 280 2106 485 2158; x_wconf 70' lang='lat' dir='ltr'><strong>lentem</strong></span> <span class='ocrx_word' id='word_1_165' title='bbox 531 2103 679 2172; x_wconf 89' lang='lat' dir='ltr'><strong>cupit</strong></span> <span class='ocrx_word' id='word_1_166' title='bbox 731 2101 888 2155; x_wconf 82' lang='lat' dir='ltr'><strong>talem</strong></span> <span class='ocrx_word' id='word_1_167' title='bbox 946 2101 1098 2165; x_wconf 88' lang='lat' dir='ltr'><strong>ﬁeri,</strong></span> <span class='ocrx_word' id='word_1_168' title='bbox 1148 2109 1209 2154; x_wconf 90' lang='lat' dir='ltr'><strong>ut</strong></span> <span class='ocrx_word' id='word_1_169' title='bbox 1255 2099 1349 2153; x_wconf 90' lang='lat' dir='ltr'><strong>tibi</strong></span> <span class='ocrx_word' id='word_1_170' title='bbox 1389 2113 1617 2154; x_wconf 88' lang='lat' dir='ltr'><strong>coronas</strong></span> <span class='ocrx_word' id='word_1_171' title='bbox 1671 2109 1864 2153; x_wconf 86' lang='lat' dir='ltr'><strong>nectat.</strong></span> 
     </span>
    </p>
   </div>
   <div class='ocr_carea' id='block_1_21' title="bbox 280 2191 1869 2265">
    <p class='ocr_par' dir='ltr' id='par_1_21' title="bbox 280 2191 1869 2265">
     <span class='ocr_line' id='line_1_21' title="bbox 280 2191 1869 2265; baseline -0.003 -16"><span class='ocrx_word' id='word_1_172' title='bbox 280 2196 543 2249; x_wconf 78' lang='lat' dir='ltr'><strong>Vidistin‘</strong></span> <span class='ocrx_word' id='word_1_173' title='bbox 604 2195 698 2251; x_wconf 92' lang='lat' dir='ltr'><strong>Dei</strong></span> <span class='ocrx_word' id='word_1_174' title='bbox 769 2192 1213 2265; x_wconf 79' lang='lat' dir='ltr'><strong>benignitatem?</strong></span> <span class='ocrx_word' id='word_1_175' title='bbox 1270 2191 1517 2247; x_wconf 76' lang='lat' dir='ltr'><strong>vidistin‘</strong></span> <span class='ocrx_word' id='word_1_176' title='bbox 1569 2192 1869 2247; x_wconf 88' lang='lat' dir='ltr'><strong>socordiam</strong></span> 
     </span>
    </p>
   </div>
   <div class='ocr_carea' id='block_1_22' title="bbox 282 2286 571 2341">
    <p class='ocr_par' dir='ltr' id='par_1_22' title="bbox 282 2286 571 2341">
     <span class='ocr_line' id='line_1_22' title="bbox 282 2286 571 2341; baseline -0.007 0"><span class='ocrx_word' id='word_1_177' title='bbox 282 2295 527 2341; x_wconf 86' lang='lat' dir='ltr'><strong>nostram</strong></span> <span class='ocrx_word' id='word_1_178' title='bbox 546 2286 571 2339; x_wconf 85' lang='lat'><strong>?</strong></span> 
     </span>
    </p>
   </div>
   <div class='ocr_carea' id='block_1_23' title="bbox 354 2378 1869 2448">
    <p class='ocr_par' dir='ltr' id='par_1_23' title="bbox 354 2378 1869 2448">
     <span class='ocr_line' id='line_1_23' title="bbox 354 2378 1869 2448; baseline -0.002 -15"><span class='ocrx_word' id='word_1_179' title='bbox 354 2378 549 2433; x_wconf 78' lang='lat' dir='ltr'><strong>Festus</strong></span> <span class='ocrx_word' id='word_1_180' title='bbox 578 2379 893 2433; x_wconf 81' lang='lat' dir='ltr'><strong>sacerdotum</strong></span> <span class='ocrx_word' id='word_1_181' title='bbox 936 2378 1248 2447; x_wconf 80' lang='lat' dir='ltr'><strong>reprimitur.</strong></span> <span class='ocrx_word' id='word_1_182' title='bbox 1273 2406 1343 2420; x_wconf 91' lang='lat'><strong>—-</strong></span> <span class='ocrx_word' id='word_1_183' title='bbox 1367 2378 1444 2431; x_wconf 87' lang='lat' dir='ltr'><strong>Ad</strong></span> <span class='ocrx_word' id='word_1_184' title='bbox 1473 2392 1718 2448; x_wconf 85' lang='lat' dir='ltr'><strong>magnam</strong></span> <span class='ocrx_word' id='word_1_185' title='bbox 1750 2390 1869 2446; x_wconf 86' lang='lat' dir='ltr'><strong>per-</strong></span> 
     </span>
    </p>
   </div>
   <div class='ocr_carea' id='block_1_24' title="bbox 281 2468 1870 2540">
    <p class='ocr_par' dir='ltr' id='par_1_24' title="bbox 281 2468 1870 2540">
     <span class='ocr_line' id='line_1_24' title="bbox 281 2468 1870 2540; baseline -0.003 -13"><span class='ocrx_word' id='word_1_186' title='bbox 281 2472 481 2527; x_wconf 83' lang='lat' dir='ltr'><strong>venisti</strong></span> <span class='ocrx_word' id='word_1_187' title='bbox 532 2470 882 2540; x_wconf 81' lang='lat' dir='ltr'><strong>dignitatem,</strong></span> <span class='ocrx_word' id='word_1_188' title='bbox 930 2479 986 2524; x_wconf 92' lang='lat' dir='ltr'><strong>et</strong></span> <span class='ocrx_word' id='word_1_189' title='bbox 1038 2468 1390 2539; x_wconf 81' lang='lat' dir='ltr'><strong>principatum</strong></span> <span class='ocrx_word' id='word_1_190' title='bbox 1441 2481 1760 2538; x_wconf 89' lang='lat' dir='ltr'><strong>assequutus</strong></span> <span class='ocrx_word' id='word_1_191' title='bbox 1812 2482 1870 2522; x_wconf 88' lang='lat' dir='ltr'><strong>es</strong></span> 
     </span>
    </p>
   </div>
   <div class='ocr_carea' id='block_1_25' title="bbox 280 2560 1870 2630">
    <p class='ocr_par' dir='ltr' id='par_1_25' title="bbox 280 2560 1870 2630">
     <span class='ocr_line' id='line_1_25' title="bbox 280 2560 1870 2630; baseline -0.004 -11"><span class='ocrx_word' id='word_1_192' title='bbox 280 2562 756 2619; x_wconf 81' lang='lat' dir='ltr'><strong>ecclesiasticum?</strong></span> <span class='ocrx_word' id='word_1_193' title='bbox 808 2560 884 2615; x_wconf 87' lang='lat' dir='ltr'><strong>Ne</strong></span> <span class='ocrx_word' id='word_1_194' title='bbox 930 2561 1096 2614; x_wconf 88' lang='lat' dir='ltr'><strong>altum</strong></span> <span class='ocrx_word' id='word_1_195' title='bbox 1140 2561 1356 2629; x_wconf 87' lang='lat' dir='ltr'><strong>sapias:</strong></span> <span class='ocrx_word' id='word_1_196' title='bbox 1390 2575 1496 2614; x_wconf 91' lang='lat' dir='ltr'><strong>non</strong></span> <span class='ocrx_word' id='word_1_197' title='bbox 1546 2570 1601 2614; x_wconf 92' lang='lat' dir='ltr'><strong>tu</strong></span> <span class='ocrx_word' id='word_1_198' title='bbox 1646 2560 1870 2630; x_wconf 80' lang='lat' dir='ltr'><strong>gloriam</strong></span> 
     </span>
    </p>
   </div>
   <div class='ocr_carea' id='block_1_26' title="bbox 281 2652 1871 2723">
    <p class='ocr_par' dir='ltr' id='par_1_26' title="bbox 281 2652 1871 2723">
     <span class='ocr_line' id='line_1_26' title="bbox 281 2652 1871 2723; baseline -0.003 -13"><span class='ocrx_word' id='word_1_199' title='bbox 281 2656 589 2719; x_wconf 89' lang='lat' dir='ltr'><strong>obtinuisti,</strong></span> <span class='ocrx_word' id='word_1_200' title='bbox 615 2653 710 2707; x_wconf 88' lang='lat' dir='ltr'><strong>sed</strong></span> <span class='ocrx_word' id='word_1_201' title='bbox 742 2653 829 2706; x_wconf 90' lang='lat' dir='ltr'><strong>illa</strong></span> <span class='ocrx_word' id='word_1_202' title='bbox 864 2662 915 2706; x_wconf 90' lang='lat' dir='ltr'><strong>te</strong></span> <span class='ocrx_word' id='word_1_203' title='bbox 937 2652 1079 2706; x_wconf 90' lang='lat' dir='ltr'><strong>Deus</strong></span> <span class='ocrx_word' id='word_1_204' title='bbox 1101 2653 1289 2707; x_wconf 90' lang='lat' dir='ltr'><strong>induit.</strong></span> <span class='ocrx_word' id='word_1_205' title='bbox 1324 2652 1416 2706; x_wconf 89' lang='lat' dir='ltr'><strong>llla</strong></span> <span class='ocrx_word' id='word_1_206' title='bbox 1440 2652 1600 2723; x_wconf 89' lang='lat' dir='ltr'><strong>igitur</strong></span> <span class='ocrx_word' id='word_1_207' title='bbox 1626 2661 1679 2705; x_wconf 92' lang='lat' dir='ltr'><strong>ut</strong></span> <span class='ocrx_word' id='word_1_208' title='bbox 1700 2652 1871 2707; x_wconf 90' lang='lat' dir='ltr'><strong>aliena</strong></span> 
     </span>
    </p>
   </div>
   <div class='ocr_carea' id='block_1_27' title="bbox 282 2742 1873 2811">
    <p class='ocr_par' dir='ltr' id='par_1_27' title="bbox 282 2742 1873 2811">
     <span class='ocr_line' id='line_1_27' title="bbox 282 2742 1873 2811; baseline -0.001 -12"><span class='ocrx_word' id='word_1_209' title='bbox 282 2755 441 2800; x_wconf 88' lang='lat' dir='ltr'><strong>utere</strong></span> <span class='ocrx_word' id='word_1_210' title='bbox 467 2761 483 2799; x_wconf 91' lang='lat'><strong>:</strong></span> <span class='ocrx_word' id='word_1_211' title='bbox 518 2758 589 2798; x_wconf 90' lang='lat' dir='ltr'><strong>ne</strong></span> <span class='ocrx_word' id='word_1_212' title='bbox 618 2743 763 2796; x_wconf 86' lang='lat' dir='ltr'><strong>illam</strong></span> <span class='ocrx_word' id='word_1_213' title='bbox 802 2742 870 2797; x_wconf 90' lang='lat' dir='ltr'><strong>ad</strong></span> <span class='ocrx_word' id='word_1_214' title='bbox 892 2756 975 2808; x_wconf 88' lang='lat' dir='ltr'><strong>ea,</strong></span> <span class='ocrx_word' id='word_1_215' title='bbox 1000 2757 1120 2811; x_wconf 69' lang='lat' dir='ltr'><strong>qua:</strong></span> <span class='ocrx_word' id='word_1_216' title='bbox 1150 2757 1256 2797; x_wconf 90' lang='lat' dir='ltr'><strong>non</strong></span> <span class='ocrx_word' id='word_1_217' title='bbox 1286 2742 1464 2810; x_wconf 90' lang='lat' dir='ltr'><strong>decet,</strong></span> <span class='ocrx_word' id='word_1_218' title='bbox 1495 2742 1771 2807; x_wconf 82' lang='lat' dir='ltr'><strong>adhibeas,</strong></span> <span class='ocrx_word' id='word_1_219' title='bbox 1805 2756 1873 2797; x_wconf 90' lang='lat' dir='ltr'><strong>ne</strong></span> 
     </span>
    </p>
   </div>
   <div class='ocr_carea' id='block_1_28' title="bbox 284 2835 1871 2906">
    <p class='ocr_par' dir='ltr' id='par_1_28' title="bbox 284 2835 1871 2906">
     <span class='ocr_line' id='line_1_28' title="bbox 284 2835 1871 2906; baseline -0.003 -12"><span class='ocrx_word' id='word_1_220' title='bbox 284 2839 516 2903; x_wconf 77' lang='lat' dir='ltr'><strong>inﬂeris,</strong></span> <span class='ocrx_word' id='word_1_221' title='bbox 545 2853 613 2891; x_wconf 90' lang='lat' dir='ltr'><strong>ne</strong></span> <span class='ocrx_word' id='word_1_222' title='bbox 642 2838 735 2891; x_wconf 89' lang='lat' dir='ltr'><strong>tibi</strong></span> <span class='ocrx_word' id='word_1_223' title='bbox 766 2836 1025 2904; x_wconf 83' lang='lat' dir='ltr'><strong>vindices,</strong></span> <span class='ocrx_word' id='word_1_224' title='bbox 1056 2836 1151 2892; x_wconf 89' lang='lat' dir='ltr'><strong>sed</strong></span> <span class='ocrx_word' id='word_1_225' title='bbox 1178 2851 1467 2906; x_wconf 86' lang='lat' dir='ltr'><strong>pauperem</strong></span> <span class='ocrx_word' id='word_1_226' title='bbox 1493 2845 1547 2890; x_wconf 90' lang='lat' dir='ltr'><strong>et</strong></span> <span class='ocrx_word' id='word_1_227' title='bbox 1589 2835 1871 2906; x_wconf 88' lang='lat' dir='ltr'><strong>inglorium</strong></span> 
     </span>
    </p>
   </div>
   <div class='ocr_carea' id='block_1_29' title="bbox 286 2928 1875 3001">
    <p class='ocr_par' dir='ltr' id='par_1_29' title="bbox 286 2928 1875 3001">
     <span class='ocr_line' id='line_1_29' title="bbox 286 2928 1875 3001; baseline -0.003 -15"><span class='ocrx_word' id='word_1_228' title='bbox 286 2942 342 2986; x_wconf 89' lang='lat' dir='ltr'><strong>te</strong></span> <span class='ocrx_word' id='word_1_229' title='bbox 366 2947 489 2987; x_wconf 88' lang='lat' dir='ltr'><strong>esse</strong></span> <span class='ocrx_word' id='word_1_230' title='bbox 512 2941 718 3001; x_wconf 88' lang='lat' dir='ltr'><strong>putato.</strong></span> <span class='ocrx_word' id='word_1_231' title='bbox 740 2930 924 3001; x_wconf 86' lang='lat' dir='ltr'><strong>Neque</strong></span> <span class='ocrx_word' id='word_1_232' title='bbox 949 2930 1115 2995; x_wconf 88' lang='lat' dir='ltr'><strong>enim,</strong></span> <span class='ocrx_word' id='word_1_233' title='bbox 1146 2930 1189 2983; x_wconf 87' lang='lat' dir='ltr'><strong>si</strong></span> <span class='ocrx_word' id='word_1_234' title='bbox 1214 2944 1448 2999; x_wconf 87' lang='lat' dir='ltr'><strong>purpura</strong></span> <span class='ocrx_word' id='word_1_235' title='bbox 1472 2928 1615 2999; x_wconf 88' lang='lat' dir='ltr'><strong>regia</strong></span> <span class='ocrx_word' id='word_1_236' title='bbox 1639 2928 1733 2982; x_wconf 89' lang='lat' dir='ltr'><strong>tibi</strong></span> <span class='ocrx_word' id='word_1_237' title='bbox 1760 2941 1875 2982; x_wconf 90' lang='lat' dir='ltr'><strong>ser-</strong></span> 
     </span>
    </p>
   </div>
   <div class='ocr_carea' id='block_1_30' title="bbox 285 3021 1875 3093">
    <p class='ocr_par' dir='ltr' id='par_1_30' title="bbox 285 3021 1875 3093">
     <span class='ocr_line' id='line_1_30' title="bbox 285 3021 1875 3093; baseline 0.001 -18"><span class='ocrx_word' id='word_1_238' title='bbox 285 3024 465 3078; x_wconf 87' lang='lat' dir='ltr'><strong>vanda</strong></span> <span class='ocrx_word' id='word_1_239' title='bbox 504 3024 699 3077; x_wconf 88' lang='lat' dir='ltr'><strong>tradita</strong></span> <span class='ocrx_word' id='word_1_240' title='bbox 745 3030 909 3089; x_wconf 85' lang='lat' dir='ltr'><strong>esset,</strong></span> <span class='ocrx_word' id='word_1_241' title='bbox 940 3029 1215 3093; x_wconf 79' lang='lat' dir='ltr'><strong>Oporteret</strong></span> <span class='ocrx_word' id='word_1_242' title='bbox 1251 3021 1398 3078; x_wconf 89' lang='lat' dir='ltr'><strong>abuti</strong></span> <span class='ocrx_word' id='word_1_243' title='bbox 1430 3031 1575 3080; x_wconf 81' lang='lat' dir='ltr'><strong>veste</strong></span> <span class='ocrx_word' id='word_1_244' title='bbox 1622 3022 1875 3092; x_wconf 87' lang='lat' dir='ltr'><strong>illamque</strong></span> 
     </span>
    </p>
   </div>
   <div class='ocr_carea' id='block_1_31' title="bbox 285 3113 1875 3183">
    <p class='ocr_par' dir='ltr' id='par_1_31' title="bbox 285 3113 1875 3183">
     <span class='ocr_line' id='line_1_31' title="bbox 285 3113 1875 3183; baseline -0.002 -13"><span class='ocrx_word' id='word_1_245' title='bbox 285 3116 634 3177; x_wconf 87' lang='lat' dir='ltr'><strong>labefactare,</strong></span> <span class='ocrx_word' id='word_1_246' title='bbox 665 3114 759 3169; x_wconf 91' lang='lat' dir='ltr'><strong>sed</strong></span> <span class='ocrx_word' id='word_1_247' title='bbox 786 3130 907 3169; x_wconf 90' lang='lat' dir='ltr'><strong>cum</strong></span> <span class='ocrx_word' id='word_1_248' title='bbox 939 3115 1128 3183; x_wconf 84' lang='lat' dir='ltr'><strong>majori</strong></span> <span class='ocrx_word' id='word_1_249' title='bbox 1156 3115 1498 3170; x_wconf 87' lang='lat' dir='ltr'><strong>accuratione</strong></span> <span class='ocrx_word' id='word_1_250' title='bbox 1528 3116 1697 3183; x_wconf 87' lang='lat' dir='ltr'><strong>ipsam</strong></span> <span class='ocrx_word' id='word_1_251' title='bbox 1728 3113 1875 3168; x_wconf 89' lang='lat' dir='ltr'><strong>danti</strong></span> 
     </span>
    </p>
   </div>
   <div class='ocr_carea' id='block_1_32' title="bbox 285 3204 1876 3274">
    <p class='ocr_par' dir='ltr' id='par_1_32' title="bbox 285 3204 1876 3274">
     <span class='ocr_line' id='line_1_32' title="bbox 285 3204 1876 3274; baseline -0.002 -13"><span class='ocrx_word' id='word_1_252' title='bbox 285 3221 529 3261; x_wconf 85' lang='lat' dir='ltr'><strong>servare.</strong></span> <span class='ocrx_word' id='word_1_253' title='bbox 564 3206 721 3260; x_wconf 80' lang='lat' dir='ltr'><strong>Verbi</strong></span> <span class='ocrx_word' id='word_1_254' title='bbox 752 3205 1059 3260; x_wconf 88' lang='lat' dir='ltr'><strong>facultatem</strong></span> <span class='ocrx_word' id='word_1_255' title='bbox 1091 3206 1390 3274; x_wconf 84' lang='lat' dir='ltr'><strong>accepisti?</strong></span> <span class='ocrx_word' id='word_1_256' title='bbox 1420 3204 1496 3260; x_wconf 87' lang='lat' dir='ltr'><strong>Ne</strong></span> <span class='ocrx_word' id='word_1_257' title='bbox 1524 3205 1747 3271; x_wconf 85' lang='lat' dir='ltr'><strong>inﬂeris,</strong></span> <span class='ocrx_word' id='word_1_258' title='bbox 1778 3220 1876 3258; x_wconf 91' lang='lat' dir='ltr'><strong>ne-</strong></span> 
     </span>
    </p>
   </div>
   <div class='ocr_carea' id='block_1_33' title="bbox 286 3298 1875 3368">
    <p class='ocr_par' dir='ltr' id='par_1_33' title="bbox 286 3298 1875 3368">
     <span class='ocr_line' id='line_1_33' title="bbox 286 3298 1875 3368; baseline -0.002 -16"><span class='ocrx_word' id='word_1_259' title='bbox 286 3313 398 3368; x_wconf 88' lang='lat' dir='ltr'><strong>que</strong></span> <span class='ocrx_word' id='word_1_260' title='bbox 426 3306 742 3367; x_wconf 85' lang='lat' dir='ltr'><strong>arroganter</strong></span> <span class='ocrx_word' id='word_1_261' title='bbox 785 3312 951 3367; x_wconf 79' lang='lat' dir='ltr'><strong>agas:</strong></span> <span class='ocrx_word' id='word_1_262' title='bbox 992 3312 1166 3366; x_wconf 89' lang='lat' dir='ltr'><strong>neque</strong></span> <span class='ocrx_word' id='word_1_263' title='bbox 1196 3298 1339 3351; x_wconf 87' lang='lat' dir='ltr'><strong>enim</strong></span> <span class='ocrx_word' id='word_1_264' title='bbox 1371 3305 1518 3351; x_wconf 89' lang='lat' dir='ltr'><strong>tuum</strong></span> <span class='ocrx_word' id='word_1_265' title='bbox 1558 3308 1639 3350; x_wconf 89' lang='lat' dir='ltr'><strong>est</strong></span> <span class='ocrx_word' id='word_1_266' title='bbox 1680 3311 1875 3349; x_wconf 88' lang='lat' dir='ltr'><strong>munus</strong></span> 
     </span>
    </p>
   </div>
   <div class='ocr_carea' id='block_1_34' title="bbox 288 3386 1876 3457">
    <p class='ocr_par' dir='ltr' id='par_1_34' title="bbox 288 3386 1876 3457">
     <span class='ocr_line' id='line_1_34' title="bbox 288 3386 1876 3457; baseline -0.002 -14"><span class='ocrx_word' id='word_1_267' title='bbox 288 3398 345 3443; x_wconf 86' lang='lat' dir='ltr'><strong>et</strong></span> <span class='ocrx_word' id='word_1_268' title='bbox 378 3390 598 3443; x_wconf 87' lang='lat' dir='ltr'><strong>donum.</strong></span> <span class='ocrx_word' id='word_1_269' title='bbox 648 3388 727 3443; x_wconf 84' lang='lat' dir='ltr'><strong>Ne</strong></span> <span class='ocrx_word' id='word_1_270' title='bbox 770 3390 1008 3457; x_wconf 84' lang='lat' dir='ltr'><strong>ingratus</strong></span> <span class='ocrx_word' id='word_1_271' title='bbox 1035 3398 1149 3442; x_wconf 81' lang='lat' dir='ltr'><strong>esto</strong></span> <span class='ocrx_word' id='word_1_272' title='bbox 1178 3388 1320 3441; x_wconf 89' lang='lat' dir='ltr'><strong>circa</strong></span> <span class='ocrx_word' id='word_1_273' title='bbox 1361 3402 1423 3441; x_wconf 91' lang='lat' dir='ltr'><strong>ea</strong></span> <span class='ocrx_word' id='word_1_274' title='bbox 1453 3402 1573 3456; x_wconf 75' lang='lat' dir='ltr'><strong>qua:</strong></span> <span class='ocrx_word' id='word_1_275' title='bbox 1616 3395 1742 3440; x_wconf 80' lang='lat' dir='ltr'><strong>sunt</strong></span> <span class='ocrx_word' id='word_1_276' title='bbox 1772 3386 1876 3440; x_wconf 88' lang='lat' dir='ltr'><strong>Do-</strong></span> 
     </span>
    </p>
   </div>
   <div class='ocr_carea' id='block_1_35' title="bbox 287 3476 1876 3546">
    <p class='ocr_par' dir='ltr' id='par_1_35' title="bbox 287 3476 1876 3546">
     <span class='ocr_line' id='line_1_35' title="bbox 287 3476 1876 3546; baseline -0.003 -11"><span class='ocrx_word' id='word_1_277' title='bbox 287 3481 447 3545; x_wconf 86' lang='lat' dir='ltr'><strong>mini,</strong></span> <span class='ocrx_word' id='word_1_278' title='bbox 477 3479 569 3534; x_wconf 87' lang='lat' dir='ltr'><strong>sed</strong></span> <span class='ocrx_word' id='word_1_279' title='bbox 600 3493 662 3534; x_wconf 89' lang='lat' dir='ltr'><strong>ea</strong></span> <span class='ocrx_word' id='word_1_280' title='bbox 688 3478 965 3534; x_wconf 84' lang='lat' dir='ltr'><strong>conservis</strong></span> <span class='ocrx_word' id='word_1_281' title='bbox 1004 3478 1303 3544; x_wconf 89' lang='lat' dir='ltr'><strong>distribue;</strong></span> <span class='ocrx_word' id='word_1_282' title='bbox 1350 3491 1524 3546; x_wconf 88' lang='lat' dir='ltr'><strong>neque</strong></span> <span class='ocrx_word' id='word_1_283' title='bbox 1568 3476 1708 3542; x_wconf 86' lang='lat' dir='ltr'><strong>ideo,</strong></span> <span class='ocrx_word' id='word_1_284' title='bbox 1740 3490 1801 3530; x_wconf 94' lang='lat' dir='ltr'><strong>ac</strong></span> <span class='ocrx_word' id='word_1_285' title='bbox 1830 3478 1876 3531; x_wconf 91' lang='lat' dir='ltr'><strong>si</strong></span> 
     </span>
    </p>
   </div>
   <div class='ocr_carea' id='block_1_36' title="bbox 288 3567 1876 3639">
    <p class='ocr_par' dir='ltr' id='par_1_36' title="bbox 288 3567 1876 3639">
     <span class='ocr_line' id='line_1_36' title="bbox 288 3567 1876 3639; baseline -0.003 -12"><span class='ocrx_word' id='word_1_286' title='bbox 288 3584 385 3627; x_wconf 84' lang='lat' dir='ltr'><strong>tua</strong></span> <span class='ocrx_word' id='word_1_287' title='bbox 413 3581 618 3638; x_wconf 88' lang='lat' dir='ltr'><strong>essent,</strong></span> <span class='ocrx_word' id='word_1_288' title='bbox 646 3570 941 3634; x_wconf 82' lang='lat' dir='ltr'><strong>extollaris,</strong></span> <span class='ocrx_word' id='word_1_289' title='bbox 974 3584 1147 3639; x_wconf 90' lang='lat' dir='ltr'><strong>neque</strong></span> <span class='ocrx_word' id='word_1_290' title='bbox 1192 3583 1384 3639; x_wconf 91' lang='lat' dir='ltr'><strong>parcus</strong></span> <span class='ocrx_word' id='word_1_291' title='bbox 1425 3568 1499 3623; x_wconf 89' lang='lat' dir='ltr'><strong>sis</strong></span> <span class='ocrx_word' id='word_1_292' title='bbox 1530 3568 1581 3621; x_wconf 93' lang='lat' dir='ltr'><strong>in</strong></span> <span class='ocrx_word' id='word_1_293' title='bbox 1632 3567 1735 3621; x_wconf 89' lang='lat' dir='ltr'><strong>illis</strong></span> <span class='ocrx_word' id='word_1_294' title='bbox 1768 3567 1876 3623; x_wconf 89' lang='lat' dir='ltr'><strong>dis-</strong></span> 
     </span>
    </p>
   </div>
   <div class='ocr_carea' id='block_1_37' title="bbox 287 3657 1877 3722">
    <p class='ocr_par' dir='ltr' id='par_1_37' title="bbox 287 3657 1877 3722">
     <span class='ocr_line' id='line_1_37' title="bbox 287 3657 1877 3722; baseline -0.001 -7"><span class='ocrx_word' id='word_1_295' title='bbox 287 3660 615 3715; x_wconf 83' lang='lat' dir='ltr'><strong>tribueudis.</strong></span> <span class='ocrx_word' id='word_1_296' title='bbox 667 3661 734 3714; x_wconf 85' lang='lat' dir='ltr'><strong>Et</strong></span> <span class='ocrx_word' id='word_1_297' title='bbox 779 3661 826 3714; x_wconf 89' lang='lat' dir='ltr'><strong>si</strong></span> <span class='ocrx_word' id='word_1_298' title='bbox 870 3661 1009 3715; x_wconf 90' lang='lat' dir='ltr'><strong>ﬁlios</strong></span> <span class='ocrx_word' id='word_1_299' title='bbox 1060 3660 1247 3722; x_wconf 88' lang='lat' dir='ltr'><strong>habes,</strong></span> <span class='ocrx_word' id='word_1_300' title='bbox 1283 3660 1375 3712; x_wconf 90' lang='lat' dir='ltr'><strong>Dei</strong></span> <span class='ocrx_word' id='word_1_301' title='bbox 1409 3660 1547 3712; x_wconf 89' lang='lat' dir='ltr'><strong>ﬁlios</strong></span> <span class='ocrx_word' id='word_1_302' title='bbox 1596 3657 1797 3714; x_wconf 87' lang='lat' dir='ltr'><strong>habes:</strong></span> <span class='ocrx_word' id='word_1_303' title='bbox 1830 3658 1877 3713; x_wconf 88' lang='lat' dir='ltr'><strong>si</strong></span> 
     </span>
    </p>
   </div>
   <div class='ocr_carea' id='block_1_38' title="bbox 292 3749 1877 3820">
    <p class='ocr_par' dir='ltr' id='par_1_38' title="bbox 292 3749 1877 3820">
     <span class='ocr_line' id='line_1_38' title="bbox 292 3749 1877 3820; baseline -0.003 -14"><span class='ocrx_word' id='word_1_304' title='bbox 292 3751 375 3806; x_wconf 84' lang='lat' dir='ltr'><strong>ita</strong></span> <span class='ocrx_word' id='word_1_305' title='bbox 400 3750 696 3815; x_wconf 81' lang='lat' dir='ltr'><strong>existimes,</strong></span> <span class='ocrx_word' id='word_1_306' title='bbox 722 3749 921 3820; x_wconf 88' lang='lat' dir='ltr'><strong>gratias</strong></span> <span class='ocrx_word' id='word_1_307' title='bbox 951 3764 1077 3820; x_wconf 86' lang='lat' dir='ltr'><strong>ages</strong></span> <span class='ocrx_word' id='word_1_308' title='bbox 1123 3749 1168 3802; x_wconf 89' lang='lat' dir='ltr'><strong>si</strong></span> <span class='ocrx_word' id='word_1_309' title='bbox 1200 3750 1414 3815; x_wconf 84' lang='lat' dir='ltr'><strong>habeas,</strong></span> <span class='ocrx_word' id='word_1_310' title='bbox 1445 3751 1615 3819; x_wconf 87' lang='lat' dir='ltr'><strong>iisque</strong></span> <span class='ocrx_word' id='word_1_311' title='bbox 1656 3749 1877 3803; x_wconf 88' lang='lat' dir='ltr'><strong>sublatis</strong></span> 
     </span>
    </p>
   </div>
   <div class='ocr_carea' id='block_1_39' title="bbox 290 3838 1874 3908">
    <p class='ocr_par' dir='ltr' id='par_1_39' title="bbox 290 3838 1874 3908">
     <span class='ocr_line' id='line_1_39' title="bbox 290 3838 1874 3908; baseline -0.002 -12"><span class='ocrx_word' id='word_1_312' title='bbox 290 3856 405 3897; x_wconf 89' lang='lat' dir='ltr'><strong>non</strong></span> <span class='ocrx_word' id='word_1_313' title='bbox 448 3840 675 3895; x_wconf 83' lang='lat' dir='ltr'><strong>dolebis.</strong></span> <span class='ocrx_word' id='word_1_314' title='bbox 704 3840 852 3896; x_wconf 87' lang='lat' dir='ltr'><strong>Talis</strong></span> <span class='ocrx_word' id='word_1_315' title='bbox 880 3848 995 3895; x_wconf 90' lang='lat' dir='ltr'><strong>erat</strong></span> <span class='ocrx_word' id='word_1_316' title='bbox 1022 3840 1123 3896; x_wconf 83' lang='lat' dir='ltr'><strong>Job</strong></span> <span class='ocrx_word' id='word_1_317' title='bbox 1150 3840 1334 3894; x_wconf 87' lang='lat' dir='ltr'><strong>dicens</strong></span> <span class='ocrx_word' id='word_1_318' title='bbox 1378 3857 1391 3893; x_wconf 91' lang='lat'><strong>:</strong></span> <span class='ocrx_word' id='word_1_319' title='bbox 1441 3838 1692 3894; x_wconf 83' lang='lat' dir='ltr'><strong>Dominus</strong></span> <span class='ocrx_word' id='word_1_320' title='bbox 1717 3841 1874 3908; x_wconf 80' lang='lat' dir='ltr'><strong>dedit,</strong></span> 
     </span>
    </p>
   </div>
   <div class='ocr_carea' id='block_1_40' title="bbox 291 3930 1878 4006">
    <p class='ocr_par' dir='ltr' id='par_1_40' title="bbox 291 3930 1878 4006">
     <span class='ocr_line' id='line_1_40' title="bbox 291 3930 1878 4006; baseline 0 -19"><span class='ocrx_word' id='word_1_321' title='bbox 291 3933 552 3987; x_wconf 78' lang='lat' dir='ltr'><strong>Dominus</strong></span> <span class='ocrx_word' id='word_1_322' title='bbox 583 3933 787 3987; x_wconf 77' lang='lat' dir='ltr'><strong>abstulit</strong></span> <span class='ocrx_word' id='word_1_323' title='bbox 810 3931 950 4006; x_wconf 79' lang='lat' dir='ltr'><strong>(Iob.</strong></span> <span class='ocrx_word' id='word_1_324' title='bbox 987 3933 1039 3987; x_wconf 84' lang='lat' dir='ltr'><strong>l.</strong></span> <span class='ocrx_word' id='word_1_325' title='bbox 1068 3930 1185 4002; x_wconf 74' lang='grc'><strong>21).</strong></span> <span class='ocrx_word' id='word_1_326' title='bbox 1216 3930 1405 3987; x_wconf 91' lang='lat' dir='ltr'><strong>Omnia</strong></span> <span class='ocrx_word' id='word_1_327' title='bbox 1433 3931 1575 3987; x_wconf 90' lang='lat' dir='ltr'><strong>enim</strong></span> <span class='ocrx_word' id='word_1_328' title='bbox 1600 3947 1629 3985; x_wconf 93' lang='lat' dir='ltr'><strong>a</strong></span> <span class='ocrx_word' id='word_1_329' title='bbox 1662 3932 1878 3988; x_wconf 86' lang='lat' dir='ltr'><strong>Christo</strong></span> 
     </span>
    </p>
   </div>
   <div class='ocr_carea' id='block_1_41' title="bbox 288 4022 1890 4098">
    <p class='ocr_par' dir='ltr' id='par_1_41' title="bbox 288 4022 1890 4098">
     <span class='ocr_line' id='line_1_41' title="bbox 288 4022 1890 4098; baseline 0.001 -20"><span class='ocrx_word' id='word_1_330' title='bbox 288 4024 590 4089; x_wconf 77' lang='lat' dir='ltr'><strong>habemus;</strong></span> <span class='ocrx_word' id='word_1_331' title='bbox 622 4024 890 4092; x_wconf 87' lang='lat' dir='ltr'><strong>etiamque</strong></span> <span class='ocrx_word' id='word_1_332' title='bbox 915 4023 1059 4094; x_wconf 89' lang='lat' dir='ltr'><strong>quod</strong></span> <span class='ocrx_word' id='word_1_333' title='bbox 1085 4023 1254 4078; x_wconf 88' lang='lat' dir='ltr'><strong>simus</strong></span> <span class='ocrx_word' id='word_1_334' title='bbox 1280 4023 1347 4078; x_wconf 90' lang='lat' dir='ltr'><strong>ab</strong></span> <span class='ocrx_word' id='word_1_335' title='bbox 1387 4022 1481 4077; x_wconf 88' lang='lat' dir='ltr'><strong>illo</strong></span> <span class='ocrx_word' id='word_1_336' title='bbox 1519 4024 1795 4091; x_wconf 82' lang='lat' dir='ltr'><strong>habemus,</strong></span> <span class='ocrx_word' id='word_1_337' title='bbox 1824 4033 1890 4098; x_wconf 26' lang='lat' dir='ltr'><strong>et.</strong></span> 
     </span>
    </p>
   </div>
   <div class='ocr_carea' id='block_1_42' title="bbox 286 4114 1875 4184">
    <p class='ocr_par' dir='ltr' id='par_1_42' title="bbox 286 4114 1875 4184">
     <span class='ocr_line' id='line_1_42' title="bbox 286 4114 1875 4184; baseline 0 -15"><span class='ocrx_word' id='word_1_338' title='bbox 286 4116 460 4169; x_wconf 82' lang='lat' dir='ltr'><strong>vitam</strong></span> <span class='ocrx_word' id='word_1_339' title='bbox 490 4124 541 4169; x_wconf 91' lang='lat' dir='ltr'><strong>et</strong></span> <span class='ocrx_word' id='word_1_340' title='bbox 569 4115 978 4184; x_wconf 87' lang='lat' dir='ltr'><strong>respirationem</strong></span> <span class='ocrx_word' id='word_1_341' title='bbox 1005 4122 1060 4169; x_wconf 91' lang='lat' dir='ltr'><strong>et</strong></span> <span class='ocrx_word' id='word_1_342' title='bbox 1083 4114 1253 4169; x_wconf 89' lang='lat' dir='ltr'><strong>lucem</strong></span> <span class='ocrx_word' id='word_1_343' title='bbox 1276 4122 1329 4169; x_wconf 92' lang='lat' dir='ltr'><strong>et</strong></span> <span class='ocrx_word' id='word_1_344' title='bbox 1358 4129 1538 4169; x_wconf 89' lang='lat' dir='ltr'><strong>aerem</strong></span> <span class='ocrx_word' id='word_1_345' title='bbox 1566 4123 1620 4169; x_wconf 88' lang='lat' dir='ltr'><strong>et</strong></span> <span class='ocrx_word' id='word_1_346' title='bbox 1646 4123 1875 4181; x_wconf 81' lang='lat' dir='ltr'><strong>terram;</strong></span> 
     </span>
    </p>
   </div>
   <div class='ocr_carea' id='block_1_43' title="bbox 287 4204 1873 4276">
    <p class='ocr_par' dir='ltr' id='par_1_43' title="bbox 287 4204 1873 4276">
     <span class='ocr_line' id='line_1_43' title="bbox 287 4204 1873 4276; baseline -0.001 -15"><span class='ocrx_word' id='word_1_347' title='bbox 287 4218 349 4263; x_wconf 88' lang='lat' dir='ltr'><strong>et</strong></span> <span class='ocrx_word' id='word_1_348' title='bbox 376 4208 420 4260; x_wconf 87' lang='lat' dir='ltr'><strong>si</strong></span> <span class='ocrx_word' id='word_1_349' title='bbox 446 4205 573 4276; x_wconf 85' lang='lat' dir='ltr'><strong>quid</strong></span> <span class='ocrx_word' id='word_1_350' title='bbox 614 4220 681 4260; x_wconf 79' lang='lat' dir='ltr'><strong>ex</strong></span> <span class='ocrx_word' id='word_1_351' title='bbox 716 4205 819 4259; x_wconf 90' lang='lat' dir='ltr'><strong>illis</strong></span> <span class='ocrx_word' id='word_1_352' title='bbox 848 4205 1153 4269; x_wconf 88' lang='lat' dir='ltr'><strong>abstulerit,</strong></span> <span class='ocrx_word' id='word_1_353' title='bbox 1182 4205 1440 4272; x_wconf 86' lang='lat' dir='ltr'><strong>periimus</strong></span> <span class='ocrx_word' id='word_1_354' title='bbox 1461 4214 1513 4259; x_wconf 88' lang='lat' dir='ltr'><strong>et</strong></span> <span class='ocrx_word' id='word_1_355' title='bbox 1544 4204 1873 4259; x_wconf 89' lang='lat' dir='ltr'><strong>interiimus:</strong></span> 
     </span>
    </p>
   </div>
   <div class='ocr_carea' id='block_1_44' title="bbox 287 4295 1877 4366">
    <p class='ocr_par' dir='ltr' id='par_1_44' title="bbox 287 4295 1877 4366">
     <span class='ocr_line' id='line_1_44' title="bbox 287 4295 1877 4366; baseline -0.001 -14"><span class='ocrx_word' id='word_1_356' title='bbox 287 4297 519 4352; x_wconf 70' lang='lat' dir='ltr'><strong>advenae</strong></span> <span class='ocrx_word' id='word_1_357' title='bbox 544 4297 685 4351; x_wconf 91' lang='lat' dir='ltr'><strong>enim</strong></span> <span class='ocrx_word' id='word_1_358' title='bbox 717 4311 903 4352; x_wconf 88' lang='lat' dir='ltr'><strong>sumus</strong></span> <span class='ocrx_word' id='word_1_359' title='bbox 929 4304 984 4351; x_wconf 87' lang='lat' dir='ltr'><strong>et</strong></span> <span class='ocrx_word' id='word_1_360' title='bbox 1022 4296 1324 4366; x_wconf 85' lang='lat' dir='ltr'><strong>peregrini.</strong></span> <span class='ocrx_word' id='word_1_361' title='bbox 1355 4295 1487 4350; x_wconf 84' lang='lat' dir='ltr'><strong>lllud</strong></span> <span class='ocrx_word' id='word_1_362' title='bbox 1521 4298 1683 4362; x_wconf 90' lang='lat' dir='ltr'><strong>enim,</strong></span> <span class='ocrx_word' id='word_1_363' title='bbox 1713 4314 1877 4350; x_wconf 76' lang='lat' dir='ltr'><strong>meum</strong></span> 
     </span>
    </p>
   </div>
   <div class='ocr_carea' id='block_1_45' title="bbox 285 4388 1877 4451">
    <p class='ocr_par' dir='ltr' id='par_1_45' title="bbox 285 4388 1877 4451">
     <span class='ocr_line' id='line_1_45' title="bbox 285 4388 1877 4451; baseline -0.002 -6"><span class='ocrx_word' id='word_1_364' title='bbox 285 4398 349 4445; x_wconf 87' lang='lat' dir='ltr'><strong>et</strong></span> <span class='ocrx_word' id='word_1_365' title='bbox 394 4396 556 4451; x_wconf 83' lang='lat' dir='ltr'><strong>tuum,</strong></span> <span class='ocrx_word' id='word_1_366' title='bbox 587 4388 747 4442; x_wconf 88' lang='lat' dir='ltr'><strong>verba</strong></span> <span class='ocrx_word' id='word_1_367' title='bbox 783 4397 984 4442; x_wconf 88' lang='lat' dir='ltr'><strong>tantum</strong></span> <span class='ocrx_word' id='word_1_368' title='bbox 1018 4397 1141 4442; x_wconf 88' lang='lat' dir='ltr'><strong>sunt</strong></span> <span class='ocrx_word' id='word_1_369' title='bbox 1167 4389 1283 4441; x_wconf 84' lang='lat' dir='ltr'><strong>sine</strong></span> <span class='ocrx_word' id='word_1_370' title='bbox 1311 4402 1389 4441; x_wconf 82' lang='lat' dir='ltr'><strong>re.</strong></span> <span class='ocrx_word' id='word_1_371' title='bbox 1422 4388 1554 4441; x_wconf 82' lang='lat' dir='ltr'><strong>Nam</strong></span> <span class='ocrx_word' id='word_1_372' title='bbox 1584 4389 1625 4441; x_wconf 89' lang='lat' dir='ltr'><strong>si</strong></span> <span class='ocrx_word' id='word_1_373' title='bbox 1658 4388 1877 4442; x_wconf 81' lang='lat' dir='ltr'><strong>donmm</strong></span> 
     </span>
    </p>
   </div>
   <div class='ocr_carea' id='block_1_46' title="bbox 285 4478 1880 4545">
    <p class='ocr_par' dir='ltr' id='par_1_46' title="bbox 285 4478 1880 4545">
     <span class='ocr_line' id='line_1_46' title="bbox 285 4478 1880 4545; baseline 0.001 -12"><span class='ocrx_word' id='word_1_374' title='bbox 285 4494 416 4534; x_wconf 83' lang='lat' dir='ltr'><strong>esse</strong></span> <span class='ocrx_word' id='word_1_375' title='bbox 446 4489 587 4532; x_wconf 89' lang='lat' dir='ltr'><strong>tuam</strong></span> <span class='ocrx_word' id='word_1_376' title='bbox 631 4478 798 4545; x_wconf 90' lang='lat' dir='ltr'><strong>dicas,</strong></span> <span class='ocrx_word' id='word_1_377' title='bbox 838 4479 1061 4534; x_wconf 86' lang='lat' dir='ltr'><strong>verbum</strong></span> <span class='ocrx_word' id='word_1_378' title='bbox 1092 4486 1174 4534; x_wconf 88' lang='lat' dir='ltr'><strong>est</strong></span> <span class='ocrx_word' id='word_1_379' title='bbox 1201 4494 1260 4533; x_wconf 88' lang='lat' dir='ltr'><strong>re</strong></span> <span class='ocrx_word' id='word_1_380' title='bbox 1298 4494 1543 4534; x_wconf 81' lang='lat' dir='ltr'><strong>vacuum.</strong></span> <span class='ocrx_word' id='word_1_381' title='bbox 1576 4479 1786 4533; x_wconf 86' lang='lat' dir='ltr'><strong>Etenim</strong></span> <span class='ocrx_word' id='word_1_382' title='bbox 1826 4489 1880 4534; x_wconf 89' lang='lat' dir='ltr'><strong>et</strong></span> 
     </span>
    </p>
   </div>
   <div class='ocr_carea' id='block_1_47' title="bbox 286 4570 1873 4641">
    <p class='ocr_par' dir='ltr' id='par_1_47' title="bbox 286 4570 1873 4641">
     <span class='ocr_line' id='line_1_47' title="bbox 286 4570 1873 4641; baseline -0.001 -14"><span class='ocrx_word' id='word_1_383' title='bbox 286 4589 389 4628; x_wconf 89' lang='lat' dir='ltr'><strong>aer</strong></span> <span class='ocrx_word' id='word_1_384' title='bbox 413 4580 469 4627; x_wconf 90' lang='lat' dir='ltr'><strong>et</strong></span> <span class='ocrx_word' id='word_1_385' title='bbox 492 4580 630 4626; x_wconf 84' lang='lat' dir='ltr'><strong>terra</strong></span> <span class='ocrx_word' id='word_1_386' title='bbox 660 4582 714 4627; x_wconf 89' lang='lat' dir='ltr'><strong>et</strong></span> <span class='ocrx_word' id='word_1_387' title='bbox 744 4572 969 4627; x_wconf 87' lang='lat' dir='ltr'><strong>materia</strong></span> <span class='ocrx_word' id='word_1_388' title='bbox 984 4570 1291 4625; x_wconf 85' lang='lat' dir='ltr'><strong>Conditoris</strong></span> <span class='ocrx_word' id='word_1_389' title='bbox 1321 4582 1462 4636; x_wconf 86' lang='lat' dir='ltr'><strong>sunt,</strong></span> <span class='ocrx_word' id='word_1_390' title='bbox 1492 4582 1549 4626; x_wconf 91' lang='lat' dir='ltr'><strong>ut</strong></span> <span class='ocrx_word' id='word_1_391' title='bbox 1574 4583 1627 4625; x_wconf 82' lang='lat' dir='ltr'><strong>et</strong></span> <span class='ocrx_word' id='word_1_392' title='bbox 1652 4579 1705 4625; x_wconf 91' lang='lat' dir='ltr'><strong>tu</strong></span> <span class='ocrx_word' id='word_1_393' title='bbox 1739 4572 1873 4641; x_wconf 89' lang='lat' dir='ltr'><strong>ipse,</strong></span> 
     </span>
    </p>
   </div>
   <div class='ocr_carea' id='block_1_48' title="bbox 286 4663 1879 4733">
    <p class='ocr_par' dir='ltr' id='par_1_48' title="bbox 286 4663 1879 4733">
     <span class='ocr_line' id='line_1_48' title="bbox 286 4663 1879 4733; baseline 0.003 -17"><span class='ocrx_word' id='word_1_394' title='bbox 286 4665 383 4733; x_wconf 74' lang='lat' dir='ltr'><strong>qui</strong></span> <span class='ocrx_word' id='word_1_395' title='bbox 414 4664 559 4717; x_wconf 89' lang='lat' dir='ltr'><strong>illam</strong></span> <span class='ocrx_word' id='word_1_396' title='bbox 588 4663 853 4728; x_wconf 80' lang='lat' dir='ltr'><strong>struxisti,</strong></span> <span class='ocrx_word' id='word_1_397' title='bbox 878 4664 1087 4733; x_wconf 80' lang='lat' dir='ltr'><strong>aliaque</strong></span> <span class='ocrx_word' id='word_1_398' title='bbox 1114 4665 1315 4718; x_wconf 79' lang='lat' dir='ltr'><strong>omnia.</strong></span> <span class='ocrx_word' id='word_1_399' title='bbox 1351 4664 1407 4719; x_wconf 89' lang='lat' dir='ltr'><strong>Si</strong></span> <span class='ocrx_word' id='word_1_400' title='bbox 1435 4674 1611 4719; x_wconf 85' lang='lat' dir='ltr'><strong>autem</strong></span> <span class='ocrx_word' id='word_1_401' title='bbox 1647 4680 1772 4719; x_wconf 91' lang='lat' dir='ltr'><strong>usus</strong></span> <span class='ocrx_word' id='word_1_402' title='bbox 1798 4676 1879 4720; x_wconf 90' lang='lat' dir='ltr'><strong>est</strong></span> 
     </span>
    </p>
   </div>
   <div class='ocr_carea' id='block_1_49' title="bbox 286 4756 1874 4825">
    <p class='ocr_par' dir='ltr' id='par_1_49' title="bbox 286 4756 1874 4825">
     <span class='ocr_line' id='line_1_49' title="bbox 286 4756 1874 4825; baseline 0.001 -16"><span class='ocrx_word' id='word_1_403' title='bbox 286 4765 439 4818; x_wconf 89' lang='lat' dir='ltr'><strong>tuus,</strong></span> <span class='ocrx_word' id='word_1_404' title='bbox 470 4756 558 4809; x_wconf 90' lang='lat' dir='ltr'><strong>ille</strong></span> <span class='ocrx_word' id='word_1_405' title='bbox 583 4772 795 4825; x_wconf 88' lang='lat' dir='ltr'><strong>quoque</strong></span> <span class='ocrx_word' id='word_1_406' title='bbox 828 4758 1060 4811; x_wconf 82' lang='lat' dir='ltr'><strong>incertus</strong></span> <span class='ocrx_word' id='word_1_407' title='bbox 1086 4765 1189 4820; x_wconf 86' lang='lat' dir='ltr'><strong>est,</strong></span> <span class='ocrx_word' id='word_1_408' title='bbox 1214 4771 1321 4810; x_wconf 90' lang='lat' dir='ltr'><strong>non</strong></span> <span class='ocrx_word' id='word_1_409' title='bbox 1366 4757 1436 4811; x_wconf 88' lang='lat' dir='ltr'><strong>ob</strong></span> <span class='ocrx_word' id='word_1_410' title='bbox 1482 4770 1707 4810; x_wconf 84' lang='lat' dir='ltr'><strong>mortem</strong></span> <span class='ocrx_word' id='word_1_411' title='bbox 1753 4766 1874 4810; x_wconf 55' lang='lat' dir='ltr'><strong>tan-</strong></span> 
     </span>
    </p>
   </div>
   <div class='ocr_carea' id='block_1_50' title="bbox 288 4846 1875 4910">
    <p class='ocr_par' dir='ltr' id='par_1_50' title="bbox 288 4846 1875 4910">
     <span class='ocr_line' id='line_1_50' title="bbox 288 4846 1875 4910; baseline 0.002 -12"><span class='ocrx_word' id='word_1_412' title='bbox 288 4855 443 4910; x_wconf 80' lang='lat' dir='ltr'><strong>tum,</strong></span> <span class='ocrx_word' id='word_1_413' title='bbox 474 4846 565 4900; x_wconf 73' lang='lat' dir='ltr'><strong>sed</strong></span> <span class='ocrx_word' id='word_1_414' title='bbox 598 4849 757 4900; x_wconf 87' lang='lat' dir='ltr'><strong>etiam</strong></span> <span class='ocrx_word' id='word_1_415' title='bbox 806 4856 930 4899; x_wconf 83' lang='lat' dir='ltr'><strong>ante</strong></span> <span class='ocrx_word' id='word_1_416' title='bbox 978 4856 1205 4899; x_wconf 74' lang='lat' dir='ltr'><strong>mortem</strong></span> <span class='ocrx_word' id='word_1_417' title='bbox 1236 4850 1305 4899; x_wconf 61' lang='lat' dir='ltr'><strong>ob</strong></span> <span class='ocrx_word' id='word_1_418' title='bbox 1336 4862 1513 4900; x_wconf 72' lang='lat' dir='ltr'><strong>rerum</strong></span> <span class='ocrx_word' id='word_1_419' title='bbox 1554 4848 1875 4901; x_wconf 78' lang='lat' dir='ltr'><strong>instabilita-</strong></span> 
     </span>
    </p>
   </div>
   <div class='ocr_carea' id='block_1_51' title="bbox 286 4934 1873 5010">
    <p class='ocr_par' dir='ltr' id='par_1_51' title="bbox 286 4934 1873 5010">
     <span class='ocr_line' id='line_1_51' title="bbox 286 4934 1873 5010; baseline 0.003 -20"><span class='ocrx_word' id='word_1_420' title='bbox 286 4947 425 4990; x_wconf 88' lang='lat' dir='ltr'><strong>tem.</strong></span> <span class='ocrx_word' id='word_1_421' title='bbox 462 4934 585 4991; x_wconf 61' lang='lat' dir='ltr'><strong>llaec</strong></span> <span class='ocrx_word' id='word_1_422' title='bbox 612 4954 740 5009; x_wconf 87' lang='lat' dir='ltr'><strong>ergo</strong></span> <span class='ocrx_word' id='word_1_423' title='bbox 782 4938 921 5007; x_wconf 78' lang='lat' dir='ltr'><strong>apud</strong></span> <span class='ocrx_word' id='word_1_424' title='bbox 954 4953 1051 4992; x_wconf 91' lang='lat' dir='ltr'><strong>nos</strong></span> <span class='ocrx_word' id='word_1_425' title='bbox 1093 4938 1307 4992; x_wconf 80' lang='lat' dir='ltr'><strong>assidue</strong></span> <span class='ocrx_word' id='word_1_426' title='bbox 1338 4939 1717 5007; x_wconf 67' lang='lat' dir='ltr'><strong>dcseribeatcs,</strong></span> <span class='ocrx_word' id='word_1_427' title='bbox 1752 4941 1873 5010; x_wconf 84' lang='lat' dir='ltr'><strong>phi-</strong></span> 
     </span>
    </p>
   </div>
   <div class='ocr_carea' id='block_1_52' title="bbox 285 5025 1872 5099">
    <p class='ocr_par' dir='ltr' id='par_1_52' title="bbox 285 5025 1872 5099">
     <span class='ocr_line' id='line_1_52' title="bbox 285 5025 1872 5099; baseline 0.001 -15"><span class='ocrx_word' id='word_1_428' title='bbox 285 5025 641 5094; x_wconf 79' lang='lat' dir='ltr'><strong>losoubemur</strong></span> <span class='ocrx_word' id='word_1_429' title='bbox 683 5038 741 5082; x_wconf 90' lang='lat' dir='ltr'><strong>et</strong></span> <span class='ocrx_word' id='word_1_430' title='bbox 782 5029 890 5084; x_wconf 89' lang='lat' dir='ltr'><strong>dno</strong></span> <span class='ocrx_word' id='word_1_431' title='bbox 916 5044 1033 5099; x_wconf 72' lang='lat' dir='ltr'><strong>quae</strong></span> <span class='ocrx_word' id='word_1_432' title='bbox 1073 5037 1198 5082; x_wconf 91' lang='lat' dir='ltr'><strong>sunt</strong></span> <span class='ocrx_word' id='word_1_433' title='bbox 1246 5031 1476 5083; x_wconf 79' lang='lat' dir='ltr'><strong>maxima</strong></span> <span class='ocrx_word' id='word_1_434' title='bbox 1528 5031 1872 5086; x_wconf 84' lang='lat' dir='ltr'><strong>lucrabimur.</strong></span> 
     </span>
    </p>
   </div>
   <div class='ocr_carea' id='block_1_53' title="bbox 280 5118 1874 5187">
    <p class='ocr_par' dir='ltr' id='par_1_53' title="bbox 280 5118 1874 5187">
     <span class='ocr_line' id='line_1_53' title="bbox 280 5118 1874 5187; baseline 0.003 -12"><span class='ocrx_word' id='word_1_435' title='bbox 280 5118 420 5175; x_wconf 81' lang='lat' dir='ltr'><strong>Nam</strong></span> <span class='ocrx_word' id='word_1_436' title='bbox 452 5126 506 5173; x_wconf 88' lang='lat' dir='ltr'><strong>et</strong></span> <span class='ocrx_word' id='word_1_437' title='bbox 532 5119 671 5187; x_wconf 81' lang='lat' dir='ltr'><strong>grati</strong></span> <span class='ocrx_word' id='word_1_438' title='bbox 695 5123 896 5176; x_wconf 89' lang='lat' dir='ltr'><strong>erimus</strong></span> <span class='ocrx_word' id='word_1_439' title='bbox 923 5133 977 5177; x_wconf 89' lang='lat' dir='ltr'><strong>et</strong></span> <span class='ocrx_word' id='word_1_440' title='bbox 1006 5122 1131 5176; x_wconf 88' lang='lat' dir='ltr'><strong>dum</strong></span> <span class='ocrx_word' id='word_1_441' title='bbox 1160 5130 1399 5176; x_wconf 84' lang='lat' dir='ltr'><strong>tenemus</strong></span> <span class='ocrx_word' id='word_1_442' title='bbox 1428 5132 1481 5176; x_wconf 84' lang='lat' dir='ltr'><strong>et</strong></span> <span class='ocrx_word' id='word_1_443' title='bbox 1507 5124 1635 5177; x_wconf 91' lang='lat' dir='ltr'><strong>dum</strong></span> <span class='ocrx_word' id='word_1_444' title='bbox 1660 5140 1688 5177; x_wconf 90' lang='lat' dir='ltr'><strong>a</strong></span> <span class='ocrx_word' id='word_1_445' title='bbox 1722 5125 1874 5180; x_wconf 88' lang='lat' dir='ltr'><strong>nobis</strong></span> 
     </span>
    </p>
   </div>
   <div class='ocr_carea' id='block_1_54' title="bbox 279 5211 1873 5285">
    <p class='ocr_par' dir='ltr' id='par_1_54' title="bbox 279 5211 1873 5285">
     <span class='ocr_line' id='line_1_54' title="bbox 279 5211 1873 5285; baseline 0.004 -17"><span class='ocrx_word' id='word_1_446' title='bbox 279 5211 624 5276; x_wconf 82' lang='lat' dir='ltr'><strong>auferuntur,</strong></span> <span class='ocrx_word' id='word_1_447' title='bbox 674 5227 848 5282; x_wconf 89' lang='lat' dir='ltr'><strong>neque</strong></span> <span class='ocrx_word' id='word_1_448' title='bbox 895 5216 1190 5269; x_wconf 87' lang='lat' dir='ltr'><strong>serviemus</strong></span> <span class='ocrx_word' id='word_1_449' title='bbox 1240 5215 1306 5269; x_wconf 92' lang='lat' dir='ltr'><strong>iis</strong></span> <span class='ocrx_word' id='word_1_450' title='bbox 1345 5231 1464 5285; x_wconf 71' lang='lat' dir='ltr'><strong>qua:</strong></span> <span class='ocrx_word' id='word_1_451' title='bbox 1506 5218 1873 5285; x_wconf 75' lang='lat' dir='ltr'><strong>praeterfluunt</strong></span> 
     </span>
    </p>
   </div>
   <div class='ocr_carea' id='block_1_55' title="bbox 280 5303 1872 5377">
    <p class='ocr_par' dir='ltr' id='par_1_55' title="bbox 280 5303 1872 5377">
     <span class='ocr_line' id='line_1_55' title="bbox 280 5303 1872 5377; baseline 0.003 -17"><span class='ocrx_word' id='word_1_452' title='bbox 280 5318 389 5360; x_wconf 84' lang='lat' dir='ltr'><strong>nec</strong></span> <span class='ocrx_word' id='word_1_453' title='bbox 412 5311 596 5357; x_wconf 83' lang='lat' dir='ltr'><strong>nostra</strong></span> <span class='ocrx_word' id='word_1_454' title='bbox 627 5312 771 5356; x_wconf 88' lang='lat' dir='ltr'><strong>sunt.</strong></span> <span class='ocrx_word' id='word_1_455' title='bbox 808 5303 940 5358; x_wconf 84' lang='lat' dir='ltr'><strong>Nam</strong></span> <span class='ocrx_word' id='word_1_456' title='bbox 982 5307 1025 5360; x_wconf 91' lang='lat' dir='ltr'><strong>si</strong></span> <span class='ocrx_word' id='word_1_457' title='bbox 1054 5308 1308 5377; x_wconf 89' lang='lat' dir='ltr'><strong>pecunias</strong></span> <span class='ocrx_word' id='word_1_458' title='bbox 1334 5309 1624 5377; x_wconf 81' lang='lat' dir='ltr'><strong>acceperit,</strong></span> <span class='ocrx_word' id='word_1_459' title='bbox 1656 5324 1752 5364; x_wconf 88' lang='lat' dir='ltr'><strong>sua</strong></span> <span class='ocrx_word' id='word_1_460' title='bbox 1782 5327 1872 5365; x_wconf 87' lang='lat' dir='ltr'><strong>ac-</strong></span> 
     </span>
    </p>
   </div>
   <div class='ocr_carea' id='block_1_56' title="bbox 281 5390 1872 5471">
    <p class='ocr_par' dir='ltr' id='par_1_56' title="bbox 281 5390 1872 5471">
     <span class='ocr_line' id='line_1_56' title="bbox 281 5390 1872 5471; baseline 0.001 -22"><span class='ocrx_word' id='word_1_461' title='bbox 281 5395 468 5464; x_wconf 81' lang='lat' dir='ltr'><strong>cepit;</strong></span> <span class='ocrx_word' id='word_1_462' title='bbox 526 5392 573 5447; x_wconf 87' lang='lat' dir='ltr'><strong>si</strong></span> <span class='ocrx_word' id='word_1_463' title='bbox 622 5390 903 5458; x_wconf 84' lang='lat' dir='ltr'><strong>bouorem,</strong></span> <span class='ocrx_word' id='word_1_464' title='bbox 948 5396 992 5448; x_wconf 88' lang='lat' dir='ltr'><strong>si</strong></span> <span class='ocrx_word' id='word_1_465' title='bbox 1044 5398 1293 5465; x_wconf 83' lang='lat' dir='ltr'><strong>gloriam,</strong></span> <span class='ocrx_word' id='word_1_466' title='bbox 1324 5398 1368 5451; x_wconf 87' lang='lat' dir='ltr'><strong>si</strong></span> <span class='ocrx_word' id='word_1_467' title='bbox 1391 5413 1604 5468; x_wconf 89' lang='lat' dir='ltr'><strong>corpus,</strong></span> <span class='ocrx_word' id='word_1_468' title='bbox 1628 5402 1672 5453; x_wconf 90' lang='lat' dir='ltr'><strong>si</strong></span> <span class='ocrx_word' id='word_1_469' title='bbox 1706 5401 1872 5471; x_wconf 67' lang='lat' dir='ltr'><strong>ipsum</strong></span> 
     </span>
    </p>
   </div>
   <div class='ocr_carea' id='block_1_57' title="bbox 282 5482 1869 5561">
    <p class='ocr_par' dir='ltr' id='par_1_57' title="bbox 282 5482 1869 5561">
     <span class='ocr_line' id='line_1_57' title="bbox 282 5482 1869 5561; baseline 0.004 -20"><span class='ocrx_word' id='word_1_470' title='bbox 282 5487 563 5550; x_wconf 78' lang='lat' dir='ltr'><strong>animam;</strong></span> <span class='ocrx_word' id='word_1_471' title='bbox 611 5485 654 5540; x_wconf 91' lang='lat' dir='ltr'><strong>si</strong></span> <span class='ocrx_word' id='word_1_472' title='bbox 678 5482 846 5538; x_wconf 86' lang='lat' dir='ltr'><strong>ﬁlium</strong></span> <span class='ocrx_word' id='word_1_473' title='bbox 880 5494 1026 5539; x_wconf 90' lang='lat' dir='ltr'><strong>tuum</strong></span> <span class='ocrx_word' id='word_1_474' title='bbox 1054 5490 1341 5558; x_wconf 88' lang='lat' dir='ltr'><strong>acceperit,</strong></span> <span class='ocrx_word' id='word_1_475' title='bbox 1369 5505 1472 5545; x_wconf 91' lang='lat' dir='ltr'><strong>non</strong></span> <span class='ocrx_word' id='word_1_476' title='bbox 1502 5492 1667 5545; x_wconf 87' lang='lat' dir='ltr'><strong>filium</strong></span> <span class='ocrx_word' id='word_1_477' title='bbox 1700 5502 1869 5561; x_wconf 91' lang='lat' dir='ltr'><strong>tuum,</strong></span> 
     </span>
    </p>
   </div>
   <div class='ocr_carea' id='block_1_58' title="bbox 289 5578 1867 5652">
    <p class='ocr_par' dir='ltr' id='par_1_58' title="bbox 289 5578 1867 5652">
     <span class='ocr_line' id='line_1_58' title="bbox 289 5578 1867 5652; baseline 0.004 -19"><span class='ocrx_word' id='word_1_478' title='bbox 289 5578 388 5633; x_wconf 71' lang='lat' dir='ltr'><strong>sed</strong></span> <span class='ocrx_word' id='word_1_479' title='bbox 419 5593 637 5633; x_wconf 87' lang='lat' dir='ltr'><strong>servum</strong></span> <span class='ocrx_word' id='word_1_480' title='bbox 668 5591 821 5631; x_wconf 90' lang='lat' dir='ltr'><strong>suum</strong></span> <span class='ocrx_word' id='word_1_481' title='bbox 861 5578 1091 5646; x_wconf 86' lang='lat' dir='ltr'><strong>accepit.</strong></span> <span class='ocrx_word' id='word_1_482' title='bbox 1118 5578 1233 5634; x_wconf 85' lang='lat' dir='ltr'><strong>Non</strong></span> <span class='ocrx_word' id='word_1_483' title='bbox 1261 5583 1403 5636; x_wconf 89' lang='lat' dir='ltr'><strong>enim</strong></span> <span class='ocrx_word' id='word_1_484' title='bbox 1446 5593 1499 5637; x_wconf 88' lang='lat' dir='ltr'><strong>tu</strong></span> <span class='ocrx_word' id='word_1_485' title='bbox 1549 5583 1719 5652; x_wconf 86' lang='lat' dir='ltr'><strong>ipsum</strong></span> <span class='ocrx_word' id='word_1_486' title='bbox 1760 5585 1867 5639; x_wconf 88' lang='lat' dir='ltr'><strong>for-</strong></span> 
     </span>
    </p>
   </div>
   <div class='ocr_carea' id='block_1_59' title="bbox 278 5666 1869 5740">
    <p class='ocr_par' dir='ltr' id='par_1_59' title="bbox 278 5666 1869 5740">
     <span class='ocr_line' id='line_1_59' title="bbox 278 5666 1869 5740; baseline 0.004 -16"><span class='ocrx_word' id='word_1_487' title='bbox 278 5668 467 5735; x_wconf 83' lang='lat' dir='ltr'><strong>masti,</strong></span> <span class='ocrx_word' id='word_1_488' title='bbox 490 5669 586 5725; x_wconf 88' lang='lat' dir='ltr'><strong>sed</strong></span> <span class='ocrx_word' id='word_1_489' title='bbox 616 5668 707 5723; x_wconf 88' lang='lat' dir='ltr'><strong>ille</strong></span> <span class='ocrx_word' id='word_1_490' title='bbox 736 5666 898 5723; x_wconf 83' lang='lat' dir='ltr'><strong>fecit:</strong></span> <span class='ocrx_word' id='word_1_491' title='bbox 937 5676 990 5721; x_wconf 90' lang='lat' dir='ltr'><strong>tu</strong></span> <span class='ocrx_word' id='word_1_492' title='bbox 1015 5678 1193 5723; x_wconf 87' lang='lat' dir='ltr'><strong>autem</strong></span> <span class='ocrx_word' id='word_1_493' title='bbox 1216 5672 1330 5740; x_wconf 87' lang='lat' dir='ltr'><strong>ejus</strong></span> <span class='ocrx_word' id='word_1_494' title='bbox 1360 5675 1605 5729; x_wconf 85' lang='lat' dir='ltr'><strong>adventui</strong></span> <span class='ocrx_word' id='word_1_495' title='bbox 1637 5674 1869 5730; x_wconf 87' lang='lat' dir='ltr'><strong>admini-</strong></span> 
     </span>
    </p>
   </div>
   <div class='ocr_carea' id='block_1_60' title="bbox 277 5759 1861 5827">
    <p class='ocr_par' dir='ltr' id='par_1_60' title="bbox 277 5759 1861 5827">
     <span class='ocr_line' id='line_1_60' title="bbox 277 5759 1861 5827; baseline 0.005 -8"><span class='ocrx_word' id='word_1_496' title='bbox 277 5771 399 5818; x_wconf 67' lang='lat' dir='ltr'><strong>ater</strong></span> <span class='ocrx_word' id='word_1_497' title='bbox 423 5770 629 5818; x_wconf 86' lang='lat' dir='ltr'><strong>tantum</strong></span> <span class='ocrx_word' id='word_1_498' title='bbox 675 5759 842 5825; x_wconf 87' lang='lat' dir='ltr'><strong>fuisti,</strong></span> <span class='ocrx_word' id='word_1_499' title='bbox 874 5770 1039 5815; x_wconf 92' lang='lat' dir='ltr'><strong>totum</strong></span> <span class='ocrx_word' id='word_1_500' title='bbox 1088 5769 1265 5816; x_wconf 88' lang='lat' dir='ltr'><strong>autem</strong></span> <span class='ocrx_word' id='word_1_501' title='bbox 1319 5765 1408 5824; x_wconf 90' lang='lat' dir='ltr'><strong>ille</strong></span> <span class='ocrx_word' id='word_1_502' title='bbox 1456 5766 1601 5826; x_wconf 78' lang='lat' dir='ltr'><strong>fecit.</strong></span> <span class='ocrx_word' id='word_1_503' title='bbox 1650 5766 1861 5827; x_wconf 82' lang='lat' dir='ltr'><strong>Gratias</strong></span> 
     </span>
    </p>
   </div>
   <div class='ocr_carea' id='block_1_61' title="bbox 624 5866 1250 5930">
    <p class='ocr_par' dir='ltr' id='par_1_61' title="bbox 624 5866 1250 5930">
     <span class='ocr_line' id='line_1_61' title="bbox 624 5866 1250 5930; baseline 0.006 -4"><span class='ocrx_word' id='word_1_504' title='bbox 624 5867 885 5926; x_wconf 70' lang='lat' dir='ltr'><strong>Pnaoc.</strong></span> <span class='ocrx_word' id='word_1_505' title='bbox 928 5866 1044 5927; x_wconf 83' lang='lat' dir='ltr'><strong>Gn.</strong></span> <span class='ocrx_word' id='word_1_506' title='bbox 1094 5866 1250 5930; x_wconf 79' lang='lat' dir='ltr'><strong>LXl.</strong></span> 
     </span>
    </p>
   </div>
   <div class='ocr_carea' id='block_1_62' title="bbox 1970 454 3544 543">
    <p class='ocr_par' dir='ltr' id='par_1_62' title="bbox 1970 454 3544 543">
     <span class='ocr_line' id='line_1_62' title="bbox 1970 454 3544 543; baseline 0.011 -36"><span class='ocrx_word' id='word_1_507' title='bbox 1970 454 2128 523; x_wconf 87' lang='lat' dir='ltr'><strong>igitur</strong></span> <span class='ocrx_word' id='word_1_508' title='bbox 2174 475 2415 530; x_wconf 85' lang='lat' dir='ltr'><strong>agamus,</strong></span> <span class='ocrx_word' id='word_1_509' title='bbox 2439 463 2580 532; x_wconf 89' lang='lat' dir='ltr'><strong>quod</strong></span> <span class='ocrx_word' id='word_1_510' title='bbox 2610 465 2789 534; x_wconf 86' lang='lat' dir='ltr'><strong>operis</strong></span> <span class='ocrx_word' id='word_1_511' title='bbox 2835 466 3136 523; x_wconf 88' lang='lat' dir='ltr'><strong>administri</strong></span> <span class='ocrx_word' id='word_1_512' title='bbox 3188 470 3300 525; x_wconf 89' lang='lat' dir='ltr'><strong>ﬁeri</strong></span> <span class='ocrx_word' id='word_1_513' title='bbox 3348 470 3544 543; x_wconf 79' lang='lat' dir='ltr'><strong>dignati</strong></span> 
     </span>
    </p>
   </div>
   <div class='ocr_carea' id='block_1_63' title="bbox 1964 550 3548 627">
    <p class='ocr_par' dir='ltr' id='par_1_63' title="bbox 1964 550 3548 627">
     <span class='ocr_line' id='line_1_63' title="bbox 1964 550 3548 627; baseline 0.01 -26"><span class='ocrx_word' id='word_1_514' title='bbox 1964 550 2149 603; x_wconf 79' lang='lat' dir='ltr'><strong>simus.</strong></span> <span class='ocrx_word' id='word_1_515' title='bbox 2181 551 2283 607; x_wconf 91' lang='lat' dir='ltr'><strong>Sed</strong></span> <span class='ocrx_word' id='word_1_516' title='bbox 2312 553 2484 622; x_wconf 87' lang='lat' dir='ltr'><strong>quid?</strong></span> <span class='ocrx_word' id='word_1_517' title='bbox 2533 570 2729 610; x_wconf 87' lang='lat' dir='ltr'><strong>eumne</strong></span> <span class='ocrx_word' id='word_1_518' title='bbox 2755 568 3013 627; x_wconf 76' lang='lat' dir='ltr'><strong>perpetuo</strong></span> <span class='ocrx_word' id='word_1_519' title='bbox 3050 558 3251 619; x_wconf 85' lang='lat' dir='ltr'><strong>habere</strong></span> <span class='ocrx_word' id='word_1_520' title='bbox 3289 562 3548 617; x_wconf 81' lang='lat' dir='ltr'><strong>voluisti?</strong></span> 
     </span>
    </p>
   </div>
   <div class='ocr_carea' id='block_1_64' title="bbox 1966 642 3547 720">
    <p class='ocr_par' dir='ltr' id='par_1_64' title="bbox 1966 642 3547 720">
     <span class='ocr_line' id='line_1_64' title="bbox 1966 642 3547 720; baseline 0.009 -24"><span class='ocrx_word' id='word_1_521' title='bbox 1966 642 2077 696; x_wconf 91' lang='lat' dir='ltr'><strong>lloc</strong></span> <span class='ocrx_word' id='word_1_522' title='bbox 2125 643 2317 713; x_wconf 87' lang='lat' dir='ltr'><strong>ingrati</strong></span> <span class='ocrx_word' id='word_1_523' title='bbox 2347 656 2428 700; x_wconf 92' lang='lat' dir='ltr'><strong>est</strong></span> <span class='ocrx_word' id='word_1_524' title='bbox 2457 654 2515 701; x_wconf 92' lang='lat' dir='ltr'><strong>et</strong></span> <span class='ocrx_word' id='word_1_525' title='bbox 2545 646 2843 716; x_wconf 89' lang='lat' dir='ltr'><strong>ignorantis</strong></span> <span class='ocrx_word' id='word_1_526' title='bbox 2896 658 2949 703; x_wconf 82' lang='lat' dir='ltr'><strong>te</strong></span> <span class='ocrx_word' id='word_1_527' title='bbox 2996 650 3229 706; x_wconf 81' lang='lat' dir='ltr'><strong>alienum</strong></span> <span class='ocrx_word' id='word_1_528' title='bbox 3270 651 3547 720; x_wconf 84' lang='lat' dir='ltr'><strong>habuisse,</strong></span> 
     </span>
    </p>
   </div>
   <div class='ocr_carea' id='block_1_65' title="bbox 1966 735 3551 820">
    <p class='ocr_par' dir='ltr' id='par_1_65' title="bbox 1966 735 3551 820">
     <span class='ocr_line' id='line_1_65' title="bbox 1966 735 3551 820; baseline 0.009 -34"><span class='ocrx_word' id='word_1_529' title='bbox 1966 749 2067 787; x_wconf 88' lang='lat' dir='ltr'><strong>non</strong></span> <span class='ocrx_word' id='word_1_530' title='bbox 2100 735 2191 788; x_wconf 84' lang='lat' dir='ltr'><strong>tibi</strong></span> <span class='ocrx_word' id='word_1_531' title='bbox 2222 736 2515 820; x_wconf 79' lang='lat' dir='ltr'><strong>proprium.</strong></span> <span class='ocrx_word' id='word_1_532' title='bbox 2546 738 3007 804; x_wconf 82' lang='lat' dir='ltr'><strong>Quemadmodum</strong></span> <span class='ocrx_word' id='word_1_533' title='bbox 3039 742 3098 808; x_wconf 91' lang='lat' dir='ltr'><strong>ii,</strong></span> <span class='ocrx_word' id='word_1_534' title='bbox 3134 743 3225 812; x_wconf 91' lang='lat' dir='ltr'><strong>qui</strong></span> <span class='ocrx_word' id='word_1_535' title='bbox 3266 746 3436 812; x_wconf 84' lang='lat' dir='ltr'><strong>parati</strong></span> <span class='ocrx_word' id='word_1_536' title='bbox 3464 761 3551 800; x_wconf 90' lang='lat' dir='ltr'><strong>se-</strong></span> 
     </span>
    </p>
   </div>
   <div class='ocr_carea' id='block_1_66' title="bbox 1963 825 3551 905">
    <p class='ocr_par' dir='ltr' id='par_1_66' title="bbox 1963 825 3551 905">
     <span class='ocr_line' id='line_1_66' title="bbox 1963 825 3551 905; baseline 0.009 -29"><span class='ocrx_word' id='word_1_537' title='bbox 1963 825 2179 891; x_wconf 82' lang='lat' dir='ltr'><strong>cedunt,</strong></span> <span class='ocrx_word' id='word_1_538' title='bbox 2212 827 2390 882; x_wconf 90' lang='lat' dir='ltr'><strong>sciunt</strong></span> <span class='ocrx_word' id='word_1_539' title='bbox 2439 842 2498 883; x_wconf 89' lang='lat' dir='ltr'><strong>se</strong></span> <span class='ocrx_word' id='word_1_540' title='bbox 2543 844 2651 883; x_wconf 90' lang='lat' dir='ltr'><strong>non</strong></span> <span class='ocrx_word' id='word_1_541' title='bbox 2700 845 2796 886; x_wconf 86' lang='lat' dir='ltr'><strong>sua</strong></span> <span class='ocrx_word' id='word_1_542' title='bbox 2844 831 3042 887; x_wconf 86' lang='lat' dir='ltr'><strong>habere</strong></span> <span class='ocrx_word' id='word_1_543' title='bbox 3072 849 3086 887; x_wconf 88' lang='lat'><strong>:</strong></span> <span class='ocrx_word' id='word_1_544' title='bbox 3119 834 3196 888; x_wconf 87' lang='lat' dir='ltr'><strong>sic</strong></span> <span class='ocrx_word' id='word_1_545' title='bbox 3224 834 3313 905; x_wconf 91' lang='lat' dir='ltr'><strong>qui</strong></span> <span class='ocrx_word' id='word_1_546' title='bbox 3345 835 3551 903; x_wconf 82' lang='lat' dir='ltr'><strong>dolent,</strong></span> 
     </span>
    </p>
   </div>
   <div class='ocr_carea' id='block_1_67' title="bbox 1963 917 3546 993">
    <p class='ocr_par' dir='ltr' id='par_1_67' title="bbox 1963 917 3546 993">
     <span class='ocr_line' id='line_1_67' title="bbox 1963 917 3546 993; baseline 0.008 -23"><span class='ocrx_word' id='word_1_547' title='bbox 1963 917 2108 987; x_wconf 79' lang='lat' dir='ltr'><strong>regia</strong></span> <span class='ocrx_word' id='word_1_548' title='bbox 2154 918 2254 972; x_wconf 86' lang='lat' dir='ltr'><strong>sibi</strong></span> <span class='ocrx_word' id='word_1_549' title='bbox 2301 929 2578 988; x_wconf 90' lang='lat' dir='ltr'><strong>usurpant.</strong></span> <span class='ocrx_word' id='word_1_550' title='bbox 2628 921 2761 977; x_wconf 87' lang='lat' dir='ltr'><strong>Nam</strong></span> <span class='ocrx_word' id='word_1_551' title='bbox 2792 922 2837 977; x_wconf 91' lang='lat' dir='ltr'><strong>si</strong></span> <span class='ocrx_word' id='word_1_552' title='bbox 2867 938 2965 977; x_wconf 87' lang='lat' dir='ltr'><strong>nos</strong></span> <span class='ocrx_word' id='word_1_553' title='bbox 2993 939 3098 979; x_wconf 93' lang='lat' dir='ltr'><strong>non</strong></span> <span class='ocrx_word' id='word_1_554' title='bbox 3141 942 3326 981; x_wconf 90' lang='lat' dir='ltr'><strong>sumus</strong></span> <span class='ocrx_word' id='word_1_555' title='bbox 3354 930 3546 993; x_wconf 88' lang='lat' dir='ltr'><strong>nostri,</strong></span> 
     </span>
    </p>
   </div>
   <div class='ocr_carea' id='block_1_68' title="bbox 1963 1007 3555 1084">
    <p class='ocr_par' dir='ltr' id='par_1_68' title="bbox 1963 1007 3555 1084">
     <span class='ocr_line' id='line_1_68' title="bbox 1963 1007 3555 1084; baseline 0.011 -26"><span class='ocrx_word' id='word_1_556' title='bbox 1963 1007 2234 1077; x_wconf 85' lang='lat' dir='ltr'><strong>quomodo</strong></span> <span class='ocrx_word' id='word_1_557' title='bbox 2256 1009 2331 1063; x_wconf 92' lang='lat' dir='ltr'><strong>illi</strong></span> <span class='ocrx_word' id='word_1_558' title='bbox 2361 1012 2530 1065; x_wconf 87' lang='lat' dir='ltr'><strong>nostri</strong></span> <span class='ocrx_word' id='word_1_559' title='bbox 2558 1012 2724 1067; x_wconf 91' lang='lat' dir='ltr'><strong>sunt?</strong></span> <span class='ocrx_word' id='word_1_560' title='bbox 2761 1013 2973 1084; x_wconf 85' lang='lat' dir='ltr'><strong>Duplici</strong></span> <span class='ocrx_word' id='word_1_561' title='bbox 2999 1016 3142 1070; x_wconf 92' lang='lat' dir='ltr'><strong>enim</strong></span> <span class='ocrx_word' id='word_1_562' title='bbox 3174 1018 3383 1073; x_wconf 90' lang='lat' dir='ltr'><strong>ratione</strong></span> <span class='ocrx_word' id='word_1_563' title='bbox 3411 1018 3555 1075; x_wconf 87' lang='lat' dir='ltr'><strong>illius</strong></span> 
     </span>
    </p>
   </div>
   <div class='ocr_carea' id='block_1_69' title="bbox 1964 1102 3551 1166">
    <p class='ocr_par' dir='ltr' id='par_1_69' title="bbox 1964 1102 3551 1166">
     <span class='ocr_line' id='line_1_69' title="bbox 1964 1102 3551 1166; baseline 0.008 -13"><span class='ocrx_word' id='word_1_564' title='bbox 1964 1113 2169 1164; x_wconf 90' lang='lat' dir='ltr'><strong>sumus,</strong></span> <span class='ocrx_word' id='word_1_565' title='bbox 2200 1109 2255 1155; x_wconf 92' lang='lat' dir='ltr'><strong>et</strong></span> <span class='ocrx_word' id='word_1_566' title='bbox 2282 1102 2575 1157; x_wconf 90' lang='lat' dir='ltr'><strong>secundum</strong></span> <span class='ocrx_word' id='word_1_567' title='bbox 2606 1106 2934 1161; x_wconf 89' lang='lat' dir='ltr'><strong>creationem</strong></span> <span class='ocrx_word' id='word_1_568' title='bbox 2959 1116 3015 1161; x_wconf 88' lang='lat' dir='ltr'><strong>et</strong></span> <span class='ocrx_word' id='word_1_569' title='bbox 3042 1109 3338 1164; x_wconf 89' lang='lat' dir='ltr'><strong>secundum</strong></span> <span class='ocrx_word' id='word_1_570' title='bbox 3367 1110 3551 1166; x_wconf 88' lang='lat' dir='ltr'><strong>ﬁdem.</strong></span> 
     </span>
    </p>
   </div>
   <div class='ocr_carea' id='block_1_70' title="bbox 1966 1188 3557 1271">
    <p class='ocr_par' dir='ltr' id='par_1_70' title="bbox 1966 1188 3557 1271">
     <span class='ocr_line' id='line_1_70' title="bbox 1966 1188 3557 1271; baseline 0.009 -28"><span class='ocrx_word' id='word_1_571' title='bbox 1966 1188 2195 1259; x_wconf 88' lang='lat' dir='ltr'><strong>Ideoque</strong></span> <span class='ocrx_word' id='word_1_572' title='bbox 2254 1192 2417 1247; x_wconf 84' lang='lat' dir='ltr'><strong>David</strong></span> <span class='ocrx_word' id='word_1_573' title='bbox 2464 1194 2594 1249; x_wconf 87' lang='lat' dir='ltr'><strong>dicit</strong></span> <span class='ocrx_word' id='word_1_574' title='bbox 2644 1213 2659 1249; x_wconf 91' lang='lat'><strong>:</strong></span> <span class='ocrx_word' id='word_1_575' title='bbox 2714 1194 3016 1251; x_wconf 86' lang='lat' dir='ltr'><strong>Substantia</strong></span> <span class='ocrx_word' id='word_1_576' title='bbox 3060 1216 3171 1253; x_wconf 78' lang='lat' dir='ltr'><strong>mea</strong></span> <span class='ocrx_word' id='word_1_577' title='bbox 3218 1202 3359 1271; x_wconf 77' lang='lat' dir='ltr'><strong>apud</strong></span> <span class='ocrx_word' id='word_1_578' title='bbox 3406 1213 3451 1258; x_wconf 83' lang='lat' dir='ltr'><strong>te</strong></span> <span class='ocrx_word' id='word_1_579' title='bbox 3481 1215 3557 1258; x_wconf 80' lang='lat' dir='ltr'><strong>est</strong></span> 
     </span>
    </p>
   </div>
   <div class='ocr_carea' id='block_1_71' title="bbox 1971 1280 3552 1361">
    <p class='ocr_par' dir='ltr' id='par_1_71' title="bbox 1971 1280 3552 1361">
     <span class='ocr_line' id='line_1_71' title="bbox 1971 1280 3552 1361; baseline 0.01 -29"><span class='ocrx_word' id='word_1_580' title='bbox 1971 1280 2139 1348; x_wconf 77' lang='lat' dir='ltr'><strong>(Psal.</strong></span> <span class='ocrx_word' id='word_1_581' title='bbox 2168 1283 2257 1337; x_wconf 79' lang='grc'><strong>58.</strong></span> <span class='ocrx_word' id='word_1_582' title='bbox 2283 1281 2371 1354; x_wconf 87' lang='grc'><strong>8);</strong></span> <span class='ocrx_word' id='word_1_583' title='bbox 2420 1294 2475 1339; x_wconf 88' lang='lat' dir='ltr'><strong>et</strong></span> <span class='ocrx_word' id='word_1_584' title='bbox 2508 1285 2737 1340; x_wconf 84' lang='lat' dir='ltr'><strong>Paulus:</strong></span> <span class='ocrx_word' id='word_1_585' title='bbox 2774 1286 2840 1341; x_wconf 86' lang='lat' dir='ltr'><strong>In</strong></span> <span class='ocrx_word' id='word_1_586' title='bbox 2878 1290 2989 1360; x_wconf 86' lang='lat' dir='ltr'><strong>ipso</strong></span> <span class='ocrx_word' id='word_1_587' title='bbox 3024 1290 3252 1356; x_wconf 85' lang='lat' dir='ltr'><strong>vivimus,</strong></span> <span class='ocrx_word' id='word_1_588' title='bbox 3276 1309 3552 1361; x_wconf 85' lang='lat' dir='ltr'><strong>movemur,</strong></span> 
     </span>
    </p>
   </div>
   <div class='ocr_carea' id='block_1_72' title="bbox 1967 1377 3554 1446">
    <p class='ocr_par' dir='ltr' id='par_1_72' title="bbox 1967 1377 3554 1446">
     <span class='ocr_line' id='line_1_72' title="bbox 1967 1377 3554 1446; baseline 0.011 -21"><span class='ocrx_word' id='word_1_589' title='bbox 1967 1383 2013 1425; x_wconf 87' lang='lat' dir='ltr'><strong>et</strong></span> <span class='ocrx_word' id='word_1_590' title='bbox 2042 1390 2217 1428; x_wconf 78' lang='lat' dir='ltr'><strong>sumus</strong></span> <span class='ocrx_word' id='word_1_591' title='bbox 2260 1377 2396 1443; x_wconf 79' lang='lat' dir='ltr'><strong>(Act.</strong></span> <span class='ocrx_word' id='word_1_592' title='bbox 2438 1378 2523 1431; x_wconf 82' lang='lat' dir='ltr'><strong>l7.</strong></span> <span class='ocrx_word' id='word_1_593' title='bbox 2558 1378 2674 1446; x_wconf 72' lang='lat'><strong>28).</strong></span> <span class='ocrx_word' id='word_1_594' title='bbox 2728 1380 2795 1434; x_wconf 88' lang='lat' dir='ltr'><strong>Et</strong></span> <span class='ocrx_word' id='word_1_595' title='bbox 2834 1380 2899 1436; x_wconf 90' lang='lat' dir='ltr'><strong>de</strong></span> <span class='ocrx_word' id='word_1_596' title='bbox 2940 1382 3075 1438; x_wconf 87' lang='lat' dir='ltr'><strong>Fide</strong></span> <span class='ocrx_word' id='word_1_597' title='bbox 3128 1393 3361 1441; x_wconf 90' lang='lat' dir='ltr'><strong>tractans</strong></span> <span class='ocrx_word' id='word_1_598' title='bbox 3388 1386 3554 1443; x_wconf 90' lang='lat' dir='ltr'><strong>dicit:</strong></span> 
     </span>
    </p>
   </div>
   <div class='ocr_carea' id='block_1_73' title="bbox 1969 1465 3555 1544">
    <p class='ocr_par' dir='ltr' id='par_1_73' title="bbox 1969 1465 3555 1544">
     <span class='ocr_line' id='line_1_73' title="bbox 1969 1465 3555 1544; baseline 0.009 -25"><span class='ocrx_word' id='word_1_599' title='bbox 1969 1465 2090 1521; x_wconf 86' lang='lat' dir='ltr'><strong>Non</strong></span> <span class='ocrx_word' id='word_1_600' title='bbox 2130 1470 2247 1522; x_wconf 80' lang='lat' dir='ltr'><strong>estis</strong></span> <span class='ocrx_word' id='word_1_601' title='bbox 2276 1472 2448 1537; x_wconf 82' lang='lat' dir='ltr'><strong>vestri,</strong></span> <span class='ocrx_word' id='word_1_602' title='bbox 2499 1482 2545 1525; x_wconf 87' lang='lat' dir='ltr'><strong>et</strong></span> <span class='ocrx_word' id='word_1_603' title='bbox 2576 1474 2735 1542; x_wconf 84' lang='lat' dir='ltr'><strong>pretio</strong></span> <span class='ocrx_word' id='word_1_604' title='bbox 2779 1476 2934 1543; x_wconf 81' lang='lat' dir='ltr'><strong>empti</strong></span> <span class='ocrx_word' id='word_1_605' title='bbox 2963 1477 3079 1530; x_wconf 83' lang='lat' dir='ltr'><strong>estis</strong></span> <span class='ocrx_word' id='word_1_606' title='bbox 3126 1476 3202 1544; x_wconf 81' lang='lat' dir='ltr'><strong>(l.</strong></span> <span class='ocrx_word' id='word_1_607' title='bbox 3233 1478 3348 1532; x_wconf 79' lang='lat' dir='ltr'><strong>Cor.</strong></span> <span class='ocrx_word' id='word_1_608' title='bbox 3381 1479 3433 1534; x_wconf 90' lang='lat'><strong>6.</strong></span> <span class='ocrx_word' id='word_1_609' title='bbox 3464 1482 3555 1536; x_wconf 76' lang='lat' dir='ltr'><strong>l9.</strong></span> 
     </span>
    </p>
   </div>
   <div class='ocr_carea' id='block_1_74' title="bbox 1966 1556 3558 1635">
    <p class='ocr_par' dir='ltr' id='par_1_74' title="bbox 1966 1556 3558 1635">
     <span class='ocr_line' id='line_1_74' title="bbox 1966 1556 3558 1635; baseline 0.009 -27"><span class='ocrx_word' id='word_1_610' title='bbox 1966 1556 2080 1627; x_wconf 74' lang='lat'><strong>20).</strong></span> <span class='ocrx_word' id='word_1_611' title='bbox 2108 1557 2291 1613; x_wconf 90' lang='lat' dir='ltr'><strong>Omnia</strong></span> <span class='ocrx_word' id='word_1_612' title='bbox 2320 1560 2521 1631; x_wconf 89' lang='lat' dir='ltr'><strong>quippe</strong></span> <span class='ocrx_word' id='word_1_613' title='bbox 2564 1561 2657 1616; x_wconf 87' lang='lat' dir='ltr'><strong>Dei</strong></span> <span class='ocrx_word' id='word_1_614' title='bbox 2704 1574 2848 1617; x_wconf 88' lang='lat' dir='ltr'><strong>sunt.</strong></span> <span class='ocrx_word' id='word_1_615' title='bbox 2879 1564 3013 1619; x_wconf 88' lang='lat' dir='ltr'><strong>Cum</strong></span> <span class='ocrx_word' id='word_1_616' title='bbox 3044 1581 3172 1635; x_wconf 90' lang='lat' dir='ltr'><strong>ergo</strong></span> <span class='ocrx_word' id='word_1_617' title='bbox 3204 1570 3473 1623; x_wconf 83' lang='lat' dir='ltr'><strong>vocaverit</strong></span> <span class='ocrx_word' id='word_1_618' title='bbox 3502 1581 3558 1623; x_wconf 88' lang='lat' dir='ltr'><strong>et</strong></span> 
     </span>
    </p>
   </div>
   <div class='ocr_carea' id='block_1_75' title="bbox 1977 1648 3554 1720">
    <p class='ocr_par' dir='ltr' id='par_1_75' title="bbox 1977 1648 3554 1720">
     <span class='ocr_line' id='line_1_75' title="bbox 1977 1648 3554 1720; baseline 0.003 -18"><span class='ocrx_word' id='word_1_619' title='bbox 1977 1650 2225 1716; x_wconf 88' lang='lat' dir='ltr'><strong>accipere</strong></span> <span class='ocrx_word' id='word_1_620' title='bbox 2252 1648 2509 1713; x_wconf 88' lang='lat' dir='ltr'><strong>voluerit,</strong></span> <span class='ocrx_word' id='word_1_621' title='bbox 2555 1663 2622 1703; x_wconf 89' lang='lat' dir='ltr'><strong>ne</strong></span> <span class='ocrx_word' id='word_1_622' title='bbox 2656 1657 2929 1718; x_wconf 87' lang='lat' dir='ltr'><strong>tamquam</strong></span> <span class='ocrx_word' id='word_1_623' title='bbox 2970 1648 3169 1720; x_wconf 87' lang='lat' dir='ltr'><strong>ingrati</strong></span> <span class='ocrx_word' id='word_1_624' title='bbox 3210 1652 3350 1706; x_wconf 90' lang='lat' dir='ltr'><strong>servi</strong></span> <span class='ocrx_word' id='word_1_625' title='bbox 3387 1654 3554 1708; x_wconf 85' lang='lat' dir='ltr'><strong>ratio-</strong></span> 
     </span>
    </p>
   </div>
   <div class='ocr_carea' id='block_1_76' title="bbox 1977 1736 3548 1806">
    <p class='ocr_par' dir='ltr' id='par_1_76' title="bbox 1977 1736 3548 1806">
     <span class='ocr_line' id='line_1_76' title="bbox 1977 1736 3548 1806; baseline -0.003 -13"><span class='ocrx_word' id='word_1_626' title='bbox 1977 1754 2073 1793; x_wconf 88' lang='lat' dir='ltr'><strong>nes</strong></span> <span class='ocrx_word' id='word_1_627' title='bbox 2102 1736 2509 1799; x_wconf 88' lang='lat' dir='ltr'><strong>conturbemus,</strong></span> <span class='ocrx_word' id='word_1_628' title='bbox 2542 1751 2716 1804; x_wconf 89' lang='lat' dir='ltr'><strong>neque</strong></span> <span class='ocrx_word' id='word_1_629' title='bbox 2742 1750 2805 1791; x_wconf 87' lang='lat' dir='ltr'><strong>ea</strong></span> <span class='ocrx_word' id='word_1_630' title='bbox 2835 1752 2957 1806; x_wconf 68' lang='lat' dir='ltr'><strong>quae</strong></span> <span class='ocrx_word' id='word_1_631' title='bbox 2985 1738 3195 1793; x_wconf 66' lang='lat' dir='ltr'><strong>Domini</strong></span> <span class='ocrx_word' id='word_1_632' title='bbox 3222 1750 3354 1798; x_wconf 86' lang='lat' dir='ltr'><strong>sunt</strong></span> <span class='ocrx_word' id='word_1_633' title='bbox 3383 1760 3548 1800; x_wconf 80' lang='lat' dir='ltr'><strong>usur.</strong></span> 
     </span>
    </p>
   </div>
   <div class='ocr_carea' id='block_1_77' title="bbox 1968 1832 3553 1909">
    <p class='ocr_par' dir='ltr' id='par_1_77' title="bbox 1968 1832 3553 1909">
     <span class='ocr_line' id='line_1_77' title="bbox 1968 1832 3553 1909; baseline 0.006 -24"><span class='ocrx_word' id='word_1_634' title='bbox 1968 1846 2175 1900; x_wconf 88' lang='lat' dir='ltr'><strong>pemus.</strong></span> <span class='ocrx_word' id='word_1_635' title='bbox 2208 1832 2396 1886; x_wconf 89' lang='lat' dir='ltr'><strong>Anima</strong></span> <span class='ocrx_word' id='word_1_636' title='bbox 2428 1841 2517 1887; x_wconf 90' lang='lat' dir='ltr'><strong>tua</strong></span> <span class='ocrx_word' id='word_1_637' title='bbox 2546 1848 2652 1888; x_wconf 90' lang='lat' dir='ltr'><strong>non</strong></span> <span class='ocrx_word' id='word_1_638' title='bbox 2682 1843 2766 1889; x_wconf 90' lang='lat' dir='ltr'><strong>est</strong></span> <span class='ocrx_word' id='word_1_639' title='bbox 2796 1844 2906 1901; x_wconf 89' lang='lat' dir='ltr'><strong>tua,</strong></span> <span class='ocrx_word' id='word_1_640' title='bbox 2932 1845 2983 1891; x_wconf 92' lang='lat' dir='ltr'><strong>et</strong></span> <span class='ocrx_word' id='word_1_641' title='bbox 3008 1838 3280 1906; x_wconf 87' lang='lat' dir='ltr'><strong>quomodo</strong></span> <span class='ocrx_word' id='word_1_642' title='bbox 3312 1841 3553 1909; x_wconf 79' lang='lat' dir='ltr'><strong>pecunia:</strong></span> 
     </span>
    </p>
   </div>
   <div class='ocr_carea' id='block_1_78' title="bbox 1971 1925 3558 2000">
    <p class='ocr_par' dir='ltr' id='par_1_78' title="bbox 1971 1925 3558 2000">
     <span class='ocr_line' id='line_1_78' title="bbox 1971 1925 3558 2000; baseline 0.003 -21"><span class='ocrx_word' id='word_1_643' title='bbox 1971 1934 2076 1979; x_wconf 71' lang='lat' dir='ltr'><strong>tuae</strong></span> <span class='ocrx_word' id='word_1_644' title='bbox 2107 1926 2308 1979; x_wconf 86' lang='lat' dir='ltr'><strong>erunt?</strong></span> <span class='ocrx_word' id='word_1_645' title='bbox 2338 1925 2447 1980; x_wconf 86' lang='lat' dir='ltr'><strong>Cur</strong></span> <span class='ocrx_word' id='word_1_646' title='bbox 2467 1940 2598 1997; x_wconf 89' lang='lat' dir='ltr'><strong>ergo</strong></span> <span class='ocrx_word' id='word_1_647' title='bbox 2617 1941 2826 1996; x_wconf 71' lang='lat' dir='ltr'><strong>ea,qua:</strong></span> <span class='ocrx_word' id='word_1_648' title='bbox 2847 1937 2937 1982; x_wconf 91' lang='lat' dir='ltr'><strong>tua</strong></span> <span class='ocrx_word' id='word_1_649' title='bbox 2970 1944 3075 1983; x_wconf 88' lang='lat' dir='ltr'><strong>non</strong></span> <span class='ocrx_word' id='word_1_650' title='bbox 3101 1938 3246 1997; x_wconf 89' lang='lat' dir='ltr'><strong>sunt,</strong></span> <span class='ocrx_word' id='word_1_651' title='bbox 3274 1930 3326 1984; x_wconf 90' lang='lat' dir='ltr'><strong>in</strong></span> <span class='ocrx_word' id='word_1_652' title='bbox 3351 1932 3417 1985; x_wconf 91' lang='lat' dir='ltr'><strong>iis</strong></span> <span class='ocrx_word' id='word_1_653' title='bbox 3437 1947 3558 2000; x_wconf 65' lang='lat' dir='ltr'><strong>quin</strong></span> 
     </span>
    </p>
   </div>
   <div class='ocr_carea' id='block_1_79' title="bbox 1972 2017 3560 2087">
    <p class='ocr_par' dir='ltr' id='par_1_79' title="bbox 1972 2017 3560 2087">
     <span class='ocr_line' id='line_1_79' title="bbox 1972 2017 3560 2087; baseline 0.002 -16"><span class='ocrx_word' id='word_1_654' title='bbox 1972 2033 2078 2071; x_wconf 92' lang='lat' dir='ltr'><strong>non</strong></span> <span class='ocrx_word' id='word_1_655' title='bbox 2107 2025 2383 2086; x_wconf 88' lang='lat' dir='ltr'><strong>oporteret</strong></span> <span class='ocrx_word' id='word_1_656' title='bbox 2412 2017 2719 2087; x_wconf 88' lang='lat' dir='ltr'><strong>impendis?</strong></span> <span class='ocrx_word' id='word_1_657' title='bbox 2751 2020 2926 2075; x_wconf 88' lang='lat' dir='ltr'><strong>nescis</strong></span> <span class='ocrx_word' id='word_1_658' title='bbox 2956 2034 3051 2073; x_wconf 87' lang='lat' dir='ltr'><strong>nos</strong></span> <span class='ocrx_word' id='word_1_659' title='bbox 3084 2020 3202 2075; x_wconf 81' lang='lat' dir='ltr'><strong>ideo</strong></span> <span class='ocrx_word' id='word_1_660' title='bbox 3227 2025 3560 2077; x_wconf 67' lang='lat' dir='ltr'><strong>accusandos</strong></span> 
     </span>
    </p>
   </div>
   <div class='ocr_carea' id='block_1_80' title="bbox 1972 2108 3563 2182">
    <p class='ocr_par' dir='ltr' id='par_1_80' title="bbox 1972 2108 3563 2182">
     <span class='ocr_line' id='line_1_80' title="bbox 1972 2108 3563 2182; baseline 0.003 -19"><span class='ocrx_word' id='word_1_661' title='bbox 1972 2108 2105 2173; x_wconf 88' lang='lat' dir='ltr'><strong>fore,</strong></span> <span class='ocrx_word' id='word_1_662' title='bbox 2131 2109 2272 2179; x_wconf 92' lang='lat' dir='ltr'><strong>quod</strong></span> <span class='ocrx_word' id='word_1_663' title='bbox 2303 2108 2410 2163; x_wconf 90' lang='lat' dir='ltr'><strong>illis</strong></span> <span class='ocrx_word' id='word_1_664' title='bbox 2448 2110 2590 2163; x_wconf 83' lang='lat' dir='ltr'><strong>male</strong></span> <span class='ocrx_word' id='word_1_665' title='bbox 2617 2109 2697 2163; x_wconf 91' lang='lat' dir='ltr'><strong>usi</strong></span> <span class='ocrx_word' id='word_1_666' title='bbox 2729 2110 2938 2166; x_wconf 84' lang='lat' dir='ltr'><strong>simus?</strong></span> <span class='ocrx_word' id='word_1_667' title='bbox 2984 2111 3117 2178; x_wconf 88' lang='lat' dir='ltr'><strong>Quia</strong></span> <span class='ocrx_word' id='word_1_668' title='bbox 3148 2128 3276 2182; x_wconf 77' lang='lat' dir='ltr'><strong>ergo</strong></span> <span class='ocrx_word' id='word_1_669' title='bbox 3304 2128 3408 2167; x_wconf 86' lang='lat' dir='ltr'><strong>non</strong></span> <span class='ocrx_word' id='word_1_670' title='bbox 3437 2124 3563 2168; x_wconf 88' lang='lat' dir='ltr'><strong>sunt</strong></span> 
     </span>
    </p>
   </div>
   <div class='ocr_carea' id='block_1_81' title="bbox 1974 2184 3560 2274">
    <p class='ocr_par' dir='ltr' id='par_1_81' title="bbox 1974 2184 3560 2274">
     <span class='ocr_line' id='line_1_81' title="bbox 1974 2184 3560 2274; baseline 0.003 -21"><span class='ocrx_word' id='word_1_671' title='bbox 1974 2208 2192 2265; x_wconf 66' lang='lat' dir='ltr'><strong>nostras,</strong></span> <span class='ocrx_word' id='word_1_672' title='bbox 2224 2198 2318 2254; x_wconf 91' lang='lat' dir='ltr'><strong>sed</strong></span> <span class='ocrx_word' id='word_1_673' title='bbox 2345 2200 2578 2265; x_wconf 89' lang='lat' dir='ltr'><strong>Domini,</strong></span> <span class='ocrx_word' id='word_1_674' title='bbox 2599 2202 2843 2269; x_wconf 89' lang='lat' dir='ltr'><strong>oportuit</strong></span> <span class='ocrx_word' id='word_1_675' title='bbox 2872 2202 2992 2255; x_wconf 86' lang='lat' dir='ltr'><strong>illas</strong></span> <span class='ocrx_word' id='word_1_676' title='bbox 3023 2206 3298 2256; x_wconf 83' lang='lat' dir='ltr'><strong>conservis</strong></span> <span class='ocrx_word' id='word_1_677' title='bbox 3324 2184 3560 2274; x_wconf 73' lang='lat' dir='ltr'><strong>elargiri.</strong></span> 
     </span>
    </p>
   </div>
   <div class='ocr_carea' id='block_1_82' title="bbox 1970 2291 3561 2363">
    <p class='ocr_par' dir='ltr' id='par_1_82' title="bbox 1970 2291 3561 2363">
     <span class='ocr_line' id='line_1_82' title="bbox 1970 2291 3561 2363; baseline 0.004 -18"><span class='ocrx_word' id='word_1_678' title='bbox 1970 2291 2095 2347; x_wconf 86' lang='lat' dir='ltr'><strong>Ideo</strong></span> <span class='ocrx_word' id='word_1_679' title='bbox 2115 2302 2263 2348; x_wconf 90' lang='lat' dir='ltr'><strong>certe</strong></span> <span class='ocrx_word' id='word_1_680' title='bbox 2291 2293 2443 2348; x_wconf 82' lang='lat' dir='ltr'><strong>dives</strong></span> <span class='ocrx_word' id='word_1_681' title='bbox 2490 2292 2583 2348; x_wconf 90' lang='lat' dir='ltr'><strong>ille</strong></span> <span class='ocrx_word' id='word_1_682' title='bbox 2614 2294 2987 2359; x_wconf 89' lang='lat' dir='ltr'><strong>accusabatur,</strong></span> <span class='ocrx_word' id='word_1_683' title='bbox 3016 2294 3160 2363; x_wconf 91' lang='lat' dir='ltr'><strong>quod</strong></span> <span class='ocrx_word' id='word_1_684' title='bbox 3202 2292 3306 2349; x_wconf 85' lang='lat' dir='ltr'><strong>hoc</strong></span> <span class='ocrx_word' id='word_1_685' title='bbox 3346 2312 3449 2350; x_wconf 86' lang='lat' dir='ltr'><strong>non</strong></span> <span class='ocrx_word' id='word_1_686' title='bbox 3484 2297 3561 2352; x_wconf 78' lang='lat' dir='ltr'><strong>ie-</strong></span> 
     </span>
    </p>
   </div>
   <div class='ocr_carea' id='block_1_83' title="bbox 1969 2383 3561 2457">
    <p class='ocr_par' dir='ltr' id='par_1_83' title="bbox 1969 2383 3561 2457">
     <span class='ocr_line' id='line_1_83' title="bbox 1969 2383 3561 2457; baseline 0.001 -18"><span class='ocrx_word' id='word_1_687' title='bbox 1969 2384 2166 2448; x_wconf 87' lang='lat' dir='ltr'><strong>cisset;</strong></span> <span class='ocrx_word' id='word_1_688' title='bbox 2197 2383 2275 2438; x_wconf 88' lang='lat' dir='ltr'><strong>sic</strong></span> <span class='ocrx_word' id='word_1_689' title='bbox 2314 2391 2370 2438; x_wconf 90' lang='lat' dir='ltr'><strong>et</strong></span> <span class='ocrx_word' id='word_1_690' title='bbox 2397 2384 2488 2455; x_wconf 91' lang='lat' dir='ltr'><strong>qui</strong></span> <span class='ocrx_word' id='word_1_691' title='bbox 2518 2384 2802 2439; x_wconf 88' lang='lat' dir='ltr'><strong>Dominum</strong></span> <span class='ocrx_word' id='word_1_692' title='bbox 2834 2400 2940 2438; x_wconf 82' lang='lat' dir='ltr'><strong>non</strong></span> <span class='ocrx_word' id='word_1_693' title='bbox 2972 2384 3239 2439; x_wconf 87' lang='lat' dir='ltr'><strong>aluerunt.</strong></span> <span class='ocrx_word' id='word_1_694' title='bbox 3278 2386 3355 2440; x_wconf 79' lang='lat' dir='ltr'><strong>Ne</strong></span> <span class='ocrx_word' id='word_1_695' title='bbox 3382 2387 3561 2457; x_wconf 88' lang='lat' dir='ltr'><strong>itaque</strong></span> 
     </span>
    </p>
   </div>
   <div class='ocr_carea' id='block_1_84' title="bbox 1970 2474 3558 2544">
    <p class='ocr_par' dir='ltr' id='par_1_84' title="bbox 1970 2474 3558 2544">
     <span class='ocr_line' id='line_1_84' title="bbox 1970 2474 3558 2544; baseline 0.003 -16"><span class='ocrx_word' id='word_1_696' title='bbox 1970 2474 2137 2541; x_wconf 88' lang='lat' dir='ltr'><strong>dicas,</strong></span> <span class='ocrx_word' id='word_1_697' title='bbox 2165 2474 2276 2529; x_wconf 87' lang='lat' dir='ltr'><strong>Mea</strong></span> <span class='ocrx_word' id='word_1_698' title='bbox 2307 2474 2576 2544; x_wconf 90' lang='lat' dir='ltr'><strong>impendo,</strong></span> <span class='ocrx_word' id='word_1_699' title='bbox 2603 2477 2737 2531; x_wconf 90' lang='lat' dir='ltr'><strong>meis</strong></span> <span class='ocrx_word' id='word_1_700' title='bbox 2782 2476 2949 2530; x_wconf 89' lang='lat' dir='ltr'><strong>fruor.</strong></span> <span class='ocrx_word' id='word_1_701' title='bbox 2998 2475 3113 2531; x_wconf 77' lang='lat' dir='ltr'><strong>Non</strong></span> <span class='ocrx_word' id='word_1_702' title='bbox 3135 2476 3238 2531; x_wconf 85' lang='lat' dir='ltr'><strong>tuis</strong></span> <span class='ocrx_word' id='word_1_703' title='bbox 3275 2488 3437 2543; x_wconf 80' lang='lat' dir='ltr'><strong>certe,</strong></span> <span class='ocrx_word' id='word_1_704' title='bbox 3465 2480 3558 2532; x_wconf 83' lang='lat' dir='ltr'><strong>sed</strong></span> 
     </span>
    </p>
   </div>
   <div class='ocr_carea' id='block_1_85' title="bbox 1973 2565 3561 2639">
    <p class='ocr_par' dir='ltr' id='par_1_85' title="bbox 1973 2565 3561 2639">
     <span class='ocr_line' id='line_1_85' title="bbox 1973 2565 3561 2639; baseline 0.003 -19"><span class='ocrx_word' id='word_1_705' title='bbox 1973 2566 2197 2622; x_wconf 88' lang='lat' dir='ltr'><strong>alienis:</strong></span> <span class='ocrx_word' id='word_1_706' title='bbox 2223 2565 2413 2621; x_wconf 88' lang='lat' dir='ltr'><strong>alienis</strong></span> <span class='ocrx_word' id='word_1_707' title='bbox 2438 2576 2619 2620; x_wconf 88' lang='lat' dir='ltr'><strong>autem</strong></span> <span class='ocrx_word' id='word_1_708' title='bbox 2647 2566 2788 2632; x_wconf 92' lang='lat' dir='ltr'><strong>dico,</strong></span> <span class='ocrx_word' id='word_1_709' title='bbox 2817 2571 2939 2635; x_wconf 87' lang='lat' dir='ltr'><strong>quia</strong></span> <span class='ocrx_word' id='word_1_710' title='bbox 2970 2575 3026 2621; x_wconf 91' lang='lat' dir='ltr'><strong>tu</strong></span> <span class='ocrx_word' id='word_1_711' title='bbox 3057 2568 3159 2631; x_wconf 87' lang='lat' dir='ltr'><strong>vis,</strong></span> <span class='ocrx_word' id='word_1_712' title='bbox 3181 2570 3303 2639; x_wconf 86' lang='lat' dir='ltr'><strong>quia</strong></span> <span class='ocrx_word' id='word_1_713' title='bbox 3334 2581 3419 2623; x_wconf 80' lang='lat' dir='ltr'><strong>tua</strong></span> <span class='ocrx_word' id='word_1_714' title='bbox 3448 2572 3561 2625; x_wconf 83' lang='lat' dir='ltr'><strong>vult</strong></span> 
     </span>
    </p>
   </div>
   <div class='ocr_carea' id='block_1_86' title="bbox 1974 2657 3559 2729">
    <p class='ocr_par' dir='ltr' id='par_1_86' title="bbox 1974 2657 3559 2729">
     <span class='ocr_line' id='line_1_86' title="bbox 1974 2657 3559 2729; baseline 0 -16"><span class='ocrx_word' id='word_1_715' title='bbox 1974 2672 2093 2713; x_wconf 88' lang='lat' dir='ltr'><strong>esse</strong></span> <span class='ocrx_word' id='word_1_716' title='bbox 2122 2659 2282 2725; x_wconf 89' lang='lat' dir='ltr'><strong>Deus,</strong></span> <span class='ocrx_word' id='word_1_717' title='bbox 2306 2673 2425 2729; x_wconf 66' lang='lat' dir='ltr'><strong>qua:</strong></span> <span class='ocrx_word' id='word_1_718' title='bbox 2456 2657 2548 2713; x_wconf 90' lang='lat' dir='ltr'><strong>tibi</strong></span> <span class='ocrx_word' id='word_1_719' title='bbox 2581 2672 2679 2726; x_wconf 91' lang='lat' dir='ltr'><strong>pro</strong></span> <span class='ocrx_word' id='word_1_720' title='bbox 2704 2657 2959 2713; x_wconf 78' lang='lat' dir='ltr'><strong>fratribus</strong></span> <span class='ocrx_word' id='word_1_721' title='bbox 2983 2659 3175 2713; x_wconf 91' lang='lat' dir='ltr'><strong>tradita</strong></span> <span class='ocrx_word' id='word_1_722' title='bbox 3205 2670 3349 2715; x_wconf 90' lang='lat' dir='ltr'><strong>sunt.</strong></span> <span class='ocrx_word' id='word_1_723' title='bbox 3372 2661 3559 2725; x_wconf 74' lang='lat' dir='ltr'><strong>Aliena</strong></span> 
     </span>
    </p>
   </div>
   <div class='ocr_carea' id='block_1_87' title="bbox 1973 2749 3559 2817">
    <p class='ocr_par' dir='ltr' id='par_1_87' title="bbox 1973 2749 3559 2817">
     <span class='ocr_line' id='line_1_87' title="bbox 1973 2749 3559 2817; baseline 0.001 -14"><span class='ocrx_word' id='word_1_724' title='bbox 1973 2758 2153 2803; x_wconf 90' lang='lat' dir='ltr'><strong>autem</strong></span> <span class='ocrx_word' id='word_1_725' title='bbox 2193 2750 2282 2804; x_wconf 86' lang='lat' dir='ltr'><strong>illa</strong></span> <span class='ocrx_word' id='word_1_726' title='bbox 2326 2759 2452 2805; x_wconf 88' lang='lat' dir='ltr'><strong>tunc</strong></span> <span class='ocrx_word' id='word_1_727' title='bbox 2496 2757 2585 2805; x_wconf 89' lang='lat' dir='ltr'><strong>tua</strong></span> <span class='ocrx_word' id='word_1_728' title='bbox 2616 2749 2771 2813; x_wconf 87' lang='lat' dir='ltr'><strong>fiunt,</strong></span> <span class='ocrx_word' id='word_1_729' title='bbox 2802 2764 2927 2803; x_wconf 87' lang='lat' dir='ltr'><strong>cum</strong></span> <span class='ocrx_word' id='word_1_730' title='bbox 2966 2750 3084 2805; x_wconf 88' lang='lat' dir='ltr'><strong>aliis</strong></span> <span class='ocrx_word' id='word_1_731' title='bbox 3113 2750 3425 2817; x_wconf 80' lang='lat' dir='ltr'><strong>distribuis;</strong></span> <span class='ocrx_word' id='word_1_732' title='bbox 3476 2754 3559 2805; x_wconf 86' lang='lat' dir='ltr'><strong>sin</strong></span> 
     </span>
    </p>
   </div>
   <div class='ocr_carea' id='block_1_88' title="bbox 1974 2840 3559 2911">
    <p class='ocr_par' dir='ltr' id='par_1_88' title="bbox 1974 2840 3559 2911">
     <span class='ocr_line' id='line_1_88' title="bbox 1974 2840 3559 2911; baseline 0.004 -19"><span class='ocrx_word' id='word_1_733' title='bbox 1974 2849 2153 2893; x_wconf 89' lang='lat' dir='ltr'><strong>autem</strong></span> <span class='ocrx_word' id='word_1_734' title='bbox 2178 2840 2229 2893; x_wconf 92' lang='lat' dir='ltr'><strong>in</strong></span> <span class='ocrx_word' id='word_1_735' title='bbox 2270 2848 2323 2894; x_wconf 90' lang='lat' dir='ltr'><strong>te</strong></span> <span class='ocrx_word' id='word_1_736' title='bbox 2354 2842 2526 2910; x_wconf 90' lang='lat' dir='ltr'><strong>ipsum</strong></span> <span class='ocrx_word' id='word_1_737' title='bbox 2558 2842 2778 2911; x_wconf 89' lang='lat' dir='ltr'><strong>largiter</strong></span> <span class='ocrx_word' id='word_1_738' title='bbox 2806 2842 3181 2911; x_wconf 89' lang='lat' dir='ltr'><strong>insumpseris,</strong></span> <span class='ocrx_word' id='word_1_739' title='bbox 3209 2852 3334 2897; x_wconf 81' lang='lat' dir='ltr'><strong>tunc</strong></span> <span class='ocrx_word' id='word_1_740' title='bbox 3360 2852 3445 2898; x_wconf 86' lang='lat' dir='ltr'><strong>tua</strong></span> <span class='ocrx_word' id='word_1_741' title='bbox 3472 2844 3559 2898; x_wconf 77' lang='lat' dir='ltr'><strong>illa</strong></span> 
     </span>
    </p>
   </div>
   <div class='ocr_carea' id='block_1_89' title="bbox 1974 2930 3560 2999">
    <p class='ocr_par' dir='ltr' id='par_1_89' title="bbox 1974 2930 3560 2999">
     <span class='ocr_line' id='line_1_89' title="bbox 1974 2930 3560 2999; baseline 0.002 -15"><span class='ocrx_word' id='word_1_742' title='bbox 1974 2931 2147 2985; x_wconf 87' lang='lat' dir='ltr'><strong>aliena</strong></span> <span class='ocrx_word' id='word_1_743' title='bbox 2194 2930 2346 2984; x_wconf 84' lang='lat' dir='ltr'><strong>flunt.</strong></span> <span class='ocrx_word' id='word_1_744' title='bbox 2386 2930 2518 2997; x_wconf 84' lang='lat' dir='ltr'><strong>Quia</strong></span> <span class='ocrx_word' id='word_1_745' title='bbox 2563 2932 2706 2985; x_wconf 89' lang='lat' dir='ltr'><strong>enim</strong></span> <span class='ocrx_word' id='word_1_746' title='bbox 2753 2931 3119 2987; x_wconf 69' lang='lat' dir='ltr'><strong>inhumaniter</strong></span> <span class='ocrx_word' id='word_1_747' title='bbox 3160 2934 3266 2988; x_wconf 89' lang='lat' dir='ltr'><strong>illis</strong></span> <span class='ocrx_word' id='word_1_748' title='bbox 3310 2948 3438 2989; x_wconf 89' lang='lat' dir='ltr'><strong>usus</strong></span> <span class='ocrx_word' id='word_1_749' title='bbox 3479 2951 3560 2999; x_wconf 88' lang='lat' dir='ltr'><strong>es,</strong></span> 
     </span>
    </p>
   </div>
   <div class='ocr_carea' id='block_1_90' title="bbox 1975 3022 3563 3093">
    <p class='ocr_par' dir='ltr' id='par_1_90' title="bbox 1975 3022 3563 3093">
     <span class='ocr_line' id='line_1_90' title="bbox 1975 3022 3563 3093; baseline 0.003 -18"><span class='ocrx_word' id='word_1_750' title='bbox 1975 3022 2240 3093; x_wconf 88' lang='lat' dir='ltr'><strong>dicisque,</strong></span> <span class='ocrx_word' id='word_1_751' title='bbox 2272 3022 2507 3091; x_wconf 68' lang='lat' dir='ltr'><strong>AEquum</strong></span> <span class='ocrx_word' id='word_1_752' title='bbox 2533 3030 2619 3077; x_wconf 91' lang='lat' dir='ltr'><strong>est</strong></span> <span class='ocrx_word' id='word_1_753' title='bbox 2644 3032 2702 3077; x_wconf 91' lang='lat' dir='ltr'><strong>ut</strong></span> <span class='ocrx_word' id='word_1_754' title='bbox 2730 3037 2849 3077; x_wconf 85' lang='lat' dir='ltr'><strong>mea</strong></span> <span class='ocrx_word' id='word_1_755' title='bbox 2886 3023 2938 3076; x_wconf 90' lang='lat' dir='ltr'><strong>in</strong></span> <span class='ocrx_word' id='word_1_756' title='bbox 2979 3038 3155 3077; x_wconf 90' lang='lat' dir='ltr'><strong>meum</strong></span> <span class='ocrx_word' id='word_1_757' title='bbox 3189 3040 3340 3077; x_wconf 87' lang='lat' dir='ltr'><strong>usum</strong></span> <span class='ocrx_word' id='word_1_758' title='bbox 3373 3034 3425 3078; x_wconf 89' lang='lat' dir='ltr'><strong>et</strong></span> <span class='ocrx_word' id='word_1_759' title='bbox 3452 3025 3563 3079; x_wconf 90' lang='lat' dir='ltr'><strong>fru—</strong></span> 
     </span>
    </p>
   </div>
   <div class='ocr_carea' id='block_1_91' title="bbox 1977 3110 3560 3185">
    <p class='ocr_par' dir='ltr' id='par_1_91' title="bbox 1977 3110 3560 3185">
     <span class='ocr_line' id='line_1_91' title="bbox 1977 3110 3560 3185; baseline -0.001 -14"><span class='ocrx_word' id='word_1_760' title='bbox 1977 3126 2120 3171; x_wconf 88' lang='lat' dir='ltr'><strong>ctum</strong></span> <span class='ocrx_word' id='word_1_761' title='bbox 2165 3116 2578 3185; x_wconf 89' lang='lat' dir='ltr'><strong>impen&#39;dantur;</strong></span> <span class='ocrx_word' id='word_1_762' title='bbox 2610 3114 2732 3171; x_wconf 90' lang='lat' dir='ltr'><strong>ideo</strong></span> <span class='ocrx_word' id='word_1_763' title='bbox 2762 3115 2936 3171; x_wconf 82' lang='lat' dir='ltr'><strong>aliena</strong></span> <span class='ocrx_word' id='word_1_764' title='bbox 2970 3116 3056 3170; x_wconf 86' lang='lat' dir='ltr'><strong>illa</strong></span> <span class='ocrx_word' id='word_1_765' title='bbox 3080 3110 3221 3170; x_wconf 83' lang='lat' dir='ltr'><strong>dico.</strong></span> <span class='ocrx_word' id='word_1_766' title='bbox 3246 3117 3560 3170; x_wconf 76' lang='lat' dir='ltr'><strong>Communia</strong></span> 
     </span>
    </p>
   </div>
   <div class='ocr_carea' id='block_1_92' title="bbox 1978 3207 3560 3276">
    <p class='ocr_par' dir='ltr' id='par_1_92' title="bbox 1978 3207 3560 3276">
     <span class='ocr_line' id='line_1_92' title="bbox 1978 3207 3560 3276; baseline -0.001 -15"><span class='ocrx_word' id='word_1_767' title='bbox 1978 3209 2119 3262; x_wconf 90' lang='lat' dir='ltr'><strong>enim</strong></span> <span class='ocrx_word' id='word_1_768' title='bbox 2151 3217 2294 3271; x_wconf 87' lang='lat' dir='ltr'><strong>sunt,</strong></span> <span class='ocrx_word' id='word_1_769' title='bbox 2327 3218 2379 3261; x_wconf 89' lang='lat' dir='ltr'><strong>et</strong></span> <span class='ocrx_word' id='word_1_770' title='bbox 2409 3207 2475 3261; x_wconf 93' lang='lat' dir='ltr'><strong>ad</strong></span> <span class='ocrx_word' id='word_1_771' title='bbox 2518 3220 2836 3263; x_wconf 90' lang='lat' dir='ltr'><strong>conservum</strong></span> <span class='ocrx_word' id='word_1_772' title='bbox 2867 3208 3028 3261; x_wconf 80' lang='lat' dir='ltr'><strong>etiam</strong></span> <span class='ocrx_word' id='word_1_773' title='bbox 3074 3216 3222 3259; x_wconf 88' lang='lat' dir='ltr'><strong>tuum</strong></span> <span class='ocrx_word' id='word_1_774' title='bbox 3270 3208 3560 3276; x_wconf 85' lang='lat' dir='ltr'><strong>pertinent,</strong></span> 
     </span>
    </p>
   </div>
   <div class='ocr_carea' id='block_1_93' title="bbox 1976 3297 3561 3368">
    <p class='ocr_par' dir='ltr' id='par_1_93' title="bbox 1976 3297 3561 3368">
     <span class='ocr_line' id='line_1_93' title="bbox 1976 3297 3561 3368; baseline -0.002 -15"><span class='ocrx_word' id='word_1_775' title='bbox 1976 3297 2423 3368; x_wconf 84' lang='lat' dir='ltr'><strong>quemadmodum</strong></span> <span class='ocrx_word' id='word_1_776' title='bbox 2448 3307 2502 3352; x_wconf 90' lang='lat' dir='ltr'><strong>et</strong></span> <span class='ocrx_word' id='word_1_777' title='bbox 2531 3298 2610 3352; x_wconf 87' lang='lat' dir='ltr'><strong>sol</strong></span> <span class='ocrx_word' id='word_1_778' title='bbox 2640 3298 2940 3351; x_wconf 89' lang='lat' dir='ltr'><strong>communis</strong></span> <span class='ocrx_word' id='word_1_779' title='bbox 2989 3308 3093 3361; x_wconf 87' lang='lat' dir='ltr'><strong>est,</strong></span> <span class='ocrx_word' id='word_1_780' title='bbox 3118 3308 3173 3350; x_wconf 86' lang='lat' dir='ltr'><strong>et</strong></span> <span class='ocrx_word' id='word_1_781' title='bbox 3217 3312 3309 3350; x_wconf 88' lang='lat' dir='ltr'><strong>aer</strong></span> <span class='ocrx_word' id='word_1_782' title='bbox 3338 3308 3391 3349; x_wconf 82' lang='lat' dir='ltr'><strong>et</strong></span> <span class='ocrx_word' id='word_1_783' title='bbox 3423 3306 3561 3351; x_wconf 77' lang='lat' dir='ltr'><strong>terra</strong></span> 
     </span>
    </p>
   </div>
   <div class='ocr_carea' id='block_1_94' title="bbox 1977 3386 3565 3457">
    <p class='ocr_par' dir='ltr' id='par_1_94' title="bbox 1977 3386 3565 3457">
     <span class='ocr_line' id='line_1_94' title="bbox 1977 3386 3565 3457; baseline 0 -17"><span class='ocrx_word' id='word_1_784' title='bbox 1977 3388 2186 3457; x_wconf 88' lang='lat' dir='ltr'><strong>aliaque</strong></span> <span class='ocrx_word' id='word_1_785' title='bbox 2210 3387 2408 3441; x_wconf 89' lang='lat' dir='ltr'><strong>omnia.</strong></span> <span class='ocrx_word' id='word_1_786' title='bbox 2434 3387 2498 3440; x_wconf 87' lang='lat' dir='ltr'><strong>Et</strong></span> <span class='ocrx_word' id='word_1_787' title='bbox 2519 3386 2660 3442; x_wconf 85' lang='lat' dir='ltr'><strong>sicut</strong></span> <span class='ocrx_word' id='word_1_788' title='bbox 2685 3386 2735 3440; x_wconf 94' lang='lat' dir='ltr'><strong>in</strong></span> <span class='ocrx_word' id='word_1_789' title='bbox 2761 3400 2987 3454; x_wconf 87' lang='lat' dir='ltr'><strong>corpore</strong></span> <span class='ocrx_word' id='word_1_790' title='bbox 3016 3386 3369 3439; x_wconf 79' lang='lat' dir='ltr'><strong>ministerium</strong></span> <span class='ocrx_word' id='word_1_791' title='bbox 3401 3396 3483 3439; x_wconf 85' lang='lat' dir='ltr'><strong>est</strong></span> <span class='ocrx_word' id='word_1_792' title='bbox 3512 3397 3565 3440; x_wconf 88' lang='lat' dir='ltr'><strong>et</strong></span> 
     </span>
    </p>
   </div>
   <div class='ocr_carea' id='block_1_95' title="bbox 1980 3477 3557 3547">
    <p class='ocr_par' dir='ltr' id='par_1_95' title="bbox 1980 3477 3557 3547">
     <span class='ocr_line' id='line_1_95' title="bbox 1980 3477 3557 3547; baseline -0.001 -15"><span class='ocrx_word' id='word_1_793' title='bbox 1980 3477 2140 3533; x_wconf 91' lang='lat' dir='ltr'><strong>totius</strong></span> <span class='ocrx_word' id='word_1_794' title='bbox 2169 3477 2413 3547; x_wconf 90' lang='lat' dir='ltr'><strong>corporis</strong></span> <span class='ocrx_word' id='word_1_795' title='bbox 2442 3484 2496 3532; x_wconf 88' lang='lat' dir='ltr'><strong>et</strong></span> <span class='ocrx_word' id='word_1_796' title='bbox 2542 3478 2963 3547; x_wconf 87' lang='lat' dir='ltr'><strong>uniuscujusque</strong></span> <span class='ocrx_word' id='word_1_797' title='bbox 3004 3478 3266 3541; x_wconf 83' lang='lat' dir='ltr'><strong>membri;</strong></span> <span class='ocrx_word' id='word_1_798' title='bbox 3312 3493 3432 3530; x_wconf 80' lang='lat' dir='ltr'><strong>eam</strong></span> <span class='ocrx_word' id='word_1_799' title='bbox 3464 3496 3557 3531; x_wconf 83' lang='lat' dir='ltr'><strong>au-</strong></span> 
     </span>
    </p>
   </div>
   <div class='ocr_carea' id='block_1_96' title="bbox 1976 3569 3558 3641">
    <p class='ocr_par' dir='ltr' id='par_1_96' title="bbox 1976 3569 3558 3641">
     <span class='ocr_line' id='line_1_96' title="bbox 1976 3569 3558 3641; baseline 0.001 -17"><span class='ocrx_word' id='word_1_800' title='bbox 1976 3581 2088 3638; x_wconf 79' lang='lat' dir='ltr'><strong>tem</strong></span> <span class='ocrx_word' id='word_1_801' title='bbox 2124 3570 2281 3624; x_wconf 90' lang='lat' dir='ltr'><strong>unius</strong></span> <span class='ocrx_word' id='word_1_802' title='bbox 2310 3580 2513 3624; x_wconf 86' lang='lat' dir='ltr'><strong>tantum</strong></span> <span class='ocrx_word' id='word_1_803' title='bbox 2539 3569 2896 3636; x_wconf 87' lang='lat' dir='ltr'><strong>membri-est,</strong></span> <span class='ocrx_word' id='word_1_804' title='bbox 2931 3572 3198 3638; x_wconf 88' lang='lat' dir='ltr'><strong>propriam</strong></span> <span class='ocrx_word' id='word_1_805' title='bbox 3226 3571 3403 3641; x_wconf 82' lang='lat' dir='ltr'><strong>perdit</strong></span> <span class='ocrx_word' id='word_1_806' title='bbox 3430 3588 3558 3641; x_wconf 68' lang='lat' dir='ltr'><strong>0pc-</strong></span> 
     </span>
    </p>
   </div>
   <div class='ocr_carea' id='block_1_97' title="bbox 1980 3658 3095 3731">
    <p class='ocr_par' dir='ltr' id='par_1_97' title="bbox 1980 3658 3095 3731">
     <span class='ocr_line' id='line_1_97' title="bbox 1980 3658 3095 3731; baseline -0.012 -7"><span class='ocrx_word' id='word_1_807' title='bbox 1980 3670 2245 3724; x_wconf 85' lang='lat' dir='ltr'><strong>rationem</strong></span> <span class='ocrx_word' id='word_1_808' title='bbox 2278 3682 2292 3718; x_wconf 92' lang='lat'><strong>:</strong></span> <span class='ocrx_word' id='word_1_809' title='bbox 2321 3667 2395 3721; x_wconf 89' lang='lat' dir='ltr'><strong>ita</strong></span> <span class='ocrx_word' id='word_1_810' title='bbox 2426 3673 2479 3719; x_wconf 92' lang='lat' dir='ltr'><strong>et</strong></span> <span class='ocrx_word' id='word_1_811' title='bbox 2510 3664 2563 3717; x_wconf 92' lang='lat' dir='ltr'><strong>in</strong></span> <span class='ocrx_word' id='word_1_812' title='bbox 2596 3660 2841 3731; x_wconf 90' lang='lat' dir='ltr'><strong>pecuniis</strong></span> <span class='ocrx_word' id='word_1_813' title='bbox 2872 3658 3095 3712; x_wconf 86' lang='lat' dir='ltr'><strong>accidit.</strong></span> 
     </span>
    </p>
   </div>
   <div class='ocr_carea' id='block_1_98' title="bbox 2049 3745 3554 3820">
    <p class='ocr_par' dir='ltr' id='par_1_98' title="bbox 2049 3745 3554 3820">
     <span class='ocr_line' id='line_1_98' title="bbox 2049 3745 3554 3820; baseline -0.013 -4"><span class='ocrx_word' id='word_1_814' title='bbox 2049 3764 2101 3816; x_wconf 72' lang='grc' dir='ltr'><strong>ι.</strong></span> <span class='ocrx_word' id='word_1_815' title='bbox 2152 3757 2505 3813; x_wconf 83' lang='lat' dir='ltr'><strong>Pecuniarum</strong></span> <span class='ocrx_word' id='word_1_816' title='bbox 2553 3770 2681 3806; x_wconf 86' lang='lat' dir='ltr'><strong>usus</strong></span> <span class='ocrx_word' id='word_1_817' title='bbox 2720 3752 2837 3820; x_wconf 83' lang='lat' dir='ltr'><strong>quis</strong></span> <span class='ocrx_word' id='word_1_818' title='bbox 2877 3766 2989 3804; x_wconf 84' lang='lat' dir='ltr'><strong>esse</strong></span> <span class='ocrx_word' id='word_1_819' title='bbox 3034 3749 3236 3802; x_wconf 82' lang='lat' dir='ltr'><strong>debeat.</strong></span> <span class='ocrx_word' id='word_1_820' title='bbox 3268 3776 3336 3787; x_wconf 88' lang='lat'><strong><em>—</em></strong></span> <span class='ocrx_word' id='word_1_821' title='bbox 3377 3745 3442 3799; x_wconf 85' lang='lat' dir='ltr'><strong>Et</strong></span> <span class='ocrx_word' id='word_1_822' title='bbox 3495 3755 3554 3799; x_wconf 90' lang='lat' dir='ltr'><strong>ut</strong></span> 
     </span>
    </p>
   </div>
   <div class='ocr_carea' id='block_1_99' title="bbox 1980 3834 3555 3923">
    <p class='ocr_par' dir='ltr' id='par_1_99' title="bbox 1980 3834 3555 3923">
     <span class='ocr_line' id='line_1_99' title="bbox 1980 3834 3555 3923; baseline -0.011 -14"><span class='ocrx_word' id='word_1_823' title='bbox 1980 3854 2033 3910; x_wconf 92' lang='lat' dir='ltr'><strong>id</strong></span> <span class='ocrx_word' id='word_1_824' title='bbox 2094 3834 2240 3923; x_wconf 86' lang='lat' dir='ltr'><strong>quod</strong></span> <span class='ocrx_word' id='word_1_825' title='bbox 2298 3850 2422 3903; x_wconf 91' lang='lat' dir='ltr'><strong>dico</strong></span> <span class='ocrx_word' id='word_1_826' title='bbox 2480 3845 2684 3901; x_wconf 88' lang='lat' dir='ltr'><strong>clarius</strong></span> <span class='ocrx_word' id='word_1_827' title='bbox 2739 3842 2981 3907; x_wconf 81' lang='lat' dir='ltr'><strong>evadat,</strong></span> <span class='ocrx_word' id='word_1_828' title='bbox 3041 3841 3194 3895; x_wconf 86' lang='lat' dir='ltr'><strong>cibus</strong></span> <span class='ocrx_word' id='word_1_829' title='bbox 3252 3854 3555 3909; x_wconf 87' lang='lat' dir='ltr'><strong>corporeus</strong></span> 
     </span>
    </p>
   </div>
   <div class='ocr_carea' id='block_1_100' title="bbox 1980 3933 3559 4016">
    <p class='ocr_par' dir='ltr' id='par_1_100' title="bbox 1980 3933 3559 4016">
     <span class='ocr_line' id='line_1_100' title="bbox 1980 3933 3559 4016; baseline -0.009 -17"><span class='ocrx_word' id='word_1_830' title='bbox 1980 3945 2075 4016; x_wconf 70' lang='lat' dir='ltr'><strong>qui</strong></span> <span class='ocrx_word' id='word_1_831' title='bbox 2102 3942 2359 3999; x_wconf 86' lang='lat' dir='ltr'><strong>membris</strong></span> <span class='ocrx_word' id='word_1_832' title='bbox 2388 3938 2694 3993; x_wconf 89' lang='lat' dir='ltr'><strong>communis</strong></span> <span class='ocrx_word' id='word_1_833' title='bbox 2730 3935 2910 4000; x_wconf 91' lang='lat' dir='ltr'><strong>datur,</strong></span> <span class='ocrx_word' id='word_1_834' title='bbox 2949 3936 2994 3989; x_wconf 91' lang='lat' dir='ltr'><strong>si</strong></span> <span class='ocrx_word' id='word_1_835' title='bbox 3034 3934 3101 3987; x_wconf 86' lang='lat' dir='ltr'><strong>ad</strong></span> <span class='ocrx_word' id='word_1_836' title='bbox 3144 3948 3307 3986; x_wconf 82' lang='lat' dir='ltr'><strong>unum</strong></span> <span class='ocrx_word' id='word_1_837' title='bbox 3352 3933 3559 3986; x_wconf 86' lang='lat' dir='ltr'><strong>venerit</strong></span> 
     </span>
    </p>
   </div>
   <div class='ocr_carea' id='block_1_101' title="bbox 1980 4025 3557 4096">
    <p class='ocr_par' dir='ltr' id='par_1_101' title="bbox 1980 4025 3557 4096">
     <span class='ocr_line' id='line_1_101' title="bbox 1980 4025 3557 4096; baseline -0.01 -7"><span class='ocrx_word' id='word_1_838' title='bbox 1980 4033 2315 4096; x_wconf 85' lang='lat' dir='ltr'><strong>membrum,</strong></span> <span class='ocrx_word' id='word_1_839' title='bbox 2369 4030 2579 4084; x_wconf 89' lang='lat' dir='ltr'><strong>alienus</strong></span> <span class='ocrx_word' id='word_1_840' title='bbox 2626 4027 2703 4081; x_wconf 91' lang='lat' dir='ltr'><strong>illi</strong></span> <span class='ocrx_word' id='word_1_841' title='bbox 2753 4025 2985 4081; x_wconf 81' lang='lat' dir='ltr'><strong>efﬁcitur</strong></span> <span class='ocrx_word' id='word_1_842' title='bbox 3026 4040 3037 4075; x_wconf 79' lang='grc' dir='ltr'>ε</span> <span class='ocrx_word' id='word_1_843' title='bbox 3086 4040 3208 4078; x_wconf 71' lang='lat' dir='ltr'><strong>cum</strong></span> <span class='ocrx_word' id='word_1_844' title='bbox 3261 4025 3404 4077; x_wconf 67' lang='lat' dir='ltr'><strong>enim</strong></span> <span class='ocrx_word' id='word_1_845' title='bbox 3452 4039 3557 4077; x_wconf 79' lang='lat' dir='ltr'><strong>non</strong></span> 
     </span>
    </p>
   </div>
   <div class='ocr_carea' id='block_1_102' title="bbox 1978 4115 3559 4186">
    <p class='ocr_par' dir='ltr' id='par_1_102' title="bbox 1978 4115 3559 4186">
     <span class='ocr_line' id='line_1_102' title="bbox 1978 4115 3559 4186; baseline -0.002 -16"><span class='ocrx_word' id='word_1_846' title='bbox 1978 4117 2149 4186; x_wconf 87' lang='lat' dir='ltr'><strong>possit</strong></span> <span class='ocrx_word' id='word_1_847' title='bbox 2172 4115 2429 4184; x_wconf 86' lang='lat' dir='ltr'><strong>concoqui</strong></span> <span class='ocrx_word' id='word_1_848' title='bbox 2460 4125 2515 4170; x_wconf 90' lang='lat' dir='ltr'><strong>et</strong></span> <span class='ocrx_word' id='word_1_849' title='bbox 2540 4116 2761 4179; x_wconf 87' lang='lat' dir='ltr'><strong>nutrire,</strong></span> <span class='ocrx_word' id='word_1_850' title='bbox 2802 4115 3011 4169; x_wconf 59' lang='lat' dir='ltr'><strong>alienus</strong></span> <span class='ocrx_word' id='word_1_851' title='bbox 3052 4116 3267 4169; x_wconf 75' lang='lat' dir='ltr'><strong>evadit:</strong></span> <span class='ocrx_word' id='word_1_852' title='bbox 3300 4118 3342 4167; x_wconf 77' lang='lat' dir='ltr'><strong>s;</strong></span> <span class='ocrx_word' id='word_1_853' title='bbox 3386 4126 3559 4169; x_wconf 49' lang='lat' dir='ltr'><strong>autem</strong></span> 
     </span>
    </p>
   </div>
   <div class='ocr_carea' id='block_1_103' title="bbox 1979 4206 3563 4275">
    <p class='ocr_par' dir='ltr' id='par_1_103' title="bbox 1979 4206 3563 4275">
     <span class='ocr_line' id='line_1_103' title="bbox 1979 4206 3563 4275; baseline -0.001 -14"><span class='ocrx_word' id='word_1_854' title='bbox 1979 4208 2281 4262; x_wconf 88' lang='lat' dir='ltr'><strong>communis</strong></span> <span class='ocrx_word' id='word_1_855' title='bbox 2311 4207 2412 4271; x_wconf 91' lang='lat' dir='ltr'><strong>sit,</strong></span> <span class='ocrx_word' id='word_1_856' title='bbox 2442 4214 2497 4261; x_wconf 93' lang='lat' dir='ltr'><strong>et</strong></span> <span class='ocrx_word' id='word_1_857' title='bbox 2525 4206 2664 4260; x_wconf 91' lang='lat' dir='ltr'><strong>illius</strong></span> <span class='ocrx_word' id='word_1_858' title='bbox 2692 4217 2746 4259; x_wconf 90' lang='lat' dir='ltr'><strong>et</strong></span> <span class='ocrx_word' id='word_1_859' title='bbox 2772 4206 3000 4260; x_wconf 84' lang='lat' dir='ltr'><strong>aliorum</strong></span> <span class='ocrx_word' id='word_1_860' title='bbox 3043 4206 3402 4260; x_wconf 74' lang='lat' dir='ltr'><strong>membrorum</strong></span> <span class='ocrx_word' id='word_1_861' title='bbox 3440 4222 3563 4275; x_wconf 67' lang='lat' dir='ltr'><strong>pro-</strong></span> 
     </span>
    </p>
   </div>
   <div class='ocr_carea' id='block_1_104' title="bbox 1979 4299 3559 4369">
    <p class='ocr_par' dir='ltr' id='par_1_104' title="bbox 1979 4299 3559 4369">
     <span class='ocr_line' id='line_1_104' title="bbox 1979 4299 3559 4369; baseline 0.001 -16"><span class='ocrx_word' id='word_1_862' title='bbox 1979 4300 2128 4369; x_wconf 89' lang='lat' dir='ltr'><strong>prius</strong></span> <span class='ocrx_word' id='word_1_863' title='bbox 2144 4307 2245 4354; x_wconf 90' lang='lat' dir='ltr'><strong>est.</strong></span> <span class='ocrx_word' id='word_1_864' title='bbox 2268 4299 2340 4353; x_wconf 91' lang='lat' dir='ltr'><strong>lta</strong></span> <span class='ocrx_word' id='word_1_865' title='bbox 2363 4299 2594 4353; x_wconf 88' lang='lat' dir='ltr'><strong>etiamin</strong></span> <span class='ocrx_word' id='word_1_866' title='bbox 2616 4299 2889 4369; x_wconf 88' lang='lat' dir='ltr'><strong>pecuniis:</strong></span> <span class='ocrx_word' id='word_1_867' title='bbox 2911 4299 3028 4353; x_wconf 86' lang='lat' dir='ltr'><strong>situ</strong></span> <span class='ocrx_word' id='word_1_868' title='bbox 3047 4305 3192 4353; x_wconf 82' lang='lat' dir='ltr'><strong>solus</strong></span> <span class='ocrx_word' id='word_1_869' title='bbox 3212 4299 3316 4353; x_wconf 88' lang='lat' dir='ltr'><strong>illis</strong></span> <span class='ocrx_word' id='word_1_870' title='bbox 3342 4300 3559 4365; x_wconf 78' lang='lat' dir='ltr'><strong>fruaris,</strong></span> 
     </span>
    </p>
   </div>
   <div class='ocr_carea' id='block_1_105' title="bbox 1981 4390 3566 4461">
    <p class='ocr_par' dir='ltr' id='par_1_105' title="bbox 1981 4390 3566 4461">
     <span class='ocr_line' id='line_1_105' title="bbox 1981 4390 3566 4461; baseline -0.001 -17"><span class='ocrx_word' id='word_1_871' title='bbox 1981 4399 2034 4444; x_wconf 90' lang='lat' dir='ltr'><strong>tu</strong></span> <span class='ocrx_word' id='word_1_872' title='bbox 2054 4404 2262 4461; x_wconf 88' lang='lat' dir='ltr'><strong>quoque</strong></span> <span class='ocrx_word' id='word_1_873' title='bbox 2284 4390 2399 4444; x_wconf 90' lang='lat' dir='ltr'><strong>illas</strong></span> <span class='ocrx_word' id='word_1_874' title='bbox 2417 4390 2692 4459; x_wconf 86' lang='lat' dir='ltr'><strong>perdidisti</strong></span> <span class='ocrx_word' id='word_1_875' title='bbox 2712 4405 2725 4455; x_wconf 92' lang='lat'><strong>;</strong></span> <span class='ocrx_word' id='word_1_876' title='bbox 2750 4406 2925 4459; x_wconf 84' lang='lat' dir='ltr'><strong>neque</strong></span> <span class='ocrx_word' id='word_1_877' title='bbox 2941 4391 3083 4444; x_wconf 77' lang='lat' dir='ltr'><strong>enim</strong></span> <span class='ocrx_word' id='word_1_878' title='bbox 3104 4390 3405 4445; x_wconf 77' lang='lat' dir='ltr'><strong>mercedem</strong></span> <span class='ocrx_word' id='word_1_879' title='bbox 3426 4395 3566 4445; x_wconf 84' lang='lat' dir='ltr'><strong>acci-</strong></span> 
     </span>
    </p>
   </div>
   <div class='ocr_carea' id='block_1_106' title="bbox 1980 4481 3561 4551">
    <p class='ocr_par' dir='ltr' id='par_1_106' title="bbox 1980 4481 3561 4551">
     <span class='ocr_line' id='line_1_106' title="bbox 1980 4481 3561 4551; baseline -0.001 -17"><span class='ocrx_word' id='word_1_880' title='bbox 1980 4482 2120 4551; x_wconf 89' lang='lat' dir='ltr'><strong>pies:</strong></span> <span class='ocrx_word' id='word_1_881' title='bbox 2142 4481 2187 4535; x_wconf 91' lang='lat' dir='ltr'><strong>si</strong></span> <span class='ocrx_word' id='word_1_882' title='bbox 2204 4495 2331 4535; x_wconf 88' lang='lat' dir='ltr'><strong>vero</strong></span> <span class='ocrx_word' id='word_1_883' title='bbox 2344 4496 2466 4535; x_wconf 85' lang='lat' dir='ltr'><strong>cum</strong></span> <span class='ocrx_word' id='word_1_884' title='bbox 2482 4481 2601 4535; x_wconf 86' lang='lat' dir='ltr'><strong>aliis</strong></span> <span class='ocrx_word' id='word_1_885' title='bbox 2621 4482 2917 4550; x_wconf 73' lang='lat' dir='ltr'><strong>possideas,</strong></span> <span class='ocrx_word' id='word_1_886' title='bbox 2936 4490 3062 4535; x_wconf 85' lang='lat' dir='ltr'><strong>tunc</strong></span> <span class='ocrx_word' id='word_1_887' title='bbox 3082 4483 3247 4551; x_wconf 73' lang='lat' dir='ltr'><strong>magis</strong></span> <span class='ocrx_word' id='word_1_888' title='bbox 3266 4492 3367 4535; x_wconf 73' lang='lat' dir='ltr'><strong>tam</strong></span> <span class='ocrx_word' id='word_1_889' title='bbox 3384 4496 3561 4545; x_wconf 61' lang='lat' dir='ltr'><strong>erunt,</strong></span> 
     </span>
    </p>
   </div>
   <div class='ocr_carea' id='block_1_107' title="bbox 1978 4574 3563 4643">
    <p class='ocr_par' dir='ltr' id='par_1_107' title="bbox 1978 4574 3563 4643">
     <span class='ocr_line' id='line_1_107' title="bbox 1978 4574 3563 4643; baseline -0.003 -13"><span class='ocrx_word' id='word_1_890' title='bbox 1978 4583 2032 4630; x_wconf 88' lang='lat' dir='ltr'><strong>et</strong></span> <span class='ocrx_word' id='word_1_891' title='bbox 2051 4583 2175 4629; x_wconf 90' lang='lat' dir='ltr'><strong>tunc</strong></span> <span class='ocrx_word' id='word_1_892' title='bbox 2192 4574 2474 4629; x_wconf 86' lang='lat' dir='ltr'><strong>utilitatem</strong></span> <span class='ocrx_word' id='word_1_893' title='bbox 2500 4574 2752 4640; x_wconf 83' lang='lat' dir='ltr'><strong>accipies.</strong></span> <span class='ocrx_word' id='word_1_894' title='bbox 2785 4574 2974 4627; x_wconf 71' lang='lat' dir='ltr'><strong>Annon</strong></span> <span class='ocrx_word' id='word_1_895' title='bbox 3006 4574 3175 4638; x_wconf 81' lang='lat' dir='ltr'><strong>vides,</strong></span> <span class='ocrx_word' id='word_1_896' title='bbox 3208 4574 3347 4643; x_wconf 74' lang='lat' dir='ltr'><strong>quod</strong></span> <span class='ocrx_word' id='word_1_897' title='bbox 3373 4589 3563 4626; x_wconf 82' lang='lat' dir='ltr'><strong>manus</strong></span> 
     </span>
    </p>
   </div>
   <div class='ocr_carea' id='block_1_108' title="bbox 1979 4664 3566 4733">
    <p class='ocr_par' dir='ltr' id='par_1_108' title="bbox 1979 4664 3566 4733">
     <span class='ocr_line' id='line_1_108' title="bbox 1979 4664 3566 4733; baseline -0.003 -12"><span class='ocrx_word' id='word_1_898' title='bbox 1979 4666 2305 4730; x_wconf 88' lang='lat' dir='ltr'><strong>ministrent,</strong></span> <span class='ocrx_word' id='word_1_899' title='bbox 2340 4679 2401 4719; x_wconf 90' lang='lat' dir='ltr'><strong>os</strong></span> <span class='ocrx_word' id='word_1_900' title='bbox 2425 4666 2689 4729; x_wconf 88' lang='lat' dir='ltr'><strong>emolliat,</strong></span> <span class='ocrx_word' id='word_1_901' title='bbox 2714 4674 2767 4719; x_wconf 88' lang='lat' dir='ltr'><strong>et</strong></span> <span class='ocrx_word' id='word_1_902' title='bbox 2789 4672 2977 4719; x_wconf 54' lang='lat' dir='ltr'><strong>venter</strong></span> <span class='ocrx_word' id='word_1_903' title='bbox 3002 4664 3259 4733; x_wconf 74' lang='lat' dir='ltr'><strong>recipiat?</strong></span> <span class='ocrx_word' id='word_1_904' title='bbox 3286 4682 3409 4717; x_wconf 71' lang='lat' dir='ltr'><strong>num</strong></span> <span class='ocrx_word' id='word_1_905' title='bbox 3435 4666 3566 4718; x_wconf 23' lang='lat' dir='ltr'><strong>dicit</strong></span> 
     </span>
    </p>
   </div>
   <div class='ocr_carea' id='block_1_109' title="bbox 1980 4756 3555 4826">
    <p class='ocr_par' dir='ltr' id='par_1_109' title="bbox 1980 4756 3555 4826">
     <span class='ocr_line' id='line_1_109' title="bbox 1980 4756 3555 4826; baseline 0.001 -17"><span class='ocrx_word' id='word_1_906' title='bbox 1980 4765 2169 4811; x_wconf 89' lang='lat' dir='ltr'><strong>venter</strong></span> <span class='ocrx_word' id='word_1_907' title='bbox 2196 4776 2209 4811; x_wconf 89' lang='lat'><strong>:</strong></span> <span class='ocrx_word' id='word_1_908' title='bbox 2237 4757 2369 4824; x_wconf 87' lang='lat' dir='ltr'><strong>Quia</strong></span> <span class='ocrx_word' id='word_1_909' title='bbox 2399 4758 2599 4825; x_wconf 91' lang='lat' dir='ltr'><strong>recepi,</strong></span> <span class='ocrx_word' id='word_1_910' title='bbox 2635 4767 2800 4811; x_wconf 90' lang='lat' dir='ltr'><strong>totum</strong></span> <span class='ocrx_word' id='word_1_911' title='bbox 2832 4758 3064 4812; x_wconf 56' lang='lat' dir='ltr'><strong>retinere</strong></span> <span class='ocrx_word' id='word_1_912' title='bbox 3090 4758 3298 4812; x_wconf 64' lang='lat' dir='ltr'><strong>debeo?</strong></span> <span class='ocrx_word' id='word_1_913' title='bbox 3327 4756 3405 4811; x_wconf 84' lang='lat' dir='ltr'><strong>Ne</strong></span> <span class='ocrx_word' id='word_1_914' title='bbox 3436 4774 3555 4826; x_wconf 59' lang='lat' dir='ltr'><strong>erf’:</strong></span> 
     </span>
    </p>
   </div>
   <div class='ocr_carea' id='block_1_110' title="bbox 1980 4845 3560 4917">
    <p class='ocr_par' dir='ltr' id='par_1_110' title="bbox 1980 4845 3560 4917">
     <span class='ocr_line' id='line_1_110' title="bbox 1980 4845 3560 4917; baseline 0.001 -17"><span class='ocrx_word' id='word_1_915' title='bbox 1980 4855 2035 4900; x_wconf 93' lang='lat' dir='ltr'><strong>tu</strong></span> <span class='ocrx_word' id='word_1_916' title='bbox 2063 4861 2274 4915; x_wconf 86' lang='lat' dir='ltr'><strong>quoque</strong></span> <span class='ocrx_word' id='word_1_917' title='bbox 2300 4845 2367 4901; x_wconf 88' lang='lat' dir='ltr'><strong>de</strong></span> <span class='ocrx_word' id='word_1_918' title='bbox 2391 4849 2634 4915; x_wconf 89' lang='lat' dir='ltr'><strong>pecuniis</strong></span> <span class='ocrx_word' id='word_1_919' title='bbox 2669 4848 2739 4902; x_wconf 91' lang='lat' dir='ltr'><strong>ita</strong></span> <span class='ocrx_word' id='word_1_920' title='bbox 2782 4848 3019 4917; x_wconf 59' lang='lat' dir='ltr'><strong>loqi.aris</strong></span> <span class='ocrx_word' id='word_1_921' title='bbox 3046 4867 3057 4899; x_wconf 83' lang='lat'><strong>:</strong></span> <span class='ocrx_word' id='word_1_922' title='bbox 3088 4849 3393 4917; x_wconf 75' lang='lat' dir='ltr'><strong>recipientis</strong></span> <span class='ocrx_word' id='word_1_923' title='bbox 3422 4852 3560 4903; x_wconf 70' lang='lat' dir='ltr'><strong>enim</strong></span> 
     </span>
    </p>
   </div>
   <div class='ocr_carea' id='block_1_111' title="bbox 1979 4940 3557 5009">
    <p class='ocr_par' dir='ltr' id='par_1_111' title="bbox 1979 4940 3557 5009">
     <span class='ocr_line' id='line_1_111' title="bbox 1979 4940 3557 5009; baseline 0 -16"><span class='ocrx_word' id='word_1_924' title='bbox 1979 4950 2061 4993; x_wconf 90' lang='lat' dir='ltr'><strong>est</strong></span> <span class='ocrx_word' id='word_1_925' title='bbox 2091 4940 2323 5009; x_wconf 77' lang='lat' dir='ltr'><strong>elargiri.</strong></span> <span class='ocrx_word' id='word_1_926' title='bbox 2358 4941 2819 5004; x_wconf 86' lang='lat' dir='ltr'><strong>Quemadmodum</strong></span> <span class='ocrx_word' id='word_1_927' title='bbox 2857 4955 2984 5008; x_wconf 72' lang='lat' dir='ltr'><strong>ergo</strong></span> <span class='ocrx_word' id='word_1_928' title='bbox 3014 4944 3213 4996; x_wconf 68' lang='lat' dir='ltr'><strong>ventris</strong></span> <span class='ocrx_word' id='word_1_929' title='bbox 3246 4944 3333 4996; x_wconf 76' lang='lat' dir='ltr'><strong>viii</strong></span> <span class='ocrx_word' id='word_1_930' title='bbox 3354 4960 3427 4995; x_wconf 67' lang='lat' dir='ltr'><strong>.rn</strong></span> <span class='ocrx_word' id='word_1_931' title='bbox 3457 4954 3557 5007; x_wconf 78' lang='lat' dir='ltr'><strong>est,</strong></span> 
     </span>
    </p>
   </div>
   <div class='ocr_carea' id='block_1_112' title="bbox 1980 5032 3560 5100">
    <p class='ocr_par' dir='ltr' id='par_1_112' title="bbox 1980 5032 3560 5100">
     <span class='ocr_line' id='line_1_112' title="bbox 1980 5032 3560 5100; baseline -0.001 -13"><span class='ocrx_word' id='word_1_932' title='bbox 1980 5048 2101 5088; x_wconf 91' lang='lat' dir='ltr'><strong>cum</strong></span> <span class='ocrx_word' id='word_1_933' title='bbox 2129 5032 2279 5087; x_wconf 89' lang='lat' dir='ltr'><strong>cibos</strong></span> <span class='ocrx_word' id='word_1_934' title='bbox 2317 5035 2514 5087; x_wconf 85' lang='lat' dir='ltr'><strong>retinet</strong></span> <span class='ocrx_word' id='word_1_935' title='bbox 2557 5046 2659 5087; x_wconf 89' lang='lat' dir='ltr'><strong>nec</strong></span> <span class='ocrx_word' id='word_1_936' title='bbox 2684 5033 2992 5098; x_wconf 79' lang='lat' dir='ltr'><strong>distribuit;</strong></span> <span class='ocrx_word' id='word_1_937' title='bbox 3028 5036 3121 5088; x_wconf 78' lang='lat' dir='ltr'><strong>toti</strong></span> <span class='ocrx_word' id='word_1_938' title='bbox 3162 5038 3302 5089; x_wconf 73' lang='lat' dir='ltr'><strong>enim</strong></span> <span class='ocrx_word' id='word_1_939' title='bbox 3348 5035 3560 5100; x_wconf 61' lang='lat' dir='ltr'><strong>COl‘t‘mi‘l</strong></span> 
     </span>
    </p>
   </div>
   <div class='ocr_carea' id='block_1_113' title="bbox 1981 5122 3559 5195">
    <p class='ocr_par' dir='ltr' id='par_1_113' title="bbox 1981 5122 3559 5195">
     <span class='ocr_line' id='line_1_113' title="bbox 1981 5122 3559 5195; baseline -0.001 -17"><span class='ocrx_word' id='word_1_940' title='bbox 1981 5125 2273 5195; x_wconf 88' lang='lat' dir='ltr'><strong>perniciem</strong></span> <span class='ocrx_word' id='word_1_941' title='bbox 2314 5122 2475 5178; x_wconf 80' lang='lat' dir='ltr'><strong>infert</strong></span> <span class='ocrx_word' id='word_1_942' title='bbox 2502 5143 2516 5177; x_wconf 91' lang='lat'><strong>:</strong></span> <span class='ocrx_word' id='word_1_943' title='bbox 2548 5124 2617 5177; x_wconf 87' lang='lat' dir='ltr'><strong>ita</strong></span> <span class='ocrx_word' id='word_1_944' title='bbox 2647 5125 2809 5178; x_wconf 89' lang='lat' dir='ltr'><strong>etiam</strong></span> <span class='ocrx_word' id='word_1_945' title='bbox 2844 5128 3067 5179; x_wconf 74' lang='lat' dir='ltr'><strong>divitum</strong></span> <span class='ocrx_word' id='word_1_946' title='bbox 3096 5126 3279 5177; x_wconf 83' lang='lat' dir='ltr'><strong>vitium</strong></span> <span class='ocrx_word' id='word_1_947' title='bbox 3314 5136 3411 5187; x_wconf 60' lang='lat' dir='ltr'><strong>Cal,</strong></span> <span class='ocrx_word' id='word_1_948' title='bbox 3438 5139 3559 5177; x_wconf 64' lang='lat' dir='ltr'><strong>om.</strong></span> 
     </span>
    </p>
   </div>
   <div class='ocr_carea' id='block_1_114' title="bbox 1979 5213 3555 5285">
    <p class='ocr_par' dir='ltr' id='par_1_114' title="bbox 1979 5213 3555 5285">
     <span class='ocr_line' id='line_1_114' title="bbox 1979 5213 3555 5285; baseline -0.001 -16"><span class='ocrx_word' id='word_1_949' title='bbox 1979 5230 2041 5269; x_wconf 90' lang='lat' dir='ltr'><strong>ea</strong></span> <span class='ocrx_word' id='word_1_950' title='bbox 2070 5231 2188 5285; x_wconf 70' lang='lat' dir='ltr'><strong>qua:</strong></span> <span class='ocrx_word' id='word_1_951' title='bbox 2212 5213 2413 5269; x_wconf 88' lang='lat' dir='ltr'><strong>habent</strong></span> <span class='ocrx_word' id='word_1_952' title='bbox 2442 5214 2580 5284; x_wconf 91' lang='lat' dir='ltr'><strong>apud</strong></span> <span class='ocrx_word' id='word_1_953' title='bbox 2609 5229 2668 5269; x_wconf 91' lang='lat' dir='ltr'><strong>se</strong></span> <span class='ocrx_word' id='word_1_954' title='bbox 2696 5216 2927 5270; x_wconf 86' lang='lat' dir='ltr'><strong>retinent</strong></span> <span class='ocrx_word' id='word_1_955' title='bbox 2960 5234 2971 5266; x_wconf 92' lang='lat'><strong>:</strong></span> <span class='ocrx_word' id='word_1_956' title='bbox 3020 5216 3119 5267; x_wconf 83' lang='lat' dir='ltr'><strong>hoc</strong></span> <span class='ocrx_word' id='word_1_957' title='bbox 3152 5215 3292 5267; x_wconf 70' lang='lat' dir='ltr'><strong>eui-ii</strong></span> <span class='ocrx_word' id='word_1_958' title='bbox 3334 5227 3388 5269; x_wconf 78' lang='lat' dir='ltr'><strong>ct</strong></span> <span class='ocrx_word' id='word_1_959' title='bbox 3416 5231 3555 5281; x_wconf 58' lang='lat' dir='ltr'><strong>ipse;</strong></span> 
     </span>
    </p>
   </div>
   <div class='ocr_carea' id='block_1_115' title="bbox 1980 5306 3553 5376">
    <p class='ocr_par' dir='ltr' id='par_1_115' title="bbox 1980 5306 3553 5376">
     <span class='ocr_line' id='line_1_115' title="bbox 1980 5306 3553 5376; baseline -0.003 -16"><span class='ocrx_word' id='word_1_960' title='bbox 1980 5319 2033 5360; x_wconf 92' lang='lat' dir='ltr'><strong>et</strong></span> <span class='ocrx_word' id='word_1_961' title='bbox 2066 5307 2203 5361; x_wconf 91' lang='lat' dir='ltr'><strong>alios</strong></span> <span class='ocrx_word' id='word_1_962' title='bbox 2249 5307 2443 5376; x_wconf 89' lang='lat' dir='ltr'><strong>perdit.</strong></span> <span class='ocrx_word' id='word_1_963' title='bbox 2481 5306 2679 5361; x_wconf 89' lang='lat' dir='ltr'><strong>Oculus</strong></span> <span class='ocrx_word' id='word_1_964' title='bbox 2724 5306 2849 5360; x_wconf 90' lang='lat' dir='ltr'><strong>item</strong></span> <span class='ocrx_word' id='word_1_965' title='bbox 2893 5315 3056 5358; x_wconf 77' lang='lat' dir='ltr'><strong>totam</strong></span> <span class='ocrx_word' id='word_1_966' title='bbox 3104 5306 3279 5360; x_wconf 67' lang='lat' dir='ltr'><strong>lucem</strong></span> <span class='ocrx_word' id='word_1_967' title='bbox 3334 5309 3553 5373; x_wconf 68' lang='lat' dir='ltr'><strong>recipit;</strong></span> 
     </span>
    </p>
   </div>
   <div class='ocr_carea' id='block_1_116' title="bbox 1979 5399 3558 5467">
    <p class='ocr_par' dir='ltr' id='par_1_116' title="bbox 1979 5399 3558 5467">
     <span class='ocr_line' id='line_1_116' title="bbox 1979 5399 3558 5467; baseline -0.002 -13"><span class='ocrx_word' id='word_1_968' title='bbox 1979 5399 2073 5454; x_wconf 84' lang='lat' dir='ltr'><strong>sed</strong></span> <span class='ocrx_word' id='word_1_969' title='bbox 2096 5414 2201 5454; x_wconf 91' lang='lat' dir='ltr'><strong>non</strong></span> <span class='ocrx_word' id='word_1_970' title='bbox 2226 5408 2390 5455; x_wconf 91' lang='lat' dir='ltr'><strong>totam</strong></span> <span class='ocrx_word' id='word_1_971' title='bbox 2420 5400 2521 5455; x_wconf 91' lang='lat' dir='ltr'><strong>sibi</strong></span> <span class='ocrx_word' id='word_1_972' title='bbox 2549 5400 2777 5464; x_wconf 89' lang='lat' dir='ltr'><strong>retinet;</strong></span> <span class='ocrx_word' id='word_1_973' title='bbox 2808 5412 2927 5450; x_wconf 87' lang='lat' dir='ltr'><strong>nam</strong></span> <span class='ocrx_word' id='word_1_974' title='bbox 2952 5413 3145 5467; x_wconf 76' lang='lat' dir='ltr'><strong>corpus</strong></span> <span class='ocrx_word' id='word_1_975' title='bbox 3175 5408 3341 5452; x_wconf 74' lang='lat' dir='ltr'><strong>tolum</strong></span> <span class='ocrx_word' id='word_1_976' title='bbox 3368 5401 3558 5451; x_wconf 55' lang='grc' dir='ltr'><strong>ιῖῑάιίιι-</strong></span> 
     </span>
    </p>
   </div>
   <div class='ocr_carea' id='block_1_117' title="bbox 1979 5490 3557 5560">
    <p class='ocr_par' dir='ltr' id='par_1_117' title="bbox 1979 5490 3557 5560">
     <span class='ocr_line' id='line_1_117' title="bbox 1979 5490 3557 5560; baseline -0.003 -15"><span class='ocrx_word' id='word_1_977' title='bbox 1979 5499 2087 5545; x_wconf 88' lang='lat' dir='ltr'><strong>nat.</strong></span> <span class='ocrx_word' id='word_1_978' title='bbox 2115 5490 2294 5560; x_wconf 79' lang='lat' dir='ltr'><strong>Neque</strong></span> <span class='ocrx_word' id='word_1_979' title='bbox 2319 5491 2460 5544; x_wconf 90' lang='lat' dir='ltr'><strong>enim</strong></span> <span class='ocrx_word' id='word_1_980' title='bbox 2485 5490 2536 5543; x_wconf 91' lang='lat' dir='ltr'><strong>id</strong></span> <span class='ocrx_word' id='word_1_981' title='bbox 2566 5505 2631 5544; x_wconf 82' lang='lat' dir='ltr'><strong>ex</strong></span> <span class='ocrx_word' id='word_1_982' title='bbox 2656 5497 2843 5543; x_wconf 89' lang='lat' dir='ltr'><strong>natura</strong></span> <span class='ocrx_word' id='word_1_983' title='bbox 2866 5505 2959 5542; x_wconf 65' lang='lat' dir='ltr'><strong>sua</strong></span> <span class='ocrx_word' id='word_1_984' title='bbox 2994 5490 3154 5544; x_wconf 71' lang='lat' dir='ltr'><strong>liabet</strong></span> <span class='ocrx_word' id='word_1_985' title='bbox 3181 5501 3235 5543; x_wconf 79' lang='lat' dir='ltr'><strong>ut</strong></span> <span class='ocrx_word' id='word_1_986' title='bbox 3265 5500 3428 5541; x_wconf 50' lang='lat' dir='ltr'><strong>tritum</strong></span> <span class='ocrx_word' id='word_1_987' title='bbox 3473 5506 3557 5541; x_wconf 78' lang='lat' dir='ltr'><strong>ie-</strong></span> 
     </span>
    </p>
   </div>
   <div class='ocr_carea' id='block_1_118' title="bbox 1981 5579 3559 5645">
    <p class='ocr_par' dir='ltr' id='par_1_118' title="bbox 1981 5579 3559 5645">
     <span class='ocr_line' id='line_1_118' title="bbox 1981 5579 3559 5645; baseline -0.001 -10"><span class='ocrx_word' id='word_1_988' title='bbox 1981 5584 2164 5645; x_wconf 91' lang='lat' dir='ltr'><strong>tineat,</strong></span> <span class='ocrx_word' id='word_1_989' title='bbox 2194 5581 2366 5635; x_wconf 91' lang='lat' dir='ltr'><strong>donec</strong></span> <span class='ocrx_word' id='word_1_990' title='bbox 2396 5581 2584 5634; x_wconf 89' lang='lat' dir='ltr'><strong>oculus</strong></span> <span class='ocrx_word' id='word_1_991' title='bbox 2610 5588 2716 5635; x_wconf 86' lang='lat' dir='ltr'><strong>est.</strong></span> <span class='ocrx_word' id='word_1_992' title='bbox 2741 5579 2910 5636; x_wconf 85' lang='lat' dir='ltr'><strong>Nares</strong></span> <span class='ocrx_word' id='word_1_993' title='bbox 2938 5586 3098 5636; x_wconf 79' lang='lat' dir='ltr'><strong>etiam</strong></span> <span class='ocrx_word' id='word_1_994' title='bbox 3133 5583 3301 5635; x_wconf 70' lang='lat' dir='ltr'><strong>bonos</strong></span> <span class='ocrx_word' id='word_1_995' title='bbox 3322 5583 3559 5634; x_wconf 63' lang='lat' dir='ltr'><strong>esutiunt</strong></span> 
     </span>
    </p>
   </div>
   <div class='ocr_carea' id='block_1_119' title="bbox 1979 5673 3557 5739">
    <p class='ocr_par' dir='ltr' id='par_1_119' title="bbox 1979 5673 3557 5739">
     <span class='ocr_line' id='line_1_119' title="bbox 1979 5673 3557 5739; baseline -0.002 -10"><span class='ocrx_word' id='word_1_996' title='bbox 1979 5673 2213 5739; x_wconf 89' lang='lat' dir='ltr'><strong>odores;</strong></span> <span class='ocrx_word' id='word_1_997' title='bbox 2267 5676 2362 5729; x_wconf 88' lang='lat' dir='ltr'><strong>sed</strong></span> <span class='ocrx_word' id='word_1_998' title='bbox 2413 5689 2517 5728; x_wconf 88' lang='lat' dir='ltr'><strong>non</strong></span> <span class='ocrx_word' id='word_1_999' title='bbox 2568 5682 2708 5729; x_wconf 89' lang='lat' dir='ltr'><strong>totos</strong></span> <span class='ocrx_word' id='word_1_1000' title='bbox 2753 5675 3006 5737; x_wconf 87' lang='lat' dir='ltr'><strong>retinent,</strong></span> <span class='ocrx_word' id='word_1_1001' title='bbox 3038 5674 3131 5728; x_wconf 87' lang='lat' dir='ltr'><strong>sed</strong></span> <span class='ocrx_word' id='word_1_1002' title='bbox 3180 5674 3231 5727; x_wconf 88' lang='lat' dir='ltr'><strong>in</strong></span> <span class='ocrx_word' id='word_1_1003' title='bbox 3276 5679 3557 5729; x_wconf 63' lang='lat' dir='ltr'><strong>cerebrum</strong></span> 
     </span>
    </p>
   </div>
   <div class='ocr_carea' id='block_1_120' title="bbox 1948 5764 3553 5838">
    <p class='ocr_par' dir='ltr' id='par_1_120' title="bbox 1948 5764 3553 5838">
     <span class='ocr_line' id='line_1_120' title="bbox 1948 5764 3553 5838; baseline -0.003 -17"><span class='ocrx_word' id='word_1_1004' title='bbox 1948 5764 1949 5767; x_wconf 45' lang='grc'><em>“</em></span> <span class='ocrx_word' id='word_1_1005' title='bbox 1981 5768 2215 5838; x_wconf 85' lang='lat' dir='ltr'><strong>mittunt,</strong></span> <span class='ocrx_word' id='word_1_1006' title='bbox 2241 5776 2294 5823; x_wconf 90' lang='lat' dir='ltr'><strong>et</strong></span> <span class='ocrx_word' id='word_1_1007' title='bbox 2318 5764 2651 5823; x_wconf 86' lang='lat' dir='ltr'><strong>stomachum</strong></span> <span class='ocrx_word' id='word_1_1008' title='bbox 2675 5765 2728 5822; x_wconf 83' lang='lat' dir='ltr'><strong>in</strong></span> <span class='ocrx_word' id='word_1_1009' title='bbox 2752 5765 2896 5823; x_wconf 82' lang='lat' dir='ltr'><strong>bono</strong></span> <span class='ocrx_word' id='word_1_1010' title='bbox 2917 5766 3080 5823; x_wconf 74' lang='lat' dir='ltr'><strong>odore</strong></span> <span class='ocrx_word' id='word_1_1011' title='bbox 3105 5776 3341 5825; x_wconf 77' lang='lat' dir='ltr'><strong>servant.</strong></span> <span class='ocrx_word' id='word_1_1012' title='bbox 3362 5774 3553 5820; x_wconf 73' lang='lat' dir='ltr'><strong>totum-</strong></span> 
     </span>
    </p>
   </div>
   <div class='ocr_carea' id='block_1_121' title="bbox 3142 5868 3182 5929">
    <p class='ocr_par' dir='ltr' id='par_1_121' title="bbox 3142 5868 3182 5929">
     <span class='ocr_line' id='line_1_121' title="bbox 3142 5868 3182 5929; baseline 0 0"><span class='ocrx_word' id='word_1_1013' title='bbox 3142 5868 3182 5929; x_wconf 78' lang='grc'>6</span> 
     </span>
    </p>
   </div>
  </div>
