4096 6326
591 366 654 419 87
1287 363 1326 417 S
1382 362 1658 419 JOANNIS
1693 361 2165 420 CIIRYSOSTOMI
2205 363 2517 421 ARCHIEP.
2558 364 3089 422 CONSTANTINOP.
3793 365 3864 421 83

582 492 686 547 que
708 474 980 531 hominem
1002 485 1266 531 recreant.
1287 476 1457 532 Pedes
1478 478 1606 533 item
1626 478 1727 532 soli
1751 476 2037 541 incedunt;
2068 478 2167 533 sed

591 584 697 622 non
732 582 793 624 se
814 567 958 623 solos
983 568 1335 636 transferunt,
1359 569 1455 624 sed
1483 578 1539 625 et
1567 579 1739 624 totum
1759 584 1957 639 corpus
1994 585 2171 625 trans-

587 671 826 715 moveut.
855 660 929 715 Ita
960 670 1013 717 et
1037 671 1097 716 tu
1120 662 1263 732 quod
1291 662 1385 717 tibi
1412 661 1785 718 concreditum
1813 662 2004 718 fuitne
2026 663 2175 719 solus

583 754 841 815 retineas.
860 754 985 823 quia
1005 754 1262 809 omnibus
1285 755 1491 824 tibique
1514 755 1744 825 primum
1772 755 2064 824 perniciem
2093 754 2175 808 in-

584 846 745 901 feres.
785 845 903 901 Non
953 847 1006 900 in
1036 847 1294 901 membris
1336 856 1542 902 tantum
1585 847 1637 903 id
1677 847 1956 904 observes.
1999 846 2173 903 Faber

582 938 727 991 enim
754 936 1035 1003 ferrarius,
1063 941 1109 993 si
1138 939 1409 995 neminem
1437 940 1566 996 velit
1590 950 1707 997 arte
1728 955 1824 996 sua
1852 940 1979 1007 frui,
2005 950 2061 998 et
2080 957 2172 998 se-

588 1031 766 1099 ipsum
784 1038 840 1085 et
861 1031 997 1085 alias
1023 1039 1173 1085 artes
1195 1032 1522 1101 pessumdat.
1553 1032 1717 1089 Sutor
1738 1034 2009 1100 similiter,
2033 1034 2172 1104 agri-

584 1123 725 1190 cola,
746 1123 934 1193 pistor,
955 1134 1011 1178 et
1036 1124 1233 1195 singuli
1254 1126 1348 1195 qui
1374 1127 1706 1182 necessarias
1732 1135 1876 1183 artes
1893 1137 2171 1194 exercent,

585 1214 633 1271 si
665 1217 935 1272 neminem
964 1217 1126 1273 alium
1155 1233 1272 1275 arte
1294 1235 1389 1275 sua
1417 1218 1522 1275 frui
1553 1220 1739 1286 velint,
1769 1236 1873 1277 non
1900 1220 2035 1275 alios
2058 1229 2174 1275 tan-

590 1318 724 1372 tum,
754 1309 850 1363 sed
889 1322 948 1363 se
973 1324 1095 1365 cum
1122 1310 1244 1364 aliis
1287 1310 1539 1381 perdunt.
1571 1312 1772 1381 Ecquid
1812 1311 1881 1366 de
1920 1310 2175 1367 divitibus

587 1399 820 1470 loquor?
858 1399 993 1455 Nam
1024 1416 1291 1470 pauperes
1318 1417 1535 1471 quoque
1559 1403 1606 1458 si
1632 1411 1865 1458 vestram
1890 1416 2171 1457 avarorum

584 1501 639 1545 et
680 1490 907 1546 divitum
962 1494 1255 1561 nequitiam
1309 1503 1670 1560 sectarentur,
1714 1510 1811 1551 vos
1850 1510 2173 1567 magnopere

582 1580 846 1636 hederent
870 1596 934 1637 ac
957 1584 1067 1637 cito
1109 1598 1205 1638 vos
1235 1599 1500 1654 pauperes
1528 1585 1835 1652 redderent,
1866 1587 1975 1642 imo
2007 1590 2172 1643 etiam

583 1673 894 1742 perderent,
925 1674 970 1728 si
1002 1675 1067 1728 iis
1093 1676 1185 1744 qui
1220 1689 1362 1743 opus
1390 1676 1592 1731 habent
1630 1691 1726 1731 sua
1768 1680 2008 1748 pra-bere
2049 1680 2170 1733 nol-

584 1765 695 1819 leM
722 1781 735 1817 :
764 1764 999 1835 exempli
1024 1781 1204 1831 causa,
1233 1768 1464 1837 agricola
1496 1784 1751 1824 manuum
1778 1784 1996 1826 suarum
2025 1772 2171 1826 labo-

583 1871 716 1919 rem,
748 1858 1323 1912 nautaconnnereium
1364 1874 1461 1929 per
1499 1861 1896 1931 navigationem
1934 1872 2163 1932 partum,

580 1949 738 2003 miles
763 1964 916 2003 suam
944 1949 998 2003 in
1028 1950 1171 2004 bello
1195 1949 1586 2006 fortitudinem.
1621 1952 1769 2019 Ideo,
1797 1954 1841 2007 si
1871 1967 1979 2008 non
2000 1953 2169 2019 aliud,

584 2039 791 2109 pudore
810 2040 989 2095 allecti
1009 2041 1335 2095 benevolum
1360 2041 1575 2096 illorum
1602 2043 1842 2098 animum
1866 2044 2167 2100 imitemini.

580 2129 793 2184 Nemini
823 2131 1038 2185 divitias
1066 2132 1350 2201 impertis?
1397 2132 1539 2204 Ergo
1565 2148 1634 2189 ne
1658 2134 1947 2205 quidquam
1974 2137 2043 2190 ab
2064 2136 2170 2196 alio

578 2225 812 2293 accipias
838 2243 853 2278 :
881 2226 925 2279 si
953 2236 1134 2281 autem
1164 2228 1236 2280 ita
1268 2227 1380 2293 fiat,
1403 2239 1717 2284 evertentur
1736 2232 1937 2285 omnia.
1958 2230 2169 2301 Ubique

576 2316 720 2371 enim
743 2317 873 2372 dare
892 2328 947 2371 et
973 2319 1218 2387 accipere
1240 2320 1501 2374 bonorum
1526 2321 1815 2376 multorum
1830 2322 2037 2377 initium
2057 2332 2164 2393 est,

578 2408 631 2461 in
675 2409 996 2475 seminibus,
1026 2410 1084 2463 in
1112 2410 1413 2479 discipulis,
1449 2412 1501 2465 in
1543 2412 1772 2468 artibus.
1816 2413 1947 2469 Nam
1974 2415 2019 2469 si
2047 2417 2168 2486 quis

579 2499 811 2553 voluerit
850 2510 1020 2553 artem
1062 2516 1232 2570 penes
1273 2517 1333 2557 se
1380 2502 1633 2567 petiuere,
1661 2513 1714 2558 et
1740 2518 1863 2559 sese
1904 2514 1959 2560 et
1999 2515 2166 2561 totum

576 2592 835 2645 mundum
879 2594 1097 2647 evertit.
1131 2594 1377 2663 Agricola
1422 2596 1466 2650 si
1498 2598 1706 2651 semina
1749 2597 1893 2652 domi
1937 2600 2167 2656 suffossa

578 2684 827 2750 retineat,
853 2699 1070 2755 gravem
1114 2686 1335 2743 inducet
1380 2688 1599 2743 famem.
1642 2690 1733 2744 Sic
1761 2698 1817 2745 et
1854 2691 2005 2745 dives
2040 2692 2084 2744 si
2112 2693 2166 2747 in

575 2778 818 2845 pecuniis
865 2778 970 2833 hoc
1012 2778 1195 2842 faciat,
1226 2781 1465 2847 seipsum
1510 2781 1659 2849 prius
1706 2796 1863 2851 quam
1904 2797 2166 2851 pauperes

573 2869 785 2936 perdet,
812 2868 1077 2937 gehennte
1120 2869 1393 2923 ﬂammam
1419 2873 1722 2941 graviorem
1751 2873 1911 2942 capiti
1944 2891 2037 2923 m
2068 2892 2149 2934 τηεμ

574 2975 791 3027 parans.
827 2958 897 3014 Ut
939 2975 1070 3029 ergo
1111 2960 1379 3025 doctores,
1424 2962 1635 3017 etiamsi
1686 2966 1863 3017 multo
1940 2972 1941 2975 ‘

570 3049 886 3117 discipulos,
915 3051 1141 3119 singulis
1166 3063 1334 3105 artem
1362 3068 1515 3106 suam
1545 3053 1855 3123 impertiant
1892 3076 1899 3105 ;
2110 3080 2161 3109 Li:

569 3141 770 3193 multos
797 3143 1047 3206 acquiras
1077 3142 1341 3194 beneﬁcio
1366 3142 1588 3198 affectos
1618 3162 1631 3197 :
1662 3154 1717 3198 et
1745 3145 1926 3199 dicant
1954 3162 2160 3212 (lilHICS,

2282 478 2433 533 Hunc
2479 479 2723 535 liberavit
2763 494 2793 532 a
2836 489 3173 551 paupertate,
3203 481 3351 536 illum
3382 496 3411 535 a
3439 481 3739 551 periculis;
3785 490 3865 548 et,

2278 568 2371 624 llle
2398 570 2672 639 periisset,
2699 571 2803 625 nisi
2830 586 2951 626 cum
2972 571 3144 641 gratia
3173 572 3265 626 Dei
3294 571 3591 642 patrocinio
3618 582 3714 627 tuo
3738 586 3860 629 ere-

2278 669 2399 729 ptus
2425 663 2609 721 fuisset
2638 682 2650 717 :
2679 672 2735 718 et
2775 664 2919 734 quod
2948 666 3090 719 hunc
3115 679 3148 720 a
3177 664 3387 731 morbo,
3417 665 3578 719 alium
3622 680 3655 719 a
3702 678 3858 735 syro-

2278 754 2492 824 pbantia
2517 756 2804 822 exemeris,
2844 757 3007 811 alium
3055 756 3321 827 hospitem
3366 757 3668 827 exceperis.
3695 756 3859 810 i‘lium

2278 845 2479 901 nudum
2506 847 2771 903 vestieris.
2805 846 3104 903 lnnumeris
3144 848 3344 903 divitiis
3369 858 3423 903 et
3446 848 3719 903 thesauris
3744 863 3861 902 me-

2277 937 2410 994 liora
2453 950 2580 994 sunt
2620 938 2737 995 haue
2761 939 2965 1003 verba;
3008 954 3307 1010 omnesque
3343 938 3412 995 ad
3454 954 3516 995 se
3540 948 3862 995 convertunt

2276 1033 2447 1102 magis
2486 1045 2648 1101 quam
2696 1032 3017 1086 vestimenta
3072 1046 3267 1097 aurea,
3296 1031 3420 1101 equi
3470 1041 3526 1085 et
3569 1031 3858 1099 mancipia.

2278 1124 2403 1180 Haec
2430 1125 2574 1180 enim
2615 1123 2669 1178 id
2696 1123 2955 1189 efficiunt,
2984 1132 3045 1178 ut
3077 1123 3255 1194 gravis
3279 1132 3335 1193 et
3373 1122 3633 1177 molestus
3670 1122 3860 1176 videa-

2279 1227 2398 1283 tur;
2442 1226 2604 1288 atque
2646 1226 2705 1272 ut
2729 1216 3036 1272 communis
3086 1215 3259 1271 hostis
3283 1216 3406 1270 odio
3434 1215 3698 1272 habeatur
3727 1234 3741 1269 :
3774 1216 3862 1271 illa

2276 1323 2408 1365 vero
2455 1316 2515 1363 ut
2559 1317 2765 1379 patrem
2791 1322 3136 1363 communem
3161 1320 3226 1362 ac
3253 1304 3552 1362 beneﬁcum
3589 1307 3862 1376 depra-di-

2275 1412 2431 1469 cant;
2453 1411 2509 1457 et
2537 1401 2679 1473 quod
2706 1400 2944 1457 omnium
2978 1402 3269 1455 maximum
3284 1407 3393 1467 est,
3414 1399 3505 1455 Dei
3532 1398 3865 1454 benevolen-

2278 1494 2346 1549 tia
2371 1504 2458 1548 tua
2479 1507 2694 1563 semper
2730 1500 2879 1563 gesta
2895 1501 3171 1561 sequetur.
3208 1490 3358 1544 Dicat
3378 1504 3507 1560 ergo
3530 1488 3636 1551 hic.
3670 1488 3866 1544 Filiam

2275 1599 2449 1639 meam
2460 1599 2580 1639 cum
2597 1582 2723 1638 dote
2741 1582 2966 1648 locavit;
2984 1580 3139 1645 alius,
3156 1580 3349 1634 Filium
3363 1595 3539 1634 meum
3557 1581 3609 1633 in
3622 1579 3865 1633 virorum

2273 1689 2556 1730 numerum
2592 1673 2775 1729 efferri
2806 1673 3047 1736 curavit;
3077 1672 3237 1735 alius,
3276 1669 3642 1726 Calamin
3683 1685 3865 1723 meam

2273 1768 2431 1825 Solvit
2448 1784 2463 1832 ;
2486 1766 2646 1832 alius,
2658 1764 2742 1820 Me
2758 1779 2787 1817 ι
2810 1764 3061 1834 periculis
3079 1764 3291 1831 eripuit.
3312 1762 3436 1817 llaec
3451 1762 3667 1817 coronis
3683 1761 3868 1815 aureis

2272 1860 2497 1915 meliora
2513 1856 2675 1912 verba
2691 1864 2837 1921 sunt,
2859 1855 3006 1909 mille
3033 1853 3287 1908 nimirum
3312 1868 3586 1923 przecones
3610 1853 3866 1923 benigni-

2272 1950 2400 2004 tatis
2422 1947 2654 2019 proprize
2688 1946 2742 2002 in
2782 1945 2999 2001 civitate
3028 1943 3230 1999 habere
3259 1960 3273 1997 :
3307 1943 3389 1997 hae
3428 1958 3623 2009 voces,
3664 1958 3869 2011 praeco-

2274 2059 2401 2098 num
2417 2043 2505 2112 qui
2523 2050 2648 2096 ante
2663 2040 3029 2111 magistratum
3049 2037 3306 2092 incedunt
3327 2051 3457 2092 voce
3478 2037 3637 2106 longe
3652 2035 3869 2089 dulcio-

2270 2149 2360 2189 res
2388 2133 2766 2204 suavioresque
2781 2139 2927 2196 sunt,
2942 2130 3123 2184 vocari
3144 2143 3339 2198 nempe
3372 2136 3732 2194 servatorem,
3768 2127 3869 2181 be-

2270 2227 2523 2293 neﬁcum,
2540 2235 2976 2297 patronamque
2999 2232 3126 2279 sunt
3156 2223 3250 2278 Dei
3282 2224 3497 2277 nomina
3515 2238 3531 2276 :
3548 2235 3655 2277 non
3673 2230 3866 2277 artem

2270 2324 2879 2386 avarum,arrogantem,
2899 2313 3271 2379 insatiabilem,
3291 2328 3531 2384 parcum.
3548 2311 3865 2382 Ne,quaeso.

2270 2426 2339 2466 ne
2370 2410 2535 2467 ullam
2565 2408 2729 2464 talem
2755 2420 2943 2461 vocem
2973 2413 3310 2475 appetamus,
3338 2404 3434 2458 sed
3473 2404 3697 2458 omnino
3724 2418 3867 2457 con-

2270 2501 2485 2556 trarias.
2514 2498 2647 2553 Nam
2676 2497 2720 2552 si
2749 2496 2867 2549 lucc
2898 2496 2949 2548 in
2980 2496 3138 2549 terris
3160 2495 3390 2562 prolata.
3421 2494 3493 2548 ita
3517 2492 3866 2562 splendidum

2269 2601 2327 2647 et
2347 2592 2612 2646 illustrem
2633 2588 2904 2650 reddunt;
2935 2602 3055 2641 cum
3075 2601 3138 2641 ea
3161 2586 3359 2655 scripta
3383 2584 3580 2640 fuerint
3610 2585 3661 2639 in
3685 2586 3865 2650 caelis.

2208 2676 2211 2679 ’
2268 2694 2328 2740 et
2371 2686 2425 2739 in
2467 2684 2556 2737 die
2600 2681 2781 2736 futuro
2824 2681 2962 2733 Deus
3006 2680 3094 2733 illa
3124 2678 3429 2747 protulerit,
3453 2678 3629 2747 cogita
3656 2688 3869 2747 quanta

2268 2777 2468 2831 frueris
2486 2775 2750 2839 claritate,
2782 2781 2983 2843 quanto
3004 2770 3324 2840 splendore:
3350 2786 3509 2841 quem
3540 2785 3640 2825 nos
3667 2786 3869 2827 omnes

2268 2868 2477 2937 assequi
2498 2863 2794 2934 contingat,
2821 2864 2991 2932 gratia
3014 2871 3069 2915 et
3093 2861 3420 2931 benignitate
3450 2862 3661 2916 Domini
3686 2863 3868 2916 nostri

2270 2962 2399 3015 Jesu
2427 2959 2646 3022 Christi,
2694 2959 2912 3028 quicum
2965 2955 3109 3009 Patri
3149 2968 3361 3021 unaque
3404 2954 3625 3022 Spiritui
3668 2963 3871 3009 sancto

2271 3050 2461 3120 gloria,
2487 3049 2794 3117 imperium,
2826 3046 3018 3109 honor,
3052 3058 3195 3099 nunc
3224 3053 3282 3098 et
3306 3059 3536 3114 semper,
3565 3054 3620 3099 et
3660 3046 3713 3099 in
3751 3061 3865 3100 sa:-

2268 3145 2389 3201 eula
2420 3142 2765 3197 smlorum.
2788 3140 2983 3193 Amen.

1988 3349 2338 3412 HOMILIA
2382 3349 2497 3411 XI.

572 3478 700 3533 Car.
731 3480 784 3534 4.
815 3495 865 3532 ν.
900 3480 952 3534 3.
985 3480 1118 3535 Mihi
1156 3493 1328 3536 autem
1373 3500 1467 3552 pro
1500 3484 1714 3537 minimo
1753 3494 1829 3539 est
1876 3495 1933 3539 ut
1962 3504 1994 3538 a
2021 3488 2163 3541 vobis

649 3570 863 3635 indirer,
890 3580 983 3624 aut
1006 3572 1070 3625 ab
1096 3572 1317 3626 humano
1340 3574 1423 3627 die
1444 3590 1464 3637 ;
1491 3575 1581 3627 sed
1618 3591 1778 3645 neque
1807 3576 2050 3646 meipsum
2065 3577 2163 3647 jn-

640 3662 838 3727 dico;i.
869 3661 1025 3735 (nihil
1060 3665 1201 3717 etum
1245 3665 1368 3718 mihi
1406 3666 1640 3718 conscius
1685 3680 1830 3730 sunt;
1870 3667 1960 3720 sed
1983 3670 2166 3722 nonin

636 3754 730 3805 hoc
758 3752 1072 3823 justiﬁcam
1096 3755 1259 3825 sum);
1296 3757 1378 3825 qui
1404 3766 1570 3810 autent
1602 3756 1809 3826 judicat
1832 3773 1932 3823 me,
1986 3756 2166 3812 Domi-

644 3863 741 3900 nus
766 3856 862 3901 est.

637 3940 690 3993 l.
721 3938 857 3992 Cum
891 3933 1013 3992 aliis
1058 3937 1213 3992 malis
1260 3939 1444 3993 nescio
1490 3938 1764 4009 quomodo
1791 3939 2041 3995 inductus
2080 3949 2166 3997 est

565 4034 619 4086 in
639 4031 914 4085 hominum
937 4042 1181 4086 naturam
1198 4031 1396 4086 curiosi
1405 4032 1527 4086 tatis
1542 4042 1598 4086 et
1615 4033 1934 4102 importune
1948 4034 2164 4105 perqui-

565 4124 775 4177 sition-is
790 4122 1011 4176 morbus
1026 4138 1038 4174 :
1053 4122 1388 4191 quemetiam
1406 4121 1649 4177 Christus
1664 4124 1943 4196 castigavit
1954 4124 2160 4179 dicens:

575 4214 752 4269 Nolite
759 4216 999 4285 judicare
1017 4256 1032 4280 ,
1068 4225 1122 4268 ut
1149 4231 1249 4268 non
1258 4216 1564 4285 judicemini
1586 4212 1804 4286 (Matth.
1829 4217 1881 4270 7.
1912 4217 1988 4286 l).
2007 4215 2160 4283 Quod

570 4319 717 4366 certe
739 4310 938 4363 nullam
965 4309 1295 4375 voluptatem
1318 4308 1500 4373 habet,
1528 4320 1580 4363 ut
1598 4308 1797 4363 habent
1816 4318 2009 4363 extera
2037 4323 2163 4377 pec-

566 4411 707 4465 cata,
731 4401 823 4454 sed
844 4401 1016 4453 solum
1039 4413 1252 4467 poenam
1273 4414 1337 4453 ac
1359 4399 1699 4467 supplicium.
1717 4398 1847 4452 Nam
1861 4413 1982 4452 cum
2009 4399 2164 4453 innu-

572 4491 737 4547 meris
757 4489 946 4557 repleti
978 4490 1145 4543 simus
1166 4488 1343 4553 malis,
1364 4499 1419 4541 et
1439 4488 1617 4544 trabes
1638 4489 1872 4543 feramus
1895 4490 1945 4542 in
1968 4488 2160 4555 oculis,

564 4582 793 4652 proximi
835 4590 1073 4651 peccata,
1100 4582 1265 4635 etiam
1291 4594 1352 4635 ea
1380 4596 1501 4651 qua:
1529 4595 1559 4635 a
1603 4578 1827 4635 festucis
1876 4579 2009 4635 nihil
2052 4579 2160 4635 dif-

566 4674 765 4737 ferunt,
794 4681 1045 4728 accurate
1072 4673 1445 4727 examinamus
1479 4688 1493 4725 :
1530 4673 1671 4727 sicut
1708 4672 1871 4726 etiam
1916 4670 2161 4725 Corinthi

572 4766 788 4820 accidit.
844 4766 998 4819 Viros
1045 4779 1276 4833 namque
1331 4770 1447 4833 pios
1470 4777 1526 4819 et
1580 4767 1689 4821 Deo
1736 4781 1892 4821 caros
1938 4773 2160 4835 pr0pter

579 4859 846 4911 inscitiam
887 4856 1239 4910 traducebant
1267 4864 1322 4909 et
1362 4856 1671 4922 ejiciebant,
1716 4858 1854 4912 alios
1894 4873 2041 4923 vero,
2072 4856 2162 4926 qui

578 4952 876 5005 innumeris
919 4957 1077 5004 erant
1108 4948 1253 5003 vitiis
1283 4948 1483 5012 onusti,
1515 4951 1690 5017 magni
1722 4948 1990 5003 faciebant
2034 4963 2161 5017 pro-

571 5054 691 5111 pter
716 5041 1104 5110 eloquentiam.
1122 5038 1353 5103 Deinde,
1373 5048 1639 5107 tamquam
1654 5039 1859 5108 judices
1891 5039 2163 5104 sedentes,

572 5135 687 5188 hair.
713 5136 1020 5203 petulanter
1067 5132 1515 5204 pronuntiabant:
1564 5130 1660 5186 Hic
1688 5132 1881 5201 dignus
1919 5140 2020 5199 est,
2064 5134 2165 5186 iste

572 5227 767 5281 melior
793 5226 883 5281 illo
924 5236 1038 5293 est;
1067 5236 1122 5281 et
1165 5225 1250 5279 hic
1280 5224 1354 5279 illi
1409 5223 1651 5289 inferior,
1700 5233 1755 5277 et
1783 5224 1869 5277 ille
1914 5224 2015 5277 isto
2052 5238 2164 5277 me-

574 5321 699 5384 lior;
723 5329 784 5373 et
809 5334 901 5372 sua
934 5319 1115 5388 lugere
1151 5318 1291 5373 mala
1321 5332 1425 5371 non
1450 5325 1725 5379 curantes,
1756 5316 1984 5368 aliorum
2011 5314 2155 5385 iudi-

573 5432 665 5469 ces
689 5421 873 5477 erant;
903 5411 1131 5483 hincque
1174 5413 1353 5482 gravia
1383 5410 1521 5466 bella
1550 5408 1915 5463 concitabant.
1966 5408 2163 5462 Paulus

575 5521 704 5576 ergo
758 5505 899 5558 hunc
947 5505 1192 5557 morbum
1243 5505 1458 5568 tollens,
1510 5501 1630 5556 vide
1669 5517 1827 5571 quam
1871 5500 2162 5568 prudenter

578 5598 699 5650 illos
738 5596 993 5665 corrigat.
1038 5594 1324 5663 Postquam
1366 5595 1509 5651 enim
1538 5594 1698 5658 dixit,
1743 5592 1842 5644 llic
1875 5593 1988 5661 jam
2022 5607 2165 5660 qua:-

576 5690 707 5739 ritur
744 5688 878 5741 inter
907 5687 1279 5756 dispensatores
1320 5695 1373 5738 ut
1415 5685 1581 5754 ﬁdelis
1619 5684 1730 5755 quis
1774 5683 2079 5747 inveniatur,
2108 5689 2162 5735 et

580 5778 855 5834 videbatur
897 5778 1003 5835 illis
1043 5776 1245 5833 aditum
1283 5776 1415 5834 dare
1444 5778 1509 5831 ad
1554 5775 1899 5847 judicandam
1943 5784 1996 5829 ct
2023 5788 2158 5829 exa-

2272 3488 2578 3544 minandam
2620 3488 2886 3557 cujusque
2932 3487 3136 3552 vitam;
3193 3488 3295 3542 hoc
3349 3504 3479 3543 vero
3532 3489 3861 3545 seditionem

2268 3578 2601 3632 concitabat:
2627 3592 2693 3631 ne
2714 3575 2815 3630 hoc
2840 3576 2944 3630 illis
2973 3577 3261 3642 accideret,
3290 3578 3358 3632 ab
3382 3578 3481 3634 bac
3505 3579 3860 3637 altercatione

2270 3668 2393 3723 illos
2418 3667 2659 3732 abduxit,
2698 3667 2916 3723 dicens:
2956 3666 3089 3721 Mihi
3115 3679 3287 3723 autem
3328 3687 3423 3740 pro
3460 3672 3667 3726 minimo
3695 3682 3767 3726 est
3795 3683 3862 3727 at

2266 3775 2300 3813 α
2319 3759 2453 3813 vobis
2465 3760 2701 3830 judicer;
2718 3773 2901 3815 rursus
2922 3774 3223 3814 sermonem
3247 3776 3529 3831 personam
3552 3777 3701 3818 suam
3723 3779 3857 3834 spe-

2266 3851 2823 3923 ctantem‘proferens.
2866 3850 3006 3918 Quid
3044 3852 3144 3906 sibi
3172 3854 3284 3907 vult
3306 3863 3485 3908 autem
3513 3854 3669 3921 illud,
3720 3854 3861 3909 lilii

2265 3954 2435 3997 autem
2461 3959 2552 4013 pro
2583 3944 2791 3996 minimo
2813 3952 2884 3995 est
2915 3952 2972 3994 tu
2997 3958 3029 3993 a
3056 3941 3193 3994 vobis
3211 3943 3436 4011 judicer,
3466 3952 3556 3997 aut
3584 3946 3647 3998 ab
3669 3945 3857 3998 Itum.-

2267 4050 2333 4087 no
2362 4033 2483 4086 die?
2528 4030 2807 4100 Indignum
2838 4046 2923 4085 me
2944 4030 3151 4099 judico,
3182 4032 3375 4103 inquit,
3403 4034 3491 4104 qui
3519 4050 3549 4088 a
3576 4035 3733 4091 vobis
3754 4036 3852 4106 ju-

2266 4123 2414 4177 dicer
2431 4137 2453 4186 .;
2478 4130 2534 4176 et
2558 4121 2685 4191 quid
2714 4120 2836 4177 dico
2861 4137 2890 4176 a
2916 4121 3105 4177 vobis?
3132 4121 3227 4177 sed
3254 4124 3416 4179 etiam
3441 4140 3470 4179 a
3508 4140 3855 4198 quocumque

2266 4215 2461 4282 aliquo.
2515 4212 2620 4266 Sed
2675 4227 2835 4267 nemo
2871 4212 3094 4268 Paulum
3148 4217 3477 4285 arrogantia
3523 4227 3757 4285 accuset,
3800 4221 3854 4274 si

2262 4309 2469 4363 nullum
2514 4306 2787 4361 hominem
2829 4307 3048 4378 dignum
3090 4324 3213 4365 esse
3251 4308 3417 4376 dicat,
3446 4310 3535 4379 qui
3576 4320 3761 4367 contra
3788 4328 3855 4369 se

2264 4400 2527 4454 calculum
2549 4398 2703 4453 ferat.
2730 4398 2911 4453 Primo
2933 4400 3075 4453 enim
3105 4416 3209 4455 non
3240 4408 3461 4471 propter
3480 4415 3539 4457 se
3567 4402 3670 4457 hoc
3695 4403 3849 4467 dicit.

2266 4489 2359 4545 sed
2388 4498 2444 4542 ut
2469 4488 2601 4543 alios
2626 4488 2695 4543 ab
2720 4488 2931 4545 illorum
2960 4490 3204 4545 molestia
3240 4490 3463 4558 eripiat:
3503 4491 3697 4549 deinde
3739 4508 3849 4549 non

2265 4582 2331 4637 ad
2360 4581 2663 4637 Corinthios
2686 4592 2888 4638 tantum
2918 4597 3006 4638 res
3033 4591 3271 4653 spectat;
3298 4582 3392 4637 sed
3418 4584 3581 4638 etiam
3609 4585 3850 4655 seipsum

2264 4688 2296 4727 a
2324 4671 2416 4726 tali
2439 4671 2640 4741 judicio
2668 4674 2917 4741 removit,
2946 4673 3120 4743 majus
3147 4686 3241 4725 sua
3270 4681 3449 4726 mente
3471 4673 3656 4728 dicens
3681 4675 3749 4729 de
3772 4685 3855 4729 ta-

2267 4764 2405 4818 libus
2429 4763 2691 4819 calculum
2721 4764 2888 4819 ferre:
2916 4763 3191 4831 subiunxit
3206 4776 3357 4832 ergo,
3390 4760 3571 4832 Neque
3599 4766 3852 4834 incipiam

2257 4854 2457 4925 judico.
2506 4853 2585 4908 Ad
2615 4855 2729 4909 haec
2756 4870 2883 4909 vero
2923 4867 3083 4908 causa
3110 4867 3324 4921 quoque
3349 4854 3713 4909 examinanda
3742 4865 3849 4921 est,

2266 4961 2369 5015 qua
2396 4956 2570 5000 motus
2594 4947 2706 5003 haec
2750 4948 2994 5001 dicebat:
3037 4945 3174 5000 solet
3207 4944 3350 4997 enim
3394 4958 3538 5014 saepe
3567 4948 3851 5016 magnifice

2264 5038 2432 5107 loqui,
2480 5053 2583 5093 non
2631 5055 2696 5095 ex
2734 5038 2870 5093 fastu
2916 5038 2998 5092 vel
3042 5035 3368 5103 arrogantia,
3415 5036 3509 5090 sed
3553 5052 3618 5091 ex
3645 5038 3851 5106 optima

2266 5128 2695 5198 dispensatione:
2740 5126 3171 5199 quandoquidem
3223 5141 3362 5180 nunc
3416 5143 3523 5183 non
3571 5130 3684 5199 ipse
3723 5145 3850 5185 sese

2266 5221 2566 5288 extollens,
2610 5221 2703 5275 sed
2746 5220 2882 5274 alios
2928 5218 3268 5286 deprimens,
3318 5217 3431 5274 haec
3476 5220 3743 5291 loquitur,
3789 5230 3852 5275 ut

2265 5312 2573 5383 dignitatem
2620 5313 2818 5366 sanctis
2844 5309 3022 5365 addat.
3072 5306 3224 5374 Quod
3252 5312 3393 5365 enim
3422 5311 3707 5366 admodum
3741 5311 3848 5364 hu-

2266 5405 2405 5459 milis
2445 5414 2607 5467 esset,
2647 5401 2771 5457 audi
2816 5399 2943 5469 quid
2983 5399 3144 5464 dicat,
3188 5401 3525 5456 inimicorum
3571 5400 3669 5453 bac
3695 5399 3765 5455 de
3789 5415 3852 5455 ro

2266 5496 2627 5550 testimonium
2652 5495 2703 5547 in
2724 5492 2954 5545 medium
2981 5490 3287 5546 adducens:
3315 5491 3597 5553 Prwsentia
3617 5492 3850 5557 corporis

2264 5589 2467 5655 inﬁrma
2488 5598 2577 5657 est,
2610 5596 2655 5639 et
2695 5601 2857 5638 sermo
2899 5596 3210 5657 contemptus
3244 5585 3319 5657 (‘2.
3352 5585 3467 5639 Cor.
3499 5582 3586 5637 l0.
3619 5582 3746 5651 10);
3792 5595 3851 5639 et

2265 5696 2499 5745 rursum,
2557 5678 2844 5733 Novissime
2872 5690 3036 5731 autem
3068 5688 3308 5747 tanquam
3345 5675 3572 5730 abortivo
3602 5676 3735 5729 visus
3766 5685 3844 5729 est

2265 5785 2308 5827 et
2338 5771 2458 5825 milii
2493 5769 2569 5840 (l.
2601 5768 2718 5822 Cor.
2750 5769 2835 5824 l5.
2867 5769 2942 5840 8).
2978 5772 3225 5824 Attamen
3256 5764 3472 5821 humilis
3495 5764 3582 5820 ille
3595 5806 3613 5835 ,
3635 5774 3846 5835 tempo-
