4084 6328
689 341 759 391 κο
1382 339 1437 393 S.
1480 336 1769 394 JOANNIS
1805 329 2298 392 CHRYSOSTOMI
2340 330 2660 391 ARCHIEP.
2701 333 3253 393 CONSTANTINOP.
3860 340 3929 395 90

689 453 931 507 σπεύδων
966 451 1264 521 περιθεῖναι
1299 455 1412 516 τοῖς
1459 452 1655 521 ἀγίοις.
1686 453 1807 504 Ὅτι
1840 451 1949 520 γὰρ
1987 449 2096 501 τῶν
2124 445 2254 512 σφό-

685 539 786 600 δρα
820 535 1085 589 ταπεινῶν
1115 532 1203 606 ἦν,
1237 537 1467 590 ἄκουσον
1499 536 1551 588 τί
1591 551 1745 604 φησι,
1785 534 1883 603 τὴν
1911 532 2018 585 τῶν
2043 529 2254 599 ἐχθρῶν

689 619 995 689 μαρτυρίαν
1032 617 1144 689 [88]
1164 621 1243 682 είς
1271 620 1433 688 μέσον
1463 617 1590 687 περὶ
1619 616 1809 668 τούτου
1836 614 2014 685 φέρων
2035 631 2047 642 ·
2076 614 2159 665 ὅτι
2196 610 2254 662 Ἠ

679 699 799 768 μὲν
835 703 1135 768 παρουσία
1181 702 1285 754 τοῦ
1340 702 1614 768 σώματος
1643 698 1928 763 ἀσθενὴς,
1964 696 2063 749 καὶ
2092 698 2125 749 ὁ
2152 694 2256 746 .16-

679 800 785 850 γος
818 783 1293 852 ἐξουθενημένος
1313 800 1327 814 ο
1366 784 1459 836 καὶ
1484 782 1666 842 πάλιν,
1697 782 1995 849 Ἔσχατον
2016 778 2082 831 δὲ
2106 776 2255 829 πάν-

679 881 797 917 των
854 868 1108 934 ὡσπερεὶ
1172 864 1250 930 τῷ
1303 866 1628 933 ἐκτρώματι
1681 863 1846 933 ὤφθη
1878 863 2073 931 κάμοί.
2114 860 2253 911 Ἀλλ’

679 950 828 1017 ὅμως
881 952 908 1001 ὀ
946 949 1203 1012 ταπεινὸς
1239 945 1411 1015 οὗτος,
1468 947 1661 1019 καιροῦ
1717 947 2026 1009 καλοῦντος,
2062 944 2253 996 σκόπει

678 1032 781 1081 ποῦ
810 1032 876 1082 τά
909 1034 1233 1101 φρονήματα
1256 1031 1362 1084 τῶν
1394 1030 1649 1101 μαθητῶν
1675 1030 1899 1099 ἐπῆρεν,
1926 1030 2047 1099 οὐχ).
2082 1026 2250 1095 τῦφον

668 1114 967 1177 διδάσκων,
998 1114 1132 1168 ἀλλά
1164 1117 1418 1185 φρόνημα
1447 1115 1595 1183 ὑγιὲς
1622 1115 1886 1184 ἐμποιῶν.
1916 1114 2109 1173 Αὑτοῖς
2141 1111 2250 1180 γὰρ

678 1198 884 1261 τούτοις
916 1198 1296 1268 διαλεγόμενος
1336 1198 1485 1265 ἔλεγε
1507 1214 1519 1226 ·
1564 1198 1674 1251 Καὶ.
1708 1199 1761 1249 εὶ
1788 1198 1857 1249 ἐν
1882 1195 2024 1265 ὑμῖν
2054 1196 2249 1260 κρίνε-

675 1298 769 1334 ται
831 1286 863 1335 ό
917 1284 1164 1349 κόσμος,
1216 1281 1451 1346 ἀνάξιοί
1501 1283 1641 1335 ἐστε
1678 1282 2004 1349 ικριτηρίων
2040 1278 2248 1344 ἐλαχί-

675 1380 854 1417 στων.
887 1365 1097 1435 Ὥσπερ
1147 1365 1254 1435 γὰρ
1280 1366 1595 1430 ἀλαζονείας
1626 1361 1763 1417 εῖναι
1794 1362 1903 1434 χρὴ
1935 1362 2123 1430 πόρρω
2154 1362 2247 1412 τὸν

673 1448 1019 1516 Χριστιανὸν,
1060 1449 1200 1503 οὕτω
1233 1453 1325 1503 καὶ
1359 1451 1649 1511 κολακείας
1691 1449 1785 1501 καὶ
1818 1445 2078 1514 ἀγεννοῦς
2111 1461 2246 1513 φροο

672 1535 932 1601 νήματος.
959 1534 1092 1585 Οὐδὲ
1122 1534 1231 1604 γὰρ
1256 1536 1301 1585 εί
1335 1535 1481 1601 λέγοι
1516 1550 1620 1597 τις,
1655 1532 1840 1583 ὅτιΤά
1870 1532 2125 1599 χρήματα
2160 1529 2247 1580 οῦ-

669 1615 756 1667 δὲν
783 1614 1021 1684 ἡγοῦμαι
1074 1612 1233 1679 εἶναι,
1266 1616 1399 1669 ἀλλὰ
1430 1617 1496 1668 τά
1545 1615 1790 1683 παρόντα
1850 1613 2066 1666 ἅπαντα
2118 1612 2245 1663 σκιά

672 1713 762 1763 μοι
798 1698 892 1748 καὶ
924 1697 1054 1769 ὄναρ
1096 1701 1188 1751 καὶ
1221 1700 1423 1752 παίδων
1454 1697 1768 1767 ἀθύρματα,
1805 1694 2119 1759 ἀλαζονείας
2148 1695 2241 1746 αὑ-

666 1779 757 1831 τὸν
785 1780 1106 1850 γραφόμεθα
1130 1796 1141 1811 ·
1194 1783 1316 1834 ἐπεὶ
1348 1782 1440 1833 καὶ
1467 1781 1556 1832 τὸν
1586 1778 1909 1847 Σολομῶντα
1948 1777 2121 1837 οὕτως
2164 1778 2243 1839 εἰς

666 1862 984 1925 ἀλαζονείαν
1024 1862 1412 1931 διαϐαλοῦμεν,
1441 1864 1570 1933 περὶ
1600 1862 1803 1913 τούτων
1851 1858 2243 1928 φιλοσοφοῦντα

667 1946 759 1997 καὶ
817 1944 1063 2014 λέγοντα’
1128 1949 1466 2012 Ματαιότης
1529 1941 1958 2013 ματαιοτήτων,
2012 1943 2110 1994 καί
2174 1941 2245 1994 τὰ

666 2025 863 2078 πάντα
892 2030 1235 2094 ματαιότης.
1273 2028 1430 2080 Ἀλλά
1467 2026 1541 2098 μὴ
1573 2025 1782 2094 γένοιτο
1808 2024 1885 2094 τῷ
1920 2025 2015 2094 τῆς
2046 2022 2243 2084 ἀλαζο-

666 2108 814 2169 νείας
841 2108 1065 2178 ὀνόματι
1091 2110 1185 2179 τὴν
1222 2109 1539 2179 φιλοσοφίαν
1572 2108 1778 2161 καλεῖν.
1798 2108 1941 2178 Ἀρα
1977 2106 2077 2158 οὐκ
2107 2106 2240 2158 ἁπό-

666 2208 782 2244 νοια
806 2192 865 2244 τὸ
897 2196 1257 2263 καταφρονεῖν
1287 2192 1510 2257 τούτων,
1536 2192 1672 2245 ἀλλά
1705 2191 2095 2261 μεγαλοψυχία,
2124 2190 2241 2243 καί-

663 2290 745 2326 τοι
776 2292 839 2343 γε
867 2275 1103 2346 βασιλεῖς
1136 2278 1227 2329 καὶ
1272 2276 1537 2347 ἄρχοντας
1584 2277 1677 2327 καὶ
1711 2277 1978 2337 δυνάστας
2023 2274 2239 2344 ὁρῶμεν

663 2358 841 2409 αὐτῶν
874 2360 1284 2427 ἀντεχομένους’
1322 2360 1436 2409 ἀλλ’
1466 2361 1493 2410 ό
1523 2357 1737 2426 πτωχὸς
1764 2357 2071 2425 φιλοσοφῶν
2116 2357 2240 2409 πολ-

664 2441 819 2503 λακίς
850 2442 1027 2493 αὐτῶν
1061 2444 1323 2512 ὑπερορᾷ,
1357 2443 1451 2495 καὶ
1483 2443 1541 2493 οὐ
1573 2442 1664 2493 διά
1695 2442 1853 2493 τοῦτο
1883 2442 2117 2505 ἀλαζόνα
2144 2442 2240 2492 αὑο

661 2524 773 2587 τὸν,
818 2525 951 2577 ἀλλὰ
999 2526 1375 2595 μεγαλόφρονα
1421 2520 1561 2578 εἶναι
1594 2528 1841 2594 φήσομεν
1868 2540 1881 2554 ·
1925 2526 2114 2593 ὥσπερ
2148 2521 2240 2575 οὖν

661 2608 780 2659 οὐδὲ
830 2608 921 2659 τὸν
972 2608 1175 2677 σφόδρα
1207 2608 1562 2677 αντεχόμενον
1603 2608 1804 2673 αὐτῶν,
1838 2607 2240 2674 ταπεινόφρονα

661 2689 757 2743 καὶ
792 2692 1029 2761 μέτριον,
1058 2691 1169 2743 ἀλλ’
1193 2691 1392 2759 ἀσθενῆ
1422 2692 1513 2743 καὶ
1546 2691 1878 2761 μικρόψυχον
1902 2690 1995 2741 καὶ
2022 2689 2241 2741 ἀνελεύ-

661 2772 838 2839 θερον.
867 2776 975 2826 Καὶ
1004 2774 1112 2844 γὰρ
1144 2774 1198 2825 εί
1239 2790 1323 2836 τις
1352 2774 1464 2836 υίὸς
1488 2773 1596 2825 τῶν
1638 2774 1737 2842 μὲν
1771 2773 1848 2842 τῷ
1878 2774 2046 2844 πατρῖ
2074 2790 2239 2842 προσ-

659 2862 905 2925 ηκόντων
947 2859 1293 2927 κατεφρόνει,
1339 2858 1409 2911 τὰ
1441 2859 1496 2911 δέ
1530 2859 1750 2911 δουλικά
1777 2859 2109 2928 ἐθαύμαζεν,
2139 2860 2237 2929 οὐχ

660 2938 735 3000 ῶς
785 2939 1180 3010 ταπεινόφρονα
1228 2941 1388 2994 αὑτὸν
1442 2942 1790 3011 ἐπῃνέσαμεν
1846 2942 1931 3007 ἂν,
1990 2942 2104 2995 ἀλλ’
2164 2943 2239 3005 ὼς

660 3024 862 3093 αγεννῆ
893 3026 985 3075 καὶ
1010 3024 1252 3075 δουλικὸν
1284 3026 1638 3094 ἐκακίζομενο
1682 3026 2073 3095 ἐθαυμάσαμεν
2101 3026 2144 3078 δ’
2172 3026 2237 3078 ἂν

664 3104 1102 3173 καταφρονοῦντα
1153 3107 1400 3171 ἐκείνων,
1456 3109 1550 3165 καὶ
1598 3106 1704 3159 τῶν
1735 3109 2017 3181 πατρικῶν
2069 3108 2237 3161 πολὺν

662 3188 983 3257 ποιούμενον
1013 3188 1189 3256 λόγον.
1228 3189 1509 3253 Ἀπονοίας
1563 3192 1671 3261 γάρ
1720 3193 1836 3244 ἐστι
1866 3192 1925 3244 :0
1954 3184 2083 3244 :d'av’
2110 3196 2239 3263 ὁμοο

660 3270 863 3322 δούλων
891 3273 1079 3325 ἑαυτὸν
1110 3271 1349 3342 νομίζειν
1371 3270 1509 3326 εἶναι
1535 3274 1729 3345 βελτίω
1754 3291 1765 3303 ·
1800 3276 1861 3326 τὸ
1904 3276 2087 3344 μέντοι
2135 3277 2236 3346 τὴν

661 3347 825 3405 οὖσαν
865 3370 929 3405 πε
942 3355 992 3424 01
1012 3354 1117 3406 τῶν
1144 3356 1482 3424 πραγμάτων
1509 3359 1695 3428 φέρειν
1728 3357 1930 3429 ψῆφον,
1960 3359 2081 3429 οὐχὶ
2105 3359 2239 3412 ἀλα-

666 3436 897 3498 ζονείας,
928 3436 1060 3489 ἀλλὰ
1091 3437 1408 3508 φιλοσοφίας
1432 3441 1571 3494 ἐστί.

737 3540 800 3607 β’.
822 3541 917 3593 Δια
948 3541 1104 3594 τοῦτο
1130 3544 1221 3596 καὶ
1244 3546 1271 3597 ό
1289 3544 1497 3608 Παῦλος
1514 3547 1610 3614 οὐχ
1627 3545 1817 3598 ἑαυτὸν
1839 3546 2101 3616 ἐπαίρων,
2121 3546 2235 3599 ἀλλ’

665 3622 881 3693 ἐτέρους
920 3625 1190 3677 ταπεινῶν
1234 3628 1329 3679 καὶ
1358 3628 1811 3698 ἐξανισταμένους
1860 3630 2237 3683 καταστέλλων

661 3707 761 3758 ’καὶ
794 3707 994 3760 πείθων
1026 3707 1354 3779 μετριάζειν,
1390 3710 1591 3779 ἐλεγενσ
1639 3713 1800 3780 Ἐμοὶ
1852 3713 1919 3766 δὲ
1973 3716 2061 3778 εἰς
2100 3714 2238 3767 ἐλά-

666 3791 881 3857 χιστόν
909 3790 1101 3854 ἐστιν,
1143 3792 1244 3845 ἵνα
1294 3794 1392 3861 ὑφ’
1450 3792 1617 3861 ὑμῶν
1671 3795 1989 3863 ἀνακριθῶ.
2037 3797 2075 3863 ἢ
2118 3797 2235 3851 ὑπὸ

666 3872 1042 3939 ἀνθρωπίνης
1073 3874 1317 3941 ἡμέρας.
1362 3875 1520 3945 Ὁρᾷ-ς
1569 3876 1687 3939 πῶς
1728 3879 2015 3937 κάκείνους
2046 3881 2232 3947 ἐθερά-

666 3968 897 4015 πευσεν;
938 3955 995 4005 '0
1026 3956 1131 4021 γὰρ
1163 3957 1419 4019 ἀκούσας,
1463 3958 1546 4009 ὅτι
1586 3958 1806 4030 πάντων
1835 3960 2034 4030 ὁμοίως
2068 3978 2238 4013 κατα-

653 4036 873 4101 εφρονεῖ,
910 4036 1002 4087 καὶ
1032 4036 1123 4087 ὑπ’
1160 4037 1371 4102 οὐδενὸς
1409 4039 1555 4104 ἀξιοῖ
1586 4024 1885 4113 κρίνέσθαι,
1919 4044 2099 4097 οὐκέτι
2127 4044 2236 4099 λοι·

665 4117 765 4202 τξδν
802 4118 1047 4202 ἀλγήσει,
1081 4120 1154 4183 ὡς
1197 4122 1357 4192 μόνθς
1396 4125 1555 4188 αὐτὸς
1589 4126 2008 4198 ἐκϐεϐλημένος.
2040 4129 2099 4183 Et
2127 4134 2234 4202 γὰρ

662 4196 837 4264 εἶπεν,
867 4201 987 4267 Ὑφ’
1015 4201 1187 4270 ὑμῶν,
1224 4205 1405 4272 μόνον,
1427 4208 1518 4260 καὶ
1558 4196 1843 4281 ἐσίγησεν,
1883 4212 2063 4266 ἱκανὸν
2106 4196 2235 4278 ἴσως

664 4287 861 4349 αὐτοὺς
898 4284 1056 4337 τοῦτο
1105 4285 1286 4337 δακεῖν
1320 4290 1394 4351 ὡς
1430 4293 1941 4361 καταφρονηθέντας
1987 4292 2087 4365 ἦν·
2120 4299 2235 4350 νυνὶ

662 4366 719 4418 δὲ
744 4367 818 4436 τῷ
842 4370 1162 4437 ἐπαγαγεῖν,
1197 4367 1351 4422 Οὐδὲ
1371 4371 1752 4438 ἀνθρωπίνης
1781 4374 2025 4441 ἡμέρας,
2057 4395 2237 4446 παραυ

666 4448 861 4517 μυθίαν
911 4453 1134 4521 ἐκόμισε
1188 4453 1254 4522 τῇ
1312 4451 1517 4522 πληγῇ,
1554 4454 1842 4517 κοινωνοὺς
1879 4458 2061 4520 αὐτοῖς
2110 4459 2233 4522 δοὺς

660 4531 761 4600 τῆς
814 4536 1295 4605 καταφρονήσεως.
1332 4534 1494 4587 Ἀλλά
1550 4534 1645 4588 καὶ
1699 4537 1831 4589 αὐτὸ
1873 4538 2029 4591 τοῦτο
2075 4539 2234 4610 θερα-

661 4615 819 4667 πεύει
876 4617 1038 4669 πάλιν
1082 4620 1281 4670 εἰπών’
1331 4620 1483 4675 Ἀλλ’
1518 4620 1660 4675 οὐδὲ
1707 4621 1967 4691 ἐμαυτὸν
1997 4624 2235 4693 ἀνακρί-

662 4712 764 4749 νω.
800 4699 940 4765 Ὅρα
984 4698 1101 4760 πῶς
1149 4700 1247 4751 οὐκ
1297 4702 1442 4755 ἐστιν
1492 4704 1746 4767 ἀπονοίας
1796 4705 1856 4758 :0
1905 4707 2231 4777 εἰρημένον·

662 4779 784 4832 οὐδὲ
842 4780 951 4850 γὰρ
993 4780 1180 4862 ἑαυτὸν
1233 4782 1422 4852 ἀρκεῖν
1472 4801 1604 4854 φησι
1651 4788 1785 4856 πρὸς
1835 4788 1931 4859 τὴν
1982 4792 2233 4862 τοιαύτην

662 4864 969 4933 ἀκρίϐειαν.
993 4861 1155 4947 Εἶταλ,
1176 4864 1365 4937 ἐπειδὴ
1392 4867 1486 4918 καὶ
1508 4868 1666 4920 τοῦτο
1699 4872 1903 4941 σφόδρα
1931 4861 2233 4947 ἐπαιρῆυῇ

665 4952 826 5018 μένου
879 4948 1050 5002 ἐδόκει
1097 4943 1237 5001 εἶναι
1282 4949 1341 5001 τὸ
1393 4950 1565 5019 ῥῆμα,
1598 4955 1694 5003 καὶ
1736 4954 1865 5005 αὐτὸ
1891 4943 2234 5026 διωρθώσατο

662 5034 855 5088 εἰπών’
892 5036 1056 5089 Ἀλλ’
1089 5037 1200 5090 οὐκ
1251 5036 1323 5087 ἐν
1364 5036 1553 5097 τούτῳ
1585 5034 1985 5106 δεδικαίωμαι.
2012 5042 2075 5094 Τί
2116 5043 2228 5110 οὖν,

660 5119 722 5169 οὐ
754 5120 857 5188 χρὴ
883 5119 1125 5184 δικάζειν
1156 5120 1369 5181 ἑαυτοῖς
1401 5119 1496 5170 καὶ
1535 5118 1648 5180 τοῖς
1682 5118 2077 5190 ἀμαρτήμασις
2126 5132 2232 5181 Καὶ

664 5200 870 5269 σφόδρα
904 5204 1000 5271 μὲν
1027 5199 1117 5256 οῦν
1152 5204 1257 5272 χρὴ
1292 5200 1452 5256 τοῦτο
1488 5203 1682 5259 ποιεῖν,
1735 5203 1862 5253 ὅταν
1909 5205 2232 5274 ἁμαρτάνω-

667 5298 797 5354 μεν·
859 5284 994 5337 ἀλλά
1044 5285 1257 5347 Παῦλος
1315 5282 1472 5337 τοῦτο
1504 5284 1603 5335 οὐκ
1652 5280 1834 5338 εἶπεν·
1887 5288 2078 5341 Οὐδὲν
2124 5295 2234 5361 γὰρ

662 5364 898 5435 ἐμαυτῷ
945 5368 1222 5431 σύνοιδα,
1260 5368 1413 5437 φησί.
1472 5369 1631 5421 Ποῖον
1667 5364 1758 5420 οὖν
1808 5368 1999 5439 ἔμελλε
2028 5375 2232 5442 κρίνειν

663 5451 988 5521 ἁμάρτημα,
1038 5450 1198 5519 μηδὲν
1237 5451 1415 5520 ἐαυτῷ
1463 5449 1752 5517 συνειδὼς;
1799 5451 1857 5505 Ὀ
1893 5454 1950 5506 δὲ
1993 5455 2054 5508 οὔ
2101 5476 2233 5527 φησι

660 5532 1062 5588 δεδικαιῶσθαι.
1127 5533 1190 5586 Οί
1244 5529 1480 5605 οῦνιὸθ]
1533 5534 1745 5603 μυρίων
1800 5538 2129 5607 τραυμάτων
2172 5545 2233 5596 :0

665 5618 905 5681 συνειδὸς
958 5616 1416 5687 ἐμπεπλησμένον
1460 5620 1699 5687 ἔχοντες,
1733 5619 1822 5671 καὶ
1855 5621 2020 5690 μηδὲν
2054 5639 2231 5678 συνει-

662 5700 811 5764 δότες
842 5703 1054 5763 ἑαυτοῖς
1104 5700 1329 5768 ἀγαθὸν,
1374 5700 1511 5753 ἀλλά
1563 5702 1671 5754 πᾶν
1704 5703 2033 5768 τούναντίον,
2072 5707 2122 5758 τί
2168 5708 2233 5761 ἀν

668 5785 946 5851 εῖποιμενς
988 5783 1098 5836 Καὶ
1128 5782 1179 5833 τί
1223 5782 1445 5853 δήποτε,
1477 5785 1526 5835 εἰ
1568 5784 1736 5853 μηδὲν
1764 5784 1939 5855 ἐαυτῷ
1970 5790 2227 5856 σύνοιδεν,

662 5866 725 5923 οὐ
777 5866 1150 5934 δεδικαίωται;
1182 5866 1304 5919 ’⁸υτι
1361 5866 1673 5923 συνέϐαινεν
1726 5868 2075 5941 ἡμαρτῆσθαι
2127 5877 2230 5942 μὲν

2360 445 2508 516 αὐτῷ
2534 465 2655 502 τινα
2687 450 2905 520 ἀμαρτή
2916 468 3083 520 ματα,
3112 452 3187 521 μὴ
3213 452 3318 522 μὴν
3344 453 3505 507 αὐτὸν
3531 453 3732 508 εἰδέναι
3759 453 3931 507 ταῦτα

2362 528 2755 600 ἁμαρτήματα.
2787 534 3069 587 Ἐντεῦθεν
3103 535 3317 604 λογίζου
3337 536 3473 606 πόση
3499 537 3601 607 τῆς
3633 536 3934 607 μελλούσης

2359 612 2592 681 κρίσεως
2625 616 2658 683 ή
2711 615 2987 686 ἀκρίϐεια.
3030 618 3103 669 Οὐ
3157 618 3336 671 τοίνυν
3365 617 3439 680 ὼς
3475 619 3715 688 ἄληπτον
3743 619 3936 670 ἑαυτὸν

2356 693 2616 761 νομίζων,
2651 697 2825 761 οὓτως
2878 700 3097 763 ἀνάξιον
3126 699 3323 752 ἑαυτοῦ
3372 694 3516 753 εἶναι
3560 700 3621 752 :0
3653 700 3934 771 κρίνεσθαι

2358 777 2487 843 παρ’
2522 778 2746 832 ἐκείνων
2786 782 2972 850 φησὶν,
3008 782 3125 834 ἀλλ’
3159 781 3527 851 ἐπιστομίζων
3560 784 3687 844 τοὺς
3722 782 3935 849 ἀλόγως

2353 858 2525 910 ταῦτα
2560 862 2868 925 ποιοῦντας.
2912 866 3170 935 Ἑτέρωθι
3222 866 3349 933 γοῦν
3393 865 3515 917 οὐδὲ
3564 866 3812 934 φανερῶν
3846 867 3933 918 ὅν-

2353 957 2460 994 των
2492 944 2602 994 τῶν
2645 947 3083 1017 ἁμαρτημάτων,
3137 950 3422 1019 ἐπιτρέπει
3467 949 3674 1000 κοίνειν
3699 949 3929 1018 ἑτέροις,

2353 1026 2542 1094 ἐπειδὴ
2582 1029 2610 1079 ό
2649 1029 2839 1096 καιρὸς
2866 1029 3026 1083 τοῦτο
3054 1031 3275 1101 ἀπῄτει.

2427 1111 2487 1162 Τί
2509 1111 2619 1181 γὰρ
2647 1114 2873 1180 κρίνεις
2908 1112 3014 1165 τὸν
3054 1114 3321 1183 ἀδελφόν
3349 1133 3501 1180 σου;
3543 1114 3727 1186 φησίν·
3765 1113 3804 1179 ἢ
3833 1113 3931 1166 καὶ

2352 1190 2431 1241 σὺ
2472 1194 2529 1243 τί
2559 1194 2897 1258 ἐξουθενεῖς
2924 1195 3031 1248 τὸν
3055 1195 3465 1265 άδελφόνσου
3486 1215 3507 1263 ;
3530 1198 3603 1249 Οὐ
3633 1197 3743 1267 γάρ
3771 1195 3932 1248 τοῦτο

2352 1273 2648 1345 ἐπετάγης,
2685 1277 2961 1347 ἄνθρωπε,
2999 1278 3205 1348 κρίνειν
3249 1279 3487 1350 ἑτέρους,
3523 1280 3659 1333 ἀλλά
3700 1280 3771 1333 τὰ
3800 1295 3931 1331 σαυ-

2350 1356 2442 1407 τοῦ
2496 1356 2831 1426 δοκιμάζειν.
2881 1362 2945 1412 Τί
2981 1362 3158 1413 τοίνυν
3193 1360 3286 1413 τοῦ
3321 1362 3591 1413 Δεσπότου
3634 1362 3730 1429 τὴν
3772 1360 3930 1425 τάξιν

2348 1436 2648 1505 ἀρπάζεις;
2688 1441 2897 1494 ἐκείνου
2948 1443 3011 1495 τὸ
3062 1443 3267 1514 κρίνειν
3302 1446 3468 1504 ἐστὶν,
3499 1443 3621 1511 οὐχὶ
3672 1443 3784 1495 σόν.
3833 1443 3930 1493 Διὸ

2349 1521 2439 1571 καὶ
2468 1520 2768 1591 ἐπήγαγεν·
2795 1524 2975 1578 Ὥστε
3008 1526 3092 1594 μὴ
3142 1526 3256 1595 πρὸ
3295 1525 3505 1593 καιροῦ
3560 1542 3615 1577 τι
3669 1524 3928 1590 κρίνετε,

2346 1600 2457 1666 ἕως
2488 1602 2564 1655 ἂν
2587 1604 2737 1673 ἔλθῃ
2764 1609 2797 1659 ό
2824 1608 3060 1675 Κύριος,
3098 1609 3165 1675 ὃς
3190 1610 3286 1661 καὶ
3318 1609 3563 1677 φωτίσει
3590 1606 3661 1659 τὰ
3692 1606 3930 1672 κρυπτὰ

2346 1686 2453 1737 τοῦ
2512 1688 2793 1753 σκότους,
2850 1692 2947 1743 καὶ
3001 1692 3335 1758 φανερώσει
3382 1692 3489 1756 τὰς
3521 1691 3762 1753 ,βουλὰς
3808 1686 3931 1738 τῶν

2346 1766 2626 1834 καρδιῶν
2680 1771 2776 1822 καὶ
2808 1774 2939 1823 τότε
2986 1776 3019 1824 ό
3068 1772 3316 1837 ἔπαινος
3343 1773 3661 1839 γενήσεται
3692 1769 3929 1831 ἑκάστῳ

2345 1850 2465 1902 ἀπὸ
2504 1851 2609 1904 τοῦ
2646 1854 2815 1923 Θεοῦ.
2853 1854 2919 1906 Τί
2961 1851 3074 1918 οὖν,
3127 1856 3187 1921 οὐ
3237 1854 3342 1925 χρὴ
3393 1856 3519 1916 τοὺς
3570 1852 3925 1914 διδασκάλους

2343 1931 2503 1986 τοῦτο
2542 1940 2748 2001 ποιεῖν;
2780 1938 2898 2008 Χρὴ
2935 1940 3031 2007 μὲν
3060 1940 3153 1990 ἐπὶ
3180 1939 3287 1991 τῶν
3312 1938 3560 2008 φανερῶν
3601 1935 3928 2005 ἁμαρτημὰ-

2345 2031 2452 2067 των
2485 2019 2577 2070 καὶ
2609 2019 3066 2090 ὡμολογημένων,
3104 2022 3197 2075 καὶ
3235 2021 3393 2073 τοῦτο
3445 2019 3582 2089 μετά
3624 2016 3720 2069 τοῦ
3756 2032 3927 2086 προσ-

2346 2096 2571 2166 ήκοντος
2620 2102 2836 2171 καιροῦ.
2887 2104 2979 2154 καὶ
3034 2104 3153 2156 τότε
3183 2104 3238 2155 δέ
3272 2102 3575 2170 ἀλγοῦντας
3604 2101 3701 2154 καὶ
3727 2099 3927 2152 δακνο-

2347 2178 2561 2247 μένους,
2594 2184 2686 2234 καὶ
2712 2185 2829 2253 οὐχ,
2863 2184 2938 2247 ὠς
2972 2179 3114 2238 οὗτοι
3143 2187 3264 2237 τότε
3302 2185 3536 2247 ἐποίουν,
3573 2183 3682 2236 ἀπὸ
3708 2181 3925 2235 κενοδο-

2344 2259 2462 2323 ξίας
2495 2262 2588 2314 καὶ
2617 2265 2892 2329 ἀπονοίας.
2920 2269 3029 2319 Καὶ
3055 2267 3163 2339 γὰρ
3196 2270 3286 2320 καὶ
3316 2267 3550 2320 ἐνταῦθα
3574 2267 3635 2319 οὑ
3659 2264 3791 2334 περὶ
3816 2264 3927 2315 τῶν

2340 2342 2782 2416 ὡμολογημένων
2828 2351 3243 2420 ἁμαρτημάτων
3272 2351 3455 2418 φησιν,
3487 2347 3624 2399 ἀλλά
3663 2348 3794 2415 περ).
3826 2344 3922 2396 τοῦ

2340 2426 2434 2478 τὸν
2484 2427 2629 2481 δεῖνα
2686 2431 2780 2483 τοῦ
2830 2433 3002 2493 δεῖνος
3054 2431 3388 2502 προτιθέναι,
3449 2433 3547 2483 καὶ
3599 2429 3922 2497 συγκρίσεις

2341 2510 2613 2561 ποιεῖσθαι
2644 2511 2793 2577 βίων.
2823 2512 3009 2566 Ταῦτα
3032 2514 3139 2583 γὰρ
3170 2514 3330 2576 αὐτὸς
3360 2513 3519 2583 μόνος
3556 2506 3663 2563 οἶδε
3711 2509 3923 2578 κρίνειν

2342 2588 2483 2657 μετὰ
2532 2590 2837 2661 ἀκριϐείας,
2884 2599 2912 2648 ὁ
2938 2596 3148 2666 μέλλων
3180 2597 3336 2666 ἡμῶν
3367 2596 3432 2648 τὰ
3466 2595 3756 2664 ἀπόρρητα
3799 2595 3924 2660 κρε-

2340 2687 2471 2735 νεινς
2514 2676 2643 2726 ποῖα
2686 2676 2783 2744 μὲν
2831 2679 3097 2747 μείζονος,
3144 2682 3271 2731 ποῖα
3321 2678 3375 2730 δὲ
3428 2678 3711 2739 ἐλάττονος
3753 2675 3923 2727 κολα-

2342 2753 2479 2817 σεώς
2508 2756 2657 2809 ἐστιν
2683 2759 2808 2825 ἀξια
2853 2763 2944 2812 καὶ
2972 2763 3137 2831 τιμῆς
3158 2781 3169 2794 ·
3215 2763 3375 2831 ἡμεῖς
3406 2761 3461 2813 δὲ
3488 2761 3629 2813 κατὰ
3654 2760 3719 2811 τὸ
3750 2774 3926 2825 παρα·

2338 2838 2475 2889 στάν
2511 2840 2685 2893 ταῦτα
2716 2843 3047 2913 πράττομεν.
3092 2847 3157 2899 Εἰ
3186 2850 3297 2915 γαρ
3327 2849 3384 2897 ἐν
3413 2842 3494 2907 οἷς
3535 2843 3696 2905 αὐτὸς
3738 2844 3923 2911 ἦμαρ-

2338 2936 2452 2985 τον,
2504 2923 2687 2989 φησὶν,
2740 2925 2893 2976 οὐδὲν
2924 2922 3039 2978 οἶδα
3089 2929 3295 2994 σαφῶς,
3348 2928 3461 2989 πῶς
3501 2926 3647 2989 ἄξιος
3700 2924 3767 2977 ἂν
3801 2924 3923 2991 εἴην

2340 3003 2479 3072 ὑπὲρ
2510 3005 2714 3073 ἐτέρων
2762 3009 2948 3079 φέρειν
2994 3010 3204 3079 ψῆφον;
3262 3010 3377 3075 πῶς
3406 3011 3483 3075 δὲ,
3522 3013 3549 3063 ό
3578 3010 3645 3062 τά
3675 3006 3921 3079 ἐμαυτοῦ

2343 3087 2479 3155 μετά
2508 3088 2793 3159 ἀκριϐείας
2842 3093 2915 3164 μὴ
2961 3095 3347 3164 ἐπιστάμενος,
3386 3096 3454 3146 τὰ
3491 3094 3663 3147 ἄλλων
3692 3092 3924 3160 δυνήσο-

2342 3188 2441 3240 μαι
2496 3173 2736 3241 κρίνειν;
2791 3177 2853 3229 Εἰ
2900 3178 2954 3229 δέ
3008 3177 3218 3240 Παῦλος
3266 3177 3424 3231 τοῦτο
3473 3178 3701 3246 ἔπασχε,
3736 3173 3922 3242 πολλῷ

2342 3253 2541 3323 μᾶλλον
2572 3257 2750 3324 ἡμεῖς.
2796 3260 2906 3311 Καὶ
2936 3260 3043 3329 γάρ
3064 3260 3243 3313 ταῦτα
3285 3261 3491 3328 ἔλεγεν,
3522 3261 3619 3328 οὐχ
3648 3260 3736 3310 ἵνα
3767 3256 3923 3327 δείξῃ

2340 3335 2533 3389 ἑαυτὸν
2566 3339 2827 3408 ἄληπτον,
2859 3340 2973 3392 ἀλλ’
3002 3343 3085 3394 ῖνα
3126 3342 3293 3414 δείξῃ,
3334 3344 3415 3395 ὅτι
3447 3344 3494 3395 εἰ
3535 3342 3630 3395 καὶ
3671 3339 3921 3401 τοιοῦτος

2337 3421 2423 3491 εἴη
2460 3437 2544 3483 τις
2593 3424 2723 3491 παρ’
2770 3425 2953 3487 αὐτοῖς
2985 3426 3150 3495 μηδὲν
3196 3426 3553 3497 ἡμαρτηκὼς,
3600 3424 3709 3481 οὐδ’
3762 3419 3921 3484 οὗτος

2338 3504 2487 3569 ἄξιος
2524 3503 2590 3556 ἂν
2631 3506 2715 3573 εἴη
2743 3507 2868 3567 τοὺς
2911 3508 3114 3576 ἐτέρων
3162 3508 3369 3577 κρίνειν
3402 3509 3550 3576 βίους
3572 3523 3586 3536 ⁸
3623 3507 3719 3558 καὶ
3752 3506 3837 3558 δτι
3870 3506 3921 3555 εί

2337 3579 2492 3648 οὗτος
2520 3589 2547 3638 ό
2577 3588 2741 3656 μηδὲν
2770 3589 2946 3658 ἐαυτῷ
2975 3589 3229 3653 συνειδὼς
3263 3590 3563 3660 ὑπεύθυνος
3595 3585 3736 3641 εἶναί
3758 3606 3919 3659 φησι,

2339 3668 2517 3739 πολλῷ
2553 3670 2749 3739 μᾶλλον
2790 3671 2985 3725 ἐκεῖνοι
3024 3673 3074 3725 οἱ
3122 3674 3293 3743 μυρία
3338 3675 3553 3735 ἑαυτοῖς
3592 3672 3916 3733 συνειδότες.

2339 3750 2493 3804 Οὕτω
2546 3753 2726 3805 τοίνυν
2757 3753 3118 3823 ἐπιστομίσας
3153 3758 3278 3819 τοὺς
3311 3756 3410 3819 τάς
3437 3756 3696 3817 τοιαύτας
3728 3770 3919 3806 ποιου-

2342 3835 2533 3901 μένους
2569 3836 2800 3905 κρίσεις,
2831 3835 3012 3888 ῶδίνει
3054 3836 3239 3889 λοιπὸν
3269 3837 3591 3907 ἀπορρήξας
3616 3836 3709 3889 τὸν
3742 3835 3919 3904 Θυμδν

2338 3915 2430 3965 ἐπὶ
2460 3916 2549 3968 τὸν
2587 3917 2999 3983 πεπορνευκότα
3029 3917 3203 3968 ἐλθεῖν
3225 3933 3238 3946 ο
3281 3919 3375 3969 καὶ¹
3424 3918 3675 3986 καθάπερ
3703 3915 3917 3986 χειμῶ-

2339 4012 2428 4057 νος
2456 3996 2701 4057 ἐπιόντος
2729 3996 2865 4065 νέφη
2889 3998 3009 4049 τινὰ
3041 3998 3253 4066 ζοφώδη
3277 3999 3587 4069 προτρέχει,
3615 3994 3735 4051 εἷτα
3763 4000 3919 4049 ἐπειο

2338 4077 2433 4130 δάν
2462 4080 2490 4131 ὁ
2515 4076 2622 4130 τῶν
2657 4078 2893 4149 βροντῶν
2922 4080 3166 4150 πάταγος
3192 4084 3415 4151 γένηται
3448 4082 3654 4136 καὶτὸν
3683 4081 3915 4151 οὐρανόν

2337 4162 2639 4233 ἐργάσηται
2690 4162 2850 4231 νέφος
2880 4161 2959 4231 ἓν,
2999 4165 3120 4217 τότε
3155 4166 3351 4236 ἀθρόον
3390 4165 3485 4219 ἐπὶ
3531 4166 3632 4237 τὴν
3670 4166 3775 4234 γῆν
3814 4183 3916 4218 κα-

2334 4246 2705 4317 ταρρήγνυται
2733 4247 2973 4312 ὁ“ὐετόςο
3022 4248 3166 4301 οὕτω
3194 4250 3289 4304 καὶ
3312 4250 3439 4303 τότε
3468 4248 3773 4302 συνέϐαινε.
3804 4249 3916 4301 Καὶ

2336 4329 2445 4399 γὰρ
2468 4329 2605 4399 ἔχων
2642 4330 2784 4399 μετὰ
2814 4331 3014 4403 πολλῆς
3044 4334 3469 4403 ἀγανακτήσεως
3501 4331 3812 4403 χρήσασθαι
3837 4331 3914 4401 τῷ

2336 4414 2751 4479 πεπορνευκότι,
2786 4414 2943 4465 τοῦτο
2970 4417 3029 4465 οὐ
3062 4418 3223 4482 ποιεῖ,
3272 4417 3408 4470 ἀλλά
3449 4417 3701 4485 φοϐεροῖς
3746 4424 3764 4444 ⁸
3809 4418 3914 4484 ρή·

2340 4508 2472 4559 μασι
2502 4494 2857 4546 καταστέλλει
2892 4496 3153 4564 πρότερον
3199 4499 3260 4549 τὸ
3294 4499 3521 4567 φύσημα
3544 4498 3639 4551 τοῦ
3678 4498 3908 4567 ἀνδρός”

2336 4574 2523 4646 ἐπειδὴ
2578 4576 2671 4628 καὶ¹
2714 4576 2935 4630 διπλοῦν
2982 4578 3286 4647 ἁμάρτημα
3314 4576 3383 4648 ἦν
3410 4581 3469 4632 :0
3511 4579 3746 4647 συμϐὰν,
3774 4596 3911 4648 1:00-

2336 4658 2474 4722 νεία,
2517 4659 2609 4711 καὶ
2641 4662 2898 4731 πορνείας
2944 4662 3060 4732 190]
3089 4665 3293 4732 χεῖρον,
3326 4664 3386 4715 :0
3420 4663 3496 4732 μὴ
3528 4663 3743 4716 πενθεῖν
3770 4663 3910 4735 ὕπὲρ

2336 4741 2427 4794 τοῦ
2466 4740 2972 4811 πλημμεληθέντος.
3000 4745 3073 4797 Οὐ
3108 4745 3214 4813 γὰρ
3245 4743 3387 4796 οὕτω
3416 4746 3505 4796 τὸν
3546 4746 3912 4814 ἡμαρτηκότα

2337 4823 2544 4887 πενθεῖ,
2578 4826 2651 4887 ὡς
2696 4825 2787 4878 τὸν
2824 4828 3204 4899 ἡμαρτηκότα,
3233 4829 3326 4880 καὶ
3375 4828 3448 4897 μὴ
3517 4828 3907 4896 μετανοοῦντα.

2339 4908 2599 4978 Πενθήσω
2626 4908 2732 4977 γὰρ
2762 4909 3009 4973 πολλοὺς,
3044 4911 3227 4979 φησὶν,
3260 4911 3379 4977 οὐχὶ
3419 4908 3526 4961 τῶν
3554 4926 3910 4982 προημαρτη-

2336 4992 2508 5045 κότων
2536 4991 2741 5056 ἁπλῶς,
2786 4992 2920 5046 ἀλλὰ
2972 4994 3078 5045 τῶν
3117 4995 3191 5061 μὴ
3229 4994 3677 5062 μετανοησάντων
3708 4996 3805 5050 ἐπὶ
3837 4998 3906 5066 τῇ

2333 5075 2590 5145 ἀσελγείᾳ
2625 5079 2719 5127 καὶ
2745 5075 3058 5145 ἀκαθαρσία
3147 5074 3407 5144 ἔπραξαν.
3448 5077 3506 5128 '0
3533 5076 3638 5147 γὰρ
3675 5078 3815 5147 μετά
3850 5080 3909 5130 :0

2333 5159 2601 5228 ἁμαρτεῖν
2642 5157 2901 5227 μετανοίᾳ
2954 5155 3312 5226 κεχρημένος,
3361 5160 3421 5212 οὺ
3475 5160 3725 5225 πένθους,
3769 5160 3908 5213 ἀλλά

2338 5241 2705 5311 μακαρισμῶν
2733 5241 2881 5292 ἐστιν
2910 5239 3078 5302 ἄξιος,
3105 5240 3195 5293 ἐπὶ
3236 5240 3326 5294 τὸν
3349 5241 3456 5295 τῶν
3488 5242 3712 5296 δικαίων
3747 5242 3906 5312 χορὸν

2336 5325 2629 5392 μεταστάς.
2680 5322 2830 5391 Λέγε
2864 5320 2973 5389 γὰρ
3013 5322 3095 5374 σὺ
3126 5323 3232 5389 τὰς
3267 5326 3524 5395 ἀνομίας
3553 5326 3581 5365 1³
3603 5340 3722 5379 σου
3750 5323 3907 5392 πρῶ-

2334 5421 2454 5471 τος,
2486 5408 2587 5458 ἵνα
2618 5402 2957 5469 δικαιωθῇς.
2988 5404 3051 5456 El
3081 5403 3138 5457 δὲ
3170 5408 3308 5477 μετὰ
3349 5407 3411 5461 :0
3454 5410 3722 5477 ἁμαρτεῖν
3751 5409 3907 5461 ἀναια

2336 5491 2573 5557 σχυντεῖ,
2607 5490 2703 5557 οὑχ
2727 5484 2901 5547 οὕτως
2929 5485 3021 5539 ἐπὶ
3061 5487 3138 5559 τῷ
3161 5493 3346 5543 πεσεῖν
3377 5492 3524 5543 ἐστιν
3553 5489 3807 5557 ἐλεεινὸς,
3827 5492 3903 5557 ὡς

2337 5571 2430 5622 ἐπὶ
2455 5571 2531 5641 τῷ
2563 5570 2779 5624 κεῖσθαι
2820 5569 3020 5625 πεσών.
3522 5572 3524 5575 ’

2407 5660 2476 5721 γ’.
2501 5656 2563 5707 Εἰ
2582 5654 2640 5706 δὲ
2666 5653 2727 5706 τὸ
2749 5652 2823 5723 μὴ
2846 5659 3123 5723 μετανοεῖν
3143 5657 3233 5711 ἐπὶ
3253 5657 3468 5728 ἁμαρτῆ
3478 5674 3631 5729 μασι,
3645 5660 3899 5732 χαλεπὸν,

2398 5815 2427 5887 ξ
2451 5813 2527 5886 Ita.
2545 5814 2942 5887 negips_c0dcx.
2973 5818 3211 5887 In.eAdilis_
3242 5823 3426 5887 Legitur
3452 5827 3520 5887 τῷ
3543 5824 3900 5886 πεπορνευκότι,

2336 5878 2568 5941 φοϐεροῖς,
2592 5878 2784 5928 omissis
2809 5880 3129 5941 interpositis.
3198 5882 3226 5923 δ
3248 5878 3395 5949 “Eg,
3412 5878 3504 5943 τὰς’
3518 5878 3760 5951 ἁμαρτίας.
