4096 6326
164 399 228 455 39
778 341 780 343 b
1273 387 1337 443 IN
1377 385 1590 442 EPlST.
1629 385 1645 438 ι
1711 386 1803 439 ao
1843 383 1998 441 con.
2041 382 2271 440 llOMlL.
2316 383 2407 439 χι.
3376 383 3446 439 90

167 535 222 574 re
245 525 490 580 vocante,
521 514 647 568 ride
675 527 782 583 quo
820 510 1202 580 discipulorum
1250 504 1568 562 sententiam
1597 511 1748 556 extu-

170 614 306 671 lerit,
337 624 445 661 nou
474 606 670 660 fastum
714 605 939 669 ducens,
982 601 1075 656 sed
1103 615 1265 653 sanos
1293 598 1481 652 indens
1507 593 1751 664 spiritus.

170 702 310 769 Ipsos
337 697 483 752 enim
511 696 792 765 alloquens
818 693 1057 748 dicebat:
1090 691 1155 745 Et
1181 695 1225 745 si
1249 691 1302 742 in
1329 688 1465 742 vobis
1486 686 1754 755 judicatur

169 789 410 853 mundus,
457 787 657 859 indigni
700 788 818 842 estis
849 786 1067 838 minimis
1096 783 1300 849 indiciis
1333 783 1410 847 (1.
1443 779 1562 832 Cor.
1589 777 1641 830 6.
1671 776 1748 843 2).

171 883 235 939 Ut
273 883 421 937 enim
469 881 830 935 Christianum
878 885 1092 947 Oportet
1139 877 1294 944 longe
1345 873 1411 925 ab
1450 870 1752 938 arrogantia

169 988 302 1036 esse,
339 974 411 1025 ita
438 981 493 1026 ct
514 972 580 1026 ab
607 971 910 1024 adulatione
939 978 992 1023 et
1036 967 1101 1020 ab
1133 963 1379 1020 illiberali
1412 975 1592 1015 sensu.
1643 958 1749 1012 Ne-

165 1079 270 1129 que
315 1064 460 1118 enim
508 1065 551 1115 si
603 1062 863 1130 quispiam
908 1059 1122 1122 dixerit,
1179 1056 1435 1111 Pecunias
1479 1051 1605 1105 nihil
1635 1065 1754 1105 esse

163 1166 317 1223 puto,
346 1142 442 1208 sed
469 1152 753 1222 prtesentia
780 1150 956 1204 omnia
1003 1149 1132 1203 mihi
1163 1147 1349 1200 umbra
1381 1154 1433 1198 et
1481 1145 1751 1197 somnium

164 1256 292 1301 sunt
318 1261 385 1301 ac
428 1261 712 1315 puerorum
741 1243 999 1308 ludibria;
1048 1238 1367 1309 arrogantia:
1395 1237 1567 1305 ipsum
1595 1251 1753 1289 accu-

163 1343 408 1396 sabimus
441 1339 606 1392 :Nam
635 1339 712 1392 sic
752 1337 1094 1392 Salomonem
1122 1333 1281 1385 etiam
1311 1329 1633 1399 arrogantire
1661 1343 1759 1382 εις-ι

163 1432 480 1486 cusabimus
519 1444 638 1484 cum
668 1428 737 1483 de
762 1429 842 1480 his
870 1425 1030 1479 rebus
1063 1421 1469 1491 philosophatur
1492 1429 1546 1474 et
1588 1419 1750 1473 dicit:

177 1524 392 1576 Varum
436 1521 738 1584 vanitatum,
785 1526 832 1570 et
875 1515 1045 1569 omnia
1072 1515 1270 1567 vanitas
1317 1513 1541 1585 (Eccita.
1574 1513 1624 1566 ι.
1663 1512 1744 1580 2).

163 1616 266 1671 Sed
295 1615 434 1669 absit
464 1621 523 1666 ut
547 1608 863 1680 arrogantia:
888 1605 1106 1662 nomine
1138 1603 1533 1674 phil050phiam
1566 1603 1754 1671 appel-

164 1706 360 1761 lemus.
414 1702 531 1757 Non
558 1709 639 1756 est
667 1712 797 1770 ergo
832 1698 1138 1769 arrogantia
1185 1696 1304 1750 hmo
1327 1695 1626 1765 despicere,
1659 1692 1754 1748 sed

163 1796 327 1851 animi
361 1793 696 1865 magnitudo,
747 1792 868 1846 licet
900 1790 1178 1844 videamus
1208 1803 1361 1858 reges
1393 1798 1446 1842 et
1486 1787 1755 1857 principes

164 1890 251 1944 illa
282 1887 389 1942 sibi
421 1886 714 1940 vindicare.
743 1884 934 1939 Verum
960 1896 1160 1950 pauper
1197 1882 1287 1950 qui
1326 1881 1754 1950 pliilOSOphatur,

164 1982 253 2037 ille
279 1994 432 2048 saepe
472 1977 732 2046 despicit:
789 1989 964 2043 neque
1013 1973 1135 2026 ideo
1189 1972 1340 2025 illum
1391 1984 1754 2041 arrogantem,

162 2074 254 2130 sed
284 2071 683 2141 magnanimum
715 2068 953 2121 dicemus
997 2082 1011 2121 :
1063 2065 1201 2119 sicut
1232 2079 1330 2118 nec
1352 2079 1498 2127 eum,
1521 2065 1609 2133 qui
1642 2064 1756 2117 haec

162 2176 495 2232 magnopere
531 2159 630 2213 sibi
658 2157 907 2221 vindicat,
945 2156 1196 2209 humilem
1227 2165 1280 2207 et
1308 2155 1629 2220 modestum,
1659 2155 1753 2209 sed

164 2251 463 2316 inﬁrmum,
493 2248 668 2320 pusilli
698 2248 862 2302 animi
913 2257 966 2302 et
1009 2245 1326 2302 illiberalem
1365 2246 1627 2299 dicemus.
1664 2245 1756 2298 Et-

162 2344 307 2400 enim
339 2343 388 2397 si
420 2344 541 2412 quis
573 2341 710 2395 ﬁlius
752 2355 815 2396 ea
841 2355 960 2410 quae
1007 2338 1072 2393 ad
1105 2346 1312 2407 patrem
1359 2339 1626 2405 pertinent
1662 2338 1755 2391 dea-

161 2435 647 2507 spiceret,servilia
679 2443 858 2488 autem
906 2432 1278 2495 admiraretur,
1331 2445 1434 2483 non
1465 2429 1612 2498 quasi
1654 2429 1751 2482 bu-

163 2531 346 2584 utilem
414 2528 568 2582 illum
631 2525 994 2590 landaremus,
1055 2522 1151 2577 sed
1205 2532 1264 2576 ut
1330 2520 1642 2577 illiberalem
1700 2528 1754 2574 et

162 2623 422 2678 servilem
471 2623 928 2689 vituperaremus-;
973 2618 1250 2686 ipsumque
1275 2631 1402 2671 vero
1441 2617 1755 2670 miraremur

161 2716 202 2767 si
252 2713 341 2766 illa
385 2710 706 2779 despiceret,
750 2719 804 2762 et
845 2717 1066 2777 paterna
1096 2710 1282 2778 magni
1331 2708 1550 2761 faceret.
1590 2709 1754 2760 Arro-

159 2806 358 2874 gantiaz
386 2804 531 2857 enim
565 2811 664 2864 est,
699 2816 756 2856 se
785 2801 1063 2859 conservis
1110 2800 1387 2853 meliorem
1415 2813 1536 2853 esse
1567 2798 1752 2852 existi.

162 2913 349 2959 mare;
383 2894 477 2950 sed
504 2909 621 2948 eam
655 2910 773 2963 qum
801 2908 924 2947 vere
956 2901 1036 2946 est
1077 2890 1144 2946 de
1175 2891 1333 2945 rebus
1366 2891 1505 2945 ferre
1533 2899 1751 2944 senten-

162 2992 312 3055 tiam,
354 3004 463 3042 non
504 2989 822 3057 arrogantiae
871 2997 974 3051 est,
1008 2987 1102 3041 sed
1143 2986 1514 3055 philosotihiae.

229 3084 286 3136 2.
323 3082 450 3136 ideo
483 3080 680 3136 Paulus
726 3096 833 3135 non
887 3095 947 3134 se
976 3079 1258 3143 extollens,
1279 3078 1372 3132 sed
1415 3078 1548 3132 alios
1580 3077 1755 3130 Immi-

159 3175 319 3236 lians,
351 3179 406 3226 et
430 3186 554 3226 sese
579 3171 863 3226 eliercntes
903 3170 1210 3238 deprimens
1241 3179 1294 3224 et
1335 3168 1606 3229 modestos
1633 3181 1753 3221 esse

158 3262 418 3325 suadens,
451 3261 693 3315 dicebat:
749 3261 879 3313 Milli
933 3270 1098 3313 autem
1152 3275 1244 3327 pro
1291 3259 1497 3310 minimo
1536 3271 1608 3311 est
1649 3267 1753 3310 uta

158 3353 546 3419 vobisjadicer,
593 3363 679 3405 aut
713 3352 774 3404 ab
816 3352 1040 3404 humano
1090 3351 1190 3403 die.
1252 3349 1438 3403 Vidcn‘
1487 3348 1754 3420 quomodo

161 3449 287 3501 iilos
327 3446 638 3501 curaverit?
678 3445 808 3500 Nam
841 3447 928 3514 qui
965 3445 1192 3498 audierit
1220 3443 1362 3512 quod
1392 3459 1577 3498 omnes
1607 3444 1751 3499 simi-

163 3539 287 3592 liter
317 3537 604 3604 chpiciat,
638 3546 689 3591 et
717 3553 746 3590 a
778 3537 925 3590 nullo
948 3536 1174 3605 judicari
1204 3535 1470 3604 dignetur,
1514 3551 1617 3589 non
1647 3536 1746 3589 uti-

163 3645 267 3697 que
296 3630 498 3682 dolebit
528 3632 676 3698 quasi
709 3633 820 3697 ipse
844 3629 990 3682 solus
1020 3629 1241 3697 cjectus.
1275 3627 1406 3681 Nam
1436 3629 1477 3681 si
1507 3628 1750 3692 dixisset,

164 3721 204 3772 Α
228 3720 625 3780 vobistantum,
647 3730 700 3772 et
725 3719 979 3783 siluisset,
998 3719 1096 3773 hoc
1114 3719 1235 3772 illos
1254 3719 1501 3773 mordere
1517 3729 1751 3788 poterat,

164 3811 318 3880 quasi
349 3810 585 3880 despecti
618 3810 840 3865 fuissent
866 3829 879 3864 :
910 3825 1050 3865 nunc
1076 3820 1252 3865 autem
1285 3824 1404 3863 cum
1433 3809 1611 3877 addit,
1646 3810 1755 3862 Nec

165 3904 228 3955 ab
258 3906 480 3956 humano
512 3904 612 3968 die,
665 3904 831 3973 plaga:
860 3904 1307 3958 medicamentum
1351 3902 1610 3968 adhibuit,
1632 3916 1753 3956 cum

166 3996 297 4063 ipsis
330 3995 452 4048 talis
487 4004 826 4062 contemptus
864 3996 1041 4050 socios
1075 3995 1388 4066 assignavit.
1421 3995 1524 4050 Sed
1554 4002 1608 4049 et
1645 3995 1756 4062 ipse

165 4103 380 4156 quoque
405 4087 532 4138 huic
551 4087 626 4139 rei
647 4101 833 4140 rursus
857 4087 1122 4150 medetur,
1150 4088 1405 4155 adjiciens
1429 4105 1442 4138 :
1468 4088 1573 4140 Sed
1601 4103 1757 4156 neque

166 4178 418 4243 meipsum
437 4175 639 4244 judico.
666 4174 798 4227 Vide
819 4175 1086 4242 quomodo
1108 4176 1305 4227 dictum
1331 4176 1454 4228 illud
1489 4191 1590 4227 ttOu
1615 4191 1756 4228 arro-

168 4267 402 4335 gantiam
427 4265 630 4332 sapiat:
655 4279 826 4334 neque
843 4265 984 4318 enim
1012 4280 1069 4318 se
1106 4265 1238 4318 satis
1253 4279 1371 4318 esse
1401 4265 1528 4318 dicit
1560 4264 1623 4317 ad
1655 4263 1757 4318 hoc

168 4369 420 4414 accurate
455 4359 836 4428 praestandum.
872 4358 1073 4414 Deinde
1103 4360 1223 4428 quia
1271 4359 1370 4412 hoc
1412 4359 1608 4411 dictum
1639 4372 1759 4412 sese

168 4451 461 4506 admodum
475 4453 781 4507 extollentis
795 4452 1225 4517 videbaturesse,
1242 4451 1292 4507 id
1307 4453 1534 4507 correxit
1551 4452 1756 4507 dicens:

171 4545 276 4598 Sed
319 4559 420 4596 non
454 4545 504 4595 in
534 4545 628 4596 hoc
647 4545 964 4613 justi/iratus
1008 4561 1139 4600 sum.
1172 4545 1308 4609 Quid
1353 4544 1550 4614 igitur?
1580 4559 1755 4598 annon

169 4642 449 4703 oportetct
464 4647 522 4688 se
539 4643 589 4688 et
605 4644 818 4702 peccata
833 4635 1075 4702 judicare
1092 4635 1113 4686 ?
1127 4635 1358 4690 Maxime
1372 4636 1583 4706 quidem
1602 4651 1762 4704 opor-

174 4737 243 4780 tet
261 4727 363 4780 hec
383 4727 557 4780 facere
577 4741 697 4780 eum
712 4741 1013 4795 peccamus;
1035 4725 1128 4780 sed
1143 4726 1336 4782 Paulus
1356 4729 1455 4782 hoc
1472 4745 1575 4782 non
1593 4727 1757 4782 dixit:

175 4819 323 4872 Nihil
342 4819 475 4872 enim
496 4819 619 4871 mihi
639 4819 869 4871 conscius
911 4834 1043 4881 sum,
1091 4818 1281 4887 inquit.
1313 4819 1589 4886 Quodnam
1631 4834 1762 4889 ergo

175 4922 452 4983 peccatum
485 4912 818 4981 judicaturus
845 4921 980 4978 erat,
1014 4925 1132 4966 cum
1186 4912 1318 4964 nihil
1369 4914 1468 4966 sibi
1517 4914 1761 4969 conscius

173 5004 354 5061 esset?
378 5005 471 5058 Ille
492 5019 619 5060 vero
638 5019 745 5059 non
764 5005 894 5059 dicit
912 5019 968 5058 se
991 5017 1112 5058 esse
1126 5001 1492 5072 justificatum.
1513 5005 1611 5071 Qui
1635 5021 1761 5074 ergo

172 5096 559 5151 conscientiam
583 5094 847 5150 habemus
871 5095 1016 5150 mille
1058 5093 1368 5148 vuineribus
1407 5095 1638 5147 sauciam
1662 5138 1676 5161 ,
1708 5105 1762 5151 et

175 5185 374 5239 nullius
391 5183 518 5236 boni
551 5183 704 5237 nobis
735 5186 934 5239 conscii
958 5199 1145 5240 sumus
1165 5225 1179 5250 ,
1211 5184 1305 5238 sed
1343 5192 1510 5237 letum
1542 5195 1760 5238 contra-

180 5279 318 5334 rium
348 5316 364 5342 ,
392 5273 517 5344 quid
545 5273 874 5330 dixerimus?
915 5285 971 5331 et
1000 5275 1266 5347 quomodo
1311 5275 1401 5329 ille
1429 5275 1624 5328 nullius
1657 5276 1757 5331 sibi

174 5367 425 5424 conscius
450 5365 594 5430 mali,
618 5381 726 5426 non
741 5365 1064 5435 justiﬁcatus
1089 5367 1237 5423 erat?
1263 5366 1393 5433 Quia
1421 5367 1761 5436 contingebat

176 5459 328 5514 illum
342 5459 519 5528 aliqua
534 5457 818 5514 admittere
842 5467 1080 5527 peccata,
1108 5474 1225 5530 quae
1247 5460 1359 5528 ipse
1380 5459 1610 5513 nesciret
1639 5475 1760 5516 esse

175 5559 415 5617 peccata.
443 5547 580 5602 Hinc
618 5547 791 5618 cogita
819 5561 979 5616 quam
1024 5549 1129 5603 erit
1169 5555 1476 5602 accuratum
1524 5547 1756 5605 futurum

169 5641 451 5710 judicium.
475 5639 598 5696 Non
609 5655 759 5710 ergo,
778 5639 917 5710 quod
938 5641 1084 5694 omni
1099 5639 1514 5711 reprehensione
1536 5655 1757 5697 vacuum

175 5749 231 5790 se
248 5740 484 5802 putaret,
501 5745 560 5787 se
576 5716 848 5803 indignum
866 5747 984 5788 esse
1000 5732 1149 5798 dicit,
1163 5733 1252 5803 qui
1267 5734 1332 5787 ab
1355 5733 1456 5786 illis
1467 5731 1754 5801 judicetnr,

179 5827 272 5883 sed
303 5823 544 5895 reprimit
569 5838 664 5882 eos
690 5826 780 5897 qui
807 5823 1199 5882 inconsiderato
1225 5823 1326 5880 hoc
1355 5824 1609 5880 facerent.
1641 5825 1753 5881 Ali-

1869 501 1918 555 bi
1938 501 2101 565 enim,
2118 500 2324 555 etiamsi
2347 508 2558 570 peccata
2580 515 2683 555 non
2704 503 2980 554 manifesta
3003 508 3203 565 essent,
3227 499 3342 557 aliis
3362 500 3446 568 ju-

1861 594 2055 648 dicium
2072 593 2214 648 ferre
2230 594 2492 662 permisit,
2512 596 2760 664 quoniam
2775 594 2874 648 hoc
2893 592 3195 664 postulabat
3213 604 3443 662 tempus.

1933 687 2010 741 De
2039 688 2155 741 aliis
2186 703 2285 740 non
2321 688 2662 757 judicandnm
2691 697 2784 741 est.
2819 716 2889 728 -—
2937 688 3071 753 Quid
3114 688 3257 740 enim
3282 726 3297 751 ,
3330 688 3400 740 ait
3426 726 3440 750 ,

1853 780 2060 849 judicas
2089 779 2299 844 fratrem
2336 781 2526 833 tuum?
2570 789 2615 832 et
2654 789 2708 831 tu
2754 795 2845 832 cur
2875 779 3084 847 fratrem
3130 787 3266 830 tuum
3298 778 3449 832 nihili

1864 871 1988 938 [ocis
2019 869 2192 938 (Rom.
2219 871 2308 924 M.
2353 871 2486 938 i0)?
2533 871 2650 924 Non
2696 871 2838 925 enim
2871 870 2973 924 hoc
3012 870 3105 925 tibi
3135 868 3442 923 mandatum

1862 972 1977 1028 est,
2004 978 2035 1016 o
2064 961 2223 1015 homo
2245 1003 2258 1028 ,
2288 972 2343 1016 ut
2387 964 2520 1016 alios
2541 962 2750 1032 judices
2777 1006 2790 1028 ,
2821 963 2923 1018 sed
2943 971 3000 1017 ut
3029 972 3113 1017 tua
3146 966 3440 1017 examines.

1861 1053 1968 1108 Cur
1994 1070 2091 1123 ego
2121 1054 2329 1108 Domini
2371 1066 2550 1124 partes
2579 1056 2811 1124 arripis?
2856 1056 2998 1110 illius
3044 1066 3124 1112 est
3159 1055 3401 1124 judicare
3426 1097 3441 1118 ,

1862 1162 1967 1198 non
2014 1155 2182 1200 tuum.
2228 1146 2402 1214 Quare
2450 1147 2724 1216 subjungit
2768 1165 2779 1200 :
2823 1148 2874 1201 5.
2915 1147 3096 1215 Itaque
3131 1149 3286 1201 nolite
3328 1160 3445 1201 ante

1863 1247 2062 1308 tempus
2101 1239 2342 1308 judicare
2371 1280 2386 1305 ,
2419 1241 2748 1310 quoadusque
2777 1243 2939 1294 veniat
2970 1239 3219 1292 Dominus
3241 1282 3254 1303 ,
3287 1240 3372 1308 qui
3398 1249 3445 1293 et

1861 1329 2170 1384 iiluminabit
2190 1330 2487 1384 abscondita
2514 1332 2864 1396 tenebrarum,
2894 1341 2940 1383 et
2968 1330 3308 1400 manifestabit
3332 1347 3444 1382 ron-

1862 1423 1980 1476 silia
2007 1414 2234 1477 cordium
2258 1439 2277 1477 :
2308 1434 2354 1477 et
2385 1434 2502 1477 tunc
2535 1424 2647 1478 laus
2674 1425 2766 1477 erit
2795 1426 3062 1494 unicuique
3091 1442 3121 1476 a
3150 1423 3275 1476 Deo.
3306 1422 3442 1490 Quid

1862 1529 2010 1583 ergo,
2043 1529 2148 1569 non
2181 1524 2392 1584 Oportet
2422 1516 2670 1572 doctores
2699 1516 2800 1572 hoc
2831 1517 3047 1571 facere?
3076 1517 3296 1584 Oportet
3323 1518 3441 1586 qui-

1861 1605 1982 1660 dem
2021 1606 2072 1659 in
2106 1609 2339 1676 peccatis
2371 1608 2669 1662 manifestis
2691 1650 2705 1675 ,
2738 1623 2861 1678 qua:
2905 1609 2957 1662 in
2988 1607 3238 1663 confesso
3276 1619 3399 1661 sunt
3428 1649 3442 1672 ,

1863 1698 2021 1767 idque
2071 1701 2386 1767 congruenti
2448 1711 2719 1769 tempore;
2772 1718 2892 1755 cum
2948 1712 3076 1756 tunc
3128 1702 3341 1756 doleant
3392 1711 3446 1756 et

1862 1790 2228 1846 mordeantur.
2280 1791 2397 1846 Non
2443 1801 2499 1845 ut
2539 1802 2665 1847 tunc
2712 1793 2785 1847 illi
2841 1794 3137 1861 faciebant,
3183 1811 3248 1849 ex
3302 1797 3447 1850 inani

1861 1883 2027 1953 gloria
2055 1891 2110 1938 et
2151 1884 2475 1954 arrogantia.
2510 1883 2605 1938 llic
2634 1885 2778 1938 enim
2818 1901 2924 1938 non
2969 1886 3036 1940 de
3067 1888 3299 1954 peccatis
3341 1888 3444 1943 illis

1862 1975 2097 2044 loquitur
2122 2016 2135 2040 ,
2168 1991 2284 2044 qua:
2313 1975 2365 2028 in
2392 1975 2643 2030 confesso
2671 1986 2857 2043 erant,
2891 1977 2984 2031 sed
3027 1978 3344 2046 quodillum
3370 1979 3445 2031 al.

1864 2067 1962 2120 teri
2007 2066 2427 2135 praeferrent,et
2471 2067 2643 2120 vitam.
2668 2067 2878 2120 illorum
2929 2079 3320 2136 compararent.
3373 2070 3448 2123 De

1863 2159 1944 2212 his
1975 2161 2116 2212 enim
2149 2159 2236 2213 ille
2267 2159 2426 2213 solus;
2465 2169 2712 2213 accurate
2755 2159 2998 2228 judicare
3026 2162 3166 2213 novit
3189 2202 3202 2225 ,
3236 2161 3322 2230 qui
3352 2177 3446 2215 ορα-

1860 2250 2000 2303 culta
2030 2258 2215 2304 nostra
2233 2249 2566 2318 iudica-turus
2590 2257 2705 2313 est;
2731 2265 2972 2318 quaenam
3003 2251 3205 2305 scilicet
3233 2251 3442 2321 majori,

1860 2358 2106 2413 quaenam
2135 2342 2328 2397 minori
2359 2343 2441 2397 vel
2474 2343 2738 2412 supplicio
2767 2343 2850 2397 vel
2879 2343 3082 2397 honore
3112 2344 3266 2413 digna
3296 2347 3441 2400 sint»:

1861 2454 1957 2489 nos
1982 2453 2111 2491 vero
2133 2437 2428 2492 secundum
2457 2437 2507 2492 id
2544 2437 2683 2506 quod
2717 2445 2935 2506 apparet
2967 2436 3082 2490 lucc
3115 2437 3354 2491 facimus.
3388 2438 3443 2493 Si

1858 2530 1999 2583 cnim
2025 2571 2039 2594 ,
2072 2531 2276 2598 inquit,
2303 2531 2353 2583 iu
2376 2530 2570 2598 quibus
2597 2532 2714 2598 ipse
2744 2532 2957 2599 peccavi
2977 2573 2991 2594 ,
3021 2528 3147 2582 nihil
3181 2530 3323 2583 clare
3352 2547 3448 2582 no-

1861 2623 1931 2689 vi,
1958 2622 2228 2692 quomodo
2251 2621 2442 2691 dignus
2473 2621 2669 2675 fuerim
2688 2622 2774 2690 qui
2797 2622 2864 2674 de
2885 2623 3003 2676 aliis
3031 2621 3197 2676 feram
3227 2632 3446 2676 sentcn-

1861 2716 2036 2769 tiam?
2078 2714 2347 2784 quomodo
2374 2714 2461 2783 qui
2503 2729 2618 2767 mea
2652 2727 2753 2765 non
2794 2721 3040 2766 accurate
3087 2715 3237 2777 novi,
3272 2714 3443 2765 aliena

1860 2806 2344 2876 poterojudicare?
2370 2807 2424 2860 Si
2448 2821 2576 2859 vero
2603 2804 2799 2858 Paulus
2831 2804 2931 2858 hoc
2958 2803 3100 2868 fecit,
3136 2805 3299 2856 multo
3330 2821 3444 2855 lll:l-

1857 2897 1937 2967 gis
1970 2912 2086 2950 nos.
2125 2897 2250 2950 Haec
2290 2897 2432 2950 enim
2475 2895 2718 2959 diccbat,
2752 2911 2856 2947 non
2891 2904 2945 2947 ut
2993 2910 3051 2948 se
3082 2895 3211 2948 nulli
3259 2910 3440 2962 reprc-

1860 2990 2105 3044 ln'nsioni
2150 2989 2436 3044 obnoxium
2481 2986 2828 3050 ostenderet,
2877 2987 2970 3040 sed
3005 2995 3059 3039 ut
3099 2987 3440 3048 declararet,

1858 3083 2067 3137 etiamsi
2093 3083 2213 3151 quis
2234 3081 2372 3150 apud
2403 3081 2521 3134 illos
2548 3086 2690 3134 esset
2721 3079 2808 3148 qui
2839 3094 2940 3132 non
2966 3080 3312 3148 peccavisset,
3338 3094 3441 3130 non

1857 3177 2077 3245 (lignum
2127 3185 2303 3228 tamen
2350 3188 2468 3228 esse
2515 3174 2603 3240 qui
2665 3172 2734 3225 de
2780 3172 3004 3226 aliorqu
3052 3171 3154 3224 vita
3194 3171 3441 3239 judicet;

1859 3278 1911 3321 et
1941 3267 2082 3337 quod
2124 3267 2168 3320 si
2191 3254 2289 3330 is,
2323 3265 2413 3334 qui
2447 3264 2643 3317 nullius
2669 3263 2789 3314 mali
2824 3264 2921 3316 sibi
2965 3278 3210 3315 consonus
3239 3274 3352 3324 est,
3387 3279 3445 3315 se

1860 3359 2155 3412 obnoxium
2184 3371 2304 3410 esse
2333 3355 2482 3418 dicit,
2515 3355 2684 3406 multo
2706 3354 2873 3421 magis
2898 3354 2968 3406 illi
2999 3362 3188 3417 erunt,
3222 3354 3309 3419 qui
3336 3353 3445 3404 mil-

1859 3451 1907 3504 le
1957 3458 2301 3520 peccatorum
2349 3447 2448 3501 sibi
2496 3446 2695 3499 conscii
2739 3455 2882 3498 sunt.
2929 3442 3058 3497 Cum
3091 3445 3171 3499 sic
3211 3460 3337 3513 ergo
3383 3458 3446 3498 os

1859 3541 2220 3597 obstruxisset
2263 3555 2447 3593 eorum
2477 3579 2490 3603 ,
2535 3538 2625 3606 qui
2672 3536 2795 3589 talia
2837 3536 3033 3604 judicia
3080 3536 3308 3601 ferrent,
3353 3536 3445 3590 de-

1859 3647 2004 3685 mum
2050 3632 2400 3701 parturientis
2430 3645 2578 3683 more
2603 3629 2758 3697 gestit
2799 3629 3098 3696 irrumpere
3131 3630 3180 3680 in
3211 3627 3444 3681 fornica-

1863 3734 2034 3777 torem
2068 3743 2080 3776 :
2116 3731 2179 3776 et
2217 3723 2355 3775 sicut
2399 3723 2677 3790 ingruente
2723 3729 3074 3790 tempestate,
3105 3729 3447 3787 prmcurrunt

1863 3815 2031 3866 nubes
2051 3813 2292 3882 quaedam
2315 3821 2479 3875 atrae;
2509 3810 2702 3865 deinde
2731 3820 2849 3880 post
2871 3811 3158 3864 tonitruum
3179 3811 3446 3880 fragorem

1862 3916 1915 3960 et
1949 3915 2230 3976 postquam
2268 3905 2455 3958 caelum
2486 3919 2590 3957 una
2624 3905 2790 3957 nubes
2821 3903 3015 3956 factum
3058 3912 3140 3956 est
3164 3945 3177 3966 ,
3230 3913 3353 3955 tunc
3394 3903 3446 3954 in

1864 4008 2064 4051 terram
2113 3996 2391 4050 coofertint
2440 3995 2672 4063 erumpit
2722 3994 2933 4062 pluvia;
2967 3993 3154 4048 eodem
3198 3993 3355 4046 modo
3393 4002 3448 4046 et

1864 4099 1989 4142 tunc
2017 4089 2228 4141 accidit.
2262 4088 2394 4140 Nam
2423 4102 2543 4140 cum
2569 4095 2753 4153 posset
2778 4102 2904 4139 cum.
2929 4085 3289 4153 indignatione
3313 4083 3447 4134 mul-

1865 4190 1914 4233 ta
1946 4194 2105 4248 agere
2132 4179 2182 4230 in
2218 4178 2591 4230 l‘ornicatorem
2617 4217 2630 4240 ,
2660 4193 2765 4228 non
2796 4177 2864 4228 ita
2896 4179 3003 4243 agit
3029 4191 3041 4237 ;
3077 4176 3167 4227 sed
3202 4175 3443 4237 praemis-

1865 4271 1937 4323 sis
1968 4269 2292 4323 terribilibus
2313 4267 2490 4320 verbis
2508 4267 2623 4334 ejus
2643 4273 2903 4318 tutnorcm
2923 4265 3179 4331 reprimit.
3200 4263 3449 4330 Quando-

1865 4361 2080 4431 quidem
2111 4360 2306 4428 duplex
2350 4357 2534 4412 aderat
2567 4367 2839 4425 peceatum
2860 4397 2875 4419 ,
2907 4354 3186 4408 fornicatio
3218 4373 3444 4425 nemper,

1866 4467 1918 4510 et
1943 4455 2294 4510 fornicatione
2326 4454 2477 4523 pejus
2507 4451 2672 4515 aliud,
2697 4450 2836 4519 quod
2859 4448 3061 4501 scilicet
3092 4448 3221 4501 tanti
3248 4451 3446 4516 peccati

1869 4549 2291 4618 non-paeniteret
2331 4547 2525 4613 ipsum.
2573 4542 2686 4595 Non
2716 4541 2856 4593 enim
2904 4541 2974 4591 ita
3006 4549 3337 4604 peccatorem
3367 4539 3448 4590 lu-

1865 4651 1991 4709 get,
2026 4649 2080 4692 ut
2108 4645 2442 4706 peccatorem
2473 4647 2579 4686 non
2625 4631 2969 4700 pmnitentem
3004 4647 3014 4681 :
3049 4629 3261 4699 Lugeho
3305 4630 3448 4684 enim

1869 4730 2065 4782 multos
2091 4768 2104 4792 ,
2138 4727 2344 4794 inquit,
2376 4739 2481 4777 non
2513 4738 2702 4778 eorum
2731 4731 2932 4776 tantum
2961 4721 3049 4791 qui
3083 4723 3227 4791 prius
3257 4736 3450 4789 pecca-

1867 4829 2034 4885 runt,
2067 4817 2159 4872 sed
2191 4832 2376 4871 eorum
2414 4816 2502 4886 qui
2530 4815 2895 4885 pmnitentiam
2941 4828 3046 4866 non
3092 4821 3352 4882 egerunt,
3383 4812 3450 4866 de

1868 4909 2195 4979 impudicitia
2224 4919 2277 4964 et
2319 4908 2386 4962 de
2428 4906 2761 4962 immunditia
2801 4919 2956 4972 quam
2988 4903 3315 4956 admiserunt
3345 4905 3362 4970 (
3391 4902 3444 4954 ‘2.

1866 5002 1984 5057 Cor.
2021 5004 2107 5059 12.
2141 5002 2274 5072 21).
2325 5001 2460 5054 Nam
2507 4998 2597 5067 qui
2644 5007 2764 5066 post
2813 5004 3087 5065 peccatum
3136 4995 3450 5063 paenitentia

1869 5095 2035 5147 utitur
2058 5135 2070 5159 ,
2107 5109 2211 5147 non
2256 5092 2444 5159 dignus
2472 5098 2552 5143 est
2596 5088 2686 5156 qui
2718 5087 2959 5156 lugeatur
2980 5127 2994 5151 ,
3024 5087 3115 5140 sed
3146 5089 3231 5154 qui
3265 5088 3450 5140 beatus

1865 5185 2224 5255 praedicetur,
2261 5190 2443 5249 utpote
2472 5180 2559 5246 qui
2590 5179 2639 5231 in
2665 5179 2932 5246 justorum
2956 5178 3176 5232 chorum
3220 5179 3449 5232 transla-

1866 5286 1952 5330 tus
1978 5277 2066 5329 sit.
2101 5274 2198 5328 Dic
2228 5275 2360 5326 enim
2390 5282 2442 5323 tn
2472 5272 2641 5339 prius,
2679 5272 2846 5340 inquit
2873 5313 2886 5334 ,
2916 5271 3204 5339 iniquitates
3237 5280 3367 5333 tutis,
3399 5276 3451 5321 ut

1860 5368 2160 5440 jnstiﬁceris
2191 5364 2344 5434 (Isai.
2378 5366 2465 5418 45.
2500 5362 2615 5434 26).
2648 5361 2702 5416 Si
2744 5372 2920 5416 autem
2952 5371 3229 5428 postquam
3265 5376 3452 5429 pecca-

1871 5461 1979 5525 vit,
2014 5459 2351 5528 iinpudentar
2377 5465 2535 5524 agat,
2589 5470 2694 5508 non
2743 5456 2810 5507 ita
2852 5454 3319 5509 commiseratione
3361 5452 3448 5508 di»

1867 5565 2006 5619 gnus
2032 5559 2116 5603 est
2144 5547 2283 5617 quod
2311 5547 2600 5611 ceciderit,
2627 5561 2785 5615 quam
2813 5547 2953 5615 quod
2984 5547 3159 5613 lapsus
3180 5546 3378 5614 jaceat.

1944 5643 1997 5696 ὅ.
2031 5640 2185 5708 Quod
2215 5640 2259 5692 si
2293 5650 2410 5709 post
2435 5647 2708 5708 peccatum
2739 5655 2844 5691 non
2876 5639 3141 5706 pmnitere
3163 5654 3323 5707 grave
3345 5648 3450 5698 est.

1873 5733 1940 5787 de
1984 5733 2232 5786 admissis
2262 5730 2495 5798 peccatis
2539 5730 2894 5784 intumescere
2937 5739 3187 5798 quantum
3218 5740 3453 5782 meretur

1876 5823 2241 5895 supplicium?
2263 5821 2394 5877 Nam
2430 5822 2472 5876 si
2501 5822 2545 5878 is
2566 5864 2580 5890 ,
2611 5822 2697 5892 qui
2726 5821 2791 5876 de
2814 5830 2958 5876 recte
2987 5821 3135 5876 factis
3162 5822 3445 5886 extollitur,
