4096 6326
646 334 705 391 9l
1360 334 1418 391 S.
1455 330 1733 391 JOANNIS
1777 276 2255 385 CHRYSOBTOMI
2302 321 2620 379 ARCHIEP.
2657 318 3189 379 CONSTANTINOP.
3848 330 3925 385 92

647 449 955 505 immundus
979 456 1097 515 est;
1138 449 1230 519 qui
1258 448 1328 504 de
1365 444 1599 519 peccatis
1625 444 1873 509 inﬂatur,
1905 454 2063 514 quam
2086 446 2221 495 eon-

647 550 904 611 sequetur
932 538 1183 596 veniam?
1209 539 1343 610 Quia
1364 552 1494 610 ergo
1528 537 1650 592 talis
1676 546 1793 591 erat
1818 535 2110 590 fornicator
2128 573 2143 595 ,
2173 536 2232 587 et

646 633 879 687 anitnam
908 646 1005 704 per
1045 643 1321 703 peccatum
1355 632 1426 686 ita
1465 628 1794 700 petulantem
1815 636 1870 683 et
1894 629 2229 699 ρεπῑωοεω

649 722 985 792 reddiderat,
1006 723 1311 778 necessario
1336 722 1454 792 ejus
1476 719 1669 776 fastum
1696 720 1868 789 primo
1892 718 2096 789 dejicit.
2124 710 2229 772 Ne-

646 831 753 885 que
789 816 893 871 hoc
919 815 1126 871 crimen
1156 816 1332 884 primo
1355 813 1539 884 ponit,
1566 821 1625 866 ut
1650 826 1717 867 ne
1752 813 1842 867 ille
1865 820 2025 868 exuat
2053 807 2228 881 pido.-

648 922 787 970 rem,
805 922 873 961 eo
891 904 1036 976 quod
1059 915 1183 959 ante
1203 902 1339 960 alios
1362 914 1641 959 accusetur
1662 918 1678 969 ;
1702 917 1876 973 neque
1896 910 2226 973 postremum

651 997 806 1050 illum
853 996 1002 1067 ponit
1026 1036 1042 1062 ,
1070 1001 1227 1051 utne
1258 1002 1408 1067 putet
1450 995 1539 1049 ille
1577 1006 1693 1049 rem
1734 1008 1886 1049 suam
1910 1001 1971 1047 ut
2010 992 2230 1047 levioris

647 1088 907 1142 momenti
936 1087 1089 1158 quasi
1115 1086 1262 1142 aliud
1291 1084 1503 1156 agendo
1530 1084 1744 1139 tractari
1771 1102 1785 1137 :
1814 1081 1909 1138 sed
1934 1095 2056 1137 cum
2080 1081 2228 1149 prius

648 1177 747 1242 ipsi
775 1178 1001 1232 multum
1025 1176 1336 1231 incussissct
1362 1176 1605 1229 timorem
1631 1188 1699 1228 ex
1716 1168 1930 1227 dicendi
1957 1171 2225 1234 libertate,

645 1283 748 1338 qua
776 1276 965 1322 contra
1002 1266 1137 1322 alios
1180 1278 1308 1320 usus
1344 1273 1465 1329 est,
1513 1274 1640 1319 tunc
1684 1264 1836 1318 illum
1881 1259 2223 1330 aggreditur,

649 1368 930 1428 postquam
951 1358 1073 1427 ejus
1094 1338 1451 1427 arrogantiam
1475 1370 1571 1425 per
1589 1355 1814 1409 aliorum
1831 1352 2225 1407 correctionem

648 1452 797 1520 prius
821 1450 1211 1522 exagitarent.
1239 1450 1365 1503 litec
1389 1449 1536 1503 enim
1562 1448 1674 1516 ipsa
1708 1443 1874 1499 verba
1897 1484 1914 1507 ,
1946 1442 2096 1498 Nihil
2124 1442 2225 1497 mi-

646 1542 701 1595 Ιοὲ
727 1542 958 1595 conscius
982 1555 1130 1605 sunt;
1164 1538 1258 1593 sed
1282 1550 1385 1592 non
1410 1538 1462 1591 in
1493 1537 1587 1590 hoc
1611 1536 1930 1607 justi/ionius
1953 1550 2067 1590 sum
2089 1551 2109 1600 ;
2132 1541 2188 1588 et
2206 1573 2223 1597 ,

648 1632 749 1698 Qui
766 1630 971 1703 judico!
1008 1645 1089 1685 me
1105 1671 1123 1699 ,
1155 1629 1405 1684 Dominus
1425 1637 1499 1682 est
1521 1667 1536 1692 ,
1563 1628 1651 1697 qui
1686 1637 1736 1682 et
1783 1625 2090 1681 illle
2131 1625 2226 1679 ub-

644 1724 875 1778 seotsdita
901 1722 1216 1777 tenebrarum
1236 1762 1253 1786 ,
1284 1729 1331 1775 es
1353 1718 1696 1791 stultitiastth
1714 1718 1932 1773 consilia
1950 1715 2180 1773 tarditati
2206 1757 2225 1784 ,

648 1828 755 1868 non
781 1813 971 1867 leviter
995 1821 1050 1867 et
1070 1824 1193 1867 eum
1213 1819 1271 1866 et
1292 1824 1416 1875 eos,
1445 1810 1536 1880 qui
1558 1809 1662 1879 ipsi
1688 1808 2084 1877 applaudebsnt
2100 1820 2229 1862 snn-

648 1911 875 1973 ctosque
899 1901 1287 1971 despiciebant,
1312 1898 1645 1969 perstringit.
1669 1897 1809 1965 Quid
1832 1897 2003 1963 enim,
2030 1897 2223 1967 isiquit,

647 1993 695 2047 si
722 1992 938 2062 quidam
980 1990 1317 2045 extrinsecus
1361 1988 1558 2043 virtute
1588 1987 1794 2058 prrditi
1828 1996 1889 2044 et
1924 1986 2227 2044 admirandi

646 2092 910 2154 apparent
929 2083 955 2137 2
981 2082 1099 2138 Non
1125 2081 1195 2137 de
1221 2080 1578 2138 exterioribus
1605 2092 1813 2137 tantum
1841 2080 1943 2136 fert
1966 2080 2227 2152 judicium

646 2176 738 2231 ille
757 2174 943 2244 judex,
965 2174 1061 2230 sed
1080 2172 1241 2229 etiam
1261 2180 1455 2228 arcana
1485 2172 1537 2227 in
1562 2171 1797 2227 medium
1824 2170 2059 2228 adducit.
2088 2165 2229 2227 Dua-

647 2266 748 2321 bus
776 2280 907 2336 ergo
925 2305 942 2331 ,
970 2265 1056 2320 vel
1088 2264 1265 2335 potius
1294 2264 1463 2319 tribus
1521 2262 1592 2319 de
1632 2262 1814 2319 causis
1837 2261 2097 2332 judicium
2126 2270 2227 2315 no-

647 2365 817 2411 strum
835 2364 1141 2413 accuratum
1166 2366 1275 2410 non
1292 2361 1410 2418 est;
1432 2353 1607 2424 primo
1633 2352 1777 2423 quia,
1799 2351 2010 2407 etiamsi
2030 2350 2229 2407 nullius

649 2446 855 2515 peccati
895 2444 1053 2501 nobis
1092 2443 1295 2500 conscii
1325 2442 1531 2509 simus,
1570 2457 1707 2513 opus
1752 2451 1930 2499 tanien
1970 2440 2230 2498 habemus

646 2536 866 2606 eo,qui
906 2543 1121 2606 peccata
1162 2538 1345 2592 nostra
1394 2541 1646 2591 accttrate
1691 2542 1913 2605 arguat:
1951 2531 2225 2599 secundo,

647 2626 773 2696 quia
803 2641 870 2683 ex
898 2626 964 2681 iis
990 2640 1109 2696 qua
1135 2626 1273 2699 ﬁunt
1308 2626 1564 2695 pleraque
1589 2638 1689 2679 nos
1713 2624 1914 2689 latent;
1944 2624 2109 2679 tertio
2134 2623 2232 2679 de-

649 2730 794 2770 suum
814 2756 835 2783 ,
876 2716 1002 2786 quia
1030 2714 1193 2773 multa
1218 2714 1446 2769 aliomm
1470 2723 1625 2784 gesta
1653 2712 1809 2770 nobis
1841 2714 2057 2785 quidem
2086 2712 2229 2770 bona

648 2804 927 2871 videnti",
971 2803 1069 2860 sed
1130 2818 1237 2859 non
1280 2818 1348 2859 ex
1398 2812 1545 2859 recta
1590 2803 1856 2859 sententia
1906 2803 2227 2873 procedunt.

650 2897 789 2964 Quid
817 2908 948 2968 ergo
973 2896 1185 2958 dicitis.
1212 2896 1310 2952 llle
1344 2904 1437 2951 aut
1460 2892 1554 2952 ille
1575 2895 1711 2952 nihil
1748 2898 2030 2966 peccavit,
2054 2905 2114 2953 et
2140 2897 2229 2954 hic

652 2992 744 3045 illo
773 2990 964 3046 melior
987 2990 1108 3044 est?
1134 2987 1248 3046 Hoc
1268 2988 1413 3044 enim
1438 3002 1548 3044 non
1577 2988 1700 3043 licet
1729 2989 2097 3058 pronuntiare,
2129 3004 2230 3045 ne-

648 3098 756 3154 que
780 3080 850 3136 ds
888 3081 1021 3146 illo,
1061 3080 1151 3151 qui
1178 3079 1379 3135 nullius
1418 3079 1520 3135 sibi
1542 3080 1793 3135 conscius
1838 3089 1959 3135 est:
1987 3095 2110 3136 nam
2137 3082 2229 3152 qui

650 3189 843 3229 arcana
885 3172 1126 3245 judicat,
1155 3172 1246 3229 ille
1293 3181 1378 3228 est
1419 3173 1508 3243 qui
1537 3182 1789 3229 accurate
1813 3172 2040 3243 iudicat.
2088 3175 2231 3230 Ecce

650 3268 811 3335 igitur
831 3305 852 3331 ,
879 3279 981 3334 ego
1021 3263 1156 3320 nihil
1182 3262 1314 3318 mihi
1355 3262 1603 3320 conscius
1636 3278 1761 3319 sum
1786 3280 1803 3330 ;
1832 3262 1927 3319 sed
1953 3278 2128 3335 neque
2153 3265 2229 3321 ita

649 3356 967 3425 instillatus
994 3368 1155 3411 sum:
1190 3352 1293 3409 huc
1318 3361 1406 3409 est
1427 3395 1445 3420 ,
1473 3353 1593 3409 Non
1631 3367 1751 3409 sum
1780 3356 1811 3409 a
1852 3353 2120 3412 reddenda
2142 3372 2231 3413 ra-

646 3449 795 3503 tione
817 3455 874 3503 et
899 3461 932 3502 a
959 3446 1183 3502 crimine
1207 3446 1485 3503 liberatus.
1505 3444 1787 3503 Non-enim
1812 3446 1917 3503 hoc
1943 3447 2094 3516 dicit,
2106 3445 2227 3505 Non

650 3539 962 3595 innumero
1001 3537 1561 3605 etordinejnstorum
1599 3550 1752 3605 sum;
1797 3537 2227 3605 sed,Nonsqu

645 3630 879 3686 mundus
907 3645 937 3685 a
960 3639 1199 3700 peccato.
1229 3628 1361 3685 Nam
1383 3628 1510 3685 alibi
1538 3629 1651 3683 ait:
1680 3629 1781 3697 Qui
1804 3638 1974 3685 anteiit
1998 3628 2230 3687 minus

648 3731 758 3787 est,
776 3721 1090 3792 justifisatus
1113 3727 1471 3789 «tomento
1506 3718 1684 3789 (Rom.
1719 3719 1777 3775 ϐ.
1805 3720 1861 3791 7)
1889 3737 1904 3774 :
1933 3720 1985 3776 id
2007 3729 2129 3787 est.
2158 3720 2227 3776 ll-

649 3812 864 3869 beratus
891 3821 992 3869 est.
1020 3812 1181 3868 Multa
1216 3824 1349 3866 vero
1372 3810 1636 3877 facimus,
1678 3825 1800 3880 qua
1840 3813 1982 3867 bona
2010 3812 2227 3881 quidem

645 3912 803 3971 sunt,
829 3903 925 3959 sed
964 3917 1073 3962 non
1119 3917 1188 3958 ex
1229 3909 1375 3956 recta
1418 3901 1687 3957 sententia
1726 3900 2046 3970 pmcedunt.
2092 3900 2227 3957 Nam

645 3995 844 4053 multos
872 3994 1182 4061 laudamus,
1214 4007 1322 4048 non
1350 4000 1408 4048 ut
1434 3992 1556 4048 illos
1576 3992 1891 4063 splendidos
1920 3992 2223 4061 reddamus,

640 4085 740 4141 sed
784 4094 842 4141 ut
870 4100 965 4156 per
1008 4084 1136 4143 illos
1161 4084 1298 4139 alios
1326 4083 1605 4155 quospiam
1634 4083 1995 4141 mordeamus.
2028 4085 2097 4141 Et
2138 4101 2228 4143 res

644 4177 861 4245 quidem
887 4180 998 4248 ipsa
1040 4192 1135 4247 per
1181 4192 1241 4233 se
1274 4176 1557 4241 homost;
1591 4176 1839 4232 laudatur
1873 4178 2017 4235 enim
2049 4179 2094 4233 is
2134 4178 2227 4249 qui

644 4276 792 4322 recte
815 4265 974 4328 iuuit;
1000 4266 1096 4320 sed
1119 4279 1275 4320 mens
1310 4266 1577 4320 laudantis
1607 4276 1858 4335 corrupta
1890 4278 2011 4323 est:
2043 4285 2110 4323 ex
2136 4283 2225 4324 sa-

650 4359 824 4415 tunica
852 4358 995 4413 enim
1022 4356 1289 4413 sententia
1312 4354 1571 4426 procedit.
1594 4355 1713 4410 Non
1738 4357 1883 4412 enim
1922 4357 2073 4411 fratri
2099 4373 2226 4426 gra-

642 4452 852 4514 tulans,
880 4450 977 4507 sed
1002 4449 1165 4505 alium
1192 4446 1365 4505 ferire
1384 4447 1609 4519 cupiens
1635 4446 1739 4503 boc
1762 4462 1907 4518 szepe
1930 4447 2048 4519 quis
2075 4447 2223 4505 fecit.

642 4547 849 4601 [timus
866 4541 1131 4613 quispiam
1149 4540 1357 4613 grande
1376 4539 1591 4597 admisit
1610 4547 1913 4611 peccatum;
1938 4539 2077 4593 alius
2098 4553 2229 4595 vero

648 4637 824 4703 ipsum
852 4632 1190 4701 supplantare
1216 4633 1400 4687 volens
1417 4673 1433 4697 ,
1463 4631 1594 4687 nihil
1622 4633 1810 4687 fecisse
1832 4629 1996 4699 dicit,
2023 4637 2080 4685 et
2104 4644 2226 4686 con-

646 4724 851 4779 solatur
877 4734 999 4777 eum
1025 4729 1334 4791 peccantem
1355 4760 1370 4785 ,
1391 4720 1458 4775 ad
1482 4735 1821 4778 communem
1844 4730 2049 4778 natura:
2068 4736 2224 4779 usum

639 4813 989 4885 confugiens:
1026 4827 1209 4869 verum
1238 4825 1383 4881 saepe
1430 4824 1538 4865 non
1574 4811 1721 4881 quod
1751 4813 2029 4881 ignoscere
2056 4813 2223 4879 velit,

640 4908 736 4964 sed
762 4917 820 4964 ut
844 4907 1145 4979 segniorem
1171 4903 1319 4958 illum
1343 4900 1539 4957 reddat
1563 4900 1666 4955 hoc
1688 4900 1828 4955 facit.
1861 4902 2090 4958 Rursum
2116 4918 2223 4959 η-

637 5013 707 5071 pe
741 4999 991 5071 corripit,
1034 5013 1142 5053 non
1170 5004 1228 5051 ut
1248 5003 1437 5064 arguat
1471 5001 1527 5047 et
1553 4999 1801 5054 monuit,
1841 4990 1937 5046 sed
1961 5001 2017 5047 ut
2042 4995 2223 5061 proxi-

638 5093 711 5146 mi
750 5101 1026 5161 peccatum
1070 5090 1285 5161 publice
1345 5086 1535 5145 eﬂ'erat
1578 5092 1634 5139 et
1687 5080 1948 5139 uaducat.
1993 5081 2222 5142 Consilia

636 5191 815 5238 autem
846 5181 1089 5237 homines
1126 5195 1233 5237 non
1269 5186 1503 5242 norunt;
1532 5175 1623 5246 qui
1656 5174 1817 5230 corda
1842 5189 1972 5231 vero
2015 5187 2224 5234 scruta-

634 5289 723 5331 tur
739 5317 757 5343 ,
783 5284 1032 5329 accurate
1051 5276 1182 5339 scit,
1210 5284 1265 5330 ct
1292 5274 1380 5329 illa
1423 5270 1603 5326 omnia
1631 5278 1757 5324 tunc
1784 5269 1837 5323 in
1862 5268 2099 5325 medium
2122 5269 2220 5325 ad-

630 5369 811 5423 ducet.
842 5364 1073 5434 Ideoque
1096 5366 1307 5420 dicebat
1329 5382 1346 5417 ξ
1385 5363 1487 5430 Qui
1511 5372 1558 5416 et
1588 5360 1899 5415 illuminabit
1922 5360 2221 5418 abscondita

632 5460 951 5516 tenebrarum
976 5501 991 5525 ,
1024 5468 1071 5510 et
1111 5459 1465 5525 manifestam,
1487 5454 1700 5510 consilia
1729 5455 1979 5508 cordium.

707 5550 951 5606 "omines
1005 5565 1158 5621 quam
1192 5550 1456 5636 falluntur-1
1482 5549 1533 5601 t'u
1552 5546 1785 5619 judicit's.
1815 5575 1885 5586 —
1908 5545 2040 5600 Cum
2064 5559 2214 5615 ergo,

636 5644 854 5712 quando
873 5644 1035 5699 etiam
1068 5641 1199 5696 nihil
1230 5642 1383 5695 nobis
1408 5640 1608 5695 eunscii
1637 5653 1844 5704 sumus,
1858 5636 2080 5693 crimine
2096 5636 2216 5707 puri

634 5750 751 5793 esse
780 5754 889 5794 non
927 5736 1212 5804 possimus,
1234 5740 1428 5791 etcum
1459 5731 1656 5802 aliquid
1700 5728 1827 5786 boni
1855 5727 2083 5800 agimus,
2116 5742 2215 5785 nec

2344 448 2475 491 vero
2499 448 2566 491 ex
2586 444 2732 491 recta
2762 435 2928 490 animi
2952 437 3218 491 sententia
3249 438 3454 507 agimus
3470 479 3489 505 ,
3517 442 3784 512 supplicio
3808 444 3920 498 ob-

2336 524 2482 582 noxii
2506 528 2709 583 simus:
2736 530 2911 598 cogita
2927 544 3089 598 quam
3116 528 3366 586 fallantur
3392 531 3635 591 homines
3678 537 3733 592 in
3766 536 3923 607 judi-

2334 619 2453 675 eiis.
2485 616 2613 676 Hac
2661 619 2859 691 quippe
2884 620 3064 675 omnia
3090 636 3196 675 non
3227 630 3451 691 possunt
3479 623 3725 682 homines
3753 643 3920 683 asse-

2335 709 2448 777 qui,
2471 708 2568 765 sed
2590 708 2685 766 ille
2710 719 2915 765 tantum
2938 717 3226 780 numquam
3250 711 3526 768 dormiens
3546 718 3738 771 oculus
3763 759 3779 773 .
3809 718 3922 773 etsi

2336 796 2581 854 homines
2600 798 2879 864 fallamus,
2908 800 3057 855 illum
3103 816 3389 870 numquam
3428 802 3782 874 decipiemus.
3836 808 3924 864 Ne

2334 889 2516 960 itaque
2553 890 2704 945 dicas
2726 930 2743 955 ,
2773 890 3033 947 Tenebra'
3054 900 3109 947 et
3131 893 3368 962 parietes
3395 894 3448 948 in
3473 895 3701 951 circuitu
3730 908 3863 954 sunt
3901 940 3919 963 .

2333 980 2456 1051 quis
2485 995 2572 1036 me
2602 980 2748 1035 videt
2773 981 2799 1033 τ’
2829 996 2950 1034 nam
2988 983 3078 1051 qui
3108 976 3263 1038 tinxit
3299 984 3569 1054 sigillatim
3616 986 3779 1041 corda
3821 1003 3925 1041 ιω-

2334 1080 2468 1134 stra,
2495 1071 2613 1135 ipse
2639 1069 2818 1124 omnia
2850 1072 2998 1125 novit
3028 1086 3044 1123 :
3077 1074 3311 1129 tenebrae
3331 1077 3473 1130 enim
3494 1077 3633 1147 apud
3654 1091 3778 1133 eum
3803 1095 3924 1135 non

2333 1158 2781 1214 obsatrabuutur.
2810 1159 3181 1215 Recteautem
3209 1162 3339 1219 dicit
3364 1165 3411 1220 is
3438 1167 3530 1236 qui
3555 1178 3779 1236 peccat,
3812 1168 3923 1223 Te-

2333 1248 2515 1304 nebrxe
2539 1258 2595 1304 et
2620 1250 2851 1319 parietes
2876 1250 2934 1305 in
2960 1252 3188 1307 circuitu
3209 1268 3331 1309 meo
3352 1265 3498 1311 sunt.
3524 1257 3639 1311 Nisi
3668 1259 3816 1314 enim
3866 1261 3924 1315 in

2333 1348 2513 1395 mente
2536 1340 2651 1409 ejus
2677 1340 2911 1396 tenebrae
2931 1349 3138 1411 essent;
3162 1359 3272 1400 non
3289 1345 3393 1413 sic,
3419 1348 3597 1417 ejecto
3633 1351 3728 1406 Dei
3750 1353 3924 1407 timo-

2332 1445 2412 1498 re,
2438 1444 2559 1487 cum
2581 1432 2829 1488 libertate
2854 1433 2908 1488 id
2926 1432 3160 1490 fecisset.
3193 1433 3327 1491 Nam
3358 1437 3461 1493 nisi
3482 1439 3629 1508 prius
3650 1441 3761 1496 dux
3785 1444 3917 1496 ani-

2331 1537 2452 1577 mus
2471 1522 2852 1579 obtenebratus
2872 1525 3055 1591 fuerit,
3116 1537 3391 1597 peceatum
3413 1544 3535 1585 cum
3580 1531 3773 1587 ﬁducia
3831 1535 3925 1587 in-

2330 1616 2481 1687 gredi
2506 1632 2613 1671 non
2644 1625 2840 1686 potest.
2866 1616 2943 1671 Ne
2961 1633 3093 1687 ergo
3119 1619 3304 1675 dicas:
3332 1622 3463 1689 Quis
3490 1639 3578 1680 me
3600 1625 3747 1681 videt
3771 1628 3799 1681 ἲ
3827 1636 3924 1681 est

2330 1708 2475 1762 enim
2528 1707 2619 1776 qui
2670 1717 2913 1775 penetrat
2959 1722 3124 1778 usque
3167 1710 3233 1764 ad
3274 1712 3506 1768 animum
3535 1725 3592 1771 et
3617 1718 3922 1787 spiritum,

2332 1812 2724 1868 compagesque
2742 1810 2799 1855 et
2826 1799 3087 1856 medullas
3110 1821 3123 1856 :
3152 1802 3246 1858 sed
3262 1812 3318 1859 tu
3345 1813 3398 1861 te
3417 1806 3592 1875 ipsum
3615 1824 3722 1875 non
3739 1812 3921 1879 vides,

2333 1905 2433 1947 nec
2476 1900 2626 1960 potes
2682 1893 2876 1949 nubem
2918 1893 3230 1962 dissecare;
3285 1910 3469 1954 verum
3514 1914 3579 1955 ac
3612 1902 3662 1956 si
3698 1918 3923 1958 murum

2335 1982 2568 2053 undique
2594 1983 3029 2055 circumpositum
3053 1987 3300 2053 haberes.
3329 2000 3615 2062 nonvpotes
3639 1992 3706 2047 ad
3722 1994 3924 2051 calum

2332 2073 2623 2143 respicere.

2402 2168 2459 2224 ι.
2518 2166 2896 2224 Fornicalionis
2932 2171 3141 2241 spiritus
3180 2181 3415 2227 om.
3456 2201 3532 2217 ---
3569 2174 3725 2243 Quod
3767 2177 3923 2233 enim

2334 2265 2615 2326 peceatum
2642 2259 2723 2313 vis
2761 2259 2910 2328 prius
2951 2260 3371 2317 cxaminemus?
3409 2272 3470 2320 et
3488 2264 3571 2319 sic
3593 2264 3793 2321 factum
3824 2268 3926 2322 ad-

2335 2348 2668 2419 missumque
2692 2348 2860 2407 finisse
2893 2350 3122 2427 videbis.
3160 2351 3623 2420 Quemadmodum
3664 2357 3813 2412 enim
3834 2358 3923 2413 la-

2335 2446 2523 2494 trones
2536 2447 2592 2493 et
2616 2451 2894 2495 murorum
2945 2439 3253 2506 ell‘ossores,
3299 2457 3423 2498 cum
3444 2443 3577 2513 quid
3612 2447 3919 2514 pretiosum

2333 2527 2548 2586 auferre
2578 2529 2763 2584 volunt
2788 2570 2805 2595 ,
2836 2530 3101 2587 exstincta
3152 2531 3373 2587 lucerna
3414 2533 3517 2589 hoc
3557 2545 3872 2605 perpetrant
3905 2556 3922 2591 :

2332 2621 2413 2675 sic
2438 2618 2494 2675 in
2516 2619 2749 2689 peccatis
2800 2618 2933 2675 facit
2957 2630 3223 2692 corrupta-
3241 2622 3400 2677 ratio.
3446 2624 3657 2680 Etenim
3684 2626 3737 2681 in
3760 2628 3926 2684 nobis

2333 2725 2546 2782 quoque
2572 2710 2669 2766 lux
2695 2719 2779 2789 est
2800 2711 3136 2769 rationabilis
3161 2727 3380 2785 semper
3398 2715 3617 2772 ardens.
3646 2716 3704 2773 Si
3734 2728 3923 2774 autem

2332 2802 2555 2872 spiritus
2615 2801 2987 2858 fornicationis
3033 2818 3157 2861 cum
3205 2805 3409 2874 impetu
3462 2823 3661 2877 magno
3705 2809 3924 2866 irruens

2334 2890 2603 2947 flammam
2634 2891 2781 2948 illam
2832 2894 3171 2959 exstinxerit.
3197 2896 3379 2980 statim
3422 2897 3657 2954 animam
3694 2900 3925 2982 obtene-

2332 2984 2476 3049 brat,
2505 2994 2779 3057 expugnat
2805 2996 2860 3042 et
2882 2988 3065 3042 omnia
3088 3003 3209 3057 qua
3254 2976 3455 3046 adsunt
3478 2991 3661 3047 statim
3704 2976 3920 3065 diripit.

2331 3076 2469 3133 Cum
2493 3078 2640 3133 enim
2666 3078 2846 3133 anima
2872 3095 2904 3133 a
2938 3079 3136 3134 lasciva
3176 3083 3609 3152 concupiscentia
3662 3087 3881 3157 capitur
3904 3127 3921 3153 .

2334 3167 2598 3225 utnubes
2619 3176 2678 3223 ct
2712 3168 2887 3239 caligo
2910 3171 3155 3241 corporis
3192 3174 3400 3242 oculos,
3445 3176 3516 3230 ita
3557 3178 3752 3233 mentis
3789 3194 3924 3250 pro-

2327 3257 2594 3330 spiciendi
2616 3259 2919 3317 facultatem
2938 3278 3231 3333 occupans,
3253 3266 3387 3321 nihil
3413 3268 3543 3324 sinit
3566 3268 3751 3327 videre
3776 3271 3925 3328 ulte-

2333 3349 2465 3417 rius,
2499 3365 2605 3406 non
2630 3350 3005 3423 praecipitium,
3028 3367 3134 3408 non
3157 3356 3481 3426 gehennam,
3514 3373 3621 3413 non
3640 3360 3920 3428 timorem,

2331 3440 2431 3497 sed
2457 3442 2527 3497 ab
2550 3441 2658 3513 illis
2680 3442 2891 3499 insidiis
2919 3444 3198 3516 tyranuice
3222 3456 3478 3517 occupata
3504 3448 3749 3516 demum,
3788 3467 3921 3523 pec-

2332 3541 2457 3588 cato
2494 3532 2670 3590 facilis
2720 3543 3028 3605 expugnata
3077 3536 3259 3593 evadit
3291 3552 3308 3591 :
3337 3544 3393 3593 et
3426 3537 3567 3593 sicut
3594 3539 3772 3609 paries
3793 3543 3926 3599 sine

2332 3624 2588 3683 fenestris
2613 3635 2742 3683 ante
2765 3628 2950 3684 oculos
2990 3628 3255 3686 excitatus
3279 3645 3386 3685 non
3411 3630 3541 3686 sinit
3582 3632 3789 3688 radium
3829 3634 3925 3705 ju-

2327 3718 2694 3777 stitiac.meuti
2724 3718 2929 3785 lucere,
2956 3719 3210 3777 absurdis
3234 3719 3471 3777 libidinis
3502 3721 3926 3791 cogitationibus

2333 3811 2504 3879 ipsum
2526 3808 2761 3879 undique
2787 3809 3170 3880 cingentibus;
3197 3819 3251 3865 et
3278 3819 3404 3866 tunc
3429 3812 3667 3866 occurrit
3693 3811 3769 3867 illi
3792 3828 3921 3869 use-

2333 3900 2501 3957 retris
2528 3907 2652 3954 ante
2680 3899 2887 3964 oculos,
2914 3907 3042 3955 ante
3063 3907 3300 3955 mentem
3320 3934 3338 3966 ,
3390 3909 3516 3955 ante
3558 3901 3923 3972 cogitationes

2330 3997 2482 4044 stans
2501 3996 2561 4042 et
2579 4001 2887 4058 apparens;
2931 4002 2996 4043 ac
3033 3987 3483 4060 quemadmodum
3531 3990 3662 4047 caeci
3693 3992 3746 4047 in
3790 3992 3921 4064 ipso

2331 4079 2555 4139 meridie
2581 4078 2682 4135 sub
2708 4079 2826 4135 caeli
2854 4080 3033 4138 medio
3054 4089 3257 4138 stantes
3285 4082 3461 4137 lucem
3482 4098 3589 4138 non
3606 4083 3917 4155 excipiunt,

2326 4174 2531 4229 clausis
2548 4171 2654 4229 sibi
2679 4171 2886 4229 oculis:
2916 4173 2995 4229 sic
3022 4173 3197 4240 etilli,
3227 4173 3327 4229 etsi
3353 4173 3634 4231 innumera
3674 4176 3922 4246 undique

2327 4264 2461 4333 ipsis
2507 4264 2761 4320 insonent
2802 4263 3058 4319 salutaria
3096 4263 3369 4334 dogmata,
3392 4265 3569 4321 anima
3590 4264 3696 4321 hoc
3722 4268 3922 4323 morbo

2330 4360 2601 4421 correpta,
2633 4352 2739 4407 illis
2757 4352 3008 4407 omnibus
3033 4352 3213 4407 verbis
3236 4366 3397 4407 aures
3422 4354 3727 4410 obstruunt.
3748 4353 3922 4426 quue

2333 4439 2500 4509 probe
2524 4439 2707 4494 sciunt
2728 4438 2789 4506 ii,
2819 4439 2910 4509 qui
2941 4454 3056 4494 rem
3081 4440 3295 4508 experti
3320 4448 3467 4494 sunt.
3504 4439 3702 4498 Verum
3728 4442 3878 4499 absit
3899 4485 3916 4510 ,

2333 4538 2392 4585 ut
2419 4544 2517 4584 vos
2538 4527 2591 4585 id
2612 4527 2947 4599 experientia
2993 4528 3311 4584 didiceritis.
3367 4527 3552 4600 Neque
3589 4529 3692 4586 hoc
3732 4532 3918 4590 solum

2332 4632 2610 4695 peccatum
2638 4622 2691 4681 id
2717 4620 2880 4690 facit,
2911 4621 3005 4678 sed
3038 4621 3200 4679 etiam
3238 4622 3413 4693 quivis
3431 4620 3571 4678 alius
3603 4637 3759 4680 amor
3780 4640 3915 4697 pra-

2328 4732 2449 4773 ωε.

2403 4809 2751 4867 Pecuniarum
2792 4826 2938 4864 amor
2964 4817 3154 4880 quanto
3180 4807 3318 4863 mala
3346 4808 3535 4877 pariat.
3561 4839 3635 4853 ——
3656 4809 3917 4871 Transfe-

2328 4917 2510 4957 ramus
2535 4903 2701 4968 enim,
2724 4901 2770 4957 si
2801 4902 2997 4970 placet,
3020 4911 3324 4955 sermonem
3354 4912 3383 4951 a
3414 4899 3700 4958 meretrice
3720 4903 3788 4959 ad
3810 4920 3914 4975 ρο-

2326 4995 2537 5062 cunias,
2577 5004 2633 5051 et
2667 4994 2754 5049 hic
2794 5006 3010 5063 quoque
3058 4989 3357 5046 ridebimus
3396 4990 3596 5049 densas
3634 4996 3912 5053 tenebras.

2326 5089 2442 5145 Illic
2462 5089 2604 5145 enim
2632 5086 2774 5157 quod
2803 5100 2906 5140 una
2928 5092 3132 5138 tantum
3152 5082 3224 5137 sit
3246 5084 3467 5151 amunia,
3492 5088 3545 5143 in
3572 5104 3679 5144 une
3700 5090 3912 5147 inclusa

2328 5178 2469 5243 loco,
2499 5192 2606 5233 non
2627 5178 2702 5232 ita
2748 5174 3042 5231 vehemens
3075 5182 3159 5228 est
3183 5175 3440 5232 morbus:
3465 5177 3517 5234 in
3541 5179 3783 5248 pectiniis
3805 5194 3905 5236 au-

2328 5278 2457 5339 tem,
2492 5284 2613 5340 quae
2658 5267 2857 5337 ubique
2896 5272 3176 5334 apparent,
3194 5266 3247 5323 in
3289 5270 3609 5341 argentariis
3650 5269 3909 5337 ofﬁcinis,

2326 5360 2380 5417 in
2409 5360 2746 5424 diversoriis,
2771 5358 2826 5413 in
2851 5355 3166 5427 aurificinis,
3198 5359 3252 5416 in
3273 5358 3498 5418 divitum
3528 5360 3739 5416 uadibus
3762 5402 3779 5426 ,
3807 5377 3910 5420 ve-

2326 5451 2552 5509 hemens
2586 5450 2758 5521 spirat
2784 5464 2958 5504 amor.
3004 5449 3231 5519 Quando
3258 5455 3403 5513 enim
3428 5465 3629 5522 pueros
3669 5454 3911 5522 superbe

2322 5554 2544 5614 agentes
2569 5545 2624 5598 in
2646 5540 2786 5607 foro,
2808 5557 2976 5613 eques
2997 5558 3133 5601 auro
3154 5555 3399 5611 onustos,
3424 5541 3675 5599 homines
3696 5546 3912 5617 magni-

2322 5634 2509 5691 liciset
2531 5634 2860 5704 sumptuosis
2895 5636 3132 5691 vestibus
3179 5643 3435 5702 ornatos,
3466 5636 3907 5705 concupiscentia

2323 5738 2500 5787 motus
2538 5726 2751 5785 videtis
2772 5727 2861 5798 qui
2886 5726 2990 5785 hoc
3008 5727 3197 5785 morbo
3231 5726 3520 5799 detinetur,
3553 5729 3736 5788 multis
3756 5740 3907 5788 tene-
