4084 6328
230 326 291 382 9i
1350 328 1419 382 ΙΝ
1459 328 1680 384 EPIS'I.
1718 330 1737 382 Ι
1771 329 1800 381 Α

1898 330 2056 384 ιιοιι.
2100 330 2337 385 HOMIL.
2379 330 2468 389 XI.
3423 333 3490 388 9‘1

228 440 293 494 τὺ
318 436 417 494 καὶ
444 436 833 508 πεφυσιῶσθαι
856 434 949 489 ἐπὶ
975 436 1088 499 τοῖς
1110 435 1493 508 ἁμαρτήμασι,
1536 445 1694 501 ποίας
1724 451 1810 489 κο-

229 522 443 588 λὰσειῖκ
465 523 617 576 ἐστιν
641 522 820 586 άξιονί
854 521 918 575 Εἰ
950 521 1060 593 γάρ
1089 520 1119 572 ὀ
1144 521 1238 573 ἐπὶ
1260 522 1375 584 τοῖς
1393 517 1809 592 κατορθώμασιν

230 605 624 678 ἐπαιρόμενος,
672 603 981 673 ἁκάθαρτός
1028 605 1196 670 ἐστιν,
1245 606 1275 657 6
1324 602 1417 657 ἐπὶ
1449 603 1808 673 ἁμαρτήμασι

228 691 397 744 τοῦτο
446 688 698 759 πάσχων,
729 687 887 751 ποίας
933 686 1185 755 τεύξεται
1244 686 1603 758 συγγνώμηςς
1659 683 1815 737 Ἐπεὶ

230 768 331 828 οὖν
361 771 603 834 τοιοῦτος
641 765 712 841 ἦν
740 771 771 823 6
804 770 1215 842 πεπορνευκὼς,
1259 770 1356 825 καί
1385 769 1484 841 τὴν
1510 767 1689 839 ψυχὴν
1718 764 1813 819 ού-

227 871 346 919 τως
382 853 583 925 ἰταμὴν
608 851 705 907 καὶ
727 851 1039 907 δυσένδοτον
1067 853 1364 924 εἰργάσατο
1390 852 1479 906 διὰ
1505 854 1603 923 τῆς
1630 852 1812 922 ἀμαρο

233 938 382 1000 τίας,
431 935 748 1006 ἀναγκαίως
788 935 954 990 αὐτοῦ
1003 935 1440 1008 προκαταϐἁλλει
1481 935 1573 988 τὸν
1615 932 1809 1002 τῦφον.

233 1020 350 1074 Καὶ
376 1019 502 1074 οὔτε
547 1019 765 1093 πρῶτον
790 1018 976 1090 τίθησι
1001 1019 1063 1073 τὸ
1093 1019 1367 1090 ἔγκλημα,
1397 1018 1540 1071 ὥστε
1588 1016 1664 1087 μὴ
1711 1017 1814 1069 ἀπυ

229 1103 666 1173 αναισχυντῆσαι
696 1101 882 1169 αὐτὸν,
903 1101 981 1165 ὼς
1010 1101 1117 1174 πρὸ
1138 1102 1251 1155 τῶν
1282 1101 1456 1156 ἀλλων
1484 1098 1814 1168 ἐγκαλούμε-

230 1201 347 1239 νον·
382 1184 510 1239 οὕτε
532 1185 591 1239 δέ
620 1184 871 1255 ὕστερον,
892 1183 1034 1238 ὥστε
1058 1184 1221 1239 αὐτὸν
1249 1182 1323 1252 μὴ
1354 1180 1575 1252 νομίσαι
1600 1180 1810 1251 πάρερ-

228 1285 333 1337 γον
362 1264 505 1323 εῐναι
530 1268 593 1322 τθ
614 1269 735 1322 κατ’
762 1266 954 1323 αὐτόν’
1003 1266 1139 1321 ἀλλά
1169 1267 1434 1336 πρότερον
1465 1264 1634 1319 πολὺν
1660 1260 1811 1332 αὐτῷ

229 1352 403 1419 φόϐον
432 1352 605 1416 ἐνθεὶς
654 1353 721 1406 ἐκ
744 1352 847 1422 τῆς
889 1350 1033 1421 πρὸς
1070 1350 1289 1421 ἐτέρους
1327 1346 1663 1420 παρρησίας,
1687 1346 1809 1399 τότε

227 1434 323 1487 ἐπ’
349 1434 515 1490 αὐτὸν
539 1435 725 1505 χωρεῖ,
751 1435 812 1487 ἐν
831 1435 897 1504 τῇ
927 1432 1066 1502 πρὸς
1090 1431 1310 1503 ἐτέρους
1332 1431 1651 1502 ἐπιτιμήσει
1682 1446 1815 1501 προ-

227 1515 542 1569 κατασείων
563 1513 729 1568 αὐτοῦ
755 1514 855 1583 τὴν
896 1514 1173 1568 ἀπόνοιαν.
1208 1513 1358 1567 Αὐτά
1386 1512 1497 1582 γάρ
1528 1510 1702 1565 ταῦτα
1739 1510 1810 1563 τά

226 1598 456 1667 ῥήματα
480 1596 563 1659 τὸ,
609 1594 805 1651 Οὐδὲν
835 1594 1071 1665 ἀμαυτῷ
1108 1596 1385 1660 σύνοιδα,
1419 1594 1560 1650 ἀλλ’
1591 1595 1705 1648 οὐκ
1737 1592 1808 1645 ἐν

224 1679 424 1743 τούτῳ
450 1676 856 1749 δεδικαίωμαν
884 1679 979 1732 καὶ
1005 1678 1089 1743 τὸ,
1126 1678 1191 1732 '0
1217 1679 1438 1748 κρίνων
1457 1694 1555 1745 με,
1589 1676 1807 1745 Κύριός

222 1761 423 1824 ἐστιν,
452 1759 522 1826 ὃς
549 1761 648 1814 καί
701 1760 950 1829 φωτίσει
982 1760 1057 1815 τὰ
1104 1759 1340 1829 κρυπτὰ
1370 1759 1476 1815 τοῦ
1518 1759 1802 1824 σκότους,

222 1842 330 1895 καί
375 1840 709 1912 φανερώσει
740 1842 850 1907 τὰς
870 1842 1112 1909 ,βουλὰς
1141 1841 1261 1896 τῶν
1288 1840 1570 1910 καρδιῶν,
1597 1840 1695 1910 οὐχ
1727 1839 1805 1902 ὡς

221 1927 389 1997 ετυχε
411 1925 670 1980 κάκείνου
701 1925 798 1979 καὶ
818 1924 929 1979 τῶν
955 1925 1188 1996 ἐκείνῳε
1207 1924 1309 1995 μιν
1338 1923 1805 1994 συγκροτούντων,

220 2008 355 2071 τοὺς
385 2008 445 2061 δέ
470 2007 657 2075 ἁγίους
689 2005 1135 2072 ἐξουθενοῦντων,
1173 2007 1538 2063 καθάπτεται.
1573 2007 1639 2059 Τί
1670 2005 1805 2075 7&9,

221 2090 415 2160 φησὶν,
443 2089 494 2141 εἰ
524 2087 723 2154 ἐξωθεν
745 2088 994 2160 ἐνὰρετοι
1038 2088 1322 2159 φαίνονταί
1354 2105 1505 2152 τινες
1537 2089 1631 2142 καὶ
1668 2088 1804 2142 θαυ-

223 2170 462 2241 μαστοί;
495 2171 570 2225 οὐ
598 2170 708 2225 τῶν
729 2171 931 2239 ἔξωθεν
952 2174 1151 2245 κριτής
1185 2173 1305 2226 ἐστι
1350 2171 1509 2244 μόνον
1538 2170 1748 2235 ἐκεῖνος
1774 2171 1805 2224 ὀ

218 2255 509 2326 δικαστὴς,
554 2255 691 2309 ἁλλά
740 2255 837 2309 καὶ
890 2255 962 2310 τά
1012 2256 1303 2328 ἀπόρρητα
1344 2256 1425 2319 εἰς
1458 2252 1624 2325 μέσον
1653 2252 1815 2322 ἄγει-

219 2338 326 2392 Δύο
357 2340 544 2391 τοίνυν
586 2338 793 2403 ἐνεκεν,
832 2338 1034 2409 μᾶλλον
1065 2339 1124 2393 δέ
1165 2339 1259 2393 καὶ
1289 2337 1479 2410 τριῶν,
1516 2337 1620 2390 ούκ
1650 2334 1802 2389 ἐστιν

219 2421 382 2490 ἡμῶν
429 2423 470 2489 ή
500 2421 682 2492 κρίσις
719 2422 989 2494 ἀκριϐής’
1033 2421 1151 2485 ἐνὸς
1203 2421 1325 2491 μὲν,
1376 2421 1459 2475 ὅτι
1493 2419 1598 2474 κάν
1633 2419 1802 2490 μηδέν

216 2499 372 2573 ὦμεν
402 2505 617 2568 ἐαυτοῖς
642 2503 967 2568 συνειδότες,
993 2505 1141 2577 ὅμως
1164 2504 1397 2576 δεόμεθα
1424 2503 1520 2557 τοῦ
1541 2502 1611 2557 τά
1632 2503 1804 2573 ἁμαρ-

217 2588 453 2656 τήματα.
482 2587 643 2657 ήμῶν
676 2587 994 2656 ἐλέγχοντος
1049 2588 1187 2657 μετά
1234 2589 1553 2657 ἀκριϐείας·
1610 2586 1808 2657 ὗτέρου

217 2666 298 2734 δὲ,
319 2669 406 2721 δτι
433 2667 503 2720 τά
537 2667 758 2721 πλείονα
786 2668 895 2721 τῶν
915 2668 1215 2738 γινομένων
1240 2671 1388 2739 ἡμᾶς
1422 2669 1676 2723 meam:
1709 2669 1803 2723 καὶ

217 2750 550 2821 κρύπτεταιο
600 2750 697 2804 καὶ
739 2750 925 2819 τρίτου
956 2752 1093 2821 πρὸς
1119 2751 1354 2815 τούτοις,
1378 2752 1462 2805 ὅτι
1489 2751 1661 2805 πολλά
1692 2751 1801 2805 τῶν

217 2835 534 2903 γενομένων
582 2832 715 2903 παρ’
770 2834 971 2905 ἐτέρων
1020 2833 1167 2887 δοκεί
1203 2834 1302 2905 μὲν
1332 2836 1464 2905 ἡμῖν
1503 2834 1667 2897 καλά,
1699 2836 1803 2889 οὐκ

217 2916 331 2970 ἁπδ
358 2916 533 2987 ὀρθῆς
560 2915 619 2970 ἃ
652 2916 865 2984 γίνεται
913 2914 1161 2988 γνώμης.
1210 2916 1275 2970 Τί
1320 2917 1502 2972 τοίνυν
1528 2918 1689 2988 φατὶ,
1719 2919 1807 2971 δτι·

216 2999 377 3052 ούδέν
407 3000 725 3069 ἡμάρτηται
776 2998 857 3071 τῷ
898 2999 1032 3054 δεῖνι
1057 3000 1154 3053 καὶ
1184 2999 1265 3070 τῷ
1290 3001 1443 3064 δεῖνι,
1478 3002 1573 3055 καὶ
1596 3004 1625 3055 6
1654 3003 1802 3058 δεῖνα

214 3080 314 3134 τοῦ
345 3079 516 3144 δεῖνος
545 3079 811 3151 βελτίωνς
863 3081 1037 3136 Τοῦτο
1062 3082 1172 3154 7&9
1197 3083 1299 3137 οὐκ
1336 3082 1485 3137 ἐστιν
1512 3084 1800 3154 ἀποφήνα-

216 3162 373 3225 σθαι,
403 3162 525 3216 ούδέ
550 3162 685 3233 περί
711 3162 805 3217 τοῦ
854 3164 1021 3234 μηδὲν
1054 3165 1234 3237 ἐαυτῷ
1271 3164 1592 3231 συνειδότος*
1627 3165 1657 3216 6
1690 3164 1800 3236 7&9

213 3246 285 3300 τά
318 3246 612 3317 ἀπόρρητα
639 3247 863 3316 κρίνων,
885 3248 1092 3313 ἐκεῖνός
1120 3250 1268 3302 ἐστιν
1296 3251 1327 3303 ό
1346 3249 1487 3319 μετά
1514 3248 1799 3318 ἀκριϐείας

212 3325 477 3391 δικάζων.
511 3327 645 3381 ’1ὼῦ
694 3328 846 3397 γοῦν,
876 3329 1144 3399 οὐδέ-ἐγώ
1190 3348 1245 3385 τι
1282 3331 1505 3403 ἐμαυτῷ
1538 3332 1758 3387 σύνοιδα
1778 3352 1796 3367 ο

214 3411 338 3464 ἀλλ’
368 3410 491 3465 ούδέ
538 3410 684 3465 οὕτω
730 3411 1111 3482 δεδικαίωμαιο
1148 3413 1450 3482 τουτέστιν,
1476 3415 1577 3471 οὐκ
1619 3416 1798 3487 ἀπήλ-

214 3493 431 3569 λαγμαι
461 3493 570 3547 τῶν
598 3490 839 3548 εὐθυνῶν
867 3494 989 3549 οὐδὲ
1015 3495 1125 3548 τῶν
1161 3494 1543 3567 ἐγκλημάτων.
1583 3497 1657 3551 Οὐ
1688 3498 1817 3569 γὰρ,

214 3575 379 3629 τοῦτό
401 3592 589 3645 φησιν,
621 3577 706 3629 ὅτι
758 3576 872 3629 Οὐκ
913 3579 972 3630 ἐν
1000 3578 1113 3642 τοῖς
1148 3578 1177 3619 δ
1226 3578 1459 3645 δικαίοις
1502 3581 1796 3652 τέταγμαι,

214 3658 335 3712 ἀλλ’
364 3658 447 3712 δτι
473 3659 589 3712 υὺκ
636 3657 754 3729 εἰμί
790 3657 1031 3730 καθαρὸς
1073 3660 1183 3714 ἀπό
1212 3662 1508 3732 ἁμαρτίας.
1544 3664 1656 3717 Καὶ
1688 3663 1799 3734 γάρ

214 3739 456 3810 ἀλλαχοῦ
482 3756 672 3811 φησιν·
713 3742 769 3793 '0
819 3739 888 3794 δὲ
933 3741 1255 3797 ἀποθανὼν
1283 3743 1398 3816 [91]
1426 3744 1798 3800 δεδικαίωται

214 3822 337 3877 ὼεό
367 3822 480 3888 τῆς
507 3823 826 3893 ἁμαρτίας·
885 3824 1183 3890 τουτέστιν,
1218 3825 1587 3896 ἀπήλλακται.
1616 3826 1797 3881 Πολλά

212 3906 268 3960 δέ
302 3908 396 3960 καὶ
425 3907 742 3977 πράττομεν
767 3906 947 3975 ἁγαθά
973 3908 1093 3978 μὶν,
1119 3909 1221 3963 οὐκ
1244 3909 1354 3963 ἀπὺ
1376 3908 1543 3981 ὀρθῆς
1566 3910 1624 3964 δέ
1651 3908 1803 3979 γνώ-

215 4006 349 4058 μης.
400 3988 514 4042 Καὶ
564 3989 676 4056 γάρ
728 3989 1063 4061 ἐπαινοῦμεν
1098 3990 1348 4055 πολλοὺς,
1402 3992 1507 4045 οὐκ
1550 3994 1796 4057 ἐκείνους

214 4072 442 4143 ποιῆσαι
469 4070 760 4143 λαμπροὺς
793 4071 1128 4144 βουλόμενοι,
1159 4075 1276 4130 ἀλλ’
1303 4074 1528 4147 ἐτέρους
1550 4076 1620 4131 δι’
1644 4078 1794 4131 ἐκεί-

212 4172 322 4207 νων
341 4154 583 4209 δάκνειν.
617 4154 727 4208 Καὶ
755 4155 817 4207 τὸ
851 4156 953 4226 μιν
980 4156 1287 4228 γινόμενον,
1326 4158 1492 4215 καλὸν
1525 4161 1794 4229 (ἐπαινεῖ-

211 4254 303 4291 ται
348 4238 461 4309 γάρ
505 4238 536 4292 δ
584 4236 913 4309 κατορθῶν),
960 4240 999 4311 ή
1037 4240 1095 4294 δέ
1142 4241 1354 4298 διάνοια
1377 4243 1791 4316 διεφθαρμένη⁶

211 4320 324 4375 ἀπὸ
360 4321 664 4391 σατανικῆς
709 4321 820 4393 7&9
871 4324 1088 4391 γίνεται
1134 4324 1383 4396 γνώμης.
1448 4328 1525 4381 Οὐ
1560 4326 1670 4399 7&9
1713 4329 1793 4400 τῷ

210 4402 433 4475 ἀδελφῷ
481 4403 818 4473 συγχαίρων,
853 4403 992 4459 ἀλλά
1043 4404 1137 4460 τδν
1164 4407 1353 4478 ἐτερον
1382 4408 1569 4479 βαλεῖν
1597 4411 1796 4465 ἐπιθυ-

213 4485 355 4557 μῶν,
381 4484 544 4539 τοῦτο
588 4485 854 4549 πολλάκις
903 4488 1175 4560 πεποίηκέ
1202 4507 1305 4553 τις.
1338 4491 1531 4555 Πάλιν,
1569 4493 1790 4567 ἧμαρτέ

207 4584 294 4632 τις
318 4567 596 4640 ἁμαρτίαν
622 4567 887 4640 μεγάλην*
914 4569 1101 4639 ἕτερός
1130 4588 1215 4635 τις
1244 4572 1409 4627 αὐτὸν
1430 4575 1789 4633 ὑποσκελίσαι

211 4649 556 4721 βουλόμενος,
602 4649 757 4707 οὐδέν
784 4668 949 4723 φησιν
979 4651 1290 4723 εἰργάσθαι,
1319 4657 1414 4709 καὶ
1443 4658 1794 4729 παραμυθεῖ-

209 4748 300 4787 ται
321 4733 483 4804 δῆθεν
510 4734 675 4791 αὐτὸν
707 4734 1114 4806 ἁμαρτάνοντα,
1130 4737 1223 4792 ἐπὶ
1252 4738 1316 4791 τὸ
1343 4740 1523 4794 κοινὸν
1556 4741 1656 4811 τῆς
1681 4744 1787 4812 φύ-

209 4830 350 4879 σεως
405 4817 802 4887 καταφεύγων·
848 4818 965 4873 ἁλλ’
1014 4819 1075 4874 ού
1126 4819 1438 4888 συγγνῶναι
1498 4822 1783 4893 πολλάκις,

210 4895 350 4951 ἀλλά
416 4898 804 4973 ῥᾳθυμότερον·
834 4900 1173 4973 ἐργάσασθαι
1220 4900 1570 4973 βουλόμενος,
1626 4906 1788 4963 τοῦτο

209 4980 372 5033 ποιεῖ.
402 4980 583 5037 Πάλιν.
599 4982 920 5057 ἐπιπλήττει
942 4982 1225 5050 πολλάκις,
1249 4985 1349 5056 οὐχ
1377 4984 1520 5045 ὥστε
1566 4988 1788 5059 ἐλέγξαι

208 5063 304 5115 καὶ
326 5062 671 5136 νουθετῆσαι,
700 5066 816 5121 ἀλλ’
842 5066 986 5123 ὥστε
1013 5068 1399 5141 ἐκπομπεῢσαι
1428 5071 1526 5126 καὶ
1545 5073 1785 5144 ἐκτραγ-

206 5144 413 5216 ῳδῆσαι
442 5144 545 5226 ,τῷ
593 5147 822 5219 πλησίον
854 5150 953 5223 τὴν
986 5151 1287 5223 ἁμαρτίαν.
1330 5153 1443 5219 Τάς
1484 5156 1543 5209 δέ
1586 5156 1784 5226 βουλὰς

205 5228 377 5291 αὐτάς
417 5225 696 5299 ἄνθροηυοι
741 5230 841 5300 μὶν
888 5234 991 5290 οὐκ
1043 5234 1246 5301 ἴσασιν,
1287 5236 1318 5288 ὀ
1344 5236 1525 5301 ὣτάς
1552 5239 1782 5309 καρδίας

206 5310 446 5382 ἐρευνῶν
491 5310 738 5380 ἀκριϐῶς
800 5315 1116 5383 ἐπίσταται,
1168 5320 1263 5374 καὶ
1309 5322 1391 5385 εἰς
1448 5322 1615 5392 μέσον
1661 5322 1781 5390 άξει

206 5394 386 5449 πάντα
411 5395 534 5449 τότε
568 5396 783 5450 ἐκεῖνα-
798 5397 888 5450 Διδ
920 5400 1017 5453 καὶ
1044 5400 1229 5471 ἐλεγεν
1246 5419 1261 5436 ο
1300 5405 1399 5471 Ὃς
1429 5405 1676 5475 φωτίσει
1706 5407 1781 5463 τά

204 5477 437 5558 κρυπτὰ
464 5476 576 5533 ποῦ
602 5478 885 5547 σκότους,
919 5481 1021 5535 καί
1043 5486 1379 5554 φανερώσει
1404 5478 1510 5555 τὰς
1537 5488 1779 5558 ,ϐουλὰς

204 5556 322 5611 τῶν
345 5560 628 5629 καρδιῶν.

288 5663 444 5716 ’Θταν
460 5658 556 5717 οὖν
586 5665 682 5719 καί
712 5665 773 5720 ἐν
798 5662 876 5736 τῷ
899 5664 1070 5736 μηδὲν
1103 5668 1323 5736 ἑαυτοῖς
1360 5673 1657 5729 συνειδέναι
1698 5676 1774 5748 μή

264 5850 295 5879 ⁸
312 5852 475 5915 nam,
497 5856 681 5922 ἐκείνῳ.
716 5857 863 5924 Ηει,
885 5862 1080 5913 ἐκεῖνον.
1147 5870 1174 5911 b
1200 5865 1307 5931 Reg
1333 5904 1346 5929 ,
1372 5868 1443 5917 ὅτι
1469 5868 1516 5918 ἐν
1535 5869 1646 5927 τοῖς.

1913 436 2197 510 δυνώμεθα
2222 441 2583 512 ἐγκλημάτων
2613 438 2751 496 εἶναι
2781 441 3032 514 καθαροὶ,
3056 446 3149 499 καὶ
3170 445 3229 499 ἐν
3248 442 3329 510 οἷς
3356 449 3489 517 ἀγα-

1916 520 2008 573 θόν
2030 539 2084 575 τι
2113 523 2449 602 πράττομεν,
2477 526 2579 580 οὐκ
2598 526 2705 580 ἀπὸ
2732 527 2898 598 ὀρθῆς
2925 528 2981 579 δὲ
3006 530 3232 598 γνώμης
3251 530 3488 602 πράττο-

1918 620 2039 673 μεν,
2067 606 2339 677 τιμωρίας
2363 600 2515 678 ὧμεν
2544 608 2854 674 ὑπεύθυνοι,
2887 610 3138 678 ἐννόησον
3172 600 3312 681 πόση
3341 614 3491 682 παρά

1910 685 2219 757 ἀνθρώποις
2250 690 2435 760 ἀπάτη
2458 692 2588 762 περὶ
2606 691 2707 756 τάς
2728 692 2958 763 κρίσεις.
2979 692 3165 746 Πάντα
3190 693 3300 765 γὰρ
3318 696 3491 748 ταῦτα

1910 767 2219 840 ἀνθρώποις
2269 772 2370 842 μὲν
2415 774 2517 827 οὒκ
2559 774 2708 827 ἐστιν
2743 772 2967 843 ἐφικτά,
3003 769 3080 844 τῷ
3109 775 3166 828 δὲ
3201 776 3491 848 ἀκοιμήτῳ

1914 850 2062 923 μόνῳ
2084 853 2378 925 ὀφθαλμιῖν
2408 854 2511 909 κᾶν
2540 856 2867 928 ἀνθρώπους
2898 859 3275 928 ἀπατήσωμεν
3294 898 3309 923 ,
3344 860 3488 912 ἐκεῖ·

1908 951 2001 989 νον
2032 934 2283 989 οὐδέποτε
2307 936 2808 1007 παραλογισόμεθα.
2844 939 2937 1010 Μὴ
2959 940 3138 993 τοίνυν
3163 939 3313 1009 λέγεο
3352 940 3487 993 Σκό-

1911 1032 2001 1079 τος
2026 1015 2207 1087 κύκλῳ
2242 1035 2349 1088 μου
2375 1018 2470 1072 καὶ
2508 1022 2722 1090 τοῖχοι·
2753 1021 2839 1085 τίς
2876 1039 2943 1091 με
2976 1021 3112 1091 ὀρᾷ;
3144 1024 3174 1075 6
3211 1021 3322 1091 7&9
3352 1022 3489 1076 πλά-

1912 1115 2011 1163 σας
2038 1101 2351 1170 καταμόνας
2373 1100 2477 1166 τάς
2509 1103 2737 1173 καρδίας
2758 1104 2934 1173 ήμῶν,
2966 1104 3129 1168 αὐτὸς
3157 1106 3339 1161 πάντα
3364 1107 3488 1159 ἐπί·

1913 1197 2126 1245 σταται,
2153 1183 2236 1236 δτι
2263 1183 2453 1247 σκότος
2489 1185 2550 1237 ού
2578 1184 2998 1257 σκοτισθήσεται
3025 1188 3157 1256 παρ’
3183 1187 3351 1258 αὐτῷ.
3377 1190 3490 1243 Κα-

1910 1262 2017 1326 λῶς
2045 1263 2105 1318 δέ
2141 1282 2306 1334 φησιν
2342 1268 2371 1319 6
2399 1267 2761 1338 ἁμαρτάνων,
2793 1269 2876 1321 ὅτι
2925 1268 3123 1332 Σκότος
3152 1270 3338 1341 κύκλῳ
3384 1289 3488 1341 μου

1910 1347 2005 1400 καὶ
2028 1348 2217 1417 τοῖχοι.
2240 1348 2302 1400 Εἰ
2331 1347 2406 1419 μὴ
2432 1349 2543 1420 γάρ
2564 1349 2753 1413 σκότος
2771 1345 2842 1421 ἦν
2862 1350 2921 1403 ἐν
2950 1354 3015 1423 τῇ
3037 1352 3266 1423 διανοίᾳ,
3299 1354 3402 1406 οὐκ
3420 1353 3489 1406 ἂν

1907 1428 2005 1481 τὸν
2035 1429 2201 1498 φόϐον
2226 1430 2320 1485 τοῦ
2350 1431 2483 1484 Θεοῦ
2509 1432 2780 1497 ἐκϐαλὼν,
2814 1432 2954 1503 μετά
2982 1435 3165 1497 ἀδείας
3193 1434 3483 1507 ἔπραττεν.

1911 1510 2013 1564 “Av
2040 1510 2151 1581 γάρ
2176 1511 2253 1583 μὴ
2268 1513 2536 1586 πρότερον
2563 1514 2821 1586 σκοτισθῇ
2847 1515 2909 1569 τὸ
2924 1516 3272 1586 ἡγεμονικὸν,
3298 1518 3486 1569 ἐπεισ-

1907 1590 2082 1645 ελθεῖν
2101 1594 2134 1662 ή
2166 1594 2412 1664 ἁμαρτία
2452 1597 2591 1664 μετά
2623 1597 2808 1662 ἀδείας
2828 1598 2889 1650 ού
2923 1597 3169 1652 δύναται.
3196 1598 3289 1669 Μὴ
3310 1599 3489 1651 τοίνυν

1907 1674 2051 1743 λέγε·
2084 1675 2182 1737 Τίς
2235 1693 2301 1746 με
2336 1677 2475 1746 δρᾷς
2529 1677 2647 1730 ἐστι
2695 1678 2804 1750 γὰρ
2840 1682 2867 1733 6
2904 1679 3277 1750 διικνούμενος
3325 1681 3487 1751 μέχρι

1906 1754 2086 1826 ψυχῆς
2110 1756 2205 1810 καὶ
2231 1758 2565 1829 πνεύματος,
2589 1758 2786 1830 ἁρμῶν
2823 1777 2883 1814 τε
2926 1762 3020 1814 καὶ
3061 1761 3274 1830 μυελῶν
3295 1778 3309 1793 ’
3351 1762 3488 1816 ἀλλὰ

1908 1840 1975 1893 σὺ
1998 1839 2193 1893 σαυτὸν
2210 1841 2309 1911 οὐχ
2345 1842 2502 1913 ὀρᾷς,
2526 1841 2648 1897 οὐδὲ
2678 1842 2989 1915 διατέμνειν
3035 1842 3262 1897 δύνασαι
3297 1844 3360 1897 τὸ
3396 1845 3486 1897 νέ-

1907 1938 2029 1989 φος,
2052 1922 2168 1978 ἁλλ’
2189 1923 2381 1996 ὥσπερ
2402 1925 2604 1997 τειχίον
2632 1926 2896 1981 πάντοθεν
2919 1926 3058 1997 ἔχων
3078 1926 3483 1996 περικείμενον,

1906 2004 2078 2069 οὕτως
2107 2006 2407 2076 ἀναϐλέψαι
2444 2008 2583 2078 πρὸς
2604 2009 2699 2063 τὸν
2725 2008 2956 2081 οὐρανὸν
2973 2010 3073 2063 οὐκ
3096 2008 3255 2081 εχεις.

1973 2088 2017 2141 δ’
2024 2088 2211 2143 ,Ποίαν
2225 2088 2335 2161 7&9
2354 2089 2533 2160 βούλει
2548 2092 2815 2163 πρότερον
2829 2093 3104 2163 ἁμαρτίαν
3118 2088 3357 2157 ἐξετάσω
3364 2105 3484 2162 μεν;

1904 2170 2000 2222 καί
2026 2170 2147 2239 ὕψει
2162 2170 2307 2224 οὕτω
2324 2172 2615 2243 γινομένην
2636 2174 2831 2245 αὑτήν.
2861 2174 3131 2245 Καθάπερ
3154 2173 3272 2244 γὰρ
3286 2173 3484 2245 λῃσταὶ

1903 2252 1999 2307 καὶ
2033 2254 2429 2326 τοιχωρύκται,
2464 2257 2687 2311 ἐπειδάν
2724 2275 2780 2310 τι
2807 2257 2916 2311 τῶν
2941 2258 3139 2326 τιμίων
3177 2256 3363 2310 λαϐεῖν
3391 2255 3483 2309 θε-

1903 2333 2131 2405 λήσωσι⁹
2148 2338 2242 2392 τὸν
2268 2336 2464 2409 λύχνον
2484 2339 2925 2403 κατασϐέσαντες
2952 2338 3110 2392 τοῦτο
3136 2339 3481 2409 πράττουσιν·

1902 2417 2049 2473 οὕτω
2067 2418 2161 2472 καὶ
2177 2421 2271 2473 ἐπὶ
2298 2420 2407 2473 τῶν
2425 2421 2855 2491 ἁμαρτανόντων
2877 2421 3155 2492 ὀδιεφθαρ
3161 2420 3322 2492 μένος
3343 2422 3488 2473 ποιεῖ

1902 2499 2184 2570 λογισμός.
2215 2501 2335 2555 Καὶ
2351 2501 2458 2574 γάρ
2493 2504 2587 2556 καὶ
2623 2504 2681 2555 ἐν
2711 2505 2847 2573 ήμῖν
2879 2504 2999 2557 ἐστι
3028 2502 3144 2571 φῶς
3179 2502 3241 2556 τὺ
3269 2501 3486 2572 λογικὸν

1901 2581 2081 2635 διόλου
2112 2582 2425 2653 καιόμενον.
2460 2584 2558 2636 Ἂν
2596 2583 2655 2636 δέ
2712 2584 2774 2636 τὸ
2820 2585 3043 2653 πνεῦμα
3089 2585 3189 2654 τῆς
3229 2584 3487 2654 πορνείας

1904 2656 2150 2735 σφοδρῶς
2176 2665 2403 2720 ἐπελθὸν
2431 2665 2574 2737 μετά
2602 2664 2806 2736 πολλῆς
2838 2667 2940 2736 τῆς
2969 2666 3149 2737 ῥύμης
3170 2666 3490 2737 κατασϐέσῃ

1899 2745 1999 2814 τήν
2026 2746 2205 2814 φλόγα
2225 2747 2463 2816 ἐκείνην,
2496 2748 2777 2801 ἐσκότισεν
2821 2747 3025 2811 εὐθέως
3057 2747 3155 2818 τὴν
3187 2746 3365 2819 ψυχὴν
3392 2748 3486 2800 καὶ

1901 2829 2340 2899 κατηγωνίσατο,
2373 2830 2467 2885 καί
2506 2831 2684 2882 πάντα
2717 2829 2985 2900 ἐσύλησεν
3025 2830 3233 2893 εὐθέως
3285 2830 3359 2883 τά
3395 2833 3486 2883 ὲν-

1900 2910 2433 2980 αποκείμενα.”οταν
2455 2910 2566 2982 γάρ
2591 2911 2696 2965 ὑπό
2711 2911 2976 2980 ἀσελγοῦς
2999 2911 3293 2983 ἐπιθυμίας
3312 2912 3427 2982 ἁλῷ
3451 2914 3492 2981 ή

1899 2992 2068 3064 ψυχὴ,
2094 2994 2349 3066 καθάπερ
2382 2996 2544 3064 νέφος
2597 2994 2691 3048 καὶ
2724 2996 2896 3065 ἀχλὺς
2926 2996 3055 3059 τοὺς
3102 2995 3196 3048 τοῦ
3231 2994 3485 3067 σώματος

1899 3076 2234 3147 ὀφθαλμοὺς,
2265 3078 2409 3132 οὕτω
2444 3078 2545 3147 τῆς
2571 3078 2814 3142 διανοίας
2846 3078 2907 3132 τὸ
2951 3079 3312 3149 προορατικὺν
3351 3096 3483 3150 προ-

1901 3159 2282 3213 καταλαϐοὖσα
2306 3160 2512 3231 ἐκείνη,
2532 3160 2721 3213 οὐδένα
2740 3160 2967 3231 ἀφίησιν
2996 3161 3124 3213 ἰδεῖν
3150 3160 3267 3233 [92]
3293 3177 3484 3231 περαι-

1899 3242 2063 3314 τέρω,
2094 3243 2155 3295 οὐ
2182 3243 2449 3313 κρημνὸν,
2483 3243 2544 3295 οὒ
2584 3242 2810 3311 γέενναν
2830 3283 2845 3307 ,
2880 3243 2941 3295 οὐ
2985 3242 3187 3310 φόϐον,
3231 3243 3347 3295 ἀλλ’
3378 3245 3487 3297 ὑπὸ

1897 3325 1998 3396 τῆς
2018 3324 2313 3395 ἐπιϐουλῆς
2336 3326 2553 3397 ἐκείνης
2577 3326 2979 3398 τυραννηθείσα
3007 3325 3214 3389 λοιπὸν,
3246 3326 3482 3382 εὐκατα-

1898 3409 2158 3477 γώνιστος
2186 3410 2291 3463 ὑπὸ
2322 3408 2423 3480 τῆς
2463 3410 2741 3481 ἁμαρτίας
2793 3408 3005 3477 γίνεται
3029 3427 3044 3442 ’
3092 3412 3189 3463 καὶ
3228 3409 3484 3481 καθάπερ

1898 3494 2075 3563 τοῖχος
2111 3493 2443 3562 ἁθυρίδωτος
2465 3492 2576 3563 πρὸ
2594 3492 2703 3545 τῶν
2730 3491 3027 3562 ὀφθαλμῶν
3072 3491 3341 3563 ἐγερθεὶς,
3379 3492 3484 3545 οθκ

1897 3574 2092 3646 ἀφίησι
2121 3576 2219 3647 τὴν
2242 3578 2439 3631 ἀκτῖνα
2472 3576 2573 3646 τῆς
2597 3576 2945 3649 δικαιοσύνης
2975 3575 3249 3644 ἐλλάμψαι
3274 3578 3342 3647 τῇ
3371 3577 3482 3629 διαο

1896 3659 2036 3728 νοίᾳ,
2063 3659 2172 3712 τῶν
2190 3659 2470 3730 λογισμῶν
2498 3659 2606 3712 τῶν
2627 3658 2854 3712 ἀτόπων
2884 3660 2985 3727 τῆς
3006 3658 3306 3727 ἐπιθυμίας
3344 3659 3480 3711 πάν-

1895 3741 2051 3794 τοθεν
2072 3741 2247 3812 αὐτὴν
2268 3743 2719 3813 ἐπιτειχισὰντων
2741 3751 2764 3780 ο
2788 3757 2801 3771 ο
2826 3740 2923 3793 καὶ
2942 3741 3159 3811 ἀπαντᾷ
3188 3739 3336 3811 αὐτῷ
3356 3740 3478 3793 τότε

1895 3822 2083 3877 λοιπὸν
2112 3824 2148 3895 ή
2174 3825 2549 3896 πορνευομένη
2582 3824 2742 3897 γυνὴ.
2773 3824 2881 3895 πρὸ
2899 3823 3007 3880 τῶν
3031 3823 3346 3894 ὀφθαλμῶν,
3372 3824 3480 3895 πρὸ

1893 3907 1997 3976 τῆς
2033 3907 2293 3972 διανοίας,
2327 3906 2434 3977 πρὸ
2464 3907 2575 3959 τῶν
2603 3906 2885 3978 λογισμῶν
2934 3906 3150 3961 ἑστῶσα
3176 3906 3271 3961 καὶ
3294 3923 3479 3976 φαινοι-

1897 3988 2071 4060 μένηο
2103 3989 2199 4042 καὶ
2223 3988 2415 4058 ὥσπερ
2439 3989 2490 4042 οἰ
2537 3989 2955 4060 πεπηρωμένοι,
2990 3991 3097 4045 κᾶν
3145 3990 3205 4041 ἐν
3242 3988 3477 4060 σταθερᾷ

1896 4069 2217 4141 μεσημϐρίᾳ
2255 4070 2350 4123 ὑπ’
2380 4069 2549 4125 αὑτοῦ
2580 4069 2677 4124 τοῦ
2707 4071 2735 4111 ά
2765 4070 3001 4142 οὐρανοῦ
3029 4071 3091 4124 τὸ
3128 4072 3294 4142 μέσον
3315 4072 3479 4141 ἐστη-

1894 4150 2051 4215 κότες
2078 4146 2308 4216 ὧσιν,ού
2331 4152 2732 4223 παραδέχονται
2758 4154 2817 4207 τὸ
2851 4153 2988 4223 φῶς,
3007 4152 3477 4224 ἐγκεκλεισμένων

1893 4235 2078 4298 αὐτοῖς
2106 4234 2215 4289 τῶν
2239 4236 2504 4306 ὀμμάτων
2524 4252 2537 4266 ’
2564 4235 2709 4289 οὕτω
2740 4236 2807 4307 δὴ
2831 4237 2928 4290 καὶ
2973 4228 3145 4300 οὗτοι,
3172 4236 3278 4289 κᾶν
3308 4237 3483 4308 μυρία

1893 4318 2163 4373 πάντοθεν
2199 4318 2382 4381 αὐτοῖς
2412 4320 2579 4391 ἐνηχῇ
2631 4322 2873 4391 σωτήρια
2907 4320 3176 4390 δόγματα,
3198 4319 3277 4391 τῷ
3313 4320 3477 4375 πάθει

1892 4401 2067 4472 τούτῳ
2096 4403 2636 4474 προκατειλημμένοι
2658 4405 2758 4476 τὴν
2774 4403 2978 4475 ψυχὴν,
3004 4406 3138 4459 πάσι
3160 4407 3272 4467 τοῖς
3297 4404 3476 4458 τοιού-

1890 4501 2007 4548 τοις
2035 4484 2220 4553 λόγοις
2252 4485 2672 4555 ἀπυφράττουσι
2698 4487 2797 4558 τὴν
2829 4488 3027 4557 ἀκοήν.
3074 4487 3186 4541 Καὶ
3217 4486 3397 4541 ῐσασιν
3424 4488 3476 4538 οἰ

1889 4567 1991 4636 τὴν
2020 4569 2215 4639 πεῖραν
2240 4568 2523 4639 εἰληφότες
2551 4568 2755 4633 καλῶςῖ
2793 4569 2934 4622 Ἀλλ’
2963 4569 3109 4639 ὑμᾶς
3148 4569 3226 4640 μὴ
3265 4569 3478 4636 γένοιτο

1888 4650 1999 4703 ἀπὸ
2020 4649 2122 4719 τῆς
2150 4650 2351 4721 πείρας
2376 4650 2551 4720 αὐτῆς
2580 4652 2800 4707 εἰδέναι.
2831 4653 2945 4722 Οὐχ
2975 4650 3115 4722 αὕτη
3146 4651 3204 4704 δέ
3242 4650 3404 4719 μόνον
3437 4652 3473 4721 ἡ

1888 4732 2133 4805 ἁμαρτία
2156 4733 2335 4790 ταῦτα
2354 4736 2517 4797 ποιεῖ,
2541 4734 2678 4789 ἁλλὰ
2703 4736 2799 4788 καὶ
2834 4736 2942 4797 πᾶς
2972 4734 3114 4806 ἔρως
3143 4734 3366 4797 ἄτοπος.
3558 4748 3567 4761 ‘

1958 4835 2299 4908 Μεταθῶμεν
2333 4836 2467 4909 γὰρ,
2487 4840 2537 4891 εἰ
2558 4838 2730 4903 δοκεῖ,
2760 4839 2855 4893 τὸν
2873 4838 3035 4905 λόγον
3068 4835 3181 4892 ἀπὸ
3208 4837 3311 4908 τῆς
3341 4855 3477 4909 πορ-

1886 4919 2185 4992 νευομένης
2206 4920 2466 4989 γυναικὸς
2487 4921 2582 4974 ἐπὶ
2606 4921 2677 4975 τά
2706 4922 2986 4993 χρήματα,
3034 4920 3130 4975 καὶ
3161 4919 3477 4988 θεασόμεθα

1887 5001 1984 5056 καὶ
2004 5001 2241 5063 ἐνταῦθα
2274 5002 2481 5055 πυκνὸν
2523 5002 2715 5064 σκότος
2748 5002 2845 5055 καὶ
2884 5004 3130 5075 συνεχές.
3191 5004 3338 5055 Ἐκεῖ
3371 5002 3473 5072 μέν

1886 5083 2018 5152 7&9,
2052 5083 2152 5137 ἁτε
2172 5084 2305 5153 μιᾶς
2326 5081 2495 5154 οὔσης
2515 5083 2616 5153 τῆς
2644 5083 2931 5156 ἐρωμένης
2953 5086 3049 5139 καὶ
3076 5087 3157 5148 εἰς
3185 5084 3293 5138 ἕνα.
3305 5084 3473 5140 τόπον

1884 5164 2411 5236 ἀποκεκλεισμένης,
2434 5166 2539 5235 οὐχ
2558 5164 2705 5219 οὕτω
2729 5167 3041 5238 σφοδρὸν-τὸ
3070 5165 3267 5230 πάθος⁶
3287 5167 3381 5221 ἐπὶ
3407 5168 3466 5222 δέ

1882 5245 1993 5299 τῶν
2020 5247 2320 5318 χρημάτων
2349 5248 2665 5321 ἁπανταχοῦ
2700 5250 3061 5319 φαινομένων,
3086 5251 3145 5302 ἐν
3160 5251 3471 5323 ἀργυροκο-

1883 5328 2077 5395 πείοις,
2103 5330 2163 5383 ἐν
2196 5332 2555 5405 πανδοκείοις,
2588 5334 2648 5385 ἐν
2680 5332 3072 5402 χρυσοχοείοις,
3117 5334 3176 5387 ἐν
3204 5337 3326 5398 ταῖς
3358 5334 3466 5387 τῶν

1881 5412 2253 5469 πλουτούντων
2265 5415 2486 5479 οἰκίαις,
2515 5414 2761 5485 σφοδρῶς
2788 5414 2817 5466 ὀ
2842 5413 2983 5485 ιρως
3006 5419 3149 5471 πνεῖ.
3172 5417 3338 5470 ὀταν
3357 5418 3470 5488 γάρ

1878 5496 2078 5560 παῖδας
2107 5496 2399 5562 σοϐοῦντας
2427 5498 2523 5551 ἐπὶ
2553 5500 2651 5566 τῆς
2690 5497 2919 5567 ἀγορᾶς,
2964 5499 3169 5563 ἵππους
3194 5515 3464 5570 χρυσοφοο

1879 5578 2129 5647 ροῦντας,
2182 5578 2507 5651 ἀνθρώπους
2548 5577 3060 5650 καλλωπιζομένους
3109 5580 3462 5637 πολυτελέσιν

1877 5662 2183 5734 ἐσθήμασιν
2214 5663 2299 5733 ῖδῃ
2334 5664 2455 5731 μετ’
2483 5660 2778 5729 ἐπιθυμίας
2812 5664 2841 5715 ὀ
2872 5663 3063 5729 νοσῶν,
3088 5664 3255 5729 πολὺς
3281 5666 3311 5719 ὀ
3343 5665 3463 5719 σκό-

1943 5873 1966 5905 ⁶
1991 5868 2099 5935 Reg
2125 5905 2139 5932 ,
2162 5870 2557 5931 ίπιτειχιζὸντων.
2622 5867 2649 5911 ἆ
2674 5870 2821 5934 Reg,
2842 5872 2922 5920 ὑπ’
2945 5871 3064 5923 αὐτὸ
3081 5872 3183 5923 τοῦ.
