4084 6328
531 349 602 408 95
1280 350 1337 405 S.
1377 349 1667 406 JOANNIS
1703 350 2200 408 CHRYSOSTOMI
2240 353 2562 412 ARCHIEP.
2603 356 3154 415 CONSTANTINOI‘.
3729 365 3800 420 95

527 486 621 532 τος
642 467 976 536 καταχεῖ-ται.
1017 464 1126 518 Kal
1158 465 1209 515 τί
1247 465 1328 516 δεῖ
1365 465 1544 533 λέγειν
1581 465 1760 528 οἰκίας
1803 467 1897 519 καὶ
1936 468 2111 538 ἀργυ-

532 552 822 622 ροκοπεῖα;
859 549 995 617 Ἐγὼ
1029 549 1137 619 γάρ
1167 544 1320 618 οἶμαι
1351 551 1478 611 τοὺς
1524 549 1820 612 τοιούτους,
1880 550 1983 603 κάν
2019 551 2112 602 ἐπὶ

527 636 629 704 τῆς
661 634 881 704 γραφῆς
902 632 1054 684 ἴδωσι
1076 624 1175 684 ’καὶ
1197 633 1297 700 τῆς
1328 633 1538 695 εἰκόνος
1565 633 1656 685 τὸν
1687 633 1936 697 πλοῦτον,
1969 649 2110 684 σπα-

532 717 821 788 ράττεσθαι
852 715 942 767 καὶ
963 714 1265 785 ἀγριαίνειν
1293 716 1386 766 καὶ
1417 715 1612 786 λυττᾷν
1631 731 1643 742 ·
1673 714 1814 768 ὥστε
1846 715 2112 768 πάντοθεν

528 803 717 861 αὐτοῖς
739 800 800 850 τό
831 800 1023 860 σκότος
1054 797 1368 864 συνάγεται.
1395 797 1514 850 Κᾶν
1543 800 1653 866 γὰρ
1677 799 1757 860 εἰς
1777 797 1961 850 εἰκόνα
1989 795 2111 866 βλέ-

525 886 669 952 ψωσι
707 882 1016 953 βασιλικὴν,
1052 882 1111 932 οὐ
1137 880 1476 950 θαυμάζουσι
1503 881 1610 934 τῶν
1640 881 1802 935 λίθων
1828 881 1886 934 τὸ
1914 881 2109 942 κάλλος

526 968 649 1019 οὐδέ
677 967 769 1017 τὸν
805 965 1005 1034 χρυσὸν
1035 964 1154 1017 οὐδέ
1187 963 1247 1016 τὸ
1271 964 1536 1033 ἁλουργὲς
1566 964 1781 1034 ἱμάτιον
1800 1007 1814 1029 ,
1849 963 1985 1016 ἀλλά
2011 964 2108 1032 τή-

527 1068 734 1103 κονται.
775 1049 885 1100 Καὶ
909 1047 1155 1117 καθάπερ
1183 1050 1210 1101 ό
1248 1047 1489 1118 δύσερως
1523 1049 1750 1113 ἐκεῖνος,
1796 1047 1897 1100 κᾶν
1926 1046 2112 1099 εἰκόνα

528 1134 790 1202 θεάσηται
835 1134 931 1200 τῆς
970 1130 1253 1199 ἐρωμένης
1309 1131 1587 1199 γυναικὸς,
1631 1131 1982 1200 προσήλωται
2032 1128 2110 1196 τῷ

525 1214 742 1283 ἀψύχῳο
770 1214 912 1265 οὕτω
939 1215 1034 1264 καὶ
1054 1205 1210 1276 οὗτος
1237 1213 1442 1282 ἄψυχον
1457 1213 1599 1284 όρῶν
1620 1213 1803 1265 εἰκόνα
1821 1210 1914 1264 τοῦ
1946 1210 2114 1263 πλού-

523 1312 640 1358 του,
665 1298 725 1349 τὸ
760 1295 892 1348 αὐτὸ
943 1295 1145 1366 πάσχει
1185 1297 1470 1366 μειζόνως,
1519 1295 1613 1347 ἀτε
1655 1293 2110 1364 τυραννικωτέρῳ

525 1381 890 1450 κατεχόμενος
918 1381 1079 1434 πάθει
1099 1396 1110 1406 ’
1145 1382 1238 1433 καὶ
1273 1381 1376 1450 χρὴ
1411 1379 1595 1431 λοιπὸν
1628 1379 1661 1449 ἢ
1691 1378 1870 1447 μένειν
1896 1375 1986 1427 ἐπὶ
2013 1375 2110 1443 τῆς

524 1463 721 1525 οἰκίας,
754 1464 787 1532 ἢ
819 1464 1130 1531 ἐμϐαλόντα
1151 1463 1242 1514 ἐπὶ
1272 1465 1368 1531 τῆς
1395 1464 1622 1532 ἀγορᾶς,
1658 1461 1858 1531 μυρίας
1878 1457 2109 1511 λαϐόντα

523 1545 740 1614 πληγάς
774 1548 1076 1617 ἀναχωρεῖν
1127 1547 1342 1599 οῖκαδεσ
1388 1546 1558 1598 πολλά
1586 1545 1692 1614 γάρ
1737 1545 1804 1596 τά
1839 1543 2108 1594 λυποῦντα

525 1629 690 1681 αὐτοῦ
723 1630 850 1690 τούς
881 1628 1215 1698 ὀφθαλμούς.
1271 1629 1380 1681 Καὶ
1415 1629 1668 1698 καθάπερ
1720 1629 1927 1687 ἐκεῖνος
1957 1623 2108 1677 οὐδὲν

524 1709 711 1780 ἕτερον
743 1712 774 1780 ἢ
810 1710 907 1780 τὴν
938 1714 1172 1778 γυναῖκα
1197 1713 1319 1781 ὁρᾷ,
1351 1710 1495 1763 οῦτω
1532 1711 1628 1764 καὶ
1666 1703 1822 1770 οὗτος
1869 1709 2108 1776 πένητας

526 1792 625 1863 μὲν
654 1794 834 1845 καὶτὰ
860 1795 994 1846 ἄλλα
1030 1796 1205 1848 πάντα
1232 1796 1590 1864 παρατρέχει,
1617 1794 1702 1844 ἵνα
1749 1792 1882 1862 μηδέ
1930 1807 2109 1861 παρα-

527 1874 722 1943 μυθίαν
753 1876 894 1949 λάϐῃ
921 1894 932 1905 ⁸
965 1878 1099 1947 πρὸς
1127 1878 1183 1929 δὲ
1205 1879 1335 1938 τοὺς
1365 1878 1631 1945 εὐπόρους
1658 1875 1953 1938 ἐνατενίζει
1982 1873 2108 1933 τοὺς

521 1957 860 2028 ὀφθαλμοὺς,
881 1962 1048 2012 πολὺν
1071 1962 1164 2012 καὶ
1187 1960 1412 2030 σφοδρὸν
1438 1960 1544 2012 ἀπὸ
1560 1960 1656 2028 τῆς
1687 1958 1910 2010 ἐκείνων
1935 1955 2109 2023 ὂψεως

520 2044 602 2104 εἰς
635 2042 736 2112 τὴν
765 2044 957 2095 ἐαυτοῦ
984 2042 1162 2113 ψυχὴν
1203 2044 1441 2110 εἰσάγων
1467 2043 1525 2095 τὸ
1555 2042 1686 2112 πῦρ.
1710 2041 1830 2110 Πῦρ
1856 2044 1964 2110 γάρ
1991 2041 2108 2092 ἐστι

523 2125 780 2194 χαλεπῶς
822 2127 1108 2178 κατεσθίον
1144 2126 1233 2178 τὸν
1257 2128 1590 2195 ἐμπεσόντα,
1619 2125 1713 2178 καὶ
1741 2127 1786 2175 εἰ
1818 2125 1890 2193 μὴ
1915 2122 2107 2189 γέεννα

521 2208 791 2279 ὴπείλητο
834 2210 971 2279 μηδέ
1022 2211 1277 2272 κόλασις,
1331 2210 1472 2262 αὐτά
1501 2209 1570 2263 τά
1604 2208 1848 2278 παρόντα
1886 2207 2106 2269 κόλασις

518 2287 608 2362 ἦν,
648 2292 708 2344 τὸ
751 2293 1012 2362 διηνεκῶς
1058 2293 1443 2361 βασανίζεσθαι
1490 2293 1583 2344 καὶ
1616 2291 1887 2361 μηδέποτε
1933 2290 2108 2360 πέρας

519 2375 798 2446 εὑρίσκειν
824 2376 918 2428 τοῦ
944 2378 1267 2445 νοσήματος.
1303 2377 1414 2429 Kal
1443 2377 1601 2446 ῆρκει
1634 2376 1729 2426 καὶ
1768 2373 1939 2426 ταῦτα
1972 2373 2107 2443 μόνα

521 2461 710 2527 πεῖσαι
737 2462 928 2527 φυγεῖν
950 2459 1048 2529 τὴν
1068 2459 1386 2529 ἀρρωστίαν
1408 2475 1420 2489 ·
1449 2459 1564 2510 ἀλλ’
1589 2458 1743 2510 οὐδὲν
1778 2457 1960 2518 ἀνοίας
1995 2459 2108 2526 χεῖ-

524 2558 637 2610 ρον,
666 2544 699 2610 ἢ
733 2545 825 2595 καὶ
866 2545 979 2605 τοῖς
1009 2543 1248 2613 ἀθυμίαν
1271 2543 1498 2612 φέρουσι
1539 2543 1832 2612 πράγμασι
1863 2544 1956 2594 καὶ
1983 2542 2107 2609 κέρ-

517 2626 604 2687 δος
629 2626 781 2679 οὐδὲν
812 2626 930 2697 [95]
973 2627 1360 2696 προσηλῶσθαι
1406 2625 1838 2696 παρασκευάζει.
1883 2624 1970 2674 Διὸ
2000 2640 2106 2674 πα-

520 2711 744 2780 ρακαλώ
770 2711 1075 2781 ἀρχόμενον
1096 2711 1388 2762 ἐκκόπτειν
1411 2709 1471 2761 τὸ
1496 2708 1684 2772 πάθος.
1713 2708 1982 2777 Καθάπερ
2000 2707 2102 2775 γὰρ

520 2797 756 2866 πυρετος
793 2795 945 2862 παρὰ
979 2795 1077 2864 μὲν
1102 2796 1198 2864 τὴν
1223 2793 1396 2863 ἀρχὴν
1428 2792 1772 2865 προσϐαλὼν,
1806 2792 1864 2844 οὐ
1901 2791 2103 2860 σφόδρα

519 2877 706 2945 φλέγει
737 2881 803 2946 τῇ
834 2877 961 2948 δίψῃ
1008 2878 1131 2939 τοὺς
1179 2876 1511 2944 κάμνοντας,
1549 2876 1764 2938 ἐπιδοὺς
1796 2876 1852 2928 δὲ
1885 2878 1977 2928 καὶ
2006 2874 2104 2943 τὴν

517 2961 690 3028 φλόγα
726 2961 959 3030 ἐπάρας,
989 2962 1184 3012 ἀνίατα
1231 2960 1391 3030 διψᾷν
1430 2961 1842 3030 παρασκευάζει
1885 2959 2102 3010 λοιπόν·

517 3044 619 3095 κάν
652 3044 911 3113 παράσχῃ
950 3061 1031 3105 τις
1067 3044 1248 3104 αὐτοῖς
1285 3043 1664 3112 ἐμφορηθῆναι
1707 3042 1800 3094 τοῦ
1837 3042 2099 3110 πόματος,

516 3129 577 3178 οὐ
608 3127 908 3185 σϐέννυσιν,
935 3127 1049 3178 ἀλλ’
1079 3126 1290 3178 ἐκκαίει
1317 3127 1412 3196 τὴν
1437 3128 1664 3195 κάμινον
1688 3142 1702 3156 ο
1726 3126 1867 3178 οὕτω
1896 3126 1989 3177 καὶ
2010 3125 2101 3176 ἐπὶ

515 3210 706 3263 τούτου
746 3210 1025 3280 συμϐαίνει
1074 3212 1167 3263 τοῦ
1200 3211 1440 3274 πάθους·
1465 3211 1537 3266 ’ἂν
1591 3211 1742 3283 παρά
1793 3212 1890 3282 τὴν
1931 3211 2101 3282 ἀρχὴν

516 3296 824 3348 εἰσελαύνον
852 3297 930 3358 εἰς
968 3296 1064 3365 τὴν
1101 3296 1277 3365 ψυχὴν
1305 3297 1402 3367 τὴν
1433 3297 1712 3367 ἡμετέραν
1733 3296 1807 3366 μὴ
1849 3296 2102 3348 κωλύσω-

520 3397 618 3446 μεν
655 3379 788 3446 μηδὲ
824 3378 1238 3448 ἀποκλείσωμεν
1269 3379 1366 3441 τὰς
1399 3379 1602 3448 θύρας,
1637 3380 1877 3432 εἰσελθὸν
1918 3379 2102 3432 λοιπὸν

515 3463 735 3514 ἀνίατον
779 3462 1071 3531 ἐργάζεται
1105 3466 1217 3524 τοῖς
1247 3463 1562 3530 δεξαμένοις
1591 3464 1651 3514 τὸ
1701 3463 1934 3531 νόσημα.
1993 3463 2103 3514 Καὶ

517 3545 624 3616 γάρ
657 3547 750 3599 καί
782 3546 848 3598 τά
876 3546 1015 3598 καλά
1065 3547 1159 3597 καὶ
1183 3547 1249 3598 τά
1279 3547 1425 3598 κακά
1473 3546 1599 3599 ὅταν
1636 3546 1918 3599 ἐπιπλεῖον
1972 3547 2102 3615 ἡμῖν

516 3630 853 3701 ἐνδιατρίψῃ,
886 3629 1232 3701 δυνατώτερα
1267 3630 1492 3693 γίνεται.

587 3737 648 3787 ε’.
675 3737 787 3787 Kal
821 3736 912 3787 ἐπὶ
945 3737 1162 3790 πάντων
1191 3737 1245 3789 δὲ
1279 3738 1386 3790 τῶν
1418 3737 1590 3791 ἄλλων
1621 3736 1777 3791 τοῦτο
1804 3738 2101 3807 συμϐαῖνον

517 3822 614 3874 ἴδοι
635 3839 720 3882 τις
750 3823 833 3874 ἄν.
870 3823 980 3874 Καὶ
1010 3822 1116 3892 γάρ
1145 3820 1313 3888 ’φυτὸν
1355 3823 1477 3890 ἄρτι
1511 3825 1607 3892 μὲν
1639 3823 1850 3875 ἐντεθέν
1883 3825 1972 3874 ἐπὶ
2006 3823 2102 3892 τῆς

515 3907 638 3972 γῆς,
677 3905 915 3967 εὐκόλως
949 3906 1288 3958 ἀνασπᾶται·
1323 3905 1498 3974 χρόνῳ
1534 3905 1591 3956 δὲ
1638 3904 1819 3974 πολλῴ
1849 3904 2100 3973 ῥιζωθὲν,

514 3991 720 4048 οὐκέτι,
754 3989 888 4042 ἀλλὰ
915 3989 1116 4058 πολλῆς
1145 3988 1315 4040 δεῖται
1361 3988 1459 4057 τῆς
1495 3987 1749 4056 μοχλείας
1773 4006 1783 4018 ⁸
1830 3988 1922 4039 καὶ
1958 3990 2092 4039 οἰκον

513 4074 652 4143 δομὴ
678 4074 954 4142 νεοπαγὴς
988 4075 1084 4142 μὲν
1113 4069 1268 4135 οὖσα,
1300 4072 1692 4142 περιτρέπεται
1722 4072 1960 4134 εὐκόλως
1996 4073 2102 4124 ὐπὸ

514 4158 621 4210 τῶν
657 4157 1016 4228 ἐνοχλούντων
1039 4176 1050 4189 ·
1077 4160 1316 4225 παγεῖσα
1349 4158 1403 4209 δέ
1435 4157 1633 4220 καλῶς,
1674 4157 1843 4209 πολλὰ
1871 4157 2099 4225 παρέχει

511 4244 624 4302 τοῖς
651 4242 935 4309 καθαιρεῖν
966 4242 1304 4310 ἐπιχειροῦσι
1334 4240 1403 4292 τά
1431 4241 1733 4308 πράγματα
1758 4255 1770 4267 ·
1795 4238 1888 4290 καὶ
1912 4238 2100 4308 θηρίον

512 4324 696 4386 τόποις
731 4325 1187 4394 ἐμφιλοχωρῆσαν
1226 4324 1401 4392 πολλῴ
1431 4322 1609 4392 χρόνῳ
1646 4321 1920 4382 δυσκόλως
1946 4323 2099 4374 ἐλαύ-

511 4427 683 4460 νεται.
729 4408 853 4469 Τοῖς
891 4408 988 4476 μὲν
1016 4403 1108 4458 οὖν
1139 4406 1346 4457 οὐδέπω
1386 4405 1799 4473 κατασχεθεῖσιν
1846 4405 1948 4456 ὐπὸ
2004 4405 2096 4458 τοῦ

513 4493 719 4552 πάθους
751 4490 1052 4562 παρακαλῶ
1091 4490 1162 4560 μὴ
1193 4491 1395 4562 ἀλῷναι
1417 4507 1429 4518 ·
1465 4489 1834 4559 εὐκολώτερον
1856 4490 1964 4559 γάρ
1998 4509 2098 4556 φυ-

510 4575 778 4638 λάξασθαι
945 4576 1205 4644 ἐμπεσεῖν
1234 4560 1313 4643 ,ἢ
1368 4573 1711 4643 ἐμπεσόντας
1770 4573 2098 4641 ἀποστῆναι.

515 4662 638 4723 Τοῖς
663 4660 718 4711 δὲ
749 4660 1130 4727 κατασχεθεῖσι
1158 4661 1254 4712 καὶ
1281 4658 1773 4730 κατερραγμένοις,
1813 4658 1907 4711 ἐάν
1941 4658 2099 4727 θελή-

512 4760 678 4796 σωσιν
726 4742 1004 4794 ἐπιδοῦναι
1042 4743 1268 4802 ἐαυτούς
1327 4742 1497 4810 ἰατρῴ
1543 4741 1623 4809 τῷ
1675 4742 1840 4811 λόγῳ,
1896 4742 2097 4813 πολλὴν

511 4824 925 4894 ἐπαγγέλλομαι
959 4825 1232 4893 σωτηρίας
1262 4822 1449 4874 ἐλπίδα
1489 4825 1556 4892 τῇ
1589 4825 1682 4876 τοῦ
1724 4825 1856 4878 Θεοῦ
1889 4826 2094 4895 χάριτι.

515 4910 610 4961 "Av
647 4908 756 4978 γὰρ
795 4909 920 4969 τούς
956 4906 1226 4967 παθόντας
1255 4905 1347 4957 καὶ
1377 4907 1777 4973 περιπεσόντας
1825 4908 1902 4975 τῷ
1933 4906 2095 4978 νοσήὶ

514 5011 666 5060 ματι,
707 4995 800 5046 καὶ
829 4990 1222 5058 ἀνενεγκόντας
1255 4991 1571 5059 ἐννοήσωσι,
1599 4994 1843 5059 χρηστάς
1885 4992 2096 5054 ἕξουσιν

511 5063 731 5138 ἐλπίδας
758 5076 902 5145 ὑπὲρ
931 5076 1030 5145 τῆς
1056 5073 1147 5126 τοῦ
1184 5074 1494 5143 νοσήματος
1511 5073 1850 5142 ἀπαλλαγῆς.
1880 5075 1975 5137 Τίς
2003 5072 2095 5128 οὖν

511 5162 806 5231 περιέπεσε
836 5160 913 5230 τῷ
951 5160 1219 5230 νοσήματι
1266 5156 1476 5225 τούτῳ,
1522 5157 1616 5209 καὶ
1663 5157 1951 5227 ἀπηλλάγη
1999 5163 2095 5230 ρᾳ-

507 5244 671 5307 δίως;
716 5243 775 5295 ’0
810 5244 1075 5312 Ζακχαῖος
1112 5244 1336 5304 ἐκεῖνος.
1373 5240 1436 5291 Τί
1481 5239 1589 5310 γάρ
1631 5241 1863 5292 τελώνου
1895 5243 2096 5310 μᾶλλον

510 5327 923 5398 φιλοχρήματον
944 5327 1138 5394 γένοιτ’
1164 5327 1227 5380 ἄν
1252 5343 1265 5390 ;
1310 5323 1449 5377 Ἀλλ’
1475 5324 1541 5375 ἀθ
1553 5323 1671 5392 ρόον
1705 5323 1921 5389 ἐγένετο
1952 5324 2098 5391 φιλό-

510 5430 696 5481 σοφος,
748 5411 842 5464 καὶ
878 5412 1057 5462 πᾶσαν
1104 5410 1294 5462 ἐσΰεσε
1348 5411 1446 5479 τὴν
1479 5408 1674 5478 πυράν.
1724 5407 1784 5459 '0
1819 5407 2096 5472 Ματθαῖος

505 5495 743 5564 ὁμοίως’
778 5492 874 5547 καὶ
911 5493 1020 5562 γὰρ
1041 5494 1133 5544 καὶ
1177 5489 1332 5555 οὗτος
1356 5491 1595 5561 τελώνης
1623 5486 1714 5560 ἦν,
1773 5491 1832 5542 ἐν
1872 5493 2094 5562 ἁρπαγῇ

506 5581 749 5650 διηνεκεῖ
782 5578 910 5642 ζῶν.
957 5576 1117 5629 Ἀλλά
1147 5580 1240 5630 καὶ
1266 5570 1420 5640 οὗτος
1444 5577 1638 5647 ἀθρόον
1672 5575 1981 5629 ἀπεδύσατο
2002 5577 2098 5647 τὴν

510 5662 736 5732 βλάϐην,
752 5664 848 5716 καὶ
871 5661 931 5714 τὸ
952 5659 1104 5729 δίψος
1119 5659 1326 5724 ἔσϐεσε,
1347 5663 1440 5714 καί
1462 5660 1843 5732 πραγματείαν
1865 5658 2098 5729 μετῆλθε

515 5747 916 5814 πνευματικήν.
961 5743 1198 5804 Τούτους
1228 5743 1403 5796 τοίνυν
1447 5745 1542 5797 καὶ
1577 5745 1702 5806 τούς
1731 5743 1853 5796 κατ’
1901 5743 2098 5805 αὐτοὺς

519 5829 738 5893 ἐννοῶν,
775 5831 908 5899 μηδέ
951 5831 1014 5882 σὺ
1071 5827 1346 5897 ἀπογνῷς.
1388 5829 1484 5880 Ἂν
1516 5827 1624 5898 γὰρ
1677 5827 1859 5898 θέλῃς,
1892 5828 2096 5898 δυνήσῃ

523 5913 732 5984 ταχέως
757 5914 1086 5983 ἀνενεγκεῖν.
1124 5912 1234 5964 Kal
1262 5910 1307 5963 εἰ
1341 5909 1516 5980 βούλει
1543 5953 1555 5979 ,
1594 5911 1734 5966 κατά
1763 5912 1852 5965 τὸν
1879 5910 1984 5966 τῶν
2018 5913 2096 5963 ία-

2227 465 2370 534 τρῶν
2397 467 2559 538 νόμον
2585 471 2679 523 καὶ
2700 469 2768 524 τὰ
2799 472 3050 541 πρακτέα
3081 489 3162 524 σοι
3202 473 3337 541 μετά
3373 471 3657 542 ἀκριϐείας
3702 475 3804 527 fm-

2222 552 2614 622 αγορεύσομεν.
2649 556 2741 606 Δεῖ
2786 557 2968 608 τοίνυν
3017 555 3122 625 πρὸ
3161 557 3272 607 τῶν
3319 556 3493 609 ἀλλων
3538 557 3800 610 ἁπάντων

2217 633 2390 685 ἐκεῖνο
2415 636 2738 706 κατορθοῦν,
2768 638 2826 689 τὸ
2858 639 2931 708 μὴ
2956 638 3358 705 ἀπογινώσκειν
3395 637 3528 707 μηδὲ
3563 638 3803 691 ἀπελπί-

2216 713 2329 777 ζειν
2357 718 2566 770 ἐαυτῶν
2603 719 2702 789 τὴν
2747 722 3054 790 σωτηρίαν’
3093 719 3231 789 μετά
3273 719 3426 772 τοῦτο
3463 720 3537 789 μὴ
3570 720 3639 772 τά
3686 719 3800 773 τῶν

2216 800 2655 869 κατωρθωκότων
2679 802 3098 873 παραδείγματα
3123 803 3303 873 μόνον,
3333 803 3466 855 ἀλλά
3486 804 3580 856 καὶ
3596 802 3666 856 τὰ
3684 801 3801 856 τῶν

2217 883 2690 952 ἐναπομεινάντων
2722 887 3023 956 παθήματα
3058 887 3269 956 ἐνορᾷν.
3300 887 3508 954 Ὠσπερ
3551 886 3661 957 γάρ
3709 887 3798 938 ἐν·

2215 969 2516 1037 ενοήσαμεν
2541 969 2633 1021 τὸν
2659 972 2926 1038 Ζακχαῖον
2956 972 3049 1022 καὶ
3084 970 3174 1022 τὸν
3219 968 3496 1023 Ματθαῖον
3518 1009 3531 1032 ,
3563 969 3707 1024 οὕτω
3729 970 3798 1039 δὴ

2214 1050 2306 1101 καὶ
2338 1051 2428 1102 τὸν
2465 1052 2666 1104 Ἰούδαν
2717 1052 3034 1119 λογίσασθαι
3067 1055 3190 1122 χρὴ,
3225 1055 3320 1107 καὶ
3348 1054 3439 1106 τὸν
3471 1054 3654 1121 Γιεζῆ,
3697 1054 3800 1105 καὶ

2212 1131 2302 1182 τὸν
2333 1133 2524 1203 Ἀχαρ,
2551 1139 2645 1186 καὶ
2664 1135 2753 1186 τὸν
2779 1135 3004 1204 Ἀχαά6,
3037 1135 3132 1187 καὶ
3156 1135 3246 1187 τὸν
3290 1135 3556 1196 Ἀνανίαν,
3582 1136 3676 1187 καὶ
3692 1135 3797 1203 τὴν

2215 1214 2554 1285 Σάπφειραν·
2589 1217 2676 1269 ἵνα
2696 1218 2762 1270 δι’
2781 1219 3005 1271 ἐκείνων
3038 1217 3136 1286 μὲν
3166 1218 3266 1287 τὴν
3294 1217 3604 1284 ἀπόγνωσιν
3622 1216 3796 1270 ἐκϐά-

2212 1297 2514 1366 λωμεν,διά
2545 1299 2749 1353 τούτων
2775 1301 2831 1352 δὲ
2855 1301 2950 1370 τὴν
2989 1299 3265 1370 ρᾳθυμίαν
3287 1300 3631 1369 ἐκκόψωμεν,
3658 1299 3798 1368 μηδὲ

2213 1380 2377 1433 ὐπτία
2399 1381 2622 1451 γένηται
2646 1386 2679 1453 ἡ
2708 1384 2852 1453 ψυχὴ
2875 1385 3010 1451 πρὸς
3043 1384 3143 1453 τὴν
3159 1382 3269 1436 τῶν
3296 1383 3799 1452 ὐπαγορευομένων

2212 1464 2560 1532 παραίνεσινο
2586 1465 2679 1518 καὶ
2708 1467 3086 1535 παιδεύσωμεν
3115 1466 3340 1528 ἑαυτοὺς
3365 1465 3565 1531 λέγειν,
3608 1465 3643 1517 ἀ
3671 1465 3798 1516 τότε

2215 1544 2292 1613 τῷ
2323 1546 2512 1616 Πέτρῳ
2545 1549 2933 1618 προσελθόντες
2965 1551 3149 1617 ἔλεγον
3207 1551 3256 1602 οἱ
3302 1550 3546 1602 Ἰουδαῖοι
3567 1565 3581 1579 ·
3622 1551 3682 1602 Τί
3705 1548 3804 1600 δεῖ

2212 1629 2404 1682 ποιεῖν
2427 1631 2527 1682 ἵνα
2554 1631 2839 1698 σωθῶμεν
2864 1649 2880 1693 ;
2911 1634 3001 1684 καί
3028 1631 3374 1685 ἀκουέτωσαν
3400 1630 3434 1684 ἀ
3461 1631 3566 1702 χρὴ
3594 1633 3794 1684 ποιεῖν.

2213 1710 2274 1762 Τί
2305 1707 2396 1763 οὖν
2423 1712 2527 1782 χρὴ
2562 1716 2763 1778 ποιεῖν;
2809 1713 3021 1766 Εἰδέναι
3078 1717 3178 1784 τὴν
3207 1715 3482 1768 εὐτέλειαν
3509 1715 3618 1766 τῶν
3649 1732 3796 1784 πρα-

2211 1793 2458 1862 γμάτων,
2517 1795 2608 1847 καὶ
2663 1795 2781 1857 πῶς
2834 1796 3109 1868 δραπέτης
3139 1798 3358 1867 οἰκέτης
3395 1801 3488 1850 καὶ
3522 1799 3800 1867 ἀγνώμων

2213 1875 2359 1927 ἐστὶν
2387 1877 2414 1927 ό
2447 1875 2697 1939 πλοῦτος,
2727 1880 2819 1930 καὶ
2859 1879 3073 1948 μυρίοις
3101 1879 3416 1950 περιϐάλλει
3445 1881 3637 1940 κακοῖς
3668 1881 3798 1941 τοὺς

2213 1957 2469 2024 ἔχοντας·
2500 1960 2594 2012 καὶ
2624 1961 2934 2015 τὰτοιαῦτα
2957 1964 3142 2024 αὐτοῖς
3177 1962 3417 2032 συνεχῶς
3450 1960 3799 2033 [θέῇπᾴδω-

2213 2057 2313 2106 μεν
2345 2041 2587 2110 ῥήματα.
2635 2045 2744 2096 Kal
2792 2045 3044 2111 καθάπερ
3083 2046 3259 2114 ἰατροὶ
3302 2045 3430 2106 τοὺς
3484 2044 3798 2113 κάμνοντας

2208 2121 2414 2192 ψυχρὸν
2449 2125 2734 2189 αἰτοῦντας
2768 2127 3256 2197 παραμυθοῦνται,
3316 2127 3578 2197 παρέχειν
3608 2126 3799 2194 λέγον-

2208 2220 2320 2268 τες,
2348 2205 2442 2258 καὶ
2467 2207 2648 2277 πηγὴν
2667 2209 3134 2279 προφασιζόμενοι
3162 2211 3256 2262 καὶ
3276 2211 3446 2276 ἄγγος
3479 2210 3573 2262 καί
3602 2208 3801 2278 καιρὸν

2209 2288 2302 2338 καὶ
2336 2288 2505 2340 πολλὰ
2543 2290 2769 2342 τοιαῦτα
2798 2292 2884 2353 (ἂν
2913 2293 3022 2360 γάρ
3050 2292 3245 2360 ἀθρόον
3270 2292 3663 2356 ἀνανεύσωσιν,
3689 2290 3806 2342 ὑπὸ

2209 2373 2306 2440 τῆς
2360 2374 2554 2441 μανίας
2611 2373 2806 2436 αὐτοὺς
2859 2374 3185 2444 ἀγριοῦσθαι
3245 2373 3796 2442 παρασκευάζουσι)·

2209 2452 2350 2505 οὐτω
2379 2455 2442 2523 δὴ
2473 2455 2567 2508 καὶ
2603 2457 2764 2524 ἡμεῖς
2804 2455 2938 2526 πρὸς
2981 2458 3107 2517 τοὺς
3138 2455 3582 2524 φιλοχρημάτους
3626 2455 3800 2506 ποιῶ-

2215 2552 2312 2601 μεν
2333 2553 2344 2564 ·
2374 2538 2468 2587 καὶ
2496 2538 2625 2590 ὅταν
2659 2538 2892 2604 λέγωσιν
2919 2576 2932 2600 ,
2971 2537 3052 2589 ὅτι
3104 2538 3412 2610 Πλουτῆσαι
3447 2537 3755 2608 βουλόμεθα
3781 2577 3798 2600 ,

2212 2619 2284 2686 μὴ
2318 2617 2565 2689 λέγωμεν
2595 2620 2817 2684 εὐθέως,
2848 2621 2933 2672 ὅτι
2962 2620 3132 2672 κακὸν
3171 2622 3198 2671 ὁ
3220 2619 3470 2684 πλοῦτος,
3499 2619 3634 2672 ἀλλά
3669 2637 3800 2672 συν-

2208 2700 2449 2770 θώμεθα,
2496 2703 2590 2756 καί
2620 2705 2884 2772 εἴπωμεν,
2918 2705 3116 2757 ὅτικαί
3151 2706 3312 2774 ἡμεῖς
3343 2704 3507 2757 τοῦτο
3543 2703 3801 2774 βουλόμε-

2208 2783 2295 2848 θα,
2316 2785 2426 2837 ἀλλ’
2447 2788 2507 2838 ἐν
2527 2787 2705 2856 καιρῷ
2721 2787 2795 2856 τῷ
2813 2789 3168 2856 προσήκοντι,
3192 2786 3326 2838 ἀλλά
3347 2785 3578 2839 πλοῦτον
3593 2785 3797 2855 ἀληθῆ,

2205 2865 2341 2918 ἀλλά
2354 2867 2445 2919 τὸν
2465 2868 2656 2938 ἡδονὴν
2683 2869 2876 2936 ἔχοντα
2907 2868 3197 2930 ἀθάνατον,
3226 2868 3362 2919 ἀλλά
3385 2869 3476 2919 τὸν
3508 2869 3590 2920 col
3613 2868 3801 2919 συλλε-

2206 2948 2458 3016 γόμενον,
2492 2952 2585 3001 καί
2617 2949 2689 3020 μὴ
2716 2950 2944 3021 ἑτέροις,
2985 2951 3247 3012 πολλάκις
3292 2951 3476 3003 δὲκαὶ
3529 2950 3794 3019 ἐχθροῖςτ

2207 3033 2299 3084 καὶ
2323 3035 2450 3096 τους
2479 3035 2606 3104 περί
2631 3035 2950 3102 φιλοσοφίας
2985 3034 3176 3102 λόγους
3216 3035 3295 3096 εἰς
3340 3032 3501 3102 μέσον
3545 3034 3798 3102 ἄγωμεν,

2206 3117 2300 3168 καὶ
2330 3117 2602 3186 λέγωμεν,
2635 3118 2714 3170 ὅτι
2747 3118 2821 3170 Οὐ
2873 3117 3168 3188 κελεύομεν
3226 3117 3300 3187 μὴ
3357 3118 3627 3182 πλουτεῖν,
3657 3118 3800 3170 ἀλλά

2204 3187 2390 3262 κακῶς
2420 3200 2494 3270 μὴ
2525 3201 2777 3254 πλουτεῖν
2799 3220 2812 3233 ·
2837 3202 3012 3267 ἔξεστι
3035 3187 3144 3274 γάρ
3168 3202 3442 3264 πλουτεῖν,
3469 3201 3604 3253 άλλά
3623 3204 3797 3269 χωρὶς

2205 3285 2537 3351 πλεονεξίας,
2583 3288 2750 3356 χωρίς
2783 3287 3040 3356 ἁρπαγῆς
3085 3286 3176 3338 καὶ
3221 3285 3340 3353 βίας
3375 3287 3466 3337 καὶ
3508 3284 3602 3336 τοῦ
3639 3287 3797 3355 παρά

2204 3369 2424 3421 πάντων
2450 3369 2670 3422 ἀκούειν
2701 3370 2908 3432 κακῶς.
2948 3370 3059 3422 Kal
3081 3369 3293 3431 τούτοις
3315 3369 3513 3429 αὐτοὺς
3535 3369 3796 3438 προλεαί-

2205 3468 2388 3513 νοντες
2420 3455 2533 3513 τοῖς
2573 3453 2776 3518 λόγοις,
2828 3453 3057 3522 μηδέπω
3092 3454 3218 3522 περὶ
3254 3451 3478 3521 γεέννης
3523 3451 3792 3518 διαλεγώ-

2209 3533 2377 3602 μεθα·
2408 3535 2466 3585 οὐ
2496 3535 2602 3602 γάρ
2629 3534 2875 3603 ἀνέχεται
2903 3538 2928 3586 ό
2961 3536 3184 3604 κάμνων
3213 3534 3416 3596 εὐθέως
3441 3546 3465 3573 δ
3488 3535 3594 3586 τῶν
3616 3535 3798 3587 τοιού-

2203 3635 2310 3669 των
2343 3619 2622 3687 ῥημάτων.
2667 3620 2870 3687 Διόπερ
2917 3619 3024 3670 ἀπὸ
3057 3617 3163 3670 τῶν
3209 3617 3494 3688 παρόντων
3540 3618 3797 3681 ἅπαντας

2203 3703 2330 3764 τοὺς
2361 3705 2489 3771 περὶ
2523 3700 2729 3752 τούτων
2773 3704 3057 3773 ποιώμεθα
3105 3702 3318 3770 λόγους,
3366 3702 3461 3754 καὶ
3502 3701 3758 3770 λέγωμεν

2205 3784 2268 3836 Τί
2310 3784 2487 3853 βούλει
2515 3784 2622 3836 ἀπὸ
2657 3786 2971 3852 πλεονεξίας
2997 3787 3248 3839 πλουτεῖν
3277 3803 3290 3848 ;
3335 3785 3419 3836 ἵνα
3449 3784 3659 3853 ἐτέροις
3694 3785 3798 3853 μὲν

2204 3868 2264 3919 τὸ
2293 3868 2515 3937 χρυσίον
2540 3870 2847 3939 ἀποκέηται
2890 3871 2984 3922 καὶ
3024 3870 3084 3921 τὸ
3111 3868 3377 3938 ἀργύριον
3400 3908 3412 3929 ,
3461 3869 3542 3918 σοὶ
3571 3868 3627 3919 δὲ
3659 3869 3800 3935 ἀραὶ

2205 3952 2297 4004 καὶ
2330 3953 2659 4020 κατηγορίαι
2693 3952 2915 4022 μυρίαι;
2941 3954 3036 4005 καὶ
3073 3955 3100 4005 ὁ
3127 3950 3523 4019 ἀποστερηθεὶς
3553 3950 3659 4002 ὑπὸ
3691 3953 3800 4023 τῆς

2203 4035 2312 4087 τῶν
2350 4034 2662 4100 ἀναγκαίων
2704 4035 2965 4104 δάκνηται
2999 4035 3191 4104 χρείας
3217 4035 3263 4096 b,
3302 4035 3394 4086 καὶ
3430 4033 3798 4104 ὀλοφύρηται,

2205 4119 2299 4170 καὶ
2334 4118 2559 4187 μυρίους
2590 4117 2886 4189 ἐφέλκηταί
2909 4136 2989 4170 σοι
3009 4118 3369 4188 κατηγόρους,
3392 4119 3484 4171 καί
3504 4118 3599 4188 τῆς
3627 4120 3798 4170 ἐσπέ-

2207 4220 2303 4273 ρας
2336 4200 2751 4272 καταλαϐούσης
2794 4203 2978 4272 περιίῃ
3005 4203 3100 4272 τὴν
3132 4203 3357 4271 ἀγοράν,
3392 4204 3448 4253 ἐν
3479 4204 3589 4265 τοῖς
3629 4219 3793 4254 στεν-

2202 4288 2372 4347 ωποῖς
2405 4284 2748 4353 ἐντυγχάνων
2785 4287 2941 4348 πᾶσι,
2971 4286 3061 4338 καὶ
3096 4285 3524 4355 διαπορούμενος
3542 4287 3636 4338 καὶ
3665 4285 3794 4337 οὐδὲ

2204 4368 2345 4436 ὑπὲρ
2370 4368 2470 4436 τῆς
2505 4368 2698 4429 νυκτὸς
2733 4368 2961 4438 θαρρεῖν
2995 4369 3168 4438 ἐχων;
3202 4369 3325 4431 Πῶς
3356 4368 3464 4437 γάρ
3497 4368 3561 4422 ἀν
3590 4369 3796 4421 καθευο

2202 4452 2384 4520 δήσειε
2408 4451 2616 4513 λοιπὸν,
2663 4452 2766 4504 ὑπὸ
2788 4452 2888 4519 τῆς
2927 4453 3165 4522 γαστρὸς
3213 4453 3541 4521 δακνόμενος
3563 4492 3576 4514 ,
3612 4453 3796 4521 ἀγρυ-

2205 4535 2374 4598 πνῶν,
2408 4534 2554 4603 λιμῷ
2594 4534 3050 4606 πολιορκούμενος
3066 4574 3100 4598 ,-
3119 4536 3298 4603 πάγου
3338 4534 3597 4595 πολλάκις
3633 4536 3792 4599 ὄντος

2203 4619 2296 4670 καὶ
2327 4619 2485 4671 ὑετοῦ
2512 4618 2962 4688 καταφερομένου
2990 4620 3133 4686 ;Ka.l
3160 4620 3223 4671 σύ
3255 4620 3353 4689 μὲν
3392 4621 3457 4670 ἐκ
3500 4619 3793 4687 βαλανείου

2203 4700 2520 4769 λελουμένος
2550 4702 2846 4772 ἐπανέρχῃ,
2875 4703 3140 4771 μαλακοῖς
3163 4701 3500 4769 θαλπόμενος
3528 4702 3790 4770 ἱματίοις,

2201 4781 2452 4852 γεγηθὼς
2481 4784 2575 4836 καὶ
2597 4784 2825 4855 χαίρων,
2859 4785 3078 4853 καὶ-ἐπὶ
3094 4784 3309 4835 δεῖπνον
3331 4784 3545 4851 ἕτοιμον
3575 4785 3794 4852 τρέχων

2203 4865 2526 4928 πολυτελές”
2585 4869 2793 4930 ἐκεῖνος
2843 4869 2899 4919 δὲ
2931 4861 3209 4935 πανταχοῦ
3266 4865 3410 4918 κατά
3441 4865 3538 4935 τὴν
3579 4867 3794 4936 ἀγορὰν

2201 4950 2307 5002 ὑπὸ
2332 4949 2426 5003 τοῦ
2452 4951 2665 5021 κρυμοῦ
2693 4951 2785 5004 καὶ
2822 4952 2917 5004 τοῦ
2943 4950 3103 5019 λιμοῦ
3142 4949 3379 5018 συνεχῶς
3407 4947 3786 5019 ἐλαυνόμενος,

2204 5033 2551 5103 περιέρχεται
2585 5031 2948 5100 συγκεκυφὼς
2973 5031 3065 5082 καὶ
3103 5031 3290 5098 χεῖρας
3330 5032 3626 5098 προτείνων
3647 5046 3662 5061 ο
3693 5033 3791 5083 καὶ

2202 5117 2321 5170 οὐδέ
2343 5116 2562 5188 θαρρῶν
2585 5117 2754 5177 ἀδεῶς
2773 5114 2850 5183 τῷ
2876 5112 3323 5182 ἐμπεπλησμένῳ
3351 5113 3443 5167 καὶ
3467 5114 3788 5167 ἀναπεπαυ-

2204 5205 2350 5272 μένῳ
2377 5204 2595 5272 ῥήματα
2623 5198 3014 5270 προσενεγκεῖν
3041 5195 3181 5265 ὑπὲρ
3210 5196 3306 5264 τῆς
3334 5195 3641 5263 ἀναγκαίας
3667 5215 3787 5267 τρο-

2200 5287 2330 5354 φῆς,
2367 5285 2628 5348 πολλάκις
2667 5285 2724 5336 δέ
2753 5283 2846 5334 καὶ
2894 5279 3174 5351 ύὸρισθείς
3213 5280 3581 5352 ἀνεχώρησεν.
3617 5283 3787 5334 Ὅταν

2199 5366 2292 5424 οὖν
2324 5370 2555 5441 ἀνέλθῃς
2585 5367 2790 5426 οἴκαδε,
2827 5365 2953 5417 ὅταν
2979 5365 3070 5417 ἐπὶ
3099 5365 3197 5435 τῆς
3225 5366 3384 5435 εὐνῆς
3419 5363 3717 5434 ἀνακλιθῇς
3737 5376 3784 5427 ο,

2197 5454 2328 5507 ὅταν
2363 5452 2478 5521 φῶς
2584 5451 2712 5519 περί
2734 5448 2825 5501 τὸν
2855 5442 3002 5500 οἷκον
3020 5449 3085 5502 λα
3095 5449 3296 5519 μπρδν,
3323 5451 3450 5501 ὅταν
3471 5445 3666 5515 ἑτοίμη
3693 5447 3789 5500 καὶ

2200 5536 2428 5606 δαψιλὴς
2458 5538 2490 5605 ἡ
2513 5534 2783 5606 τράπεζα,
2815 5535 2937 5587 τότε
2965 5533 3345 5604 ἀναμνήσθητι
3382 5529 3477 5583 τοῦ
3505 5530 3787 5583 ταλαιπώο

2204 5639 2297 5691 ρου
2325 5621 2419 5673 καὶ
2443 5620 2630 5673 ἀθλίου
2657 5618 2888 5681 ἐκείνου,
2911 5618 3005 5672 τοῦ
3042 5617 3350 5688 περιιόντος
3380 5614 3520 5666 κατά
3542 5617 3669 5678 τοὺς
3693 5617 3789 5668 κύ-

2202 5721 2297 5766 νας
2335 5705 2391 5757 ἐν
2424 5706 2536 5767 τοῖς
2570 5705 2866 5768 στενωποῖς
2899 5704 2992 5756 καί⁵
3041 5699 3120 5770 τῷ
3162 5699 3338 5767 σκότῳ
3366 5697 3459 5750 καί
3491 5695 3570 5767 τῷ
3606 5699 3786 5770 πηλῷ,

2269 5923 2288 5950 ⁸
2315 5921 2460 5987 305.,
2486 5921 2688 5971 οὐδέπω.
2779 5919 2805 5960 1·
2831 5919 2978 5981 Βρε.,
3001 5922 3186 5981 τροφῆς.
3259 5917 3277 5945 τ
3311 5915 3456 5979 Reg,
3483 5915 3781 5978 κατακλιθῇς.
