4096 6326
198 357 263 413 9'5
1262 354 1328 410 IN
1366 352 1562 409 EPlST
1615 352 1633 405 1
1681 351 1771 405 ΑΙ)
1807 350 1962 406 COR.
2003 348 2229 405 IlOMlL.
2275 352 2371 407 Xl.
3403 372 3472 427 94

201 473 305 527 bris
348 471 825 528 circumfunditur.
882 469 1087 541 Ecquid
1116 485 1252 539 opus
1278 468 1561 523 estdicere
1589 466 1780 519 domos

195 574 247 620 et
266 566 602 631 argentarias
628 565 869 619 ofﬁcinas
887 564 910 618 ?
931 564 1067 619 Puto
1090 565 1233 618 enim
1260 562 1378 616 illos
1404 560 1449 615 si
1489 558 1573 612 vel
1602 559 1653 610 in
1673 557 1778 625 pic~

198 666 310 710 tura
331 659 417 713 vel
444 658 499 713 in
530 661 765 729 imagine
806 659 1017 713 divitias
1063 657 1181 711 illas
1223 656 1474 717 viderim,
1501 650 1728 718 discerpi
1760 688 1775 711 ,

191 746 405 803 efferari
438 750 566 803 etin
597 751 801 804 rabiem
829 750 962 804 verti
991 768 1004 803 :
1037 749 1170 803 adeo
1200 757 1253 800 ut
1282 746 1513 812 undique
1544 740 1779 797 tenebris

192 834 564 893 effundantur.
607 838 738 893 Nam
771 840 815 893 si
846 840 1043 909 regiam
1074 838 1357 907 imaginem
1408 832 1737 902 conspiciant
1760 871 1775 895 ,

194 943 298 980 non
330 929 598 984 mirantur
626 930 926 1000 lapillorum
953 929 1540 999 pulchritudinem,non
1566 937 1776 985 aurum,

192 1032 296 1070 non
326 1028 535 1073 vestem
564 1035 903 1089 purpuream,
938 1019 1031 1073 sed
1065 1018 1377 1087 liqueﬁunt;
1408 1026 1461 1070 et
1489 1015 1628 1068 sicut
1655 1010 1779 1065 infc-

190 1109 261 1163 lix
284 1111 376 1166 ille
403 1124 630 1178 amator,
661 1114 704 1167 si
735 1114 948 1167 amasizc
972 1112 1254 1181 imaginem
1278 1111 1485 1171 viderit,
1518 1107 1780 1161 inanima—

192 1210 257 1254 ιω
302 1204 383 1255 rei
416 1202 585 1258 haeret
628 1204 855 1257 afﬁxus:
886 1204 955 1256 ita
983 1212 1037 1256 et
1070 1202 1156 1255 hic
1194 1201 1537 1255 inanimatam
1585 1197 1776 1252 videns

188 1290 504 1345 divitiarum
534 1292 840 1362 imaginem,
874 1292 973 1345 hoc
1004 1294 1175 1360 ipsum
1224 1290 1393 1356 magis
1427 1290 1659 1357 patitur,
1694 1297 1778 1341 ut-

189 1391 315 1448 pote
361 1386 537 1454 magis
591 1386 864 1453 tyrannica
904 1384 1155 1437 detentus
1208 1383 1436 1435 morbo:
1479 1392 1534 1435 et
1563 1391 1777 1450 oportet

185 1472 408 1527 demum
442 1476 526 1528 vel
554 1476 699 1530 domi
740 1489 976 1539 manere,
1010 1474 1096 1527 vel
1136 1474 1189 1527 in
1217 1474 1391 1527 forum
1422 1474 1723 1527 venientem
1756 1516 1771 1538 ,

186 1565 339 1619 mille
386 1566 555 1635 plagis
587 1568 819 1635 acceptis
849 1567 1066 1620 domum
1098 1575 1342 1635 repetere
1373 1583 1386 1618 ε
1420 1567 1581 1619 multa
1627 1570 1771 1620 enim

186 1654 328 1708 illius
357 1658 549 1711 oculos
576 1658 761 1711 dolore
801 1657 1057 1711 afﬁciunt.
1089 1660 1164 1711 Ac
1189 1659 1639 1722 quemadmodum
1686 1660 1774 1714 ille

186 1749 317 1803 nihil
346 1751 495 1804 aliud
523 1751 665 1806 videt
688 1767 846 1821 quam
877 1744 1175 1816 mulierem,
1204 1752 1273 1805 ita
1304 1762 1355 1806 et
1383 1754 1482 1805 iste
1508 1768 1776 1821 pauperes

183 1841 405 1909 quidem
432 1852 488 1898 et
513 1843 615 1896 alia
636 1844 814 1897 omnia
857 1847 1113 1913 praeterit,
1145 1854 1201 1899 ut
1232 1860 1299 1899 ne
1337 1848 1764 1901 consolationem

182 1934 403 2001 quidem
459 1935 684 2002 accipiat
711 1952 725 1987 :
761 1934 812 1989 in
837 1935 1118 2003 Opulentos
1137 1947 1315 1989 autem
1343 1937 1528 1990 oculos
1552 1938 1770 2007 dirigit,

181 2039 244 2075 ex
274 2034 525 2091 aspectu
561 2023 651 2076 illo
705 2024 931 2078 multum
959 2024 1009 2077 in
1033 2027 1264 2079 animam
1312 2040 1464 2079 suam
1510 2028 1771 2083 inducens

183 2115 386 2181 ignem.
408 2114 551 2183 lgnis
577 2115 772 2185 quippe
793 2125 891 2179 est,
926 2116 1016 2186 qui
1043 2115 1390 2170 vehementer
1413 2121 1681 2171 consumit
1701 2120 1769 2172 ll-

180 2207 311 2271 lum,
343 2207 434 2275 qui
465 2207 517 2259 in
546 2206 715 2275 ipsum
750 2207 970 2261 incidit:
1003 2218 1165 2277 atque
1192 2208 1399 2262 etiamsi
1439 2224 1539 2263 nec
1563 2212 1769 2278 gehen-

180 2312 284 2361 nae,
335 2312 436 2351 nec
487 2298 731 2367 supplicii
761 2299 922 2351 mina:
977 2298 1249 2354 intentata:
1294 2297 1537 2364 fuissent,
1572 2300 1655 2354 ha:
1682 2316 1769 2357 res

180 2398 479 2455 timentes
500 2398 679 2443 essent
716 2391 1056 2459 supplicium,
1090 2392 1303 2445 assidue
1329 2407 1523 2462 nempe
1548 2403 1767 2459 torque-

180 2478 244 2538 ri,
275 2493 456 2547 neque
485 2480 658 2532 morbi
688 2479 848 2534 ﬁnem
876 2480 1138 2534 invenire.
1169 2482 1233 2535 Et
1264 2483 1378 2536 hanc
1404 2486 1535 2538 satis
1560 2496 1764 2551 essent,

181 2580 238 2619 ut
263 2569 333 2620 ab
364 2569 668 2635 hujusmodi
699 2570 1016 2639 aegritudine
1037 2580 1368 2625 avocarent:
1399 2574 1493 2628 sed
1525 2574 1656 2629 nihil
1680 2592 1770 2645 pe-

176 2656 263 2724 jus
290 2658 551 2720 amentia,
576 2674 692 2726 quae
715 2659 764 2711 id
788 2658 951 2712 efﬁcit
972 2670 1028 2712 ut
1054 2661 1212 2713 rebus
1229 2676 1517 2717 maerorem
1549 2674 1603 2718 et
1632 2667 1767 2720 nihil

177 2746 310 2800 lucri
341 2747 692 2802 afferentibus
717 2748 790 2801 illi
820 2747 1076 2802 bznreant.
1109 2749 1488 2815 Quamobrem,
1520 2755 1769 2821 obsecro,

181 2839 533 2907 incipientem
566 2841 727 2893 animi
756 2841 1001 2895 morbum
1033 2844 1414 2911 exstinguatis.
1446 2846 1594 2900 Sicut
1618 2850 1765 2904 enim

178 2930 350 2984 febris
389 2931 543 2985 initio
573 2947 677 2985 non
729 2932 881 2986 valde
926 2934 1012 2987 siti
1039 2934 1217 2987 adurit
1259 2947 1612 3005 aegrotantes;
1648 2956 1768 2994 cum

175 3032 363 3077 autem
403 3024 633 3078 creverit
658 3034 711 3079 et
736 3024 1003 3078 ﬂammant
1056 3028 1399 3090 excitaverit,
1449 3039 1579 3083 tunc
1626 3034 1768 3086 sitim

178 3112 328 3180 parit
346 3113 836 3181 inexstinguibilem
862 3131 875 3177 ;
908 3114 1117 3167 etiamsi
1149 3130 1275 3168 vero
1296 3118 1415 3185 quis
1436 3126 1618 3183 potum
1641 3120 1771 3188 ipsis

181 3204 411 3270 largiter
444 3204 699 3272 pra-beat,
739 3220 843 3257 non
868 3188 1175 3273 exstinguit,
1206 3208 1298 3259 sed
1326 3209 1569 3263 accendit
1598 3209 1773 3265 forna-

169 3308 298 3348 cem
363 3315 375 3349 :
442 3295 519 3349 sic
536 3297 692 3349 etiam
720 3295 769 3349 in
805 3295 905 3349 hoc
930 3297 1116 3350 morbo
1138 3298 1351 3353 accidit.
1390 3300 1444 3353 Si
1477 3302 1627 3355 initio
1648 3318 1768 3356 cum

177 3386 419 3439 animam
468 3395 705 3440 nostram
762 3388 999 3452 invadit,
1034 3404 1138 3441 non
1174 3390 1546 3457 impcdiamus,
1599 3409 1771 3463 neque

184 3476 333 3531 fures
358 3478 460 3545 ipsi
486 3478 814 3540 claudamus,
862 3480 1135 3547 ingressus
1163 3480 1379 3533 demum
1421 3484 1766 3539 incurabilem

182 3567 579 3633 cxcipieutibus
636 3568 771 3635 parit
825 3568 1211 3635 aagritudinem.
1270 3570 1478 3624 Etenim
1527 3584 1579 3625 et
1632 3573 1770 3627 bona

181 3666 239 3709 et
269 3656 571 3715 unla,cum
616 3656 813 3710 diutius
834 3657 887 3710 in
920 3658 1072 3711 nobis
1121 3661 1435 3727 manserint,
1467 3664 1767 3730 potentiora

184 3750 345 3801 fiunt.

257 3840 310 3894 5.
363 3839 419 3892 In
460 3840 811 3911 omnibusque
853 3840 972 3895 aliis
1000 3840 1227 3910 idipsum
1258 3842 1439 3897 videre
1491 3854 1591 3898 est.
1633 3845 1769 3900 Nam

187 3930 365 3997 planta
395 3946 583 3984 recens
631 3933 816 3997 insita,
858 3932 1013 3985 facile
1038 3934 1326 3999 evellitur;
1361 3937 1403 3987 si
1435 3936 1594 4005 longo
1636 3948 1771 3992 tem-

184 4038 319 4090 pore
349 4024 519 4092 egerit
552 4024 782 4089 radices,
816 4040 921 4078 non
975 4026 1100 4078 item
1126 4068 1139 4091 ,
1172 4026 1264 4080 sed
1313 4028 1493 4081 valido
1520 4044 1657 4097 Opus
1688 4042 1771 4083 est

183 4123 342 4167 vecte
369 4133 381 4165 :
412 4124 467 4167 et
494 4115 777 4169 aediﬁcium
805 4131 996 4169 recens
1022 4116 1176 4171 facile
1201 4121 1478 4184 evertitur;
1497 4137 1615 4174 cum
1644 4139 1770 4175 vero

187 4204 497 4258 ﬁrmitatem
522 4207 804 4275 acceperit,
834 4206 1053 4259 difﬁcile
1082 4224 1109 4259 a
1136 4212 1452 4264 conantibus
1482 4212 1767 4266 decutitur:

185 4305 240 4347 et
265 4294 373 4347 fera
396 4311 516 4363 quae
534 4298 689 4366 longo
714 4306 953 4366 tempore
972 4299 1164 4352 alicubi
1190 4303 1403 4365 mansit,
1420 4318 1557 4371 mgre
1572 4305 1771 4371 dispel-

185 4388 337 4442 litur.
367 4386 491 4442 Illos
514 4388 792 4457 igitur,qui
820 4390 1052 4444 nondum
1072 4407 1100 4443 a
1133 4394 1428 4446 morboillo
1446 4396 1769 4461 detinentur,

182 4492 323 4548 rogo
345 4494 412 4531 ne
425 4480 717 4548 capiantur:
737 4481 940 4534 facilius
960 4483 1151 4551 quippe
1172 4491 1256 4535 est
1270 4498 1458 4537 cavere
1476 4500 1541 4537 ne
1556 4487 1769 4548 cadant,

182 4584 351 4637 quam
383 4570 564 4639 lapsos
595 4571 829 4624 exsilire.
882 4573 988 4625 Illis
1018 4589 1163 4635 vero,
1218 4576 1304 4642 qui
1331 4575 1440 4642 jam
1473 4576 1774 4631 inciderunt

185 4669 294 4714 cta
321 4663 513 4714 morbo
562 4662 650 4715 illo
692 4664 924 4730 correpti
972 4674 1116 4729 sunt,
1148 4669 1189 4717 si
1223 4667 1414 4719 rationi
1456 4669 1665 4722 medico
1715 4687 1773 4725 se

184 4750 392 4804 dedere
415 4752 577 4805 velint
602 4794 616 4815 ,
647 4754 868 4808 multam
921 4754 1109 4807 salutis
1137 4771 1282 4822 spem
1312 4770 1405 4823 per
1428 4757 1520 4810 Dei
1548 4762 1770 4826 gratiam

187 4840 476 4910 polliceor.
528 4844 655 4897 Nam
683 4846 725 4897 si
768 4859 860 4898 eos
897 4845 1065 4912 quiin
1106 4847 1349 4900 morbum
1395 4848 1695 4903 inciderunt
1722 4859 1775 4904 et

187 4941 380 5000 postea
411 4936 795 4989 convaluerunt
818 4936 1185 5004 cogitaverim,
1210 4937 1400 4990 bonam
1429 4954 1579 5007 spem
1613 4942 1772 4995 liabe-

187 5019 329 5071 bunt
353 5017 465 5073 fore
490 5029 546 5075 ut
571 5034 599 5072 a
630 5022 819 5075 morbo
845 5023 1156 5076 liberentur.
1189 5023 1317 5088 Quis
1346 5040 1473 5093 ergo
1506 5028 1692 5080 incidit
1717 5029 1768 5080 in

188 5109 338 5163 hunc
366 5110 633 5175 morbum,
659 5120 713 5165 et
735 5114 1162 5168 facileliberatus
1191 5116 1314 5169 est?
1342 5117 1631 5171 Zaccbaaus
1660 5121 1768 5174 ille.

186 5200 327 5268 Quis
368 5201 508 5253 enim
543 5202 827 5267 publicano
877 5207 1116 5273 pecunia:
1145 5206 1387 5275 cupidior
1432 5208 1592 5262 fuerit
1619 5210 1640 5263 ?
1666 5210 1769 5265 Sed

189 5293 376 5347 statim
422 5290 770 5360 philosophus
816 5295 1036 5351 effeCtus
1086 5307 1187 5363 est,
1214 5308 1266 5350 et
1295 5306 1461 5351 totum
1519 5302 1773 5355 exstinxit

191 5381 525 5438 incendium.
557 5380 816 5437 Similiter
846 5386 1122 5441 Matthaaus
1150 5407 1162 5441 :
1196 5403 1315 5441 nam
1337 5397 1389 5442 et
1420 5389 1507 5443 ille
1537 5391 1773 5458 publica-

190 5489 298 5527 nus
322 5483 460 5540 erat,
488 5474 538 5527 in
586 5466 838 5542 perpetua
886 5479 1066 5551 rapina
1116 5480 1322 5533 vivens.
1352 5480 1457 5534 Sed
1489 5481 1533 5535 is
1560 5498 1773 5551 quoque

190 5574 417 5633 repente
446 5580 639 5619 noxam
667 5565 811 5618 exuit
833 5607 846 5628 ,
872 5567 1011 5619 sitim
1059 5571 1345 5634 exstinxit,
1376 5579 1428 5623 et
1458 5573 1773 5641 negotiatio-

192 5668 325 5707 nem
350 5655 485 5709 adiit
513 5653 866 5725 spiritualem.
889 5656 996 5710 Hos
1026 5674 1154 5729 ergo
1181 5672 1233 5715 et
1264 5661 1345 5714 his
1372 5661 1573 5715 similes
1598 5673 1771 5718 tecum

187 5755 471 5819 reputans,
502 5762 603 5805 nec
620 5758 673 5805 tu
703 5749 975 5822 deSpcres.
995 5750 1049 5807 Si
1088 5754 1216 5810 velis
1244 5754 1407 5823 enim,
1437 5755 1542 5812 cito
1571 5758 1774 5827 poteris

1893 478 2187 532 emergere.
2210 464 2294 529 Et,
2320 464 2363 518 si
2393 464 2559 529 velis,
2599 467 2891 525 secundum
2924 475 3250 534 medicorum
3298 483 3469 555 legem

1888 568 1949 607 ea
2006 569 2125 624 quae
2176 557 2380 625 a'gcnda
2423 567 2549 611 sunt
2593 560 2685 613 tibi
2726 575 2972 620 accurate
3034 574 3465 637 praescribemus.

1887 642 2109 712 Oportet
2156 658 2282 715 ergo
2322 656 2447 701 ante
2472 649 2575 702 alia
2606 654 2785 707 omnia
2825 654 2926 709 hoc
2954 668 3097 713 recte
3123 678 3330 731 gerere,
3361 686 3466 727 non

1886 735 2119 787 animum
2152 736 2489 804 despondere
2526 755 2701 809 neque
2730 743 3017 813 desperare
3036 748 3104 803 de
3133 755 3303 811 salute
3327 774 3421 815 sua
3450 782 3466 816 :

1887 822 2079 879 deinde
2106 840 2207 878 non
2242 827 2400 881 modo
2422 844 2606 883 eorum
2637 835 2725 906 qui
2759 844 2905 890 recte
2935 837 3169 895 fecerunt
3196 851 3464 919 exempla,

1886 916 1977 971 sed
2006 918 2161 970 etiam
2191 933 2373 972 eorum
2402 923 2487 989 qui
2531 937 2938 990 perseverarunt
2979 947 3245 991 aerumnas
3296 916 3462 1009 inspi;

1885 1020 2025 1059 cere.
2059 1006 2208 1061 Sicut
2241 1011 2383 1061 enim
2430 1010 2743 1066 Zacchamm
2774 1025 2828 1070 et
2851 1017 3159 1077 Matthazum
3211 1006 3464 1096 cogitavi-

1883 1116 2005 1157 mus
2028 1142 2041 1165 ,
2107 1100 2176 1152 ita
2204 1111 2258 1155 et
2282 1102 2472 1155 Judam
2501 1105 2688 1158 animo
2715 1120 2967 1178 reputare
2988 1126 3220 1182 oportet,
3254 1136 3461 1177 necnon

1884 1189 2049 1254 Giczi,
2082 1192 2275 1253 Achar,
2304 1194 2509 1259 Achab,
2532 1197 2791 1253 Ananiam
2811 1210 2866 1254 et
2891 1202 3245 1273 Sapphiram;
3287 1222 3348 1268 ut
3368 1230 3464 1283 per

1884 1279 2001 1334 illus
2034 1282 2459 1348 desperationem
2507 1287 2802 1356 ejiciamus,
2860 1308 2952 1361 per
2980 1294 3078 1348 hos
3105 1313 3231 1353 vero
3274 1279 3461 1358 socor—

1882 1370 2023 1425 diam
2054 1374 2449 1439 exscindamus,
2482 1392 2653 1447 neque
2680 1382 2901 1449 supinus
2931 1386 2999 1437 sit
3020 1388 3230 1442 animus
3245 1393 3309 1444 ad
3340 1409 3457 1449 mo-

1882 1464 1987 1517 nita
2015 1481 2133 1532 quae
2161 1471 2577 1535 praescribuntur
2604 1489 2615 1521 :
2651 1488 2713 1528 ae
2744 1489 2840 1527 nos
2863 1476 3007 1544 ipsos
3034 1479 3373 1540 instituamus
3392 1487 3459 1541 ad

1882 1554 1968 1607 illa
1995 1555 2237 1622 dicenda,
2286 1576 2405 1628 quae
2438 1571 2562 1615 tunc
2584 1563 2650 1616 ad
2682 1564 2898 1620 Petrum
2925 1571 3248 1627 accedentes
3277 1575 3452 1633 Judaei

1880 1642 2167 1699 dicebant:
2228 1648 2363 1711 Quid
2408 1668 2526 1721 ergo
2575 1666 2771 1723 oportet
2833 1660 2999 1726 facere
3042 1671 3093 1713 ut
3130 1665 3257 1717 salvi
3307 1668 3460 1723 simus

1880 1733 1899 1802 (
1936 1735 2119 1788 Act.2.
2154 1738 2220 1791 37
2255 1739 2397 1806 )?et
2426 1742 2703 1796 audiamus
2756 1761 2817 1799 ea
2871 1764 2989 1816 qum
3017 1751 3256 1809 facienda
3310 1770 3456 1816 sunt.

1879 1826 2013 1892 Quid
2033 1844 2159 1898 ergo
2190 1841 2403 1898 oportet
2428 1833 2607 1890 facere
2636 1836 2658 1889 τ
2685 1837 2855 1893 Nosse
2887 1857 3064 1895 rerum
3097 1846 3379 1914 vilitatem,
3405 1861 3461 1907 et

1879 1918 2019 1986 quod
2046 1918 2243 1974 divitiae
2261 1923 2573 1979 sintservus
2601 1928 2847 1997 fugitivus
2875 1941 2929 1985 et
2955 1932 3215 2005 ingratus,
3240 1941 3458 2011 etquod

1880 2021 2217 2074 possessores
2241 2027 2368 2067 suos
2402 2014 2452 2067 in
2480 2017 2615 2070 mala
2666 2019 2906 2087 injiciant
2934 2022 3371 2085 innumerabilia:
3403 2041 3459 2087 et

1876 2098 2138 2165 ejusmodi
2171 2103 2329 2157 verba
2360 2106 2575 2161 assidue
2606 2109 2973 2169 decantemus.
3006 2118 3083 2171 Ac
3105 2123 3457 2189 quemadmo-

1876 2186 2001 2241 dum
2028 2190 2219 2244 mediei
2241 2208 2412 2262 aegros
2437 2195 2679 2266 frigidam
2708 2203 3041 2268 postulantes
3068 2186 3414 2269 consolantur
3436 2258 3451 2280 ,

1876 2292 1936 2333 se
1966 2282 2287 2349 praebituros
2304 2286 2569 2352 dicentes,
2604 2288 2805 2345 fontem
2862 2310 3369 2368 commemorantes,
3402 2315 3457 2360 et

1876 2386 1970 2425 vas
2015 2382 2067 2426 et
2122 2382 2332 2445 tempus
2386 2392 2770 2447 opportunum,
2822 2385 3081 2457 pluraque
3155 2390 3460 2460 hujusmodi

1877 2463 1895 2532 (
1927 2480 2047 2519 nam
2074 2468 2115 2518 si
2147 2469 2323 2521 statim
2358 2484 2637 2541 negarent,
2671 2475 2720 2527 in
2743 2475 2975 2531 furorem
3004 2488 3055 2534 et
3087 2482 3285 2538 rabiem
3316 2487 3460 2555 ipSos

1877 2554 2250 2626 conjicerent)
2282 2576 2295 2611 :
2328 2560 2399 2613 ita
2446 2570 2499 2613 et
2545 2578 2643 2618 nos
2692 2580 2812 2618 cum
2857 2572 3108 2635 pecunias
3160 2554 3461 2633 amantibus

1877 2662 2133 2717 agamus:
2182 2660 2381 2705 etcum
2419 2652 2670 2718 dixerint,
2728 2656 2925 2713 Divites
2948 2674 3066 2714 esse
3096 2664 3358 2731 volumus,
3393 2686 3461 2723 ne

1877 2740 2055 2792 statim
2086 2741 2323 2794 dicamus
2356 2745 2525 2797 malas
2541 2759 2663 2799 esse
2686 2746 2900 2801 divitias
2927 2766 2940 2814 ;
2972 2752 3062 2804 sed
3094 2759 3456 2813 assentiamur

1877 2840 1931 2885 et
1963 2831 2201 2885 dicamus
2245 2850 2342 2886 nos
2371 2836 2531 2888 etiam
2580 2838 2684 2892 hoc
2716 2842 2851 2895 velle
2878 2884 2889 2906 ,
2921 2845 3014 2898 sed
3044 2846 3095 2899 in
3144 2853 3460 2918 congruenti

1880 2933 2136 2993 tempore,
2170 2926 2263 2980 sed
2293 2927 2507 2981 divitias
2536 2945 2713 2997 veras,
2742 2932 2835 2986 sed
2866 2949 2959 2987 eas
2986 2952 3103 3004 qua:
3135 2942 3459 3009 voluptatem

1880 3014 2110 3069 habeant
2139 3018 2517 3081 immortalem,
2542 3020 2637 3073 sed
2665 3036 2757 3074 eas
2782 3039 2900 3090 quae
2927 3025 3254 3095 colliguntur
3278 3032 3453 3097 nobis,

1880 3118 1986 3156 non
2045 3107 2179 3170 aliis,
2230 3122 2375 3175 saepe
2418 3119 2596 3163 autem
2629 3120 2681 3165 et
2716 3112 2945 3167 inimicis
2976 3133 2991 3181 ;
3020 3132 3081 3171 ac
3109 3119 3461 3191 pllilOSOphliﬁ

1878 3192 2039 3245 verba
2068 3195 2119 3246 in
2150 3196 2382 3249 medium
2400 3197 2682 3255 aﬁ'eramus
2710 3218 2772 3256 ac
2795 3205 3053 3261 dicamus:
3079 3209 3192 3263 Non
3214 3213 3461 3280 jubemus

1878 3301 1985 3338 non
2014 3286 2205 3339 divites
2232 3302 2371 3357 esse,
2402 3290 2494 3344 sed
2524 3294 2660 3347 male
2688 3294 2878 3350 divites
2901 3314 3017 3354 esse
3043 3313 3281 3359 vetamus
3300 3325 3313 3362 :
3334 3310 3459 3363 licet

1879 3378 2018 3431 enim
2038 3378 2251 3431 divitem
2280 3396 2418 3445 esse,
2442 3384 2537 3435 sed
2566 3387 2680 3438 sine
2706 3390 2945 3447 avaritia.
2964 3392 3079 3447 sine
3100 3398 3278 3462 rapim
3302 3408 3356 3452 et
3379 3402 3449 3465 vi,

1879 3468 1949 3520 ita
1966 3478 2019 3519 ut
2033 3470 2170 3536 apud
2186 3485 2370 3525 omnes
2386 3474 2521 3527 male
2534 3476 2712 3530 audiat
2728 3480 2877 3533 dives
2893 3481 3213 3550 hujusmodi.
3234 3488 3325 3543 His
3341 3491 3460 3548 illos

1862 3558 2055 3613 verbis
2079 3561 2225 3628 prius
2249 3562 2532 3631 leniamus,
2552 3569 2779 3623 necdum
2800 3572 2866 3625 de
2881 3574 3123 3641 gehenna
3143 3578 3458 3648 loquamur:

1880 3667 2000 3703 nam
2021 3654 2109 3720 qui
2132 3663 2373 3723 aegrotat,
2397 3659 2518 3710 talia
2537 3662 2697 3714 verba
2721 3664 2899 3717 statim
2922 3682 3024 3719 non
3056 3669 3238 3723 ferret.
3272 3674 3463 3740 Quam-

1878 3742 2063 3796 obrem
2082 3759 2147 3797 ex
2172 3748 2527 3814 praesentibus
2558 3751 2640 3804 his
2662 3752 2728 3806 de
2749 3755 2908 3808 rebus
2931 3759 3090 3812 verba
3125 3761 3380 3820 faciamus
3408 3777 3460 3822 et

1879 3833 2115 3891 dicamus
2137 3855 2148 3889 :
2168 3837 2274 3891 Cur
2300 3855 2361 3892 ex
2394 3844 2612 3896 avaritia
2638 3846 2713 3897 vis
2728 3846 2907 3912 ditari,
2940 3862 2993 3901 ut
3020 3851 3139 3904 aliis
3161 3871 3349 3913 aurum
3368 3874 3457 3915 re-

1880 3926 2161 3995 condatur,
2182 3932 2274 3985 tibi
2299 3948 2429 3987 vero
2446 3936 2738 3991 innumerae
2770 3940 3180 4007 imprecatioues
3202 3956 3256 4000 et
3272 3950 3456 4004 crimi-

1880 4022 2157 4076 nationes?
2180 4033 2233 4077 et
2260 4026 2348 4092 qui
2380 4028 2484 4081 illis
2512 4030 2749 4097 privatus
2777 4041 2880 4095 est,
2911 4048 2973 4086 ex
3002 4051 3182 4090 rerum
3215 4055 3461 4097 necessa'

1880 4110 2076 4165 riarum
2118 4117 2336 4181 penuria
2367 4119 2705 4185 mordeatur,
2736 4122 2918 4190 ejulet,
2952 4139 3339 4197 sescentosque
3370 4134 3459 4186 tibi

1880 4205 2112 4257 attrahat
2164 4218 2508 4262 accusatores
2540 4252 2553 4276 ,
2583 4222 2637 4265 et
2666 4212 2984 4267 adveniente
3025 4232 3242 4284 vespera
3287 4222 3457 4275 furum

1881 4295 2195 4364 circumeat,
2227 4308 2281 4352 et
2307 4302 2357 4354 in
2388 4304 2688 4371 angiportis
2712 4320 2902 4359 omnes
2932 4311 3238 4375 conveniat,
3269 4312 3461 4367 dubius

1881 4394 1935 4438 et
1959 4387 2165 4449 anxius,
2201 4404 2267 4443 ne
2293 4389 2359 4443 de
2389 4393 2727 4459 transigenda
2757 4396 2970 4464 quidem
2997 4409 3155 4451 nocte
3175 4400 3339 4454 ﬁdere
3367 4418 3459 4455 au.

1881 4478 2039 4532 deus.
2070 4480 2348 4546 Quomodo
2366 4484 2505 4536 enim
2526 4485 2633 4551 jam
2663 4485 2914 4553 dormiet,
2941 4488 3063 4541 dum
3095 4492 3301 4545 mordet
3334 4508 3461 4545 ven-

1883 4577 1980 4633 ter,
2016 4570 2231 4639 ipsequc
2258 4574 2470 4641 vigilat,
2504 4574 2666 4627 fames
2698 4577 2926 4641 obsidet,
2951 4578 3148 4647 ingruit
3170 4597 3308 4650 saepe
3338 4585 3457 4650 gelu

1882 4670 1934 4715 et
1964 4662 2152 4728 pluviae
2177 4664 2471 4716 decidunt?
2502 4666 2565 4717 Et
2591 4674 2641 4717 tu
2671 4668 2883 4734 quidem
2912 4685 2978 4723 ex
3012 4670 3201 4723 balneo
3249 4673 3462 4736 ablutus

1882 4752 2047 4815 redis,
2080 4753 2331 4805 mollibus
2378 4757 2603 4808 amictus
2647 4758 2905 4826 vestibus,
2962 4761 3113 4813 laetus
3140 4771 3193 4815 et
3220 4766 3457 4831 gaudens

1882 4843 1948 4896 ad
1976 4844 2173 4898 lautam
2228 4860 2435 4900 cmnam
2490 4854 2758 4904 accurris:
2793 4852 2879 4904 ille
2905 4861 3080 4905 autem
3113 4869 3206 4923 per
3232 4855 3403 4912 forum
3431 4877 3461 4914 a

1882 4932 2077 5003 frigore
2101 4945 2154 4990 et
2182 4936 2321 4991 fame
2360 4954 2502 5002 Saepe
2531 4940 2714 5006 pulsus
2744 4941 3012 5005 circumit,
3044 4958 3213 5011 prono
3244 4950 3413 5017 capite
3442 4992 3457 5015 ,

1883 5043 2071 5081 manus
2099 5031 2425 5094 extendens;
2453 5047 2549 5083 nee
2574 5047 2682 5099 prae
2722 5041 2867 5085 metu
2897 5036 3058 5090 audet
3087 5042 3280 5093 satiato
3305 5050 3359 5095 et
3384 5058 3461 5095 re~

1882 5104 2148 5175 cumbenti
2202 5121 2356 5175 verba
2399 5121 2637 5189 proferre
2690 5140 2787 5192 pro
2815 5126 3069 5182 alimento
3120 5134 3455 5199 necessario;

1884 5225 2026 5279 saepe
2055 5226 2179 5264 vero
2223 5212 2542 5266 contumelia
2575 5214 2798 5269 affectus
2841 5217 3085 5270 recessit.
3138 5219 3273 5275 Cum
3330 5240 3457 5294 ergo

1882 5301 2099 5354 domum
2133 5315 2380 5355 reversus
2407 5318 2486 5367 es,
2512 5319 2631 5358 cum
2656 5306 2707 5358 in
2738 5306 2875 5359 lecto
2902 5309 3170 5364 recumbis
3221 5327 3338 5367 cum
3369 5315 3455 5370 lux

1882 5390 2160 5458 splendida
2190 5391 2386 5460 ubique
2414 5394 2578 5464 fulget
2616 5395 2665 5447 in
2702 5395 2928 5460 aedibus,
2956 5412 3077 5451 eum
3102 5400 3241 5455 lauta
3272 5418 3454 5459 mensa

1881 5492 2061 5551 parata
2091 5490 2193 5549 est,
2236 5493 2349 5537 tum
2376 5485 2661 5539 recordare
2710 5486 2891 5539 miseri
2917 5498 2971 5542 et
2999 5488 3228 5545 infelicis
3272 5493 3415 5549 illius
3442 5538 3457 5559 ,

1881 5574 1993 5641 qui,
2024 5581 2079 5625 ut
2104 5588 2265 5629 canes
2292 5575 2488 5639 solent,
2518 5576 2578 5627 in
2593 5575 2909 5645 angiportis,
2938 5579 2989 5632 in
3016 5580 3250 5635 tenebris
3271 5591 3324 5637 et
3344 5584 3457 5639 luto

1881 5664 2170 5719 circumit:
2214 5666 2423 5720 etiamsi
2449 5680 2593 5734 saepe
2623 5664 2748 5721 hinc
2800 5668 2974 5734 abeat,
3030 5684 3134 5724 non
3187 5671 3403 5726 domum
3436 5713 3454 5739 ,

1884 5771 1988 5812 non
2016 5756 2080 5813 ad
2109 5772 2332 5813 uxorem
2352 5785 2376 5827 ,-
2400 5756 2495 5814 sed
2520 5757 2571 5813 in
2598 5757 2726 5815 fanti
2753 5766 2999 5830 stratum,
3032 5770 3091 5816 ut
3112 5771 3168 5818 et
3185 5777 3345 5821 canes
3371 5763 3451 5818 vi-
