4070 6322
619 315 689 371 95
1344 312 1400 363 S.
1438 302 1714 361 JOANNIS
1750 295 2190 357 CHRYSOSTO!

2294 292 2583 351 tRClllEP.
2620 294 3157 355 CONSTANTINOP.
3828 314 3905 368 9t;

621 431 837 492 demus,
892 426 981 497 qui
1010 440 1106 496 per
1133 432 1298 479 totam
1330 431 1543 476 noctem
1569 417 1741 473 rabidi
1772 416 1987 470 latrant.
2042 412 2109 467 Et
2151 420 2208 465 tu

618 519 836 589 quidem
864 518 911 572 si
942 532 1158 587 parvam
1184 514 1383 570 stillam
1413 511 1616 565 videris
1644 524 1675 563 e
1699 517 1842 562 tecto
1871 504 2159 575 .deiapsam
2186 545 2202 571 ,

620 620 787 663 totam
814 608 1012 663 evertis
1040 606 1292 671 domum,
1335 603 1559 657 famulos
1607 613 1834 661 vocans,
1864 597 2046 650 omnia
2083 611 2202 651 Μυ-

618 716 753 756 vens
780 720 792 755 :
826 701 916 756 ille
958 715 1091 754 vero
1132 699 1321 766 iacens
1351 697 1405 751 iu
1436 695 1649 766 pannis,
1698 692 1842 749 faeno
1863 700 1918 747 et
1940 691 2053 745 luto
2073 729 2089 755 ,
2117 688 2204 743 iu-

618 807 752 863 gens
772 791 969 848 tolerat
989 791 1179 861 frigus.

688 883 744 938 ὕ.
783 883 916 951 Qua
959 882 1067 936 fera
1112 880 1200 935 bis
1243 895 1348 933 non
1387 879 1660 949 frangatur
1682 876 1885 931 rebus?
1922 873 2041 944 quis
2066 872 2202 926 adeo

614 986 791 1028 savus
830 980 887 1027 et
929 970 1273 1034 inhumanus,
1323 968 1469 1024 hisce
1517 968 1676 1023 rebus
1719 981 1826 1021 non
1872 964 2203 1019 mansuetior

614 1061 908 1118 reddatur?
941 1061 1049 1119 Sed
1075 1060 1299 1132 quidam
1333 1060 1399 1115 ad
1437 1068 1637 1114 tantam
1680 1058 2072 1113 immanitatem
2108 1055 2202 1109 de-

614 1164 894 1220 venerunt,
927 1165 986 1209 ut
1011 1154 1195 1209 dicant
1225 1155 1370 1225 ipsos
1396 1153 1556 1224 digna
1584 1152 1710 1221 pati.
1750 1152 1885 1205 Cum
1924 1154 2209 1217 oporteret

612 1247 754 1301 enim
783 1246 1061 1313 misereri,
1094 1244 1375 1317 lacrymari
1395 1286 1414 1311 ,
1441 1255 1495 1299 et
1520 1243 1879 1298 calamitatem
1910 1238 2065 1294 siuml
2093 1238 2203 1291 solo

611 1354 739 1394 vere
768 1354 783 1392 :
814 1337 888 1393 illi
918 1352 1048 1393 vero
1079 1338 1225 1407 ipsos
1256 1336 1619 1391 inhumaniter
1645 1343 1919 1388 accusant.
1951 1331 2101 1399 Quos
2130 1330 2199 1385 li-

608 1428 800 1483 benter
826 1428 1215 1496 interrogarem
1236 1469 1253 1495 ,
1280 1428 1425 1493 Cur,
1456 1440 1664 1497 quam,
1694 1424 1852 1494 digna
1882 1420 2201 1495 patiuntur?

608 1537 677 1574 an
705 1520 850 1590 quod
878 1520 952 1574 ali
984 1521 1150 1575 velint
1171 1528 1227 1575 et
1252 1534 1358 1573 non
1389 1518 1530 1573 fame
1555 1516 1742 1572 confici
1763 1517 1788 1570 l
1808 1514 1947 1581 Non,
1971 1513 2194 1581 inquiet,

607 1612 705 1667 sed
733 1612 860 1681 quia
889 1611 1048 1667 otiosi
1078 1619 1223 1666 sunt.
1256 1610 1338 1665 Tu
1368 1626 1497 1665 vero
1519 1622 1699 1663 annon
1733 1608 1935 1662 otiosus
1970 1605 2196 1659 delicia-

609 1702 719 1756 ris?
742 1701 882 1770 Quid
910 1714 1039 1757 vero
1057 1742 1073 1765 ,
1104 1717 1285 1756 annon
1313 1715 1452 1771 opus
1493 1715 1638 1769 saepe
1664 1713 1884 1754 exerces
1912 1697 2024 1751 otio
2048 1697 2195 1752 omni

606 1794 842 1861 gravius,
881 1792 1012 1847 dum
1050 1792 1215 1860 rapis,
1262 1794 1369 1846 vim
1411 1789 1578 1846 Iniers
1612 1799 1670 1845 et
1697 1789 1933 1844 avaritia
1972 1788 2198 1843 studes?

608 1884 797 1939 Melius
816 1891 965 1940 esset
989 1882 1038 1939 si
1067 1891 1125 1937 tu
1154 1897 1370 1953 quoque
1397 1882 1525 1937 huic
1554 1890 1609 1937 te
1636 1880 1863 1937 dederes
1890 1881 1999 1935 otio
2028 1898 2041 1934 :
2073 1896 2196 1935 nam

608 1975 679 2028 ita
718 1972 877 2029 otiari
921 1973 1116 2030 melius
1152 1982 1256 2039 est,
1303 1988 1463 2042 quam
1500 1972 1739 2027 avaritiae
1777 1971 2013 2028 studere.
2042 1970 2195 2027 Nutic

605 2074 787 2121 autem
812 2060 1007 2121 alienis
1030 2064 1195 2120 etiam
1220 2062 1450 2120 insultas
1469 2061 1884 2129 calamitatibus,
1908 2079 2011 2117 non
2033 2062 2197 2119 modo

606 2156 658 2209 in
688 2155 799 2211 otio
821 2154 1044 2225 degens,
1074 2168 1175 2210 nec
1204 2154 1365 2209 modo
1390 2169 1529 2223 opus
1564 2154 1885 2226 aggrediens
1926 2155 2036 2208 otio
2074 2169 2193 2225 gra-

605 2248 744 2314 vius,
792 2245 889 2303 sed
931 2246 1093 2302 etiam
1126 2246 1179 2301 in
1218 2247 1433 2302 miseria
1462 2246 1720 2315 degentes
1747 2260 2024 2301 accusans.
2060 2244 2193 2315 Ipsis

601 2352 816 2409 quoque
865 2349 1148 2392 narremus
1202 2335 1408 2390 alienas
1460 2337 1826 2401 calamitates,
1881 2336 2194 2391 immaturas

602 2429 879 2494 orbitates,
908 2441 1005 2483 eos
1032 2426 1123 2497 qui
1166 2426 1220 2481 in
1249 2441 1466 2481 carcere
1492 2426 1711 2497 degunt,
1743 2442 1839 2483 eos
1872 2428 1960 2497 qui
1989 2426 2192 2482 discer-

604 2528 802 2588 puntur
826 2518 880 2573 In
900 2517 1151 2589 judiciis,
1183 2531 1278 2573 eos
1303 2518 1392 2589 qui
1419 2518 1488 2574 de
1514 2520 1618 2573 vita
1648 2519 1856 2583 timent,
1889 2519 2190 2587 inopinatas

602 2609 887 2664 mulierum
914 2608 1218 2672 viduitates,
1246 2611 1557 2676 repentinas
1584 2609 1810 2663 divitum
1841 2609 2186 2675 mutationes,

599 2712 652 2756 et
679 2701 780 2757 hoc
806 2708 949 2756 metu
978 2714 1166 2755 eorum
1196 2699 1407 2753 animos
1436 2699 1760 2754 molliamus.
1790 2698 1923 2755 Nam
1952 2716 2049 2771 per
2069 2700 2190 2755 illas

598 2794 801 2847 alienas
842 2790 1175 2863 narrationes
1214 2790 1556 2845 suadebimus
1588 2791 1726 2857 illis,
1758 2800 1818 2845 ut
1843 2790 2031 2846 eadem
2072 2794 2185 2861 ipsa

598 2882 711 2941 sibi
729 2884 966 2940 timeant.
992 2881 1125 2938 Cum
1153 2882 1297 2937 enim
1324 2881 1612 2946 audierint,
1640 2882 1938 2952 cujuspiam
1964 2883 2109 2937 avari
2132 2890 2189 2937 et

598 2975 829 3047 raptoris
854 2974 1021 3029 filium
1044 3014 1059 3039 ,
1087 2974 1384 3044 cujuspiam
1411 2974 1502 3044 qui
1533 2973 1701 3027 multa
1730 2974 2010 3043 tyranuice
2038 2973 2184 3029 fece-

598 3078 683 3124 rat
708 3082 952 3131 uxorem,
970 3074 1093 3137 post
1117 3073 1344 3120 mortem
1377 3064 1619 3135 conjugis
1648 3064 1926 3120 innumera
1972 3080 2185 3135 passam

598 3176 717 3216 esse
745 3159 903 3226 mala,
924 3173 1046 3213 cum
1075 3158 1109 3213 ii
1139 3157 1229 3229 qui
1256 3157 1452 3227 injuste
1479 3156 1588 3210 best
1612 3155 1843 3222 fuerant,
1882 3158 1934 3212 in
1960 3173 2182 3212 uxorem

596 3260 651 3304 et
669 3248 809 3303 filios
832 3248 1136 3311 irruissent,
1160 3255 1216 3303 et
1233 3261 1519 3302 commune
1539 3248 1735 3302 bellum
1756 3256 1943 3303 contra
1966 3247 2183 3302 domum

600 3338 744 3393 illius
771 3336 1005 3407 undique
1032 3337 1321 3391 excitatum
1352 3346 1495 3393 esset
1527 3355 1542 3391 :
1569 3338 1779 3393 etiamsi
1806 3339 2040 3393 maxime
2061 3353 2182 3394 om-

600 3427 746 3481 nimn
786 3440 949 3483 sensu
978 3425 1267 3482 destitutus
1292 3426 1398 3491 sit,
1429 3438 1749 3496 exspectans
1772 3436 1951 3483 tamen
1975 3443 2035 3483 se
2062 3427 2181 3483 talia

600 3534 877 3589 passurum
895 3560 912 3583 ,
940 3528 997 3574 et
1036 3518 1147 3573 suis
1176 3518 1369 3573 timens
1396 3536 1463 3574 ne
1492 3519 1685 3573 similia
1712 3522 2012 3590 patiantur,
2046 3530 2183 3575 tem-

599 3610 873 3678 perantior
924 3610 1046 3665 erit.
1098 3608 1233 3665 Tota
1277 3611 1381 3665 vita
1432 3620 1615 3667 nostra
1676 3611 1870 3666 talibus
1923 3611 2183 3681 exemplis

598 3702 783 3757 multis
823 3700 978 3772 plena
1010 3708 1093 3755 est
1114 3740 1131 3767 ,
1163 3715 1265 3755 nec
1291 3701 1504 3756 deﬁciet
1548 3702 1704 3757 nobis
1747 3701 1834 3758 hic
1878 3702 2181 3773 corrigendi

598 3792 809 3848 modus.
832 3791 967 3847 Cum
997 3799 1176 3847 autem
1209 3790 1323 3845 lucc
1348 3792 1575 3846 dicimus
1597 3832 1614 3859 ,
1638 3809 1745 3847 non
1773 3794 1925 3864 quasi
1952 3795 2182 3848 suadeo-

599 3897 682 3938 tes
712 3880 793 3936 vel
817 3882 971 3953 quasi
999 3881 1343 3937 consulentes
1374 3879 1491 3936 bzec
1515 3882 1756 3937 dicamus
1774 3923 1790 3948 ,
1818 3898 1886 3937 ne
1908 3884 2183 3940 molestior

2318 410 2386 465 sit
2411 411 2602 476 oratio,
2636 413 2733 467 sed
2756 414 2805 468 id
2838 424 3106 486 tamquam
3134 421 3491 477 narrationem
3520 423 3893 494 proferamus;

2306 512 2361 557 et
2391 518 2453 557 ea
2481 503 2582 558 alia
2618 510 3003 578 consequentia
3032 510 3099 565 ad
3124 511 3353 567 similem
3384 528 3602 585 semper
3619 518 3889 571 narratio-

2307 608 2430 647 nem
2459 596 2733 651 veniamus
2755 637 2772 662 ,
2800 613 2866 651 ac
2891 599 3200 670 frequenter
3221 603 3305 660 eis
3336 605 3457 658 talia
3494 606 3740 678 exempla
3772 624 3893 675 pru-

2306 700 2588 754 ponamus,
2641 704 2748 745 non
2798 692 3157 750 concedentes
3202 704 3263 751 ut
3298 690 3411 751 alia
3457 714 3615 767 quam
3663 700 3781 755 luce
3808 701 3901 754 lo-

2305 790 2538 846 quantur
2560 798 2579 835 :
2597 781 2878 849 Quomodo
2902 784 3061 854 hujus
3081 787 3273 843 domus
3296 790 3571 861 splendida
3593 802 3647 846 et
3669 793 3895 851 illustris

2306 872 2603 937 corruerit;
2645 874 2914 943 quomodo
2954 876 3025 931 ita
3052 876 3269 935 deserta
3299 881 3402 948 sit,
3446 892 3504 936 ut
3545 885 3711 952 ipsius
3751 886 3895 939 bona

2304 959 2481 1012 omnia
2539 960 2595 1015 in
2638 961 2863 1018 aliorum
2911 981 3097 1022 manus
3140 968 3470 1037 inciderint;
3514 984 3642 1043 quot
3687 974 3895 1043 judicia

2304 1050 2539 1119 quotidie
2562 1051 2632 1107 de
2661 1053 2746 1109 his
2775 1054 3114 1115 facultatibus
3134 1070 3259 1116 sunt
3283 1066 3566 1119 constituta
3587 1108 3603 1131 ,
3629 1078 3760 1137 quot
3789 1084 3895 1122 ues-

2302 1142 2443 1209 gotis
2468 1158 2483 1207 ;
2512 1155 2641 1212 quot
2677 1161 2743 1200 ex
2779 1145 2995 1204 famulis
3023 1150 3166 1206 illius
3185 1153 3275 1207 alii
3302 1158 3646 1213 emendicant
3669 1201 3684 1224 ,
3713 1160 3805 1214 alii
3832 1162 3893 1215 in

2302 1244 2519 1286 carcere
2537 1236 2772 1290 conclusi
2796 1240 2989 1293 mortui
3019 1251 3162 1295 sunt.
3198 1243 3266 1298 Et
3294 1244 3410 1300 hee
3438 1249 3616 1304 omnia
3644 1250 3896 1304 dicamus

2302 1324 2452 1392 quasi
2499 1324 2742 1395 lugentes
2784 1344 2931 1397 eum,
2980 1332 3069 1401 qui
3112 1350 3177 1389 ea
3228 1335 3329 1392 hac
3372 1338 3479 1393 vita
3519 1342 3786 1411 migravit,
3831 1352 3895 1397 et

2301 1416 2450 1485 quasi
2495 1421 2779 1487 pmontia
2820 1420 3217 1493 despicientes;
3248 1436 3304 1482 ut
3333 1438 3387 1484 et
3417 1428 3692 1488 timorect
3718 1434 3886 1489 mise-

2300 1507 2530 1562 ricordia
2557 1512 2895 1567 emoliiamus
2924 1514 3186 1571 innuitem
3215 1518 3365 1573 illum
3389 1521 3647 1577 animum.
3677 1523 3745 1577 Bt
3762 1539 3892 1579 cum

2301 1599 2421 1655 illus
2465 1601 2761 1657 viderimus
2818 1603 2903 1658 bis
2948 1609 3342 1664 narrationibus
3385 1610 3711 1681 depressos,
3758 1624 3895 1671 tunc

2299 1689 2515 1744 demum
2558 1692 2665 1745 illis
2702 1692 2770 1747 de
2806 1692 3052 1762 gebenaa
3081 1710 3387 1756 servitu-em
3416 1702 3743 1767 inferamus,
3777 1721 3890 1761 non

2300 1788 2568 1851 tamquam
2588 1781 2710 1836 illos
2731 1792 3019 1847 terrentes,
3041 1785 3136 1841 sed
3162 1800 3223 1841 ut
3245 1789 3385 1844 alios
3410 1793 3886 1856 comminantes;

2297 1876 2351 1924 et
2370 1868 2609 1926 dicamus
2634 1888 2647 1923 τ
2672 1871 2743 1926 Et
2764 1873 2887 1942 quid
2918 1883 3129 1943 oportet
3154 1876 3339 1934 dicere
3365 1882 3681 1949 presential
3708 1899 3891 1954 neque

2296 1960 2439 2016 enim
2484 1973 2667 2018 nostra
2707 1963 2792 2019 his
2828 1976 2954 2021 sunt
2994 1968 3254 2024 limitibus
3297 1971 3742 2042 circumscripta;
3787 1976 3887 2030 sed

2294 2052 2508 2121 gravius
2533 2054 2851 2124 supplicium
2880 2056 3017 2112 tales
3042 2056 3287 2115 bomiaes
3313 2062 3573 2131 excipiet,
3602 2075 3657 2119 et
3686 2064 3888 2120 fluvius

2296 2142 2484 2213 igneus
2506 2156 2561 2200 et
2585 2146 2781 2201 vomis
2799 2162 3104 2204 venenosus
3117 2158 3175 2205 et
3200 2152 3433 2207 tenebrae
3453 2153 3888 2212 iutenninabiles

2294 2242 2355 2289 et
2375 2236 2632 2306 simplicia
2669 2237 3009 2292 immortalia.
3036 2238 3092 2293 Si
3121 2239 3206 2295 bis
3236 2242 3356 2297 illos
3384 2241 3725 2301 incantemus
3752 2263 3886 2303 nar-

2294 2328 2625 2393 rationibus,
2654 2336 2710 2383 et
2748 2342 2853 2383 nos
2888 2329 3113 2398 ipsoset
3156 2330 3277 2387 illos
3311 2334 3641 2402 cerrigemus
3662 2378 3681 2403 ,
3719 2349 3889 2408 atque

2292 2418 2364 2473 ah
2390 2419 2703 2488 egritudine
2731 2419 2839 2474 cito
2866 2420 3233 2486 liberabimus,
3266 2423 3319 2477 in
3349 2423 3545 2495 dieque
3574 2428 3663 2481 illo
3696 2429 3886 2483 lauda-

2294 2520 2466 2567 torem
2492 2511 2659 2565 Deam
2685 2511 3026 2577 habebimus,
3057 2522 3190 2569 utet
3215 2514 3408 2571 Paulus
3429 2517 3448 2549 ⁸
3476 2518 3644 2575 dicit:
3669 2519 3736 2576 Et
3761 2530 3891 2576 tunc

2292 2604 2410 2657 laus
2434 2604 2529 2657 erit
2553 2604 2867 2673 unicuiquea
2891 2603 3018 2658 Deo.
3050 2605 3192 2661 Laus
3225 2608 3367 2662 enim
3396 2625 3515 2680 qum
3542 2612 3612 2666 ab
3638 2612 3882 2669 homini,

2292 2697 2392 2751 bus
2413 2697 2673 2766 procedit,
2705 2706 2760 2751 et
2784 2696 2977 2751 diffluit
3004 2706 3060 2752 et
3086 2698 3372 2769 almuando
3396 2716 3507 2756 non
3532 2718 3565 2756 a
3594 2704 3737 2758 bono
3759 2708 3884 2760 ani-

2292 2802 2383 2841 mo
2424 2786 2779 2856 proﬁciscitur
2810 2803 2823 2838 :
2856 2802 2974 2855 quae
3013 2796 3195 2841 autem
3235 2803 3265 2841 a
3312 2788 3423 2844 Deo
3465 2801 3573 2856 est,
3601 2802 3656 2848 et
3698 2806 3885 2851 manet

2293 2885 2549 2946 perpetuo
2591 2886 2647 2930 et
2688 2878 2833 2931 clare
2876 2877 3142 2944 splendet.
3188 2879 3415 2946 Quando
3458 2885 3601 2936 enim
3648 2884 3734 2948 is,
3784 2888 3881 2957 qui

2289 2968 2468 3022 omnia
2498 2967 2643 3019 novit
2668 2975 2958 3037 antequam
2988 2967 3118 3021 liaut
3141 2979 3195 3023 et
3224 2969 3293 3024 ab
3317 2970 3466 3024 omni
3496 2975 3743 3040 passione
3786 2992 3871 3031 va-

2289 3072 2421 3112 cuus
2445 3067 2547 3123 est,
2582 3057 2795 3123 laudat;
2826 3067 2949 3113 tunc
2979 3058 3273 3115 indubitata
3298 3069 3381 3116 est
3410 3064 3621 3119 virtutis
3648 3066 3881 3122 demon-

2289 3148 2497 3203 stratio.
2526 3147 2651 3203 Haec
2676 3165 2806 3217 ergo
2833 3164 2956 3204 cum
2982 3152 3217 3204 sciamus
3241 3191 3257 3215 ,
3291 3151 3416 3207 talia
3444 3149 3729 3223 operemur
3757 3168 3822 3212 ut
3851 3176 3895 3215 ar

2291 3239 2401 3294 Deo
2427 3238 2727 3303 laudemur,
2755 3246 2812 3294 et
2836 3241 3066 3294 maxima
3093 3256 3487 3311 consequamur
3515 3246 3654 3302 bona
3697 3265 3711 3302 :
3753 3265 3886 3319 quas

2289 3333 2493 3385 utinam
2527 3344 2836 3385 uosomnes
2863 3331 3245 3400 adipiscamur,
3268 3336 3440 3403 gratia
3467 3343 3533 3390 et
3550 3335 3889 3409 benignitate

2291 3422 2499 3478 Domini
2540 3423 2707 3476 nostri
2751 3422 2874 3475 .Iesu
2917 3422 3147 3489 Christi,
3191 3425 3410 3493 quicum
3468 3426 3609 3481 Patri
3664 3444 3887 3500 unaque

2287 3515 2508 3587 Spiritui
2530 3523 2715 3569 sancto
2735 3514 2926 3583 gloria,
2950 3515 3252 3583 imperium,
3275 3516 3468 3585 honor,
3487 3535 3631 3576 nunc
3649 3530 3703 3577 et
3727 3537 3885 3578 scin.-

2289 3625 2384 3679 per
2406 3649 2423 3677 ,
2467 3618 2523 3663 et
2548 3608 2602 3665 itt
2631 3606 2837 3663 sacula
2856 3607 3198 3662 surculorum.
3228 3610 3423 3666 Amen.

2350 3834 2367 3866 ί
2403 3830 2569 3881 Ilorel.
2866 3827 2962 3879 cito
2983 3826 3312 3888 liberabimus,
3334 3834 3452 3880 utet
3473 3830 3887 3892 Paulinomiaais

2289 3893 2606 3955 interpositis.

1986 4109 2332 4171 HOMILIA
2371 4108 2520 4170 XII.

595 4250 725 4306 Car.
755 4251 811 4304 4.
833 4265 887 4303 v.
914 4250 969 4305 ϐ.
1005 4247 1129 4305 Hac
1154 4260 1353 4317 autem,
1382 4254 1597 4322 fratres,
1627 4252 1985 4322 trans/igurari
2010 4256 2063 4306 in
2102 4269 2184 4307 me

673 4352 720 4395 ct
748 4342 935 4412 Apollo
964 4354 1170 4413 propter
1198 4358 1304 4407 vos,
1337 4353 1391 4397 tu
1421 4344 1476 4397 in
1503 4342 1646 4397 nobis
1673 4344 1880 4397 discetis
1908 4360 2010 4397 non
2040 4344 2178 4413 plus,

668 4447 821 4500 quam
845 4431 1091 4496 scriptum
1114 4443 1210 4502 est,
1238 4448 1435 4501 sapere.

670 4522 723 4576 l.
752 4520 1021 4590 Quamdiu
1049 4521 1289 4578 molestis
1324 4525 1636 4597 asperisque
1673 4523 1853 4580 verbis
1878 4539 2014 4595 opus
2041 4524 2179 4593 fuit,

597 4628 815 4670 scenam
867 4628 975 4667 non
1026 4614 1267 4682 aperuit;
1312 4616 1406 4670 sed
1442 4631 1507 4671 ac
1530 4618 1576 4672 si
1627 4616 1742 4689 ipse
1767 4626 1911 4674 esset
1936 4616 2025 4687 qui
2066 4615 2184 4673 hac

597 4704 825 4770 audiret,
853 4703 933 4761 sic
959 4703 1311 4775 loquebatur,
1342 4712 1401 4758 ut
1423 4706 1655 4776 dignitas
1682 4722 2032 4778 personarum
2059 4724 2183 4780 qua:

598 4797 986 4853 accusabantur
1004 4797 1277 4853 obsistens
1295 4800 1691 4865 accusantibus,
1721 4817 1826 4856 non
1847 4802 2183 4873 permitteret

599 4887 666 4943 ad
698 4889 831 4943 iram
855 4890 1184 4945 commoveri
1219 4908 1233 4944 :
1264 4904 1386 4944 cum
1416 4874 1596 4944 autiem
1625 4900 1899 4961 oporteret
1926 4892 2182 4964 deinceps

599 4978 799 5049 aliquid
828 4981 1103 5037 remittere
1126 5021 1142 5048 ,
1173 4989 1301 5035 tunc
1328 4981 1497 5049 posita
1522 4980 1668 5034 larva
1688 5021 1705 5047 ,
1732 4981 2027 5036 occultatas
2056 4998 2181 5051 per-

598 5084 762 5126 sonas
786 5071 1019 5125 ostendit
1046 5073 1253 5141 prolato
1293 5071 1445 5127 Pauli
1472 5079 1527 5126 et
1562 5070 1755 5141 Apollo
1784 5072 2020 5126 nomine.
2057 5070 2183 5129 ideo

598 5162 855 5217 dicebat:
889 5158 1013 5213 Hau:
1037 5172 1239 5230 autern,
1264 5156 1490 5225 fratres,
1521 5161 1879 5231 transﬁgurari
1916 5161 1970 5214 in
2014 5176 2094 5215 me
2132 5170 2182 5215 et

599 5252 807 5321 Apollo.
857 5250 922 5306 Et
947 5252 1084 5307 sicut
1120 5253 1174 5308 in
1212 5253 1633 5325 aagrotautibus,
1681 5251 1895 5322 quando
1925 5253 2182 5319 puerulus

598 5360 741 5414 a-ger
766 5343 1003 5399 calcibus
1030 5341 1172 5411 ferit,
1200 5355 1257 5400 et
1281 5356 1562 5401 aversatur
1585 5343 1739 5399 cibos
1763 5342 1855 5412 qui
1884 5342 2182 5397 offeruntur

597 5453 629 5491 a
658 5437 900 5502 medicis,
926 5436 1243 5492 advocatum
1272 5451 1477 5508 patrem
1510 5437 1593 5492 vel
1621 5435 1968 5508 paedagogum
1987 5474 2005 5501 ,
2035 5435 2069 5490 ii
2092 5436 2181 5505 qui

600 5528 860 5597 assident,
882 5528 1076 5600 juhent
1104 5543 1169 5583 ea
1203 5529 1396 5583 medici
1436 5545 1599 5584 manu
1638 5528 1887 5597 accipere
1908 5568 1924 5593 ,
1951 5534 2007 5582 et
2032 5526 2196 5581 cibos'

602 5618 830 5688 atlcrre,
870 5632 928 5677 ut
964 5637 1032 5679 ex
1082 5622 1277 5676 timore
1322 5621 1558 5691 ipsorum
1611 5622 1761 5693 pueri
1816 5619 2078 5690 accipiant
2128 5628 2183 5673 et

603 5710 880 5780 quiescant
908 5731 921 5767 :
952 5714 1029 5771 sic
1054 5724 1108 5771 et
1152 5711 1348 5771 Paulus
1385 5726 1507 5769 cum
1535 5729 1631 5784 pro
1647 5714 1775 5769 aliis
1800 5721 1944 5769 esset
1968 5725 2186 5767 accusa-

2288 4262 2457 4319 turus,
2500 4251 2608 4308 illis
2651 4252 2867 4324 quidem
2912 4261 2972 4307 ut
2996 4253 3087 4322 qni
3125 4253 3317 4324 injuria
3361 4253 3741 4322 afﬁcerentur,
3788 4258 3882 4315 liis

2287 4360 2417 4400 vero
2442 4353 2501 4400 ut
2542 4345 2632 4416 qui
2678 4359 2841 4414 supra
2890 4344 3107 4399 modum
3154 4344 3581 4411 honorareutur,
3614 4362 3880 4416 personas

2286 4435 2501 4507 quidem
2522 4452 2709 4492 eorum
2732 4451 2839 4490 non
2865 4436 3106 4508 protulit,
3123 4434 3218 4490 sed
3240 4450 3340 4490 suo
3360 4444 3417 4491 et
3439 4436 3632 4505 Apollo
3652 4441 3881 4498 nomine

2285 4540 2593 4582 sermonem
2612 4525 2877 4593 adhibuit,
2903 4536 2960 4580 ut
2983 4539 3081 4580 eos
3107 4524 3346 4590 reveriti,
3374 4524 3693 4593 medicinam
3723 4533 3877 4586 acci-

2286 4626 2480 4687 perent
2507 4636 2521 4672 :
2552 4628 2835 4689 postquam
2879 4627 3058 4673 autem
3107 4625 3467 4686 acceperunt,
3498 4626 3623 4676 tunc
3647 4622 3881 4679 demum

2286 4709 2499 4779 aperuit
2528 4709 2598 4765 de
2641 4710 2960 4781 quibusnam
3008 4708 3125 4763 haec
3164 4707 3494 4778 loqueretur.
3537 4710 3663 4767 Haec
3686 4723 3878 4769 autem

2287 4814 2397 4854 non
2426 4799 2699 4855 simulatio
2724 4808 2879 4855 erant
2900 4840 2916 4866 ,
2944 4799 3039 4856 sed
3066 4800 3445 4868 attemperatio
3467 4809 3523 4855 et
3542 4800 3877 4861 tuconomia.

2286 4889 2417 4945 Nam
2448 4890 2492 4944 si
2518 4898 2705 4959 aperte
2734 4889 3004 4954 dixisset,
3031 4888 3185 4943 Viros
3209 4896 3427 4944 sanctos
3451 4901 3506 4946 et
3528 4892 3878 4953 admirabiles

2286 4979 2551 5047 iudicatis,
2575 4978 2629 5034 id
2650 4988 2797 5034 certe
2819 4993 2962 5051 agre
2986 4978 3233 5031 tulissent
3250 4986 3307 5033 et
3327 4979 3650 5038 resiliissent
3681 5002 3696 5039 :
3727 5000 3880 5040 nunc

2284 5085 2414 5125 vero
2456 5084 2577 5125 cum
2605 5068 2866 5134 dixisset,
2906 5067 3039 5122 lilii
3068 5077 3236 5121 autem
3261 5084 3355 5137 pro
3381 5070 3589 5126 minimo
3632 5084 3704 5129 est
3746 5087 3802 5127 ut
3845 5095 3884 5132 ι

2282 5162 2421 5216 nobis
2436 5164 2673 5233 judicer;
2688 5170 2743 5217 et
2763 5175 2999 5223 rursum,
3024 5159 3151 5226 Qui:
3166 5169 3238 5213 est
3260 5158 3457 5217 Paulus
3470 5163 3623 5231 finis
3642 5166 3835 5235 Apollo
3861 5183 3885 5220 :

2285 5252 2671 5322 aceeptabilem
2729 5253 3031 5305 orationem
3089 5248 3286 5305 effecit.
3335 5250 3626 5323 Propterea
3684 5253 3875 5307 dixit:

2289 5343 2414 5397 Haec
2437 5355 2605 5399 autem
2634 5344 2688 5395 in
2718 5357 2798 5395 me
2823 5341 3182 5412 transﬁgurari
3204 5352 3412 5414 propter
3437 5358 3544 5408 sos,
3572 5352 3629 5395 ut
3652 5343 3705 5395 in
3727 5342 3880 5395 nobis

2285 5437 2493 5491 discetis
2518 5452 2618 5490 non
2646 5433 2763 5502 plus
2791 5446 2942 5502 quas
2968 5436 3211 5503 scriptum
3238 5444 3312 5489 est
3336 5446 3551 5505 sapere;
3576 5430 3877 5487 ostendens

2284 5527 2427 5598 quod
2454 5528 2500 5582 si
2524 5527 2592 5582 de
2618 5525 2725 5579 illis
2753 5523 2913 5577 verba
2942 5522 3171 5590 fecisset,
3202 5539 3308 5579 non
3331 5522 3645 5579 didicissent
3663 5536 3727 5576 ea
3747 5537 3875 5592 quae

2287 5618 2499 5672 discere
2523 5615 2843 5685 oportebat,
2878 5628 3052 5684 neque
3078 5614 3467 5669 correctionem
3493 5611 3831 5682 accepissent
3852 5652 3872 5680 ,

2290 5727 2354 5767 ea
2398 5726 2517 5780 quae
2559 5707 2879 5763 dicebantur
2923 5706 3149 5763 moleste
3189 5705 3439 5765 ferentes.
3486 5702 3639 5760 Nunc
3686 5713 3873 5765 autem
