4070 6322
254 361 314 417 97
1295 352 1356 406 [Ν
1397 349 1610 405 EPIST.
1653 348 1669 401 Ι
1744 346 1833 400 AD
1889 344 2042 401 COR.
2083 345 2312 402 HOMIL.
2356 346 2469 402 XII.
2621 358 2630 366 ‘
3467 356 3533 412 03

261 475 480 533 Paulum
512 484 567 529 et
595 475 811 528 socium
851 480 1186 533 reverentcs,
1221 469 1374 522 facile
1405 466 1732 518 admiserunt
1763 461 1845 515 in-

263 569 652 636 crepationem.
700 563 837 631 Quid
880 573 1057 617 autem
1108 561 1208 614 sibi
1238 559 1350 612 vult
1394 557 1544 622 illud,
1589 554 1707 608 Non
1738 554 1850 621 plus

267 675 414 730 quant
443 659 696 724 scriptum
737 667 810 708 est
844 654 1064 722 sapere?
1099 653 1367 719 Scriptum
1399 659 1481 704 est
1508 668 1520 700 :
1555 646 1690 710 Quid
1714 646 1850 698 vides

267 752 507 818 festucam
538 747 591 798 in.
635 745 787 799 oculo
825 746 998 814 fratris
1039 746 1156 805 tui;
1197 741 1382 794 trabem
1415 747 1598 800 autem,
1643 753 1754 804 quae
1801 736 1851 788 in

266 842 411 893 oculo
452 849 537 890 tuo
583 849 684 900 est,
729 854 830 890 non
872 835 1159 888 consideras
1199 832 1410 901 (Matth.
1458 832 1508 882 '7.
1552 830 1602 881 5.
1637 828 1731 894 1)?
1761 839 1848 891 et,

267 928 445 982 Nolite
463 929 736 996 judicare,
769 936 824 978 ut
863 943 962 978 non
984 925 1301 994 judiccmiui.
1336 923 1466 975 Nam
1496 921 1536 972 si
1568 935 1726 970 unum
1756 934 1850 969 su-

267 1039 384 1075 mus
413 1033 468 1075 et
501 1035 602 1074 una
634 1019 889 1087 colligati.
923 1033 1026 1070 non
1055 1025 1266 1084 oportet
1292 1023 1476 1067 contra
1507 1026 1602 1063 nos
1626 1011 1850 1062 invicem

267 1113 568 1181 insurgere.
603 1111 700 1175 Qui
739 1111 868 1162 enim
908 1125 958 1162 se
989 1107 1255 1172 humiliat,
1304 1104 1506 1172 inquit,
1554 1101 1854 1152 cxaitabitur

269 1202 486 1269 (Μίνωι.
516 1201 608 1256 25.
641 1200 764 1268 19.);
797 1209 868 1260 et,
906 1197 1004 1260 Qui
1031 1199 1134 1249 vult
1162 1198 1352 1263 prinms
1377 1208 1483 1244 esse
1508 1190 1754 1253 onmium,
1789 1191 1854 1242 sit

269 1294 500 1346 omnium
546 1292 772 1343 minister
803 1288 994 1359 (Marc.
1038 1288 1123 1341 10.
1175 1287 1283 1354 45).
1321 1284 1442 1336 Haec
1485 1291 1607 1335 sunt
1648 1298 1708 1334 ea
1739 1297 1855 1350 qure

269 1386 476 1452 scripta
508 1391 651 1438 sunt.
685 1380 769 1434 Ne
809 1397 939 1434 unus
983 1395 1074 1448 pro
1103 1395 1202 1430 uno
1228 1377 1433 1444 inﬂetur
1464 1376 1702 1442 adversus
1731 1376 1855 1427 afte-

271 1493 403 1528 rum.
439 1476 667 1529 Rursum
698 1473 875 1526 missis
902 1469 1232 1532 doctoribus,
1262 1468 1552 1535 discipulos
1581 1467 1852 1533 increpat:

272 1567 348 1620 illi
392 1569 536 1621 enim
570 1574 723 1620 erant
762 1563 849 1631 qui
900 1562 996 1614 hos
1026 1558 1377 1614 extollebant.
1423 1556 1669 1624 Alioquin
1697 1557 1856 1609 etiam

272 1657 546 1724 principes
573 1670 676 1708 non
711 1653 862 1706 facile
891 1651 1047 1705 talem
1076 1650 1417 1703 admisissent
1446 1647 1762 1708 orationem,
1794 1660 1859 1699 eo

273 1748 412 1817 quod
435 1757 717 1800 externam
739 1746 963 1815 gloriam
993 1752 1251 1813 cuperent
1279 1761 1289 1793 :
1321 1743 1421 1794 hoc
1446 1741 1643 1809 quippe
1671 1739 1859 1792 morbo

273 1839 536 1892 excaecati
584 1846 738 1892 erant
773 1854 784 1889 :
817 1835 916 1904 ipsi
955 1850 1084 1889 vero
1121 1835 1288 1902 gloria
1322 1848 1428 1888 non
1457 1832 1692 1885 fruentes
1717 1870 1732 1894 ,
1765 1829 1860 1883 sed

274 1928 419 1983 illam
448 1930 570 1982 aliis
605 1929 948 1998 praebentes,
983 1935 1034 1978 et
1065 1925 1272 1977 facilius
1316 1922 1734 1975 admonitionem
1778 1929 1862 1972 tu-

273 2018 505 2084 lissent,
553 2027 606 2072 ct
652 2018 886 2087 aptiores
931 2015 996 2067 ad
1044 2014 1289 2067 morbum
1343 2011 1664 2065 solvendum
1709 2019 1862 2064 erant

274 2125 436 2180 quam
468 2109 755 2177 principes.
792 2106 932 2174 Ergo
959 2105 1117 2158 etiam
1151 2103 1251 2156 hoc
1290 2111 1373 2156 est
1401 2102 1594 2160 inﬂari.
1635 2115 1731 2170 pro
1758 2101 1863 2153 alio

277 2199 502 2264 extolli,
535 2198 743 2250 etiamsi
775 2197 824 2248 in
856 2195 1013 2249 rebus
1043 2195 1152 2248 suis
1181 2194 1281 2246 hoc
1306 2193 1463 2245 alicui
1494 2209 1598 2246 non
1631 2192 1858 2246 accidat.

274 2289 427 2343 Sicut
456 2289 597 2342 enim
632 2288 696 2352 is,
727 2289 815 2356 qui
845 2287 910 2340 de
940 2285 1130 2339 alienis
1171 2284 1390 2337 effertur
1416 2284 1582 2344 vitiis,
1613 2298 1677 2334 ex
1706 2297 1862 2333 arro-

272 2380 452 2450 gantia
503 2382 601 2433 hoc
646 2378 815 2433 facit:
848 2379 918 2432 ita
964 2377 1123 2431 etiam
1169 2376 1258 2444 qui
1297 2374 1363 2429 de
1410 2373 1578 2443 gloria
1621 2372 1859 2426 alterius.

270 2474 447 2528 Recte
474 2483 650 2527 autem
684 2471 1011 2525 inﬂationem
1038 2468 1269 2521 vocavit.

349 2565 676 2631 Arrogantiw
720 2562 929 2614 malum.
979 2590 1049 2599 -—
1089 2557 1222 2612 Cum
1259 2557 1400 2611 enim
1429 2554 1726 2609 membrum
1769 2553 1866 2607 ali-

267 2652 423 2722 quod
453 2651 711 2717 insurgit,
759 2651 861 2702 hoc
891 2649 1018 2700 nihil
1050 2647 1190 2698 aliud
1220 2656 1300 2698 est
1335 2660 1490 2713 quam
1521 2643 1865 2696 inflammatio

269 2752 330 2796 et
367 2749 628 2794 morbus:
659 2755 764 2792 non
809 2739 952 2792 enim
1000 2738 1155 2791 aliter
1195 2738 1419 2788 alterum
1467 2735 1763 2788 membrum
1809 2734 1867 2786 fit

268 2833 454 2885 altero
481 2831 658 2892 altius,
688 2845 848 2899 quam
888 2843 1006 2881 cum
1033 2837 1208 2879 tumor
1228 2826 1396 2878 adest.
1435 2826 1524 2879 Sic
1549 2827 1705 2893 igitur
1733 2833 1788 2876 ct
1814 2826 1864 2878 in

267 2938 508 2990 corpore
542 2922 817 2986 Ecclesia},
848 2920 937 2989 qui
969 2918 1330 2971 inﬂammatur
1357 2925 1410 2971 et
1434 2915 1650 2969 inﬂatur
1671 2958 1684 2979 ,
1718 2915 1760 2967 is
1784 2926 1865 2969 est

269 3015 371 3083 qui
405 3014 589 3066 morbo
621 3013 828 3064 laborat
861 3028 873 3063 :
906 3020 1072 3063 tumet
1112 3009 1253 3061 enim
1300 3016 1492 3076 praeter
1529 3022 1866 3060 communem

271 3118 614 3157 mensuram.
664 3102 774 3154 lloc
801 3101 942 3154 enim
973 3109 1052 3154 est
1090 3099 1312 3152 inﬂatio.
1344 3098 1431 3151 Sic
1472 3098 1629 3149 etiam
1670 3097 1719 3149 in
1745 3111 1866 3150 cor-

275 3207 421 3263 pore
448 3193 659 3254 accidit,
687 3191 899 3260 quando
927 3191 1139 3258 Spurius
1163 3189 1376 3258 quidam
1399 3197 1455 3241 ct
1482 3188 1649 3240 malus
1678 3188 1869 3242 humor

273 3282 576 3346 inﬂuxerit,
612 3298 718 3335 non
750 3292 932 3336 autem
965 3282 1179 3334 solitum
1210 3281 1543 3332 alimentum.
1580 3278 1652 3332 Ita
1696 3280 1872 3333 nasci-

274 3383 379 3427 tur
422 3374 718 3441 arrogautia
767 3372 957 3425 alienis
998 3386 1094 3424 nos
1135 3370 1542 3438 cogitationibus
1571 3369 1868 3423 invadenti-

275 3464 407 3518 bus.
442 3464 504 3517 Et
535 3465 653 3516 vide
683 3479 843 3532 quam
868 3463 1110 3531 apposite
1137 3461 1330 3515 dixerit
1355 3501 1369 3524 ,
1406 3459 1486 3512 Ne
1528 3461 1694 3529 inﬂati
1737 3461 1868 3515 sitis.

275 3555 439 3621 Quod
471 3557 611 3609 enim
639 3555 875 3608 inﬂatum
903 3565 1005 3615 est,
1039 3564 1298 3608 tumorem
1329 3553 1485 3606 habet
1506 3553 1723 3620 spiritus
1745 3594 1760 3619 ,
1788 3568 1870 3607 re-

279 3650 491 3717 pletum
524 3648 746 3698 humore
772 3655 1046 3713 corrupto.
1081 3645 1204 3698 Haec
1237 3658 1396 3712 porro
1435 3643 1584 3706 dicit,
1631 3658 1736 3696 non
1775 3658 1869 3696 cu-

281 3738 557 3792 rationem
587 3734 928 3798 exscindens,
973 3734 1069 3789 sed
1108 3735 1438 3788 curationem
1472 3735 1614 3790 illam
1653 3750 1770 3802 qua:
1816 3734 1870 3787 iu

278 3829 491 3884 malum
521 3828 764 3882 vertitur.
794 3825 884 3880 Vis
913 3827 1072 3881 istum
1095 3825 1324 3879 curaret
1354 3824 1468 3877 Non
1501 3824 1752 3894 impedio,
1777 3824 1871 3877 sed

280 3935 399 3977 non
428 3922 480 3974 in
509 3922 801 3990 perniciem
843 3919 1086 3973 alterius.
1131 3918 1244 3971 Non
1276 3919 1416 3972 enim
1449 3927 1505 3971 ut
1544 3927 1730 3971 contra
1776 3931 1873 3970 nos

281 4017 516 4070 invicem
541 4013 709 4067 aciem
738 4013 1062 4065 instruamus
1082 4052 1098 4076 ,
1127 4010 1280 4064 nobis
1310 4009 1418 4063 dati
1447 4019 1569 4064 sunt
1592 4009 1836 4064 doctores
1855 4048 1871 4075 ,

278 4105 387 4163 sed
430 4111 484 4158 ut
524 4117 623 4156 nos
658 4116 847 4155 omnes
873 4111 1058 4154 mutuo
1081 4101 1384 4168 jnngamus.
1417 4101 1533 4154 Dux
1572 4099 1714 4154 enim
1754 4100 1874 4154 ideo

279 4193 553 4252 exercitui
585 4190 873 4260 prailicitur
897 4229 911 4252 ,
945 4195 1002 4241 ut
1029 4199 1306 4255 separatos
1335 4203 1497 4240 unum
1526 4202 1722 4256 corpus
1752 4188 1872 4240 em-

280 4289 400 4343 ciat
427 4304 440 4338 :
463 4284 506 4336 si
532 4296 658 4334 vero
688 4280 980 4335 exercitum
1004 4278 1312 4331 divulsurus
1353 4278 1450 4339 sit,
1476 4276 1677 4329 inimici
1706 4277 1873 4343 magis

280 4392 450 4450 quam
483 4376 632 4429 ducis
665 4375 836 4428 locum
867 4373 1074 4440 implet.
1105 4372 1158 4426 7.
1188 4371 1314 4436 Quis
1341 4371 1471 4422 enim
1510 4378 1557 4421 te
1592 4368 1874 4421 discernit?

279 4469 415 4541 quid
458 4468 588 4520 enim
633 4465 784 4520 habes
819 4466 952 4537 quod
994 4482 1093 4519 non
1135 4464 1417 4535 occepisti?
1446 4461 1616 4516 Missis
1659 4461 1874 4515 demum

281 4564 556 4628 subditis,
590 4561 656 4616 ad
699 4561 963 4631 principes
991 4559 1336 4614 convertitur.
1385 4557 1496 4610 Hoc
1543 4565 1718 4609 autem
1763 4554 1876 4608 vult

283 4655 636 4724 significare:
673 4653 946 4709 Undenain
993 4651 1161 4718 liquet
1194 4648 1332 4717 quod
1379 4657 1432 4700 tu
1478 4647 1671 4714 dignus
1717 4645 1875 4698 laude

284 4746 411 4801 sis?
451 4744 718 4798 factumne
765 4752 847 4797 est
891 4741 1194 4811 judicium?
1238 4739 1580 4807 praecessitne
1609 4737 1878 4790 examen?

286 4853 364 4892 an
395 4837 637 4904 probatio
663 4876 676 4898 ,
707 4850 774 4887 an
805 4842 1050 4887 accurata
1083 4829 1436 4898 perquisitio?
1479 4829 1581 4883 Sed
1624 4829 1723 4882 hoc
1770 4843 1876 4880 non

287 4926 472 4995 possis
513 4927 711 4978 dicere.
753 4922 904 4990 Quod
947 4922 990 4975 si
1020 4921 1263 4973 homines
1289 4919 1552 4972 calculum
1585 4919 1792 4984 ferunt;
1824 4930 1879 4973 at

288 5030 402 5068 non
435 5022 638 5066 rectum
672 5023 753 5066 est
777 5015 988 5066 illorum
1014 5010 1295 5081 judicium.
1329 5009 1597 5062 Ponamus
1626 5019 1802 5064 autem
1829 5020 1878 5063 te

286 5108 515 5176 dignum
542 5106 697 5158 laude
719 5120 859 5171 esse,
889 5114 943 5160 et
968 5120 1092 5159 vere
1111 5103 1333 5175 gratiam
1355 5113 1406 5154 et
1429 5101 1627 5154 donum
1656 5101 1874 5169 habere,

287 5215 398 5257 nec
429 5206 735 5266 corruptum
779 5210 900 5251 esse
939 5198 1215 5251 hominum
1253 5193 1510 5265 judicium
1544 5211 1557 5248 :
1587 5209 1759 5264 neque
1802 5195 1880 5250 sic

289 5291 580 5362 oportebat
607 5289 772 5342 altum
803 5303 1012 5357 sapere.
1038 5289 1178 5343 Nihil
1207 5289 1348 5344 enim
1379 5302 1443 5341 ex
1473 5294 1526 5341 te
1557 5286 1750 5351 habes,
1784 5287 1879 5342 sed

287 5401 322 5440 a
365 5386 473 5438 Deo
496 5380 768 5452 accepisti.
800 5379 910 5435 Cur
935 5393 1062 5449 ergo
1088 5389 1140 5434 te
1166 5379 1365 5434 habere
1393 5376 1610 5432 simulas
1636 5378 1707 5441 id,
1736 5379 1879 5448 quod

293 5491 406 5531 non
440 5475 648 5530 habes?
695 5475 764 5528 At
803 5480 857 5526 tu
904 5469 1002 5522 iw:
1037 5471 1200 5527 habes
1225 5514 1240 5537 ,
1270 5482 1323 5526 et
1367 5470 1454 5523 alii
1499 5480 1693 5524 tecum.
1737 5471 1879 5541 Ergo

289 5580 418 5620 cum
464 5564 737 5635 acceperis
779 5561 960 5630 habes,
991 5576 1098 5616 non
1147 5563 1248 5619 hoc
1277 5563 1359 5618 vel
1387 5560 1546 5630 illud,
1579 5561 1672 5618 sed
1697 5565 1877 5618 omnia

286 5669 414 5728 qum
448 5654 634 5711 habes.

364 5746 420 5803 2.
448 5744 570 5804 Non
599 5751 744 5804 enim
777 5747 894 5804 haec
918 5753 1004 5803 tua
1034 5751 1180 5803 recte
1208 5743 1346 5803 facta
1387 5754 1530 5816 sunt,
1559 5745 1652 5803 sed
1684 5760 1751 5804 ex
1783 5745 1877 5804 Dei

1957 461 2124 529 gratia
2154 464 2488 530 proveniunt.
2520 463 2573 518 Si
2606 462 2764 518 fidem
2797 465 3016 531 dixeris,
3047 482 3112 521 ex
3141 470 3416 526 vocatione
3448 473 3534 526 illa

1952 558 2096 609 venit
2123 574 2136 621 ;
2175 558 2218 611 si
2245 559 2616 638 remissionem
2642 569 3000 628 peccatorum,
3035 563 3077 615 si
3115 564 3459 627 charismata,
3490 568 3534 621 si

1951 645 2204 700 doctrinm
2234 649 2478 712 verbum,
2510 650 2552 702 si
2578 650 2828 704 virtutcs‘
2863 669 2873 702 :
2904 654 3078 705 omnia
3109 653 3232 706 inde
3259 657 3535 724 accepisti.

1952 737 2086 801 Quid
2118 753 2243 806 ergo
2275 738 2461 801 habes,
2492 756 2674 808 quaeso
2705 752 2773 805 te,
2812 742 2950 810 quod
2980 759 3083 796 non
3110 744 3402 812 acceperis,
3441 746 3535 798 sed

1952 842 2018 880 ex
2051 836 2099 880 te
2129 829 2240 896 ipso
2265 841 2407 882 recte
2438 831 2750 899 acquisieris
2774 833 2795 882 ‘t
2819 833 2949 885 nihil
2992 832 3168 887 dicere
3209 836 3400 902 possis.
3430 834 3535 889 Sed

1953 918 2223 985 accepisti,
2254 928 2305 972 et
2335 920 2453 973 ideo
2483 921 2645 973 altum
2689 922 2830 988 sapis
2861 922 2882 973 ?
2917 922 3038 976 ideo
3079 933 3224 977 certe
3258 925 3537 992 oportebat

1957 1011 2181 1078 teipsunt
2222 1012 2525 1081 deprimere
2553 1031 2564 1075 ;
2602 1030 2703 1067 non
2729 1017 2869 1068 enim
2902 1026 3046 1069 tuum
3079 1026 3163 1070 est
3194 1018 3244 1070 id
3273 1020 3413 1086 quod
3445 1019 3537 1076 tibi

1955 1100 2134 1154 datum
2162 1112 2261 1168 est,
2293 1104 2384 1156 sed
2408 1105 2598 1157 dantis.
2626 1106 2678 1158 Si
2711 1106 2850 1159 enim
2877 1108 3148 1175 accepisu,
3176 1108 3243 1161 ab
3275 1109 3364 1162 illo
3391 1095 3542 1162 acce-

1958 1195 2076 1261 pisti
2115 1212 2126 1245 :
2160 1196 2202 1247 si
2232 1197 2297 1248 ab
2329 1197 2418 1248 illo
2462 1197 2742 1263 accepisti,
2778 1214 2883 1250 non
2917 1215 3028 1251 rem
3061 1208 3201 1251 tuam
3239 1201 3488 1267 accepisti
3527 1219 3538 1255 :

1952 1285 2097 1352 quod
2138 1287 2182 1338 si
2234 1304 2338 1339 non
2382 1304 2492 1340 rem
2537 1299 2678 1341 tuam
2710 1291 2996 1358 accepisti,
3040 1306 3132 1345 cur
3165 1292 3326 1344 altum
3360 1293 3537 1360 sapis,

1956 1378 2105 1446 quasi
2139 1392 2247 1430 rem
2285 1388 2425 1430 tuam
2457 1378 2658 1432 habens
2691 1380 2713 1430 ?
2754 1381 3112 1444 Quamobrem
3142 1382 3448 1451 subjuugit:
3481 1383 3544 1438 Si

1957 1476 2122 1522 autem
2168 1471 2425 1538 accepisti,
2467 1471 2588 1539 quid
2627 1471 2864 1540 gloriaris
2908 1474 3052 1539 quasi
3095 1489 3194 1525 non
3239 1475 3490 1526 acceperis
3519 1475 3544 1527 ?

1957 1558 2090 1612 Cum
2120 1574 2247 1628 ergo
2274 1577 2338 1613 ex
2371 1576 2632 1615 concursu
2656 1561 2854 1615 dictum
2874 1577 3025 1614 suum
3048 1563 3344 1630 probasset,
3365 1575 3545 1617 osten-

1959 1649 2037 1702 dit
2059 1651 2139 1702 vel
2165 1651 2326 1702 multa
2359 1651 2461 1704 illis
2488 1651 2698 1716 deesse,
2733 1662 2784 1706 et
2810 1654 2917 1705 ait:
2949 1653 3106 1708 Certe
3135 1655 3341 1708 etiamsi
3367 1659 3544 1709 omnia

1960 1741 2321 1808 accepissetis,
2354 1755 2458 1793 non
2489 1750 2761 1809 oporteret
2799 1744 3016 1809 gloriari
3043 1761 3056 1806 ;
3105 1744 3231 1796 nihil
3277 1745 3420 1797 enim
3452 1761 3545 1799 ve-

1960 1840 2129 1883 Strutn
2159 1840 2275 1883 est:
2309 1847 2448 1884 nunc
2480 1841 2655 1884 autem
2688 1833 2851 1885 multa
2883 1833 3029 1887 vobis
3059 1834 3266 1888 desunt.
3302 1835 3368 1888 Et
3394 1837 3546 1890 initio

1962 1920 2175 1989 quidem
2215 1920 2315 1974 hoc
2343 1923 2699 1978 subindicavit
2723 1925 2947 1979 dicens:
2984 1925 3102 1978 Non
3136 1927 3274 1995 potui
3301 1927 3435 1980 vobis
3470 1930 3546 1980 lo-

1962 2011 2046 2078 qui
2076 2021 2126 2062 ut
2154 2013 2496 2078 spiritualibus
2524 2028 2543 2075 ;
2572 2023 2644 2078 et,
2687 2012 2836 2066 Nihil
2864 2015 3092 2085 judicavi
3135 2033 3212 2068 me
3249 2018 3378 2069 scire
3416 2018 3548 2069 inter

1965 2116 2069 2166 vos,
2093 2103 2190 2154 nisi
2212 2101 2241 2154 J
2250 2120 2387 2155 esum
2413 2103 2689 2167 Christum,
2711 2115 2754 2158 et
2776 2108 2942 2173 ipsum
2962 2109 3256 2174 cruci/iacuit:
3281 2125 3296 2160 :
3317 2109 3399 2161 hic
3423 2125 3549 2162 vero

1965 2191 2085 2245 illos
2128 2193 2329 2259 pudore
2357 2193 2639 2247 aflicieudo
2683 2197 2730 2248 id
2765 2196 2890 2250 facit
2919 2199 3103 2253 dicens
3133 2217 3144 2250 :
3180 2199 3230 2254 8.
3261 2199 3381 2252 Jam
3412 2213 3551 2252 satu-

1963 2283 2062 2333 rati
2088 2285 2225 2348 estis,
2249 2285 2361 2352 jam
2385 2285 2560 2338 divites
2593 2287 2712 2356 furti
2742 2288 2882 2352 estis;
2915 2289 2965 2342 Id
2997 2298 3094 2353 est,
3125 2290 3275 2344 Nulla
3317 2307 3374 2345 re
3402 2292 3545 2345 indi-

1965 2375 2098 2441 getis
2130 2377 2401 2444 deinceps,
2425 2378 2645 2446 perfecti
2668 2381 2932 2445 evasistis,
2965 2383 3136 2450 ipsum
3161 2383 3372 2436 culmen
3393 2385 3550 2437 attin-

1963 2464 2104 2532 gitis,
2138 2466 2331 2518 nullius
2356 2482 2455 2534 ope
2479 2483 2572 2521 vos
2598 2485 2754 2537 egere
2787 2472 3005 2538 putatis,
3029 2488 3132 2526 non
3166 2476 3548 2539 apostolorum,

1966 2569 2070 2608 non
2100 2554 2401 2609 doctorum.
2433 2558 2552 2610 Jam
2573 2563 2786 2612 saturati
2815 2567 2950 2615 estis.
2976 2564 3038 2616 Et
3058 2573 3201 2618 recte
3228 2565 3375 2632 illud,
3407 2565 3549 2628 Jam,

1968 2647 2239 2714 usurpavit
2278 2661 2305 2699 a
2343 2657 2579 2716 tempore
2622 2651 2911 2704 ostendens
2957 2653 3302 2721 improbabile
3341 2671 3460 2709 esse
3501 2656 3552 2709 id

1966 2734 2106 2800 quod
2128 2735 2328 2801 dicunt,
2354 2747 2453 2802 eta
2478 2740 2684 2794 ratione
2714 2741 2940 2794 alienam
2971 2759 3089 2796 esse
3110 2745 3317 2797 illorum
3347 2723 3553 2813 opinio-

1967 2837 2115 2876 nem.
2153 2824 2382 2893 ideoque
2425 2829 2705 2882 traducens
2755 2832 2871 2882 illos
2903 2833 3108 2886 dicebat
3141 2852 3152 2885 :
3188 2833 3315 2887 Tam
3354 2836 3461 2888 cito
3488 2848 3552 2889 ait

1969 2912 2128 2965 finem
2183 2916 2539 2982 pervenistis,
2591 2920 2732 2987 quod
2784 2920 2895 2974 fieri
2939 2938 3044 2976 non
3091 2933 3297 2993 poterat
3338 2941 3552 2994 prepter

1973 3014 2204 3074 tempus.
2239 3008 2566 3062 Perfectiora
2605 3013 2744 3064 cnim
2787 3014 2837 3066 in
2874 3014 3048 3068 futuro
3081 3027 3298 3070 manent
3331 3034 3343 3069 :
3377 3019 3556 3084 paucis

1969 3097 2110 3148 enim
2144 3099 2374 3151 saturari
2421 3100 2609 3154 infirmi
2656 3113 2737 3155 est
2784 3104 2989 3168 animi;
3021 3107 3210 3172 paucis
3249 3107 3553 3162 existimare

1969 3202 2027 3272 se
2054 3187 2274 3242 divitem
2304 3188 2440 3254 ﬁeri,
2471 3194 2776 3246 nauseantis
2800 3203 2882 3247 est
2912 3206 2963 3249 et
2993 3197 3172 3250 miseri
3202 3216 3212 3251 :
3242 3198 3555 3253 insatiabilis

1970 3279 2110 3332 enim
2135 3287 2218 3333 est
2247 3280 2414 3347 pietas
2441 3298 2452 3333 :
2484 3291 2537 3335 et
2565 3284 2780 3350 puerilis
2807 3296 2890 3339 est
2922 3291 3117 3341 mentis
3138 3303 3165 3340 a
3193 3289 3367 3356 primo
3396 3305 3552 3346 acce-

1973 3371 2074 3438 ptis
2118 3380 2306 3438 putare
2336 3385 2395 3426 se
2439 3381 2605 3427 totum
2634 3377 2927 3445 accepisse,
2957 3387 3009 3431 et
3040 3394 3160 3433 cum
3193 3381 3275 3434 vix
3305 3383 3475 3435 adhuc
3504 3382 3555 3436 in

1973 3464 2246 3530 prommiis
2299 3465 2426 3529 sint,
2458 3480 2520 3519 ac
2564 3466 2606 3518 si
2650 3466 2808 3520 tinent
2857 3470 3358 3536 apprehendissent,
3391 3471 3555 3524 altum

1973 3569 2184 3620 sapere.
2220 3555 2420 3609 Deinde
2453 3556 2504 3608 iu
2532 3557 2879 3625 sequentibus
2911 3561 3080 3628 magis
3109 3561 3228 3614 illos
3253 3560 3454 3629 pudore
3482 3561 3560 3614 af-

1973 3643 2101 3698 ficit.
2126 3645 2256 3699 Cum
2281 3646 2502 3701 dixisset
2525 3648 2687 3710 enim,
2711 3649 2830 3700 Jam
2849 3651 3065 3703 saturuti
3082 3651 3220 3718 estis,
3241 3652 3513 3719 subjunxit
3541 3669 3557 3703 ι

1971 3733 2006 3786 J
2011 3751 2092 3786 am
2120 3736 2296 3788 divites
2325 3739 2447 3803 facti
2477 3738 2595 3790 estis
2619 3754 2637 3790 :
2665 3739 2772 3791 sine
2800 3740 2941 3792 nobis
2971 3745 3214 3809 regnustis
3247 3758 3264 3794 :
3288 3750 3332 3794 et
3361 3744 3558 3796 utinam

1973 3830 2267 3895 regnantis,
2284 3839 2337 3880 ut
2355 3831 2505 3882 etiam
2528 3847 2617 3884 nos
2639 3830 2890 3885 vobiscum
2919 3850 3260 3903 regraremus.
3281 3835 3558 3892 Gravitate

1975 3917 2138 3969 multa
2171 3917 2356 3984 plenus
2379 3929 2461 3972 est
2484 3933 2681 3974 sermo.
2711 3921 2835 3975 Ideo
2876 3922 3120 3977 ultimum
3164 3923 3311 3977 illum
3346 3925 3555 3980 induxit

1975 4016 2094 4074 post
2120 4008 2340 4062 multam
2385 4011 2827 4080 increpationem.
2857 4012 2931 4067 Ita
2973 4015 3114 4067 enim
3147 4016 3326 4084 gravis
3361 4026 3443 4070 est
3468 4017 3561 4071 ad-

1975 4096 2199 4149 monitio
2235 4106 2287 4149 et
2314 4102 2680 4168 acceptabilis,
2711 4118 2832 4156 cum
2865 4113 2984 4172 post
3013 4106 3380 4158 accusationes
3421 4104 3558 4159 infe-

1974 4195 2166 4239 runtur
2192 4188 2354 4240 verba
2385 4204 2505 4256 qua:
2537 4190 2804 4256 pudorem
2851 4194 3128 4245 incutiant.
3165 4193 3276 4246 Hoc
3303 4194 3446 4246 enim
3476 4195 3558 4249 vel

1976 4274 2339 4342 impudentem
2373 4284 2551 4344 potest
2584 4279 2818 4332 animum
2849 4280 3138 4347 cohibere,
3166 4291 3219 4336 et
3249 4285 3415 4352 magis
3443 4300 3562 4353 per-

1977 4365 2261 4435 Stringere,
2303 4381 2463 4436 quam
2506 4367 2785 4423 manifesta
2816 4370 3116 4434 accusatio,
3153 4381 3560 4443 temperarequo

1978 4456 2218 4512 dolorem
2265 4467 2321 4513 et
2370 4459 2750 4528 impudentiam
2805 4476 2870 4515 ex
2919 4464 3256 4515 accusatione
3303 4462 3561 4518 inducen-

1980 4549 2121 4602 dam.
2157 4549 2288 4602 lllud
2334 4560 2508 4603 autem
2565 4552 2614 4603 in
2659 4552 2833 4602 verbis
2873 4554 3128 4616 pudorem
3186 4554 3562 4607 incutientihus

1979 4643 2146 4710 magis
2173 4642 2412 4695 mirabile
2442 4650 2552 4697 est.
2587 4641 2724 4709 quod
2758 4641 2865 4694 duo
2899 4642 3129 4696 habeant
3161 4645 3429 4698 contraria
3459 4661 3472 4707 ;
3509 4655 3564 4700 et

1980 4735 2277 4803 graviorem
2325 4733 2558 4801 inﬂigunt
2611 4735 2816 4800 plagam
2852 4752 3011 4803 quam
3060 4739 3336 4791 manifesta
3378 4740 3558 4792 crimi-

1981 4827 2143 4885 natio,
2175 4838 2225 4878 et
2249 4841 2367 4878 eum
2399 4826 2484 4894 qui
2515 4827 2751 4894 arguitur
2780 4827 3074 4896 graviorem
3113 4829 3405 4882 sectionem
3438 4845 3557 4896 pas-

1981 4931 2117 4974 sum.
2152 4916 2217 4967 ad
2263 4917 2518 4985 majorcu‘.
2555 4919 2883 4970 tolerantiam
2931 4927 3206 4986 apparent.
3255 4917 3379 4971 Sine
3422 4920 3562 4972 nobis

1980 5007 2241 5075 regnastis.
2279 5007 2372 5061 llic
2401 5023 2586 5075 magna
2616 5015 2697 5059 est
2724 5005 2994 5075 emphasis
3020 5016 3074 5062 et
3104 5021 3287 5062 contra
3317 5010 3561 5062 doctores

1983 5108 2035 5154 et
2065 5110 2250 5156 contra
2277 5100 2586 5167 discipulos.
2610 5099 2922 5155 Ostenditur
2949 5099 3073 5155 hinc
3097 5102 3213 5154 illos
3240 5101 3437 5153 nullam
3470 5100 3566 5152 ha-

1982 5189 2111 5243 bere
2149 5191 2532 5244 conscientiam
2561 5198 2723 5258 atque
2753 5189 3038 5244 admodum
3067 5192 3255 5244 stultos
3285 5205 3422 5244 esse.
3455 5190 3560 5246 Hoc

1984 5279 2124 5333 enim
2154 5281 2265 5334 vult
2308 5279 2487 5334 dicere
2529 5297 2540 5331 :
2573 5278 2626 5332 In
2659 5281 2926 5334 laboribus
2952 5280 3126 5333 omnia
3159 5292 3282 5333 sunt
3321 5296 3561 5335 commu-

1984 5373 2069 5425 nia
2099 5381 2151 5426 et
2188 5372 2342 5426 nobis
2385 5380 2438 5426 et
2469 5371 2620 5425 vobis
2647 5388 2660 5437 ;
2711 5371 2760 5425 in
2791 5371 3024 5440 praemiis
3061 5380 3239 5425 autem
3271 5380 3325 5426 et
3349 5372 3561 5425 coronis

1983 5477 2078 5516 vos
2123 5464 2276 5532 primi
2321 5463 2472 5516 estis.
2515 5462 2618 5518 Sed
2664 5461 2778 5515 lucc
2807 5462 2988 5517 dicens
3030 5477 3136 5517 non
3174 5462 3331 5517 doleo
3364 5481 3377 5515 :
3407 5462 3560 5519 ideo-

1984 5569 2088 5625 que
2136 5555 2410 5625 subjunxit
2457 5572 2469 5608 :
2522 5554 2587 5608 Et
2641 5556 2836 5608 utinam
2889 5557 3185 5625 reguaretis.
3243 5556 3442 5613 Deinde
3491 5571 3557 5611 ne

2059 5752 2071 5783 ¹
2101 5759 2232 5818 ltmc,
2254 5753 2298 5808 si
2316 5754 2528 5815 virtutes,
2554 5750 2733 5801 desunt
2752 5751 2800 5799 tn
2825 5748 2987 5801 alitis.
