4070 6322
621 401 691 458 99
1389 392 1447 445 S.
1484 384 1756 443 JUANNIS
1789 374 2255 439 CIIRYSOSTOMI
2293 374 2603 432 ARClllEP.
2642 376 3161 438 CONSTANTINOP.

623 511 896 569 videretur
933 506 1101 564 ironia
1135 504 1251 560 [nec
1276 517 1397 557 esse
1419 543 1433 567 ,
1463 499 1681 567 adjecit,
1712 496 1779 563 Ut
1820 504 1869 550 et
1908 510 2005 548 nos
2033 491 2196 546 sobisp

622 618 742 658 cum
771 612 1116 673 regamus.
1148 592 1361 651 Etenim
1397 599 1452 644 et
1490 601 1621 654 eos,
1664 585 1868 656 inquit,
1900 583 2014 640 hac
2057 581 2195 637 bona

622 690 934 761 consequuti
965 699 1231 743 essemus.
1261 680 1447 737 Viden'
1472 675 1740 749 quomodo
1778 673 1937 730 simul
1976 680 2032 728 et
2084 683 2201 761 gra-

623 786 837 839 vitatem
890 790 945 841 et
992 790 1175 834 curam
1234 770 1486 828 ostettdat
1546 767 2025 839 philosophuqu
2081 760 2197 816 ani-

622 877 768 928 mum
798 872 835 925 l-
875 867 1063 928 Viden‘
1128 863 1397 935 quomodo
1454 860 1615 917 etiam
1686 858 1879 913 fastum
1944 853 2192 909 auferat:

621 966 675 1020 9.
706 963 843 1017 Puto
860 961 993 1016 enim
1009 958 1144 1030 quod
1164 954 1302 1011 Deus
1322 970 1414 1009 nos
1436 953 1689 1023 apostolos
1708 950 2001 1005 novissimos
2021 954 2192 1001 osten-

619 1056 733 1119 dit,
781 1063 1037 1122 tamquam
1088 1051 1237 1104 morti
1278 1049 1575 1102 destinatos.
1641 1044 1861 1099 Multam
1897 1039 2194 1109 emphasim

619 1156 676 1204 ct
698 1146 1011 1216 gravitatem
1032 1158 1220 1203 rursus
1236 1140 1489 1204 exhibet,
1516 1153 1638 1193 cum
1660 1137 1790 1191 dicit
1808 1175 1824 1199 ,
1853 1133 1986 1187 Nos.
2013 1131 2196 1200 Neque

622 1240 725 1293 hoc
745 1237 819 1294 illi
840 1237 970 1292 satis
998 1236 1118 1301 fuit,
1146 1233 1241 1289 sed
1261 1242 1320 1287 et
1340 1230 1651 1299 dignitatem
1681 1226 1977 1296 subiunxit,
2009 1224 2195 1279 admoo

618 1332 746 1388 dum
766 1343 861 1385 eos
879 1328 1272 1398 perstringens:
1292 1322 1424 1387 Nos,
1437 1322 1627 1391 inquit,
1641 1318 1924 1389 apostolos;
1943 1317 2032 1387 qui
2054 1314 2195 1371 mala

621 1420 852 1489 patimur
889 1418 1161 1475 innumera
1180 1455 1196 1481 ,
1224 1412 1315 1483 qui
1343 1411 1616 1480 religionis
1646 1408 2074 1481 pradicationem
2100 1418 2193 1461 se-

622 1510 908 1569 minamus,
937 1507 1025 1578 qui
1053 1519 1148 1561 vos
1173 1504 1239 1560 ad
1264 1513 1463 1559 tantam
1492 1499 1881 1570 philosophiam
1905 1497 2189 1551 ducimus:

621 1599 722 1653 hos
754 1597 1075 1652 novissimos
1100 1593 1336 1659 ostendit
1366 1601 1633 1661 tamquam
1660 1589 1817 1643 morti
1857 1587 2150 1642 destinatos
2170 1627 2188 1651 ,

622 1690 726 1744 hoc
755 1696 871 1753 est,
915 1695 973 1741 ut
1008 1686 1308 1740 damnatos.
1337 1681 1626 1751 Postquam
1664 1680 1807 1736 enim
1836 1678 2001 1744 dixit,
2048 1676 2117 1734 Ut
2142 1687 2192 1733 et

619 1795 711 1833 tm
743 1778 995 1831 uobiscum
1022 1790 1377 1845 regnaretur,
1423 1781 1478 1827 et
1514 1770 1777 1827 sermonis
1803 1770 2190 1826 vehementiam

621 1868 883 1939 mitigavit
906 1884 923 1933 ;
952 1875 1011 1920 ut
1034 1880 1104 1920 ne
1132 1865 1252 1919 illos
1283 1863 1554 1933 frangeret
1573 1900 1591 1925 ,
1620 1861 1847 1930 idipsum
1890 1872 2075 1914 rursus
2098 1872 2190 1913 aa-

620 1960 781 2014 sumit
817 1972 940 2011 cum
988 1954 1177 2024 majori
1212 1954 1500 2023 gravitate,
1539 1958 1595 2006 et
1615 1950 1731 2006 ait:
1762 1947 1896 2003 Puto
1928 1964 2021 2021 ego
2055 1948 2191 2018 quod

621 2050 757 2105 Deus
776 2065 868 2103 eos
890 2046 1150 2117 apostolos
1177 2044 1474 2100 novissimos
1502 2042 1733 2108 ostendit,
1766 2050 2020 2112 tantthm
2042 2042 2190 2099 morti

618 2143 915 2196 dedimus.
938 2138 1071 2194 Nam
1094 2146 1152 2192 ut
1175 2152 1278 2207 ego
1307 2136 1487 2201 video,
1515 2137 1704 2206 inquit,
1734 2136 2004 2206 etiamque
2031 2151 2100 2193 ex
2125 2135 2190 2191 iis

616 2248 737 2301 qum
767 2246 862 2287 vos
884 2228 1086 2296 dicitis,
1118 2229 1358 2283 omnium
1381 2226 1728 2296 abjectissiini
1755 2242 1853 2282 nos
1876 2237 1934 2282 et
1952 2227 2187 2282 damatati

616 2340 821 2388 sumus,
850 2322 941 2392 qui
981 2322 1048 2376 ad
1085 2322 1395 2391 patiendum
1443 2333 1657 2388 semper
1682 2319 1915 2389 expositi
1956 2334 2186 2384 sumus;

614 2429 713 2469 vos
736 2422 917 2469 autem
949 2413 1060 2481 jam
1086 2427 1307 2480 regnum
1331 2420 1388 2466 et
1414 2410 1646 2466 honores
1673 2421 1728 2465 ct
1751 2410 1966 2480 premis
2001 2409 2189 2479 itnagio

613 2506 835 2561 namini.
867 2504 1065 2558 Volens
1091 2512 1269 2557 autem
1299 2502 1365 2558 ad
1384 2503 1640 2572 majorem
1670 2502 2050 2561 absurditatem
2068 2516 2193 2557 ora-

615 2597 812 2650 tionem
853 2594 1157 2658 deducere,
1199 2601 1254 2647 et
1291 2592 1578 2650 ostendere
1619 2608 1741 2649 esse
1786 2593 1933 2648 illam
1969 2596 2190 2651 omnino

612 2686 1021 2759 improhabilem
1053 2702 1071 2752 ;
1101 2702 1207 2740 nou
1236 2686 1399 2751 dixit,
1420 2686 1531 2741 Nos
1567 2694 1713 2742 certe
1741 2699 1928 2740 sumus
1954 2686 2188 2743 novissi-

613 2780 685 2833 mi
714 2795 731 2843 ;
755 2778 869 2840 sed,
897 2777 1006 2832 Nos
1028 2778 1169 2832 Deus
1198 2777 1518 2831 novissimos
1541 2775 1684 2831 fecit.
1715 2776 1823 2831 Nec
1847 2777 1977 2832 satis
2008 2778 2190 2833 habuit

609 2868 839 2933 dixisse,
881 2868 1201 2921 Nouissimas
1228 2882 1247 2930 ;
1277 2866 1370 2921 sed
1398 2866 1673 2936 subiunxit
1695 2876 1751 2922 et
1779 2866 1937 2924 Horti
1966 2858 2189 2922 diutinu-

610 2969 708 3023 ωε,
738 2967 794 3011 ut
820 2958 902 3012 vel
940 2956 1223 3011 admodum
1254 2958 1471 3012 insanus
1495 2957 1669 3026 quivis
1698 2958 1961 3012 dictorum
1991 2958 2188 3026 impro-

612 3046 939 3101 habilitatem
969 3044 1174 3100 videret
1193 3088 1210 3111 ,
1252 3048 1522 3116 verbaque
1560 3046 1789 3103 dolentis
1815 3057 1869 3102 et
1901 3047 2187 3104 admodum

611 3137 730 3191 illos
758 3136 961 3206 pudore
982 3133 1264 3189 aflicientis
1287 3149 1428 3189 esse.

680 3228 734 3284 ὃ.
780 3223 933 3281 Pauli
972 3227 1257 3296 prudentie.
1285 3257 1355 3267 ——
1382 3226 1449 3280 Et
1486 3225 1606 3281 vide
1640 3226 1789 3284 Pauli
1828 3227 2185 3295 prudentiam.

612 3319 653 3373 Α
685 3318 880 3389 quibus
919 3318 1099 3386 seipse
1137 3327 1438 3386 opportuno
1476 3326 1721 3385 tempore
1755 3317 1993 3382 extollit,
2024 3332 2189 3384 leone

614 3408 982 3464 honorabilem
1023 3415 1077 3463 et
1126 3421 1376 3475 maguum
1406 3407 1686 3473 ostendit;
1727 3407 1797 3463 ab
1833 3408 2021 3463 iisdem
2065 3408 2187 3467 illos

614 3514 755 3553 nunc
780 3499 983 3568 pudore
1010 3498 1175 3553 afficit
1194 3538 1208 3561 ,
1236 3498 1542 3552 damnatum
1570 3513 1630 3553 se
1658 3514 1873 3555 vocans.
1907 3499 2075 3554 Tanta
2101 3516 2188 3558 res

612 3596 697 3643 est
720 3588 1037 3657 congruenti
1068 3598 1307 3656 tempore
1342 3588 1520 3643 omnia
1548 3586 1745 3643 facere.
1774 3587 1928 3642 Ilorti
1957 3588 2190 3643 destina.

614 3677 825 3743 tos,hos
840 3677 1122 3733 damnatos
1140 3685 1317 3743 vocat,
1334 3678 1424 3747 qui
1441 3678 1587 3734 mille
1605 3676 1861 3732 mortibus
1876 3676 2021 3748 digni
2043 3686 2185 3732 sunt.

615 3770 752 3837 Quia
776 3768 1117 3838 spectaculum
1144 3769 1267 3836 facti
1292 3784 1467 3823 sumus
1492 3768 1703 3833 mando,
1732 3777 1781 3822 et
1803 3768 1998 3838 angelis
2024 3778 2073 3823 et
2098 3769 2189 3822 Ito-

613 3860 855 3916 minilms.
869 3856 1006 3925 Quid
1024 3864 1106 3912 est
1122 3855 1272 3919 illud,
1289 3857 1329 3911 S
1336 3860 1644 3923 perlucidum
1654 3860 1777 3927 (acti
1788 3875 1962 3914 sumus
1974 3861 2190 3914 mdo!

612 3946 732 4002 Non
768 3948 823 4000 in
862 3947 1055 4016 angulo
1082 3960 1191 4003 uno
1218 3959 1392 4013 neque
1428 3946 1480 3999 in
1519 3960 1682 4013 parva
1716 3946 1862 3999 orbis
1890 3956 2045 4014 parte
2075 3946 2190 4001 haec

616 4035 885 4105 patimur,
924 4034 1138 4104 inquit;
1170 4033 1267 4088 sed
1309 4033 1503 4103 ubique
1534 4042 1590 4087 et
1624 4033 1765 4102 apud
1805 4047 2012 4088 omnes.
2052 4034 2189 4100 Quid

615 4124 718 4180 sibi
745 4122 860 4177 vult
889 4130 1091 4188 autem,
1125 4121 1189 4179 Et
1217 4122 1410 4192 angelis
1427 4122 1453 4175 7
1489 4122 1719 4178 Possunt
1742 4122 2046 4180 hominibus
2069 4138 2191 4181 esse

613 4212 1005 4285 spectaculum,
1030 4212 1128 4268 sed
1158 4228 1264 4270 non
1302 4213 1526 4283 angelis,
1553 4213 1769 4283 quando
1792 4214 1915 4268 vilia
1942 4224 2070 4270 sunt
2094 4228 2191 4282 ge.

614 4316 733 4371 sta;
758 4314 814 4362 at
839 4302 1135 4360 certamina
1165 4311 1346 4357 nostra
1369 4303 1489 4359 talia
1518 4312 1662 4368 sunt,
1688 4312 1744 4358 ut
1766 4303 1924 4374 digna
1944 4306 2052 4359 sint
2072 4319 2191 4375 quat

616 4405 923 4464 spectentur
939 4394 1008 4452 ab
1026 4391 1253 4463 angelis.
1280 4391 1413 4448 Vide
1426 4392 1697 4459 quomodo
1710 4408 1775 4448 ex
1804 4396 2014 4461 iisdem,
2040 4397 2191 4465 queis

617 4500 676 4539 se
706 4485 863 4542 vilem
890 4484 1053 4551 dicit,
1080 4499 1141 4540 se
1181 4496 1367 4539 rursus
1397 4496 1645 4551 magnum
1664 4483 1955 4539 ostendat:
1983 4499 2046 4538 ex
2074 4487 2191 4553 qui-

617 4576 717 4630 bus
740 4582 918 4628 autem
946 4574 1021 4631 illi
1048 4575 1214 4631 altum
1244 4573 1544 4645 capiebant,
1576 4572 1695 4627 illos
1720 4587 1840 4628 esse
1868 4574 2001 4628 viles
2021 4583 2074 4627 et
2100 4576 2194 4627 ab-

615 4665 788 4733 iectos
809 4662 1141 4731 pronuntiet.
1159 4663 1293 4729 Quia
1311 4663 1455 4718 enim
1482 4664 1673 4717 stultos
1699 4676 1819 4717 esse
1843 4676 2000 4731 quam
2025 4661 2195 4715 videri

620 4752 929 4822 prudentes,
956 4762 1012 4806 et
1040 4749 1279 4807 inﬁrmos
1298 4767 1418 4808 esse
1447 4769 1603 4821 quam
1625 4752 1790 4809 fortes
1815 4794 1831 4819 ,
1863 4761 1919 4810 et
1942 4752 2195 4823 inglorios

618 4859 739 4900 esse
764 4859 920 4914 quam
950 4843 1215 4914 gloriosos
1250 4852 1301 4898 et
1330 4842 1588 4907 illustres.
1618 4847 1876 4915 abiectius
1904 4862 2025 4902 esse
2053 4846 2196 4900 vide-

620 4938 808 5002 batur;
829 4946 884 4992 et
906 4937 1019 4991 haec
1034 4934 1249 5005 quidem
1268 4934 1321 4989 in
1345 4934 1461 4988 illos
1481 4943 1565 4989 est
1584 4936 1943 5005 conjecturus,
1963 4939 2048 4992 illa
2066 4953 2195 4992 vero

620 5030 734 5098 ipse
769 5029 868 5085 sibi
893 5027 1183 5083 vindicavit
1215 5045 1229 5079 :
1261 5024 1497 5081 ostendit
1529 5025 1646 5081 hac
1671 5027 1776 5084 illis
1805 5041 1925 5083 csse
1950 5029 2190 5091 meliora,

619 5121 665 5173 si
694 5118 908 5188 quidem
936 5134 1033 5189 per
1059 5120 1172 5176 haec
1199 5133 1305 5174 non
1346 5118 1622 5172 hominum
1667 5117 1859 5185 modo,
1902 5120 1996 5175 sed
2036 5121 2193 5179 etiam

621 5209 929 5275 angelorum
977 5208 1226 5279 populum
1276 5209 1341 5265 ad
1391 5209 1471 5263 sui
1514 5208 1875 5277 spectaculum
1909 5213 2191 5271 convertit.

621 5298 737 5351 Non
782 5297 923 5351 enim
968 5298 1123 5354 nobis
1170 5307 1253 5354 est
1293 5299 1605 5354 colluctatio
1652 5298 1907 5359 adversus
1952 5300 2196 5359 homines

623 5396 826 5442 tantum
840 5425 861 5451 ν,
894 5386 987 5441 sed
1028 5389 1192 5442 etiam
1233 5390 1495 5446 adversus
1532 5390 1876 5457 incorporeas
1906 5400 2195 5460 potestates

622 5478 643 5544 (
665 5476 853 5546 Ephes.
880 5475 935 5531 6.
969 5474 1097 5547 l2).
1149 5477 1379 5546 ideoque
1417 5493 1664 5547 magnum
1707 5477 1857 5533 sedet
1905 5479 2189 5539 theatrum.

625 5565 712 5619 10.
739 5565 847 5620 Nos
870 5566 1012 5620 stulti
1040 5579 1244 5635 propter
1266 5567 1541 5635 Christum,
1565 5584 1649 5623 vos
1670 5578 1835 5623 autem
1859 5573 2127 5641 prudentes
2140 5576 2196 5627 in

623 5654 842 5709 Christo.
886 5656 1089 5711 Rursus
1131 5654 1231 5711 hoc
1272 5658 1336 5711 ad
1365 5657 1622 5727 pudorem
1650 5660 2007 5716 incutiendum
2041 5664 2190 5729 dixit,

625 5747 913 5803 ostendens
943 5748 1055 5805 fieri
1098 5762 1204 5804 non
1247 5763 1407 5821 posse
1452 5758 1507 5807 ut
1547 5751 1663 5809 hac
1687 5753 1953 5809 contraria
1980 5755 2193 5811 contin-

3767 382 3875 441 100

2289 502 2440 565 sant,
2470 508 2571 549 nec
2592 509 2750 564 posse
2778 510 2861 559 ea,
2894 512 3013 565 qua:
3043 508 3246 554 tantum
3273 516 3305 557 a
3332 518 3393 560 se
3422 516 3610 561 mutuo
3648 505 3879 571 distant,

2292 587 2346 642 in
2375 604 2539 669 unum
2570 588 2879 643 convenire.
2930 588 3212 657 Quomodo
3237 596 3381 649 enim
3412 598 3532 654 lleri
3560 607 3761 669 potest,
3797 599 3877 655 in-

2297 668 2435 738 quit,
2465 685 2564 728 vos
2590 671 2881 742 prudentes
2902 682 2958 731 et
2987 689 3085 731 nos
3102 677 3297 734 stultos
3320 693 3439 735 esse
3458 682 3512 738 in
3538 668 3718 748 rebus,
3747 699 3874 753 qua

2298 769 2422 815 sunt
2448 761 2647 818 Christi
2674 765 2699 819 τ
2726 764 2859 833 Quia
2888 766 3031 825 enim
3060 767 3133 823 illi
3174 768 3388 839 quidem
3424 774 3870 837 verberabantur.

2297 847 2756 922 despiciebantur,
2792 855 3055 913 dedecore
3080 858 3461 927 adiciebantur,
3492 870 3546 917 et
3586 865 3717 919 nihil
3747 880 3874 922 esse

2297 939 2779 1011 existimabantur;
2824 946 2925 1016 ipsi
2960 957 3135 1004 autem
3168 949 3372 1006 honore
3399 950 3730 1023 fruebantur,
3779 973 3872 1012 sa-

2298 1030 2607 1104 pientesque
2628 1052 2691 1091 ac
2707 1037 2990 1105 prudentes
3006 1043 3145 1112 apud
3172 1045 3368 1100 multos
3383 1047 3869 1107 existimabantur:

2299 1118 2419 1210 ideo
2448 1122 2561 1180 haec
2587 1124 2718 1181 dicit
2748 1142 2762 1181 :
2787 1127 2921 1196 Quia
2946 1134 3210 1200 quomodo
3246 1134 3357 1193 fieri
3386 1146 3563 1208 potest
3599 1147 3658 1194 ut
3687 1140 3743 1202 ii.
3777 1141 3871 1210 qui

2299 1207 2415 1301 hanc
2434 1213 2721 1281 praedicant
2744 1256 2760 1281 ,
2781 1219 3149 1277 existimentur
3172 1224 3224 1278 in
3253 1225 3317 1281 iis
3341 1207 3561 1295 venari,
3589 1244 3711 1301 qua:
3742 1207 3874 1289 sunt

2298 1299 2401 1355 illis
2426 1308 2688 1363 contraria
2717 1308 2742 1363 ἲ
2772 1309 2885 1364 Nos
2908 1312 3099 1380 inﬁrmi
3119 1351 3132 1378 ,
3163 1330 3252 1369 eos
3271 1326 3436 1371 autem
3454 1299 3627 1387 fortes.
3661 1320 3719 1376 id
3744 1333 3830 1378 est
3847 1363 3867 1389 ,

2295 1389 2402 1451 Nos
2428 1396 2670 1463 pellimur
2692 1407 2746 1457 et
2783 1406 3248 1473 persequutionem
3275 1408 3523 1476 patimur,
3559 1426 3654 1467 vos
3682 1425 3868 1472 autem

2294 1482 2578 1544 securitate
2615 1495 2671 1542 et
2706 1488 2961 1551 famulatu
3002 1494 3171 1557 multo
3212 1494 3468 1555 fruimini.
3515 1501 3622 1558 Sed
3662 1504 3716 1560 id
3753 1521 3863 1561 non

2294 1576 2491 1644 patitur
2532 1579 2921 1646 pradicatiouis
2950 1596 3157 1643 natura.
3186 1587 3299 1645 Nos
3333 1592 3557 1664 inglorii,
3584 1610 3672 1649 eos
3694 1606 3867 1652 utaut

2292 1665 2518 1734 gloriosi.
2551 1668 2648 1728 ilic
2672 1672 2881 1730 nobiles
2918 1678 3157 1747 respicit,
3184 1681 3274 1750 qui
3302 1683 3371 1738 de
3397 1686 3758 1744 exterioribus
3784 1691 3867 1745 al-

2294 1764 2405 1815 tum
2435 1760 2732 1828 sepiebant.
2767 1765 2853 1819 ll.
2889 1764 3057 1835 Usque
3081 1770 3134 1823 in
3168 1773 3299 1828 hanc
3335 1774 3513 1832 liorem
3542 1788 3587 1833 et
3614 1782 3867 1843 esurimus

2291 1855 2339 1907 et
2363 1848 2591 1914 titinius,
2622 1860 2671 1904 et
2694 1853 2824 1907 nudi
2849 1872 3047 1922 asinus,
3076 1868 3125 1913 et
3159 1862 3389 1931 colaphis
3410 1869 3671 1936 credimur,
3704 1873 3792 1927 l3.
3821 1885 3867 1928 et

2291 1936 2580 1997 laboramus
2615 1955 2877 2013 opercula
2916 1949 3146 2005 mnibus
3189 1955 3390 2011 nostris.
3432 1955 3543 2013 Hoc
3582 1969 3668 2017 est
3686 2002 3703 2026 ,
3746 1963 3863 2019 Non

2295 2039 2474 2086 vetera
2504 2046 2686 2098 narro,
2713 2034 2808 2093 sed
2832 2038 2973 2107 quod
3009 2041 3139 2095 mihi
3168 2058 3405 2113 praesens
3433 2054 3640 2117 tempus
3664 2054 3863 2107 testiti-

2290 2128 2459 2177 catur.
2479 2119 2838 2183 ﬂttmanarum
2859 2128 3054 2198 quippe
3075 2146 3253 2189 rerum
3277 2135 3430 2193 nobis
3446 2138 3586 2195 nulla
3605 2141 3743 2203 ratio
3755 2153 3861 2211 est,

2292 2224 2466 2303 neque
2494 2215 2698 2274 externi
2719 2219 3055 2287 splendoris;
3085 2222 3177 2278 sed
3206 2223 3274 2279 ad
3300 2225 3465 2282 Deum
3485 2229 3660 2288 solum
3688 2234 3864 2303 respi-

2289 2300 2461 2358 cimus
2491 2323 2505 2358 :
2534 2303 2676 2374 quod
2702 2307 2899 2378 ubique
2938 2308 3118 2367 facere
3154 2313 3310 2371 nobis
3352 2322 3719 2377 necessarium
3755 2300 3861 2379 est.

2290 2388 2473 2461 Neque
2505 2392 2646 2455 enim
2675 2396 2851 2466 angeli
2889 2405 3092 2457 tantum
3135 2416 3236 2458 nos
3266 2414 3543 2474 spectant,
3569 2410 3664 2466 sed
3699 2411 3862 2468 etiam

2289 2489 2413 2536 ante
2453 2481 2573 2536 illos
2603 2485 2718 2553 ipse
2749 2487 3092 2556 agonotheta.
3122 2490 3237 2546 Non
3278 2493 3456 2563 itaque
3488 2495 3609 2554 aliis
3641 2514 3865 2569 egetnus

2289 2569 2672 2631 laudatoribus.
2702 2576 2817 2633 Hoc
2841 2579 2982 2639 enim
3012 2590 3097 2636 est
3125 2582 3198 2636 illi
3225 2587 3597 2643 contumeliam
3622 2590 3824 2648 interm
3844 2634 3861 2660 ,

2287 2675 2410 2716 cum
2441 2662 2586 2721 illum
2611 2668 2761 2736 quasi
2790 2668 2857 2723 ad
2890 2685 2990 2727 nos
3009 2672 3304 2733 laudandos
3329 2692 3433 2734 non
3469 2680 3598 2736 satis
3624 2681 3698 2737 sit
3723 2699 3864 2754 prm-

2291 2759 2670 2821 tercurrentes.
2698 2757 2766 2813 ad
2790 2773 3076 2817 conservos
3099 2780 3469 2833 properamus.
3496 2768 3861 2838 Quemadmo-

2288 2840 2415 2899 dum
2442 2846 2585 2902 enim
2616 2847 2707 2917 qui
2736 2848 2788 2902 in
2820 2864 2982 2917 parvo
3011 2853 3218 2910 theatro
3253 2855 3564 2927 decertant,
3606 2876 3861 2932 magnum

2288 2942 2564 3002 quzerunt,
2588 2937 2740 3005 quasi
2764 2936 2893 2995 illud
2920 2955 3026 2994 non
3056 2941 3287 2999 sufﬁciat
3309 2946 3374 2999 ad
3404 2949 3820 3007 ostentationem
3842 2970 3862 3011 :

2288 3022 2368 3113 sic
2399 3032 2459 3113 Aet
2495 3024 2551 3113 ii,
2578 3026 2667 3094 qui
2696 3036 2821 3082 ante
2862 3028 2953 3082 Dei
2988 3031 3172 3088 oculos
3217 3033 3526 3102 decertant,
3559 3037 3863 3113 deindequo

2288 3110 2501 3172 laudem
2531 3112 2805 3172 hominum
2823 3130 3151 3189 quaerentes,
3181 3132 3233 3179 et
3255 3125 3510 3193 majorem
3533 3110 3863 3191 dimittentes

2287 3212 2348 3259 ut
2370 3207 2629 3261 minorem
2647 3219 3023 3279 assequuntur,
3047 3228 3295 3282 magnum
3315 3216 3417 3272 sibi
3437 3219 3714 3276 attrahunt
3732 3238 3861 3295 sup-

2286 3297 2528 3367 plicium.
2557 3299 2669 3357 Hoc
2692 3315 2822 3371 ergo
2845 3304 3023 3360 omnia
3044 3318 3133 3360 sus
3153 3306 3323 3374 deque
3350 3310 3526 3375 vertit,
3551 3311 3655 3369 hoc
3673 3315 3862 3371 orbem

2291 3397 2457 3446 totum
2494 3389 2726 3451 turbavit
2742 3432 2757 3457 ,
2783 3392 2926 3462 quod
2952 3394 3019 3453 ad
3047 3394 3289 3452 homines
3310 3400 3656 3469 respicientes
3678 3406 3861 3462 omnia

2287 3480 2545 3541 faciamus
2568 3500 2582 3536 :
2610 3492 2667 3541 et
2686 3483 2742 3537 in
2767 3484 2921 3543 bonis
2945 3485 3075 3542 nihil
3104 3502 3224 3543 esse
3247 3488 3501 3545 ducamtn
3525 3492 3669 3561 quod
3693 3494 3863 3552 Deum

2289 3571 2581 3633 habeamus
2603 3574 2957 3643 laudatorem,
2987 3578 3082 3634 sed
3103 3593 3132 3633 a
3161 3582 3436 3636 conservis
3456 3597 3767 3651 queremus
3787 3585 3867 3644 lito

2288 3679 2429 3719 mam
2455 3674 2510 3719 et
2537 3664 2757 3732 gloriam
2781 3684 2797 3721 :
2827 3675 2883 3722 et
2906 3668 2959 3722 in
2984 3671 3268 3725 contrariis
3293 3687 3502 3727 rursum
3530 3671 3639 3730 Deo
3668 3675 3867 3748 despo-

2286 3766 2397 3823 cto,
2428 3755 2670 3815 homines
2700 3757 3068 3817 formidemus.
3099 3762 3258 3832 Atqui
3304 3763 3403 3834 ipsi
3432 3765 3711 3821 nobiscum
3750 3777 3867 3823 sta-

2288 3850 2421 3907 bunt
2467 3858 2593 3904 ante
2640 3850 2869 3910 tribunal
2916 3852 3083 3917 illud,
3115 3853 3247 3909 nihil
3290 3855 3688 3922 nosjuvantes;
3725 3858 3870 3917 Deus

2287 3948 2469 3992 autem
2488 3976 2505 4002 ,
2535 3952 2694 4005 quem
2713 3938 2824 4005 jam
2850 3938 3203 4006 despicimus.
3234 3942 3551 3999 sententiam
3578 3944 3631 3999 in
3656 3960 3761 4001 nos
3784 3947 3865 4005 fe-

2290 4032 2395 4085 ret.
2427 4026 2673 4083 Attamen
2699 4040 2822 4085 cum
2867 4026 2982 4081 haec
3023 4028 3287 4098 sciamus,
3317 4029 3384 4086 ad
3409 4030 3652 4091 homines
3692 4036 3867 4095 inhia.

2291 4129 2409 4168 mus
2425 4113 2589 4184 :quod
2604 4123 2688 4170 est
2707 4115 2935 4185 primum
2957 4127 3232 4193 peccatum
3262 4140 3277 4180 :
3304 4120 3625 4196 homineque
3645 4127 3865 4189 vidente

2288 4205 2540 4261 fornicari
2565 4220 2725 4261 nemo
2752 4207 3000 4275 voluerit,
3027 4209 3123 4265 sed
3146 4212 3353 4271 etiamsi
3378 4215 3506 4273 vitio
3535 4217 3625 4273 illo
3650 4220 3864 4287 ardeat,

2289 4296 2511 4356 allectus
2554 4297 2695 4353 illius
2724 4300 2963 4371 tyrannis
2995 4301 3063 4366 ab
3106 4301 3377 4359 hominum
3417 4310 3716 4366 reverentia
3745 4313 3867 4368 vin-

2288 4389 2467 4445 citur:
2501 4390 2608 4444 Deo
2638 4400 2813 4455 autem
2845 4391 3061 4447 vidente
3103 4408 3208 4453 non
3238 4395 3398 4453 modo
3436 4397 3489 4451 in
3519 4397 3783 4457 adulteria
3812 4411 3866 4460 et

2293 4481 2345 4535 in
2376 4480 2756 4536 fornicationes
2780 4491 3164 4551 prorumpunt,
3201 4483 3295 4539 sed
3324 4492 3382 4547 et
3409 4486 3512 4541 alia
3546 4488 3706 4558 longe
3746 4506 3869 4560 grao

2292 4569 2440 4626 viora
2469 4572 2669 4625 audent
2698 4580 2751 4626 et
2793 4571 2909 4625 ausi
2950 4581 3097 4631 sunt.
3128 4574 3211 4627 An
3240 4574 3341 4627 hoc
3374 4591 3503 4646 ergo
3541 4581 3716 4634 solum
3762 4598 3867 4638 non

2293 4658 2488 4713 sufficit
2512 4669 2571 4715 ut
2595 4661 2741 4718 mille
2774 4660 2995 4715 fulmina
3034 4659 3102 4715 de
3130 4660 3260 4714 caelo
3288 4662 3622 4720 inferantur?
3650 4667 3719 4722 Et
3741 4671 3869 4739 quid

2292 4747 2415 4802 dico
2432 4749 2690 4805 adulteria
2712 4760 2766 4806 et
2784 4750 3204 4807 fornicationes?
3224 4750 3351 4804 Nam
3378 4752 3463 4807 his
3482 4754 3637 4824 longe
3658 4759 3869 4815 minora

2295 4847 2418 4893 ante
2439 4838 2681 4893 homines
2710 4849 3017 4909 perpetrare
3045 4838 3332 4896 metuimus
3350 4879 3366 4904 ,
3397 4841 3490 4895 scd
3523 4842 3632 4898 Deo
3653 4846 3870 4903 vidente

2296 4946 2403 4984 non
2430 4932 2577 4985 item.
2601 4931 2734 4986 Hinc
2761 4942 2907 5001 parta
2930 4940 3060 4987 sunt
3082 4931 3218 4986 mala
3242 4932 3438 4996 omnia,
3468 4932 3607 4999 quod
3631 4936 3683 4989 in
3707 4938 3871 4993 rebus

2296 5036 2414 5090 qua:
2438 5036 2561 5076 vere
2599 5037 2774 5092 prava:
2803 5031 2926 5077 sunt
2952 5036 3057 5075 non
3086 5021 3248 5074 Deum
3269 5062 3285 5089 ,
3317 5020 3410 5075 sed
3435 5021 3680 5081 homines
3710 5043 3869 5084 rere.

2296 5128 2528 5171 reamur.
2555 5112 2783 5185 Ideoque
2808 5115 2967 5169 etiam
2992 5128 3078 5176 ea,
3106 5127 3223 5182 quas
3249 5129 3371 5170 vere
3396 5116 3529 5171 bona
3549 5126 3694 5185 sunt,
3723 5136 3870 5190 qua:-

2296 5220 2399 5274 que
2425 5205 2604 5261 multis
2628 5222 2734 5267 non
2761 5207 2898 5267 bona
2927 5218 3045 5263 esse
3070 5203 3335 5270 videntur,
3361 5206 3613 5283 fugimus,
3645 5225 3756 5267 non
3786 5227 3869 5268 re-

2297 5310 2415 5350 rum
2467 5306 2709 5356 naturam
2754 5294 3151 5363 cxamiuantes,
3200 5296 3295 5357 sed
3346 5300 3411 5357 ad
3458 5301 3599 5372 vulgi
3642 5301 3869 5371 gloriam

2299 5386 2663 5453 respicientes.

2370 5477 2420 5533 ι.
2454 5476 2509 5531 ιη
2541 5478 2691 5532 malis
2724 5490 2935 5547 quoque
2972 5474 3201 5548 idipsum
3228 5490 3539 5552 praelautus
3568 5497 3583 5535 :
3613 5481 3854 5550 quadam

2299 5567 2439 5622 enim
2461 5582 2579 5638 qua:
2598 5581 2725 5621 vere
2755 5566 2891 5620 bona
2917 5581 3021 5621 non
3049 5581 3191 5634 sunt,
3217 5569 3311 5625 sed
3336 5569 3453 5623 talia
3480 5568 3730 5625 videntur
3752 5587 3868 5628 esse

2300 5660 2497 5725 multis,
2532 5674 2595 5713 ex
2622 5657 2807 5713 eadem
2826 5662 3206 5715 consuetudine
3230 5669 3285 5712 ut
3308 5659 3443 5714 bona
3468 5664 3865 5732 persequimur;

2304 5753 2374 5809 ita
2397 5762 2453 5810 ut
2477 5754 2723 5827 utrinque
2751 5764 3171 5826 wrrumpamur.
3220 5753 3467 5812 Fortasse
3489 5756 3865 5817 multisobscu-
