4084 6328
650 319 746 376 101
1353 313 1409 368 S.
1449 312 1735 367 JOANNIS
1773 309 2265 368 CHRYSOSTOIII
2304 309 2625 369 ARCHIEP.
2670 312 3223 369 CONSTANTINOP.
3827 317 3934 371 {0‘2

650 431 753 492 λιν,
781 429 881 481 οὐκ
911 425 1037 480 ὄντα
1054 422 1145 481 οὖν
1167 443 1289 479 τινα
1316 426 1497 493 ἀγαθά
1524 426 1618 478 καὶ
1639 426 1782 479 καλά
1807 422 1945 479 εἶναι
1976 426 2236 479 δοκοῦντα

650 512 765 570 τοῖς
807 510 1049 572 πολλοῖς,
1089 509 1164 571 ὡς
1212 509 1392 576 ἀγαθά
1443 509 1555 560 ἀπὸ
1605 510 1704 577 τῆς
1737 510 1905 576 αὐτῆς
1947 508 2235 578 συνηθείας

654 593 939 660 διώκομεν·
963 591 1100 643 ὥστε
1124 590 1464 659 ἑκατέρωθεν
1491 590 1827 658 φθείρεσθαι.
1850 590 2001 659 Τάχα
2021 589 2234 650 πολλοῖς

655 678 1028 744 ἀσαφέστερον
1074 670 1214 725 εἶναι
1257 674 1405 725 δοκεῖ
1438 673 1498 725 τὸ
1524 673 1713 741 λεχθέν
1737 692 1749 704 ο
1786 673 1981 725 οὐκοῦν
2020 672 2236 739 ἀνάγκη

655 761 786 810 αὐτὸ
822 758 1151 825 σαφέστερον
1182 758 1377 808 εἰπεῖν.
1416 756 1582 807 Ὅταν
1612 755 1964 825 πορνεύωμεν
1998 755 2100 825 (δεῖ
2129 754 2237 823 γὰρ

654 842 760 892 ἀπὸ
781 840 886 893 τῶν
909 832 1546 908 είρημένωνάρξασθαι),
1570 838 1892 907 ἀνθρώπους
1922 837 2236 907 φοϐούμεθα

658 923 876 991 μᾶλλον,
915 922 946 991 ἦ
980 922 1069 972 τὸν
1100 921 1253 973 Θεόν.
1289 922 1438 971 Ἐπεὶ
1461 917 1551 973 οὖν
1572 919 1744 982 οὓτως
1776 922 2001 984 ἑαυτοὺς
2034 919 2240 991 ὐπεθή-

656 1022 831 1073 κάμεν
858 1005 1104 1063 ἐκείνοις,
1141 1004 1234 1054 καὶ
1261 1003 1530 1065 δεσπότας
1559 1004 1717 1073 ήμῶν
1750 1006 1949 1067 αὐτοὺς
1980 1005 2239 1073 ἐποιήσα-

659 1104 779 1156 μεν,
814 1085 981 1136 πολλά
1016 1085 1071 1135 δὲ
1100 1087 1210 1146 τοῖς
1240 1084 1531 1146 δεσπόταις
1562 1086 1775 1149 τούτοις
1807 1088 1899 1139 καὶ
1926 1086 2059 1138 ἄλλα
2088 1086 2240 1137 δοκεῖ

656 1166 794 1220 εἶναι
833 1168 975 1219 κακά
1003 1168 1100 1218 οὐκ
1128 1168 1255 1219 ὄντα
1293 1168 1457 1233 κακὰ,
1497 1170 1723 1220 κάκεῖνα
1763 1170 2036 1237 φεύγομεν
2075 1168 2238 1221 πάλιν

657 1252 877 1318 ὁμοίως.
925 1246 1049 1301 Οἴον
1090 1250 1148 1301 τὸ
1193 1252 1250 1300 ἐν
1288 1252 1450 1318 πενίᾳ
1497 1250 1597 1319 ζῇν
1638 1250 1854 1310 πολλοῖς
1902 1252 2052 1301 δοκεῖ
2098 1245 2237 1302 εἷναι

657 1334 877 1401 αἰσχρόν
899 1348 910 1360 ⁸
942 1334 1034 1384 καὶ
1069 1334 1343 1401 φεύγομεν
1376 1333 1474 1401 τὴν
1503 1334 1715 1395 πενίαν,
1750 1333 1850 1383 οὐκ
1881 1333 2064 1391 ἐπειδή
2091 1334 2239 1385 ἐστιν

657 1416 898 1483 αἰσχρὸν,
932 1416 1049 1467 οὐδὲ
1086 1417 1274 1483 ἐπειδὴ
1297 1414 1454 1465 τοῦτο
1488 1415 1861 1485 πεπείσμεθα,
1902 1416 2016 1468 ἀλλ’
2053 1416 2239 1486 ἐπειδὴ

656 1500 767 1559 τοῖς
796 1498 1087 1558 δεσπόταις
1127 1497 1285 1565 ἡμῶν
1322 1490 1638 1548 εἶναιδοκεῖ
1672 1496 1828 1548 10610
1863 1497 2105 1565 αἰσχρὸν,
2142 1498 2241 1549 κά-

658 1582 868 1641 κείνους
894 1580 1233 1647 δεδοίκαμεν.
1267 1579 1438 1630 Πάλιν
1462 1579 1523 1631 τὸ
1558 1580 1923 1649 ἀτιμάζεσθαι
1954 1582 2047 1632 καὶ
2079 1583 2243 1633 εὐκα-

658 1664 997 1733 ταφρόνητον
1034 1658 1171 1713 εἶναι
1206 1662 1300 1713 καὶ
1329 1662 1508 1730 πάσης
1542 1663 1695 1724 ἐκτὸς
1726 1664 2061 1725 δυναστείας,
2094 1664 2242 1715 δοκεῖ

658 1750 770 1807 τοῖς
806 1746 1017 1807 πολλοῖς
1049 1746 1247 1813 ὁμοίως
1268 1740 1405 1796 εἶναι
1436 1744 1695 1815 αἰσχύνης
1725 1746 1923 1815 πολλῆς
1963 1746 2056 1798 καὶ
2092 1747 2243 1798 εὐτε-

660 1829 827 1889 λείας.
867 1828 1036 1879 Τοῦτο
1072 1827 1233 1879 πάλιν
1262 1827 1557 1896 φεύγομεν,
1584 1828 1703 1879 οὐδέ
1736 1828 1899 1879 αὐτού
1941 1828 2244 1895 καταγινώ-

663 1927 903 1973 σκοντες,
943 1908 1078 1961 ἀλλὰ
1114 1910 1202 1961 διά
1244 1909 1342 1977 τὴν
1387 1909 1499 1960 τῶν
1544 1908 1819 1959 δεσποτῶν
1845 1908 2001 1977 ἡμῶν
2040 1910 2239 1977 ψῆφον.

661 1994 833 2045 Πάλιν
858 1994 953 2044 καὶ
974 1994 1036 2041 ἐκ
1064 1990 1157 2043 106
1184 1990 1429 2041 ἐναντίου
1454 1989 1553 2059 τὴν
1581 1990 1748 2058 αὐτὴν
1784 1990 2126 2059 ὑπομένομεν
2156 1990 2246 2042 16-

664 2094 771 2145 μην
792 2092 805 2103 ·
830 2076 887 2125 τὸ
918 2078 1026 2141 γὰρ
1051 2073 1296 2125 πλουτεῖν
1324 2072 1530 2137 ἀγαθὸν
1562 2067 1879 2135 εἶναιδοκεῖ,
1909 2074 2000 2123 καὶ
2028 2074 2055 2123 6
2080 2072 2245 2141 τῦφος

663 2160 757 2210 καὶ
790 2157 844 2207 αἱ
881 2156 1027 2218 δόξαι
1078 2155 1173 2207 καὶ
1227 2155 1288 2206 τὸ
1324 2154 1685 2223 περίϐλεπτον
1720 2149 1893 2206 εἶναι’
1944 2156 2039 2205 καί
2089 2154 2245 2206 10610

664 2242 824 2294 πάλιν
851 2240 1152 2307 διώκομεν,
1196 2238 1316 2291 οὐδέ
1364 2237 1598 2290 ἐνταῦθα
1639 2238 1735 2307 τὴν
1759 2238 1868 2289 τῶν
1900 2238 2245 2306 πραγμάτων

663 2323 1093 2391 ἐπισκεψάμενοι
1134 2320 1295 2388 φύσιν
1338 2321 1419 2372 ὅτι
1455 2319 1629 2389 καλὴ,
1664 2320 1778 2371 ἀλλ’
1804 2321 1913 2373 ἀπὸ
1947 2322 2044 2390 τῆς
2089 2322 2246 2390 δόξης

663 2406 774 2458 τῶν
827 2405 1102 2457 δεσποτῶν
1146 2402 1297 2474 μοὶ]
1336 2402 1494 2471 ἡμῶν
1540 2402 1919 2469 πεπεισμένοι.
1967 2404 2247 2473 Δεσπότης

664 2490 773 2559 γάρ
805 2486 959 2557 ἡμῶν
992 2488 1020 2538 6
1048 2486 1217 2555 δῆμός
1244 2487 1388 2536 ἐστι⁸
1426 2486 1521 2537 καὶ
1542 2486 1754 2547 ὁπολὺς
1793 2486 1947 2555 ὄχλος
1980 2486 2247 2555 δεσπότης

665 2574 814 2640 ὠμὸς
838 2572 932 2622 καὶ
956 2569 1217 2639 τύραννος
1239 2568 1493 2637 χαλεπός.
1526 2570 1659 2621 Οὐδέ
1686 2570 1790 2638 γὰρ
1817 2571 2083 2638 ἐπιταγῆς
2101 2567 2249 2636 αὐτῷ

664 2657 745 2709 δεῖ
774 2654 908 2726 πρὸς
937 2654 994 2705 τὸ
1016 2652 1351 2722 ἀκουσθῆναι
1384 2651 1512 2721 παρ’
1542 2651 1720 2720 ἡμῶν,
1750 2652 1863 2704 ἀλλ’
1896 2652 2057 2719 ἀρκεῖ
2090 2650 2249 2719 μόνον

666 2742 813 2809 ἡμᾶς
843 2739 1042 2790 εἰδέναι
1098 2738 1149 2788 τί
1200 2735 1484 2803 βούλεται,
1542 2736 1636 2785 καὶ
1673 2734 1838 2803 χωρὶς
1876 2734 2251 2801 ἐπιτάγματος

666 2822 891 2889 είκομεν
912 2837 924 2849 ·
965 2818 1204 2887 τοσαύτῃ
1236 2817 1416 2887 εὐνοίᾳ
1443 2817 1568 2884 περὶ
1601 2816 1760 2868 αὐτὸν
1786 2814 2119 2885 κεχρήμεθα.
2142 2816 2251 2867 Καὶ

667 2906 697 2954 ὁ
731 2905 831 2971 μὲν
865 2902 995 2962 Θεὸς
1028 2899 1144 2951 καθ’
1174 2900 1414 2967 ἑκάστην
1442 2898 1685 2950 ἀπειλῶν
1716 2898 1809 2949 καὶ
1843 2897 2111 2949 νουθετῶν
2149 2897 2250 2968 τὴν

669 2988 903 3057 ἡμέραν,
938 2987 1036 3038 οὐκ
1065 2983 1319 3037 ἀκούεται
1344 3001 1354 3011 ·
1389 2985 1416 3033 ὁ
1438 2982 1494 3034 δὲ
1520 2981 1681 3042 πολὺς
1711 2980 1865 3048 δχλος
1897 2983 1991 3031 καὶ
2017 2981 2252 3042 ἄτακτος

670 3071 762 3121 καὶ
794 3065 1143 3138 συρφετώδης
1170 3066 1289 3115 οὐδὲ
1325 3062 1593 3129 ἐπιταγῆς
1624 3063 1817 3131 χρείαν
1847 3062 1983 3130 ἔχει,
2008 3062 2123 3114 ἀλλ’
2155 3064 2253 3131 ἀρ-

669 3156 757 3205 κεῖ
778 3152 937 3221 μόνον
958 3150 1129 3213 δεῖξαι
1163 3148 1304 3197 τίσιν
1324 3146 1639 3215 ἀρέσκεται,
1672 3146 1764 3195 καὶ
1781 3146 1957 3197 πάντα
1975 3144 2252 3197 ὑπακούο-

673 3253 772 3304 μεν
802 3232 1021 3293 εὐθέως.
1051 3233 1158 3283 Καὶ
1177 3230 1294 3291 πῶς
1322 3229 1388 3280 ἀν
1413 3245 1494 3288 τις
1514 3228 1758 3289 τούτους,
1782 3230 1969 3297 φησιν,
1992 3226 2251 3297 ἀποφύγῃ

669 3300 795 3378 τοὺς
825 3316 1127 3377 δεσπότας;
1165 3313 1227 3364 Εἰ
1262 3312 1445 3380 μεῖζον
1476 3311 1653 3362 αὐτῶν
1696 3310 1953 3379 φρόνημα
1990 3309 2165 3373 λάϐοι,
2204 3300 2252 3361 εί

670 3405 768 3467 τὴν
794 3399 900 3452 τῶν
934 3397 1272 3468 πραγμάτων
1296 3393 1653 3460 ἐπισκέψαιτο
1680 3393 1862 3459 φύσιν,
1886 3393 1934 3442 εἰ
1958 3392 2253 3462 καταγνοίη

671 3485 769 3551 τῆς
802 3483 910 3533 τῶν
948 3478 1157 3533 πολλῶν
1187 3477 1392 3545 ψήφου,
1426 3478 1471 3526 εί
1505 3474 1611 3543 πρὸ
1642 3476 1751 3526 τῶν
1783 3476 1957 3528 ἄλλων
1998 3476 2253 3527 ἀπάντων

674 3569 730 3618 ἐν
762 3567 873 3626 τοῖς
904 3563 1071 3621 ὅντως
1095 3562 1342 3627 αἰσχροῖς
1378 3556 1659 3609 παιδεύσει
1695 3558 1889 3608 ἐαυτὸν
1937 3556 2011 3627 μὴ
2048 3556 2257 3625 ἀνθρώ-

674 3665 830 3709 πους,
867 3644 1003 3698 ἀλλά
1033 3642 1119 3695 τὸν
1154 3641 1453 3709 ἀκοίμητον
1500 3639 1777 3708 ὀφθαλμὸν
1816 3638 2130 3699 δεδοικέναι,
2164 3638 2257 3690 καὶ

678 3731 730 3780 ἐν
754 3732 864 3789 τοῖς
914 3725 1140 3792 ἀγαθοῖς
1188 3724 1349 3775 πάλιν
1390 3722 1514 3783 τοὺς
1544 3722 1673 3791 παρ’
1702 3722 1915 3773 ἐκείνου
1960 3722 2256 3787 στεφάνους

674 3811 879 3881 ζητεῖν.
915 3806 1074 3860 Οὐτω
1106 3805 1217 3876 γὰρ
1246 3806 1366 3857 οὐδὲ
1399 3806 1456 3855 ἐν
1485 3808 1599 3866 τοῖς
1634 3803 1816 3866 ἄλλοις
1859 3802 2039 3855 αὐτῶν
2074 3802 2257 3866 ἀνεξό-

679 3894 840 3962 μεθα.
888 3892 945 3942 Ὀ
968 3890 1098 3960 γάρ,
1140 3888 1303 3957 ἡνίκα
1330 3886 1395 3937 ἂν
1421 3886 1695 3955 κατορθοῖ,
1731 3884 1807 3955 μὴ
1848 3885 2032 3948 ἀξίους
2067 3886 2256 3953 κρίνας

677 3976 917 4036 ἐκείνους
944 3974 1141 4026 ειδέναι
1170 3969 1333 4023 αὐτοῦ
1367 3970 1433 4020 τά
1455 3967 1878 4037 κατορθώματα,
1908 3967 2022 4018 ἀλλ’
2057 3968 2258 4037 ἀρκού-

679 4076 838 4129 μενος
861 4060 928 4127 τῇ
953 4055 1045 4108 τοῦ
1068 4054 1201 4106 Θεοῦ
1229 4053 1416 4121 ψήφῳ,
1438 4050 1559 4102 οὐδὲ
1583 4052 1640 4101 ἐν
1667 4052 1777 4111 τοῖς
1807 4050 2068 4112 ἐναντίοις
2101 4050 2258 4117 λόγον

676 4140 857 4194 αὐτῶν
890 4140 999 4202 ἕξει
1020 4138 1159 4190 τινά.
1196 4136 1305 4187 Καὶ
1334 4134 1452 4196 πῶς
1485 4132 1616 4186 αὐτὸ
1649 4132 1807 4185 τοῦτο
1848 4131 2021 4194 ἔσται,
2052 4133 2213 4202 φησίν
2241 4148 2256 4196 ;

746 4287 1030 4356 Ἐννόησον
1050 4284 1099 4337 τί
1122 4284 1220 4355 μὲν
1236 4282 1331 4335 ἄνθ
1339 4299 1539 4353 ρωπος,
1556 4280 1608 4333 τί
1623 4280 1678 4332 δὲ
1692 4279 1841 4344 Θεὸς,
1858 4280 1951 4332 καὶ
1969 4279 2086 4332 τίνα
2101 4283 2257 4347 ἀφεὶς

677 4371 783 4422 τίνι
817 4367 1207 4438 προσφεύγεις,
1245 4365 1340 4417 καὶ
1358 4365 1568 4433 ταχέως
1594 4362 1863 4431 διορθώση
1894 4362 1955 4413 τὸ
1985 4364 2115 4414 πᾶν.
2142 4363 2262 4415 Ἀν-

679 4456 896 4524 θρωπος
936 4451 1041 4503 ὐπὸ
1064 4450 1161 4517 τὴν
1196 4448 1366 4517 αὐτὴν
1388 4444 1663 4515 ἁμαρτίαν
1709 4445 1791 4495 σοὶ
1835 4447 2010 4497 κεῖται
2040 4446 2132 4496 καὶ
2165 4446 2261 4515 τὴν

680 4536 861 4608 κρίσιν
892 4534 983 4586 καὶ
998 4534 1097 4603 τὴν
1120 4531 1340 4583 κόλατιν
1361 4544 1373 4558 ⁸
1406 4527 1689 4596 ἄνθρωπος
1713 4528 2034 4597 ματαιότητι
2056 4527 2263 4597 ὡμοιώ-

680 4621 772 4691 θη,
800 4620 892 4673 καὶ
923 4618 1102 4688 κρίσιν
1134 4614 1301 4685 ὀρθὴν
1324 4614 1424 4664 οὐκ
1454 4613 1588 4680 ἔχει,
1612 4612 1704 4664 καὶ
1724 4610 1893 4663 δεῖται
1923 4610 2022 4678 τῆς
2056 4610 2261 4664 ἄνωθεν

679 4703 1015 4771 διορθώσεως
1036 4717 1045 4729 ·
1066 4699 1374 4767 ἅνθρωπος,
1402 4699 1470 4764 γῆ
1494 4698 1588 4748 καὶ
1612 4694 1828 4758 σποδὸς,
1852 4693 1953 4746 κᾶν
1973 4694 2259 4765 ἐπαινέσῃ,

682 4780 943 4844 πολλάκις
974 4780 1155 4840 ἁπλῶς
1189 4777 1566 4837 ἐπαινέσεται,
1671 4776 1808 4847 πρὸς
1850 4778 2028 4846 χάριν,
2059 4777 2090 4846 ἢ
2126 4778 2261 4846 πρὸς

680 4864 1007 4935 ἀπέχθειαν·
1046 4860 1146 4913 κᾶν
1172 4857 1403 4925 διαϐάλῃ
1433 4860 1524 4909 καὶ
1553 4859 1931 4927 κατηγορήσῃ,
1964 4859 2128 4909 πάλιν
2154 4858 2262 4910 ἀπὸ

679 4951 777 5019 τῆς
808 4945 1166 5015 αὐτῆςντούτο
1185 4941 1483 5013 ἐργάσεται
1500 4939 1747 5008 γνώμης.
1792 4940 1934 4990 Ἀλλ’
1963 4943 2062 5009 οὐχ
2084 4943 2111 4992 6
2131 4941 2263 5003 Θεὸς

681 5034 874 5096 οὕτως,
916 5029 1031 5083 ἀλλ’
1070 5027 1309 5097 ἄληπτος
1346 5026 1378 5093 ἡ
1408 5023 1589 5093 ψῆφος
1624 5024 1810 5085 αὐτοῦ,
1855 5025 1948 5075 καὶ
1988 5025 2203 5093 καθαρά
2230 5027 2263 5093 ἡ

683 5114 861 5183 κρίσις
888 5112 1072 5166 αὐτοῦ.
1108 5111 1217 5163 Καὶ
1247 5108 1352 5179 χρὴ
1382 5107 1470 5160 διά
1492 5106 1664 5159 ταῦτα
1693 5106 1779 5157 ἀεὶ
1808 5105 1944 5175 πρὸς
1974 5104 2135 5157 αὐτὸν
2167 5122 2265 5157 κα-

682 5196 973 5265 ταφεύγειν
991 5212 1004 5225 ο
1028 5196 1088 5247 οὐ
1123 5194 1210 5245 διὰ
1236 5192 1408 5244 ταῦτα
1434 5189 1490 5241 δὲ
1523 5188 1706 5259 μόνον,
1732 5187 1847 5241 ἀλλ’
1872 5189 1955 5239 ὃτι
1984 5188 2077 5239 καὶ
2100 5188 2265 5250 αὐτὸς

682 5278 928 5347 ἐποίησε,
952 5278 1042 5329 καὶ
1064 5276 1302 5347 φείδεται
1327 5292 1421 5328 σου
1458 5274 1692 5343 μάλιστα
1717 5272 1956 5336 πάντων,
1982 5272 2072 5323 καὶ
2098 5270 2263 5324 αὐτοῦ

684 5360 779 5415 σοῦ
815 5360 1017 5433 μᾶλλόν
1053 5377 1111 5412 σε
1140 5360 1351 5428 ἀγαπᾷ.
1394 5358 1459 5409 Τί
1487 5356 1668 5409 τοίνυν
1707 5355 1937 5423 ἀφέντες
1964 5354 2107 5425 ἔχειν
2132 5355 2265 5409 θαυο

687 5445 891 5517 μαστὸν
940 5442 1253 5512 ἐπαινέτην,
1310 5440 1445 5512 πρὸς
1483 5439 1772 5511 ἄνθρωπον
1820 5441 2263 5508 καταφεύγομεν,

684 5512 772 5582 τὸύ
800 5527 973 5589 οὐδὲν,
1000 5524 1091 5577 τὸν
1120 5524 1260 5593 εἰκῆ,
1289 5524 1381 5574 τὸν
1398 5523 1585 5587 ἁπλῶς
1612 5540 1626 5589 ;
1656 5522 1897 5594 Πονηρόν
1929 5540 1986 5574 σε
2006 5520 2265 5590 λέγεικαὶ

688 5611 882 5684 μιαρὸν
912 5610 1012 5661 οὐκ
1037 5606 1164 5659 ὄντα
1185 5604 1424 5658 τοιοῦτον
1449 5623 1463 5671 ;
1486 5604 1671 5676 Ταύτ¹ῃ
1700 5606 1901 5675 μᾶλλον
1924 5605 2087 5659 αὐτὸν
2120 5606 2267 5678 ἐλέη-

686 5710 800 5757 σον,
820 5693 915 5745 καὶ
936 5691 1206 5759 δάκρυσον
1233 5689 1313 5740 ὃτι
1343 5688 1683 5759 διέφθαρται,
1727 5689 1823 5741 καὶ
1847 5688 2263 5759 καταφρόνησον

685 5777 851 5831 αὐτοῦ
882 5775 982 5845 τῆς
1007 5775 1165 5846 δόξης
1184 5814 1199 5840 ,
1236 5772 1318 5824 ὅτι
1364 5774 1687 5843 πεπήρωται
1727 5772 1894 5826 αὐτοῦ
1925 5772 1993 5825 τά
2020 5776 2119 5844 τῆς
2146 5773 2264 5825 δια-

688 5859 835 5926 νοίας
869 5860 1124 5930 ὄμματα·
1172 5858 1294 5912 ἐπεὶ
1333 5856 1425 5910 καὶ
1459 5858 1506 5911 οῖ
1538 5858 1828 5913 ἀπόστολοι
1875 5857 2045 5913 ταῦτα
2097 5858 2262 5927 ἡκου-

2344 442 2464 489 σαν,
2495 428 2587 479 καὶ
2628 427 2940 493 κατεγέλων
2973 428 3080 479 τῶν
3106 425 3518 479 διαϐαλλόντων.
3559 426 3703 479 Ἀλλ’
3724 426 3940 495 ἀγαθόν

2341 522 2401 558 σε
2431 507 2579 575 λέγει
2608 508 2703 559 καὶ
2732 510 2998 578 χρηστόνς
3034 512 3131 561 Ἀν
3169 510 3266 578 μὲν
3290 508 3528 570 τοιοῦτος
3558 503 3646 580 ᾗς,
3685 508 3935 579 μηδόλως

2341 591 2623 661 χαυνωθῇς
2647 592 2755 643 ὐπὸ
2787 592 2887 659 τῆς
2915 592 3072 660 δόξης
3088 609 3103 622 ·
3121 591 3186 644 ἂν
3212 592 3269 644 δέ
3298 592 3370 661 μὴ
3396 588 3460 665 ᾗς
3482 591 3748 656 τοιοῦτος,
3772 592 3937 644 πλέον

2340 675 2777 744 καταφρόνησον,
2814 676 2911 727 καὶ
2958 676 3251 746 χλευασίαν
3293 674 3353 727 τὸ
3384 677 3615 744 πρᾶγμα
3649 672 3793 727 εἶναι
3848 678 3933 727 νό-

2344 757 2487 825 μιζε.
2519 757 2708 808 Βούλει
2754 758 2946 826 μαθεῖν
2997 758 3106 810 τῶν
3136 757 3347 810 πολλῶν
3379 757 3477 818 τὰς
3533 757 3783 826 κρίσεις,
3823 758 3939 820 πιῖις

2340 840 2444 891 εἰσὶ
2477 838 2873 909 διεφθαρμέναι
2906 839 3001 893 καὶ
3031 840 3296 909 ἄχρηστοι
3341 840 3435 892 καὶ
3482 838 3719 906 γέλωτος
3763 839 3938 903 ἄξιαι,

2341 924 2435 976 καὶ
2459 924 2513 974 αἰ
2546 924 2644 992 μὲν
2671 922 2995 992 μεμηνότων
3028 924 3121 975 καὶ
3151 923 3541 990 ἐξεστηκότων.
3569 923 3625 973 αί
3651 922 3710 973 δὲ
3734 923 3941 975 παίδων

2342 1005 2708 1067 ὐποτιτθίωνς
2748 1007 3015 1055 Ἀκουσον
3046 1005 3270 1057 ἄνωθεν.
3321 1003 3463 1074 Ἐρῶ
3509 1002 3564 1054 δέ
3605 1020 3687 1055 σοι
3727 1004 3943 1075 κρίσεις

2341 1087 2465 1155 οὐχὶ
2499 1087 2597 1149 τάς
2630 1085 2722 1138 106
2753 1087 2927 1155 δήμου
2964 1087 3142 1155 μόνον,
3174 1085 3309 1137 ἀλλά
3336 1089 3428 1137 καὶ
3459 1085 3559 1146 τάς
3584 1085 3694 1137 τῶν
3714 1086 3943 1138 δοκούν-

2341 1183 2449 1220 των
2472 1164 2609 1222 εἶναι
2634 1170 2982 1235 σοφωτάτων,
3018 1168 3124 1219 τῶν
3154 1168 3210 1232 ἐξ
3254 1168 3430 1236 ἀρχῆς
3471 1167 3807 1236 νομοθετῶν.
3848 1168 3944 1229 Τίς

2334 1252 2455 1326 γὰρ
2477 1252 2543 1305 ἂν
2571 1254 2740 1319 δόξειε
2766 1268 2918 1321 παρα
2947 1254 3057 1313 τοῖς
3084 1250 3298 1311 πολλοῖς
3327 1247 3633 1318 σοφώτερος
3669 1246 3817 1301 εἶναι
3850 1250 3945 1301 τοῦ

2342 1335 2695 1406 νομισθέντος
2750 1334 2903 1399 ἀξίου
2971 1333 3160 1387 πόλεσι
3211 1333 3305 1385 καὶ
3351 1333 3544 1401 δήμοις
3592 1332 3944 1401 νομοθετεῖνς

2356 1419 2496 1472 Ἀλλ’
2520 1420 2669 1488 ὅμως
2703 1422 2815 1481 τοῖς
2862 1419 3048 1486 σοφοῖς
3092 1415 3304 1476 τούτοις
3356 1415 3416 1466 τὸ
3460 1415 3752 1483 πορνεύειν
3789 1414 3947 1467 οὐδὲν

2343 1497 2485 1554 εἶναι
2510 1502 2660 1554 δοκεῖ
2677 1501 2913 1569 πονηρὸν
2944 1499 3065 1552 οὐδέ
3089 1498 3367 1559 κολάσεως
3403 1495 3572 1560 ἄξιον.
3598 1497 3795 1559 Οὐδεὶς
3812 1497 3948 1564 γοῦν

2342 1586 2454 1639 τῶν
2482 1586 2660 1654 νόμων
2686 1584 2835 1655 [105]
2860 1584 2968 1636 τῶν
2996 1582 3197 1646 ἔξωθεν
3230 1579 3364 1634 αὐτὸ
3394 1580 3677 1643 ἐκόλασεν,
3714 1580 3840 1631 οὐδὲ
3868 1583 3949 1643 εἰς

2343 1668 2693 1737 δικαστήριον
2724 1666 2975 1717 εἵλκυσεν
3007 1664 3262 1716 ἐντεῦθεν
3282 1682 3295 1694 ·
3320 1662 3457 1716 ἀλλά
3486 1662 3591 1715 κᾶν
3622 1662 3832 1735 ἐλκύσῃ
3864 1681 3948 1725 τις

2346 1750 2488 1817 ὑπὲρ
2520 1748 2748 1806 τούτων,
2778 1746 3157 1813 καταγελῶσιν
3187 1746 3236 1796 οῖ
3269 1744 3475 1807 πολλοὶ,
3500 1744 3596 1796 καὶ
3627 1745 3729 1796 οὐκ
3757 1744 3949 1809 ἀνέξε-

2345 1849 2436 1883 ται
2471 1840 2489 1860 ⁸
2530 1831 2559 1881 6
2584 1828 2841 1889 δικάζων.
2878 1828 2950 1878 Τὸ
2984 1827 3238 1879 κυῦεύειν
3266 1826 3427 1879 πάλιν
3462 1827 3559 1895 τῆς
3591 1826 3723 1896 παρ’
3754 1826 3949 1878 αὐτῶν

2345 1912 2617 1982 τιμωρίας
2657 1910 2803 1963 ἐστὶν
2840 1910 3151 1978 ἐλεύθερον,
3202 1908 3298 1960 καὶ
3330 1906 3507 1969 οὐδεὶς
3543 1905 3686 1975 ὑπὲρ
3734 1907 3949 1958 τούτων

2346 1996 2503 2064 δίκην
2531 1992 2696 2045 ἔδωκέ
2734 2009 2865 2044 ποτε
2901 1992 3031 2061 παρ’
3063 1991 3314 2064 ἐκείνοις.
3359 1990 3432 2042 T6
3453 1988 3673 2058 μεθύειν
3719 1989 3815 2041 καὶ
3846 2004 3951 2055 γα-

2350 2062 2667 2148 στρίζεσθαι
2704 2075 2763 2127 οὐ
2815 2076 2976 2144 μόνον
3000 2076 3099 2127 οὐκ
3124 2062 3272 2127 ἐστιν
3300 2072 3553 2143 ἔγκλημα
3578 2072 3628 2137 ιτ,
3662 2070 3804 2123 ἀλλά
3854 2073 3951 2124 καὶ

2351 2160 2687 2230 κατόρθωμα
2725 2160 2877 2228 παρὰ
2925 2157 3143 2219 πολλοῖς
3190 2151 3333 2209 εἶναι
3379 2155 3733 2223 νενόμισται·
3764 2154 3861 2205 καὶ
3890 2153 3951 2204 ἐν

2348 2246 2461 2305 τοῖς
2498 2242 2912 2313 στρατιωτικοῖς
2948 2241 3185 2303 δείπνοις
3217 2238 3387 2307 πολλὴ
3416 2239 3448 2308 η
3481 2236 3577 2289 τοῦ
3618 2237 3950 2306 πράγματος

2350 2325 2693 2395 ἂμιλλα,καὶ
2743 2325 2792 2375 οἱ
2834 2322 3069 2392 μάλιστα
3121 2319 3508 2390 σωφρονούσης
3556 2318 3801 2380 διανοίας
3853 2319 3952 2370 καὶ

2352 2408 2602 2477 σώματος
2636 2407 2952 2478 ἐρρωμένου
2987 2405 3253 2473 δεόμενοι,
3287 2398 3434 2456 οὗτοι
3482 2401 3718 2470 μάλιστα
3759 2403 3829 2471 τῇ
3857 2417 3953 2452 τυ-

2356 2490 2559 2560 ραννίδι
2582 2489 2978 2559 παραδέδονται
3009 2485 3110 2555 τῆς
3143 2486 3338 2554 μέθης,
3365 2484 3545 2537 καὶτὸ
3576 2483 3737 2552 σῶμα
3769 2498 3953 2551 παρα-

2352 2572 2591 2634 λύοντες,
2625 2572 2717 2623 καὶ
2738 2570 2836 2639 τὴν
2868 2570 3046 2639 ψυχὴν
3072 2567 3412 2637 σκοτοὖντες,
3446 2566 3542 2619 καί⁵
3575 2566 3683 2618 τῶν
3722 2563 3953 2633 νομοθε-

2350 2656 2459 2710 τῶν
2490 2656 2661 2717 οὐδεὶς
2684 2654 2841 2706 10610
2865 2653 3091 2704 ἐκόλασε
3118 2651 3179 2703 τὸ
3209 2650 3431 2720 ἀμάρτη
3442 2667 3535 2719 μα.

2427 2747 2489 2793 ε’.
2506 2739 2569 2791 Τί
2592 2738 2793 2805 ταύτης
2813 2736 2911 2805 τῆς
2941 2735 3136 2805 μανίας
3167 2736 3344 2804 χεῖρον
3369 2751 3383 2799 ;
3423 2733 3534 2802 Τῆς
3557 2727 3649 2786 οὖν
3669 2731 3955 2801 εὐφημίας

2350 2824 2457 2877 τῶν
2496 2821 2638 2874 οὕτω
2667 2816 3025 2888 διακειμένων
3052 2817 3355 2886 ἀνθρώπων
3390 2816 3684 2886 ἐπιθυμεῖς
3708 2856 3721 2876 ,
3754 2815 3859 2868 καὶ
3890 2816 3952 2867 οὑ

2354 2905 2706 2974 κατορύττεις
2744 2902 2940 2955 σαυτόν
2966 2918 2981 2964 ;
3006 2901 3072 2951 Εί
3099 2900 3207 2969 γάρ
3240 2900 3335 2951 καὶ
3377 2899 3579 2960 πάντες
3612 2914 3672 2949 σε
3703 2897 3956 2966 ἐθαύμα-

2355 2988 2447 3052 ζον
2472 2988 2520 3038 οί
2546 2985 2799 3045 τοιοῦτοι,
2841 2984 2941 3036 οὐκ
2977 2983 3143 3053 ἐχρῆν
3178 2980 3533 3051 αἰσχύνεσθαι
3570 2980 3665 3033 καὶ
3709 2980 3954 3047 ἐγκαλύ⁴⁵

2356 3068 2607 3132 πτεσθαι,
2632 3067 2762 3138 παρ’
2785 3065 3087 3136 ἀνθρώπων
3110 3065 3252 3118 οὕτω
3268 3064 3677 3135 διεφθαρμένων
3701 3064 3803 3126 τὰς
3828 3064 3949 3133 κρί-

2356 3171 2470 3216 σεις
2509 3151 2869 3223 κροτούμενον
2895 3168 2909 3215 ;
2937 3150 3104 3202 Πάλιν
3136 3148 3453 3218 βλασφημία
3488 3149 3596 3210 τοῖς
3619 3144 3948 3216 νομοθέταις

2353 3236 2504 3289 οὐδὲν
2537 3231 2676 3286 εἶναι
2696 3235 2842 3285 δοκεῖ
2858 3230 3087 3303 φοϐερόν
3109 3243 3154 3269 θ’
3175 3232 3349 3294 οὐδεὶς
3372 3229 3503 3297 γοῦν
3517 3230 3609 3283 τὸν
3628 3228 3765 3282 Θεὸν
3785 3228 3953 3299 βλασ-

2356 3324 2639 3389 φημήσας,
2682 3318 2760 3378 είς
2790 3316 2849 3368 τὸ
2883 3316 3231 3384 δικαστήριον
3271 3313 3531 3381 εἱλκύσθη
3553 3312 3647 3364 καὶ
3674 3311 3837 3381 δίκην
3871 3312 3956 3364 δέ.

2355 3402 2545 3454 δωκεν.
2593 3400 2731 3452 Ἀλλ’
2765 3399 2859 3451 ἐὰν
2892 3398 2989 3466 μέν
3011 3398 3071 3448 τὸ
3102 3396 3314 3466 ἱμάτιόν
3341 3412 3423 3457 τις
3459 3390 3651 3465 κλέψῃ,
3689 3393 3724 3463 ἢ
3751 3394 3956 3463 βαλάν-

2354 3500 2468 3535 τιον
2497 3482 2750 3552 διατέμῃ.
2782 3481 2875 3533 καὶ
2911 3480 3015 3542 τὰς
3051 3478 3292 3545 πλευρὰς
3334 3476 3676 3545 διορύττεται
3718 3478 3816 3529 καὶ
3858 3478 3955 3528 θα-

2359 3567 2504 3635 νάτῳ
2534 3563 2891 3633 παραδίδοται
2916 3560 3179 3621 πολλάκις
3198 3577 3211 3589 ·
3241 3559 3331 3610 τὸν
3348 3558 3404 3610 δέ
3428 3557 3561 3611 Θεὸν
3583 3557 3955 3628 βλασφημῶν,

2357 3650 2458 3701 οὐκ
2485 3645 2800 3714 ἐγκαλεῖται
2842 3642 2997 3713 παρά
3038 3642 3147 3694 τῶν
3188 3642 3293 3707 ἔξω
3325 3639 3656 3709 νομοθετῶν.
3690 3640 3813 3695 Κᾶν
3841 3641 3958 3695 δού-

2358 3732 2457 3801 λην
2491 3728 2836 3798 προσφθείρῃ
2863 3743 2946 3789 τις
2975 3727 3206 3793 γυναῖκα
3255 3722 3416 3792 ἔχων,
3441 3723 3594 3776 οὐδὲν
3628 3719 3770 3776 εἶναι
3810 3725 3958 3777 δοκεῖ

2358 3819 2470 3876 τοῖς
2491 3813 2678 3881 νόμοις
2718 3813 2832 3872 τοῖς
2867 3808 3068 3875 ἔξωθεν
3091 3807 3212 3860 οὐδὲ
3244 3808 3356 3869 τοῖς
3390 3805 3629 3869 πολλοῖς.
3842 3801 3849 3806 ’

2430 3895 2620 3946 Βούλει
2654 3893 2749 3945 καὶ
2788 3894 2951 3961 ἕτερα
2996 3889 3160 3942 πάλιν
3194 3887 3429 3940 ἀκοῦσαι
3448 3887 3735 3940 δεικνύντα
3770 3887 3956 3939 αὐτῶν

2356 3979 2457 4049 τὴν
2485 3979 2702 4039 ἄνοιαν;
2742 3972 2918 4025 ταῦτα
2947 3972 3044 4042 μέν
3070 3971 3177 4041 γὰρ
3212 3971 3272 4022 οὐ
3302 3970 3624 4033 κολάζουσιν
3646 4010 3660 4034 ,
3694 3969 3868 4039 ἕτερα
3899 3970 3955 4022 δὲ

2358 4048 2452 4113 καὶ
2475 4055 2858 4128 νομοθετοῦσιν
2887 4054 3064 4107 αὐτοί.
3103 4054 3236 4104 Τίνα
3268 4048 3360 4105 οὖν
3389 4053 3525 4104 εἰσιν
3549 4054 3774 4119 ἐκεῖνα;
3811 4052 3954 4105 Θέα-

2358 4161 2464 4214 τρα
2496 4141 2809 4208 συνάγουσι,
2873 4139 2963 4190 καὶ
3014 4136 3231 4207 πορνῶν
3278 4137 3394 4188 ἐκεῖ
3438 4133 3717 4204 γυναικῶν
3755 4138 3954 4206 χοροὺς

2360 4228 2671 4293 εἰσάγοντες
2706 4224 2800 4275 καὶ
2848 4220 3044 4283 παῖδας
3077 4218 3558 4290 πεπορνευμένους
3595 4217 3689 4269 καὶ
3737 4217 3819 4278 εἰς
3858 4216 3955 4285 τὴν

2361 4308 2524 4379 φύσιν
2553 4308 2723 4375 αὐτὴν
2750 4304 3156 4374 ἐνυϐρίζοντας,
3188 4301 3475 4365 καθίζουσι
3520 4300 3610 4351 τὸν
3636 4299 3812 4368 δῆμον
3844 4301 3957 4354 ἄνω

2363 4393 2563 4457 πάντα,
2606 4388 2750 4441 οὓτω
2792 4387 2891 4455 τὴν
2939 4387 3093 4437 πόλιν
3120 4382 3602 4452 ψυχαγωγοῦντες,
3644 4380 3793 4434 οὕτω
3827 4382 3957 4441 τοὺς

2365 4476 2638 4545 μεγάλους
2697 4470 2938 4531 ἐκείνους
2980 4468 3258 4537 βασιλέας,
3312 4464 3406 4527 οὓς
3445 4466 3532 4517 ἀεὶ
3572 4464 3956 4533 θαυμάζουσιν

2364 4560 2455 4610 ἐπὶ
2485 4553 2764 4627 τροπαίοις
2795 4552 2889 4603 καὶ
2923 4552 3120 4613 νίκαις,
3146 4547 3561 4616 στεφανοῦντες.
3594 4548 3789 4599 Καίτοι
3818 4563 3883 4615 γε
3905 4546 3957 4597 τί

2364 4640 2463 4709 τῆς
2496 4636 2666 4707 τιμῆς
2695 4634 2900 4703 ταύτης
2922 4633 3257 4703 ψυχρότερον
3280 4649 3293 4695 ;
3317 4630 3369 4682 τί
3396 4630 3496 4699 τῆς
3520 4631 3711 4699 ἡδονῆς
3735 4628 3957 4697 ἐκείνης

2365 4723 2723 4791 ἁηδέστερον;
2774 4719 2839 4772 ἐκ
2874 4726 3079 4772 τούτων
3117 4713 3210 4769 οὖν
3262 4716 3558 4776 ἐπαινέτας
3608 4712 3795 4780 ζητεῖς
3845 4713 3957 4764 τῶν

2365 4804 2542 4873 ἔργων
2570 4803 2677 4853 τῶν
2712 4802 2857 4865 σῶν;
2898 4801 2993 4852 καὶ
3030 4798 3171 4870 μετά
3219 4796 3506 4867 ὀρχηστῶν
3542 4797 3635 4847 καὶ
3690 4794 3958 4862 μαλακῶν

2365 4886 2460 4938 καὶ
2486 4883 2669 4954 μίμων
2701 4886 2796 4937 καὶ
2820 4884 3029 4952 πορνῶν
3049 4880 3328 4949 γυναικῶν
3352 4876 3625 4946 εὐφημίας
3657 4876 3958 4931 ἀπολαύειν

2367 4969 2577 5030 θέλεις,
2610 4968 2732 5019 εἰπέ
2767 4984 2894 5037 μοις
2934 4967 3026 5019 καὶ
3054 4964 3169 5026 πῶς
3201 4964 3301 5014 οὐκ
3338 4962 3403 5013 ἂν
3446 4961 3530 5030 εῐη
3563 4958 3737 5012 ταῦτα
3778 4976 3959 5029 παρα-

2366 5051 2513 5113 νοίας
2548 5050 2779 5120 ἐσχάτης
2802 5066 2818 5114 ;
2858 5049 3063 5110 Ἡδέως
3087 5049 3197 5115 γὰρ
3221 5045 3287 5097 ἂν
3319 5044 3514 5105 αὐτοὺς
3541 5042 3772 5113 ἐροίμην
3798 5060 3810 5071 ·
3839 5046 3959 5093 Δει-

2366 5134 2455 5186 νὸν
2471 5135 2597 5195 τούς
2620 5132 2718 5201 τῆς
2743 5130 2959 5199 φύσεως
2991 5126 3395 5198 ἀνατρέπεσθαι
3425 5126 3643 5204 νόμους,
3662 5128 3757 5178 καὶ
3780 5140 3960 5192 παρα-

2366 5217 2565 5287 νόμους
2597 5213 2917 5283 εἰσάγεσθαι
2954 5210 3163 5282 μίξειςς
3206 5209 3425 5271 πάντως
3468 5207 3707 5279 ἐροῦσιν,
3739 5206 3958 5287 6117765:-

2367 5303 2455 5352 νόν
2476 5314 2489 5327 ·
2516 5298 2736 5351 δοκοῦσι
2783 5295 2915 5365 γοῦν
2943 5294 3039 5347 καὶ
3089 5291 3341 5355 κολάζειν
3390 5291 3451 5343 τὸ
3484 5292 3745 5361 ἀνόμηιμα
3772 5286 3951 5339 10610.

2367 5384 2432 5437 Τί
2458 5378 2550 5436 οὖν
2576 5383 2703 5445 τοὺς
2728 5378 3098 5451 ἡταιρηκότας
3126 5377 3369 5437 ἐκείνους
3413 5374 3688 5440 είσάγεις;
3725 5369 3823 5422 καὶ
3856 5369 3958 5421 οὐκ

2367 5470 2606 5537 εἰσάγεις
2632 5467 2817 5539 μόνον,
2849 5462 2986 5517 ἀλλά
3015 5461 3109 5514 καὶ
3138 5461 3305 5532 τιμᾷς
3339 5458 3572 5539 μυρίαις
3589 5454 3685 5539 κα).
3726 5452 3956 5521 ἀφάτοις
4004 5484 4009 5493 ν

2366 5535 2593 5624 δωρεαῖς
2616 5535 2644 5615 ς-
2675 5545 2938 5617 ’Δλλαχοῠ
2976 5546 3099 5607 τοὺς
3124 5545 3194 5598 τά
3222 5541 3451 5597 τοιαῦτα
3498 5535 3821 5608 τολμῶντας
3861 5553 3955 5589 x0-

2364 5622 2563 5702 λάζων,
2617 5632 2853 5689 ἐνταῦθα
2888 5630 2950 5683 δὲ
2991 5628 3087 5682 καὶ
3133 5628 3209 5692 ὠς
3257 5625 3577 5694 εὐεργέταις
3632 5623 3832 5686 κοινοῖς
3856 5622 3955 5689 τῆς

2429 5807 2454 5836 ⁸
2485 5805 2557 5854 Re
2599 5839 2632 5859 .,
2654 5803 2735 5855 καὶ
2769 5802 2898 5864 ὅμως
2920 5802 3157 5864 ἀνέχεται.
3220 5796 3251 5835 1⁵
3279 5797 3428 5859 Βθε.,
3473 5796 3528 5845 οὐ
3573 5798 3716 5861 μόνον
3749 5797 3803 5847 οὐ
3826 5795 3956 5847 δοκεῖ

2429 5904 2436 5915 .
2509 5871 2530 5897 τ
2557 5819 2631 5915 ᾔει
2657 5866 2778 5915 Rea.
2811 5864 2943 5915 Εθιιί
2963 5875 3105 5915 vero.
3129 5861 3265 5911 οὐδὲν
3289 5860 3407 5910 εἶναι
3438 5860 3653 5915 φοϐερόν.

2368 5867 2436 5929 ἔγ.
2509 5871 2530 5897 τ’
2557 5860 2631 5915 Ila
2657 5866 2778 5927 Reg.
2801 5860 2943 5916 'Edlli
2963 5860 3105 5922 vél'o,
3129 5861 3265 5911 οὐδὲν
3289 5860 3407 5910 εἶναι
3438 5860 3653 5928 φοϐερόν.
