4070 6322
237 299 326 356 IOI

235 432 347 471 rtus
368 432 487 471 esse
512 417 720 472 videtur
751 417 801 472 id
845 418 983 487 quod
1029 419 1228 472 dictum
1269 426 1353 471 est
1428 432 1645 471 necesse
1684 429 1815 483 ergo

232 518 314 561 est
364 508 414 561 id
460 508 657 561 clarius
696 510 1005 578 explanare.
1052 508 1185 563 Cum
1230 509 1555 563 fornicamur
1582 510 1819 576 (oportet

229 600 377 652 enim
405 613 435 652 a
458 599 568 665 jam
595 600 756 654 dictis
783 601 1059 669 incipere),
1087 601 1329 655 homines
1354 603 1519 671 magis
1544 600 1813 665 timemus,

228 707 391 757 quam
440 692 630 747 Deum.
664 693 797 759 Quia
828 694 986 761 igitur
1019 708 1116 748 nos
1145 694 1222 749 sic
1258 695 1336 749 eis
1366 693 1708 762 subiecimus,
1748 692 1814 747 il-

229 781 421 848 Iusque
448 782 693 837 dttminOs
726 793 937 839 nostros
964 785 1371 848 constituimus;
1392 784 1552 839 multa
1579 798 1706 837 vero
1734 783 1815 837 his

226 872 462 927 dominis
489 890 607 928 esse
638 875 779 929 mala
812 875 1078 943 videntur,
1120 892 1238 945 qum
1270 880 1407 930 mala
1451 891 1556 929 non
1582 881 1727 936 sunt,
1760 883 1815 928 ει

227 964 314 1018 illa
338 965 590 1019 similiter
619 966 867 1036 fugimus.
911 967 1149 1037 Exempli
1190 982 1371 1031 causa,
1416 965 1466 1021 itt
1500 972 1812 1037 paupertate

226 1056 411 1109 virere
443 1057 623 1110 multis
650 1063 802 1125 lttrpe
828 1072 947 1112 esse
977 1058 1186 1112 videtur
1218 1075 1231 1111 :
1255 1068 1309 1111 et
1335 1065 1695 1126 paupertatem
1726 1054 1809 1108 ιύ-

222 1145 423 1215 gimus,
456 1162 561 1201 non
592 1150 731 1216 qttod
779 1150 945 1218 turpis
974 1150 1043 1203 sit
1088 1164 1184 1202 nec
1214 1148 1354 1218 quod
1388 1158 1595 1216 turpem
1622 1148 1809 1201 creda-

222 1254 362 1301 mus,
394 1240 491 1294 sed
521 1242 639 1310 quia
673 1242 900 1295 dominis
932 1241 1125 1296 nostris
1153 1256 1273 1295 esse
1305 1241 1471 1308 turpis
1496 1240 1724 1304 videtur,
1754 1248 1807 1293 et

222 1327 343 1381 illos
376 1330 645 1385 timemus.
693 1332 895 1387 Rursus
940 1331 1244 1385 inlmnorari
1293 1339 1347 1385 et
1376 1332 1645 1385 contemni
1689 1330 1810 1383 nttl-

222 1422 438 1492 Iamque
482 1428 678 1480 habere
703 1436 1042 1495 potestatem.
1084 1440 1112 1477 a
1141 1424 1320 1477 multis
1352 1434 1502 1493 turpe
1536 1434 1589 1479 et
1614 1423 1805 1477 ViIiSsi-

220 1528 369 1569 mum
415 1517 770 1571 existimatur.
822 1517 930 1570 Iloc
972 1531 1179 1574 rursum
1230 1515 1487 1583 fugimus,
1538 1529 1642 1567 non
1688 1529 1802 1567 rem

216 1605 561 1668 damnantes.
600 1609 690 1663 sed
725 1619 938 1677 proirtcr
977 1608 1314 1661 dominorum
1354 1618 1652 1660 nostrorunt
1681 1621 1803 1659 sen-

218 1701 463 1752 tentiam.
498 1698 724 1753 Rursum
753 1716 781 1754 e
810 1701 1077 1753 contrario
1104 1698 1344 1753 eannlem
1368 1699 1596 1766 p‘ttimttr
1619 1697 1798 1765 perni-

213 1791 353 1844 ciem
385 1809 399 1843 :
432 1807 553 1844 nam
582 1792 797 1845 divitem
831 1806 970 1853 esse,
1006 1792 1204 1845 bonum
1232 1806 1352 1845 esse
1380 1789 1608 1854 videtur,
1640 1790 1797 1842 item-

212 1896 319 1949 que
351 1880 518 1935 fastus
547 1894 595 1936 et
622 1882 787 1950 gloria
813 1891 866 1934 et
895 1882 1105 1935 claritas
1132 1899 1144 1933 :
1172 1889 1226 1934 et
1250 1880 1350 1934 hoc
1378 1896 1587 1933 rursum
1619 1894 1799 1948 persc-

211 1971 451 2038 qnimur,
483 1987 587 2026 non
617 1988 790 2025 rerum
825 1981 1067 2025 naturam
1101 1981 1158 2025 ut.
1204 1973 1395 2026 bonam
1424 1972 1792 2040 reSpicientes,

208 2063 307 2117 sed
338 2079 401 2116 ex
428 2064 676 2130 Opinione
699 2057 1037 2116 dominorum
1066 2073 1369 2117 nostrorum
1402 2064 1657 2129 persuasi.
1693 2062 1795 2114 Do-

210 2155 391 2207 minus
411 2156 609 2223 quippe
638 2165 817 2207 noster
848 2164 927 2208 est
968 2154 1226 2222 populus;
1256 2165 1308 2209 et
1339 2154 1476 2222 vulgi
1511 2154 1659 2208 turba
1692 2152 1791 2207 do-

207 2248 387 2298 minus
413 2254 516 2306 est,
544 2258 717 2298 s'evus
744 2245 1097 2314 immanisque
1126 2254 1402 2315 tyrannus.
1437 2243 1618 2313 Neque
1646 2244 1789 2297 enim

205 2349 348 2403 opus
365 2343 450 2388 est
478 2344 535 2386 nt
561 2334 804 2403 imperet,
834 2343 889 2387 ιιι
913 2334 960 2388 ei
990 2333 1377 2403 obsequantur;
1410 2332 1503 2387 sed
1530 2316 1659 2386 satis
1684 2341 1785 2396 est,

204 2426 251 2479 si
281 2439 381 2479 nos
419 2423 547 2495 quid
589 2426 663 2479 illi
694 2426 897 2494 placeat
925 2426 1176 2490 sciamus,
1210 2432 1267 2479 et
1295 2424 1410 2478 sine
1446 2423 1596 2493 jussu
1629 2438 1787 2493 pare-

205 2529 367 2568 mus:
400 2523 543 2568 tanta
570 2514 768 2569 utimur
794 2530 919 2583 erga
958 2515 1104 2569 illum
1134 2514 1521 2569 benevolentia.
1563 2514 1627 2568 Et
1651 2514 1787 2569 Deus

203 2606 421 2674 quidem
448 2607 685 2675 quotidie
715 2608 889 2661 minas
933 2608 1201 2661 intentans
1233 2616 1289 2662 et
1331 2607 1647 2673 admonens,
1680 2623 1785 2661 non

203 2697 457 2761 auditur;
488 2697 639 2749 turba
666 2707 843 2750 autem
877 2697 1246 2765 incomposita,
1272 2697 1368 2751 faex
1392 2698 1688 2762 hominum,
1719 2714 1786 2752 ne

202 2787 457 2841 mandato
482 2787 695 2857 quidem
719 2801 855 2857 Opus
883 2788 1075 2847 habet;
1105 2788 1197 2843 sed
1227 2790 1355 2843 satis
1381 2797 1483 2853 est,
1508 2797 1564 2842 ttt
1589 2788 1784 2843 indicet

200 2880 329 2950 quid
357 2880 457 2934 sibi
485 2880 707 2949 placeat,
738 2891 793 2935 et
822 2880 1001 2933 statim
1035 2880 1087 2936 iu
1115 2880 1362 2935 omnibus
1404 2882 1501 2949 ipsi
1530 2882 1782 2951 obsequi‘

198 2986 345 3023 mur.
377 2970 442 3023 Et
478 2970 766 3037 quomodo,
797 2970 1022 3040 inquies,
1066 2970 1229 3025 ltosec
1267 2972 1512 3025 dominos
1551 2971 1783 3043 effugere

196 3063 319 3134 quis
346 3063 550 3130 possit?
590 3046 645 3115 Si
686 3061 940 3131 majorem
969 3078 1124 3130 quatn
1156 3062 1227 3115 illi
1260 3076 1476 3116 sensum
1522 3064 1778 3131 assumat,

198 3155 247 3210 si
272 3162 707 3209 rernmnatttram
729 3163 951 3224 spectet,
977 3156 1020 3208 si
1048 3154 1188 3224 vulgi
1219 3156 1478 3210 calculum
1501 3156 1778 3225 deSpiciat,

195 3246 243 3301 si
269 3257 395 3300 ante
425 3246 525 3298 alia
552 3246 731 3299 omnia
761 3245 811 3298 in
844 3246 927 3309 iis,
960 3262 1076 3315 quae
1109 3261 1234 3301 vere
1265 3249 1433 3315 turpia
1463 3256 1607 3314 sunt,
1631 3250 1778 3317 seip-

196 3352 318 3391 sum
350 3338 419 3391 im
448 3338 703 3403 inStitnat,
741 3346 797 3391 ut
827 3354 933 3391 non
970 3338 1232 3407 homines,
1259 3338 1351 3392 sed
1384 3340 1681 3393 insomnem
1714 3339 1775 3392 il-

198 3428 310 3482 lttnt
339 3430 548 3482 oculum
596 3438 814 3491 metuat,
843 3440 896 3483 et
934 3429 984 3483 itt
1018 3428 1171 3483 bonis
1214 3446 1424 3483 rursum
1460 3446 1685 3484 coronas
1712 3431 1778 3485 ab

198 3520 290 3574 illo
320 3529 539 3590 qna-rat.
570 3522 641 3575 lla
666 3523 807 3575 enim
842 3538 1010 3591 neque
1052 3522 1103 3575 in
1146 3521 1262 3574 aliis
1295 3522 1564 3574 hominum
1594 3536 1775 3575 auram

199 3610 453 3665 feremus.
480 3610 611 3667 Nam
639 3613 725 3679 qui
765 3628 884 3666 cum
919 3623 1060 3667 recte
1101 3613 1226 3682 agit,
1261 3629 1325 3666 ne
1352 3613 1538 3681 dignos
1562 3614 1774 3684 quidem

196 3713 382 3756 censet
409 3702 547 3763 illos,
572 3701 660 3771 qni
687 3718 777 3754 sua
807 3714 952 3756 recte
975 3702 1108 3755 facta
1132 3705 1326 3767 norint,
1354 3705 1444 3755 sed
1465 3704 1551 3755 llei
1572 3704 1777 3757 calculo

195 3802 480 3849 contentus
503 3806 604 3854 est.
639 3795 808 3862 ne’qne
832 3796 883 3847 in
907 3794 1187 3848 contrariis
1212 3796 1438 3864 aliquam
1470 3809 1652 3847 eorum
1688 3812 1774 3847 ra-

195 3887 398 3938 tionem
429 3883 662 3938 habebit.
717 3883 785 3937 Et
820 3884 1091 3954 quomodo
1119 3926 1132 3946 .
1176 3884 1407 3954 inquies,
1461 3884 1561 3938 hoc
1605 3885 1774 3954 ipsum

191 3977 337 4031 erit?

271 4067 547 4123 "ominum
575 4066 747 4120 laudes
783 4084 881 4118 non
912 4068 1213 4135 qna'renda‘,
1252 4066 1337 4118 sed
1371 4065 1479 4119 Dei.
1504 4097 1571 4105 —-
1593 4067 1773 4136 Cogita

190 4159 321 4229 quid
355 4160 423 4211 sit
447 4162 624 4221 homo,
651 4157 773 4227 qttid
798 4161 859 4209 sit
895 4158 1050 4223 Deus,
1084 4167 1261 4226 etquo
1284 4157 1503 4211 dimisso
1526 4158 1589 4211 ad
1616 4174 1773 4227 quem

189 4250 489 4320 confugias,
524 4260 575 4303 et
604 4252 708 4304 cito
737 4261 901 4303 toltntt
930 4249 1182 4319 corriges.
1208 4248 1377 4302 llonto
1402 4257 1575 4304 tecum
1600 4250 1772 4304 eidem

194 4342 416 4412 peccatio
463 4342 720 4409 sultjaeet,
774 4340 946 4393 eidem
983 4340 1206 4409 judicio,
1249 4339 1420 4393 eidem
1466 4340 1769 4409 supplicio:

191 4453 357 4489 nottto
390 4436 605 4488 vanitati
638 4437 821 4490 similis
856 4440 1023 4489 factus
1040 4446 1141 4501 εει,
1167 4450 1367 4490 rectum
1388 4437 1644 4506 judicium
1670 4451 1772 4490 non

192 4534 374 4587 habet,
410 4536 465 4580 et
503 4542 728 4595 superna
770 4539 890 4597 eget
919 4529 1253 4582 correctione
1294 4546 1305 4580 :
1346 4529 1526 4589 homo.
1558 4538 1694 4582 terra
1722 4538 1775 4582 et

189 4620 348 4679 cinis,
384 4620 427 4670 si
463 4618 659 4681 laudet,
703 4635 845 4685 βαῖνε
891 4629 1091 4673 temere
1128 4620 1378 4684 laudabit,
1422 4629 1510 4673 aut
1552 4620 1616 4673 ad
1656 4634 1774 4688 gra-

193 4721 320 4759 tiam
367 4718 459 4761 aut
495 4723 558 4762 ex
588 4708 735 4769 mlio;
770 4711 812 4761 si
842 4710 1197 4764 calumnietur
1227 4721 1281 4763 et
1312 4721 1546 4777 accuset,
1589 4726 1773 4765 rursus

190 4798 383 4848 eodem
415 4799 592 4851 :mimo
618 4798 665 4850 id
697 4798 835 4850 facit.
869 4801 937 4851 At
966 4815 1069 4852 non
1105 4800 1172 4852 ita
1208 4801 1378 4863 Deus;
1422 4802 1514 4854 sed
1548 4801 1775 4869 irrepre-

193 4889 473 4941 hensibtlis
492 4901 569 4941 est
597 4890 707 4956 ejus
729 4891 1069 4951 calcnltts,‘et
1101 4907 1285 4959 purum
1314 4892 1571 4959 judicium
1605 4894 1770 4949 illius.

191 4979 429 5048 Ideoque
470 4992 676 5050 oportet
717 4998 927 5049 semper
954 4982 1018 5035 ad
1068 4983 1212 5036 illum
1240 4984 1563 5054 confugere;
1598 5000 1775 5055 neque

189 5075 315 5128 ideo
344 5081 569 5133 tantum,
601 5076 691 5125 sed
718 5076 837 5145 quia
860 5077 1015 5128 etiam
1041 5076 1152 5143 ipse
1175 5084 1224 5127 te
1248 5077 1387 5140 fecit,
1408 5088 1456 5129 et
1476 5080 1591 5146 p‘us
1612 5095 1770 5147 quant

188 5179 383 5220 omnes
422 5164 511 5217 tibi
545 5170 734 5231 paruit,
781 5168 1053 5237 magisque
1097 5177 1145 5221 te
1189 5176 1352 5231 amat,
1381 5184 1536 5235 quam
1578 5177 1629 5221 ttt
1662 5168 1773 5236 ipse

191 5274 243 5313 te
275 5272 443 5312 ames.
482 5253 588 5307 Cur
624 5272 750 5324 ergo
797 5267 901 5312 tant
942 5260 1166 5313 mirabili
1198 5260 1362 5315 misso
1396 5259 1667 5313 laudatore
1706 5262 1772 5315 ad

192 5354 465 5407 hominem
491 5352 821 5420 confugimus
849 5354 936 5419 qtti
964 5355 1095 5406 nihil
1124 5364 1227 5418 est,
1257 5354 1346 5422 qtti
1376 5353 1567 5406 frustra
1597 5364 1649 5407 et
1690 5366 1771 5409 tc-

191 5460 340 5497 ntctc
368 5443 545 5497 Omnia
580 5441 731 5495 facit?
761 5441 952 5495 Malum
986 5455 1035 5497 te
1078 5446 1206 5499 dicit
1231 5456 1281 5499 et
1305 5444 1613 5508 scelestum,
1645 5461 1767 5499 cum

191 5538 310 5591 talis
344 5554 451 5593 ttott
493 5538 607 5590 sis?
654 5536 738 5589 llla
780 5534 847 5590 dc
874 5552 1031 5589 causa
1063 5539 1231 5608 magis
1260 5540 1406 5594 illum
1438 5540 1694 5594 miserare
1721 5549 1774 5595 et.

185 5631 344 5694 delle,
375 5631 502 5700 quia
534 5638 818 5700 corruptus
841 5638 942 5692 est,
970 5629 1190 5699 ejusque
1214 5632 1436 5701 gloriam
1465 5639 1769 5695 eotttcmtte,

183 5726 302 5794 quia
344 5739 467 5796 ejus
519 5724 714 5777 tuentis
753 5723 887 5777 oculi
934 5724 1181 5777 exca‘cati
1228 5734 1348 5780 sunt
1389 5725 1687 5795 :siquidcm
1718 5735 1771 5781 ει

512 5819 786 5878 Puncta
836 5817 950 5877 (in.
1006 5818 1163 5877 LXI.

1326 302 1391 357 IN
1430 299 1645 359 I'ZI’IST.
1690 298 1707 351 I
1771 299 1858 353 Al)
1895 297 2049 354 COR.
2093 299 2324 355 IIOMIL.
2366 301 2481 358 XII.

3414 314 3512 368 ωε

1929 415 2152 481 apostoli
2187 415 2297 470 hac
2328 418 2626 481 audierunt,
2660 432 2709 474 et
2742 422 2858 475 illos
2887 438 2944 478 se
2974 425 3363 482 calumniantes
3395 432 3509 483 ιιι-ιο

1923 515 2131 559 serunt.
2161 508 2228 561 At
2250 517 2300 562 ιε
2333 509 2527 564 bonum
2558 524 2610 563 et
2641 513 2823 567 utilem
2850 515 3018 569 dicit?
3057 516 3114 572 Si
3146 520 3265 573 talis
3294 520 3507 589 quidem

1920 594 2013 660 sis,
2048 596 2194 650 nullo
2220 598 2379 651 modo
2421 615 2449 653 a
2502 600 2589 653 tali
2638 602 2803 671 gloria
2831 606 3158 670 emolliaris;
3188 610 3231 662 si
3259 626 3362 663 non
3387 612 3508 665 talis

1919 686 2017 751 sis,
2037 688 2203 758 magis
2223 688 2461 759 despice,
2494 704 2545 747 et
2571 708 2681 748 rem
2705 709 2823 749 esse
2853 697 2961 750 risu
2990 698 3199 769 dignam
3230 711 3375 770 puta.
3410 703 3503 757 Vis

1918 775 2053 829 scire
2078 792 2235 844 quam
2258 790 2508 849 corrupta
2535 782 2642 837 sint
2672 784 2810 855 vulgi
2834 786 3055 855 judicia,
3084 806 3242 859 quam
3272 791 3503 857 inutilia,

1916 880 2072 935 quant
2110 870 2368 937 ridicula;
2422 883 2478 929 et
2514 876 2614 930 alia
2656 879 2868 947 quidem
2900 880 3188 938 furentium
3233 896 3285 939 et
3323 898 3503 943 mentc

1914 965 2209 1023 captorum,
2239 961 2341 1014 alia
2390 978 2517 1017 vero
2567 965 2846 1023 inl‘aminm
2891 971 3241 1031 lactentinm?
3275 981 3409 1035 Audi
3442 993 3501 1038 ut

1915 1044 2111 1102 fuerint
2135 1049 2243 1117 jam
2269 1052 2418 1107 olim.
2444 1053 2650 1111 .Iudicia
2684 1074 2813 1113 vero
2837 1062 2926 1115 tibi
2956 1064 3248 1134 proferam,
3277 1087 3381 1126 non
3407 1090 3500 1142 po-

1916 1138 2023 1205 puli
2052 1148 2277 1206 tantum,
2302 1144 2393 1197 sed
2435 1161 2621 1202 eorum
2648 1150 2735 1218 qui
2775 1153 3155 1221 sapientissimi
3186 1176 3305 1218 esse
3347 1138 3497 1221 ride-

1912 1228 2138 1297 bantur,
2169 1235 2365 1305 quique
2392 1238 2723 1305 legislatores
2754 1244 2984 1299 fuerunt.
3017 1249 3145 1314 Quis
3171 1254 3312 1307 enim
3354 1259 3495 1325 apud

1912 1322 2097 1392 vulgus
2127 1326 2417 1394 sapientior
2445 1330 2611 1385 videri
2640 1336 2806 1402 possit
2832 1352 2919 1403 eo,
2948 1342 3035 1409 qui
3060 1341 3252 1413 dignus
3283 1322 3495 1403 habitus

1907 1420 2009 1476 est,
2044 1423 2098 1467 ιιι
2123 1415 2423 1472 civitatibus
2450 1428 2503 1474 et
2536 1424 2744 1492 populis
2776 1426 2919 1497 leges
2943 1434 3202 1498 poneret?
3234 1438 3484 1494 Attamen

1908 1505 2055 1560 hisce
2104 1510 2432 1576 sapientibus
2480 1516 2727 1571 fornicari
2778 1521 2907 1574 nihil
2965 1524 3174 1580 videtur
3213 1543 3331 1584 esse
3364 1530 3487 1585 ntali

1907 1611 2003 1650 nec
2032 1599 2305 1667 punitione
2334 1602 2574 1672 dignum.
2608 1607 2761 1663 Nulla
2792 1611 2934 1665 enim
2962 1628 3178 1671 externa
3212 1618 3293 1673 lex
3326 1621 3490 1675 Ittrtti~

1904 1696 2110 1741 calores
2140 1690 2247 1744 ulta
2295 1703 2406 1758 est,
2442 1711 2616 1764 neque
2661 1699 2761 1754 hac
2816 1702 2883 1757 de
2925 1720 3087 1761 causa
3124 1709 3188 1761 ad
3228 1709 3485 1778 judicium

1905 1779 2096 1842 traxit;
2124 1779 2215 1833 sed
2240 1782 2445 1835 etiamsi
2477 1785 2593 1853 quis
2625 1802 2689 1841 eo
2720 1789 2979 1857 trahatur,
3012 1796 3160 1849 ntulti
3186 1797 3411 1853 irrident
3434 1813 3488 1855 ιιι

1896 1869 2057 1936 judex
2098 1870 2145 1923 id
2176 1888 2281 1925 non
2312 1876 2528 1941 patitur.
2564 1879 2693 1933 Alea
2728 1882 2911 1937 ludere
2951 1901 3135 1943 rursus
3178 1891 3317 1957 apud
3366 1894 3483 1947 illos

1899 1963 2159 2030 supplicio
2188 1965 2418 2020 liberum
2460 1979 2563 2032 est,
2603 1982 2657 2026 et
2690 1989 2845 2027 nemo
2880 1978 2978 2030 hac
3012 1979 3079 2033 de
3106 1996 3264 2035 causa
3299 1999 3480 2051 ptent-is

1899 2054 2062 2108 dedit.
2094 2056 2348 2114 Inebriari
2375 2071 2427 2114 et
2460 2063 2767 2134 ingurgitari
2798 2068 2920 2123 cibo
2953 2088 3056 2124 non
3090 2074 3249 2127 modo
3277 2078 3481 2133 crimen

1898 2163 2002 2198 non
2028 2156 2128 2211 est,
2172 2151 2266 2203 sed
2294 2161 2439 2206 recte
2467 2153 2662 2209 factum
2704 2173 2733 2211 a
2766 2160 2947 2215 multis
2994 2172 3234 2231 putatum
3262 2167 3395 2221 fuit:
3426 2179 3482 2223 ct

1896 2236 1945 2287 in
1985 2238 2152 2291 cenbis
2189 2240 2506 2296 militaribus
2536 2245 2701 2301 multa
2741 2263 2803 2302 ea
2833 2249 2898 2305 de
2936 2264 3101 2306 re~est
3128 2258 3475 2321 concertatio,

1892 2338 1944 2381 et
1974 2331 2061 2399 qui
2094 2331 2323 2387 maxime
2353 2347 2509 2406 egent
2536 2352 2661 2390 sana
2692 2353 2868 2397 mente
2894 2354 2949 2398 et
2980 2346 3203 2402 robusto
3226 2366 3476 2419 corpore,

1891 2418 1944 2472 hi
1970 2422 2200 2476 maxime
2228 2424 2505 2481 ebrietatis
2537 2431 2804 2505 tyrannidi
2849 2449 2908 2488 se
2938 2434 3159 2505 dedunt,
3199 2450 3254 2495 et
3282 2418 3478 2513 corpus

1890 2511 2243 2569 dissolventes
2272 2527 2327 2570 et
2352 2521 2585 2573 animam
2617 2523 2849 2578 tenebris
2872 2526 3245 2597 nﬂundentes;
3274 2511 3478 2589 nullus-

1890 2618 1995 2673 que
2023 2605 2289 2674 legislator
2316 2605 2419 2661 ltoc
2440 2609 2622 2664 vitium
2651 2614 2877 2679 punivit.

1960 2694 2012 2748 5.
2048 2696 2182 2760 Quid
2214 2697 2311 2751 hac
2338 2697 2541 2755 insania
2574 2704 2760 2771 pejus?
2783 2705 2917 2759 Num
2946 2724 3075 2777 ergo
3096 2711 3281 2767 laudes
3301 2714 3475 2771 homi-

1888 2797 2033 2847 num,
2077 2786 2165 2852 qui
2207 2788 2284 2841 sic
2322 2788 2496 2845 affecti
2526 2806 2667 2854 sunt,
2723 2797 2969 2864 requiris,
3000 2811 3051 2853 et
3098 2818 3201 2855 non
3244 2805 3470 2871 teipsum

1886 2874 2130 2930 defodis?
2160 2876 2213 2934 Si
2245 2879 2388 2935 enim
2419 2896 2608 2936 omnes
2636 2885 2895 2953 ejusmodi
2932 2893 3174 2948 homines
3203 2905 3252 2950 te
3290 2897 3474 2951 lauda-

1887 2978 2026 3033 rent,
2060 2983 2234 3024 annon
2263 2980 2535 3041 oporteret
2562 2977 2881 3033 erubescere
2911 2990 2964 3034 et
2997 2984 3199 3051 pudore
3238 2988 3467 3043 suffundi

1888 3059 2259 3127 plaudentibus
2290 3064 2613 3129 hominibus,
2648 3086 2873 3138 quorum
2899 3072 3093 3141 judicia
3127 3078 3194 3131 ita
3217 3094 3466 3149 corrupta

1884 3153 2043 3203 sunt?
2076 3152 2276 3207 Rursus
2309 3156 2637 3225 blasphemia
2669 3161 3060 3229 legislatoribus
3095 3185 3197 3220 tton
3231 3173 3468 3228 terribile

1884 3241 2153 3310 quidpiam
2174 3259 2294 3299 esse
2324 3247 2566 3303 videtur:
2594 3266 2749 3304 nemo
2776 3255 2917 3307 enim
2947 3258 3032 3324 qni
3062 3258 3112 3311 in
3140 3260 3301 3313 Deum
3328 3264 3470 3319 blas-

1884 3330 2165 3401 pltetnarit,
2209 3337 2276 3389 ad
2316 3340 2545 3393 tribunal
2584 3353 2823 3411 raptatus
2870 3344 2965 3399 fuit
3008 3358 3058 3401 et
3090 3364 3272 3417 poenas
3298 3354 3465 3409 dedit.

1880 3426 1983 3480 Sed
2014 3428 2056 3480 si
2086 3430 2203 3498 quis
2234 3442 2433 3486 vestem
2477 3434 2699 3502 foretur,
2729 3450 2820 3491 aut
2867 3456 3173 3495 crumenam
3212 3445 3463 3512 disseeel,

1883 3532 1934 3573 et
1961 3522 2125 3576 latera
2175 3523 2271 3592 ipsi
2312 3525 2612 3581 lacerantur
2642 3540 2695 3584 et
2735 3546 2875 3599 swpe
2919 3546 3088 3589 morte
3134 3539 3462 3595 tnuletatur:

1882 3615 1971 3683 qui
1995 3626 2173 3670 autent
2204 3617 2253 3670 in
2283 3619 2447 3673 Deum
2480 3621 2811 3691 blaspltemat
2833 3668 2846 3690 ,
2883 3643 2986 3680 non
3019 3643 3301 3685 accusatur
3324 3635 3461 3701 apud

1881 3715 2129 3761 externos
2158 3708 2509 3778 legislatures.
2543 3714 2608 3767 Et
2649 3719 2690 3767 si
2722 3720 2841 3785 quis
2872 3734 3090 3771 uxorem
3117 3722 3338 3784 habens,
3368 3741 3462 3777 an—

1880 3800 2055 3852 cillam
2090 3801 2257 3866 vitiet,
2305 3802 2354 3855 id
2398 3798 2529 3859 nihil
2580 3807 2717 3877 apud
2746 3817 2992 3864 externas
3042 3812 3183 3882 leges
3226 3825 3280 3869 et
3322 3820 3459 3886 apud

1882 3895 2076 3946 multos
2106 3908 2224 3947 esse
2250 3894 2477 3949 videtur.

1952 3981 2284 4035 T/watrorum
2327 3985 2875 4055 rulioJIippodromus
2924 4004 2969 4045 et
3011 4012 3195 4065 pugna:
3237 3999 3458 4066 ferarum

1880 4075 2069 4139 quales.
2102 4105 2171 4113 ——
2203 4076 2294 4130 Vis
2319 4078 2419 4129 alia
2448 4094 2656 4148 quoque
2686 4082 2871 4136 audire
2899 4102 3016 4154 qua:
3045 4088 3279 4157 ipsorum
3321 4092 3459 4145 insa-

1883 4165 2021 4219 niam
2054 4167 2374 4221 05teudant?
2400 4185 2519 4221 nam
2564 4170 2677 4225 luec
2706 4173 2917 4241 quidem
2956 4192 3058 4229 non
3089 4182 3335 4247 puniunt,
3364 4186 3456 4236 sed

1880 4256 2011 4309 alias
2040 4258 2181 4326 leges
2211 4270 2470 4313 statuunt.
2499 4262 2764 4327 Quasnam
2782 4264 3052 4319 ‘I-Tlteatra
3080 4269 3355 4337 colligunt,
3391 4274 3457 4324 il-

1882 4346 2037 4417 loque
2082 4350 2421 4404 meretricum
2467 4352 2662 4407 choros
2698 4355 2988 4419 inducunt,
3026 4368 3080 4411 et
3106 4375 3311 4427 'pucros
3340 4378 3459 4415 cor-

1880 4450 2084 4507 ruptos,
2131 4441 2219 4508 qui
2266 4452 2508 4495 naturam
2551 4448 2871 4500 contumelia
2914 4449 3171 4515 afficiunt,
3206 4456 3453 4521 populum

1882 4540 2047 4584 totum
2080 4532 2128 4583 itt
2162 4534 2435 4601 superiore
2464 4537 2581 4589 loco
2612 4539 2799 4593 sedere
2823 4540 3049 4607 jubcnt;
3082 4546 3159 4596 sic
3184 4547 3455 4601 civitatem

1880 4632 2203 4688 recreantes,
2232 4625 2309 4679 sic
2335 4642 2555 4695 magnos
2581 4629 2699 4683 illos
2728 4648 2898 4701 reges,
2928 4649 3061 4702 quos
3083 4651 3295 4704 semper
3317 4645 3431 4695 rete

1881 4717 2035 4770 bram
2059 4718 2128 4771 ob
2158 4728 2354 4786 tropica
2394 4729 2550 4787 atque
2587 4722 2855 4789 victorias,
2888 4738 3226 4781 coronantes.
3262 4731 3454 4787 Verum

1881 4808 2004 4876 quid
2027 4819 2107 4862 est
2134 4809 2233 4862 hoc
2262 4810 2463 4864 honore
2491 4811 2774 4881 frigidius?
2795 4817 2917 4884 quid
2948 4816 3047 4871 hac
3069 4821 3340 4891 voluptate
3373 4828 3447 4877 in-

1879 4899 2077 4967 gratius
2094 4900 2115 4951 ?
2133 4916 2196 4953 ex
2215 4899 2365 4955 ltisne
2383 4906 2576 4971 qu.eris
2600 4917 2866 4973 gestorum
2890 4918 3097 4963 tuorum
3122 4915 3457 4969 laudatores?

1882 4998 1934 5043 ει
1962 5006 2080 5043 cum
2111 4992 2468 5053 saltatoribus.
2525 4996 2794 5060 mollibus,
2843 4998 3020 5055 mimis
3060 5020 3122 5057 ac
3166 5009 3454 5062 meretrici

1882 5082 1999 5145 bus,
2046 5085 2159 5148 vis,
2208 5099 2390 5152 quaso
2434 5094 2521 5150 te,
2565 5088 2720 5143 laude
2762 5092 2901 5145 frui?
2952 5104 3005 5147 et
3045 5097 3312 5163 quomodo
3357 5117 3463 5157 non

1883 5171 2079 5227 fuerint
2108 5176 2219 5229 hinc
2246 5187 2498 5230 extremae
2534 5178 2860 5235 dementire?
2890 5185 3137 5238 Libenter
3164 5188 3307 5243 enim
3342 5192 3464 5247 illos

1885 5268 2265 5336 interrogarem
2291 5284 2307 5321 :
2338 5267 2684 5339 Indignttmne
2702 5285 2784 5327 cst
2808 5288 3003 5327 natura:
3032 5276 3178 5345 leges
3198 5291 3461 5345 evertere,

1884 5373 1935 5414 et
1967 5363 2195 5415 nefarios
2245 5362 2496 5418 inducere
2542 5366 2747 5419 coitus?
2799 5368 3025 5421 Omnino
3066 5370 3245 5425 dicent
3275 5383 3474 5429 ontttes’

1882 5470 1993 5506 rem
2024 5466 2143 5507 esse
2172 5452 2439 5521 indignant
2466 5474 2480 5519 ;
2515 5457 2760 5510 videntur
2791 5461 2930 5511 enim
2962 5461 3063 5514 hoc
3091 5465 3275 5530 punire
3310 5464 3460 5534 ﬂagi-

1883 5542 2031 5595 tium.
2060 5540 2165 5596 Cttr
2194 5558 2321 5613 ergo
2342 5545 2576 5601 cinaedos
2599 5548 2718 5601 illos
2741 5548 2967 5615 inducis,
3000 5568 3099 5606 nec
3121 5552 3280 5606 modo
3307 5554 3463 5611 indu-

1884 5634 1982 5698 cis,
2016 5633 2108 5687 sed
2141 5636 2299 5689 etiam
2344 5638 2637 5691 innumeris
2662 5648 2716 5692 et
2761 5640 3115 5697 ineﬂabilibus
3144 5643 3314 5699 donas
3348 5666 3461 5705 mu-

1885 5726 2148 5783 neribus?
2179 5727 2312 5789 Cum
2340 5729 2465 5783 alibi
2493 5744 2585 5785 cos
2613 5730 2703 5800 qtti
2734 5730 2857 5786 talia
2899 5732 3098 5787 audent
3133 5736 3341 5805 punias,
3381 5740 3462 5797 hic

3038 5839 3077 5897 7
