4070 6322
644 331 746 390 103

640 462 791 518 quasi
806 461 1119 503 communes
1134 448 1365 504 civitatis
1379 448 1650 506 beneﬁcos
1670 448 1953 519 insumptis
1971 447 2228 517 pecuniis.

642 537 860 608 publico
884 550 1099 610 sumptu
1126 537 1273 609 ipsos
1300 538 1423 596 alis.
1448 539 1540 607 At,
1568 539 1801 609 inquies,
1828 538 2057 595 infames
2078 545 2226 610 sunt.

642 629 750 684 Cur
770 644 899 700 ergo
928 629 1050 685 illos
1080 628 1348 684 instituis?
1372 644 1471 686 cur
1512 644 1612 701 per
1637 630 1868 686 infames
1910 629 2034 685 illos
2077 641 2232 698 reges

642 722 915 777 honoras?
938 736 1037 777 cur
1062 721 1309 783 civitates
1332 721 1568 778 enecas?
1591 737 1690 777 cur
1715 721 1769 776 in
1804 722 1926 776 illos
1954 729 2100 775 tanta
2130 720 2232 775 im-

641 813 872 880 pendis?
892 828 1014 868 nam
1035 812 1080 867 si
1111 811 1339 867 infames
1358 821 1507 880 sunt,
1524 812 1720 883 expelli
1734 811 1951 868 debent.
1969 811 2079 866 Cur
2096 827 2230 880 ergo

638 906 763 961 illos
810 905 1037 961 infames
1070 904 1241 960 fecisti
1262 906 1287 957 ἲ
1309 920 1379 960 an
1412 912 1471 960 ut
1504 904 1749 968 laudans,
1790 918 1858 957 au
1915 913 1977 957 ut
2023 902 2226 958 conde-

637 996 936 1052 muansiUt
951 996 1316 1054 condemnaus
1336 995 1759 1067 utique.Ergone
1778 1004 1840 1051 ut
1861 994 2229 1050 condemnans

639 1085 867 1140 infames
894 1084 1045 1150 facis,
1068 1095 1122 1141 et
1149 1095 1207 1140 ut
1230 1084 1573 1142 honorabiles
1592 1086 1718 1140 illos
1732 1085 1943 1140 visurus
1964 1084 2223 1147 accurris,

636 1175 871 1243 miraris,
901 1175 1106 1243 laudas,
1133 1176 1459 1246 applaudis?
1497 1174 1633 1245 Quid
1664 1191 1800 1247 opus
1827 1186 1912 1232 est
1940 1174 2124 1232 dicere
2159 1174 2227 1229 de

637 1266 882 1333 fallaciis,
914 1282 1035 1338 qua:
1071 1267 1123 1321 iu
1170 1266 1539 1338 hippodromis
1572 1277 1628 1324 et
1674 1268 1727 1323 in
1761 1266 1954 1338 pugnis
1994 1266 2225 1321 fenirum

634 1355 1031 1413 admittuntur?
1055 1357 1179 1413 [huc
1218 1359 1418 1428 quippe
1452 1359 1600 1413 omni
1642 1368 1864 1429 stupore
1891 1367 2017 1413 sunt
2041 1357 2222 1429 plena,

634 1447 937 1518 doceatque
987 1449 1203 1504 assidue
1250 1449 1505 1519 populum
1559 1462 1683 1505 esse
1721 1449 2223 1514 imntiscricordetn,

632 1554 836 1596 smvum
864 1549 922 1595 et
957 1539 1330 1605 inhumanum,
1359 1551 1685 1612 exercetque
1709 1540 1777 1596 ad
1804 1540 2093 1598 videndum
2119 1540 2223 1597 ho-

635 1632 808 1689 mines
855 1632 1174 1704 discerptus,
1215 1636 1530 1706 sanguinem
1582 1635 1830 1701 eﬂusum,
1883 1646 1936 1691 et
1988 1634 2220 1691 ferarum

632 1723 1017 1779 immanitatem
1061 1725 1238 1779 omnia
1282 1724 1723 1782 eonfundentem.
1774 1726 1846 1782 Et
1894 1727 1994 1781 hos
2031 1742 2222 1782 omnes

633 1811 852 1869 morbos
874 1813 1142 1882 sapientes
1170 1815 1243 1869 illi
1265 1815 1599 1886 lcgislatures
1617 1817 1684 1872 ab
1710 1817 1860 1872 initio
1877 1818 2219 1886 induxerunt,

631 1904 1006 1975 plaudentibus
1025 1920 1089 1961 ac
1114 1906 1430 1961 mirantibus
1457 1906 1786 1964 civitatibus.
1806 1907 1935 1971 Sed.
1954 1909 1999 1963 si
2027 1910 2220 1977 placet,

631 1998 715 2055 his
742 1998 960 2054 omissis
989 2014 1109 2066 quze
1151 2008 1361 2069 aperte,
1390 2008 1450 2054 ιιι
1491 2000 1543 2054 in
1580 2000 1831 2056 confesso
1856 2011 1960 2066 est,
1989 2001 2219 2058 absurda

628 2098 776 2152 sunt,
806 2089 932 2144 licet
960 2088 1039 2143 sic
1069 2102 1175 2144 non
1219 2090 1391 2144 visum
1433 2089 1503 2144 sit
1529 2092 1768 2146 externis
1805 2091 2216 2161 legislatoribns,

630 2180 697 2236 ad
745 2181 1057 2236 honoranda
1094 2191 1358 2252 prmcepta
1402 2174 1700 2247 veniamus,
1746 2195 1799 2239 et
1831 2186 2031 2239 videbis
2057 2186 2217 2240 etiam

632 2275 721 2327 illa
754 2288 823 2328 ex
876 2274 1167 2328 multorum
1198 2273 1451 2343 opinione
1498 2282 1753 2346 coriupta
1793 2275 1973 2330 fuisse.
2004 2276 2216 2330 Caunu-

630 2365 774 2420 bium
820 2368 963 2421 enim
1006 2381 1093 2421 res
1135 2366 1465 2421 honorabilis
1504 2381 1625 2423 esse
1654 2366 1863 2423 videtur
1894 2377 1949 2424 et
1974 2370 2132 2424 nobis
2166 2379 2219 2425 et

628 2456 869 2513 externis
896 2474 910 2510 :
940 2466 996 2513 et
1020 2465 1102 2512 est
1129 2472 1254 2513 vere
1276 2456 1629 2523 bouombile;
1658 2457 1752 2513 sed
1776 2458 1829 2514 iu
1860 2458 2218 2515 celebratione

629 2549 935 2620 nuptiarum
960 2589 976 2613 ,
1011 2558 1088 2604 tot
1116 2549 1355 2605 ridicula:
1380 2565 1468 2605 res
1494 2549 1764 2617 accidunt,
1785 2561 1916 2623 quot
1943 2561 2066 2621 post
2104 2552 2219 2607 lucc

627 2639 857 2696 audituri
886 2642 1037 2697 estis.
1081 2640 1212 2697 Nam
1258 2657 1326 2697 ex
1362 2641 1754 2697 consuetudine
1794 2642 1946 2695 multi
1974 2642 2217 2712 occupati

626 2748 691 2789 ac
715 2732 949 2803 decepti,
976 2750 1158 2789 earum
1180 2734 1565 2789 absurditatem
1584 2749 1689 2789 non
1713 2743 1923 2799 norunt,
1941 2734 2034 2789 sed
2057 2748 2213 2804 egent

625 2824 746 2879 aliis
772 2825 861 2893 qui
892 2825 1012 2879 illos
1040 2824 1289 2880 doceant.
1324 2824 1539 2880 Etenim
1586 2823 1820 2891 choreae,
1848 2826 2112 2897 cymbala,
2146 2826 2215 2881 ti-

625 2915 750 2983 him,
779 2915 941 2970 verba
968 2917 1281 2988 eantieaque
1323 2918 1518 2986 turpia,
1553 2917 1904 2981 temulentize,
1940 2932 2214 2973 comessa-

626 3008 820 3073 tiones,
855 3010 1130 3080 multaquc
1157 3008 1355 3064 diaboli
1384 3009 1645 3064 colluvies
1680 3019 1808 3064 tunc
1836 3010 2121 3064 inducitur.
2151 3009 2211 3066 Et

626 3101 740 3155 seio
770 3100 985 3171 quidem
1029 3115 1115 3154 me
1154 3098 1442 3155 ridiculum
1488 3098 1679 3163 videri,
1721 3099 1865 3169 quod
1896 3104 2011 3155 lucc
2035 3117 2204 3171 repre-

626 3192 883 3255 hendam,
925 3201 981 3247 ct
1007 3192 1165 3261 vulgo
1207 3190 1460 3245 stolidum
1502 3190 1819 3257 existimari,
1869 3192 1959 3263 qui
2004 3203 2214 3249 veteres

626 3285 772 3356 leges
800 3294 1193 3341 transuioveam
1220 3302 1233 3339 :
1264 3301 1409 3349 nam,
1453 3294 1507 3340 ιιι
1534 3301 1694 3355 supra
1718 3286 1851 3353 dixi,
1888 3303 1952 3342 ex
1981 3301 2211 3343 consue-

625 3378 811 3435 tudine
837 3391 1023 3449 magua
1054 3378 1301 3447 deceptio
1329 3378 1533 3447 paritur
1560 3394 1573 3431 :
1600 3388 1835 3433 attamen
1866 3379 1980 3433 haec
2000 3378 2210 3435 dicemli

627 3472 787 3527 linem
816 3487 919 3525 non
952 3472 1162 3526 faciam.
1210 3470 1400 3526 Fortas
1431 3486 1461 3526 e
1499 3470 1661 3535 enim,
1696 3470 1941 3536 fortasse,
1974 3473 2074 3525 etsi
2107 3487 2211 3526 nou

623 3576 832 3627 omnes,
863 3560 1016 3632 pauci
1047 3570 1226 3617 tamen
1272 3576 1369 3616 nos
1396 3560 1696 3631 excipient,
1723 3568 1778 3615 et
1806 3562 2004 3617 malent
2034 3563 2210 3616 uobis-

622 3669 746 3708 cum
772 3652 1026 3719 derideri,
1058 3668 1218 3724 quam
1249 3668 1369 3708 cum
1401 3652 1507 3707 illis
1532 3667 1629 3707 nos
1646 3652 1915 3721 deridere,
1940 3653 2049 3708 risu
2065 3665 2213 3710 certe

624 3746 879 3818 lacrymis
921 3744 1085 3816 digno
1131 3745 1447 3816 magnisque
1496 3744 1669 3814 plenis
1709 3755 1871 3815 atque
1912 3746 2207 3815 suppliciis.

622 3837 905 3907 Quomodo
944 3838 1087 3893 enim
1133 3853 1241 3892 non
1288 3837 1448 3892 fuerit
1479 3846 1717 3893 extrema
1757 3838 2099 3893 damnatione
2127 3840 2210 3894 di-

622 3945 806 3999 gnum,
852 3922 1112 3999 virginem
1156 3944 1276 4000 qua:
1324 3938 1586 3997 perpetuo
1628 3929 1837 3983 vixerat
1869 3928 1920 3983 in
1953 3930 2059 3982 lltal
2101 3948 2207 3997 mo,

622 4039 849 4095 qua-que
875 4038 903 4075 a
935 4023 1103 4092 prima
1145 4029 1304 4077 a-tate
1336 4020 1713 4075 verecundiam
1745 4020 2025 4083 didicerat,
2057 4022 2213 4077 d.-re-

624 4125 783 4185 pente
814 4113 927 4184 rogi
959 4112 1025 4167 ad
1067 4111 1443 4182 deponendum
1474 4113 1755 4184 pudorem,
1801 4122 1856 4167 et
1905 4116 2051 4183 nupti
2092 4130 2207 4168 rum

623 4204 776 4259 initio
802 4202 1183 4272 impudentiam
1213 4202 1418 4267 doceri,
1446 4211 1495 4259 et
1530 4218 1559 4257 a
1589 4203 1799 4258 lascivis
1823 4204 2210 4273 petulantibus-

623 4310 726 4365 qne
760 4294 908 4360 viris,
932 4294 1342 4350 fornicatoribus
1372 4304 1427 4349 ct
1458 4295 1706 4350 mollibus
1736 4296 1787 4349 iu
1820 4297 2051 4351 tnedium
2083 4314 2210 4368 pro-

621 4384 781 4439 duci?
810 4384 953 4454 quod
982 4385 1125 4441 enim
1159 4385 1357 4439 ntalum
1387 4386 1438 4439 in
1471 4401 1603 4439 nova
1632 4401 1829 4455 sponsa
1862 4404 1967 4441 non
2000 4390 2209 4444 inscie—

622 4485 709 4530 tur
732 4473 801 4530 ab
829 4474 917 4528 illo
942 4472 1030 4530 die
1047 4474 1072 4529 ἲ
1092 4473 1445 4545 lmpudeutia,
1473 4475 1787 4544 petulantia,
1809 4478 2208 4551 iuverecundia,

621 4581 773 4621 vana:
812 4565 997 4636 gloria:
1038 4581 1192 4621 amor
1229 4584 1242 4622 :
1280 4569 1423 4623 volet
1465 4569 1609 4624 enim
1645 4568 1762 4624 dies
1785 4585 1973 4627 omnes
2014 4575 2211 4632 habere

623 4654 705 4709 his
730 4656 953 4710 similes.
971 4656 1105 4711 llinc
1124 4657 1374 4712 mulieres
1394 4659 1624 4727 profusa:
1641 4671 1694 4716 et
1712 4676 2035 4733 sumptuose
2056 4668 2206 4735 fiunt,

585 4747 747 4802 .hinc
797 4747 1156 4817 impudentes,
1206 4748 1330 4804 hinc
1374 4751 1501 4819 ipsis
1533 4753 1667 4807 mala
1701 4753 1998 4812 innumera.
2030 4758 2211 4829 Neque

620 4838 750 4892 mihi
771 4837 919 4893 dicas
939 4838 1405 4893 consuetudinem.
1434 4839 1564 4894 Nam
1596 4845 1640 4897 si
1674 4846 1868 4900 malum
1897 4858 1999 4914 est,
2028 4866 2095 4905 ne
2123 4866 2211 4906 se-

618 4930 720 4983 tuel
749 4928 965 4998 quidem
1002 4927 1124 4993 flat;
1168 4929 1213 4983 si
1262 4928 1485 4991 limum,
1528 4946 1743 4999 semper
1778 4934 1887 4991 fiat.
1934 4938 2027 4992 Dic
2066 4942 2207 4994 enim

619 5019 773 5086 milii,
802 5020 1083 5077 fornicatio
1104 5036 1282 5077 nonne
1307 5028 1440 5075 mala
1472 5033 1554 5077 est
1573 5026 1596 5076 ?
1614 5040 1681 5079 an
1710 5041 1837 5095 ergo
1854 5031 2211 5088 conccdemus

617 5111 761 5164 illam
791 5112 875 5166 vel
909 5112 1082 5173 semel
1112 5113 1396 5169 exerceri?
1422 5112 1790 5186 Nequaquam.
1822 5118 2045 5183 Quare?
2075 5121 2208 5187 Quia

616 5201 831 5256 etiamsi
858 5206 1022 5259 semel
1056 5215 1258 5259 tantum
1290 5205 1399 5267 fiat,
1450 5207 1583 5259 mala
1615 5216 1793 5263 tamen
1824 5218 1925 5264 est.
1959 5210 2140 5280 [aque
2163 5215 2207 5267 si

620 5306 812 5346 novant
844 5307 1092 5360 Sponsam
1131 5296 1210 5351 sic
1253 5297 1511 5352 oblcctari
1554 5299 1749 5353 malum
1780 5311 1893 5366 est,
1936 5318 2004 5357 ne
2041 5306 2208 5361 semel

620 5386 835 5455 quidem
866 5384 991 5451 flat;
1025 5387 1069 5438 si
1098 5388 1294 5443 bonum
1322 5399 1423 5451 est,
1455 5404 1669 5459 semper
1692 5391 1801 5445 ﬁat.

691 5478 745 5531 6.
787 5475 1101 5547 Nuptiarum
1138 5479 1265 5533 ritus
1308 5479 1606 5535 describitur
1633 5491 1679 5535 et
1703 5488 2209 5555 damnatum—Quid

620 5566 801 5635 igitur.
830 5580 1016 5638 quaeso
1043 5576 1124 5633 te,
1156 5567 1384 5638 inquies,
1414 5574 1698 5641 nuptiasue
1727 5574 1984 5629 incusas?
2010 5576 2162 5632 Absit
2191 5595 2204 5632 :

624 5672 730 5714 non
760 5660 828 5715 ita
859 5662 1065 5715 insanio
1084 5702 1100 5726 ,
1127 5660 1221 5715 sed
1250 5677 1310 5717 ea
1338 5680 1455 5732 qua:
1496 5667 1547 5719 in
1581 5668 1789 5737 nuptias
1822 5667 2039 5724 advecta
2063 5680 2205 5738 sunt,

623 5749 922 5821 pigmenta,
955 5752 1129 5809 fucum
1156 5761 1207 5809 et
1246 5753 1513 5824 superﬂua
1557 5759 1658 5813 alia
1697 5760 1936 5830 ejusdem
1969 5763 2203 5833 generis.

1344 334 1400 392 S.
1439 333 1717 391 JOANNlS
1753 331 2225 390 CllilYSOSTOMI
2266 332 2589 396 AllClllEP.
2628 338 3160 403 CONSTANTINOP.

3826 358 3928 415 Ιῦιῑ

2338 449 2471 506 Nam
2512 455 2593 511 sic
2634 458 2836 515 multos
2877 460 2946 516 ab
2984 463 3078 518 illo
3105 465 3194 522 die
3216 467 3450 524 attrabet
3488 481 3799 540 amatores,
3831 491 3929 528 aa-

2339 549 2553 635 thuam
2580 562 2703 604 cum
2752 564 2953 621 sponso
2978 565 3152 611 coeat.
3182 555 3289 613 Sed
3319 560 3471 616 multi
3510 562 3754 619 mulieris
3795 581 3925 635 spe-

2337 634 2471 689 ciem
2496 639 2851 697 mirahuntur.
2880 644 2947 699 Et
2965 647 3091 716 quid
3116 658 3226 702 tum
3241 651 3268 704 9
3288 650 3513 707 Etiamsi
3536 666 3683 709 easta
3720 634 3884 712 fuerit
3904 698 3923 725 ,

2334 727 2422 780 vix
2463 727 2681 797 effugiet
2708 735 2901 791 malam
2946 740 3348 809 suSpieionem;
3389 745 3473 800 sin
3502 749 3777 819 negligens
3808 751 3926 807 fue-

2334 818 2436 880 rit,
2462 820 2569 875 cito
2592 826 2865 894 capietur,
2892 842 3112 901 accepta
3150 833 3218 888 ab
3245 834 3337 889 illo
3364 835 3452 892 die
3484 818 3718 895 libidinis
3758 859 3923 899 occa-

2333 910 2504 965 sione.
2545 914 2792 970 Attamen
2829 932 2950 973 cum
2994 930 3137 976 tanta
3177 923 3303 981 liinc
3364 929 3499 983 mala
3544 932 3825 999 oriantur,
3874 937 3924 993 si

2332 1000 2547 1066 quando
2583 1003 2665 1058 his
2684 1004 3042 1077 abstineatur,
3058 1016 3441 1073 contumeliam
3480 1035 3594 1075 rem
3626 1022 3785 1079 istam
3825 1042 3929 1079 vo-

2329 1101 2455 1146 cant
2484 1094 2589 1159 illi,
2620 1098 2708 1166 qui
2740 1100 3020 1166 pecoribus
3059 1119 3168 1159 non
3198 1109 3449 1165 meliores
3476 1122 3634 1179 sunt,
3676 1126 3731 1169 et
3774 1116 3921 1171 indi-

2330 1197 2487 1252 guaiu
2518 1202 2632 1240 rem
2682 1199 2899 1257 putant,
2930 1194 2973 1246 si
3003 1196 3197 1251 mulier
3236 1198 3325 1253 illa
3350 1202 3533 1257 multis
3561 1221 3665 1259 non
3713 1207 3923 1275 produ-

2326 1283 2483 1368 catur
2509 1292 2683 1347 neque
2708 1295 2993 1339 commune
3014 1285 3276 1344 theatrum
3302 1295 3666 1361 spectantibus
3688 1309 3918 1368 pmstet.

2330 1363 2489 1434 Atqui
2528 1371 2764 1436 Oportuit
2808 1374 3118 1432 existimare
3163 1420 3184 1449 ,
3254 1385 3344 1441 illa
3392 1398 3648 1442 consueta
3689 1363 3917 1445 'contu-

2330 1456 2579 1522 metiam,
2633 1464 2800 1518 risum
2844 1473 2901 1520 et
2948 1469 3267 1526 commdiam
3321 1472 3537 1531 inferre.
3584 1477 3719 1533 Nam
3773 1495 3922 1535 nunc

2327 1559 2540 1640 qiunpie
2564 1550 2678 1605 scio
2706 1551 2819 1609 fore
2844 1565 2901 1610 ιιι
2930 1557 3080 1613 multi
3106 1574 3202 1615 nos
3224 1570 3284 1616 ut
3301 1563 3493 1619 stultos
3512 1575 3563 1621 et
3587 1569 3696 1621 risu
3721 1568 3922 1640 dignos

2330 1638 2634 1733 improbent
2679 1661 2696 1699 :
2733 1645 2829 1699 sed
2881 1646 3093 1704 irrideri
3142 1653 3351 1720 patiar,
3382 1654 3509 1710 dmn
3558 1659 3683 1715 hinc
3713 1638 3918 1733 aliquid

2328 1727 2459 1784 lucri
2509 1732 2791 1788 referatur.
2848 1737 3059 1793 Etenim
3129 1742 3384 1801 ridiculus
3423 1763 3634 1818 essent,
3682 1754 3728 1808 si
3787 1727 3918 1810 dum

2327 1816 2515 1875 hortor
2555 1833 2610 1875 ut
2642 1824 2783 1896 vulgi
2821 1826 2994 1896 gloria
3049 1830 3413 1903 despieTatur.
3440 1841 3552 1909 ipse
3593 1816 3722 1898 ante
3778 1847 3920 1901 alios

2327 1909 2430 1964 hoc
2486 1914 2677 1968 morbo
2717 1930 2957 1987 caperer.
3004 1921 3136 1978 Vide
3184 1941 3303 1995 quae
3343 1927 3467 1985 hinc
3519 1931 3777 2004 deinceps
3827 1952 3918 1991 se-

2324 2013 2557 2099 quatitur
2600 2022 2751 2062 :nou
2783 2011 2956 2065 solum
3007 2012 3281 2083 interdiu,
3325 2021 3421 2076 sed
3471 2024 3632 2079 etiam
3679 2042 3917 2099 vespere

2326 2093 2468 2148 viros
2494 2096 2673 2154 ebrios
2696 2110 2748 2155 et
2789 2102 2997 2161 deliciis
3026 2106 3274 2165 incensos
3292 2154 3309 2177 ,
3336 2114 3426 2185 qui
3452 2117 3516 2170 ad
3548 2093 3916 2177 formam—vir-

2323 2185 2461 2254 ginei
2510 2190 2682 2245 vultus
2728 2197 3162 2269 conspiciendam
3214 2216 3337 2259 sese
3385 2220 3667 2275 apparaut.
3724 2213 3918 2283 Neque

2323 2278 2466 2335 domi
2499 2290 2700 2337 tantmn
2725 2327 2740 2350 ,
2769 2287 2862 2340 sed
2890 2290 3049 2345 etiam
3082 2308 3177 2361 per
3202 2292 3375 2351 forum
3403 2299 3467 2352 ad
3496 2278 3915 2360 Osltmlalitmi'm

2322 2369 2609 2438 incedunt,
2640 2392 2762 2432 cum
2793 2380 2889 2435 lue.
2913 2381 3025 2437 ruis
3050 2383 3195 2439 illam
3229 2403 3440 2445 summo
3466 2408 3689 2463 vespere
3723 2401 3916 2453 tradu-

2321 2467 2629 2529 centes,'ut
2670 2481 2699 2520 a
2740 2471 2948 2525 cunctis
2985 2475 3381 2544 conspiciatur,
3422 2483 3550 2537 nihil
3594 2485 3737 2541 aliud
3784 2487 3915 2546 hinc

2321 2550 2644 2650 suadentes,
2676 2571 2833 2621 quam
2867 2568 2926 2613 ut
2959 2576 3173 2620 omnem
3220 2568 3307 2621 illa
3357 2571 3615 2640 pudorem
3648 2570 3915 2650 deinceps

2323 2650 2502 2741 ponat.
2529 2643 2731 2741 Eeqne
2761 2648 2845 2704 hic
2866 2652 3088 2721 gradum
3120 2656 3346 2724 sistunt,
3380 2663 3474 2718 sed
3514 2681 3633 2720 cum
3666 2643 3916 2741 turpibus

2321 2733 2499 2787 verbis
2528 2734 2669 2791 illam
2697 2738 2895 2797 ducunt
2926 2761 2939 2796 :
2965 2754 3018 2799 et
3044 2745 3148 2802 hoc
3173 2765 3385 2821 quoque
3417 2755 3466 2809 in
3503 2757 3672 2829 legem
3697 2733 3915 2821 transiit

2320 2828 2459 2925 apud
2489 2828 2701 2884 multos.
2732 2831 2800 2887 Et
2828 2834 3063 2905 fugitivi,
3097 2843 3423 2900 verberones
3452 2848 3753 2920 innumeri,
3788 2873 3915 2925 per-

2320 2917 2507 2971 niciosi
2554 2920 2586 2973 h
2612 2924 2798 2978 nmincs
2820 2940 2941 2981 cum
2976 2930 3186 2986 licentia
3213 2934 3431 2993 demum
3457 2943 3632 2997 omnia
3658 2917 3755 3014 pro
3785 2917 3911 3005 lilii-

2318 3004 2447 3061 diue
2472 3010 2767 3081 proferunt,
2791 3016 2903 3073 sive
2934 3019 2986 3073 in
3009 3021 3149 3076 illam
3176 3024 3293 3080 sive
3319 3028 3370 3083 in
3398 3004 3796 3101 sponsum'cum
3822 3042 3911 3097 illa

2322 3098 2714 3169 lmbitaturuxtt;
2757 3115 2812 3162 et
2857 3110 2987 3165 nihil
3019 3112 3345 3185 honestum,
3376 3098 3469 3177 sed
3505 3128 3676 3195 turpia
3724 3135 3911 3190 omnia

2319 3203 2368 3245 et
2413 3194 2764 3253 obscmnitate
2809 3202 2982 3269 plena.
3013 3207 3205 3263 Annon
3235 3212 3454 3281 probam
3482 3194 3743 3278 castitatis
3772 3226 3911 3281 doc-

2321 3282 2511 3339 trinam
2541 3288 2796 3359 percipiet
2821 3306 3040 3363 spousa,
3076 3298 3201 3354 talia
3235 3300 3443 3369 videns,
3478 3308 3601 3362 talia
3633 3312 3859 3370 audiens
3882 3318 3911 3372 ’ἔ

2318 3374 2384 3476 Et
2411 3389 2683 3476 certamen
2722 3384 2989 3451 quoddam
3020 3398 3102 3441 est
3126 3390 3445 3448 diabolicum
3474 3398 3611 3454 inter
3640 3417 3767 3469 eos,
3813 3411 3908 3476 qui

2316 3465 2383 3517 ad
2412 3467 2532 3520 talia
2554 3470 2926 3541 cohortantur,
2961 3487 3016 3531 ut
3042 3480 3132 3534 alii
3160 3481 3295 3537 alios
3325 3500 3579 3556 superent
3601 3465 3911 3561 opprobriis

2316 3567 2369 3660 et
2392 3560 2613 3660 impuris
2642 3564 2830 3630 dictis,
2856 3570 3008 3638 queis
3036 3586 3327 3642 praesentes
3356 3560 3684 3652 deturpant:
3717 3586 3912 3660 illique

2318 3652 2549 3751 victores
2580 3655 2882 3728 discedunt,
2924 3666 3011 3734 qui
3046 3670 3238 3737 probra
3270 3681 3323 3727 et
3353 3676 3518 3744 magis
3547 3679 3719 3751 turpia
3760 3652 3909 3740 dii-ta

2317 3746 2613 3815 projeccre.
2659 3751 2793 3809 Novi
2822 3756 3038 3826 quidem
3083 3776 3169 3815 me
3199 3764 3504 3835 molestum,
3536 3746 3826 3829 onerosum
3848 3789 3908 3831 et

2317 3837 2679 3908 importunum
2702 3860 2842 3913 esse,
2867 3850 2957 3919 qui
2986 3850 3107 3906 vita:
3143 3854 3468 3923 voluptatem
3498 3864 3780 3929 quamdam
3808 3868 3911 3922 ab-

2316 3930 2580 3989 seiudam.
2612 3933 2737 3989 ideo
2762 3936 2950 4000 doleo,
2983 3942 3123 4009 quod
3151 3956 3238 3998 res
3263 3955 3372 3999 tam
3403 3947 3628 4019 ingrata:
3655 3955 3909 4025 voluptas

2317 4034 2436 4075 esse
2464 4030 2735 4091 putentur.
2766 4026 3045 4093 Quomodo
3070 4072 3085 4095 ,
3109 4047 3293 4101 quarso
3313 4076 3327 4099 ,
3358 4052 3463 4091 non
3491 4041 3750 4109 ingratum
3786 4047 3909 4103 [αθ-

2318 4112 2405 4177 tit,
2433 4116 2768 4174 contumeliis
2794 4128 2849 4174 et
2893 4124 3099 4191 probris
3124 4127 3284 4193 allici,
3314 4138 3368 4184 et
3394 4130 3463 4185 ab
3499 4136 3746 4191 omnibus
3772 4156 3901 4192 cum

2316 4218 2508 4299 sponsa
2536 4206 2800 4265 dedecore
2837 4222 2888 4266 et
2916 4213 3199 4285 ignominia
3233 4221 3450 4276 notari?
3476 4223 3536 4278 Et
3564 4226 3609 4279 si
3638 4227 3810 4299 quispi
3848 4249 3905 4286 ui

2316 4310 2380 4350 ex
2432 4295 2545 4351 foro
2587 4301 2797 4371 conjugi
2831 4312 2934 4358 tua:
2978 4308 3347 4374 maledixetit.
3389 4295 3667 4371 innumera
3714 4295 3907 4374 nim-es

2316 4388 2563 4455 negotia,
2612 4399 2665 4443 et
2704 4408 2807 4446 non
2855 4394 3067 4449 vitalem
3113 4413 3234 4453 esse
3282 4400 3442 4457 \itaut
3483 4407 3794 4474 existimas;
3846 4424 3907 4467 et

2316 4478 2529 4533 civitate
2558 4491 2664 4537 tota
2700 4497 2961 4553 praesente
2999 4488 3125 4543 dum
3168 4494 3394 4561 turpiter
3421 4498 3535 4568 agis
3558 4515 3678 4554 cum
3723 4502 3903 4559 fumi-.1

2315 4570 2539 4639 conjuge
2562 4613 2576 4633 ,
2609 4575 2807 4642 gaudes
2834 4587 2889 4630 et
2917 4585 2969 4633 te
2997 4582 3276 4635 ostentus?
3300 4593 3353 4637 et
3379 4599 3591 4653 Quantae
3630 4590 3743 4644 Ita-c
3769 4607 3907 4649 sunt

2317 4661 2574 4717 insanias?
2600 4669 2667 4719 At
2690 4708 2707 4733 ,
2737 4670 2944 4739 inquies
2964 4714 2977 4735 ,
3009 4672 3123 4727 hate
3148 4689 3211 4727 ex
3234 4680 3618 4735 consuetudine
3646 4682 3796 4737 liunt.
3834 4687 3907 4743 Ει

2317 4753 2437 4809 ideo
2458 4757 2687 4812 maxime
2715 4758 2997 4830 lugendum
3019 4804 3035 4827 ,
3068 4764 3209 4833 quod
3237 4781 3348 4821 rem
3376 4768 3426 4820 in
3455 4775 3905 4832 consuetudinem

2314 4845 2638 4902 concluserit
2667 4851 2933 4909 diabolus.
2966 4856 3099 4923 Quia
3126 4857 3272 4911 enim
3301 4862 3500 4929 nuptia:
3531 4880 3616 4916 res
3644 4877 3767 4922 sunt
3801 4869 3905 4925 ho-

2316 4935 2572 4991 norabilis
2592 4978 2609 5002 ,
2639 4956 2758 5010 qua:
2800 4960 2966 5012 genus
2999 4960 3239 5002 nostrum
3268 4964 3547 5007 conscrvet
3574 4966 3625 5009 et
3661 4973 3857 5029 augeat
3881 5004 3904 5030 ,

2315 5034 2369 5080 et
2396 5028 2682 5084 multorum
2712 5034 2783 5088 sit
2805 5050 2967 5091 causa
2996 5038 3257 5092 basiorum
3275 5081 3290 5105 ,
3319 5040 3506 5098 dolore
3534 5028 3754 5105 affectus
3779 5028 3905 5107 tua;

2318 5116 2491 5200 lignus
2517 5122 2628 5187 ille,
2660 5132 2714 5179 et
2738 5127 2913 5183 sciens
2938 5128 3073 5181 illud
3102 5119 3553 5203 propugnaculum
3573 5156 3904 5202 essecontra

2315 5207 2719 5270 fornicationem
2738 5258 2754 5282 ,
2800 5218 2908 5273 alio
2939 5219 3027 5273 ille
3053 5220 3213 5274 modo
3242 5238 3457 5283 omnem
3486 5229 3905 5294 fornicationem

2318 5300 2539 5357 inducit.
2571 5304 2625 5359 lu
2650 5307 2844 5362 talibus
2867 5308 3008 5363 enim
3031 5311 3258 5368 coetibus
3278 5318 3458 5374 multa:
3475 5320 3710 5393 virgines
3734 5325 3912 5384 dede-

2316 5407 2444 5449 core
2486 5406 2610 5451 sunt
2652 5398 2875 5455 an‘ectm.
2906 5399 3056 5467 Quod
3090 5403 3133 5458 si
3176 5421 3283 5462 non
3311 5425 3554 5483 semper,
3590 5422 3647 5469 at
3684 5416 3909 5477 interim

2316 5486 2449 5542 satis
2477 5497 2557 5543 est
2587 5489 2847 5556 daemoni,
2876 5493 3017 5563 quod
3050 5494 3135 5550 illa
3168 5500 3327 5555 verba
3358 5512 3409 5557 et
3432 5504 3670 5573 improba
3690 5510 3909 5570 aintica

2317 5589 2370 5632 et
2396 5594 2647 5649 sponsam
2678 5582 3030 5650 traduxerim,
3059 5601 3109 5643 et
3141 5605 3400 5663 sponsum
3425 5608 3547 5649 cum
3577 5612 3768 5669 pompa
3803 5619 3911 5673 per

2318 5670 2490 5728 forum
2534 5674 2944 5731 transmiserint.
2998 5680 3197 5739 Deinde
3241 5687 3360 5753 quia
3413 5686 3527 5741 lucc
3576 5688 3627 5743 in
3676 5670 3911 5761 vespera

2320 5762 2494 5825 ﬁunt.
2524 5784 2589 5825 ne
2637 5770 2870 5827 tcncltrzn
2922 5775 3184 5830 malorum
3227 5777 3481 5835 horumce
3531 5786 3705 5839 ve‘um
3754 5799 3911 5854 suit,
