4070 6322
188 392 295 452 [03

183 545 424 600 lucernae
454 542 785 598 inducuntur
820 541 1028 603 multa},
1059 555 1177 609 qua:
1210 539 1596 609 turpitudinem
1620 541 1787 595 latere

181 652 300 691 non
355 634 556 690 sinunt.
604 634 744 700 Quid
795 632 937 687 enim
976 630 1076 685 sibi
1120 631 1233 685 \'ult
1284 631 1449 686 uudta
1479 632 1566 685 illa
1598 634 1790 685 turba?

178 726 319 796 quid
362 725 634 781 ebrietas?
682 724 806 794 quid
852 722 1079 777 fistulae?
1110 737 1288 777 nonne
1323 722 1498 791 palam
1539 731 1621 777 est
1674 722 1789 778 haec

179 816 484 884 adhiberi,
533 826 590 869 ut
646 831 713 869 ue
762 815 795 869 ii
833 814 1085 885 quidem,
1119 813 1207 883 qui
1254 814 1304 867 in
1352 814 1599 918 domibus
1625 824 1785 918 sunt,

177 911 343 980 gravi
371 923 563 964 somno
590 909 769 962 obruti
799 907 911 961 haec
942 906 1205 975 ignorent,
1238 906 1331 961 sed
1361 922 1391 959 a
1421 906 1611 960 listulis
1638 906 1787 962 exci-

181 1001 287 1053 tati
333 1010 387 1055 et
416 1014 651 1069 superne
681 1013 744 1052 ex
778 997 1032 1050 cancellis
1066 1011 1184 1051 sese
1223 996 1578 1099 inclinantes,
1624 1006 1787 1099 testes

180 1091 299 1143 sint
330 1090 474 1143 illius
498 1088 817 1143 commdi-x?
842 1087 978 1154 Quid
1006 1088 1207 1141 dixeris
1236 1088 1304 1141 de
1352 1087 1481 1156 ipsis
1524 1089 1782 1155 canticis,

182 1196 316 1247 qua:
361 1182 508 1234 omni
537 1182 693 1250 plena
738 1189 856 1232 Sunt
887 1178 1212 1246 impudicitia
1233 1219 1247 1241 ,
1278 1193 1503 1248 qumque
1526 1178 1785 1282 absurdus

184 1288 446 1343 amores,
477 1272 779 1341 illegitimos
807 1270 1140 1334 concubitus,
1170 1269 1452 1325 domorum
1480 1271 1785 1375 eversiones

180 1375 240 1419 ct
275 1365 586 1417 innumeras
612 1363 865 1417 inducunt
886 1362 1195 1433 tragoedias.
1226 1371 1283 1415 et
1309 1378 1451 1435 saepe
1479 1380 1671 1417 nomen
1699 1362 1782 1417 di-

186 1454 319 1508 lecti
360 1466 415 1508 et
446 1455 674 1507 amantis
706 1454 935 1517 habent,
968 1466 1268 1521 nomenque
1295 1452 1503 1508 dilectae
1528 1465 1587 1534 et
1636 1469 1783 1507 ama-

182 1547 287 1597 sia:
308 1546 334 1597 ἲ
370 1546 634 1611 Quodque
658 1543 874 1612 gravius
902 1553 1003 1605 est,
1045 1541 1128 1595 Itis
1156 1543 1352 1596 adsunt
1381 1546 1636 1614 virgines,
1663 1560 1782 1645 qum

184 1651 409 1688 omuem
440 1645 699 1689 exuerunt
733 1634 1007 1701 pudorem,
1040 1631 1094 1686 in
1124 1631 1379 1688 honorem
1408 1649 1641 1703 Sponsze,
1674 1636 1780 1687 imo

187 1728 247 1780 in
266 1724 687 1789 contumeliam;
719 1736 763 1778 et
794 1728 1024 1779 salutem
1056 1739 1209 1777 suam
1231 1724 1489 1791 produnt,
1526 1728 1770 1825 interque

183 1816 425 1882 juvenes
475 1815 729 1869 indecore
770 1831 829 1869 se
877 1822 1108 1883 gerunt,
1160 1813 1359 1881 ineptis
1405 1816 1691 1869 cantilenis
1719 1825 1773 1870 et

187 1908 381 1961 Verbis
400 1905 649 1975 turpibus
670 1921 790 1957 cum
813 1905 1053 1959 satauica
1078 1902 1397 1973 symphonia
1416 1914 1646 1961 utentes.
1670 1908 1765 1961 Ad-

183 1993 390 2057 hucue,
423 2008 626 2059 qua-su,
679 1992 979 2061 interrogas
1002 1992 1267 2045 undenam
1312 1994 1610 2049 adulteria?
1638 1996 1778 2051 unde

180 2082 606 2137 loruieationes?
633 2083 772 2135 unde
803 2083 1104 2149 nuptiarum
1136 2078 1508 2152 corruptiones
1528 2087 1551 2137 'l
1575 2088 1643 2141 At
1671 2104 1775 2140 non

179 2174 435 2241 ingenuae
462 2182 514 2225 t-t
542 2172 777 2224 honesta-
798 2212 811 2232 ,
845 2172 1052 2239 inquies
1073 2214 1086 2237 ,
1121 2173 1220 2226 hoc
1247 2173 1466 2229 faciunt.
1500 2174 1608 2230 Cur
1647 2193 1777 2245 ergo

178 2278 272 2315 me
325 2261 546 2322 irrides.
592 2277 711 2314 cum
759 2261 870 2328 ipse
904 2263 1039 2315 hanc
1085 2261 1254 2331 legem
1295 2273 1419 2319 ante
1463 2280 1549 2320 me
1597 2266 1776 2321 scias?

178 2355 318 2407 Nam
364 2355 407 2407 si
439 2354 576 2407 bona
616 2362 740 2406 sunt
785 2353 871 2406 illa
898 2394 913 2417 ,
956 2354 1074 2408 sine
1116 2353 1235 2407 illas
1274 2368 1485 2425 quoque
1512 2356 1562 2409 id
1591 2372 1771 2426 agere.

176 2446 321 2500 Num
365 2446 487 2514 quia
518 2446 619 2499 illc
648 2445 699 2498 in
730 2452 1044 2517 paupertate
1078 2445 1309 2498 vivunt?
1338 2461 1515 2501 nonne
1556 2458 1609 2502 et
1640 2448 1771 2518 ipsae

174 2540 419 2606 Virgines
444 2545 599 2602 sunt,
631 2536 853 2606 illasque
877 2537 1139 2592 castitatis
1166 2552 1348 2638 curam
1380 2540 1587 2640 habere.
1606 2556 1771 2640 opor-

172 2640 248 2682 tet
272 2630 296 2679 ?
327 2626 477 2681 Nunc
516 2636 694 2679 autem
715 2626 840 2679 dum
862 2626 1024 2681 saltat
1048 2626 1199 2696 virgo
1218 2684 1219 2687 η
1241 2627 1291 2680 iu
1316 2630 1588 2683 communi
1614 2630 1770 2734 thea:

171 2732 261 2773 Iro
285 2716 672 2786 impudictvrum
698 2716 971 2783 juveuum,
996 2732 1196 2781 annon,
1214 2733 1416 2786 qua-so,
1438 2720 1646 2775 ridetur
1675 2723 1770 2777 tibi

172 2813 258 2865 \‘el
292 2809 573 2864 meretrice
611 2808 982 2862 iubonestior?
1007 2807 1159 2876 Quod
1207 2811 1251 2863 si
1292 2811 1496 2866 dixeris
1540 2816 1769 2871 ancillas

173 2905 225 2958 id
260 2902 443 2957 facere
462 2943 477 2967 ,
506 2917 680 2972 nerine
707 2900 783 2956 sic
809 2901 967 2955 finem
995 2900 1134 2955 facio
1162 2912 1215 2957 te
1243 2906 1530 2961 accusandi
1556 2923 1570 2961 :
1596 2924 1771 2981 neque

169 2995 323 3049 enim
353 2993 456 3047 illis
482 2992 531 3047 id
563 2992 844 3061 oportebat
872 2992 1127 3063 permitti.

246 3085 305 3137 7.
335 3082 526 3138 Omnia
554 3084 697 3137 enim
730 3081 855 3136 hinc
881 3082 1020 3136 mala
1062 3084 1328 3149 oriuntur,
1358 3086 1500 3156 quod
1554 3088 1768 3145 familia:

171 3175 381 3228 nullam
422 3173 712 3227 habeamus
756 3173 1064 3239 rationem;
1096 3174 1187 3227 sed
1214 3175 1281 3229 ad
1329 3192 1442 3230 rem
1470 3176 1768 3247 despicien-

165 3269 301 3323 dam
347 3265 477 3320 satis
517 3272 601 3319 est
655 3264 867 3325 dicere.
912 3264 1111 3320 Servus
1156 3273 1274 3324 est.
1327 3268 1540 3322 ancillae
1570 3280 1698 3324 sunt
1742 3288 1758 3325 :

167 3357 387 3414 αἰτιωεί
414 3354 651 3425 quotidie
672 3354 889 3409 audiant
923 3376 937 3410 :
966 3353 1031 3408 ιιι
1058 3354 1259 3409 Christo
1286 3355 1412 3411 Jesu
1442 3376 1540 3412 non
1562 3377 1760 3427 servas,

169 3468 273 3505 non
305 3452 428 3503 liber
460 3458 531 3501 est
588 3446 730 3516 (Gal.
774 3448 827 3502 3.
875 3446 989 3517 28).
1022 3448 1102 3501 Tu
1133 3465 1259 3503 vero
1298 3466 1494 3519 equum
1546 3453 1761 3521 quidem

171 3558 281 3595 uon
323 3539 556 3607 despicis
586 3554 684 3593 m-c
713 3540 922 3591 asinum
950 3578 966 3601 ,
1018 3539 1110 3591 sed
1157 3539 1286 3593 nihil
1322 3557 1425 3593 non
1453 3543 1567 3612 agis
1611 3553 1667 3597 ut
1697 3560 1764 3600 ne

170 3631 349 3683 vitiosi
392 3631 560 3691 fiant;
606 3644 789 3682 servos
835 3638 1013 3681 autem
1060 3628 1293 3697 despicis
1336 3631 1521 3684 eadem
1553 3648 1655 3701 qua
1708 3643 1761 3687 tu

172 3719 428 3789 pneditus
454 3718 631 3770 anima
655 3718 677 3769 ?
708 3717 769 3769 Et
797 3718 922 3786 quid
954 3718 1074 3771 dico
1097 3734 1303 3783 SCI‘\OS,
1335 3722 1550 3788 quando
1598 3724 1759 3777 etiam

169 3825 223 3866 et
269 3811 409 3864 filios
436 3819 491 3863 et
521 3807 698 3861 tilias?
727 3808 862 3875 Quid
919 3824 1048 3861 vero
1096 3811 1325 3877 postea?
1354 3810 1589 3868 Necesse
1635 3825 1717 3869 est
1743 3856 1759 3879 ,

170 3912 231 3957 ut
253 3902 409 3957 dolor
437 3901 615 3955 statim
648 3901 856 3966 subeat,
889 3916 1009 3955 cum
1041 3901 1114 3955 illi
1147 3917 1334 3956 omnes
1364 3918 1576 3972 pessum
1598 3917 1757 3973 eant;

169 4008 317 4062 saepe
362 4001 540 4045 autem
597 3991 885 4045 maximum
935 4008 1147 4061 queque
1192 3993 1484 4061 damnum,
1537 4012 1659 4050 cum
1704 3998 1756 4052 in

171 4084 329 4138 turba
358 4093 415 4136 et
459 4082 687 4136 tumultu
732 4083 897 4135 multa
923 4098 1084 4136 aurea
1118 4085 1345 4150 pretiosa
1380 4097 1619 4155 pereant.
1654 4089 1755 4144 Dc-

170 4178 297 4232 inde
343 4186 465 4245 post
511 4174 724 4243 nuptias
772 4175 817 4228 si
861 4184 1017 4229 natus
1066 4174 1228 4229 fuerit
1271 4174 1476 4243 infans,
1508 4181 1754 4236 eamdem

170 4268 471 4322 ridebimus
519 4266 811 4319 amentiam
854 4274 909 4319 et
957 4267 1119 4318 nudta
1167 4266 1411 4337 symbola
1438 4270 1546 4323 risu
1576 4272 1752 4341 plena.

168 4360 301 4415 Nam
346 4374 471 4413 cum
516 4358 701 4412 infanti
733 4374 929 4412 nomen
961 4360 1237 4428 imponere
1266 4363 1597 4428 oportuerit,
1646 4380 1752 4419 non

167 4461 475 4506 sanctorum
504 4450 718 4515 nomine
751 4450 1024 4519 appellant
1048 4490 1062 4514 ,
1095 4459 1151 4502 ut
1196 4460 1406 4503 veteres
1433 4451 1559 4506 olim
1590 4452 1753 4509 facie-

171 4545 325 4607 bant;
356 4542 449 4596 sed
496 4542 735 4595 accensis
782 4540 1013 4595 lucernis
1046 4540 1240 4609 quibus
1269 4542 1485 4596 nomina
1518 4543 1748 4613 indunt,

171 4642 293 4688 nato
320 4646 516 4687 nomen
543 4631 731 4685 indunt
755 4631 893 4699 ejus,
924 4646 1041 4700 qua:
1069 4630 1270 4684 diutius
1298 4631 1471 4686 lucem
1501 4634 1710 4691 dederit
1733 4654 1748 4704 ;

171 4727 292 4781 hinc
317 4724 669 4795 conjicientes
690 4724 921 4777 futurum
950 4731 1004 4775 ut
1030 4721 1131 4822 diu.
1154 4724 1316 4776 vivat.
1350 4724 1550 4781 Deinde
1576 4728 1625 4828 si

168 4826 432 4870 maturum
457 4822 627 4868 morte
656 4812 853 4880 corripi
879 4812 1196 4881 contigerit,
1244 4822 1301 4865 ut
1341 4827 1484 4882 saepe
1512 4817 1747 4885 accidit,

169 4909 367 4962 multus
410 4916 663 4976 sequetur
683 4904 881 4959 diaboli
912 4904 1072 4970 risus,
1106 4902 1248 4973 quod
1279 4903 1401 4959 illos
1428 4922 1525 4961 ceu
1555 4910 1750 4966 stultos

170 5014 363 5068 pueros
388 4997 762 5053 ludiﬁcaverit.
1280 5090 1289 5099 '
1320 5091 1331 5101 .
1578 5095 1610 5105 Π

256 5090 525 5159 Ligamina
582 5101 628 5145 et
691 5089 1000 5159 crepitacula
1070 5090 1424 5156 superstitiosa
1449 5132 1464 5155 ,
1536 5095 1750 5163 alia'que

170 5180 561 5250 superstitiones.
586 5181 809 5246 —-Quid
861 5179 1057 5233 dixeris
1105 5181 1172 5285 de
1202 5178 1544 5281 ligaminibus
1578 5193 1639 5285 ,ει
1681 5186 1750 5240 de

169 5270 502 5339 crepitacillis
529 5270 709 5323 manui
736 5271 988 5340 appensis
1014 5279 1068 5325 et
1095 5270 1165 5325 de
1191 5272 1421 5325 stamine
1446 5274 1744 5379 coccineo,

171 5364 338 5432 deque
360 5362 477 5415 aliis
499 5360 683 5414 multis
707 5360 911 5416 insania
941 5361 1146 5431 plenis;
1171 5376 1291 5416 cum
1315 5367 1747 5469 oporteretonihi‘l

170 5453 309 5509 aliud
340 5466 505 5523 puero
544 5451 948 5519 circumponere
967 5494 982 5518 ,
1012 5470 1170 5523 quam
1200 5455 1375 5563 crucis
1401 5456 1749 5563 custodiam:

171 5544 205 5563 ιι
254 5560 312 5563 ν,
346 5554 515 5563 -υ.-..
549 5541 633 5563 ιε-
684 5538 890 5563 --.ΞᾸΑ-..
935 5542 1207 5563 ,1---ᾼ-.αε
1260 5554 1329 5563 _,.
1380 5546 1445 5563 ._I
1471 5548 1503 5563 ·.
1534 5562 1567 5563 ,,

170 5544 317 5599 Nunc
341 5554 519 5599 autem
549 5541 638 5596 hic
679 5538 893 5610 quidem
930 5542 1211 5613 despectui
1252 5554 1335 5600 est
1363 5544 1606 5612 habitus,
1654 5544 1750 5620 qui

169 5639 429 5693 convertit
457 5644 624 5690 totum
654 5632 838 5688 orbem
867 5642 1164 5701 terrarum,
1195 5644 1245 5689 et
1284 5650 1499 5705 gravem
1532 5638 1747 5694 diabolo

174 5732 376 5800 plagam
430 5729 627 5783 inflixit
658 5736 926 5795 totamque
954 5725 1070 5793 ejus
1107 5729 1405 5835 potentiam
1447 5732 1749 5835 subvertit:

174 5824 484 5894 subtegmcn
524 5830 701 5877 autem
731 5828 785 5875 et
827 5827 1031 5874 stamen
1072 5816 1286 5888 aliaque
1317 5819 1562 5891 ligamina
1594 5822 1741 5880 simi-

1302 388 1363 443 ΙΝ
1404 386 1618 442 EPIST.
1663 387 1680 442 l
1744 388 1834 442 AD
1869 388 2025 447 COR.
2066 392 2291 453 llOMlL.
2341 401 2450 459 ΧΠ.

3381 433 3474 489 lilii

1909 505 2006 572 lia,
2054 524 2115 563 ea
2146 525 2269 568 sunt
2308 520 2461 585 queis
2504 523 2738 581 creditur
2778 533 2927 599 pueri
2982 540 3161 595 tutela.
3222 544 3471 605 υιςειιωιξ

1895 596 2035 653 aliud
2062 604 2229 673 magis
2255 608 2573 667 ridiculum?
2599 614 2703 671 Sed
2732 635 2890 675 nemo
2932 642 3029 683 nos
3058 631 3471 700 importunitatis

1870 701 2132 758 accuset,
2163 695 2207 747 si
2248 713 2486 772 eousque
2512 708 2763 774 procedat
2791 716 2981 771 oratio.
3016 695 3145 775 Nam
3175 728 3261 794 qui
3294 742 3475 798 pume—

1897 776 1976 798 ..:_
2176 786 2207 798 .-
2434 793 2444 798 -

1891 776 2069 834 dinem
2105 786 2213 838 ruit
2248 793 2562 861 emundare,
2595 812 2701 854 non
2734 806 2999 863 recusabit
3026 812 3171 879 prius
3190 776 3473 888 inquinate

1894 884 2081 925 manus
2120 880 2263 931 atras.
2296 880 2556 947 Quidnam
2588 904 2716 961 ergo
2740 905 2821 949 est
2847 896 2948 953 hoc
2973 880 3288 963 ridiculum?
3318 912 3467 978 Quod

1892 963 2104 1030 quidem
2145 970 2275 1026 nihil
2302 988 2422 1031 esse
2466 980 2710 1049 videtur,
2741 989 2969 1062 ideoque
2992 998 3319 1069 ingemisco;
3374 1012 3469 1063 scd

1892 1064 1973 1107 est
2001 1059 2317 1131 principium
2350 1068 2570 1127 insanire
2598 1086 2650 1129 et
2678 1088 2933 1139 extremte
2960 1087 3247 1148 dementia:
3278 1098 3291 1126 ‘
3316 1138 3327 1152 .
3362 1098 3469 1152 Lu-

1894 1158 2001 1204 tum
2039 1154 2289 1211 mulit-res
2312 1160 2364 1214 in
2394 1162 2584 1221 balneo
2611 1172 2953 1241 accipientes,
2984 1186 3217 1239 nutrices
3244 1230 3258 1253 ,
3292 1199 3345 1244 et
3371 1208 3465 1245 anc

1889 1240 2058 1309 cillae,
2091 1245 2253 1317 digito
2281 1251 2542 1323 tingentes
2564 1301 2576 1321 ,
2608 1261 2661 1314 in
2704 1267 2854 1332 pueri
2901 1267 3075 1325 fronte
3119 1276 3424 1346 imprimunt
3455 1305 3466 1337 :

1890 1344 1943 1388 ct
1986 1337 2031 1391 si
2084 1342 2201 1410 quis
2248 1345 2570 1417 interroget,
2604 1354 2739 1421 Quid
2790 1359 2887 1415 sibi
2935 1365 3049 1419 vult
3092 1366 3287 1439 lutum,
3339 1380 3466 1446 quid

1888 1442 2099 1485 cmaum
2121 1434 2354 1492 Mlalum
2382 1446 2569 1499 avertit
2592 1449 2824 1516 oculum,
2852 1456 3111 1525 inquiunt.
3139 1463 3467 1538 livoremque

1888 1534 1939 1574 et
1970 1523 2243 1584 invidiam.
2280 1531 2387 1602 Pap
2408 1554 2455 1593 ιι,
2482 1551 2673 1605 quanta
2702 1546 2781 1595 vis
2811 1523 3149 1619 luti,quanta
3179 1560 3316 1611 (ξωηί
3362 1523 3449 1628 ιίυς

1888 1620 2091 1670 testas?
2121 1628 2331 1677 tantane
2354 1637 2407 1678 ut
2442 1637 2603 1684 totam
2635 1633 2831 1690 diaboli
2859 1642 3025 1698 aciem
3058 1650 3318 1721 proﬂiget.
3351 1655 3464 1710 Non

1888 1706 2110 1773 pudore,
2140 1728 2340 1779 quteso,
2378 1721 2802 1781 sull'undemini?
2834 1746 2937 1785 non
2969 1736 3049 1790 vel
3082 1753 3204 1795 sero
3254 1746 3463 1801 tandem

1885 1799 2077 1855 diaboli
2131 1803 2349 1874 laqueos
2406 1813 2744 1884 intelligetis,
2803 1828 3071 1891 quomodo
3125 1834 3192 1887 ab
3248 1837 3463 1897 ineunte

1883 1898 2041 1945 artate
2086 1896 2361 1952 machinas
2386 1917 2509 1957 suas
2558 1907 2805 1977 paulatim
2840 1913 3089 1970 inducat?
3115 1922 3246 1977 Nam
3293 1928 3338 1982 si
3382 1931 3465 1982 lu-

1887 1990 1995 2032 tum
2026 1983 2125 2038 huc
2153 1986 2331 2052 faciat,
2362 2008 2456 2045 cur
2483 2011 2584 2047 nou
2620 2007 2675 2051 tu
2725 2001 2774 2053 in
2806 2003 2979 2060 fronte
3009 2018 3091 2062 tui
3128 2014 3352 2085 idipsum
3383 2022 3464 2075 fa-

1883 2072 1997 2133 cis,
2030 2089 2149 2128 cum
2196 2078 2275 2131 vir
2302 2083 2375 2136 sis
2403 2093 2457 2137 et
2505 2088 2657 2153 plena
2700 2102 2890 2158 actate,
2916 2107 2965 2153 et
3008 2101 3285 2172 plusquam
3334 2127 3463 2180 puer

3008 2161 3020 2169 .
3148 2161 3157 2172 .
3334 2161 3346 2180 .
3377 2161 3451 2168 w-

1883 2161 2090 2219 invidos
2120 2166 2357 2225 habeas?
2380 2190 2477 2228 cur
2505 2194 2610 2231 non
2640 2182 2749 2236 luto
2800 2187 2960 2243 illinis
3011 2203 3178 2249 tilum
3226 2217 3417 2273 corpus
3442 2212 3463 2259 1'

1882 2268 2002 2308 nam
2032 2257 2075 2311 si
2109 2258 2160 2313 in
2191 2260 2369 2319 fronte
2400 2276 2599 2324 tantam
2626 2271 2782 2330 habet
2812 2282 3083 2346 \‘irlttlcm.
3118 2305 3213 2343 cur
3252 2310 3357 2348 non
3412 2311 3463 2354 to

1880 2355 2047 2403 totum
2078 2352 2189 2407 luto
2217 2357 2464 2429 inungis?
2497 2363 2618 2418 llmc
2644 2378 2767 2423 sunt
2796 2372 2933 2428 risus
2958 2388 3011 2431 et
3035 2386 3293 2439 comoedia
3325 2402 3459 2444 sata—

1878 2440 1995 2494 nica
2024 2484 2037 2503 ,
2068 2460 2188 2514 quae
2215 2464 2319 2502 non
2345 2452 2410 2506 ad
2440 2454 2739 2514 irrisionem
2770 2470 2973 2521 tantum
3000 2509 3014 2534 ,
3042 2474 3137 2527 sed
3169 2478 3233 2531 ad
3259 2482 3457 2549 gehen-

1878 2545 1999 2586 nam
2060 2538 2355 2602 prtecipitat
2408 2562 2500 2597 eos
2541 2551 2627 2616 qui
2689 2552 3043 2625 decipiuntur.
3102 2568 3261 2625 Certe
3320 2579 3457 2644 quod

1878 2623 2013 2644 ..-μὶ
2048 2626 2085 2644 Π
2110 2643 2116 2644 κ
2299 2639 2308 2644 ‘
2352 2634 2384 2644 "
2452 2636 2476 2644 "
2677 2642 2684 2644 ’

1876 2623 2014 2691 apud
2046 2626 2263 2683 Grmcos
2296 2634 2414 2687 talia
2446 2636 2592 2701 ﬁant,
2618 2623 2824 2698 mirumv
2839 2665 2943 2703 non
2966 2663 3083 2720 est;
3113 2662 3255 2728 quod
3279 2623 3457 2721 aliti-ru

1875 2714 2012 2783 apud
2043 2733 2137 2772 eos
2164 2722 2253 2788 qui
2278 2738 2491 2782 erucem
2521 2729 2744 2787 adorant
2772 2776 2786 2799 ,
2828 2747 2880 2792 et
2906 2748 3279 2810 mysteriorum
3308 2770 3457 2811 arca-

1876 2822 2065 2863 norum
2113 2814 2401 2883 participes
2426 2832 2545 2873 sunt
2572 2864 2589 2887 ,
2618 2833 2671 2880 et
2714 2835 2857 2883 tanta
2909 2831 3372 2913 phil050pliantur,
3403 2850 3453 2902 id

1872 2910 2017 2955 certe
2058 2906 2236 2960 multis
2268 2906 2518 2979 lacrymis
2543 2923 2623 2968 est
2653 2917 2891 2986 dignum.
2939 2926 3079 2983 Deus
3109 2906 3158 2986 te
3191 2951 3457 3005 unguento

1872 2995 2136 3063 spirituali
2164 2998 2467 3067 honoravit,
2497 3018 2549 3061 rt
2577 3018 2627 3062 tu
2664 3012 2773 3065 luto
2798 3016 2963 3071 lilium
2993 3021 3286 3094 deturpas?
3317 3035 3455 3091 Deus

1875 3095 1927 3143 te
1950 3088 2224 3147 decoravit
2248 3134 2261 3158 ,
2293 3105 2341 3149 et
2376 3104 2429 3150 tu
2456 3100 2682 3169 teipsum
2708 3104 3040 3167 dedecoras?
3068 3125 3121 3169 et
3144 3133 3263 3175 cum
3296 3120 3453 3193 opor-

1874 3184 2011 3233 teret
2033 3181 2083 3233 in
2108 3180 2284 3240 fronte
2310 3201 2521 3243 crucem
2543 3192 2881 3267 adscribere,
2905 3218 3023 3271 qua:
3040 3207 3449 3279 insuperabilrm

1875 3271 2091 3325 tutelam
2120 3275 2360 3342 pmbct;
2395 3292 2448 3334 tu
2476 3282 2558 3336 his
2598 3286 2832 3344 dimissis
2860 3294 2911 3348 in
2940 3301 3229 3357 satanicam
3263 3322 3453 3364 anien-

1874 3360 1997 3416 tiam
2025 3364 2266 3421 decidis?
2291 3369 2343 3424 Si
2364 3372 2556 3441 quibus
2576 3386 2753 3434 autem
2775 3381 2887 3439 lucc
2902 3402 3062 3456 parra
3092 3409 3210 3450 esse
3234 3398 3454 3456 videan-

1872 3463 1991 3521 tur,
2020 3457 2228 3521 discant
2273 3463 2324 3517 id
2365 3480 2486 3522 esse
2531 3486 2840 3540 magnorum
2883 3496 3100 3537 eattsam
3144 3490 3402 3548 malorum
3434 3540 3449 3561 ,

1871 3566 2043 3619 neque
2065 3553 2229 3609 Paulo
2249 3558 2420 3613 visum
2444 3561 2605 3619 fuisse
2636 3580 2794 3633 parva
2818 3574 3104 3643 negligere.
3123 3582 3258 3646 Quid
3282 3588 3448 3655 enim,

1867 3658 2070 3710 qumso,
2104 3648 2280 3703 minus
2304 3661 2405 3716 est,
2434 3669 2592 3722 quam
2617 3666 2671 3710 ut
2701 3660 2859 3713 homo
2886 3678 3043 3734 caput
3072 3672 3317 3739 operiat?
3342 3679 3446 3734 Sed

1871 3734 1987 3788 ride
2012 3746 2261 3804 quantam
2295 3740 2452 3809 hujus
2481 3744 2556 3797 rei
2582 3761 2763 3801 curam
2790 3751 3014 3820 habeat,
3037 3768 3229 3817 etcum
3251 3781 3446 3835 quanta

1870 3825 2147 3891 prohibeat
2176 3829 2509 3885 vehementia
2532 3874 2548 3900 ,
2600 3844 2708 3890 tum
2736 3841 2837 3893 alia
2877 3845 3035 3898 multa
3067 3849 3283 3920 dicens,
3336 3868 3443 3913 tum

1868 3916 2006 3982 quod
2038 3929 2196 3983 caput
2216 3935 2369 3999 suum
2392 3923 2716 3983 dehoneSIct
2740 3931 2786 4001 (l
2825 3932 2940 3989 Cor.
2965 3937 3049 3992 Η.
3074 3939 3149 4010 4).
3182 3942 3236 3996 Si
3263 3916 3440 4001 autem

1865 4010 1955 4079 qui
2004 4012 2130 4078 tegit
2188 3996 2341 4080 caput
2370 4054 2386 4080 ,
2432 4017 2604 4085 ipsum
2653 3996 3003 4092 dehonestat;
3036 4033 3124 4100 qui
3164 4033 3272 4090 luto
3313 4040 3438 4093 illud

1868 4100 2014 4171 ungit
2040 4143 2053 4164 ,
2101 4104 2370 4171 quomodo
2398 4124 2503 4162 non
2533 4126 2755 4178 puerum
2783 4118 2955 4173 reddit
2980 4122 3391 4185 abominandum
3418 4134 3441 4185 ’ἒ

1862 4190 2149 4259 quomodo,
2180 4210 2383 4264 quwso,
2416 4199 2634 4255 adducit
2662 4219 2782 4258 cum
2814 4208 2879 4261 ad
2910 4226 3098 4267 manus
3118 4221 3443 4277 sacerdotis?

1861 4284 2129 4349 quomodo
2156 4289 2409 4354 precaris,
2438 4300 2495 4343 ut
2521 4296 2815 4364 presbyteri
2847 4314 3003 4354 manu
3028 4305 3354 4373 signaculum
3382 4323 3435 4368 in

1861 4369 2035 4427 fronte
2058 4388 2361 4443 apponatur
2389 4418 2403 4441 ,
2456 4382 2542 4435 ubi
2574 4384 2682 4436 ltttu
2712 4390 2947 4445 tinxisti?
2970 4393 3075 4457 Ne,
3106 4396 3298 4455 fratres
3320 4445 3335 4462 .
3375 4423 3441 4460 ne

1861 4462 1976 4518 htec
1998 4465 2237 4533 faciatis;
2271 4471 2365 4524 sed
2390 4474 2458 4526 ab
2486 4474 2699 4531 ineunte
2725 4490 2881 4535 :etate
2904 4500 3093 4551 pueros
3142 4492 3430 4558 spirituali-

1859 4556 1961 4613 bus
2006 4559 2171 4613 armis
2219 4563 2455 4627 munite,
2485 4574 2540 4619 et
2569 4566 2759 4623 docete
2783 4586 2875 4625 eos
2898 4589 3056 4629 manu
3105 4577 3331 4637 frontem
3360 4603 3402 4638 si
3421 4616 3435 4625 -

1858 4663 2057 4717 gnare;
2090 4652 2249 4706 etiam
2278 4654 2425 4722 prius
2449 4672 2606 4726 quam
2655 4662 2853 4728 possint
2893 4665 2995 4721 hoc
3034 4684 3192 4725 manu
3222 4671 3394 4729 facere
3420 4717 3436 4742 ,

1861 4754 1954 4793 vos
1981 4740 2078 4807 ipsi
2108 4740 2188 4797 eis
2213 4756 2425 4798 crucem
2457 4746 2767 4815 imprimite.

1929 4832 2269 4903 Prw/irarum
2305 4853 2443 4891 usus.
2466 4842 2688 4907 —Quid
2718 4843 2916 4900 dixeris
2943 4850 3009 4902 de
3036 4851 3153 4905 aliis
3183 4858 3432 4943 satanicis

1858 4926 2323 4983 observationibus
2368 4931 2419 4983 in
2462 4931 2733 4988 doloribus
2763 4939 2897 4991 uteri
2925 4950 2979 4993 et
3014 4942 3065 4996 in
3094 4948 3244 5012 partu
3276 4935 3432 5003 adbi-

1856 5017 2003 5084 bitis,
2027 5034 2159 5087 quas
2179 5020 2497 5076 obstetrices
2521 5024 2572 5077 in
2600 5028 2788 5095 capitis
2809 5033 2889 5085 sui
2914 5034 3107 5087 malum
3138 5037 3391 5097 inducunt
3410 5046 3436 5099 ἲ

1857 5108 1926 5165 de
1980 5109 2047 5164 iis
2090 5110 2214 5165 item
2244 5126 2362 5181 quae
2403 5114 2453 5167 in
2487 5124 2658 5171 morte
2681 5157 2698 5183 ,
2737 5128 2788 5173 et
2822 5137 2941 5175 cum
2973 5140 3166 5195 corpus
3210 5131 3427 5190 effertur

1857 5201 2213 5269 adhibentur;
2242 5204 2469 5274 cjulatus
2498 5224 2688 5278 nempe
2709 5254 2723 5276 ,
2756 5215 2998 5282 planctus
3030 5217 3197 5275 insani
3225 5266 3239 5289 ,
3271 5231 3432 5283 stulta

1857 5292 1909 5346 in
1950 5295 2206 5363 sepulcris
2249 5298 2501 5365 admissa,
2530 5303 2668 5354 circa
2698 5316 3033 5361 monumenta
3066 5313 3320 5383 studium,
3347 5320 3432 5374 in-

1858 5387 2234 5453 tempestivum
2276 5398 2330 5442 et
2376 5390 2656 5446 ridiculum
2688 5395 3019 5462 prwlicarum
3050 5418 3238 5472 agmen
3263 5449 3278 5473 ,
3314 5411 3430 5465 die-

1858 5490 1974 5529 rum
2001 5476 2423 5545 observationes,
2455 5496 2659 5537 necnon
2686 5484 2956 5553 ingressus
2985 5500 3037 5544 et
3074 5495 3287 5549 exitus?
3320 5499 3425 5553 llo-

1861 5585 2046 5622 I'tuuue
2070 5609 2085 5633 ,
2136 5588 2316 5637 qua-so
2342 5612 2355 5633 ,
2387 5574 2599 5627 venaris
2624 5573 2888 5638 gloriam?
2924 5589 2977 5634 et
3003 5585 3270 5650 quomodo
3317 5590 3429 5646 lnec

1914 5699 1941 5777 il
1960 5697 2050 5747 Hic
2073 5699 2211 5777 locus
2234 5703 2319 5777 Isle.
2342 5701 2504 5770 habel_
2518 5699 2583 5777 in
2600 5717 2696 5751 uno
2724 5704 2885 5777 Reg;
2919 5706 3055 5774 Quod
3080 5707 3273 5777 quidem
3300 5711 3425 5777 nihil

1850 5758 2023 5809 habere
2050 5759 2168 5810 mali
2194 5761 2663 5831 plerisquevt'delur,
2692 5768 2776 5814 sed
2795 5758 2867 5817 ’ἔα
2886 5758 3177 5831 principium
3202 5758 3426 5822 incredu;

1854 5820 2024 5882 litatis,
2045 5826 2091 5873 et
2113 5820 2343 5875 extretnw
2358 5820 2611 5876 dementia;
2639 5820 2773 5888 aput.
