4070 6322
592 366 691 424 107

593 494 700 535 non
726 485 978 535 extremm
1011 472 1297 531 dementia:
1325 470 1559 540 fuerint,
1591 472 1863 527 hominum
1892 474 1963 527 ita
1997 477 2177 526 mente

592 584 970 647 mrroptorum
992 582 1050 630 et
1072 572 1250 628 omnia
1278 580 1483 626 temere
1500 570 1770 641 agentium
1791 568 2011 656 gloriam
2032 580 2177 637 qua!-

591 681 735 734 rere,
755 682 879 723 eum
903 674 1179 736 oporteret
1203 678 1417 733 semper
1440 662 1509 717 ad
1543 662 1837 717 insomnem
1878 659 2025 714 illum
2041 672 2164 713 corr

591 763 776 831 [tngere
804 758 1022 815 oculum
1042 799 1058 823 ,
1086 765 1143 813 ct
1166 757 1283 827 ejus
1307 755 1629 812 sententiam
1660 762 1963 824 spectantes
1992 749 2171 807 omnia

591 856 771 908 tacete
814 866 880 907 ac
901 849 1130 905 dicere!
1158 848 1220 903 lli
1244 856 1391 903 certe
1416 846 1627 902 etiarnsi
1654 844 1892 908 laudent,
1919 841 2051 898 nihil
2078 855 2174 896 vos

587 946 775 1015 jnrare
805 950 1061 1014 poterunt
1087 958 1101 995 ε
1126 941 1215 997 ille
1239 955 1386 1005 vero,
1409 940 1455 996 si
1475 949 1623 1007 gesta
1649 946 1829 992 nostra
1853 935 1954 1005 ipsi
1975 934 2173 989 fuerint

1369 360 1426 417 S.
1457 358 1735 417 JOANNIS
1768 354 2248 416 ειιιιιῐεοετυιιι
2284 357 2605 419 ARGlllEP.
2642 362 3171 422 CONSTAlNTlNOP.

2281 482 2498 543 accepta
2524 515 2541 541 ,
2589 486 2646 531 et
2693 475 2782 534 hic
2813 478 3126 548 splendidos
3157 482 3344 539 reddet
3394 485 3525 541 etin
3564 483 3643 539 fut
3667 502 3742 539 ro
3773 492 3865 543 die

2278 578 2472 620 arcana
2523 566 2609 622 illa
2660 567 2799 624 bona
2844 572 3045 629 tribuet
3087 592 3100 627 :
3148 592 3267 645 qua:
3295 593 3396 635 nos
3434 594 3622 634 otiines
3646 582 3865 649 assequi

2279 657 2549 729 contingat
2569 700 2588 724 ,
2620 662 2789 731 gratia
2820 673 2875 719 ct
2907 664 3243 738 benignitate
3276 671 3486 727 Domini
3523 674 3689 727 nostri
3733 673 3867 728 .lesu

2278 746 2516 813 Christi,
2548 752 2761 821 quicum
2796 753 2938 810 Patri
2960 765 3016 811 et
3064 773 3165 811 uua
3192 757 3412 829 Spiritui
3439 773 3625 817 sancto
3665 762 3862 833 gloria,

2280 839 2472 911 honor,
2496 843 2801 914 imperium,
2827 862 2964 905 nunc
2980 858 3282 924 ctsemper,
3305 864 3361 909 et
3385 856 3437 909 in
3462 856 3660 912 ssecula
3682 872 3861 912 suaru-

2278 933 2474 988 lorum.
2505 935 2698 993 Amen.

1916 1112 2265 1177 HOMILIA
2310 1112 2484 1176 XIII.

584 1277 713 1333 Cu.
743 1276 797 1333 ι.
829 1289 883 1332 ν.
916 1274 1002 1331 10.
1049 1270 1160 1328 Nos
1198 1270 1338 1327 stulti
1368 1278 1571 1341 propter
1614 1268 1869 1324 Cltristmn
1902 1263 2162 1335 (necesse

578 1340 581 1341 ν
653 1370 797 1427 enim
838 1376 923 1423 est
952 1351 1078 1421 hinc
1118 1379 1329 1419 rursum
1358 1340 1661 1417 semionem
1706 1357 2052 1424 resumere);
2084 1368 2169 1407 vos

652 1468 823 1513 autem
853 1456 1127 1527 prudentes
1149 1456 1203 1507 in
1229 1452 1431 1509 Christo
1460 1466 1479 1505 :
1508 1467 1600 1503 nos
1644 1446 1855 1516 inﬁrmi,
1887 1462 1974 1499 vos
2003 1453 2173 1497 autem

656 1556 851 1622 fortes;
877 1564 965 1602 vos
987 1545 1219 1617 gloriosi,
1248 1560 1342 1597 nos
1367 1551 1538 1595 autem
1558 1537 1783 1611 inglorii.

653 1646 715 1700 1.
757 1642 1049 1711 Postquam
1075 1640 1337 1710 gravitate
1380 1634 1547 1691 multa
1576 1646 1879 1689 sermonem
1916 1630 2170 1699 impleve-

582 1747 689 1802 rat,
736 1733 790 1789 id
828 1731 970 1804 quod
1017 1731 1163 1786 omni
1210 1728 1438 1808 crimine
1481 1726 1743 1797 majorem
1772 1722 2025 1779 inferebat
2059 1723 2172 1791 pla-

579 1842 726 1897 gam,
759 1824 847 1879 bic
875 1837 998 1878 cum
1027 1821 1288 1892 d’guitate
1320 1820 1418 1876 sibi
1454 1816 1771 1889 congruenti
1796 1814 1900 1870 hoc
1929 1822 2122 1867 tractat
2150 1826 2167 1866 :

581 1929 787 1974 etcum
820 1916 1066 1980 dixisset,
1108 1913 1237 1970 Sine
1263 1908 1407 1966 nobis
1443 1908 1736 1983 regnastis;
1774 1916 1851 1973 et,
1898 1901 2036 1959 Deus
2078 1919 2170 1957 nos

583 2010 884 2064 novissimos
935 2004 1175 2069 ostendit,
1227 2012 1487 2072 tamquam
1528 2008 1679 2053 morti
1721 1996 2029 2059 destinatos;
2074 2008 2172 2064 per

580 2100 860 2171 sequentia
900 2097 1136 2153 ostendit
1163 2094 1437 2166 quomodo
1485 2088 1643 2148 morti
1673 2088 1925 2145 destinati
1963 2095 2167 2153 essent,

580 2191 769 2249 dicens
794 2208 811 2247 :
843 2190 955 2246 Nos
995 2189 1137 2244 stulti
1164 2197 1211 2242 et
1245 2186 1440 2256 inﬁrmi
1463 2195 1511 2240 et
1540 2183 1768 2256 inglorii,
1798 2182 1887 2237 ii.
1926 2190 1974 2234 et
2001 2182 2168 2234 esuri-

581 2301 693 2339 mus
721 2293 769 2339 ct
793 2283 1013 2347 sitintas,
1042 2290 1089 2334 et
1117 2279 1241 2333 nudi
1268 2294 1464 2344 suum,
1492 2289 1542 2331 et
1580 2275 1810 2345 colaphis
1832 2273 2095 2333 ca'disnur,
2121 2279 2171 2324 et

581 2372 841 2430 instabiles
879 2387 1072 2434 seruus,
1111 2368 1201 2423 l2.
1238 2379 1285 2423 et
1319 2366 1607 2422 laboramus
1644 2374 1909 2437 operarius
1935 2364 2170 2417 omnibus

582 2465 775 2526 nostris,
802 2475 821 2517 :
848 2478 969 2533 qua:
1007 2460 1199 2516 indicia
1230 2474 1355 2514 rere
1382 2468 1536 2514 erant
1559 2457 1839 2513 doctorum
1870 2465 1925 2512 ct
1947 2464 2169 2525 aposto-

582 2556 779 2611 lorum.
797 2555 867 2608 At
892 2553 965 2608 illi
993 2552 1045 2608 in
1062 2547 1347 2605 contrariis
1370 2550 1533 2603 altum
1552 2548 1854 2619 sapiebsut,
1883 2547 1935 2601 in
1960 2545 2170 2615 sapien-

573 2649 676 2708 tia,
710 2647 761 2700 in
785 2643 977 2715 gloria,
1006 2642 1060 2697 in
1084 2641 1309 2708 divitiis,
1340 2641 1482 2711 quod
1511 2640 1921 2693 bonorarentur.
1951 2634 2017 2691 Ut
2041 2648 2173 2703 ergo

584 2740 797 2793 illormn
817 2739 1009 2793 fastum
1040 2736 1325 2805 deprimat,
1352 2745 1404 2787 et
1426 2730 1678 2786 ostendat
1700 2730 1752 2783 in
1784 2727 1851 2783 iis
1881 2743 1987 2783 nun
2010 2726 2171 2781 modo

584 2845 691 2885 non
716 2827 957 2899 gloriari,
983 2826 1078 2880 sed
1104 2824 1265 2879 etiam
1292 2821 1496 2891 pudore
1524 2820 1663 2875 allici
1694 2828 1963 2889 oportere,
1998 2817 2170 2888 primo

584 2923 706 2978 illos
734 2918 966 2975 traducit
989 2917 1196 2983 dicens,
1222 2915 1348 2987 Sine
1386 2912 1528 2968 nobis
1556 2912 1825 2983 regnaslis.
1871 2910 1984 2980 Ego
2025 2908 2168 2964 enim

582 3012 723 3074 dico,
758 3008 948 3079 inquit,
978 3020 1215 3078 pmsens
1244 3016 1455 3072 tempus
1480 3020 1586 3059 non
1611 3003 1832 3055 honoris
1854 3015 2029 3069 neque
2050 3000 2170 3069 glo-

584 3102 677 3156 ria:
704 3091 857 3165 esse,'
879 3099 1032 3169 queis
1061 3113 1156 3151 vos
1198 3092 1471 3157 frnimini:
1513 3092 1609 3147 sed
1642 3090 2075 3162 persequutionis
2117 3096 2171 3142 et

581 3192 1061 3257 contumeliarum,
1088 3202 1223 3261 quas
1270 3203 1367 3242 nos
1411 3186 1657 3256 patimur.
1688 3183 1839 3251 Quod
1882 3182 1928 3237 si
1954 3182 2056 3236 hoc
2098 3180 2169 3235 ita

584 3301 691 3339 non
722 3283 811 3345 sit,
840 3283 939 3337 etsi
962 3281 1072 3351 jam
1103 3289 1312 3348 tempus
1333 3276 1781 3332 remunerationis
1805 3274 1894 3340 sit,
1928 3282 1987 3327 ut
2014 3270 2171 3327 video

586 3378 715 3447 (hoc
752 3385 933 3430 atatem
958 3387 1052 3443 per
1083 3373 1309 3426 ironiam
1349 3369 1524 3440 dicit),
1556 3382 1652 3422 vos
1682 3366 1897 3438 quidem
1922 3364 2167 3435 discipuli

581 3469 698 3539 jam
732 3466 1032 3535 regnastis;
1067 3478 1166 3516 nos
1205 3471 1381 3515 autem
1427 3459 1676 3514 doctores
1703 3466 1757 3512 et
1802 3456 2050 3526 apostoli,
2078 3454 2168 3524 qui

584 3567 717 3613 ante
766 3570 957 3613 omnes
1005 3551 1311 3608 memcdem
1358 3550 1604 3619 accipere
1657 3547 2005 3610 debebamus,
2062 3560 2167 3599 non

583 3649 747 3705 modo
772 3645 926 3703 vobis
966 3644 1295 3717 posteriores
1333 3657 1537 3706 sumus,
1581 3640 1676 3696 sed
1723 3640 1884 3695 etiam
1916 3649 1972 3692 nt
2010 3640 2169 3694 morti

586 3742 861 3806 destinati,
902 3740 953 3793 id
982 3748 1065 3793 est
1105 3735 1369 3799 damnati,
1408 3748 1622 3803 semper
1662 3732 1715 3786 in
1756 3731 2065 3803 ignominia,
2116 3731 2168 3784 in

595 3832 870 3904 periculis,
901 3831 951 3883 in
979 3828 1119 3882 fame
1152 3827 1415 3897 degimus,
1447 3822 1769 3879 contumelia
1811 3823 1988 3876 allecti
2031 3832 2169 3875 tam-

585 3940 745 3994 quam
791 3922 959 3987 stulti,
1006 3919 1141 3989 pulsi
1194 3927 1251 3972 et
1306 3916 1660 3970 intolerabilia
1704 3915 1984 3983 patieMcs.
2046 3913 2170 3969 llzec

588 4029 753 4083 porro
778 4012 1010 4085 diccbat,
1044 4019 1098 4062 ut
1126 4024 1193 4062 ex
1224 4007 1289 4062 iis
1316 4006 1663 4076 persuaderet
1693 4006 1842 4075 ipsis,
1869 4005 2009 4075 quod
2040 4021 2171 4076 apo-

586 4107 850 4161 stolorum
881 4112 1029 4174 gesta
1058 4102 1319 4156 deberent
1345 4099 1604 4162 :cmulari,
1631 4095 1866 4168 pericula
1897 4114 2091 4167 nempe
2116 4108 2172 4153 et

592 4196 970 4257 contumelias.
1024 4209 1130 4248 non
1161 4203 1338 4248 autem
1372 4192 1627 4245 honorem
1674 4199 1727 4245 et
1763 4190 1985 4261 gloriam
2018 4205 2032 4243 :
2066 4206 2169 4244 non

589 4288 735 4343 enim
780 4287 889 4350 illa,
929 4284 1023 4339 sed
1054 4284 1169 4339 ha‘c
1199 4282 1430 4352 postulat
1474 4281 1797 4351 prtedicatiu.
1827 4281 1930 4336 Sed
1959 4282 2059 4336 hoc
2089 4294 2171 4335 ta-

592 4394 715 4434 nn-n
747 4392 850 4429 non
881 4376 1086 4428 directe
1112 4374 1265 4438 dicit,
1298 4382 1356 4426 ιιι
1385 4389 1451 4426 ne
1481 4372 1725 4425 videatur
1756 4373 1885 4434 ipsis
1915 4372 2173 4438 molestus

588 4486 746 4532 esse;
774 4468 869 4523 sed
900 4476 959 4521 nt
988 4467 1136 4521 illum
1166 4465 1414 4531 decebat,
1444 4465 1522 4519 sic
1552 4474 1742 4518 tractat
1772 4464 1908 4520 hanc
1934 4466 2175 4535 increpa-

592 4565 812 4618 tioucm.
862 4560 993 4615 Nam
1038 4560 1081 4613 si
1134 4559 1337 4613 directe
1378 4572 1679 4612 sermonem
1730 4557 2045 4624 induxisset,
2094 4561 2172 4613 sic

592 4657 832 4708 tllt'ltll‘lls
854 4660 972 4707 erat
998 4669 1013 4706 :
1044 4650 1246 4705 Erratis
1273 4659 1327 4703 ct
1354 4648 1595 4703 fallimini
1625 4658 1679 4703 et
1705 4649 1861 4719 longe
1884 4649 2084 4704 abestis
2108 4650 2175 4703 ab

594 4742 960 4800 :ulmonitione
985 4740 1277 4811 apostolica
1309 4756 1323 4793 :
1355 4749 1569 4808 oportet
1606 4741 1749 4794 enim
1777 4742 2074 4809 apostolum
2122 4749 2175 4795 et

598 4838 902 4893 ministrum
930 4832 1126 4888 Christi
1156 4831 1376 4896 stultum
1400 4830 1592 4895 videri,
1618 4840 1780 4900 atque
1810 4831 1862 4884 in
1891 4832 2177 4886 afflictione

597 4941 651 4985 et
678 4935 986 4998 contemptu
1015 4925 1233 4994 degere,
1265 4931 1321 4977 ut
1354 4937 1453 4977 nos
1480 4922 1753 4992 (legimus;
1800 4939 1892 4985 vos
1919 4935 2095 4977 autem
2124 4925 2174 4976 in

597 5020 885 5079 contrariis
924 5020 1073 5074 estis.
1105 5015 1210 5072 Sed
1240 5016 1317 5069 sic
1348 5014 1461 5069 haec
1487 5015 1655 5083 magis
1681 5014 1801 5069 illos
1842 5015 2175 5069 commovis-

602 5124 744 5178 sent,
785 5120 968 5183 utpote
994 5126 1113 5181 qua:
1154 5108 1517 5178 apostolorum
1564 5108 1806 5161 encomia
1835 5120 1943 5177 pra:
1986 5118 2047 5160 se
2078 5107 2181 5159 fer-

599 5211 744 5268 rent,
770 5212 825 5255 et
852 5201 975 5255 illos
1002 5199 1358 5255 reddidissent
1383 5197 1717 5262 audaciores,
1750 5206 1808 5251 ut
1836 5195 1926 5267 qui
1954 5212 2181 5251 accusa-

602 5306 790 5351 rentnr
812 5292 1094 5354 socordim,
1128 5291 1301 5345 inanis
1329 5289 1514 5361 glorize
1541 5299 1597 5344 et
1624 5289 1951 5344 divitiarum.
1977 5288 2181 5345 Idcirco

607 5401 709 5441 non
742 5386 845 5439 hoc
883 5380 1043 5436 modo
1068 5381 1208 5435 dicta
1250 5378 1569 5452 procedunt,
1613 5380 1706 5435 sed
1738 5381 1865 5445 alio,
1893 5380 1981 5451 qui
2013 5383 2181 5453 magis

601 5477 817 5550 quidem
843 5474 1169 5547 perstringit,
1198 5473 1291 5527 sed
1319 5474 1495 5528 minus
1520 5473 1775 5528 molestus
1802 5486 1905 5529 est.
1935 5476 2185 5547 Quapro—

603 5578 721 5642 pter
747 5568 816 5621 ita
850 5564 1057 5637 profert
1084 5563 1378 5617 orationem
1422 5579 1518 5633 per
1547 5564 1791 5631 ironiam,
1826 5566 2009 5621 dicens
2037 5585 2050 5622 :
2087 5565 2185 5622 Vos

598 5670 772 5713 autem
803 5662 954 5729 fortes
984 5668 1031 5713 et
1051 5654 1279 5729 gloriosi.
1306 5654 1436 5709 Nam
1467 5657 1510 5711 si
1540 5656 1706 5711 irooia
1734 5673 1837 5711 non
1866 5673 1990 5713 usus
2017 5669 2180 5722 esset,

600 5750 673 5805 ita
704 5749 961 5803 dixisset:
997 5749 1135 5805 Fieri
1180 5762 1284 5802 non
1330 5756 1520 5816 potest,
1551 5761 1606 5803 ut
1647 5750 1779 5804 alios
1810 5750 1999 5806 stultus
2030 5760 2183 5823 pute-

2280 1270 2385 1326 tur,
2417 1262 2558 1319 alius
2581 1265 2839 1336 prudens,
2885 1268 3021 1324 alios
3048 1269 3221 1337 fortis,
3264 1274 3403 1330 alius
3433 1276 3693 1341 'ttlirmtts',
3728 1294 3864 1346 ιιιοςικο

2280 1355 2543 1413 dicatiune
2568 1366 2854 1431 utrumque
2877 1377 2981 1417 non
3013 1364 3027 1395 '
3060 1366 3377 1433 postulante.
3421 1368 3550 1425 Nam
3596 1373 3639 1424 si
3673 1372 3864 1426 liceret

2280 1446 2377 1499 bos
2401 1446 2554 1513 tales,
2582 1449 2717 1504 alios
2743 1449 2887 1507 aliud
2913 1466 3051 1518 esse,
3082 1471 3201 1525 qua:
3244 1474 3273 1509 a
3302 1458 3453 1512 nobis
3484 1460 3857 1527 proferuntur.

2276 1537 2506 1605 aliquam
2532 1538 2760 1597 fortasse
2779 1544 3043 1600 rationem
3068 1546 3366 1605 haberent:
3395 1568 3466 1606 nu
3490 1570 3537 1603 ιιι
3554 1566 3732 1608 autem
3762 1558 3866 1615 hoc

2278 1640 2384 1681 non
2416 1628 2565 1698 licet,
2608 1632 2860 1689 nimirum
2891 1637 3204 1705 prudentem
3247 1641 3331 1696 ναι
3371 1643 3662 1713 gloriostml
3692 1647 3864 1703 rideri

2276 1734 2340 1775 ac
2384 1721 2501 1776 sine
2528 1723 2770 1792 periculo
2808 1725 3024 1797 degere.
3066 1728 3158 1785 Sin
3198 1732 3397 1797 minus,
3436 1752 3658 1793 necesse
3695 1750 3868 1796 estut

2280 1810 2424 1867 Dens
2449 1828 2549 1869 vos
2577 1816 2731 1869 nobis
2759 1819 3074 1886 praetulerit,
3094 1836 3190 1876 vos
3211 1823 3499 1893 discipulos
3524 1828 3863 1896 doctoribus,

2274 1900 2368 1971 qui
2393 1903 2669 1960 innumera
2704 1908 2845 1977 passi
2889 1923 3093 1971 sumus.
3136 1913 3289 1980 Quod
3315 1917 3359 1969 si
3390 1916 3491 1975 hoc
3517 1935 3677 1974 nemo
3704 1922 3865 1979 dise—

2275 1993 2363 2059 rit,
2404 2002 2571 2050 restat
2610 2006 2668 2050 ut
2712 2008 2894 2053 nostra
2923 2015 3017 2056 vos
3062 2007 3473 2075 persequamini.
3524 2008 3592 2064 Et
3630 2027 3701 2066 ne
3740 2013 3868 2083 quis

2277 2095 2446 2155 p'ttct,
2499 2088 2689 2158 inquit,
2737 2102 2825 2144 me
2851 2094 3114 2160 praeterita
3145 2103 3346 2151 tantum
3386 2112 3819 2160 commemorare
3843 2125 3863 2161 :

2279 2172 2449 2246 Usque
2492 2176 2548 2231 in
2587 2178 2720 2232 hanc
2747 2178 2929 2234 hom
2970 2191 3020 2235 ct
3064 2185 3315 2239 esurimus
3352 2195 3401 2241 et
3422 2189 3621 2245 sitimus
3662 2201 3712 2246 et
3736 2194 3870 2249 nudi

2273 2284 2470 2324 sumas.
2503 2269 2687 2325 Viden‘
2706 2280 2873 2327 totam
2900 2273 3324 2331 Christianorum
3356 2280 3518 2335 vitam
3548 2283 3710 2345 talem
3737 2300 3867 2341 esse

2273 2358 2496 2427 dehtzre,
2523 2377 2630 2417 non
2658 2379 2765 2417 uno
2790 2364 2877 2419 vel
2906 2365 3077 2421 altero
3100 2366 3229 2423 die?
3254 2369 3435 2440 Neque
3460 2373 3604 2427 enim
3632 2377 3863 2440 athleta,

2274 2451 2363 2521 qui
2407 2455 2459 2506 in
2488 2467 2597 2507 uno
2636 2463 2841 2509 tantum
2878 2456 3049 2510 victor
3089 2459 3384 2514 certamine
3424 2472 3718 2518 coronatus
3754 2479 3864 2530 εει,

2276 2540 2469 2596 iterum
2495 2553 2785 2599 coronatur
2808 2559 2929 2599 eum
2958 2547 3319 2604 succubuerit.
3354 2548 3424 2604 Et
3451 2554 3725 2620 esurimus,
3770 2557 3868 2611 ad-

2275 2649 2466 2714 rersus
2488 2649 2585 2690 eos
2609 2635 2699 2705 qui
2726 2634 2780 2690 in
2806 2637 3013 2694 deliciis
3032 2650 3197 2711 agunt
3222 2658 3238 2695 :
3269 2652 3316 2696 et
3334 2644 3565 2715 colaphis
3590 2649 3863 2717 caedimur,

2274 2726 2532 2783 adversus
2550 2742 2645 2784 eos
2669 2730 2758 2800 qui
2780 2730 2945 2785 inﬂati
2963 2742 3089 2788 sunt
3111 2752 3125 2789 :
3155 2746 3203 2789 et
3223 2736 3481 2795 instabiles
3502 2757 3679 2795 smnus
3702 2745 3861 2813 pulsi,

2275 2820 2529 2875 adversus
2556 2835 2653 2876 eos
2677 2822 2766 2891 qui
2795 2823 3047 2878 labuntur
3080 2842 3095 2879 :
3122 2837 3169 2881 et
3204 2829 3331 2882 nudi
3367 2847 3564 2898 sumus,
3599 2833 3865 2889 adversus

2275 2926 2369 2967 cos
2395 2913 2484 2983 qui
2515 2922 2641 2973 sunt
2665 2913 2858 2968 divites
2883 2931 2898 2966 :
2923 2923 2973 2968 et
2995 2916 3305 2983 laboramus,
3328 2920 3438 2988 jam
3477 2934 3664 2979 contra
3698 2926 3866 2980 falsos

2276 3004 2568 3071 apostolos,
2600 3002 2687 3071 qui
2716 3018 2815 3058 nec
2846 3004 3091 3062 laborare
3119 3023 3220 3063 nec
3242 3011 3538 3079 periclitari
3569 3003 3869 3083 sit-stipem,

2267 3093 2367 3149 ,ει-«ι
2399 3093 2495 3163 ipsi
2524 3092 2751 3148 fructum
2782 3095 3099 3167 percipiunt.
3130 3103 3199 3155 At
3225 3115 3324 3156 nos
3348 3118 3453 3159 non
3498 3106 3619 3171 sic,
3644 3108 3863 3179 inquit;

2274 3187 2370 3242 sed
2392 3206 2512 3244 eum
2536 3194 2773 3250 externis
2794 3195 3047 3266 periculis
3067 3213 3167 3253 nos
3184 3214 3395 3270 quoque
3422 3187 3678 3283 perpetuo
3707 3222 3865 3261 exer-

2272 3293 2456 3335 cemus
2481 3281 2682 3338 labore.
2727 3284 2987 3357 Quodque
3014 3288 3185 3357 majus
3227 3300 3331 3357 est,
3377 3308 3536 3349 nemo
3565 3281 3735 3365 possit
3780 3298 3864 3351 di-

2273 3383 2397 3425 cere
2428 3386 2524 3425 uos
2552 3372 2668 3428 hmo
2693 3390 2834 3445 atgre
2862 3376 3002 3432 ferre
3026 3392 3115 3431 aut
3145 3393 3527 3451 persequentes
3555 3395 3652 3439 nos
3694 3401 3861 3441 aenu-

2275 3474 2396 3514 sare
2415 3479 2432 3514 :
2461 3462 2579 3515 illos
2604 3463 2745 3518 enim
2772 3466 2862 3534 qui
2891 3481 2989 3520 nos
3016 3477 3228 3535 vexant,
3273 3486 3366 3539 per
3386 3475 3650 3528 contraria
3683 3492 3865 3532 ιἠ-ιιιιιο

2275 3551 2693 3623 noramuleoc
2714 3555 2912 3625 quippe
2956 3571 3205 3628 maguum
3232 3570 3337 3625 est,
3379 3578 3484 3616 nou
3511 3573 3692 3620 autem
3724 3569 3867 3625 male

2275 3643 2420 3711 pati;
2462 3644 2605 3713 quod
2644 3648 2893 3704 omnibus
2925 3660 3009 3705 est
3056 3668 3373 3720 commune;
3417 3673 3601 3714 verum
3652 3664 3863 3731 patien-

2277 3744 2357 3789 tes
2384 3751 2482 3789 ncc
2509 3752 2653 3808 πει-ο
2678 3740 2782 3796 n'ec
2814 3741 3030 3813 indigne
3059 3743 3211 3801 ferre.
3556 3820 3559 3825 ι

2344 3822 2400 3879 2.
2440 3825 2549 3883 Nos
2588 3840 2765 3885 autem
2816 3847 2923 3886 non
2970 3834 3130 3890 modo
3175 3852 3279 3891 non
3324 3854 3467 3908 :rgre
3492 3822 3738 3909 ferimus,
3769 3846 3864 3901 sed

2274 3918 2438 3972 etiam
2470 3920 2837 3987 exsultamus;
2880 3924 3034 3992 cujus
3078 3927 3154 3981 rei
3185 3928 3287 3983 hoc
3327 3931 3537 3999 signqu
3585 3945 3691 3999 est,
3718 3941 3864 4003 quod

2274 4023 2389 4073 eos,
2433 4009 2522 4077 qui
2565 4010 2719 4064 nobis
2763 4012 2901 4067 mala
2932 4015 3185 4083 inferunt,
3216 4012 3503 4077 contrariis
3543 4040 3865 4083 renumere-

2276 4113 2414 4151 tnus.
2445 4098 2596 4165 Quod
2623 4112 2800 4156 autem
2831 4102 2931 4159 hoc
2959 4104 3215 4175 facerent,
3242 4111 3363 4164 audi
3388 4116 3661 4185 sequentia
3694 4134 3708 4165 :
3741 4119 3864 4173 Ha-

2276 4187 2563 4254 ledicimur,
2592 4200 2640 4243 et
2670 4192 3038 4259 benedicimus;
3078 4204 3511 4269 pcrseqnntionem
3538 4208 3787 4274 patimur,
3819 4221 3866 4264 et

2276 4278 2617 4347 sustinemus;
2660 4282 2747 4338 l3.
2774 4284 3211 4357 blasplumamnr,
3252 4302 3299 4345 et
3340 4294 3681 4363 obsecramus,
3728 4310 3867 4354 tam-

2275 4384 2426 4437 quam
2454 4385 2786 4442 purgamenta
2828 4378 3005 4431 mundi
3027 4381 3149 4449 {acti
3186 4398 3379 4435 sanius.
3415 4383 3527 4440 lloc
3566 4397 3667 4453 est,
3716 4392 3867 4445 stulti

2280 4471 2498 4531 propter
2517 4463 2809 4521 Christum.
2833 4469 2963 4523 Nam
2987 4472 3074 4539 qui
3102 4472 3241 4528 male
3268 4486 3458 4543 passus
3478 4488 3579 4542 est,
3610 4489 3667 4535 et
3690 4498 3868 4555 neque

2279 4572 2335 4611 ει·
2364 4558 2639 4614 ulciscitur
2685 4578 2857 4634 neque
2899 4565 3065 4629 dolet,
3096 4568 3289 4624 stultus
3318 4572 3530 4630 videtur
3568 4591 3693 4633 esse
3718 4580 3862 4648 apud

2283 4660 2535 4705 externos
2580 4664 2634 4707 et
2673 4655 2930 4725 inglorius
2958 4658 3329 4730 infirmusque.
3378 4666 3455 4720 Ac
3484 4680 3553 4721 ne
3584 4669 3859 4724 molestio-

2281 4756 2394 4794 rem
2418 4742 2669 4799 redderet
2688 4748 3010 4812 orationem,
3037 4750 3103 4803 ad
3129 4750 3338 4805 illorum
3366 4755 3641 4811 civitatem
3665 4774 3870 4815 ternm-

2282 4849 2380 4888 nas
2421 4835 2700 4902 reducens,
2746 4840 2872 4909 quid
2924 4841 3097 4897 dicit?
3146 4842 3519 4915 Pargamenta,
3563 4864 3667 4903 non
3719 4853 3868 4908 urbis

2284 4937 2498 4992 vestrae,
2545 4929 2637 4983 sed
2664 4932 2843 4985 orandi
2878 4936 3000 5004 [acti
3040 4953 3245 5001 sumus;
3280 4950 3334 4993 et
3382 4955 3589 5008 rursus,
3621 4942 3868 5001 ουιιιίιηιι

2285 5018 2589 5085 peripsemu,
2633 5036 2736 5077 non
2766 5034 3001 5079 vestrum
3041 5036 3265 5093 tantum,
3296 5027 3390 5083 sed
3420 5035 3681 5090 omnium.
3716 5037 3865 5094 Sicut

2286 5124 2415 5178 ergo
2457 5125 2579 5164 cum
2620 5113 2687 5167 de
2730 5114 2928 5169 Christi
2969 5132 3095 5170 cum
3130 5117 3381 5187 loquitur,
3415 5132 3575 5193 terra,
3630 5130 3768 5185 cmlo
3811 5143 3867 5190 et

2285 5202 2430 5253 Omni
2475 5212 2718 5258 creatura
2747 5207 2968 5267 relictis,
3016 5222 3229 5261 crucem
3267 5210 3317 5263 in
3351 5214 3528 5269 medio
3569 5220 3721 5286 ιιιιιιίι
3751 5239 3765 5272 :
3796 5222 3865 5275 ita

2286 5289 2445 5343 etiam
2477 5293 2689 5361 quando
2718 5294 2783 5348 ad
2810 5310 2869 5351 se
2890 5295 3003 5349 vult
3022 5297 3309 5365 attrahere,
3336 5303 3503 5371 signis
3535 5310 3854 5374 praetermis-

2287 5380 2383 5444 sis,
2416 5397 2534 5451 qua:
2577 5387 2795 5455 propter
2836 5386 2980 5455 ipsos
3020 5401 3209 5455 passus
3254 5403 3337 5445 est
3362 5394 3510 5450 dicit.
3542 5396 3613 5450 Ita
3651 5413 3866 5469 quoque

2287 5471 2525 5528 solemus
2551 5490 2669 5528 cum
2700 5476 2892 5544 injuria
2922 5476 3183 5535 allicimur
3207 5482 3289 5536 vel
3317 5484 3641 5555 despicimur
3676 5502 3708 5541 a
3750 5493 3859 5561 qui-

2292 5564 2535 5634 busdam,
2567 5583 2687 5638 qua:
2714 5584 2810 5638 pro
2838 5569 2946 5624 illis
2973 5574 3110 5642 passi
3143 5591 3326 5631 sumus
3359 5578 3409 5630 in
3438 5577 3672 5635 medium
3700 5581 3858 5639 addito

2354 5767 2368 5796 ¹
2412 5764 2459 5809 in
2486 5764 2772 5825 quihusdam
2794 5763 2939 5817 (λιιι.
2965 5768 3107 5822 deest
3132 5768 3348 5834 negatio.
