4070 6322
188 365 279 425 109
1238 355 1300 411 ΙΝ
1340 352 1531 409 EPIST
1573 352 1589 406 Ι

184 494 318 532 rere.
363 474 615 527 Omnium
652 473 935 542 peripsema
978 487 1134 540 usque
1168 470 1356 522 adhuc.
1389 468 1770 521 Veltemeutem

186 569 384 640 plagam
415 565 631 620 inducit
674 565 727 619 in
757 565 884 629 ﬁne,
918 562 1181 627 Omnium,
1213 559 1403 629 inquit,
1450 572 1554 610 non
1586 570 1771 625 perse-

182 657 476 728 quentium.
532 655 633 711 sed
677 670 867 711 eorum
912 662 1130 724 propter
1172 665 1308 721 quos
1339 648 1453 703 hinc
1498 647 1772 715 patimur:

184 750 280 804 hoc
326 758 432 808 est.
462 746 717 816 Magnam
746 745 878 816 ipsis
921 742 1146 814 gratiam
1188 740 1379 793 habeo.
1419 736 1666 792 Graviter
1691 734 1775 789 fe-

183 842 345 896 rentis
368 848 457 894 est
483 839 737 903 verbum,
770 852 876 891 non
904 833 1049 905 quod
1076 833 1191 902 ipse
1232 839 1477 899 angatur,
1506 825 1602 882 sed
1633 824 1773 894 quod

184 929 300 983 illos
337 929 712 999 persuingere
756 926 905 981 velit.
956 922 1086 978 Nam
1136 921 1227 991 qui
1269 928 1443 989 potest
1489 919 1771 971 innumera

186 1021 419 1091 proferre
465 1021 725 1087 crimina,
770 1018 892 1073 illos
934 1016 1150 1071 salutat.
1196 1012 1321 1067 ldeo
1341 1010 1493 1079 jubet
1529 1007 1776 1063 Christus

184 1110 540 1166 contumelias
582 1123 681 1164 nos
725 1115 1002 1162 mansuete
1028 1106 1185 1165 ferre,
1232 1110 1288 1154 ttt
1317 1109 1366 1154 ct
1409 1098 1507 1167 ipsi
1540 1097 1774 1166 philom-

186 1203 428 1272 phcmur,
461 1208 521 1256 et
550 1198 973 1256 contumeliosos
1009 1194 1211 1265 pudore
1255 1191 1421 1259 magis
1451 1190 1787 1244 afﬁciamus-

186 1292 296 1346 Non
322 1293 468 1346 enim
513 1292 589 1345 ita
627 1288 951 1345 contumelia
993 1284 1254 1346 alliciens,
1290 1291 1346 1335 ut
1372 1280 1536 1335 silens
1566 1280 1666 1333 hoc
1697 1278 1775 1332 fa-

184 1385 272 1439 cit.
330 1382 542 1440 Deinde
588 1383 710 1453 quia
756 1380 887 1435 vidit
934 1377 1327 1432 intolerabilem
1381 1391 1501 1430 esse
1543 1376 1769 1444 plagam.

185 1478 356 1530 statim
406 1478 482 1529 illi
529 1476 775 1528 medetur
812 1472 1037 1525 dicens:
1078 1470 1160 1523 14.
1197 1468 1318 1521 Νοη
1364 1478 1416 1519 ut
1462 1468 1773 1536 confundunt

187 1585 265 1619 ros
289 1567 397 1619 Ιιαό
428 1566 618 1627 scribo,
647 1564 736 1617 sed
763 1573 815 1616 ut
854 1561 991 1632 ﬁlios
1019 1578 1152 1614 meos
1191 1561 1399 1614 dilectos
1426 1576 1625 1613 moneo.
1660 1558 1771 1610 Non

186 1668 239 1711 ut
266 1657 474 1727 pudore
504 1656 740 1711 afﬁciam
784 1668 900 1720 vos,
946 1654 1134 1724 inquit,
1174 1653 1289 1706 hme
1315 1651 1459 1705 dico.
1494 1648 1643 1717 Quod
1680 1666 1774 1718 per

187 1751 340 1807 verba
368 1750 515 1807 fecit.
551 1766 611 1805 se
638 1765 743 1805 non
776 1747 967 1804 fecisse
993 1746 1150 1812 dicit;
1194 1747 1301 1799 imo
1330 1761 1456 1799 vero
1497 1759 1556 1798 se
1585 1745 1773 1795 fecisse

185 1842 329 1906 dicit,
372 1842 467 1896 sed
523 1857 632 1896 non
686 1840 825 1895 malo
870 1839 1050 1892 animo
1096 1838 1177 1892 vel
1217 1851 1282 1891 ex
1329 1836 1472 1889 odio.
1525 1835 1648 1887 "tu:
1692 1842 1775 1887 est

185 1936 324 1993 enim
353 1938 560 2004 Optima
607 1932 833 2004 ruratio,
869 1947 989 1986 cunt
1036 1930 1257 1986 verbum
1288 1929 1511 1993 dixeris,
1541 1941 1769 1982 excusa-

124 2011 133 2019 .
189 2028 382 2082 tionem
412 2042 476 2079 rx
509 2036 691 2079 mente
721 2002 979 2093 proferre.
1009 2020 1139 2075 Nam
1172 2020 1286 2074 haec
1314 2035 1418 2073 non
1446 2020 1625 2073 dicere
1667 2034 1770 2072 non

190 2117 395 2179 licebat,
425 2117 554 2185 quia
587 2115 868 2169 ineorrecti
899 2114 1259 2167 mansissent:
1283 2118 1562 2180 postquam
1593 2120 1769 2162 autem

187 2205 410 2271 dixerat,
443 2205 654 2274 plagam
686 2204 979 2257 iucuratam
1007 2201 1335 2270 relinquere,
1360 2214 1521 2268 grave
1550 2197 1769 2251 fuisset:

187 2312 342 2369 quare
380 2312 507 2351 cum
554 2296 813 2366 gravitate
853 2302 1091 2349 excusat.
1137 2293 1248 2347 hoc
1278 2292 1417 2347 enim
1464 2305 1569 2343 non
1601 2288 1762 2343 modo

189 2388 497 2443 iucisionrm
531 2404 634 2440 non
663 2386 818 2446 tollit.
843 2386 937 2439 sed
965 2385 1125 2440 etiam
1148 2384 1332 2450 efﬁcit,
1362 2391 1421 2437 ut
1450 2381 1765 2452 profundius

188 2480 450 2552 iuﬁgatur,
504 2478 634 2536 dum
681 2480 846 2551 plaga:
890 2477 1134 2532 dolorem
1180 2490 1394 2532 omnem
1442 2472 1766 2529 consolatur.

187 2572 280 2638 Qui
301 2571 445 2625 enim
476 2570 628 2622 audit
654 2570 827 2638 ipsum
857 2582 963 2620 non
990 2567 1427 2635 exprobrantetn,
1458 2564 1551 2618 sed
1580 2577 1766 2617 amau-

188 2669 285 2715 tem
315 2661 429 2714 luec
450 2660 655 2721 dicere,
680 2658 929 2711 libentius
946 2659 1335 2710 correctimtetn
1365 2655 1577 2722 accipit.
1604 2653 1765 2706 Multa

186 2762 264 2808 est
287 2752 379 2806 hic
417 2764 640 2822 quoque
669 2748 904 2821 gravitas
942 2756 996 2802 et
1036 2748 1104 2802 ad
1138 2747 1392 2815 pudorem
1440 2745 1767 2815 provocatio.

190 2842 296 2899 Non
342 2844 489 2899 enim
525 2854 584 2898 ttt
609 2844 821 2907 doctor,
870 2858 977 2897 non
1020 2852 1077 2896 ut
1121 2841 1420 2911 apostolus,
1452 2855 1557 2893 non
1598 2848 1652 2893 ut
1679 2844 1767 2907 qttl

187 2936 474 3008 ᾱίςοίρυιος
505 2936 757 3000 habeam,
782 2934 925 3005 quod
951 2934 1223 3005 dignitatis
1256 2942 1357 2997 est,
1392 2931 1507 2996 sed,
1540 2930 1608 2986 Ut
1633 2931 1768 2999 ﬁlios

192 3046 317 3082 meos
359 3030 650 3082 carissimas
678 3043 852 3080 moneo
882 3042 900 3077 .'
932 3041 1030 3080 nec
1060 3035 1263 3078 tantum
1297 3024 1455 3088 ﬁlios,
1490 3023 1583 3078 sed
1622 3024 1769 3076 desi-

190 3121 419 3175 deratos.
469 3120 733 3192 Ignoscite
784 3117 936 3183 mihi,
983 3118 1172 3185 inquit,
1222 3117 1264 3169 si
1312 3114 1437 3185 quid
1484 3116 1766 3169 molestum

191 3211 340 3265 dixi:
375 3212 492 3265 Iure
543 3227 607 3264 ex
651 3210 933 3264 dilectione
976 3209 1125 3260 ﬁunt.
1170 3207 1278 3260 Nec
1305 3206 1460 3268 dixit,
1506 3205 1766 3273 Corripio,

192 3299 303 3364 sed,
336 3299 542 3354 Moneo.
588 3299 719 3367 Quis
745 3314 872 3353 vero
912 3313 1017 3351 non
1063 3297 1199 3351 ferat
1229 3304 1434 3366 patrem
1474 3295 1766 3361 dolentem,

193 3402 240 3445 et
265 3407 380 3461 qua:
400 3392 559 3447 decet
586 3390 992 3446 consulentem?
1025 3389 1147 3443 Ideo
1175 3403 1279 3442 non
1305 3387 1417 3441 luce
1448 3388 1591 3455 prius
1614 3387 1765 3451 dixit,

194 3481 282 3536 sed
312 3494 592 3553 postquam
620 3481 825 3551 plagam
850 3481 1134 3534 inﬂixerat.
1165 3476 1303 3546 Quid
1332 3478 1489 3547 ergo?
1512 3478 1759 3547 inquies;

197 3586 295 3625 non
325 3582 549 3640 parcunt
593 3572 746 3624 nobis
794 3570 878 3623 alii
908 3569 1193 3623 doctores?
1223 3567 1337 3622 Non
1380 3568 1457 3621 sic
1484 3567 1627 3634 dico,
1669 3566 1762 3621 sed

198 3675 292 3713 non
328 3664 410 3715 ita
458 3671 698 3731 parcunt.
746 3660 940 3713 Verum
974 3660 1075 3713 hoc
1117 3659 1333 3727 quidem
1385 3658 1617 3713 breviter
1661 3674 1765 3711 non

198 3751 342 3815 dixit,
368 3752 463 3806 sed
498 3768 593 3821 per
623 3751 797 3803 studia
836 3760 889 3805 et
920 3752 1133 3804 nomina
1163 3748 1266 3803 hoc
1294 3750 1565 3813 indicavit,
1599 3758 1655 3802 ut
1680 3749 1767 3818 qui

201 3842 537 3913 padagogqu
570 3841 800 3911 posuerit
830 3851 879 3894 et
911 3853 1137 3910 patrem.
1172 3840 1257 3894 15.
1290 3838 1425 3892 Nam
1447 3849 1490 3892 et
1517 3840 1560 3892 si
1588 3838 1770 3892 multos

201 3932 513 4003 pedagogos,
546 3933 737 4002 inquit,
772 3934 994 3986 habeatis
1019 3934 1067 3985 iu
1095 3930 1315 3995 Christo,
1348 3931 1435 3984 sed
1462 3948 1561 3983 non
1590 3931 1771 3984 multos

201 4032 376 4087 patres.
426 4022 540 4077 Non
588 4024 897 4092 dzgttilatem
943 4024 1025 4077 hic
1072 4024 1328 4081 ostendit,
1381 4024 1476 4076 sed
1529 4022 1768 4075 caritatis

202 4112 607 4180 magnitudinem
634 4128 647 4173 ;
678 4126 852 4177 neque
899 4112 1015 4162 illos
1043 4111 1358 4179 perstrinxit
1382 4127 1502 4163 cum
1543 4110 1764 4171 addidit,

202 4198 261 4251 In
289 4200 512 4263 Christo,
544 4200 639 4253 sed
678 4200 987 4253 consolatus
1017 4209 1099 4251 est
1130 4200 1271 4263 illos,
1307 4214 1410 4251 non
1436 4200 1763 4263 adulatores,

200 4289 284 4343 sed
322 4289 639 4359 ptcdagogos
676 4305 871 4343 vocans
921 4290 1059 4354 illos,
1101 4290 1188 4359 qui
1236 4290 1409 4343 studia
1457 4298 1511 4343 et
1557 4289 1768 4343 labores

200 4379 445 4445 ferebant,
493 4396 749 4452 suamque
788 4396 970 4435 curam
1016 4381 1267 4435 ostendit.
1305 4382 1427 4437 Ideo
1477 4398 1582 4437 non
1612 4382 1765 4448 dixit,

201 4468 293 4525 Sed
321 4487 423 4525 non
456 4472 650 4526 multos
674 4473 941 4539 domores,
969 4474 1085 4539 sed,
1113 4473 1232 4528 Non
1263 4474 1445 4528 multos
1466 4484 1650 4544 patres.
1680 4474 1769 4529 Sic

204 4578 296 4617 non
341 4563 654 4636 dignitatem
702 4580 973 4638 apponere
1020 4567 1209 4632 voluit,
1256 4582 1428 4637 neque
1482 4566 1769 4621 ostendere

206 4654 327 4721 quod
351 4657 573 4711 multam
600 4657 879 4711 utilitatem
908 4657 975 4712 ab
1000 4658 1115 4726 ipso
1138 4658 1496 4729 accepissent;
1525 4657 1619 4711 sed
1645 4671 1766 4710 cum

203 4749 565 4811 concessisset,
596 4749 738 4817 quod
770 4749 844 4802 illi
874 4748 1037 4801 multa
1067 4751 1437 4819 praestitissent
1466 4750 1592 4820 ipsis
1621 4748 1769 4819 (talis

204 4837 329 4890 enim
356 4849 473 4892 erat
491 4839 857 4909 padagogus),
881 4838 1182 4892 dilectionis
1206 4840 1637 4910 exsuperantiam
1665 4839 1764 4894 sibi

206 4940 451 4985 reservat.
477 4931 620 4985 Talis
638 4932 780 4987 enim
809 4940 891 4986 est
921 4941 1091 5001 pater.
1116 4930 1225 4985 Nec
1251 4931 1378 4986 dicit
1398 4934 1573 4997 modo,
1600 4932 1765 4987 Nemo

208 5028 289 5071 vos
328 5018 394 5071 ita
444 5032 608 5084 amat,
658 5021 799 5091 quod
842 5023 1044 5091 absque
1086 5022 1503 5090 reprehensione
1544 5024 1763 5087 fuisset;

207 5113 288 5167 sed
313 5128 423 5169 rem
457 5115 532 5168 uti
563 5126 710 5184 gesta
739 5118 893 5171 estin
927 5116 1159 5172 medium
1192 5116 1425 5171 adducit.
1454 5117 1638 5183 Qualis
1680 5118 1765 5171 illa

207 5204 341 5259 erat?
369 5203 506 5260 Nam
553 5206 607 5259 in
634 5206 833 5262 Christo
879 5208 1006 5263 Jesu
1054 5225 1140 5279 per
1167 5208 1497 5278 Evangelium
1542 5225 1633 5278 ego
1679 5225 1766 5263 ros

211 5300 362 5361 qentti.
414 5298 470 5354 In
520 5297 733 5353 Christo
789 5300 913 5356 Jesu
958 5319 972 5354 :
1021 5316 1123 5354 non
1178 5298 1305 5353 mihi
1352 5299 1453 5353 hoc
1496 5298 1764 5352 adscribo.

212 5386 394 5448 Rursus
416 5392 538 5448 illos
562 5392 769 5463 pungit,
792 5395 881 5463 qui
906 5394 1006 5449 sibi
1041 5393 1249 5448 laudem
1271 5391 1531 5445 doctrina:
1562 5392 1765 5447 tribue-

212 5478 342 5539 bant.
378 5483 477 5539 Vos
505 5483 641 5539 enim
685 5483 825 5548 estis,
873 5484 1060 5552 inquit,
1108 5481 1429 5554 signaculum
1456 5482 1768 5550 apostolatus

214 5575 297 5625 utri
322 5576 397 5649 (l.
426 5577 549 5632 Cor.
580 5576 635 5632 9.
663 5575 741 5645 ἓ).
770 5574 837 5629 Ει
868 5590 1103 5642 rursum,
1138 5575 1247 5646 Ego
1278 5574 1537 5644 plautatti;
1572 5583 1629 5629 et
1657 5574 1765 5639 hic,

212 5662 309 5734 Ego
334 5670 501 5739 genui.
535 5669 649 5723 Non
676 5667 830 5729 dixit,
874 5667 1193 5722 Annuntiavi
1218 5666 1472 5729 verbum;
1508 5665 1624 5730 sed,
1661 5667 1768 5738 Ego

215 5757 364 5833 genui,
394 5774 597 5818 natura
638 5775 763 5816 usus
793 5759 1117 5816 nominibus.
1150 5758 1324 5815 Unum
1351 5759 1491 5815 enim
1521 5758 1593 5814 illi
1625 5774 1765 5815 cura:

1654 350 1743 406 AD
1782 349 1935 405 COR.
1981 349 2205 406 liOMIL.
2252 350 2385 408 XIII.

3363 352 3466 408 110

1885 472 2019 529 erat,
2053 473 2107 519 ut
2135 465 2479 520 dilectionem
2528 479 2654 536 erga
2683 463 2805 519 illos
2849 479 3000 519 suam
3040 466 3317 523 exhiberet
3387 468 3465 521 llli

1884 569 2113 625 namque
2138 571 2260 611 cum
2281 572 2311 610 a
2335 572 2419 611 me
2441 558 2789 625 accepissent,
2820 572 2913 610 vos
2942 557 3295 626 induxerunt;
3321 563 3465 631 quod

1881 656 2060 702 autem
2094 648 2282 703 ﬁdeles
2322 648 2459 714 sitis,
2494 664 2588 719 per
2637 665 2723 704 tne
2762 650 2956 703 factum
3006 639 3108 705 est.
3134 652 3273 719 Quia
3319 653 3465 708 enim

1880 736 2037 799 dixit,
2074 736 2141 792 Ut
2170 739 2325 805 ﬁlios,
2354 755 2421 795 ne
2444 739 2766 795 adulatimtis
2790 741 3010 794 verbum
3039 754 3159 796 esse
3183 743 3465 797 existima-

1881 842 1987 893 res,
2024 843 2135 883 rem
2164 829 2333 897 ipsam
2358 833 2580 899 profert.
2623 831 2712 887 16.
2742 830 2887 902 Rogo
2926 832 3081 901 igitur
3099 849 3207 897 vos,
3236 834 3465 887 imitato-

1878 933 1958 971 res
1984 918 2080 971 mei
2102 929 2276 986 estote,
2307 921 2433 973 sicut
2460 930 2507 974 et
2546 936 2639 991 ego
2679 919 2889 975 Christi.
2925 922 3104 991 Papre,
3150 933 3345 991 quanta
3373 924 3464 976 do-

1879 1010 2043 1064 etoris
2070 1009 2280 1073 ﬁducia,
2310 1026 2468 1081 quam
2492 1021 2739 1067 accurata
2765 1012 2962 1082 imago,
2990 1028 3111 1068 cunt
3139 1015 3299 1069 etiam
3329 1016 3466 1069 alios

1879 1100 1944 1153 ad
1976 1102 2073 1154 hoc
2103 1100 2363 1154 advocat?
2392 1102 2507 1156 Non
2540 1117 2660 1157 sese
2686 1103 2951 1159 extollens
2972 1113 3152 1159 autem
3184 1104 3285 1160 hoc
3311 1106 3461 1174 facit,

1879 1193 1972 1249 sed
2001 1204 2056 1248 ut
2080 1194 2325 1248 ostendat
2355 1194 2563 1249 facilem
2591 1209 2712 1251 esse
2740 1196 3013 1250 virtutem.

1949 1285 2002 1340 5.
2031 1284 2283 1340 Christum
2310 1287 2497 1339 imitari
2538 1302 2821 1354 possumus.
2857 1286 3213 1355 Chrysostomo
3240 1288 3451 1355 plaudi-

1880 1388 1981 1430 tur.
2036 1376 2190 1433 Pauli
2233 1389 2279 1431 et
2323 1378 2479 1447 ipsius
2524 1379 2764 1431 virtutum
2806 1378 3288 1448 (taminia—Ne
3333 1378 3461 1435 tttilti

1878 1471 2019 1523 enim
2051 1470 2278 1537 dixeris,
2309 1471 2424 1525 Non
2453 1486 2665 1539 possunt
2694 1482 2743 1523 te
2772 1471 2963 1523 ituitari
2991 1489 3003 1522 :
3032 1481 3085 1524 ttt
3115 1471 3303 1525 doctor
3326 1486 3384 1526 es
3407 1481 3465 1526 et

1880 1576 2125 1630 magnus.
2161 1562 2272 1615 Non
2301 1564 2442 1617 enim
2477 1574 2679 1617 tantum
2712 1564 2865 1633 spatii
2898 1564 3035 1616 inter
3063 1580 3146 1617 me
3172 1572 3228 1616 et
3254 1578 3348 1616 vos
3377 1565 3461 1617 in.

1880 1664 2063 1720 tercst,
2095 1664 2349 1723 quantum
2377 1656 2512 1708 inter
2534 1655 2804 1710 Christum
2830 1668 2883 1709 et
2914 1674 2996 1709 tne
3018 1676 3029 1709 :
3050 1667 3281 1709 attamen
3312 1656 3458 1709 illunt

1878 1762 1977 1815 ego
2007 1746 2240 1799 imitatus
2267 1761 2403 1797 sunt.
2435 1745 2569 1797 Cum
2622 1760 2748 1813 ergo
2808 1745 3054 1812 Ephesiis
3095 1746 3301 1808 scribit,
3351 1761 3459 1799 non

1878 1854 1935 1894 se
1954 1839 2181 1893 medium
2200 1838 2365 1907 ponit,
2386 1838 2478 1891 sed
2502 1838 2679 1889 statim
2702 1837 2846 1905 ipsos
2860 1854 3048 1891 manes
3074 1838 3197 1892 illuc.
3218 1838 3457 1900 adducit,

1879 1932 2053 1986 Estote
2083 1932 2358 1985 imitatores
2391 1930 2484 1983 Dei
2517 1929 2729 1999 (Epltes.
2762 1931 2815 1984 5.
2861 1931 2909 1999 1)
2940 1930 3127 1984 dicens
3152 1948 3166 1984 :
3193 1931 3279 1984 hic
3308 1947 3458 1993 vero,

1876 2026 1998 2094 quia
2023 2022 2266 2077 infirmos
2283 2024 2678 2091 alloquebatur,
2702 2023 2934 2091 seipstttn
2956 2022 3291 2091 interposuit.
3314 2022 3465 2077 Alio-

1876 2117 2002 2187 quin
2028 2125 2204 2169 autem
2226 2116 2483 2179 ostendit,
2508 2115 2648 2182 quod
2672 2115 2748 2168 sic
2770 2130 2979 2183 quoque
3003 2114 3080 2167 fas
3101 2114 3169 2168 sit
3188 2114 3460 2168 Christum

1878 2205 2093 2261 imitari.
2126 2205 2255 2258 Nam
2282 2206 2371 2275 qui
2399 2214 2706 2257 accuratum
2736 2205 3065 2272 signaculum
3095 2213 3175 2258 est
3204 2204 3459 2267 imitatus,

1875 2298 2223 2367 archetypum
2270 2296 2504 2351 imitatus
2551 2304 2653 2351 est.
2700 2296 2984 2350 Videamus
3026 2312 3152 2365 ergo
3192 2295 3461 2365 quomodo

1878 2388 1995 2457 ipse
2023 2388 2295 2441 Christum
2328 2387 2565 2441 imitatus
2594 2387 2681 2440 sit.
2713 2386 2845 2440 Nam
2887 2386 3189 2454 Itujusmodi
3236 2386 3462 2440 imitatio

1876 2496 1983 2535 non
2003 2489 2242 2549 tempore
2258 2488 2307 2533 et
2328 2488 2443 2532 arte
2465 2494 2601 2546 opus
2618 2478 2799 2544 habet,
2818 2478 2910 2533 sed
2935 2479 3207 2548 prtqmsito
3228 2486 3455 2533 tantum.

1878 2572 1933 2627 ln
1965 2571 2186 2643 pietoris
2214 2570 2357 2625 enim
2407 2569 2677 2623 ofﬁcinam
2725 2570 2945 2638 ingressi
2971 2610 2987 2634 ,
3030 2586 3133 2623 non
3169 2570 3461 2637 poterimus

1876 2665 2159 2734 imaginem
2193 2662 2421 2725 imitari,
2452 2662 2659 2716 etiamsi
2699 2662 2842 2715 illaut
2876 2663 3069 2719 millies
3099 2662 3457 2731 aspiciamus:

1875 2756 2017 2810 hunc
2061 2768 2238 2809 autem
2272 2756 2353 2809 vel
2395 2771 2461 2810 ex
2507 2758 2624 2809 solo
2666 2755 2848 2809 auditu
2891 2754 3085 2807 imitari
3117 2754 3259 2809 licet.
3292 2752 3461 2809 Vultis

1874 2863 2006 2919 ergo
2027 2889 2041 2912 ,
2074 2848 2249 2900 tabula
2278 2846 2329 2900 in
2359 2846 2594 2900 medium
2622 2848 2850 2900 adducta
2871 2887 2889 2912 ,
2919 2848 3282 2901 describamus
3309 2847 3459 2900 vobis

1876 2940 2027 2996 Pauli
2070 2940 2372 2993 institutum
2424 2938 2579 2990 vitm?
2624 2937 2832 2992 Prostet
2878 2938 3036 3005 igitur
3076 2940 3249 2992 tabula
3293 2939 3461 2992 multo

1874 3031 2206 3099 Splendidior
2254 3044 2412 3098 qnam
2460 3029 2619 3095 regite
2671 3028 2947 3098 imagines.
3002 3027 3130 3081 Nam
3182 3027 3322 3098 quod
3375 3028 3460 3082 ltic

1874 3122 2175 3191 subjicitur,
2202 3136 2307 3173 non
2331 3130 2452 3173 sunt
2475 3134 2684 3172 asseres
2706 3119 3076 3187 conglutinati,
3097 3134 3202 3177 non
3226 3118 3460 3188 impositi

1874 3212 2151 3277 sindones,
2183 3211 2276 3264 sed
2307 3225 2442 3278 opus
2467 3209 2556 3263 Dei
2590 3208 2866 3276 subjicitur
2892 3227 2903 3261 :
2926 3210 3101 3261 anima
3126 3210 3267 3263 enim
3296 3218 3379 3264 est
3406 3219 3459 3262 et

1873 3319 2088 3372 corpus.
2137 3302 2327 3357 Anima
2363 3302 2453 3356 Dei
2493 3316 2631 3371 opus
2654 3341 2668 3362 .
2703 3315 2806 3353 non
2836 3300 3151 3365 hominum;
3184 3310 3235 3356 et
3264 3316 3461 3371 corpus

1873 3394 2141 3449 similiter.
2172 3392 2267 3446 Hic
2295 3392 2603 3460 plausistis?
2628 3391 2733 3445 Sed
2761 3407 2865 3445 non
2894 3392 2994 3445 hoc
3023 3392 3299 3459 plausuum
3326 3401 3462 3445 temo

1876 3502 1972 3557 pus
2002 3496 2104 3552 est,
2125 3485 2214 3540 sed
2249 3484 2301 3537 in
2329 3482 2673 3553 sequentibus
2706 3494 2913 3551 tempus
2942 3482 3225 3551 plaudendi
3255 3494 3308 3539 et
3338 3483 3459 3538 imi-

1875 3576 2020 3631 tandi
2044 3576 2166 3631 erit.
2189 3576 2403 3629 Interim
2423 3574 2564 3629 etaim
2592 3573 2813 3627 materia
2834 3573 3135 3643 subjicitur,
3156 3576 3460 3629 communis

1874 3668 2142 3723 omnibus.
2169 3667 2357 3721 Anima
2381 3667 2521 3720 enim
2542 3666 2609 3721 ab
2629 3668 2810 3719 anima
2827 3666 2956 3720 nihil
2979 3666 3176 3730 dilfert,
3198 3676 3460 3733 quatenus

1874 3758 2050 3813 anima
2074 3766 2176 3820 est,
2202 3758 2294 3811 sed
2317 3757 2647 3825 prepositum
2669 3756 3021 3810 differentiam
3041 3756 3292 3810 ostendit.
3311 3757 3460 3811 Sicut

1874 3847 2017 3903 enim
2048 3862 2243 3917 corpus
2280 3863 2309 3900 a
2350 3860 2577 3915 corpore
2602 3888 2617 3908 ,
2651 3856 2914 3914 quatenus
2944 3862 3137 3915 corpus
3163 3855 3279 3912 est,
3328 3846 3457 3901 nihil

1874 3940 2083 4003 differt;
2112 3939 2206 3993 sed
2236 3938 2413 3992 simile
2440 3947 2523 3993 est
2550 3946 2605 3991 et
2629 3953 2826 4006 corpus
2850 3938 2994 3991 Pauli
3022 3949 3075 3993 et
3105 3951 3299 4006 Corpus
3324 3938 3461 3991 ntul-

1876 4039 2073 4094 torom,
2102 4032 2193 4083 sed
2226 4030 2463 4096 perit-ala
2498 4030 2636 4083 illius
2664 4044 2861 4097 corpus
2887 4030 2992 4083 alio
3018 4045 3246 4098 corpore
3272 4028 3457 4097 splen-

1873 4117 2050 4170 didius
2078 4117 2315 4169 cfliciunt
2347 4134 2360 4169 :
2396 4119 2465 4169 ita
2495 4127 2549 4171 et
2576 4118 2643 4172 de
2670 4121 2844 4172 anima
2886 4119 3189 4172 dicendum.
3224 4118 3458 4172 l’ttltatttl'

1873 4221 2001 4272 ergo
2032 4205 2211 4257 tabula
2245 4204 2397 4258 nobis
2418 4246 2434 4269 ,
2466 4205 2641 4258 anima
2685 4221 2879 4274 nempe
2920 4206 3090 4260 Pauli.
3126 4206 3249 4261 lla‘c
3280 4207 3458 4262 tabula

1874 4312 2041 4365 nuper
2083 4294 2296 4365 jacebat
2345 4293 2561 4365 fuligine
2600 4294 2827 4351 obducta
2853 4337 2869 4361 ,
2902 4296 3055 4367 plena
3084 4297 3201 4352 telis
3228 4312 3457 4353 aranea-

1873 4402 1992 4442 rum
2027 4403 2039 4439 :
2072 4385 2204 4440 nihil
2250 4385 2391 4440 enim
2428 4396 2510 4441 est
2544 4386 2869 4456 blasphemia
2903 4388 3071 4457 pejus.
3101 4388 3234 4455 Quia
3277 4397 3461 4444 autem

1875 4478 2019 4532 venit
2046 4478 2113 4543 is,
2139 4478 2229 4547 qui
2256 4477 2432 4531 omnia
2459 4477 2831 4539 transformat;
2860 4487 2914 4533 et
2936 4480 3065 4531 vidit
3087 4495 3192 4533 non
3216 4496 3281 4533 ex
3314 4478 3459 4547 igna-

1875 4568 1957 4621 via
1987 4576 2041 4620 et
2071 4565 2313 4620 socordia
2355 4567 2425 4617 ita
2455 4565 2719 4633 depictam
2745 4580 2868 4619 esse
2889 4606 2904 4631 ,
2935 4566 3027 4621 sed
3059 4580 3122 4618 ex
3156 4564 3419 4636 imperitia
3438 4609 3455 4632 ,

1872 4668 1928 4711 et
1970 4655 2110 4725 quod
2150 4669 2253 4707 non
2298 4653 2518 4709 haberet
2558 4652 2716 4708 ﬁeres
2760 4655 3005 4724 pietatis;
3047 4656 3219 4711 zelum
3260 4658 3459 4728 quippe

1872 4745 2123 4810 habebat,
2152 4743 2365 4799 colores
2399 4760 2528 4799 vero
2558 4762 2662 4801 non
2691 4746 2941 4813 aderant;
2974 4764 3079 4802 non
3110 4765 3252 4805 enim
3283 4750 3455 4806 zelutu

1871 4834 2163 4891 secundum
2196 4834 2477 4892 scientiam
2509 4836 2737 4894 habebat
2763 4857 2776 4892 :
2801 4839 2892 4893 dat
2930 4838 3006 4893 illi
3036 4839 3223 4893 ﬂorem
3256 4844 3453 4896 verita-

1873 4930 1964 4996 tis,
1993 4930 2044 4985 id
2070 4940 2173 4995 est,
2203 4932 2462 5002 gratiam;
2492 4946 2553 4985 ac
2582 4939 2801 5000 repente
2829 4930 3031 5001 regiam
3059 4931 3296 4985 ostendit
3324 4934 3460 4988 ima-

1872 5022 2075 5093 ginem.
2106 5024 2359 5093 Acceptis
2389 5038 2619 5092 namque
2654 5021 2929 5078 coloribus
2952 5063 2967 5087 ,
3013 5037 3134 5079 cum
3179 5023 3461 5083 didicisset

1873 5116 1957 5168 illa
1985 5130 2103 5186 qua:
2131 5115 2433 5185 ignorabat,
2468 5130 2572 5169 non
2605 5115 2938 5184 exspectavit
2966 5126 3195 5187 tempus,
3223 5117 3318 5174 sed
3346 5127 3453 5174 sta-

1874 5205 1968 5258 tim
1998 5205 2233 5273 optimus
2260 5204 2450 5259 artifex
2494 5205 2641 5260 visus
2667 5216 2788 5270 est;
2831 5217 2885 5261 et
2913 5207 3085 5276 primo
3108 5210 3341 5264 ostendit
3375 5226 3457 5264 re-

1871 5296 2013 5364 giunt
2045 5304 2204 5367 caput
2227 5337 2243 5361 ,
2286 5295 2558 5351 Christum
2591 5298 2921 5367 pra-dicans;
2954 5299 3147 5355 deinde
3191 5301 3467 5373 reliquum

1872 5402 2088 5457 Corpus,
2120 5387 2258 5457 quod
2289 5398 2371 5443 est
2399 5399 2703 5445 accuratum
2726 5392 2846 5445 vita
2874 5391 3195 5447 institutum.
3218 5392 3460 5449 Pictores

1872 5479 2110 5549 quidem,
2138 5494 2258 5534 cum
2289 5495 2347 5545 se
2380 5480 2721 5545 incluserint,
2751 5496 2873 5537 cum
2902 5484 3243 5538 aceuratione
3265 5499 3454 5553 magna

1872 5579 1928 5625 et
1954 5572 2134 5641 quiete
2159 5571 2337 5625 omnia
2373 5573 2588 5638 faciunt,
2618 5573 2815 5627 nemini
2842 5574 2977 5629 ostia
3005 5575 3345 5644 aperientes:
3373 5576 3458 5629 hic

1873 5673 2051 5720 autem
2084 5665 2134 5720 in
2175 5665 2354 5719 medio
2397 5664 2530 5720 orbe
2570 5665 2802 5720 tabuiam
2851 5681 3183 5737 proponens,
3211 5668 3461 5723 omnibus

1880 5756 2370 5815 contradicentibus
2393 5800 2413 5823 ,
2452 5758 2893 5814 tumultuantibus
2914 5802 2931 5826 ,
2973 5758 3305 5815 turbantibus
3325 5797 3345 5829 ,
3387 5760 3457 5815 iu
