4070 6322
208 321 307 377 IIS

207 449 324 489 ntus
344 474 362 501 ,
400 444 460 490 et
492 433 653 488 nobis
679 432 874 490 cedere
901 434 1283 504 compellemus
1302 475 1319 501 ,
1369 452 1473 490 non
1515 437 1795 504 imperare.

205 525 495 590 Quomodo
523 526 656 595 ergo
684 525 784 579 hoc
811 526 933 579 lict?
953 524 1086 580 Cum
1112 525 1328 581 divitias
1355 526 1604 579 omnibus
1628 525 1809 579 distria

209 617 465 670 buemus.
502 617 687 671 Donec
710 634 853 672 enim
877 617 1149 688 opulentia
1176 619 1286 675 sola
1313 633 1435 673 cum
1462 620 1592 674 solis
1619 619 1719 673 erit
1754 626 1811 673 ut

207 709 343 761 latro
374 708 430 761 in
465 708 794 775 solitudine,
824 710 1002 771 omnia
1035 709 1227 764 inferet
1269 710 1405 764 mala
1430 725 1445 763 :
1468 725 1588 765 cum
1625 719 1807 764 autem

202 797 350 853 illam
392 798 450 853 in
488 799 727 855 medium
754 800 1081 856 adducemus
1104 841 1120 867 ,
1154 815 1259 855 non
1293 802 1430 855 ultra
1458 801 1613 855 nobis
1639 800 1809 868 impe-

203 888 362 953 rabit,
394 904 532 945 cum
559 905 749 946 omnes
780 892 924 946 illam
954 892 1186 961 undique
1212 892 1449 962 alligent.

284 980 341 1036 5.
391 978 649 1034 Pecunia
688 999 788 1036 non
828 985 1010 1047 ina/az,
1055 989 1097 1036 sl
1140 982 1261 1037 bene
1288 984 1391 1036 illis
1420 982 1809 1036 ναυτικῇ-ἱ]

206 1070 320 1125 haec
352 1070 487 1127 dico
516 1113 533 1137 ,
568 1091 671 1126 non
693 1073 833 1143 quod
878 1084 1090 1142 peccata
1121 1075 1226 1127 sint
1260 1074 1528 1141 pecuniae;
1558 1075 1655 1128 sed
1685 1092 1809 1143 pec-

205 1172 381 1218 catum
412 1173 504 1219 est
550 1180 654 1218 non
702 1183 794 1220 eas
833 1166 1152 1235 pauperibus
1184 1166 1504 1220 distribuere
1528 1207 1542 1229 ,
1584 1178 1638 1221 et
1668 1169 1808 1222 male

206 1256 309 1310 illis
335 1258 434 1309 uti.
468 1254 615 1310 Nihil
638 1262 776 1313 enim
808 1259 1003 1312 malum
1036 1258 1173 1312 Deus
1202 1255 1345 1321 fecit,
1370 1256 1463 1311 sed
1485 1258 1663 1313 omnia
1690 1258 1807 1316 val-

205 1346 272 1399 de
304 1348 472 1400 bona.
521 1346 701 1417 Itaque
738 1348 890 1401 bona:
934 1347 1092 1400 etiam
1136 1354 1262 1400 sunt
1307 1347 1547 1415 pecunia:
1572 1388 1588 1413 ,
1630 1349 1723 1403 sed
1762 1349 1806 1402 si

208 1437 618 1503 possidentibus
649 1453 753 1489 non
785 1438 1086 1504 imperent,
1114 1436 1157 1489 si
1192 1445 1556 1506 paupertatem
1579 1439 1807 1507 proximi

209 1526 446 1580 solvant.
495 1524 683 1594 Neque
713 1527 855 1581 enim
902 1526 987 1579 lux
1028 1525 1113 1579 illa
1163 1526 1335 1590 bona,
1366 1542 1485 1593 qum.
1516 1543 1621 1581 non
1664 1528 1810 1581 delet

207 1617 463 1669 tenebras
487 1656 504 1678 ,
547 1616 641 1670 sed
672 1626 828 1685 auget
851 1632 941 1671 eas
967 1634 982 1681 ;
1012 1632 1186 1686 neque
1214 1617 1427 1671 divitias
1456 1619 1532 1671 sic
1560 1619 1804 1687 appella-

208 1706 330 1769 rim,
364 1723 495 1775 qua:
533 1722 639 1761 non
667 1708 875 1762 solvant
904 1719 1305 1779 paupertatem,
1341 1709 1434 1762 sed
1469 1718 1701 1778 augeant
1742 1709 1806 1763 il-

208 1800 336 1851 lam.
369 1798 512 1853 Nam
538 1802 626 1869 qui
648 1800 800 1857 dives
822 1812 923 1862 est.
958 1818 1063 1856 non
1087 1803 1280 1872 quaerit
1304 1802 1371 1856 ab
1396 1802 1516 1857 aliis
1540 1802 1804 1872 accipere,

207 1889 298 1943 sed
331 1890 460 1943 aliis
490 1906 649 1959 opem
681 1890 823 1946 ferre
866 1909 879 1945 :
910 1893 999 1962 qui
1033 1908 1160 1947 vero
1199 1894 1266 1947 ab
1296 1893 1414 1945 aliis
1442 1895 1632 1961 quazrit
1662 1894 1807 1947 acci-

211 1996 357 2046 pere,
385 1981 506 2049 jam
538 1998 642 2035 non
669 1982 817 2035 dives
840 1990 941 2046 est,
970 1982 1062 2036 sed
1096 1982 1208 2050 ipse
1240 1997 1456 2050 pauper.
1492 1983 1673 2053 Itaque
1699 2000 1806 2037 non

209 2070 409 2125 divitiae
440 2073 597 2124 mala:
638 2081 762 2125 sunt
782 2112 799 2137 ,
832 2072 926 2126 sed
954 2087 1156 2142 pauper
1196 2071 1407 2126 animus
1432 2114 1446 2137 ,
1478 2074 1567 2142 qui
1596 2075 1807 2129 divitias

210 2160 429 2215 deducit
459 2161 515 2215 in
549 2171 939 2231 paupertatem.
980 2162 1041 2216 ili
1088 2161 1396 2215 miseriores
1425 2174 1549 2215 sunt
1582 2163 1687 2217 illis
1715 2164 1804 2233 qui

211 2253 261 2305 in
289 2254 599 2323 angiportis
628 2253 952 2319 mendicant,
984 2252 1049 2307 iis
1070 2254 1156 2323 qui
1182 2252 1309 2307 ειη(ιί
1336 2262 1388 2307 et
1418 2253 1659 2307 mutilato
1688 2268 1835 2308 corn

212 2361 341 2416 pore
368 2356 535 2411 sunt;
566 2354 620 2400 et
643 2346 733 2416 qui
763 2346 951 2401 sericis
987 2344 1386 2415 splendidisque
1416 2344 1650 2397 vestibus
1672 2343 1805 2397 ami-

210 2440 278 2491 cti
306 2450 469 2502 sunt,
497 2437 560 2492 iis
588 2437 677 2507 qui
701 2438 892 2492 laceris
922 2437 1111 2507 pannis
1140 2435 1464 2501 induuntur;
1489 2435 1579 2505 qui
1603 2435 1653 2488 in
1689 2434 1804 2488 foro

211 2530 447 2598 superbe
470 2528 723 2582 incedunt
755 2528 1035 2583 inferiores
1090 2536 1213 2581 sunt
1234 2526 1299 2583 iis
1332 2568 1347 2592 ,
1405 2526 1494 2597 qui
1549 2527 1599 2579 in
1652 2525 1805 2579 biviis

212 2621 411 2670 vadunt.
437 2626 493 2671 et
516 2618 570 2669 in
591 2617 739 2670 aulas
761 2616 1153 2685 ingrediuntur,
1177 2617 1244 2669 ah
1269 2617 1376 2669 imo
1399 2616 1628 2669 clamant
1656 2630 1805 2669 men-

209 2709 480 2763 dicantes.
514 2708 579 2762 lii
608 2724 835 2775 namque
867 2708 1033 2761 Deum
1067 2707 1305 2770 laudant,
1339 2715 1392 2758 et
1423 2706 1802 2759 misericordias

213 2799 511 2868 unumque
541 2796 894 2867 philosophia:
912 2796 1070 2851 verba
1095 2795 1372 2866 proferunt
1397 2811 1411 2848 :
1437 2795 1660 2862 ideoque
1687 2796 1802 2847 illos

212 2890 537 2945 miserantur
562 2899 619 2944 et
652 2905 843 2943 manus
888 2888 1018 2959 ipsis
1056 2886 1396 2958 porrigimus,
1424 2901 1485 2940 ac
1514 2901 1799 2958 numquam

211 2994 550 3033 accusamus.
583 2978 681 3046 Qtti
712 2988 889 3033 autem
922 2978 1062 3032 male
1089 2977 1300 3032 divitias
1329 2975 1637 3046 possident,
1678 2991 1803 3029 cru-

210 3069 469 3135 delitatis,
498 3068 867 3134 immanitatis,
898 3068 1100 3138 rapina:
1127 3080 1182 3122 et
1209 3067 1661 3136 concupiscentia:
1684 3083 1795 3121 vcr-

213 3162 272 3214 ha
299 3162 580 3231 proferunt
599 3203 611 3213 .
649 3161 770 3216 Ideo
799 3160 939 3231 apud
972 3175 1158 3216 omnes
1185 3158 1361 3214 odiosi
1382 3168 1437 3214 et
1467 3158 1675 3214 ridiculi
1706 3160 1797 3213 ha-

211 3253 428 3306 bentur.
461 3252 757 3307 Considera
786 3261 961 3307 autem
984 3292 997 3314 ,
1026 3252 1149 3323 quid
1176 3250 1316 3319 apud
1342 3265 1530 3305 omnes
1556 3250 1798 3305 homines

213 3354 362 3414 turpe
382 3358 507 3399 esse
535 3343 777 3399 videatur
799 3384 813 3407 ,
847 3359 913 3396 an
937 3357 965 3394 a
989 3342 1246 3395 divitibus
1275 3350 1455 3410 petere
1492 3355 1558 3393 an
1590 3341 1655 3393 ab
1683 3340 1799 3393 ino-

212 3436 402 3504 pilms?
438 3436 616 3491 Palam
649 3445 795 3489 certe
822 3445 926 3499 cst,
957 3434 1025 3489 ab
1063 3435 1332 3503 inopibus.
1371 3432 1481 3486 Hoc
1521 3433 1697 3502 itaque
1728 3432 1796 3485 fa-

209 3527 351 3580 ciunt
371 3528 567 3582 divtes
589 3543 602 3593 ;
623 3542 728 3579 non
751 3525 890 3579 enim
906 3525 1165 3580 auderent
1187 3525 1250 3578 ad
1271 3524 1494 3578 ditiores
1516 3523 1791 3577 accedere.

210 3617 303 3683 Qui
330 3628 508 3671 autem
541 3618 889 3681 mendicant,
924 3633 950 3668 a
979 3617 1332 3685 locoptetibus
1364 3625 1549 3685 petunt
1578 3633 1589 3667 :
1624 3632 1795 3684 neque

210 3710 346 3763 enim
381 3708 660 3763 mendicus
694 3724 721 3761 a
755 3710 1001 3762 mendico
1026 3709 1188 3777 petit,
1221 3709 1315 3763 sed
1355 3723 1382 3760 a
1411 3708 1611 3772 divite;
1644 3709 1791 3762 dives

210 3812 379 3856 autem
407 3817 691 3872 pauperem
720 3800 994 3870 discerpit.
1024 3801 1228 3853 Rursus
1258 3798 1404 3869 quid,
1439 3816 1622 3869 qmeso
1642 3841 1655 3863 ,
1697 3800 1792 3852 ho-

212 3893 431 3958 nestius,
463 3910 492 3946 a
523 3894 828 3948 lubentibus
855 3903 906 3947 et
930 3892 1153 3963 gratiam
1181 3890 1494 3946 habentibus
1526 3895 1787 3960 accipere,

209 4000 270 4037 an
293 3986 490 4039 invitos
518 4001 712 4055 cogere
738 3996 791 4039 et
822 3983 1164 4053 perturbare?
1185 3984 1362 4036 Palam
1390 3993 1471 4036 est
1516 3982 1789 4037 honestius

206 4090 321 4130 esse
342 4076 539 4129 invitos
564 4092 666 4127 non
690 4077 924 4128 turbare.
951 4074 1059 4126 Sed
1088 4074 1188 4126 hoc
1203 4074 1393 4125 divites
1417 4072 1632 4125 faciunt.
1659 4072 1787 4125 Nam

208 4178 464 4232 pauperes
497 4177 527 4213 a
562 4163 861 4217 lubentibus
891 4159 1159 4227 accipiunt
1186 4169 1239 4211 et
1269 4161 1492 4228 gratiam
1546 4160 1787 4213 habenti-

207 4253 335 4315 bus;
360 4251 750 4306 divitcsautem
773 4250 839 4303 ab
872 4249 1054 4303 invitis
1082 4260 1134 4303 et
1162 4246 1579 4317 repugnantibus
1606 4264 1618 4299 :
1646 4247 1784 4315 quod

208 4342 537 4411 majoris‘est
588 4341 913 4411 paupertatis
953 4340 1361 4394 demonstratio.
1416 4340 1469 4393 Si
1523 4338 1665 4393 enim
1717 4339 1783 4393 ad

206 4433 480 4502 trandium
509 4450 667 4487 nemo
696 4434 817 4488 velit
846 4434 1121 4497 accedere,
1154 4433 1255 4486 nisi
1284 4432 1505 4500 gratiam
1536 4431 1635 4501 ipsi
1684 4430 1779 4483 ha-

204 4525 319 4579 beat
361 4525 407 4577 is
435 4524 522 4593 qui
570 4525 789 4589 invitat,
820 4526 1090 4592 quomodo
1122 4524 1317 4577 bonum
1352 4524 1509 4578 fuerit
1531 4524 1781 4593 pecunias

204 4616 247 4667 vi
274 4617 631 4682 extorquere?
658 4615 830 4669 Canes
868 4633 1042 4670 nonne
1074 4618 1191 4671 ideo
1217 4633 1531 4671 aversantur
1557 4625 1609 4670 et
1647 4616 1779 4683 fugis

206 4724 313 4762 tuus
341 4707 597 4762 latrantes
619 4748 633 4768 ,
663 4706 801 4776 quod
833 4707 989 4760 nobis
1012 4709 1223 4761 assidue
1256 4709 1456 4762 instent
1484 4719 1535 4763 et
1566 4723 1660 4761 nos
1690 4724 1778 4759 ur-

1266 320 1329 377 ΙΝ
1371 320 1583 379 EPIST.
1626 321 1644 378 l
1706 319 1799 375 AD
1835 320 1993 379 COR.
2034 322 2261 381 IIOMIL.
2302 326 2442 383 XIV.

3403 350 3503 407 IN

1914 437 2116 504 geant?
2146 438 2257 494 lloc
2283 452 2337 496 et
2362 442 2556 497 divites
2582 443 2801 502 faciunt.
2831 450 2898 506 At
2926 456 3203 513 honestius
3223 498 3241 525 ,
3280 470 3339 515 ut
3375 426 3497 518 cuin

1913 527 2057 581 dono
2094 526 2236 585 adsit
2275 540 2469 587 metus.
2520 536 2634 593 Hoc
2670 551 2820 596 certe
2843 547 3083 602 omnium
3129 554 3498 622 turpissimum

1913 628 1997 672 est
2026 635 2039 671 :
2068 621 2157 689 qui
2185 624 2330 677 enim
2356 627 2534 687 omnia
2564 641 2741 685 movet
2769 643 2825 687 ut
2854 636 3117 706 accipiat,
3143 621 3251 712 quo
3280 645 3498 706 homine

1914 711 2082 779 magis
2108 712 2367 771 ridiculus
2407 733 2512 775 non
2544 720 2735 777 fuerit?
2776 725 2984 782 Etenim
3014 711 3308 801 sa-pecum
3332 752 3497 794 canes

1914 811 2276 859 metueremus
2300 847 2315 871 ,
2359 823 2420 862 ea
2449 824 2569 880 quas
2614 814 2928 871 tenebamus
2968 821 3311 890 proiecimus.
3355 802 3497 895 Quid

1913 906 2121 956 rursus,
2150 894 2238 951 die
2266 898 2432 966 mihi,
2476 903 2686 973 turpius
2727 909 2918 976 pannis
2962 911 3156 969 laceris
3198 894 3496 977 lnvolutum

1915 996 2127 1054 petere,
2170 1004 2236 1043 an
2284 994 2486 1047 sericas
2529 1008 2707 1052 vestes
2758 998 3062 1057 ferentem?
3090 1008 3314 1073 Quando
3353 1014 3499 1069 enim

1912 1078 2031 1145 quis
2060 1078 2209 1134 dives
2236 1096 2390 1137 senes
2416 1084 2549 1139 colit
2577 1103 2838 1159 pauperes
2856 1133 2870 1155 ,
2904 1104 2960 1148 ut
3002 1112 3089 1149 res
3121 1098 3332 1156 illorum
3358 1106 3498 1158 acci-

1915 1168 2039 1233 piat,
2070 1168 2276 1224 etiamsi
2311 1173 2508 1228 libt'l'us
2540 1176 2788 1244 habeant,
2814 1198 2916 1250 qua
2946 1187 3098 1240 venia
3125 1188 3321 1258 dignus
3346 1195 3450 1249 erit
3473 1196 3499 1250 τ

1912 1256 1965 1310 Si
2004 1260 2160 1313 vultis
2210 1273 2425 1329 autem,
2470 1267 2579 1336 ip~a
2624 1284 2835 1341 quoque
2885 1275 3044 1327 verba
3085 1256 3496 1349 examinemus;

1912 1365 2155 1416 qmenam
2195 1356 2400 1410 scilicet
2428 1358 2619 1414 divites
2653 1373 2893 1429 petentes
2922 1366 3099 1421 dit-ant
3120 1412 3133 1433 ,
3163 1382 3213 1423 et
3249 1390 3498 1441 quamam

1913 1454 2195 1510 pauperes.
2226 1445 2362 1513 Quid
2383 1465 2509 1520 ergo
2525 1452 2659 1505 dicit
2687 1469 2884 1521 pauper
2904 1458 2926 1509 τ
2946 1459 3097 1524 Quod
3125 1466 3213 1531 qui
3237 1464 3325 1519 dat
3347 1468 3494 1523 elec-

1913 1546 2189 1601 mosynam
2222 1552 2327 1590 non
2356 1554 2517 1609 parce
2546 1543 2722 1606 dabit,
2753 1548 2893 1614 quod
2923 1564 2982 1603 ea
3026 1551 3117 1605 det
3161 1570 3279 1624 qua:
3318 1573 3348 1611 a
3388 1558 3500 1614 Dei)

1911 1632 2064 1687 sunt,
2107 1628 2244 1693 quod
2287 1628 2425 1683 Deus
2468 1633 2537 1685 sit
2567 1633 2822 1704 benignus
2860 1648 2914 1693 et
2955 1641 3153 1711 majora
3196 1648 3493 1705 retribuat:

1912 1730 2027 1784 qua:
2073 1719 2249 1771 omnia
2282 1722 2632 1792 philosophia:
2664 1738 2789 1781 sunt
2814 1732 2971 1785 verba
3015 1745 3066 1788 et
3104 1738 3498 1797 exhortationis

1911 1818 1965 1862 et
1989 1811 2218 1865 consilii.
2254 1812 2422 1881 [legat
2448 1819 2588 1870 cnim
2620 1827 2671 1874 te
2697 1821 2762 1875 ad
2798 1823 3077 1880 Dominum
3120 1832 3375 1899 respicias
3395 1875 3411 1901 ,
3441 1845 3497 1889 et

1913 1911 2110 1957 metum
2141 1904 2233 1958 tibi
2264 1906 2399 1961 tollit
2431 1910 2619 1963 l'uturm
2642 1917 2968 1982 paupertatis
2994 1934 3007 1969 :
3036 1933 3097 1972 ac
3125 1923 3347 1979 multum
3375 1927 3497 1993 quis

1914 1992 2091 2047 videat
2115 1994 2409 2051 doctrinam
2455 2000 2506 2053 in
2548 2004 2725 2057 verbis
2772 2007 3207 2067 mendicantium.
3253 1992 3485 2073 Divitum

1911 2092 2090 2138 autem
2108 2087 2265 2139 verba
2289 2090 2461 2157 qualia
2484 2092 2649 2144 sunt?
2681 2094 2989 2161 Porcorum,
3010 2114 3223 2170 canum,
3243 2103 3491 2172 luporum

1909 2172 2240 2242 aliarumque
2259 2177 2507 2233 ferarum.
2538 2181 2671 2237 Nam
2686 2184 2773 2237 alii
2800 2185 2870 2242 de
2897 2190 3119 2256 mensis,
3141 2193 3210 2247 de
3231 2195 3492 2263 obsoniis,

1910 2261 1977 2313 de
2005 2262 2395 2355 condimentis,
2424 2268 2491 2323 de
2522 2270 2648 2326 vino
2677 2278 2851 2329 omnis
2878 2280 3092 2347 generis
3111 2322 3128 2347 ,
3157 2282 3226 2336 de
3250 2261 3491 2355 unguen;

1912 2351 1999 2417 tis,
2023 2352 2089 2407 de
2116 2348 2371 2422 vestibus,
2403 2359 2575 2431 deque
2600 2364 2743 2417 omni
2772 2365 2879 2421 alio
2905 2368 3030 2424 luxu
3060 2382 3116 2427 et
3139 2348 3447 2445 prolusione
3475 2398 3491 2435 :

1908 2442 1995 2497 alii
2039 2443 2107 2499 de
2136 2448 2349 2513 usuris,
2376 2449 2444 2504 de
2474 2450 2770 2509 {teporibus
2795 2472 2810 2521 ;
2841 2467 2895 2512 et
2930 2442 3157 2517 schedas
3195 2465 3453 2537 [lugentes
3473 2512 3491 2539 ,

1908 2549 1971 2587 ac
2005 2536 2309 2594 debitorum
2355 2541 2746 2602 intolerabilem
2800 2552 3108 2610 attollentes
3163 2536 3489 2631 magnitude;

1910 2644 2053 2693 nem,
2086 2638 2352 2702 tamquam
2379 2650 2407 2689 a
2441 2637 2679 2705 patribus
2705 2650 2761 2696 et
2782 2644 2894 2698 avis
2912 2646 3120 2703 initium
3142 2658 3489 2723 sumpserint,

1908 2720 2061 2813 hujus
2088 2723 2338 2791 domum,
2369 2730 2509 2785 illius
2536 2747 2722 2802 agrum
2743 2776 2758 2801 ,
2788 2736 3009 2794 alterius
3045 2720 3367 2813 mancipium
3396 2720 3491 2804 an;

1907 2809 2083 2867 ferunt
2114 2814 2498 2889 facultatesque
2519 2838 2726 2879 omnes.
2757 2825 2893 2892 Quid
2921 2844 3050 2885 vero
3075 2809 3274 2891 dixeris
3294 2836 3360 2892 de
3382 2846 3491 2895 tes-

1908 2906 2175 2971 tamentis,
2199 2923 2317 2976 qua:
2346 2925 2451 2964 non
2490 2922 2823 2983 atramento,
2865 2919 2960 2973 sed
2990 2925 3247 2993 sanguine
3290 2928 3485 2997 scripta

1905 2998 2067 3050 sunt?
2094 2999 2199 3053 Aut
2222 3001 2365 3056 enim
2396 3002 2447 3057 in
2477 3019 2581 3059 non
2602 3005 2878 3064 lcrendnm
2897 3010 3141 3067 inductos
3170 3019 3485 3086 periculum,

1904 3098 1995 3143 aut
2022 3090 2242 3147 modicis
2272 3096 2550 3163 promissis
2578 3098 2898 3166 incantatos,
2922 3118 3056 3173 quos
3086 3107 3313 3163 viderint
3338 3128 3486 3180 qua:-

1904 3177 2024 3233 dam
2056 3182 2264 3237 modica
2292 3186 2658 3252 possidentes.
2691 3204 2758 3244 eo
2794 3191 3120 3250 induxerunt
3144 3207 3200 3251 ut
3228 3177 3484 3267 cognatos

1902 3286 2090 3326 omnes
2116 3283 2169 3327 et
2196 3287 2504 3346 paupertate
2529 3293 2670 3348 smpe
2698 3293 2982 3350 pereuntes
3004 3286 3195 3341 missos
3223 3287 3482 3356 facerent,

1902 3375 2065 3433 seque
2097 3381 2190 3432 pro
2218 3366 2319 3420 illis
2348 3368 2570 3423 heredes
2592 3370 2977 3429 adscriberent.
3010 3373 3133 3431 "me
3159 3387 3334 3432 autem
3350 3396 3484 3450 qua-

1902 3471 2145 3511 runmam
2191 3457 2422 3513 ferarum
2462 3475 2566 3514 non
2609 3474 2863 3530 superant
2906 3463 3167 3521 feritatem
3194 3468 3217 3521 γ
3246 3470 3482 3542 Quapro-

1902 3557 2053 3615 pter,
2084 3548 2309 3603 obsecro
2331 3592 2345 3615 ,
2375 3565 2565 3606 omnes
2592 3552 2897 3623 hujusmodi
2942 3555 3154 3613 divitias
3193 3559 3477 3632 fugiamus.

1902 3647 2081 3708 turpes
2106 3650 2158 3693 et
2184 3642 2421 3696 eiedibus
2453 3644 2671 3698 refertas
2697 3660 2712 3709 ;
2742 3656 2795 3700 et
2828 3648 3133 3716 Spirituales
3163 3652 3280 3707 illas
3310 3656 3482 3724 possi-

1898 3727 2139 3793 deamus,
2176 3733 2558 3802 thesaurosque
2594 3734 2646 3788 in
2680 3737 2813 3790 cazlo
2842 3741 3199 3807 requiramus.
3230 3743 3478 3816 Numqui

1899 3816 1997 3871 hos
2028 3818 2259 3881 habent,
2292 3820 2363 3873 illi
2409 3832 2556 3876 certe
2590 3824 2781 3879 divites
2822 3837 2969 3891 sunt,
3008 3831 3080 3883 illi
3122 3834 3380 3900 Opnlenti,
3423 3847 3478 3891 ct

1894 3906 2144 3962 fruuntur
2170 3910 2418 3965 omnibus
2445 3928 2563 3981 quae
2592 3914 2678 3969 hic
2702 3925 2755 3970 et
2783 3917 2891 3970 illic
2915 3929 3057 3973 sunt.
3089 3921 3186 3987 Qui
3215 3925 3357 3978 enim
3387 3941 3477 3979 sc-

1894 4001 2124 4053 condum
2159 4001 2248 4054 llei
2273 4002 2490 4057 verbum
2516 4021 2715 4074 pauper
2734 4022 2853 4063 esse
2873 4008 3006 4074 vult,
3029 4013 3265 4066 omnium
3289 4015 3479 4071 domos

1896 4088 2055 4142 habet
2094 4101 2331 4156 apertas.
2364 4094 2495 4149 Nam
2526 4098 2607 4159 ei,
2638 4100 2726 4167 qui
2757 4111 2971 4169 propter
3002 4103 3164 4157 Deum
3194 4107 3323 4159 nihil
3353 4123 3473 4173 pos-

1893 4178 2029 4233 sidet
2052 4219 2065 4241 ,
2098 4184 2461 4253 unusquisque
2485 4199 2579 4237 sua
2606 4188 2814 4242 confert
2837 4208 2855 4244 :
2884 4192 2973 4258 qui
3007 4208 3132 4245 vero
3159 4210 3316 4262 parva
3349 4212 3471 4253 cmn

1894 4267 2145 4337 injuSIitia
2178 4270 2292 4324 vult
2335 4270 2534 4326 habere
2555 4314 2570 4339 ,
2600 4276 2836 4330 omnium
2875 4278 2976 4333 sibi
3005 4281 3138 4335 ostia
3171 4284 3379 4341 clausit.
3409 4286 3473 4343 Ut

1889 4377 2015 4432 ergo
2046 4374 2099 4417 et
2128 4381 2243 4433 quae
2287 4364 2374 4420 hic
2400 4377 2452 4421 et
2479 4384 2597 4437 qua:
2628 4370 2733 4426 illic
2760 4382 2883 4426 sunt
2920 4373 3055 4428 bona
3082 4391 3433 4448 assequamur
3454 4423 3469 4440 .

1888 4456 2142 4527 eligamus
2166 4458 2439 4513 immotam
2466 4472 2517 4515 et
2542 4462 2893 4518 immortalem
2924 4467 3248 4535 opulentiam
3273 4488 3286 4524 :
3311 4489 3470 4540 quam

1888 4551 2084 4601 utinam
2119 4566 2217 4603 nos
2240 4568 2426 4605 omnes
2454 4568 2846 4616 consequamur
2867 4560 3033 4626 gratia
3055 4571 3109 4614 et
3146 4562 3472 4632 benignitate

1886 4641 2095 4693 Domini
2126 4642 2292 4695 nostri
2324 4642 2449 4694 Jesu
2477 4642 2698 4707 Christi,
2730 4656 2837 4699 etc.

2692 4842 2819 4855 —

1625 4913 1966 4978 HOMILIA
2014 4883 2190 4975 xw.

200 5053 315 5110 (Συ.
343 5057 395 5111 4.
438 5073 489 5112 v.
525 5058 608 5111 l7.
645 5058 765 5113 Ideo
808 5060 919 5114 misi
956 5059 1023 5111 ad
1070 5074 1151 5112 vos
1200 5055 1547 5120 Timotheum,
1574 5058 1659 5124 qui
1694 5068 1767 5112 est

262 5148 394 5214 ﬁlius
443 5164 587 5201 mea:
626 5149 836 5203 dilectus
880 5161 924 5205 et
968 5150 1134 5219 ﬁdelis
1172 5149 1223 5201 in
1265 5146 1520 5211 Domino,
1554 5148 1638 5211 qui
1684 5164 1768 5202 vos

261 5241 670 5311 connuonefaciet
696 5240 814 5294 vias
833 5258 987 5305 meas,
1018 5258 1131 5311 qua:
1157 5249 1271 5293 sunt
1308 5240 1358 5291 in
1387 5236 1585 5292 Christo
1617 5237 1763 5293 Iesu.

265 5332 310 5385 1.
345 5330 541 5384 Paulus
570 5332 684 5401 igne
712 5330 987 5385 ardentior.
1015 5362 1081 5373 —-—
1099 5331 1195 5385 llic
1222 5344 1431 5399 quoque
1458 5329 1766 5384 consideres

199 5423 351 5487 velim
369 5436 683 5493 geni-rosam
710 5420 963 5487 animam,
992 5421 1113 5491 igne
1136 5419 1494 5476 ardentiorem
1518 5427 1571 5474 et
1596 5420 1765 5474 acrio-

198 5524 318 5570 rian.
348 5514 574 5571 Volebat
594 5513 808 5585 quidem
838 5514 951 5583 ipse
975 5514 1187 5581 adesse,
1215 5511 1506 5569 Corinthiis
1535 5514 1765 5566 maxime

197 5604 267 5657 sic
290 5602 669 5676 aegrotantibus
702 5614 758 5663 et
794 5604 1056 5661 seditione
1096 5606 1325 5675 agitatis.
1359 5604 1531 5660 Probe
1562 5604 1764 5659 sciebat

202 5695 325 5752 enim
349 5737 363 5761 ,
390 5713 553 5761 quam
580 5697 861 5771 prodesset
902 5694 1181 5769 discipulis
1227 5699 1509 5769 prmsentia
1543 5713 1638 5756 sua
1663 5740 1677 5767 ,
1708 5706 1763 5754 et

1878 5070 2132 5126 quantum
2164 5059 2379 5115 obesset
2403 5060 2663 5116 absentia.
2702 5063 2768 5118 Et
2800 5064 2927 5119 illud
2959 5065 3171 5137 quidem
3212 5067 3461 5125 indicavit

1879 5150 1929 5202 in
1966 5149 2201 5219 Epistola
2230 5150 2293 5205 ad
2327 5151 2695 5223 Pbilippenses
2716 5195 2732 5221 ,
2760 5155 2945 5211 dicens
2967 5199 2983 5222 ,
3016 5156 3135 5212 Non
3164 5172 3218 5212 ut
3242 5162 3295 5213 in
3322 5178 3457 5228 prir-

1876 5242 2037 5293 sentio
2082 5258 2190 5294 mea
2238 5251 2431 5295 tantum
2452 5284 2469 5311 ,
2502 5243 2590 5297 sed
2619 5246 2776 5299 multo
2807 5249 2968 5317 magis
3008 5265 3142 5301 nunc
3168 5266 3364 5319 quoque
3406 5251 3458 5303 in

1874 5332 2098 5383 absentia
2128 5349 2237 5386 mea
2262 5374 2276 5393 ,
2318 5351 2430 5387 cum
2460 5344 2637 5389 timore
2678 5346 2725 5391 et
2754 5347 2966 5391 tremore
3004 5340 3214 5393 salutem
3242 5352 3453 5394 vestrum

1873 5424 2149 5491 operamini
2200 5422 2457 5495 (Philipp.
2499 5426 2553 5480 2.
2590 5426 2683 5498 12)
2714 5446 2726 5483 :
2758 5429 2859 5484 hoc
2901 5439 3076 5484 autem
3116 5433 3356 5487 ostendit
3398 5435 3448 5487 in

1874 5511 1972 5565 hac
2001 5513 2227 5581 epistola
2254 5513 2437 5570 dicens
2462 5533 2474 5569 :
2511 5516 2595 5571 18.
2644 5516 2921 5587 Tamquam
2962 5536 3062 5573 non
3092 5532 3326 5576 venturus
3355 5524 3449 5574 sim

1871 5603 1939 5654 ad
1956 5606 2248 5674 vos,iuﬂati
2283 5617 2397 5661 sunt
2422 5608 2669 5677 quidam;
2701 5609 2780 5665 19.
2814 5613 3011 5664 veniam
3050 5624 3235 5667 autnu.
3282 5614 3447 5668 FeSti-

1872 5696 2031 5753 nabat
2069 5698 2247 5769 itaque
2291 5709 2346 5757 et
2371 5701 2616 5771 cupiebat
2657 5702 2771 5774 ipse
2798 5704 3030 5772 adesse;
3065 5705 3161 5761 sed
3199 5707 3318 5780 quia
3346 5705 3452 5763 hoc
