4070 6322
606 345 705 396 H5

607 460 842 516 nondum
874 458 1067 516 licebat
1086 501 1101 523 ,
1132 456 1489 528 permissione
1512 456 1774 509 adventus
1801 454 1883 508 sui
1923 453 2042 507 illos
2068 466 2191 506 eor-

605 552 774 623 rigit:
830 567 1003 623 neque
1047 550 1577 611 boctantummodo,
1616 545 1711 601 sed
1735 545 1896 600 ctiam
1937 542 2192 598 missione

602 642 868 711 discipuli.
918 640 1048 695 Ideo
1088 654 1323 711 namque
1344 681 1359 702 ,
1408 638 1582 709 inquit
1602 677 1621 699 ,
1648 636 1763 689 misi
1790 634 1859 688 od
1884 648 1972 688 ros
2018 631 2194 686 Timo-

602 732 795 787 theum.
816 730 946 788 Ideo
972 747 993 787 :
1012 731 1217 803 quam?
1239 729 1374 798 Quia
1404 738 1640 783 vestrum
1662 736 1721 780 ut
1751 726 1980 779 lliiorum
2004 736 2191 777 curam

603 837 770 892 gero,
800 831 858 877 ut
885 821 980 892 qui
1015 835 1113 875 ros
1137 818 1437 892 genuerint.
1466 816 1536 872 Et
1557 831 1680 871 cum
1725 812 2193 869 commendatione

605 926 852 984 persona:
881 921 966 967 est
990 909 1219 981 cpistola
1244 928 1259 964 :
1292 909 1395 978 Qui
1421 916 1495 963 est
1531 907 1671 976 ﬁlius
1698 922 1836 960 meus
1862 904 2076 959 dilectus
2094 943 2111 967 ,
2144 911 2192 955 et

604 1004 773 1076 ﬁdelis
800 1005 856 1058 in
894 1001 1113 1056 Domino
1136 1040 1151 1055 .
1192 1001 1306 1057 [loc
1332 1009 1513 1056 autem
1537 998 1703 1063 dixit,
1747 1006 1805 1053 et
1848 1006 1908 1050 ut
1950 1008 2191 1048 amorem

608 1111 767 1152 suum
793 1094 1046 1151 ostendat
1068 1134 1083 1157 ,
1112 1103 1170 1150 et
1196 1102 1255 1149 ut
1290 1094 1414 1149 illos
1440 1097 1703 1161 pauperet
1730 1086 1797 1142 ad
1842 1086 1992 1141 illum
2034 1097 2192 1138 rei-c-

606 1197 789 1244 renter
810 1188 1119 1245 ridendum.
1158 1187 1343 1256 Name
1384 1193 1591 1240 tantum
1622 1180 1837 1237 ﬁdelem
1860 1179 1992 1232 dicit
2015 1218 2031 1241 ,
2058 1174 2154 1228 sed
2176 1213 2191 1235 .

606 1281 673 1336 In
698 1280 948 1346 Domino;
974 1282 1025 1339 id
1046 1290 1151 1347 est,
1172 1280 1234 1334 in
1262 1279 1424 1334 rebus
1445 1291 1563 1347 qutc
1587 1271 1881 1330 secundum
1912 1267 2193 1322 Dcunimtm

605 1382 751 1428 sunt.
776 1372 931 1440 Quod
961 1373 1005 1425 si
1050 1372 1103 1427 in
1129 1368 1475 1425 smenlarilms
1503 1366 1665 1421 rebus
1692 1362 1902 1417 fidelem
1929 1372 2052 1413 esse
2081 1358 2195 1409 laus

602 1473 722 1530 est,
753 1464 924 1518 multo
967 1463 1135 1530 magis
1179 1461 1232 1515 in
1274 1456 1659 1529 spiritualibus.
1707 1453 1765 1507 Si
1810 1464 1942 1520 ergo
1966 1448 2195 1502 dilectus

604 1555 724 1624 ejus
751 1554 891 1609 [ilius
916 1554 1005 1616 sit,
1026 1553 1200 1621 cogita
1224 1560 1456 1621 quantus
1481 1548 1551 1603 sit
1574 1560 1729 1599 amor
1750 1541 1893 1596 Pauli
1926 1542 1977 1593 in
1998 1538 2192 1591 Corin-

605 1644 771 1710 thios,
798 1658 1025 1715 quorum
1052 1643 1219 1713 gratia
1254 1642 1323 1693 ab
1348 1640 1441 1694 illo
1461 1638 1685 1692 voluerit
1718 1632 1977 1705 separari.
2007 1632 2062 1687 Si
2086 1644 2187 1683 au-

608 1746 717 1791 tem
747 1733 919 1789 ﬁdelis
955 1734 1061 1796 sit,
1092 1733 1360 1801 inculpata
1396 1745 1485 1787 res
1516 1726 1933 1784 administrabit.
1970 1722 2073 1790 Qui
2108 1737 2194 1775 ros

606 1826 1042 1891 eommonefociet.
1073 1824 1190 1879 Non
1216 1823 1380 1887 dicit,
1415 1820 1639 1875 Docebit
1660 1860 1676 1877 .
1708 1832 1776 1872 ne
1824 1816 1874 1870 id
1917 1830 2059 1884 a-gre
2089 1812 2197 1867 fer-

608 1927 728 1973 rent
751 1960 766 1982 ,
803 1928 860 1971 ιιι
888 1916 977 1987 (ιιιί
1016 1917 1086 1969 ab
1133 1917 1250 1984 ipso
1271 1912 1566 1968 discerent.
1606 1909 1837 1977 ideoque
1868 1906 1922 1959 in
1951 1906 2053 1957 line
2074 1904 2149 1957 ait
2178 1918 2194 1957 :

613 2010 755 2079 Opus
783 2010 914 2063 enim
949 2007 1044 2061 Dei
1072 2015 1313 2077 operatur
1342 2006 1471 2057 sicut
1491 2013 1539 2056 et
1564 2018 1656 2072 ego
1682 2002 1757 2071 (i.
1788 1998 1906 2053 Cor.
1944 1996 2030 2050 l6.
2060 1997 2149 2061 l0)
2177 2010 2192 2047 :

610 2118 679 2159 ne
701 2103 822 2173 quis
850 2116 980 2170 ergo
1012 2101 1160 2154 illum
1192 2097 1474 2167 despiciat.
1507 2094 1656 2149 Nulla
1684 2090 1826 2151 enim
1854 2091 1906 2144 iit
1935 2086 2198 2157 apostolis

608 2204 724 2249 erat
752 2190 980 2257 invidit,
1014 2190 1106 2243 sed
1132 2204 1297 2244 unum
1335 2188 1683 2259 spectabant,
1716 2197 1909 2249 nempe
1941 2176 2198 2232 Ecclesia!

610 2283 1016 2338 a-diticationcm
1054 2300 1067 2334 :
1095 2290 1149 2334 et
1189 2280 1233 2332 si
1283 2279 1457 2331 minor
1481 2284 1598 2331 erat
1637 2274 1683 2327 is
1709 2272 1797 2341 qui
1830 2270 2155 2339 operabatur
2178 2307 2195 2331 ,

610 2390 729 2429 cum
759 2373 904 2426 omni
952 2372 1130 2426 studio
1162 2370 1412 2423 fovebant
1460 2367 1607 2420 illum
1654 2374 1709 2419 et
1745 2363 2021 2432 jnvabant.
2055 2362 2199 2427 Qua-

614 2476 831 2534 propter
858 2479 964 2518 non
996 2464 1127 2517 Salis
1156 2461 1340 2514 habuit
1363 2458 1545 2514 dicere
1564 2498 1579 2521 ,
1607 2453 2033 2523 Commonefaciet
2056 2469 2074 2515 ;
2100 2450 2196 2505 sed

616 2556 825 2610 illorum
868 2555 1119 2609 invidiam
1170 2553 1340 2621 magis
1395 2547 1712 2604 abscindere
1762 2549 1949 2599 volens
2001 2543 2191 2613 (iure.

617 2650 700 2702 nis
733 2662 961 2716 namque
1001 2656 1117 2699 erat
1159 2641 1502 2711 Timethens)
1528 2657 1543 2695 :
1571 2639 1690 2693 ideo
1730 2636 2042 2704 subjnnxit,
2080 2632 2202 2689 Vina

617 2758 776 2795 meas.
830 2739 946 2794 Non
1002 2736 1307 2798 suas,sed,
1360 2733 1537 2799 Meos;
1578 2732 1631 2786 id
1684 2740 1788 2793 est,
1832 2727 2194 2789 «renuntias,

614 2832 879 2905 pericula,
925 2846 1127 2894 mores,
1185 2830 1350 2900 leges,
1396 2833 1613 2891 statuta,
1665 2839 1901 2880 c:mones
1943 2821 2202 2892 apostoli.

614 2938 708 2978 cos
760 2932 816 2976 ct
862 2921 962 2974 alia
1010 2922 1209 2974 omnia.
1242 2917 1372 2984 Quia
1405 2916 1547 2971 enim
1598 2916 1770 2978 dixit,
1830 2913 1975 2967 Nudi
2029 2928 2201 2965 snnms

620 3024 666 3067 et
703 3013 933 3083 colaphis
986 3012 1225 3066 ca'dnnur
1277 3022 1323 3064 et
1381 3010 1643 3063 instabiles
1686 3021 1909 3061 sumus:
1940 3016 1993 3059 et
2039 3005 2153 3058 inec
2182 3042 2199 3068 ,

617 3107 819 3176 inquit,
856 3106 1031 3158 omnia
1068 3120 1162 3155 vos
1187 3101 1633 3161 eontntoncfaeiet
1682 3109 1737 3154 et
1783 3099 1929 3169 leges
1978 3097 2199 3161 Christi,

620 3206 677 3251 nt
697 3195 1140 3251 havrescsdeleat.
1176 3193 1375 3246 lbzinde
1401 3194 1672 3261 superiora
1705 3201 1954 3260 repetens
1976 3188 2203 3257 subjun-

620 3288 736 3355 git,
795 3286 923 3350 Qua
972 3296 1086 3338 sunt
1139 3286 1192 3337 in
1238 3283 1439 3339 Christo
1495 3302 1513 3338 :
1565 3283 1743 3337 omnia
1797 3281 1870 3334 nti
1912 3281 2048 3333 solet
2105 3280 2207 3331 lio-

624 3384 769 3434 tnino
800 3381 1058 3445 referens,
1082 3389 1137 3433 et
1167 3379 1271 3433 [ide
1291 3378 1447 3447 digna
1478 3377 1751 3447 sequentia
1778 3374 2007 3429 reddens
2036 3391 2048 3426 :
2074 3388 2205 3443 qna-

628 3489 689 3528 re
740 3474 917 3526 subdit
960 3491 974 3527 :
1031 3472 1176 3528 Sicut
1228 3472 1411 3542 ubique
1460 3471 1512 3523 in
1566 3470 1706 3523 omni
1756 3466 1987 3523 Ecclesia
2032 3468 2201 3518 doceo.

623 3564 767 3621 N.hil
795 3564 933 3633 apud
965 3578 1057 3617 vos
1088 3561 1209 3614 novi
1240 3560 1348 3615 dixi
1381 3581 1395 3614 :
1429 3559 1617 3613 horum
1663 3558 1791 3611 ntihi
1828 3554 2058 3610 COItSCltl.‘
2085 3561 2208 3605 sunt

626 3659 843 3726 reliqua:
872 3670 1061 3709 omnes
1094 3652 1368 3707 Ecclesia).
1405 3651 1527 3702 \‘ias
1554 3658 1730 3702 autem
1763 3648 1878 3702 ilias
1910 3647 1961 3701 in
1993 3645 2210 3699 Christo

625 3747 777 3813 dii-it,
808 3744 1097 3801 ostendens
1123 3744 1240 3799 illas
1272 3741 1402 3796 nihil
1432 3739 1723 3794 humanum
1752 3738 1974 3805 habere,
2005 3746 2061 3793 et
2087 3752 2207 3789 eum

630 3839 749 3908 ejus
772 3838 971 3891 auxilio
996 3852 1054 3891 se
1097 3845 1244 3890 recte
1282 3834 1460 3888 omnia
1488 3849 1694 3901 gerere.
1719 3831 2005 3899 Postquam
2032 3839 2209 3882 autem

633 3934 747 3986 haec
772 3930 908 3984 dixit
931 3938 985 3982 et
1016 3929 1133 3980 illos
1163 3926 1369 3979 curavit
1392 3942 1407 3987 ;
1439 3935 1791 3993 aggressurus
1816 3919 2210 3973 accusationem

634 4022 995 4083 foruicatoris,
1029 4032 1215 4072 rursus
1244 4016 1320 4068 ira
1350 4015 1535 4083 plenos
1561 4024 1838 4067 sermunes
1862 4007 2077 4073 emittit,
2108 4021 2211 4060 non

633 4114 774 4180 t,t|0d
800 4112 889 4167 ille
919 4112 987 4165 ita
1034 4106 1257 4163 affectus
1295 4112 1459 4165 esset.
1491 4102 1584 4158 sed
1614 4110 1673 4157 ιιι
1712 4100 1833 4156 illos
1865 4099 2130 4170 corrigat;
2161 4106 2216 4153 et

635 4210 957 4262 fornicatore
987 4201 1230 4264 dimisso,
1259 4198 1394 4252 alios
1421 4195 1729 4266 alloquitur,
1764 4210 1830 4249 ne
1857 4194 1970 4249 suis
2000 4192 2214 4265 quidem

632 4298 810 4352 verbis
835 4296 1051 4365 dignum
1085 4293 1230 4347 illum
1266 4289 1514 4359 judicans
1541 4304 1555 4341 :
1584 4287 1727 4355 quod
1757 4302 1881 4355 erga
1912 4300 2098 4339 servos
2124 4284 2213 4355 qui

634 4386 921 4442 admodum
950 4382 1288 4437 oil’etnlcrut.t
1327 4379 1503 4432 facere
1531 4377 1785 4431 solemus.
1819 4376 1886 4429 Et
1912 4376 2031 4445 quia
2058 4374 2213 4440 dixit,

636 4475 977 4534 Timothetnn
1009 4472 1199 4533 mitto;
1230 4484 1299 4523 ne
1340 4468 1461 4521 ideo
1488 4466 1764 4536 segniores
1793 4466 2021 4519 cmdant
2045 4506 2059 4527 ,
2097 4466 2218 4520 ride

634 4569 760 4642 quid
787 4568 929 4622 dicat
960 4583 974 4620 :
1009 4563 1291 4632 Tamquam
1334 4576 1435 4613 non
1480 4569 1718 4611 venturus
1760 4557 1855 4610 sim
1899 4555 1967 4608 od
1994 4572 2079 4609 vos
2100 4597 2114 4617 ,
2144 4556 2219 4608 sic

634 4660 802 4729 inﬂati
845 4667 961 4711 sunt
1004 4654 1229 4724 quidam.
1274 4651 1367 4706 llis
1392 4651 1533 4707 enim
1565 4661 1619 4705 et
1649 4649 1768 4705 illos
1815 4648 2122 4719 perstringit
2166 4658 2221 4702 et

618 4752 772 4804 alios
797 4745 1055 4817 quosdam
1082 4784 1097 4807 ,
1132 4743 1271 4797 altos
1301 4743 1512 4797 illorum
1542 4759 1733 4798 sensus
1778 4743 2074 4813 exagitans.
2126 4742 2220 4797 Est

640 4843 783 4893 enim
812 4837 1014 4892 crimen
1057 4830 1279 4901 appetiti
1308 4830 1633 4901 principatus
1655 4872 1673 4895 ,
1702 4830 1942 4888 absentia
1981 4832 2220 4888 doctoris

638 4932 705 4985 ad
736 4926 1091 4999 arrogantiam
1124 4924 1220 4980 uti.
1248 4926 1474 4991 Quando
1495 4925 1637 4979 enim
1668 4926 1875 4994 plebem
1907 4927 2216 4996 alloquitur,

644 5023 913 5096 perpende
940 5019 1071 5075 mihi
1100 5017 1368 5088 quomodo
1388 5016 1453 5072 ad
1481 5016 1738 5091 pudorem
1768 5018 1979 5073 inducat
2008 5036 2022 5083 ;
2051 5033 2214 5087 quam

637 5116 708 5171 do
753 5123 929 5166 autem
961 5125 1055 5181 eos
1097 5112 1184 5181 qui
1213 5110 1267 5167 in
1296 5124 1453 5164 causa
1486 5108 1610 5162 mali
1660 5117 1784 5163 sunt
1806 5150 1821 5173 ,
1851 5108 2219 5163 vehementius

640 5208 766 5276 agit.
820 5204 930 5258 Illis
973 5204 1116 5258 enim
1141 5202 1308 5265 dicit,
1341 5202 1580 5255 Omnium
1625 5202 1949 5274 peripsema;
1994 5201 2219 5269 illtlStllle

640 5284 848 5351 leniens
874 5291 1040 5357 addit,
1075 5291 1193 5345 Non
1223 5300 1277 5344 ut
1302 5291 1611 5365 confundunt
1638 5305 1745 5356 vos,
1776 5291 1881 5344 [nec
1906 5292 2067 5345 scribo
2094 5306 2113 5345 :
2139 5290 2219 5344 bis

635 5398 838 5447 autem,
869 5383 1151 5451 'l'mnqnam
1176 5400 1273 5436 non
1300 5395 1535 5436 venturus
1562 5383 1657 5435 sint
1687 5382 1755 5434 ad
1780 5398 1885 5446 vos,
1912 5384 2076 5452 inﬂati
2104 5390 2222 5436 sunt

638 5482 884 5549 quidam;
914 5473 1205 5528 ostendens
1232 5475 1451 5541 puerilis
1488 5474 1649 5527 animi
1678 5490 1798 5529 e~sc
1837 5477 2219 5544 arrogantiam.

643 5571 850 5625 Etenhn
880 5568 1029 5638 pueri
1067 5564 1306 5620 absentia
1338 5566 1573 5635 magistri
1617 5567 1895 5637 segniores
1926 5566 2077 5622 fiunt.
2111 5566 2222 5621 lloc

640 5674 765 5729 ergo
789 5656 1074 5721 indicatur,
1104 5667 1155 5711 ct
1187 5654 1326 5725 quod
1355 5658 1634 5727 prmsentia
1667 5659 1795 5712 satis
1822 5658 1890 5711 sit
1918 5658 1979 5710 ad
2010 5673 2221 5713 correc-

636 5751 851 5807 tionem.

1317 336 1371 389 S.
1413 333 1688 390 JU.\.\'NIS
1724 334 2200 393 ειιιιῖδοετυιιι
2241 334 2561 392 ARCIIIEP.
2601 335 2705 393 C03
2731 338 3133 397 STANTlNUP.

3779 348 3886 403 ιυι

2370 451 2425 509 3.
2464 452 2925 520 Quemadmodum
2986 459 3129 511 cnim
3184 459 3339 515 leone
3391 470 3656 530 prasente
3703 460 3889 514 oninia

2301 554 2572 601 terrentur
2596 547 2849 601 animalis
2878 565 2893 603 :
2922 549 3001 602 sic
3037 559 3304 618 prasente
3340 549 3507 605 Paulo
3535 553 3892 622 pertimesco-

2299 634 2425 690 bant
2449 635 2485 691 ii
2512 638 2603 707 qui
2634 637 2925 693 Ecclesiam
2950 640 3395 709 corrumpebant.
3426 641 3554 697 Ideo
3575 642 3884 713 subiunxit:

2300 727 2390 783 i9.
2442 725 2653 782 Veniam
2678 738 2851 783 ututs
2877 729 2979 783 cito
2998 730 3069 783 ad
3092 745 3181 784 eos
3209 771 3225 795 ,
3269 731 3312 784 si
3368 727 3624 786 Dominus
3646 732 3894 787 soluerit.

2298 816 2402 873 Sed
2444 817 2549 874 hoc
2576 818 2748 873 solum
2774 818 2957 875 dicere
2980 861 2995 885 ,
3021 820 3399 876 comminantis
3422 835 3544 876 esse
3568 822 3891 887 ridebam;

2298 925 2521 979 operum
2548 920 2727 965 autem
2752 909 3262 967 demonstrationem
3286 920 3341 967 et
3366 913 3541 982 ipsum
3566 914 3896 983 mittere

2297 1009 2351 1054 et
2377 1000 2446 1055 ab
2472 1000 2579 1055 illis
2603 1002 2843 1073 esigere,
2872 1001 2975 1058 hoc
2996 1003 3173 1073 magni
3201 1012 3251 1057 et
3283 1002 3527 1073 sublimis
3547 1013 3663 1057 erat
3692 1004 3891 1058 animi.

2296 1091 2656 1159 Quamobrem
2694 1104 2747 1149 et
2775 1092 2876 1148 hoc
2901 1095 3195 1164 subjunxit,
3218 1094 3403 1151 dicens
3430 1112 3445 1146 :
3474 1094 3541 1149 Et
3558 1111 3893 1166 cognoscant,

2299 1201 2399 1239 non
2449 1202 2727 1241 sermonem
2751 1202 2926 1241 eorum
2970 1187 3056 1256 qui
3095 1189 3263 1259 inﬂati
3306 1198 3422 1243 sunt
3450 1230 3470 1256 ,
3499 1189 3591 1243 sed
3629 1190 3895 1246 simul.

2298 1275 2416 1329 Non
2441 1276 2583 1331 enim
2613 1292 2677 1331 ex
2707 1278 2939 1348 propriis
2966 1289 3112 1335 recte
3153 1279 3306 1335 factis
3333 1321 3353 1347 ,
3378 1278 3475 1336 sed
3520 1293 3587 1335 ex
3645 1278 3895 1334 doctosis

2298 1366 2538 1421 absentia
2556 1365 2773 1422 suhorta
2797 1378 2914 1422 erat
2932 1368 3233 1441 arrogantia
3267 1388 3281 1424 :
3308 1370 3449 1439 quod
3473 1371 3646 1442 ipsum
3668 1384 3896 1439 quoque

2299 1457 2461 1510 animi
2490 1466 2607 1513 erat
2630 1458 2994 1529 despicientia.
3040 1461 3164 1517 ideo
3188 1476 3309 1517 cum
3332 1462 3555 1518 dixisset
3580 1506 3596 1529 ,
3628 1463 3754 1517 Nisi
3796 1460 3889 1515 Ti-

2300 1550 2555 1603 motheum
2573 1590 2589 1615 ,
2620 1567 2723 1605 non
2751 1552 2932 1606 statim
2959 1553 3094 1608 dixit
3118 1594 3137 1620 ,
3168 1553 3390 1611 Veniam
3416 1597 3433 1620 ,
3459 1555 3555 1611 sed
3579 1572 3704 1612 cum
3734 1556 3893 1625 [tritis

2301 1639 2447 1708 ipsos
2472 1651 2783 1696 accusasset
2806 1643 2948 1711 quod
2968 1643 3132 1698 inﬂati
3149 1655 3352 1713 essent,
3371 1654 3498 1701 tunc
3518 1646 3615 1712 ait,
3650 1643 3889 1699 νεκὸαιι.

2299 1731 2432 1786 Nam
2463 1732 2509 1786 si
2539 1743 2664 1787 ante
2689 1733 3088 1788 accusationem
3117 1734 3249 1789 illud
3276 1738 3544 1806 posuisset
3562 1778 3578 1804 ,
3604 1739 3893 1792 excusatio

2303 1827 2479 1896 potius
2504 1827 2616 1880 visa
2642 1826 2850 1892 fuisset,
2884 1828 3053 1898 utqui
3086 1844 3193 1883 non
3217 1828 3496 1899 defuisset,
3524 1841 3582 1888 et
3605 1848 3712 1887 non
3736 1849 3895 1888 com-

2301 1918 2526 1973 minatio
2552 1958 2569 1984 ,
2602 1933 2702 1974 nec
2727 1919 3000 1976 credibilis
3049 1935 3233 1977 sermo
3268 1920 3458 1978 fuisset
3486 1939 3503 1988 ;
3533 1938 3679 1978 nunc
3703 1934 3893 1980 autem

2302 2017 2423 2080 past
2446 2008 2843 2065 accusationem
2862 2012 3091 2082 positum
3117 2011 3342 2080 dictum,
3364 2022 3419 2068 et
3449 2011 3555 2070 llde
3578 2012 3805 2085 dignum
3838 2025 3895 2070 et

2304 2100 2601 2155 terribilem
2626 2101 2879 2156 reddidit.
2905 2102 2971 2158 Et
2994 2102 3117 2159 vide
3146 2104 3265 2175 ejus
3293 2106 3598 2161 ﬁrmitatem
3624 2107 3894 2160 securita-

2304 2199 2537 2261 temque.
2563 2190 2677 2246 Non
2701 2194 2843 2247 enim
2868 2195 3186 2263 simpliciter
3210 2194 3366 2259 dixit,
3411 2194 3640 2261 Veniam,
3664 2197 3760 2252 sed
3782 2240 3797 2263 ,
3832 2198 3896 2251 Si

2305 2281 2551 2337 Dominus
2572 2284 2821 2347 voluerit;
2849 2299 2948 2340 nce
2970 2296 3182 2353 tempus
3197 2286 3543 2340 constitutum
3560 2289 3733 2357 ponit.
3753 2290 3892 2354 Quia

2302 2376 2445 2430 enim
2475 2374 2699 2444 contigit
2725 2392 2847 2430 eum
2884 2376 3089 2430 tardius
3113 2376 3375 2431 accedere
3396 2419 3411 2441 ,
3438 2392 3505 2431 ex
3536 2378 3746 2433 incerto
3775 2380 3894 2433 ruit

2303 2466 2425 2521 illos
2448 2466 2635 2519 dubios
2662 2468 2824 2521 animi
2876 2475 3267 2537 et‘suspensos
3297 2478 3503 2523 tenere.
3540 2470 3605 2523 Et
3652 2487 3719 2524 ne
3763 2487 3892 2540 pro-

2304 2568 2485 2628 pterea
2512 2572 2693 2612 rursus
2719 2559 3004 2614 concidant
3022 2559 3255 2622 ,addidit
3275 2602 3288 2623 ,
3308 2559 3437 2614 Cito.
3471 2560 3537 2615 Et
3565 2578 3891 2633 cognoscam,

2304 2665 2405 2701 non
2434 2665 2711 2703 sermonem
2742 2665 2912 2703 eorum
2932 2650 3199 2722 quiiuﬂoti
3223 2661 3357 2716 sunt,
3384 2651 3472 2706 sed
3500 2652 3753 2706 virtutem.
3776 2654 3834 2707 Νι
3860 2671 3893 2708 ιι

2303 2738 2457 2803 dixit,
2481 2737 2809 2809 Cognoscmn
2840 2740 3175 2809 sapientiam,
3206 2757 3377 2811 neque
3400 2742 3580 2812 signa;
3610 2744 3704 2799 sed
3737 2744 3894 2811 quid?

2307 2828 2357 2883 Ν
2364 2848 2428 2884 an
2455 2846 2783 2897 sei-mouent;
2810 2840 2865 2885 et
2894 2830 3022 2886 illud
3051 2832 3261 2901 prolato
3291 2834 3509 2888 nomine
3529 2834 3847 2902 deprimens
3876 2877 3892 2897 ,

2305 2932 2361 2977 et
2387 2921 2490 2975 hoc
2514 2923 2797 2977 extollens.
2832 2923 2895 2976 Ει
2924 2923 3135 2978 interim
3167 2938 3472 2978 sermonem
3494 2924 3668 2995 dirigit
3688 2926 3755 2978 ad
3773 2942 3889 2987 eos.

2307 3012 2397 3083 qui
2429 3013 2803 3068 fornicatorem
2833 3012 3102 3069 fovebant.
3122 3013 3254 3069 Nam
3271 3015 3315 3069 si
3338 3015 3485 3070 illum
3502 3016 3893 3085 alloqnerctur.

2310 3120 2412 3159 non
2440 3104 2642 3159 diceret
2669 3105 2935 3171 virtutem,
2959 3106 3052 3159 sed
3074 3119 3257 3176 Opera,
3276 3121 3397 3175 qua:
3431 3117 3683 3176 corrupta
3709 3118 3890 3163 ιη’ῖιιιι.

2310 3194 2377 3249 Et
2428 3212 2525 3249 cur
2568 3210 2673 3250 non
2724 3196 2922 3264 quzcris
2968 3196 3462 3252 sermoncm2Non
3503 3198 3662 3267 quod
3704 3200 3891 3252 Verbis

2309 3302 2515 3356 egeam.
2544 3286 2639 3341 sed
2660 3290 2782 3357 quia
2808 3288 2861 3341 in
2893 3289 3090 3344 virtute
3117 3304 3204 3344 res
3237 3299 3434 3344 nostra
3462 3292 3790 3345 consistunt.
3826 3292 3897 3347 lit

2312 3380 2470 3449 igitur
2492 3380 2545 3434 in
2573 3380 2712 3434 bello
2742 3396 2845 3433 non
2876 3380 3042 3434 multa
3066 3381 3399 3450 loquentium
3425 3422 3442 3446 ,
3473 3381 3566 3435 sed
3601 3382 3767 3436 multa
3802 3401 3894 3450 pa-

2313 3471 2563 3523 trnnlittm
2587 3479 2712 3525 sunt
2739 3470 2991 3539 priet-lare
3020 3480 3167 3539 gesta
3198 3488 3211 3522 :
3239 3471 3308 3525 ita
3340 3471 3427 3525 hic
3446 3487 3659 3540 quoque
3691 3489 3799 3526 non
3822 3475 3900 3527 lo-

2313 3562 2588 3628 quentium
2623 3602 2637 3624 ,
2667 3561 2759 3613 sed
2787 3561 3127 3629 operantium
3156 3570 3232 3613 est
3266 3561 3508 3615 victoria.
3540 3564 3722 3615 Altum
3754 3564 3901 3631 sapis

2315 3652 2385 3705 ob
2425 3651 2724 3705 facundiam
2758 3694 2773 3717 ,
2806 3652 3009 3721 inquit;
3060 3650 3159 3706 sed
3194 3653 3237 3706 si
3299 3656 3572 3707 rhetorum
3611 3664 3891 3707 certamen

2315 3755 2458 3800 eSset
2488 3754 2543 3799 et
2572 3755 2781 3814 tempus
2814 3786 2830 3810 ,
2874 3754 3019 3799 recte
3060 3744 3180 3799 ideo
3207 3745 3302 3799 tibi
3332 3745 3571 3812 placeres
3596 3762 3612 3807 ;
3643 3744 3689 3798 si
3720 3758 3903 3797 autem

2314 3836 2691 3903 apostolorum'
2712 3838 2993 3890 veritatem
3036 3836 3469 3889 annuntiautium
3495 3873 3512 3898 ,
3547 3844 3603 3887 ct
3644 3835 3795 3887 illam
3828 3836 3904 3887 si-

2316 3923 2433 3989 gnis
2448 3922 2888 3979 conﬁrmantium
2923 3964 2940 3987 ,
2984 3924 3114 3991 quid
3165 3923 3367 3976 inﬂaris
3395 3922 3464 3977 de
3494 3938 3551 3976 re
3581 3922 3857 3992 superﬂua
3889 3966 3904 3988 ,

2318 4028 2437 4083 qua!
2466 4012 2596 4066 nihil
2623 4022 2726 4077 cst,
2751 4022 2807 4067 et
2829 4012 2893 4066 ad
2922 4014 3210 4083 prmseuttia
3240 4013 3369 4067 nihil
3398 4012 3652 4069 conferre
3685 4015 3906 4084 possit?

2318 4103 2453 4172 Quid
2498 4106 2639 4159 enim
2678 4105 2963 4160 verborum
2996 4108 3288 4162 ostentatio
3317 4113 3500 4175 posset
3526 4105 3593 4161 ad
3624 4115 3904 4160 mortuum

2319 4196 2685 4253 suseitandnm
2716 4238 2733 4262 ,
2777 4207 2869 4252 aut
2917 4196 3193 4253 dmtnones
3233 4195 3512 4268 pellendos
3550 4238 3565 4263 ,
3612 4208 3703 4254 aut
3754 4196 3901 4253 aliud

2324 4290 2610 4362 quodpiam
2636 4292 2948 4346 miraculum
2980 4292 3315 4362 patrandum.
3346 4290 3436 4346 llis
3463 4306 3603 4346 nunc
3630 4307 3768 4360 opus
3800 4301 3903 4359 est,

2320 4394 2375 4437 et
2430 4399 2523 4452 per
2561 4383 2693 4438 -ba:c
2746 4400 2832 4439 res
2883 4394 3077 4439 nostra:
3128 4386 3447 4439 consistunt.
3498 4385 3726 4453 Ideoque
3776 4385 3906 4439 sub-

2318 4473 2491 4541 jomit
2519 4492 2532 4526 :
2556 4472 2647 4527 20.
2681 4472 2802 4526 Non
2832 4476 2965 4527 enim
2994 4475 3047 4526 in
3076 4491 3304 4527 sermone
3328 4485 3402 4527 est
3428 4492 3639 4543 regnum
3668 4475 3785 4538 Dei,
3822 4474 3908 4527 sed

2323 4563 2375 4614 in
2406 4563 2604 4616 virtute.
2636 4563 2738 4616 Per
2765 4563 2937 4629 signa,
2965 4562 3155 4631 inquit,
3185 4577 3289 4615 non
3315 4577 3411 4629 per
3438 4563 3739 4617 facundiam
3768 4557 3904 4617 viei-

2325 4668 2443 4705 mus
2465 4689 2481 4713 ,
2512 4662 2564 4705 et
2590 4652 2730 4720 quod
2761 4652 2938 4706 divina
2967 4652 3038 4705 sit
3065 4642 3308 4704 doctrina
3353 4659 3534 4705 nostra
3556 4691 3572 4714 ,
3599 4659 3655 4705 et
3681 4666 3907 4720 regnum

2323 4742 2576 4797 ca'lorum
2604 4745 2982 4798 nunnntletnus
3004 4785 3019 4810 ,
3052 4744 3341 4796 maximum
3367 4750 3741 4811 argumentum
3773 4759 3909 4811 pm-

2326 4833 2557 4895 bnimos.
2588 4834 2737 4903 signa
2761 4849 2973 4905 nempe,
3003 4850 3122 4904 quze
3150 4849 3246 4905 per
3274 4834 3527 4887 virtutem
3557 4831 3798 4902 Spiritus
3829 4834 3904 4887 fa-

2325 4926 2517 4981 cimus.
2544 4924 2597 4980 Si
2641 4941 2772 4996 ergo
2804 4925 3225 4997 magniqnidam
3253 4923 3350 4977 viri
3387 4938 3509 4979 esse
3536 4924 3723 4980 volunt
3750 4926 3788 4981 ii
3820 4930 3907 4996 qoi

2329 5031 2469 5071 nunc
2497 5026 2621 5070 sunt
2649 5016 2837 5079 inflati,
2866 5032 2987 5072 cum
3016 5016 3306 5080 advenero,
3329 5014 3614 5073 ostendant
3633 5058 3648 5077 ,
3678 5018 3724 5071 si
3745 5033 3907 5091 quam

2328 5110 2488 5163 talem
2536 5110 2784 5164 virtutem
2839 5110 3069 5165 habeant
3101 5124 3116 5171 ;
3146 5121 3320 5176 neque
3369 5106 3653 5165 verborum
3712 5108 3906 5163 fastum

2329 5200 2459 5253 mihi
2492 5201 2787 5255 obtendant
2819 5218 2833 5255 :
2866 5215 2955 5255 ars
2984 5198 3127 5252 enint
3156 5196 3241 5250 illa
3264 5195 3395 5255 nihil
3420 5197 3487 5254 ad
3512 5214 3629 5252 nos.
3658 5198 3749 5256 2|.
3774 5194 3913 5265 Qlid

2328 5290 2477 5344 ruitis
2500 5290 2525 5343 .’
2549 5290 2599 5343 in
2624 5291 2762 5360 rit-gn
2791 5291 2984 5343 renimu
3013 5288 3080 5340 ad
3112 5304 3215 5352 eos,
3245 5305 3311 5341 an
3338 5289 3389 5342 in
3408 5290 3623 5345 caritate
3647 5300 3694 5344 et
3724 5290 3910 5359 spiritu

2328 5383 2729 5435 mansuetudinis
2758 5381 2782 5433 ?
2808 5381 3029 5436 Multum
3061 5379 3279 5434 terroris
3307 5391 3361 5435 et
3403 5380 3627 5434 multum
3674 5380 3909 5432 lenitatis

2330 5472 2415 5526 hie
2442 5488 2619 5526 sermo
2648 5488 2753 5541 prae
2780 5488 2839 5526 se
2868 5472 2989 5525 fert.
3027 5469 3212 5525 Dietére
3236 5474 3402 5536 enim,
3431 5470 3771 5539 Cagnoscmu,
3792 5484 3911 5523 sese

2328 5564 2650 5618 cootinentis
2680 5572 2833 5624 erat;
2864 5562 3041 5615 dicere
3067 5571 3241 5615 autem
3268 5580 3282 5619 :
3309 5560 3447 5626 Quid
3479 5559 3627 5614 sultis
3645 5560 3670 5611 .’
3699 5561 3752 5611 in
3776 5560 3909 5628 rima

2329 5656 2523 5708 neniam
2541 5655 2608 5706 ad
2628 5656 2753 5707 vos?
2778 5653 2893 5723 ejus
2919 5660 3001 5706 est
3022 5648 3111 5720 qui
3140 5651 3191 5707 in
3218 5651 3475 5706 doctrina:
3500 5649 3693 5704 solium
3722 5666 3910 5705 ascen-

2337 5750 2435 5813 dit,
2464 5761 2515 5805 et
2545 5749 2667 5805 inde
2694 5746 2908 5802 dis>erit
2931 5786 2946 5814 ,
2981 5754 3249 5815 totamque
3271 5744 3640 5799 auctoritatem
3680 5743 3907 5812 accepit,
