4070 6322
254 265 347 319 117

252 377 387 444 Quid
422 386 505 431 est
537 417 552 443 ,
584 374 649 429 In
674 376 813 445 virga
838 376 861 429 .’
892 373 941 427 id
974 383 1055 426 est
1079 412 1092 435 ,
1120 372 1174 426 in
1201 370 1548 440 castigatione
1578 409 1593 434 ,
1624 367 1675 421 in
1699 379 1820 433 sup-

254 470 409 536 p'icio
440 485 455 532 ;
486 466 586 519 hoc
615 475 695 519 est
721 508 737 530 ,
773 466 846 519 De
870 463 1046 518 medio
1074 461 1252 516 tollam
1285 502 1301 525 ,
1329 458 1652 515 exotecabo;
1686 456 1827 525 quod

254 558 307 610 in
332 555 594 625 Sapphira
619 556 811 610 Petrus
842 554 985 618 fecit,
1011 563 1061 606 et
1084 554 1199 621 ipse
1222 553 1271 605 iu
1302 552 1486 621 Elyma
1519 560 1693 618 mago.
1717 545 1831 601 Non

251 648 395 701 enim
428 647 540 715 jam
571 646 741 711 dicit,
774 654 1043 713 tamquam
1083 659 1140 697 se
1182 658 1302 696 cum
1344 642 1453 695 illis
1491 654 1830 708 Comparans,

252 737 343 792 sed
384 753 508 791 cum
555 737 895 791 auctoritate.
926 736 992 789 Et
1016 736 1065 788 in
1097 733 1329 789 secunda
1366 732 1591 801 epistola
1624 730 1725 784 hoc
1756 731 1835 800 ip-

249 845 366 883 sum
396 830 578 883 dicere
606 828 1026 898 deprehenditur
1053 868 1067 888 .
1111 841 1229 880 cum
1262 826 1336 877 ait
1364 842 1376 875 :
1404 823 1483 875 Αη
1522 822 1833 891 ett-perimen—

249 932 353 975 tmu
376 920 600 990 queritis
626 922 733 989 ejus
759 962 772 985 ,
801 920 963 989 quiin
985 935 1062 971 me
1084 917 1310 986 loquitur
1327 957 1341 979 ,
1365 914 1548 967 Christi
1574 914 1590 981 (
1620 912 1675 966 2.
1711 911 1828 964 Cor.

253 1016 337 1068 13.
370 1013 473 1084 '5)?
502 1012 565 1066 lu
589 1015 728 1084 virga
752 1013 946 1065 veniam
978 1053 993 1077 ,
1022 1029 1086 1063 an
1114 1012 1163 1063 in
1192 1010 1399 1063 caritate
1424 1008 1448 1058 ?
1475 1005 1609 1073 Quid
1640 1005 1781 1059 enim
1814 1043 1828 1069 ,

248 1106 298 1158 in
330 1106 480 1173 virga
525 1105 707 1159 venire
739 1144 752 1165 ,
784 1118 960 1157 annon
992 1102 1228 1170 caritatis
1257 1100 1279 1151 ?
1323 1096 1569 1151 Caritatis
1613 1094 1828 1164 quidem

246 1205 391 1259 erat;
423 1194 518 1250 sed
556 1196 676 1265 quia
703 1195 789 1263 qui
820 1194 989 1261 diligit
1021 1233 1037 1257 ,
1070 1192 1150 1243 vix
1182 1190 1247 1243 ad
1278 1204 1485 1257 plenam
1516 1185 1828 1240 sumendam

244 1284 463 1339 ducitur
486 1327 501 1351 ,
529 1286 649 1339 ideo
672 1287 741 1338 ita
770 1284 1021 1353 loquitur.
1045 1281 1176 1335 Cum
1206 1294 1333 1348 ergo
1360 1280 1424 1332 de
1448 1278 1713 1345 supplicio
1742 1276 1825 1330 di-

242 1376 424 1437 cebat,
473 1390 578 1428 non
626 1374 775 1439 dixit,
832 1374 896 1426 Et
935 1370 1123 1439 spiritu
1176 1367 1445 1431 lenitatis,
1495 1366 1610 1430 sed,
1653 1365 1824 1433 Virga.

242 1466 501 1534 Quamvis
529 1466 655 1520 illud
678 1478 887 1535 quoque
904 1462 1104 1532 Spiritu
1125 1461 1276 1515 ﬁeret
1299 1478 1312 1514 :
1338 1469 1418 1514 est
1438 1459 1579 1513 enim
1608 1456 1827 1527 spiritus

241 1555 670 1610 mansuetudinis
699 1564 752 1608 et
773 1553 989 1622 spiritus
1018 1551 1352 1614 severitatis;
1385 1564 1565 1603 verum
1586 1563 1691 1601 non
1716 1548 1826 1601 vult

240 1650 395 1703 illum
449 1648 518 1701 ita
548 1688 561 1711 ,
595 1648 687 1702 sed
745 1662 774 1700 a
824 1644 1221 1715 benignior-ibus
1268 1657 1481 1697 vocare.
1535 1640 1823 1709 Propterea

243 1743 387 1796 Deus
428 1756 640 1810 quoque
684 1739 891 1793 etiamsi
936 1737 1155 1807 puniat,
1185 1735 1327 1805 quod
1355 1735 1426 1789 sit
1471 1733 1777 1787 misericors
1806 1773 1821 1797 ,

238 1832 562 1901 longanimis
578 1843 626 1885 et
653 1831 803 1885 dives
822 1830 871 1883 in
896 1827 1259 1883 misericordia
1284 1836 1335 1880 et
1367 1824 1819 1889 miserationibus,

233 1939 386 1994 saepe
412 1924 643 1986 dicitur;
674 1921 815 1991 quod
837 1936 967 1975 vero
998 1921 1177 1989 puniat
1209 1960 1224 1984 ,
1256 1916 1422 1971 semel
1474 1926 1566 1970 aut
1602 1917 1683 1971 bis
1731 1926 1818 1971 aut

231 2024 390 2068 certe
423 2030 543 2067 raro
566 2056 579 2074 ,
608 2012 764 2081 idque
791 2020 1010 2079 urgente
1031 2024 1212 2063 causa.
1259 2008 1325 2061 Et
1355 2006 1475 2060 vide
1503 2008 1818 2075 sapientiam

232 2105 413 2158 Pauli.
460 2104 593 2157 Cum
624 2111 936 2171 potestatem
967 2101 1185 2155 haberet
1216 2143 1230 2163 ,
1261 2099 1569 2153 alterutrius
1614 2098 1688 2151 rei
1728 2097 1819 2152 dat

236 2194 375 2261 ipsis
431 2196 700 2261 optionem
722 2235 735 2257 ,
765 2192 949 2247 dicens
984 2210 995 2245 :
1031 2190 1169 2257 Quid
1202 2191 1347 2243 uultis
1374 2190 1399 2243 ?
1424 2204 1509 2243 res
1537 2197 1618 2244 est
1644 2190 1815 2258 posita

229 2285 288 2338 in
324 2295 497 2340 vestra
527 2293 805 2355 potestate.
836 2284 1045 2339 Etenim
1072 2292 1126 2338 et
1156 2284 1256 2335 hoc
1277 2291 1328 2335 et
1346 2282 1470 2336 illud
1488 2290 1569 2335 est
1588 2282 1815 2350 positum

231 2378 295 2430 in
332 2386 512 2430 nostra
545 2384 809 2445 potestate
833 2418 847 2442 ,
880 2383 938 2429 ut
968 2374 1049 2429 vel
1079 2374 1129 2428 in
1159 2374 1453 2443 gehennam
1478 2372 1771 2427 incidamus
1798 2415 1813 2440 ,

226 2466 323 2521 vel
354 2482 576 2535 regnum
604 2482 996 2535 consequamur
1025 2485 1037 2519 :
1071 2466 1320 2535 quoniam
1356 2465 1494 2519 Deus
1524 2466 1601 2520 sic
1630 2465 1813 2519 voluit.

230 2556 369 2609 Ecce
391 2556 557 2619 enim,
592 2556 791 2624 inquit,
823 2558 988 2625 ignem
1015 2565 1058 2607 et
1084 2572 1266 2624 aquam
1300 2572 1317 2606 :
1344 2556 1412 2607 ad
1440 2558 1576 2623 quod
1601 2558 1815 2609 volueris

223 2646 473 2701 extendes
498 2662 702 2699 manum
729 2656 867 2698 tuam
889 2644 1072 2715 (Eocli.
1099 2646 1184 2698 15.
1216 2645 1300 2698 16.
1328 2662 1379 2697 m
1408 2641 1629 2714 Graeco);
1657 2654 1732 2710 et,
1755 2645 1815 2698 Si

225 2738 493 2791 volueritis
519 2778 533 2803 ,
564 2746 612 2791 et
652 2753 731 2790 me
775 2736 1037 2791 audieritis
1069 2775 1082 2799 ,
1135 2736 1264 2789 bona
1299 2745 1445 2789 terrae
1502 2735 1767 2788 comedetis
1796 2736 1811 2765 ί

224 2831 388 2901 μιαί.
426 2833 474 2885 l.
509 2828 619 2901 l9).

308 2924 356 2977 3.
396 2922 625 2992 Regnum
673 2921 911 2974 ca'lorum
952 2920 1202 2990 quomodo
1246 2919 1627 2989 acquirendum.
1653 2948 1722 2959 ——
1750 2920 1817 2972 At

223 3016 466 3070 fortasse
488 3014 627 3068 dicet
650 3012 935 3083 quispiam,
956 3011 1111 3066 Volo.
1144 3012 1208 3065 Et
1231 3025 1393 3065 nemo
1422 3012 1493 3065 ita
1512 3011 1708 3065 stultus
1732 3020 1813 3065 est

222 3119 290 3163 ut
320 3107 449 3161 nolit
486 3148 500 3169 ,
529 3106 623 3160 sed
652 3120 755 3159 non
779 3104 972 3159 sufﬁcit
999 3104 1125 3159 mihi
1151 3105 1309 3158 velle.
1345 3104 1637 3157 Enimvero
1662 3104 1811 3157 sufﬁ-

224 3198 327 3263 cit,
352 3198 395 3249 si
424 3195 557 3249 velis
581 3204 636 3247 ut
660 3202 892 3261 oportet,
919 3202 973 3247 et
998 3209 1058 3248 ea
1089 3194 1250 3247 facias
1277 3208 1393 3261 qua:
1416 3193 1641 3246 volentis
1663 3201 1809 3245 sunt:

228 3298 375 3340 nunc
405 3293 579 3339 autem
613 3298 714 3338 non
744 3282 1027 3338 admodum
1056 3284 1154 3339 vis.
1187 3283 1253 3337 Et
1278 3283 1378 3337 hoc
1404 3283 1455 3337 in
1484 3283 1603 3336 aliis
1629 3283 1811 3352 explo—

225 3393 416 3433 remus
446 3418 461 3440 ,
494 3378 537 3430 si
571 3376 761 3445 placet.
798 3376 892 3429 Dic
922 3375 1064 3429 enim
1093 3366 1222 3428 milii
1256 3417 1269 3438 ,
1316 3375 1405 3444 qui
1434 3374 1547 3427 vult
1592 3389 1810 3427 uxorem

224 3470 430 3524 ducere
464 3510 478 3531 ,
522 3469 721 3521 satisne
752 3466 911 3521 habet
951 3466 1092 3535 quod
1121 3466 1283 3520 velit?
1309 3465 1649 3535 Nequaquam
1676 3482 1689 3529 ;
1718 3463 1811 3518 sed

226 3563 396 3615 etiam
418 3558 685 3628 prmmbas
710 3558 901 3625 quaarit
928 3596 944 3621 ,
974 3565 1029 3609 et
1055 3558 1254 3610 amicos
1288 3566 1440 3625 rogat
1467 3570 1646 3609 secum
1676 3555 1810 3625 vigi-

226 3652 342 3705 lent
360 3693 375 3715 ,
408 3647 765 3717 pecuniasque
790 3647 1009 3715 colligit.
1034 3646 1237 3709 Rursus
1259 3656 1541 3712 mercator,
1576 3662 1678 3700 non
1710 3647 1809 3699 do-

226 3742 298 3793 mi
322 3738 519 3792 sedens
542 3739 673 3791 satis
696 3737 857 3791 habet
880 3735 1019 3807 quod
1038 3737 1180 3801 velit,
1213 3735 1304 3791 sed
1328 3752 1514 3790 navem
1537 3736 1807 3801 conducit,

223 3840 279 3883 et
302 3837 493 3883 nautas
517 3829 852 3898 rcmigesque
872 3828 1113 3897 colligit,
1146 3828 1420 3896 pecuniam
1451 3827 1540 3881 dat
1570 3827 1760 3884 faenori
1793 3870 1807 3894 ,

223 3922 367 3975 etde
393 3921 552 3985 locis,
578 3919 752 3989 deque
776 3935 955 3974 rerum
982 3920 1250 3973 venalium
1281 3920 1452 3988 pretio
1491 3920 1703 3975 curiose
1732 3920 1811 3973 in-

222 4013 407 4079 quirit.
428 4009 706 4076 Quomodo
726 4008 884 4079 igitur
900 4024 1004 4063 non
1033 4009 1317 4063 absurdum
1333 4008 1488 4064 fuerit
1508 4010 1558 4063 in
1584 4012 1808 4065 terrenis

224 4111 431 4156 tantam
460 4101 718 4156 adhibere
750 4116 967 4165 curam;
994 4100 1182 4154 caelum
1214 4110 1389 4154 autem
1420 4116 1599 4157 emere
1622 4103 1808 4157 volen‘o

224 4197 329 4253 tes,
358 4190 469 4243 sola
494 4190 761 4244 voluntate
791 4198 1071 4244 contentos
1100 4189 1262 4244 esse?
1303 4190 1410 4244 imo
1438 4206 1565 4244 vero
1610 4207 1675 4245 ne.
1706 4191 1809 4247 hoc

222 4280 403 4348 ipsum
428 4296 550 4335 cum
595 4282 909 4350 congruenti
937 4280 1207 4351 diligentia
1237 4284 1524 4351 praestare?
1564 4283 1693 4337 Nam
1719 4284 1807 4353 qui

222 4370 340 4421 vult
372 4378 427 4422 ut
454 4378 686 4437 oportet,
718 4385 807 4423 res
829 4385 1039 4439 quoque
1073 4371 1393 4441 aggreditur.
1440 4389 1558 4442 qua:
1597 4373 1661 4426 ad
1694 4389 1805 4427 rem

222 4460 515 4527 expetitam
540 4461 761 4514 ducunt.
791 4460 1003 4515 Etenim
1034 4462 1247 4530 quando
1277 4465 1482 4518 esuries
1518 4466 1811 4519 necessita-

224 4562 333 4605 tem
366 4551 519 4605 atl'ert
548 4553 673 4614 cibi,
718 4567 824 4607 non
847 4564 1125 4622 exspectas
1148 4564 1202 4608 ut
1227 4556 1475 4610 alimenta
1506 4565 1694 4626 sponte
1714 4573 1807 4613 sua

223 4641 292 4695 ad
326 4650 378 4695 te
406 4642 646 4706 veniant,
672 4642 765 4696 sed
796 4644 926 4697 nihil
957 4660 1061 4699 non
1091 4646 1204 4716 agis
1242 4655 1299 4699 ut
1338 4660 1513 4701 escam
1544 4648 1760 4718 colligas
1792 4666 1804 4701 :

223 4744 276 4786 et
311 4733 365 4787 in
391 4733 480 4787 siti
500 4742 555 4787 et
582 4735 632 4787 in
673 4734 889 4804 frigore,
934 4737 984 4789 in
1012 4737 1236 4807 aliisque
1285 4740 1531 4794 omnibus
1560 4755 1723 4795 navus
1750 4757 1811 4797 es

220 4832 278 4877 et
309 4823 377 4875 ad
404 4838 586 4877 curam
611 4826 850 4893 corporis
878 4837 1109 4895 paratus.
1143 4828 1252 4882 Hoc
1272 4844 1399 4898 ergo
1418 4831 1557 4883 eirea
1586 4848 1807 4899 regnum

223 4912 485 4967 calorum
519 4914 698 4980 facito,
726 4924 779 4969 et
809 4917 1027 4972 omnino
1057 4918 1228 4987 ipsum
1270 4922 1638 4990 consequeris.
1689 4922 1811 4978 Ideo

224 5014 462 5070 namque
490 5010 541 5057 te
570 5002 736 5057 libero
757 5005 975 5059 arbitrio
1001 5008 1277 5074 praeditum
1309 5009 1432 5064 fecit
1463 5012 1629 5077 Deus,
1662 5022 1719 5067 ut
1745 5029 1812 5068 ne

230 5098 417 5159 postea
458 5107 681 5150 accuses
710 5110 831 5151 eum
859 5096 1009 5167 quasi
1041 5100 1361 5156 necessitate
1390 5102 1686 5172 colligatus.
1729 5106 1808 5161 Tu

233 5201 369 5242 vero
392 5187 460 5241 de
489 5188 574 5250 iis,
605 5205 829 5258 quorum
854 5192 1111 5248 honolem
1140 5206 1198 5249 es
1226 5206 1606 5266 consequutus,
1638 5199 1703 5252 de
1725 5199 1810 5263 iis,

224 5280 473 5349 inquam,
496 5279 785 5350 indignaris
806 5284 828 5336 τ
848 5284 979 5339 Nam
1001 5286 1197 5343 multos
1222 5289 1395 5343 audivi
1417 5290 1679 5352 dicentes,
1709 5292 1813 5347 Cur

233 5384 321 5426 me
352 5369 479 5427 fecit
511 5371 743 5439 virtutis,
766 5372 812 5426 si
857 5375 1036 5443 velim,
1082 5381 1427 5449 compotem?
1453 5378 1558 5434 Sed
1598 5391 1815 5451 oporte~

299 5599 319 5632 ι
332 5593 445 5666 Duo
865 5599 1102 5666 addentes
1123 5604 1416 5655 versiculum
1439 5603 1614 5666 legunt
1638 5618 1650 5658 :
1678 5604 1811 5664 Quod

234 5659 279 5707 si
296 5659 565 5719 miseritis,
582 5659 775 5722 gladius
798 5660 1040 5711 devorabit
1062 5673 1159 5713 vat.

550 5738 818 5801 Ριτκοι..
865 5742 979 5802 Gn.
1036 5739 1188 5801 LXI.

1297 254 1362 308 ΙΝ
1402 251 1614 308 EPlST.
1659 252 1676 304 1
1740 250 1832 304 ΑΙ)
1870 245 2025 305 (3011.
2070 249 2296 305 1101111...
2343 251 2482 307 XIV.

3429 257 3525 309 lll

1940 364 2098 417 batne
2120 374 2172 419 te
2197 364 2552 420 dormientem
2570 372 2624 420 et
2645 366 3044 427 dormitantem.
3068 365 3209 422 vitiis
3229 368 3522 429 addictum,

1941 453 2301 522 deliciantem,
2334 457 2505 511 ventri
2536 455 2901 526 indulgentem
2936 458 2987 512 in
3013 460 3202 514 cmlum
3234 458 3526 515 inducere!

1940 548 2007 600 At
2034 563 2065 601 a
2095 547 2220 602 vitio
2249 562 2356 602 non
2379 548 2755 604 abstinuisses.
2787 549 2843 603 Si
2874 550 3013 604 enim
3041 567 3181 605 nunc
3204 552 3525 608 instantibus

1938 636 2116 704 minis,
2151 653 2322 707 neque
2351 640 2428 693 sic
2456 655 2486 693 a
2513 640 2747 708 nequitia
2777 640 3013 695 abstines
3033 682 3049 708 ,
3095 644 3303 697 etiamsi
3331 644 3521 698 caelum

1939 728 2037 781 tibi
2083 730 2358 797 praemium
2401 732 2785 799 proposuisset,
2817 733 3152 800 quandouam
3201 735 3522 790 cessavisses

1938 816 2054 872 ﬁeri
2083 819 2363 874 socordior
2386 830 2439 875 et
2473 822 2644 875 multo
2674 822 2947 877 deterior?
2984 822 3097 876 Non
3148 822 3289 876 enim
3344 825 3522 880 dicere

1936 911 2129 976 possis,
2162 910 2409 966 Ostendit
2436 912 2650 979 quidem
2682 912 2842 978 bona,
2890 912 2982 967 sed
3010 929 3167 983 opem
3209 930 3312 968 non
3355 917 3471 969 tulit
3504 934 3515 968 :

1937 1000 2161 1055 multum
2194 1004 2337 1057 enim
2364 1005 2543 1058 auxilii
2584 1006 2675 1059 tibi
2706 1007 3005 1073 pollicetur.
3040 1006 3146 1060 Sed
3200 1009 3388 1072 virtus,
3436 1010 3516 1062 in-

1935 1094 2105 1161 quies,
2130 1108 2355 1149 onerosa
2388 1103 2471 1150 est
2497 1104 2550 1150 et
2579 1096 2837 1159 molesta;
2869 1113 2990 1151 cum
3020 1099 3146 1150 vitio
3170 1108 3347 1153 autem
3383 1100 3521 1154 mul-

1934 1190 2045 1235 tum
2077 1185 2456 1239 commiscetur
2489 1186 2805 1255 voluptatis;
2854 1196 2907 1239 et
2952 1186 3052 1241 hoc
3093 1190 3307 1257 quidem
3354 1191 3515 1243 latum

1932 1284 2014 1327 est
2042 1284 2095 1328 et
2123 1275 2437 1343 spatiosum,
2460 1281 2627 1330 virtus
2642 1286 2819 1330 autem
2847 1288 2987 1330 arcta
3013 1287 3067 1331 et
3093 1289 3331 1347 angusta.
3353 1280 3509 1343 Num,

1930 1380 2135 1433 quaeso,
2168 1381 2382 1437 semper
2408 1384 2473 1421 an
2511 1368 2578 1421 ab
2609 1369 2761 1422 initio
2785 1369 2944 1424 ambo
2974 1370 3235 1439 ejusmodi
3270 1371 3514 1425 fuerunt!

1932 1456 2005 1509 De
2036 1457 2228 1511 virtute
2258 1460 2401 1512 enim
2436 1459 2633 1513 invitus
2658 1460 2791 1515 dicis
2820 1474 2880 1514 ea
2910 1477 3026 1528 qucc
3046 1462 3209 1527 dicis;
3231 1462 3301 1516 ita
3325 1471 3513 1531 potens

1926 1555 2010 1599 est
2033 1548 2246 1601 veritas.
2274 1548 2405 1601 Nam
2441 1550 2485 1603 si
2516 1551 2634 1603 dum
2678 1549 2858 1605 essent
2898 1552 3016 1617 vim,
3061 1568 3284 1622 quarum
3316 1553 3415 1606 alia
3447 1555 3511 1605 ad

1928 1636 2219 1703 fornacem,
2252 1639 2353 1692 alia
2377 1639 2444 1693 ad
2474 1640 2777 1709 paradisum
2809 1642 3049 1707 duceret,
3085 1654 3137 1696 et
3164 1644 3269 1697 lata
3297 1646 3509 1714 quidem

1927 1730 1991 1783 ad
2031 1731 2320 1796 fornacem,
2355 1740 2498 1786 arcta
2523 1748 2649 1787 vero
2671 1732 2735 1788 ad
2760 1734 3061 1802 paradisum
3096 1753 3108 1788 :
3141 1746 3314 1789 utram
3343 1737 3509 1804 elige-

1927 1837 2012 1875 res
2045 1822 2226 1875 viam?
2257 1822 2479 1877 Etiamsi
2506 1823 2651 1877 enim
2678 1840 2819 1879 nunc
2848 1824 3121 1893 disputans
3142 1824 3505 1889 contradicas,

1924 1915 2264 1981 quantumvis
2290 1913 2572 1983 impudens
2594 1914 2779 1982 fueris,
2806 1916 2869 1970 iis
2891 1931 3005 1985 qua:
3032 1916 3083 1969 in
3114 1917 3359 1971 confesso
3384 1928 3511 1971 sunt

1924 2019 2029 2057 non
2060 2006 2257 2071 poteris
2298 2006 2687 2060 contradicere.
2734 2006 2865 2061 Nam
2923 2007 3064 2076 quod
3116 2023 3177 2060 ea
3225 2008 3291 2060 sit
3342 2010 3505 2078 magis

1920 2094 2187 2164 eligenda,
2216 2112 2332 2165 quae
2355 2096 2515 2152 habet
2531 2097 2723 2151 durum
2746 2099 2973 2163 initium,
3000 2114 3103 2155 non
3125 2109 3302 2154 autem
3322 2100 3502 2161 tinem.

1921 2185 2080 2238 abiis
2107 2200 2226 2254 quae
2278 2187 2329 2240 in
2362 2198 2615 2258 promptu
2659 2200 2784 2243 sunt
2824 2190 3018 2243 dat-ere
3068 2191 3323 2245 conabor.
3358 2191 3423 2245 Et
3462 2192 3505 2244 si

1922 2277 2115 2345 placet,
2147 2286 2290 2333 artes
2323 2280 2550 2348 primum
2580 2290 2866 2337 tractemus
2887 2300 2902 2338 :
2926 2283 3027 2337 illae
3050 2300 3277 2353 namque
3300 2283 3503 2339 initium

1923 2366 2104 2421 labore
2132 2370 2343 2437 plenum
2377 2370 2597 2438 habent,
2644 2372 2803 2427 ﬁnem
2848 2389 2975 2429 vero
3024 2387 3408 2445 qncestuosum.
3441 2378 3506 2429 At

1922 2474 2098 2524 nemo,
2130 2460 2357 2530 inquies,
2392 2471 2562 2517 artem
2590 2465 2784 2533 attigit,
2814 2466 2915 2520 nisi
2942 2483 2968 2519 a
3008 2470 3257 2536 quepiana
3288 2484 3503 2539 cogere-

1922 2560 2025 2604 tur.
2054 2550 2184 2603 Nam
2216 2552 2258 2605 si
2283 2567 2414 2620 puer
2433 2552 2513 2606 sui
2536 2553 2672 2621 juris
2703 2554 2791 2619 sit,
2817 2556 2980 2610 malet
3010 2557 3061 2609 in
3091 2558 3295 2611 deliciis
3328 2559 3503 2611 vivere

1920 2640 2092 2705 initio,
2112 2651 2164 2695 et
2183 2642 2234 2694 in
2260 2643 2364 2696 ﬁne
2387 2643 2661 2698 innumera
2679 2636 2881 2715 poi-peti
2912 2646 3070 2711 mala,
3095 2662 3252 2716 quam
3286 2649 3334 2701 in
3360 2648 3503 2717 prin-

1919 2732 2057 2801 cipio
2105 2734 2299 2787 misere
2350 2735 2558 2801 vivere,
2607 2746 2661 2789 et
2712 2738 2953 2791 laborum
3008 2738 3220 2791 illorum
3271 2739 3499 2793 fructum

1920 2836 2100 2892 postea
2127 2828 2357 2897 assequi.
2386 2827 2525 2896 Ergo
2543 2827 2629 2882 illa
2658 2829 2857 2899 eligere
2887 2837 2969 2884 est
2987 2830 3291 2898 orphanica:
3312 2833 3501 2887 mentis

1918 2928 1973 2972 et
2003 2919 2216 2986 puerilis
2241 2920 2501 2974 socordize
2528 2937 2542 2983 ;
2571 2923 2841 2975 contraria
2886 2936 3013 2976 vero
3040 2922 3314 2991 prudentis
3341 2933 3395 2977 et
3425 2925 3501 2975 vi-

1918 3008 2031 3061 rilis
2058 3010 2239 3063 animi.
2266 3010 2357 3065 Sic
2382 3010 2541 3081 igitur
2567 3021 2622 3066 et
2648 3026 2767 3077 nos,
2800 3011 2903 3066 nisi
2934 3012 3111 3065 animo
3138 3013 3283 3081 pueri
3310 3013 3495 3078 simus,

1918 3116 2022 3154 non
2057 3101 2131 3155 illi
2167 3102 2409 3171 orphano
2437 3111 2492 3157 et
2541 3104 2751 3168 insano,
2791 3104 2883 3159 sed
2935 3104 3010 3157 illi
3054 3113 3257 3173 patrem
3289 3106 3499 3159 habenti

1916 3191 2117 3245 similes
2161 3194 2382 3245 erimus.
2410 3192 2633 3261 Oportet
2656 3208 2782 3261 ergo
2826 3194 3079 3261 puerilem
3109 3203 3341 3249 mentem
3371 3194 3502 3267 abji-

1914 3294 2059 3345 cere,
2084 3296 2188 3333 non
2218 3290 2393 3334 autem
2424 3297 2510 3336 res
2540 3283 2682 3353 ipsas
2707 3298 2980 3350 accusare,
3011 3294 3065 3339 et
3104 3287 3342 3355 aurigam
3374 3302 3499 3342 con-

1915 3370 2151 3423 scientias
2186 3371 2495 3440 imponere;
2540 3373 2628 3441 qui
2650 3388 2761 3427 non
2808 3374 2945 3427 sinat
2973 3376 3147 3429 ventri
3184 3376 3496 3447 indulgere.

1915 3459 2008 3513 sed
2035 3475 2251 3514 currere
2281 3469 2334 3515 et
2360 3461 2661 3516 decertare.
2704 3462 2983 3527 Quomodo
3018 3465 3157 3517 enim
3212 3465 3495 3519 absurdum

1916 3567 2020 3606 non
2049 3551 2229 3613 fuerit.
2261 3568 2457 3621 pueros
2504 3568 2625 3607 cum
2658 3554 2840 3607 labore
2870 3564 2921 3607 et
2944 3555 3141 3609 sudore
3172 3557 3374 3610 initium
3404 3558 3499 3609 du—

1914 3656 2037 3695 cere
2065 3642 2116 3694 in
2157 3643 2313 3697 rebus
2343 3658 2462 3713 qua:
2488 3644 2746 3713 principia
2778 3642 2974 3698 habent
3018 3646 3298 3709 laboriosa,
3337 3646 3494 3701 ﬁnem

1914 3742 2091 3787 autem
2141 3734 2429 3802 gratiosum
2459 3752 2472 3798 ;
2502 3750 2599 3788 nos
2626 3744 2802 3787 autem
2832 3738 3103 3789 contrario
3149 3739 3309 3790 modo
3360 3738 3496 3791 afﬁci

1916 3840 2037 3894 erga
2067 3840 2153 3879 res
2181 3827 2530 3895 spirituales?
2583 3827 2806 3881 Etiamsi
2854 3827 2907 3879 in
2947 3828 3103 3883 rebus
3156 3829 3498 3884 szecularibns

1916 3932 2019 3971 non
2053 3918 2270 3970 omnino
2296 3929 2500 3972 certum
2551 3920 2618 3971 sit
2669 3919 2829 3973 ﬁnem
2859 3920 2971 3975 fore
2998 3919 3217 3973 bonum.
3248 3921 3378 3975 Nam
3404 3924 3503 3976 im-

1914 4016 2120 4060 matura
2146 4022 2311 4073 mors,
2332 4017 2635 4077 paupertas,
2656 4009 3027 4078 sycos-hantia,
3055 4026 3229 4063 rerum
3254 4014 3498 4065 mutatio-

1914 4111 2009 4150 nes
2038 4106 2090 4150 ct
2120 4097 2311 4151 similia
2344 4098 2530 4162 multa,
2576 4106 2695 4167 post
2724 4101 2920 4153 multos
2966 4100 3177 4153 labores
3222 4112 3277 4153 ut
3323 4101 3495 4155 {ruam

1914 4189 2187 4257 privemur
2211 4190 2469 4244 efﬁciunt.
2494 4190 2549 4245 Si
2574 4206 2700 4244 vero
2722 4190 2879 4244 iidem
2907 4190 3047 4258 quod
3078 4200 3323 4259 quierunt
3346 4206 3494 4247 asse-

1913 4290 2164 4349 quamur,
2185 4297 2287 4335 non
2314 4296 2560 4351 magnum
2582 4283 2875 4351 percipient
2898 4282 3154 4345 fructum;
3177 4284 3226 4336 in
3248 4286 3495 4352 prtesenti

1914 4386 2145 4441 namque
2169 4372 2272 4425 vita
2305 4372 2394 4426 illa
2423 4373 2601 4426 omnia
2631 4374 3017 4428 dissolvuntur.
3050 4374 3146 4428 llic
3193 4385 3493 4430 autemnon

1914 4465 2178 4529 currimus
2196 4479 2292 4533 pro
2314 4464 2621 4534 huiusmodi
2649 4465 2808 4520 rebus
2828 4466 3031 4536 frigidis
3053 4475 3104 4521 et
3128 4468 3303 4531 fluxis,
3330 4480 3497 4536 neque

1914 4552 1981 4607 de
2013 4552 2115 4606 ﬁne
2146 4556 2425 4617 timemus;
2458 4555 2550 4616 sed
2579 4554 2750 4623 major
2777 4565 2828 4608 et
2854 4557 3093 4610 securior
3121 4572 3244 4625 spes
3269 4566 3351 4609 est
3382 4566 3497 4625 post

1915 4645 2208 4701 discessum
2236 4662 2299 4701 ex
2331 4647 2428 4702 hac
2459 4647 2583 4700 vita.
2613 4645 2869 4715 Q'utenarn
2896 4664 3023 4716 ergo
3050 4650 3201 4702 venia
3232 4649 3351 4711 erit,
3382 4664 3498 4716 qua:

1916 4739 2190 4791 excusatio
2222 4738 2525 4793 nolentibus
2555 4738 2703 4793 adire
2734 4739 2798 4792 lal
2840 4754 2941 4792 ires
2970 4756 3067 4809 pro
3095 4742 3291 4795 virtute
3326 4740 3497 4793 Susci-

1918 4829 2181 4897 piendos?
2206 4828 2309 4883 Sed
2341 4829 2514 4885 adhuc
2533 4830 2881 4901 interrogant,
2907 4832 3009 4884 Cur
3038 4840 3254 4900 angusta
3282 4832 3501 4885 estvit’

1918 4920 1997 4974 Ad
2022 4921 2194 4990 regias
2219 4922 2362 4977 aedes
2390 4931 2629 4977 terrenas
2657 4938 2759 4977 non
2785 4924 2915 4977 sinis
2937 4924 3131 4977 intrare
3152 4932 3500 4979 scortatorezu

1917 5027 2237 5082 quemquam
2284 5013 2367 5069 vel
2417 5013 2623 5068 ebrium
2676 5024 2768 5068 aut
2825 5015 3068 5079 mollem;
3113 5026 3167 5067 et
3210 5014 3260 5067 in
3314 5016 3501 5077 eadem

1920 5104 2092 5171 ipsum
2116 5119 2237 5159 cum
2266 5104 2499 5169 licentia,
2529 5104 2759 5172 deliciis,
2784 5105 3060 5167 ebrietate,
3094 5104 3311 5157 avaritia
3332 5105 3499 5159 vitis--

1918 5210 2021 5264 que
2045 5197 2313 5261 omnibus,
2348 5195 2591 5252 homines
2627 5195 2803 5251 induci
2861 5194 3053 5264 rogas?
3097 5210 3162 5249 an
3218 5196 3321 5251 hcc
3351 5210 3467 5249 ven'

1919 5286 2135 5354 dignum
2174 5288 2291 5340 est?
2774 5302 2775 5305 ‘

1992 5378 2045 5430 4.
2074 5377 2189 5432 Non
2216 5378 2340 5443 hoc,
2370 5380 2601 5450 inquies,
2629 5380 2783 5444 dico;
2804 5381 2894 5433 sed
2918 5394 3011 5431 cur
3038 5378 3205 5431 virtus
3359 5378 3499 5430 viam

1922 5470 2086 5526 latam
2113 5471 2313 5526 habet?
2340 5474 2498 5543 Atqui
2538 5475 2583 5528 si
2610 5473 2853 5536 velimus,
2888 5472 3165 5525 admodum
3194 5470 3360 5523 facilis
3383 5472 3501 5522 erit.

1929 5563 2066 5632 Quid
2095 5564 2261 5629 enim,
2292 5580 2497 5635 quaeso,
2543 5564 2748 5619 facilius
2771 5572 2867 5619 est.
2903 5576 3181 5617 mammae
3210 5560 3500 5629 WTllnii‘L‘,

1930 5665 1981 5711 et
2008 5657 2235 5711 aliorum
2264 5659 2416 5713 bonis
2444 5656 2664 5729 direptis
2688 5659 2739 5715 in
2765 5669 3031 5712 carcerem
3052 5654 3273 5721 conjici;
3304 5667 3370 5707 an
3398 5652 3509 5707 suis

3109 5751 3143 5811 8
