4070 6322
565 254 664 309 H9

560 377 870 428 contentum
915 364 1056 422 omni
1100 371 1245 419 metu
1274 376 1391 416 esse
1422 357 1687 415 liberum?
1715 357 1872 427 Atqui
1901 371 2006 411 non
2033 356 2142 413 dixi

562 474 753 520 tutum.
776 458 912 528 Quid
942 457 1085 515 enim
1117 454 1347 520 facilius,
1374 452 1462 507 dic
1490 450 1641 513 mihi,
1672 465 1738 504 an
1758 464 1880 504 eum
1908 446 2145 501 omnium

563 556 699 610 bona
729 549 1060 623 snbripucris
1084 589 1101 615 ,
1146 557 1200 601 et
1225 561 1295 601 ex
1326 544 1511 614 paucis
1549 542 1711 596 breve
1740 550 1946 609 tempus
1974 536 2026 591 itt
2055 536 2151 591 tle-

562 646 700 701 liciis
725 642 920 714 egeris,
953 637 1328 695 immortaliter
1355 632 1586 705 torqueri
1613 640 1668 687 et
1696 630 1871 701 flagris
1895 626 2052 694 caedi,
2080 642 2146 682 an

563 753 683 794 cum
709 736 764 791 in
790 734 931 806 justa
970 738 1283 803 paupertate
1320 726 1518 781 vixeris
1542 738 1707 795 parvo
1736 734 1995 791 tempore,
2024 734 2148 789 per-

562 837 723 900 petuo
753 836 935 897 postea
962 823 1015 878 in
1042 820 1251 878 deliciis
1290 817 1488 889 agere?
1518 814 1749 870 nondum
1786 811 2151 868 cxaminemus

562 917 687 990 quid
710 918 782 973 sit
807 914 1155 979 fructuosius,
1183 908 1278 965 sed
1318 908 1527 963 interim
1560 904 1685 976 quid
1728 904 1797 960 sit
1825 903 2053 958 facilius.

646 1009 820 1065 Virtus
847 1024 948 1061 non
994 1016 1067 1060 est
1109 1018 1311 1073 aspera.
1340 1029 1413 1042 —-
1437 999 1573 1068 Quid
1618 996 1905 1068 jucundius
1943 1001 2153 1064 gratum

562 1103 746 1162 videre
763 1098 1048 1160 somnium,
1064 1102 1119 1149 et
1138 1108 1262 1149 vere
1284 1090 1546 1160 supplicio
1565 1088 1702 1143 affici
1724 1104 1738 1152 ;
1760 1097 1851 1141 aut
1872 1084 2155 1139 molestum

567 1196 837 1251 somnium
867 1191 1084 1256 vidisse,
1114 1198 1169 1243 et
1195 1200 1323 1240 vere
1348 1184 1628 1240 deliciari?
1654 1196 1831 1236 annon
1872 1179 2043 1250 palam
2072 1186 2156 1234 est

568 1288 669 1341 ltoc
686 1283 975 1356 jucundius
1001 1277 1162 1336 esse?
1182 1276 1465 1346 Quomodo
1491 1275 1670 1345 igitur,
1700 1272 1785 1327 die
1814 1270 1975 1337 mihi,
2004 1283 2159 1339 aspe-

570 1394 683 1432 ram
717 1389 877 1429 vocas
905 1374 1158 1427 virtutem
1180 1370 1206 1423 τ
1249 1382 1439 1438 aspera
1467 1365 1668 1420 etenim
1699 1371 1813 1429 est,
1844 1363 1888 1416 si
1916 1376 2036 1415 cum
2065 1376 2158 1415 ne-

569 1468 821 1540 gligcntia
851 1473 1034 1520 nostra
1079 1470 1441 1531 comparetur.
1476 1457 1627 1525 Quod
1656 1456 1795 1510 enitn
1820 1456 1886 1507 sit
1914 1451 2080 1507 facilis
2104 1461 2159 1506 et

572 1561 773 1625 suavis,
800 1557 922 1611 audi
950 1554 1075 1625 quid
1102 1552 1245 1608 dicat
1272 1550 1521 1607 Cbrisms
1553 1567 1566 1603 :
1597 1548 1788 1615 Jugum
1814 1560 1980 1598 meum
2007 1558 2161 1598 suave

570 1662 664 1714 est,
696 1659 740 1703 et
774 1664 902 1702 onus
930 1661 1097 1699 meum
1120 1645 1225 1698 leae
1250 1641 1477 1713 (Matth.
1502 1639 1732 1707 “.20).
1764 1636 1817 1693 Si
1844 1644 2022 1691 autem
2052 1650 2157 1688 non

573 1744 741 1798 sentis
768 1741 1059 1803 levitatem,
1089 1737 1429 1807 perspicuum
1452 1744 1533 1789 est
1558 1742 1609 1787 te
1640 1748 1743 1785 non
1769 1730 2048 1784 robustum
2068 1727 2162 1781 ha-

574 1836 701 1890 bere
727 1834 984 1887 animum.
1013 1830 1163 1885 Sicut
1190 1828 1334 1882 enim
1361 1840 1482 1881 cum
1528 1824 1687 1877 talem
1718 1822 1903 1885 habes,
1936 1816 2175 1874 onerosa

576 1928 711 1982 levia
740 1936 865 1979 sunt
892 1939 905 1977 :
936 1922 1015 1978 sic
1039 1937 1158 1977 cum
1190 1935 1298 1974 non
1351 1917 1539 1983 habes,
1573 1916 1709 1969 levia
1753 1922 1877 1968 sunt
1911 1925 2160 1967 onerosa.

574 2019 712 2087 Quid
757 2017 927 2079 enim,
985 2026 1190 2084 quaeso,
1246 2010 1460 2063 suavius
1503 2016 1641 2071 erat,
1687 2018 1844 2075 quam
1886 2016 2071 2058 mensa
2098 2017 2166 2057 ex

579 2124 796 2176 manna,
825 2107 951 2179 quid
979 2115 1167 2177 paratu
1196 2101 1442 2159 facilius?
1466 2099 1571 2156 Sed
1600 2114 1739 2169 δἐι-θ
1788 2096 2029 2152 ferebant.
2067 2092 2165 2149 Ju-

578 2202 678 2257 daei
722 2199 917 2255 talibus
966 2198 1204 2253 fruentes
1253 2193 1481 2249 deliciis.
1530 2190 1665 2258 Quid
1719 2188 1859 2244 fame
1884 2188 2165 2253 acerbius,

583 2307 792 2349 necnon
832 2290 953 2345 aliis
994 2286 1297 2352 laboriOsis,
1344 2300 1464 2357 qua:
1493 2297 1679 2354 passus
1705 2292 1790 2338 eSt
1838 2280 2073 2335 Paulus?
2104 2282 2170 2333 At

585 2384 675 2438 ille
698 2381 1018 2446 exsultabat,
1049 2377 1418 2434 delectabatur
1439 2391 1504 2431 ac
1531 2375 1771 2431 dicebat:
1797 2372 1948 2427 Nunc
1974 2371 2169 2443 gaudeo

584 2479 636 2531 iu
667 2474 988 2546 passiauibus
1017 2472 1139 2526 meis
1170 2471 1304 2541 (Col.
1341 2471 1391 2525 l.
1420 2469 1536 2541 24).
1561 2469 1690 2536 Quae
1717 2477 1796 2523 est
1823 2481 1951 2536 ergo
1975 2464 2172 2520 causa?

584 2566 760 2623 Animi
788 2563 1107 2620 differentia.
1138 2562 1193 2618 Si
1223 2562 1382 2632 igitur
1426 2560 1661 2614 animum
1705 2568 1760 2611 ut
1788 2566 1995 2626 oportet
2018 2553 2175 2608 ador-

588 2660 817 2723 naveris,
862 2657 1073 2712 virtutis
1124 2654 1431 2709 facilitatem
1474 2650 1699 2705 videbis.
1742 2648 1880 2715 Quid
1908 2662 2058 2717 ergo,
2096 2647 2175 2700 in-

586 2754 761 2820 quies,
782 2750 974 2804 talisnc
992 2747 1048 2802 fit
1063 2762 1129 2802 ex
1150 2760 1337 2801 eorum
1363 2744 1451 2813 qui
1474 2741 1618 2797 illam
1635 2740 1931 2811 suscipiunt
1944 2738 2176 2793 all‘ectu?

589 2840 707 2894 Non
739 2854 805 2894 ex
831 2837 1024 2893 atl‘ectu
1054 2835 1218 2891 animi
1246 2835 1440 2901 solum,
1464 2832 1557 2888 sed
1590 2839 1776 2886 natura
1802 2844 1893 2885 sua
1926 2830 2045 2885 talis
2071 2838 2173 2884 est.

592 2930 805 2985 Etenim
863 2930 907 2983 si
953 2941 1166 2998 semper
1226 2925 1314 2980 illa
1359 2932 1501 2979 esset
1556 2923 1844 2987 laboriosa,
1899 2930 1954 2976 et
1990 2921 2177 2973 vitium

590 3024 813 3077 omnino
859 3030 1087 3087 contra,
1140 3020 1260 3090 jure
1309 3018 1427 3087 quis
1477 3032 1665 3071 eorum
1721 3016 1811 3087 qui
1874 3014 2005 3084 lapsi
2055 3023 2181 3068 sunt

595 3116 797 3169 diceret
843 3113 1033 3167 vitium
1082 3125 1203 3166 esse
1256 3110 1465 3165 facilius
1519 3109 1715 3163 virtute
1772 3126 1783 3162 :
1832 3107 1875 3161 si
1930 3120 2059 3161 vero
2102 3108 2183 3160 in-

598 3206 749 3260 itiqu
793 3204 1025 3258 habeant
1076 3201 1164 3256 illa
1213 3200 1428 3265 durum,
1472 3198 1573 3254 hoc
1597 3212 1794 3262 suave;
1842 3196 1961 3252 finis
1999 3206 2179 3252 autem

597 3305 833 3350 teter-nus
890 3294 1035 3349 illius
1090 3293 1161 3347 sit
1210 3292 1432 3359 suavis,
1487 3290 1645 3359 hujus
1698 3290 1912 3361 gravis,
1959 3301 2179 3353 utrum,

596 3402 820 3459 qua'so,
871 3394 932 3442 ut
996 3383 1207 3439 facilius
1262 3382 1473 3450 eligas?
1533 3381 1642 3437 Cur
1690 3395 1819 3449 ergo
1874 3380 2023 3434 multi
2076 3396 2182 3433 non

596 3481 799 3551 eligunt
825 3478 878 3533 id
923 3476 1068 3547 quod
1100 3475 1305 3529 facilius
1358 3475 1483 3529 est?
1530 3472 1665 3540 Quia
1712 3472 1802 3526 alii
1832 3471 2046 3542 quidem
2080 3488 2185 3525 non

597 3569 859 3633 credunt;
902 3566 990 3621 alii
1017 3580 1147 3621 vero
1175 3564 1297 3621 licet
1322 3564 1623 3629 credentes,
1652 3572 1961 3633 corruptum
1992 3562 2188 3618 habent

599 3663 834 3716 animum
857 3702 872 3726 ,
900 3668 956 3715 et
986 3667 1385 3729 temporaneam
1408 3656 1732 3726 voluptatem
1759 3665 1973 3711 aeterna
1994 3663 2190 3726 prauu-

601 3754 779 3808 lerint.
808 3751 905 3806 Est
930 3765 1059 3822 ergo
1099 3750 1203 3805 hoc
1239 3748 1432 3805 facile?
1462 3748 1575 3804 Non
1600 3747 1774 3811 facile,
1798 3748 1891 3802 sed
1921 3762 1985 3801 ex
2016 3748 2187 3802 imbe-

601 3844 728 3898 cillo
752 3842 932 3897 animo
971 3843 1073 3897 hoc
1126 3842 1387 3910 provenit.
1440 3842 1518 3895 Ac
1561 3837 2009 3908 quemadmodum
2057 3838 2189 3893 febri

604 3932 928 3997 laborantes,
982 3946 1088 3985 non
1128 3931 1250 4000 quia
1292 3929 1577 3999 iucundius
1616 3939 1698 3985 est
1750 3928 1899 3984 brevi
1952 3938 2191 4000 tempore

605 4022 869 4090 deliciari,
898 4037 1056 4092 quam
1085 4035 1302 4091 semper
1326 4022 1430 4084 uri,
1462 4020 1582 4075 ideo
1606 4030 1787 4076 amant
1833 4030 2014 4092 potum
2041 4036 2191 4092 aqu-.e

604 4113 832 4186 frigidae,
856 4114 949 4169 sed
967 4114 1088 4183 quia
1114 4113 1397 4169 absurdam
1417 4114 1758 4183 cupiditatem
1783 4113 2060 4168 continere
2086 4128 2192 4167 non

608 4216 831 4278 possunt
863 4224 875 4258 :
906 4205 983 4258 sic
1007 4216 1063 4260 et
1089 4205 1194 4259 isti.
1228 4205 1386 4275 Atqui
1419 4205 1463 4259 si
1488 4204 1609 4275 quis
1637 4204 1702 4259 ad
1730 4203 2048 4275 supplicium
2072 4203 2194 4259 illos

605 4315 729 4354 cum
764 4300 1032 4368 voluptate
1064 4299 1305 4362 duceret,
1348 4314 1680 4370 nequaquam
1711 4300 1881 4369 ipsum
1915 4302 2190 4371 eligerent.

604 4392 852 4447 Vidistiu‘
870 4392 1139 4462 quomodo
1157 4409 1264 4448 non
1286 4392 1441 4449 facile
1466 4398 1538 4449 sit
1563 4395 1745 4449 vitium
1766 4395 1788 4447 ?
1817 4395 1870 4449 Si
1893 4397 1971 4451 vis
1992 4405 2192 4455 autem.

610 4487 713 4541 hoc
743 4487 939 4540 iterum
987 4487 1038 4541 in
1082 4487 1208 4557 ipsis
1257 4487 1420 4543 rebus
1448 4490 1803 4542 excutiamus.
1840 4488 1976 4555 Quid
2026 4491 2193 4552 enim,

609 4594 813 4650 (ιυιεεο,
842 4579 1071 4644 dulcius,
1101 4580 1227 4650 quid
1270 4579 1475 4637 facilius
1494 4580 1614 4636 est?
1644 4580 1749 4636 Sed
1778 4596 1843 4637 ne
1872 4582 2065 4636 iterum
2110 4594 2197 4635 res

610 4688 675 4725 ex
710 4671 996 4725 multorum
1036 4670 1327 4741 cupiditate
1368 4672 1672 4741 judicemus
1716 4690 1729 4727 :
1764 4688 1937 4743 neque
1962 4675 2104 4728 enim
2130 4673 2197 4727 ab

613 4761 1013 4831 a-grotantibus,
1043 4761 1136 4816 sed
1186 4778 1214 4814 a
1244 4761 1380 4821 bene
1422 4762 1721 4818 valentibus
1761 4763 2021 4819 calculum
2058 4762 2199 4819 ferre

614 4863 843 4922 oportet.
892 4848 1075 4922 Neque
1118 4852 1260 4907 enim
1291 4853 1335 4905 si
1379 4852 1626 4908 millenos
1656 4854 1786 4908 mihi
1837 4853 2199 4909 febricitantes

612 4940 885 5012 obtendas,
938 4947 1027 5015 qui
1083 4944 1296 5000 sanitati
1325 4946 1592 5000 contraria
1634 4954 1895 5015 quaerant,
1927 4955 1981 5000 et
2015 4945 2202 5000 malint

598 5044 801 5107 postea
848 5037 1111 5106 supplicio
1162 5035 1332 5102 affici,
1387 5036 1546 5091 talem
1601 5051 1853 5105 umquam
1893 5035 2201 5089 admiserim

614 5127 913 5198 optionem.
963 5128 1100 5195 Quid
1127 5127 1368 5194 facilius,
1398 5130 1611 5199 inquam
1633 5171 1649 5193 ,
1680 5130 1768 5183 dic
1797 5128 1961 5193 mihi,
2008 5127 2203 5182 multas

614 5220 998 5288 concupiscere
1028 5222 1311 5289 pecunias,
1356 5237 1423 5275 an
1460 5222 1558 5274 hac
1582 5220 1874 5290 cupiditate
1903 5234 2023 5273 esse
2042 5233 2202 5287 supeo

614 5310 852 5367 riorem?
902 5311 1014 5367 lloe
1069 5321 1216 5369 certe
1268 5320 1617 5383 postremum,
1672 5320 1729 5364 ut
1770 5309 1899 5363 mihi
1944 5309 2199 5364 videtur:

614 5410 659 5463 si
707 5419 887 5463 autem
939 5409 1051 5477 ipse
1097 5424 1201 5464 non
1256 5409 1453 5474 credis,
1504 5407 1571 5462 ad
1609 5420 1697 5460 res
1732 5406 1875 5476 ipsas
1896 5419 2197 5460 sermonem

617 5502 897 5559 ducamus.
931 5503 997 5557 Et
1042 5503 1113 5557 sit
1158 5504 1425 5574 quispiam
1453 5502 1543 5573 qui
1575 5500 1768 5554 multas
1810 5499 2016 5569 cupiat,
2067 5498 2201 5553 alius

620 5608 750 5648 vero
796 5595 886 5664 qni
939 5595 1113 5651 nullas
1140 5611 1156 5650 :
1181 5596 1307 5667 quid
1332 5610 1465 5666 ergo
1510 5592 1703 5650 melius
1728 5634 1743 5660 ,
1771 5590 1858 5647 die
1885 5592 2048 5657 mihi,
2076 5590 2203 5659 quid

618 5684 931 5743 honestius?
1056 5682 1061 5688 ’

1338 249 1396 301 S.
1436 243 1711 301 JUANNIS
1747 239 2214 299 CHRYSlETOMl
2254 243 2568 301 ARCHllil‘.
2608 243 3134 304 CONSTANTINOP.

3734 249 3836 303 ίΞῦ

2314 355 2381 413 5.
2416 353 2762 417 Pecuniam»:
2802 364 3056 434 cupiditas
3100 375 3286 436 quanta
3331 366 3535 420 inducat
3582 370 3736 421 ηιίεὶιι.
3767 398 3839 408 ο-

2252 447 2357 506 Sed
2384 447 2488 506 ltoe
2512 451 2727 520 quidem
2759 457 2979 513 mitatur
3025 474 3039 512 :
3072 458 3123 512 in
3149 456 3392 514 confesso
3407 459 3549 513 enim
3571 469 3669 525 εει,
3698 460 3843 528 ειη-λι

2253 537 2343 596 hic
2370 553 2672 611 postremus
2725 545 2796 600 sit
2847 546 2940 602 illo
2996 549 3312 603 honestior:
3347 565 3517 620 neque
3545 549 3612 605 de
3646 551 3747 605 hac
3785 566 3846 607 rc

2254 632 2480 703 qumstio
2520 634 2632 702 jam
2682 645 2787 703 cst,
2836 637 2933 693 sed
2991 649 3109 693 uter
3142 639 3431 696 faciliorem
3459 652 3507 696 el
3536 642 3845 697 suaviorem

2255 723 2415 780 ducat
2441 725 2628 782 vitam.
2657 728 2865 783 Avarus
2884 739 3030 786 certe
3052 746 3118 786 ne
3170 730 3237 786 iis
3274 731 3487 802 quidem
3515 748 3633 805 qua:
3682 733 3848 789 habet

2259 813 2451 870 fruitur
2493 833 2654 872 :nam
2686 820 2826 889 quod
2857 830 3021 886 amat,
3064 838 3169 875 non
3213 824 3523 893 impendere
3572 826 3842 893 Voluerit,

2258 905 2353 962 scd
2371 906 2622 963 libentius
2635 909 2869 979 seipsutn
2887 912 3231 978 conseiderit,
3251 924 3302 969 et
3324 930 3512 970 carnes
3537 917 3847 987 projecerit,

2259 1012 2417 1067 quam
2440 1012 2625 1055 aurum
2657 1016 2671 1054 :
2700 1002 2787 1071 qui
2819 1013 2997 1057 autem
3026 1005 3280 1073 pecunias
3308 1005 3552 1075 despicit,
3578 1006 3681 1063 hoc
3711 1010 3851 1064 inte-

2260 1086 2361 1141 rim
2390 1088 2644 1156 lucratur,
2675 1091 2815 1162 quod
2859 1093 2924 1146 iis
2970 1109 3090 1165 quae
3120 1094 3278 1151 habet
3321 1096 3489 1153 libere
3539 1113 3604 1154 ac
3656 1114 3851 1155 secure

2262 1177 2486 1248 fruatur,
2515 1196 2681 1253 seque
2710 1184 2815 1237 illis
2843 1186 3111 1253 prteferat.
3158 1184 3295 1253 Quid
3340 1202 3469 1258 ergo
3494 1191 3713 1243 suavius
3743 1201 3849 1252 est,

2261 1272 2431 1329 libere
2452 1273 2553 1329 frtti
2595 1275 2750 1330 bonis
2773 1316 2787 1341 ,
2818 1286 2911 1330 aut
2935 1278 3035 1331 sub
3063 1277 3297 1332 dominis
3328 1278 3527 1334 divitiis
3552 1282 3855 1341 viventem.

2264 1363 2394 1417 nihil
2434 1379 2652 1419 suorum
2682 1367 2991 1438 contingere
3020 1369 3255 1425 audere?
3277 1370 3504 1427 Perinde
3541 1372 3686 1426 enim
3720 1370 3850 1427 mihi

2265 1458 2476 1511 videtur
2500 1472 2622 1512 esse
2649 1472 2710 1512 ac
2736 1459 2779 1512 si
2808 1461 2904 1515 viri
2934 1460 3149 1531 quidam
3181 1461 3315 1517 duas
3343 1462 3599 1519 habentes
3628 1480 3854 1529 uxores,

2263 1560 2318 1605 et
2357 1549 2643 1605 admodum
2672 1551 2812 1620 ipsas
2846 1563 3110 1619 amantes,
3143 1569 3248 1608 non
3278 1553 3467 1609 eodem
3514 1556 3674 1610 modo
3723 1557 3857 1626 ipsis

2265 1650 2508 1705 utantur;
2534 1639 2628 1695 sed
2657 1643 2808 1695 alteri
2830 1627 3041 1711 quidem
3062 1660 3283 1700 uxorem
3305 1648 3616 1717 contingere
3641 1656 3701 1703 et
3729 1662 3855 1703 cum

2267 1730 2354 1785 illa
2387 1731 2605 1795 versari,
2632 1730 2785 1785 alteri
2816 1746 2941 1786 vero
2979 1748 3044 1788 ne
3074 1748 3238 1804 prepe
3266 1734 3479 1804 quidem
3510 1736 3668 1791 liceat
3693 1751 3857 1791 acce-

2267 1821 2415 1877 dere.
2436 1822 2615 1877 Dicam
2633 1832 2687 1878 et
2708 1823 2873 1891 aliud,
2897 1839 3003 1894 quo
3023 1825 3243 1880 alterius
3264 1826 3612 1896 voluptatem,
3631 1829 3861 1883 alterius

2269 1928 2555 1968 mmrorem
2607 1924 3045 1970 commonstrem.
3097 1917 3303 1972 Avarus
3359 1933 3645 1988 numquam
3700 1919 3862 1973 sistet

2271 2006 2408 2061 hanc
2430 2005 2799 2076 cupiditatem,
2830 2024 2935 2062 non
2964 2008 3127 2062 modo
3151 2010 3293 2080 quod
3341 2021 3571 2080 nequeat
3611 2013 3859 2066 omnimn

2270 2098 2409 2155 bona
2438 2099 2710 2165 invadere,
2737 2099 2831 2155 scd
2855 2102 3015 2155 etiam
3037 2102 3177 2171 quod
3210 2110 3635 2172 quantacumque
3664 2117 3861 2172 possc-

2270 2191 2431 2258 derit,
2460 2189 2521 2249 se
2564 2192 2697 2247 nihil
2728 2193 2926 2248 habere
2951 2203 3101 2264 putet
3132 2214 3144 2248 :
3174 2196 3264 2265 qui
3293 2210 3419 2251 vero
3455 2197 3706 2265 pecunias
3756 2197 3860 2253 de-

2272 2285 2447 2355 spicit,
2477 2284 2745 2355 superllua
2790 2287 2967 2340 omnia
3018 2287 3363 2351 existimabit,
3413 2302 3582 2358 neque
3633 2289 3864 2342 infinitis

2273 2376 2656 2447 cupiditatibus
2684 2376 2916 2429 animam
2947 2376 3228 2432 cruciabit.
3247 2375 3387 2431 Nihil
3416 2383 3557 2432 enim
3584 2387 3667 2433 est
3714 2380 3865 2449 quod

2275 2466 2520 2537 supplicii
2544 2466 2803 2521 rationem
2831 2468 2913 2521 ita.
2946 2466 3160 2533 habeat,
3202 2476 3261 2521 ut
3288 2468 3717 2539 concupiscentia
3760 2485 3863 2524 usu

2239 2631 2245 2636 ἰ
2278 2565 2334 2612 et
2363 2555 2533 2611 fructu
2559 2557 2783 2625 privata,
2814 2557 2863 2610 id
2893 2556 3032 2625 quod
3058 2556 3287 2613 maxime
3312 2572 3620 2627 perversam
3638 2560 3869 2615 exhibet

2278 2658 2535 2705 mentem.
2583 2649 2873 2705 Considera
2924 2660 3101 2705 autem
3136 2667 3150 2705 :
3181 2650 3269 2722 qui
3317 2652 3567 2721 pecunias
3612 2653 3757 2721 cupit
3810 2663 3870 2709 ct

2279 2743 2473 2797 multas
2499 2740 2759 2812 possidet,
2795 2741 2864 2795 ita
2901 2740 3122 2797 affectus
3148 2751 3250 2807 est,
3279 2756 3341 2796 ac
3373 2742 3416 2796 si
3456 2742 3585 2796 nihil
3616 2745 3867 2799 haberet.

2280 2834 2514 2889 lloccine
2543 2832 2730 2887 morbo
2776 2832 3079 2900 perplexius
3112 2831 3239 2899 quid
3277 2846 3397 2887 esse
3428 2833 3634 2902 potest?
3677 2832 3870 2902 Neque

2282 2926 2385 2982 hoc
2430 2926 2603 2980 solum
2653 2940 2814 2994 grave
2839 2933 2939 2989 est,
2972 2924 3064 2979 sed
3096 2927 3256 2978 etiam
3301 2926 3441 2995 quod
3473 2927 3559 2994 qui
3592 2925 3775 2991 habet,
3801 2942 3870 2981 ea

2284 3018 2396 3088 ipsa
2425 3033 2543 3089 qua:
2568 3027 2713 3072 tenet
2738 3032 2842 3071 non
2869 3016 3067 3071 habere
3083 3016 3326 3071 videatur
3355 3034 3367 3069 :
3398 3018 3605 3071 etiamsi
3624 3019 3869 3071 omnium

2284 3112 2421 3167 bona
2451 3111 2741 3180 acceperit,
2790 3111 2957 3180 magis
2980 3110 3274 3175 cruciatur;
3298 3111 3505 3164 etiamsi
3534 3121 3753 3165 centum
3785 3122 3871 3163 ta-

2286 3205 2427 3259 lenta
2457 3203 2746 3274 possideat.
2772 3202 2913 3273 quod
2939 3201 3081 3255 mille
3102 3215 3207 3255 non
3238 3200 3430 3256 habeat
3456 3200 3634 3267 dolet;
3659 3203 3702 3256 si
3723 3201 3875 3255 mille

2286 3296 2497 3361 habeat,
2526 3294 2667 3365 quod
2694 3294 2875 3349 decies
2915 3293 3061 3348 mille
3092 3308 3199 3348 non
3229 3293 3420 3348 habeat
3468 3294 3775 3359 mordetur;
3827 3294 3873 3347 si

2286 3388 2466 3441 decies
2487 3387 2633 3440 mille
2652 3385 2937 3452 acceperit,
2959 3384 3102 3453 quod
3128 3399 3234 3438 non
3250 3384 3430 3439 decies
3452 3384 3599 3452 plura
3617 3384 3875 3439 obtinue-

2289 3479 2359 3533 rit
2386 3479 2600 3547 angitur
2633 3494 2647 3529 :
2682 3476 2958 3546 majorque
3002 3474 3284 3544 acquisitio
3313 3474 3371 3529 lit
3415 3475 3490 3529 illi
3543 3477 3879 3546 paupertatis

2290 3569 2529 3623 accessio
2562 3586 2575 3622 :
2607 3582 2728 3620 nam
2766 3576 2964 3637 quanto
2993 3566 3145 3636 plura
3195 3568 3484 3637 acceperit,
3519 3574 3669 3621 tanto
3718 3566 3877 3637 plura

2290 3660 2579 3717 desiderat.
2610 3660 2750 3731 Ergo
2775 3671 2973 3730 quanto
3005 3659 3151 3730 plura
3181 3659 3471 3731 acceperit,
3505 3669 3653 3713 tanto
3706 3663 3877 3730 magis

2294 3768 2495 3825 pauper
2520 3751 2698 3807 evadit
2732 3771 2743 3804 :
2773 3753 2861 3822 qui
2889 3754 3031 3806 enim
3054 3751 3205 3821 plura
3227 3751 3516 3815 desiderat,
3549 3751 3717 3820 magis
3747 3767 3881 3820 pau-

2292 3863 2389 3918 per
2411 3856 2511 3901 est.
2534 3844 2665 3900 Cum
2695 3845 2853 3915 igitur
2878 3853 3089 3898 centum
3124 3844 3319 3897 talenta
3338 3842 3603 3907 habuerit,
3635 3843 3878 3897 nondmn

2296 3947 2402 3992 tam
2430 3936 2707 3991 mendicus
2754 3944 2871 3999 est;
2902 3948 3024 3987 nam
3062 3933 3208 3987 mille
3233 3933 3534 4001 desiderat;
3578 3949 3701 3989 cum
3731 3936 3882 3989 mille

2295 4027 2581 4095 acceperit,
2612 4035 2737 4080 tmte
2764 4025 2932 4095 magis
2963 4040 3161 4095 pauper
3217 4024 3429 4093 evadit;
3464 4040 3568 4080 non
3596 4028 3703 4096 jam
3732 4027 3881 4082 enim

2296 4118 2442 4173 mille
2488 4126 2545 4171 ut
2595 4120 2737 4187 prius
2767 4119 2977 4188 quaerit,
3007 4118 3102 4172 sed
3150 4117 3333 4174 decies
3364 4119 3589 4193 millium
3615 4119 3716 4174 sibi
3746 4134 3885 4185 Opus

2296 4224 2417 4265 esse
2462 4208 2610 4264 dicit.
2664 4209 2815 4277 Quod
2858 4210 2904 4263 si
2956 4211 3339 4279 concupiscere
3380 4219 3436 4265 et
3478 4225 3585 4265 non
3623 4210 3883 4279 consequi

2296 4304 2624 4373 voluptatem
2654 4317 2774 4357 esse
2818 4302 2985 4369 dicas,
3018 4304 3304 4373 voluptatis
3340 4315 3583 4357 naturam
3616 4304 3747 4358 mibi
3780 4304 3881 4357 ad-

2298 4395 2515 4451 modum
2538 4395 2780 4464 ignorare
2797 4393 3011 4448 videris.
3033 4394 3183 4459 Quod
3202 4394 3344 4449 enim
3368 4394 3468 4449 hoc
3485 4410 3590 4449 non
3609 4395 3880 4464 voluptas,

2301 4487 2393 4542 scd
2417 4487 2735 4557 supplicium
2760 4488 2847 4550 sit,
2871 4500 2983 4540 rem
3036 4485 3101 4539 ad
3130 4485 3274 4540 aliud
3321 4501 3507 4540 rursus
3552 4486 3885 4541 adducentes

2300 4582 2684 4635 examinemus.
2736 4578 2960 4645 Quando
2989 4578 3217 4645 sitimus,
3266 4593 3373 4633 non
3400 4577 3521 4633 ideo
3555 4578 3886 4633 delectamur

2302 4672 2545 4727 bibentes
2589 4675 2729 4741 quod
2784 4673 2924 4725 sitim
2968 4672 3237 4735 sedemus,
3283 4681 3335 4724 et
3369 4670 3488 4725 ideo
3525 4671 3774 4739 voluptas
3803 4679 3885 4723 est

2305 4772 2477 4834 potus,
2510 4764 2649 4833 quod
2669 4779 2695 4816 a
2721 4776 2909 4832 magno
2931 4778 3029 4816 nos
3060 4762 3247 4817 liberet
3266 4762 3525 4826 cruciatu,
3544 4776 3573 4815 a
3595 4761 3886 4829 cupiditate

2304 4854 2517 4909 bibendi
2547 4856 2773 4923 nempe?
2804 4854 2906 4909 hoc
2926 4853 3097 4908 cuivis
3127 4851 3464 4921 perspicuum
3505 4862 3607 4907 est.
3639 4853 3793 4920 Quod
3842 4856 3885 4905 si

2305 4948 2356 5001 in
2388 4948 2475 5002 tali
2513 4949 2747 5016 appetitu
2789 4961 3001 5016 semper
3041 4944 3276 4998 mansuri
3317 4957 3576 5008 essemus,
3604 4956 3725 4997 non
3776 4959 3887 4997 me-

2305 5041 2423 5095 liori
2454 5040 2761 5095 conditione
2793 5050 3035 5094 essemus
3056 5050 3215 5105 quam
3242 5034 3393 5090 dives
3418 5035 3541 5101 ille,
3574 5035 3666 5105 qui
3700 5034 3885 5090 Lauri

2306 5148 2411 5186 non
2444 5134 2691 5185 misertus
2715 5140 2818 5192 est,
2851 5138 3104 5197 quantum
3134 5125 3337 5181 scilicet
3363 5124 3427 5179 ad
3452 5125 3697 5195 supplicii
3724 5124 3888 5180 ratio-

2307 5241 2427 5281 nem
2451 5242 2463 5278 :
2500 5240 2619 5278 nam
2649 5232 2703 5277 et
2725 5222 2797 5275 illi
2821 5220 2921 5275 hoc
2949 5217 3262 5288 supplicium
3286 5225 3341 5273 et
3362 5218 3564 5287 punitio
3584 5226 3719 5281 erat,
3744 5213 3885 5285 quod

2309 5332 2429 5371 cum
2479 5316 2678 5370 stillam
2734 5326 2950 5381 parvam
2996 5319 3240 5379 cuperet,
3288 5324 3395 5365 non
3448 5316 3767 5377 assequutus
3795 5306 3883 5361 sit.

2308 5407 2362 5462 Id
2418 5408 2559 5477 quod
2616 5404 2744 5458 mihi
2784 5403 2929 5456 avari
2966 5411 3222 5472 perpetuo
3266 5400 3377 5472 pati
3401 5400 3670 5462 videntur,
3699 5405 3756 5450 et
3812 5396 3885 5450 illi

2309 5499 2513 5555 similes
2555 5511 2678 5553 esse
2721 5495 2809 5567 qui
2852 5493 3072 5564 rogabat
3117 5504 3174 5550 ut
3210 5494 3348 5549 stilla
3376 5492 3663 5556 frueretur,
3716 5504 3889 5559 neque

2310 5601 2625 5662 assequutus
2683 5600 2766 5644 est
2797 5606 2809 5642 :
2842 5588 2948 5641 imo
2988 5588 3157 5659 magis
3209 5598 3529 5646 avarorum,
3580 5596 3739 5651 quam
3806 5588 3888 5635 di-

2316 5684 2438 5738 vitis
2487 5684 2661 5750 illius,
2738 5680 2910 5734 anima
2975 5679 3325 5735 comburitur.
3382 5676 3445 5731 Et
3493 5672 3713 5746 pulchre
3761 5672 3888 5728 dixit
