4084 6328
184 379 285 435 119

186 498 309 553 σθαι
344 495 443 549 καὶ
472 492 831 564 μαστίζεσθαι
862 494 1125 559 ἀθάνατα,
1172 494 1203 565 ἢ
1234 495 1292 547 ἐν
1324 492 1485 563 πενίᾳ
1527 492 1768 560 ζήσαντα

186 578 332 653 μὴ]
362 579 552 650 δικαίᾳ
580 578 787 650 βραχὺν
814 581 1024 650 καιρὸν,
1050 578 1319 647 διηνεκῶς
1362 577 1578 646 τρυφᾷν
1607 574 1766 627 ῦστε-

186 680 310 733 ρονς
340 665 512 733 μήπω
535 662 647 735 γὰρ
670 665 725 717 τί
755 664 1194 737 λυσιτελέστερον
1236 661 1605 730 ἐξετάσωμεν,
1637 655 1772 711 ἀλλὰ

180 745 319 811 τέως
344 746 399 802 τί
436 746 825 820 εὐκολώτερον.

254 980 324 1034 Τί
342 980 400 1034 δέ
430 980 602 1052 ἥδιον,
626 980 760 1053 δναρ
787 981 917 1035 ἰδεῖν
952 978 1189 1052 χρηστὸν
1215 978 1309 1031 καὶ
1343 979 1401 1031 ὲν
1424 976 1655 1047 ἀληθεία
1686 992 1782 1029 κο·

183 1062 469 1129 λάξεσθαι,
500 1065 532 1135 ἢ
558 1064 794 1135 χαλεπὸν
818 1064 952 1135 δναρ
976 1061 1155 1116 ἰδόντα
1177 1063 1236 1115 ἐν
1266 1058 1495 1130 ἀληθείᾳ
1522 1058 1774 1131 τρυφᾷν;

183 1148 283 1200 οὐκ
314 1147 542 1218 εὔδηλον
573 1148 655 1204 ὃτι
682 1146 876 1211 τοῦτος
913 1144 1039 1209 Πῶς
1066 1141 1181 1209 οὖν,
1218 1143 1341 1198 εἰπέ
1378 1158 1489 1211 μοι,
1518 1142 1776 1212 τραχεῖαν

182 1229 374 1294 καλεῖς
399 1229 497 1300 τὴν
524 1230 756 1301 ἀρετήνς
780 1229 1022 1300 Τραχεῐα
1053 1227 1164 1298 γάρ
1184 1229 1299 1279 ἐστι
1328 1224 1465 1296 πρὸς
1498 1224 1595 1294 τὴν
1628 1222 1777 1291 όλιγο

182 1315 358 1385 ωρίαν
388 1314 749 1385 ἐξεταζομένη
789 1313 886 1385 τὴν
910 1310 1206 1383 ἡμετέραν·
1239 1310 1363 1363 ἐπεὶ
1395 1310 1479 1363 ὃτι
1521 1324 1586 1377 γε
1615 1307 1776 1378 ῥᾳδία

184 1400 279 1453 καὶ
313 1399 558 1462 εὔκολος,
602 1399 837 1453 ἄκουσον
864 1400 917 1453 τί
948 1415 1114 1469 φησιν
1144 1396 1173 1448 6
1208 1394 1466 1463 Χριστός·
1520 1392 1575 1445 '0
1604 1391 1778 1461 ζυγός

177 1501 300 1552 μου
328 1481 618 1551 χρηστὸς,
655 1483 846 1535 καὶτὸ
878 1480 1127 1549 φορτίον
1149 1494 1269 1547 μου
1301 1475 1590 1544 ἐλαφρόν.
1628 1474 1689 1526 Εἰ
1718 1470 1777 1525 δέ

183 1566 285 1619 οὐκ
334 1565 567 1635 αἰσθάνῃ
622 1565 721 1632 τῆς
756 1564 1110 1632 κουφότητος,
1139 1559 1299 1629 δῆλον
1343 1559 1426 1611 ὃτι
1465 1554 1777 1628 προθυμίαν

184 1649 511 1722 ἐρρωμένην
547 1647 649 1699 οὐκ
676 1648 839 1716 ἔχεις.
867 1646 1078 1716 Ὠσπερ
1113 1642 1222 1713 7&9
1249 1642 1453 1712 ταύτης
1481 1638 1650 1709 οὔσης
1679 1640 1777 1692 καί⁵

183 1733 251 1785 τά
282 1730 455 1802 βαρέα
482 1730 685 1801 κοῦφα,
715 1729 889 1795 οὕτως
918 1730 1020 1785 οὐκ
1046 1728 1215 1799 οὔσης
1243 1727 1335 1781 καὶ
1367 1726 1436 1780 τά
1468 1723 1647 1793 κοῦφα
1682 1722 1776 1792 βα-

188 1816 303 1887 ρέα.
334 1816 401 1869 Τί
430 1816 561 1886 γάρ,
585 1814 709 1870 εἰπέ
742 1832 857 1887 μοι,
880 1816 979 1886 τῆς
1003 1813 1098 1868 τοῦ
1128 1812 1306 1884 μάννα
1326 1808 1608 1882 τραπέζης
1628 1806 1778 1877 ἥδιον

185 1898 277 1953 καὶ
332 1898 712 1970 ἀπονώτερονς
786 1898 929 1953 Ἀλλ’
983 1896 1366 1967 ἐδυσχέραινον
1423 1894 1472 1946 οἱ
1532 1890 1777 1945 Ἰουδαῖοι

182 1982 443 2054 τοιαύτης
465 1983 832 2044 ἀπολαύοντες
860 1982 1092 2052 τρυφῆς.
1124 1980 1192 2032 Τί
1228 1977 1390 2050 λιμοῦ
1428 1976 1774 2047 πικρότερον,

184 2068 279 2121 καὶ
305 2068 416 2121 τῶν
448 2067 625 2121 ἀλλων
660 2067 771 2119 τῶν
795 2064 1108 2136 ἱπιμόχθων
1137 2055 1212 2116 ὧν
1236 2060 1499 2129 ὑπέμεινε
1530 2057 1775 2121 Παῦλος;

196 2152 341 2206 Ἀλλ’
370 2150 602 2221 ἐσκίρτα
641 2152 735 2204 καὶ
767 2148 954 2219 ἔχαιρε
991 2147 1086 2201 καὶ
1127 2144 1303 2213 ἔλεγε·
1333 2142 1466 2198 Νῦν
1497 2141 1682 2211 χαίρω
1710 2142 1781 2193 ἐν

183 2236 307 2301 τοῖς
329 2234 652 2304 παθήμασί
670 2251 811 2303 μου.
849 2231 914 2285 Τί
950 2226 1044 2285 οὖν
1071 2229 1135 2284 16
1172 2228 1380 2290 αίτιον;
1420 2227 1485 2280 Ἦ
1512 2226 1609 2297 τῆς
1634 2223 1777 2294 γνώ-

186 2336 292 2393 μης
324 2318 581 2389 διαφορά.
608 2319 709 2371 Ἀν
731 2305 912 2370 τοίνυν
932 2313 1159 2387 ταύτην,
1193 2313 1314 2367 οῖαν
1345 2306 1483 2364 εἶναι
1518 2307 1646 2380 χρὴ,
1676 2324 1778 2393 κα-

182 2388 555 2475 τασκευάσῃς,
591 2401 714 2473 δψει
740 2402 839 2473 τὴν
865 2398 1116 2454 εὐκολίαν
1158 2401 1258 2469 τῆς
1288 2394 1513 2466 ἀρετῆς.
1548 2394 1614 2448 Τί
1646 2388 1741 2447 οὖν
1760 2432 1775 2455 ,

184 2489 291 2545 ἀπὸ
319 2488 422 2559 τῆς
451 2486 680 2559 γνώμης
705 2487 816 2541 τῶν
848 2485 1145 2557 μετιόντων
1164 2482 1389 2553 τοιαύτη
1415 2482 1648 2553 γίνεται,
1675 2495 1779 2547 φη-

185 2576 265 2631 σίν
292 2594 308 2643 ;
335 2575 455 2629 Οὐκ
481 2572 591 2627 ἀπὸ
638 2572 744 2644 τῆς
787 2569 1018 2643 γνώμης
1063 2568 1245 2641 μόνον,
1303 2567 1441 2622 ἀλλὰ
1482 2566 1576 2620 καὶ
1617 2563 1779 2644 φύσει

184 2661 409 2729 τοιαύτη
442 2659 525 2721 τίς
559 2659 698 2711 ἐστι.
734 2657 844 2709 Καὶ
868 2655 979 2726 7&9
1011 2656 1061 2709 εἰ
1092 2653 1195 2724 μὲν
1223 2652 1402 2707 διόλου
1426 2649 1685 2712 ἐπίπονος
1710 2643 1779 2718 ἦν

184 2742 393 2812 ἐκείνη,
426 2740 524 2795 καὶ
563 2738 705 2809 αῦτη
742 2736 916 2790 διόλου
957 2736 1017 2789 τὸ
1046 2734 1312 2797 ἐναντίον,
1345 2733 1571 2797 εἰκότως
1601 2732 1668 2785 ἀν
1694 2746 1781 2793 τις

184 2827 293 2881 τῶν
322 2822 801 2880 ἀναπεπτωκότων
842 2816 965 2875 εἷπε
998 2818 1207 2889 ταύτην
1230 2815 1602 2883 εὐκολωτέραν
1631 2812 1780 2867 ὲκεί-

184 2928 303 2981 νης·
337 2908 467 2963 εἰδὲ
492 2907 665 2979 ἀρχὴν
689 2904 904 2977 ἔχουσιν
935 2906 969 2976 ἡ
1006 2903 1105 2975 μὲν
1131 2900 1399 2973 χαλεπὴν,
1427 2900 1461 2970 ἡ
1489 2899 1546 2952 δὲ
1572 2898 1778 2981 ἡδεῖαν,

184 2979 255 3048 τά
304 2994 363 3047 δὲ
416 2991 547 3060 τέλη
580 2990 747 3045 πάλιν
776 2988 1108 3050 ἀπεναντίας
1142 2986 1354 3049 αὐταῖς,
1380 2984 1583 3055 ἄπειρα
1612 2982 1671 3036 δέ
1711 2979 1783 3034 τά

182 3077 337 3147 τέλη,
368 3076 468 3146 τῆς
502 3074 601 3145 μὲν
644 3073 707 3128 16
757 3071 876 3143 ἡδὺ,
915 3072 1014 3143 τῆς
1055 3070 1111 3123 δὲ
1147 3068 1208 3122 16
1239 3068 1399 3138 βαρὺ,
1432 3067 1612 3129 ποίαν,
1656 3063 1782 3119 εἰπέ

187 3177 302 3231 μοι,
357 3157 732 3229 εὐκολώτερον
790 3155 1048 3220 ἑλέσθαι;
1097 3152 1163 3206 Τί
1214 3147 1308 3205 οὖν
1361 3152 1461 3221 οὐχ
1494 3148 1781 3221 αἱροῦνται

185 3242 377 3298 πολλοὶ
400 3242 463 3295 16
486 3241 745 3305 εὐκολον;
783 3240 905 3292 Ὅτι
933 3239 984 3292 οί
1014 3236 1114 3308 μὲν
1139 3233 1486 3297 ἀπιστοῦσιν,
1521 3233 1571 3285 οί
1599 3231 1657 3284 δὲ
1686 3231 1782 3285 καὶ

188 3327 562 3391 πιστεύοντες,
606 3324 1014 3398 διεφθαρμένην
1056 3321 1157 3392 τὴν
1185 3318 1415 3390 γνώμην
1443 3316 1650 3387 έχουσι,
1684 3317 1782 3370 καὶ

186 3413 382 3468 ῑλοιντ’
421 3411 490 3465 ἂν
524 3412 625 3482 τὴν
661 3410 997 3483 πρόσκαιρον
1027 3404 1223 3477 ἡδονὴν
1246 3401 1367 3457 ἀντὶ
1404 3400 1505 3470 τῆς
1531 3399 1777 3462 αἰωνίας.

188 3496 403 3553 οὐκοῦν
432 3495 595 3550 τοῦτο
626 3493 876 3561 εὐκολονς
912 3492 1028 3545 οὐκ
1067 3487 1311 3551 εὖκολον,
1353 3485 1470 3541 ἀλλ’
1518 3483 1783 3547 ἀσθενοῦς

187 3581 368 3651 ψυχῆς
386 3579 569 3635 τοῦτο.
600 3578 710 3631 Καὶ
741 3576 993 3647 καθάπερ
1022 3575 1073 3627 οί
1106 3572 1483 3645 πυρέττοντες,
1513 3569 1615 3624 οὐκ
1639 3570 1784 3651 ἐπει-

188 3662 254 3731 δὴ
281 3650 437 3731 ἥδιον
470 3661 534 3713 16
567 3660 705 3729 πρὸς
737 3658 912 3728 βραχὺ
938 3657 1152 3727 τρυφᾷν
1179 3653 1273 3708 τοῦ
1294 3653 1471 3707 διόλου
1502 3650 1780 3714 καίεσθαι,

188 3743 279 3798 διὰ
310 3741 473 3795 τοῦτο
492 3740 867 3811 ψυχροποσίας
889 3738 1112 3805 ἐρῶσιν,
1134 3735 1250 3788 ἀλλ’
1272 3734 1458 3803 ἐπειδὴ
1487 3734 1782 3800 κατασχεῖν

189 3828 292 3882 οὐκ
328 3826 618 3897 ἀνέχονται
658 3822 762 3892 τῆς
792 3818 1090 3890 επιθυμίας
1121 3817 1220 3887 τῆς
1244 3817 1471 3871 ἀτόπου·
1511 3813 1655 3868 οὕτω
1687 3812 1782 3867 καὶ

189 3907 359 3968 οὗτοι·
383 3910 465 3974 ώς
511 3907 566 3963 εί
608 3923 673 3977 γε
713 3905 807 3960 ἐπὶ
846 3904 944 3978 τὴν
972 3902 1194 3958 κόλασίν
1233 3918 1317 3966 τις
1353 3899 1551 3963 αὐτοὺς
1585 3897 1781 3971 έφερεν

189 3996 325 4068 ὁμοῦ
362 3995 507 4067 μετά
544 3992 645 4064 τῆς
676 3990 891 4063 ἡδονῆς,
911 3989 1013 4042 οὐκ
1041 3987 1106 4043 ἀν
1147 4004 1279 4042 ποτε
1307 3983 1513 4056 ταύτην
1554 3982 1791 4047 εἴλοντο.,

188 4075 346 4145 Εἶδες
370 4079 488 4143 πῶς
510 4079 612 4134 οὐκ
632 4074 854 4129 εὔκολον
880 4076 914 4145 ή
939 4074 1135 4140 κακίας
1168 4071 1231 4126 El
1257 4071 1315 4125 δέ
1334 4070 1537 4141 βούλει,
1568 4070 1663 4126 καὶ
1696 4070 1782 4123 ἐπ’

190 4163 373 4218 αὐτῶν
407 4162 517 4214 τῶν
552 4158 893 4231 πραγμάτων
940 4156 1287 4224 ἐξετάσωμεν
1333 4154 1394 4210 16
1437 4153 1571 4209 αὐτὸ
1623 4151 1784 4205 τοῦτο

192 4244 377 4300 πάλιν.
426 4242 492 4295 Τί
531 4243 640 4310 7&9
681 4241 850 4308 ηδιον,
904 4239 1025 4290 εἰπέ
1070 4254 1181 4305 μοι,
1236 4236 1328 4290 καὶ
1368 4236 1780 4305 -εὐκολώτερον;

205 4325 369 4380 Ἀλλὰ
415 4322 491 4394 μὴ
531 4323 698 4376 πάλιν
737 4320 846 4375 ἀπὸ
882 4321 980 4390 1?};
1041 4318 1339 4389 ἐπιθυμίας
1398 4318 1508 4370 τῶν
1571 4318 1781 4371 πολλῶν

189 4409 259 4464 τά
294 4408 604 4479 πράγματα
648 4404 945 4477 κρίνωμεν·
973 4402 1096 4456 οὐδὲ
1130 4402 1240 4473 7&9
1274 4400 1380 4455 ἀπὸ
1414 4401 1526 4455 τῶν
1559 4401 1781 4455 νοσούν-

188 4509 319 4558 των,
366 4489 484 4545 ἀλλ’
527 4487 638 4549 ἀπὸ
687 4488 799 4544 τῶν
853 4486 1208 4556 ὑγιαινόντων
1264 4484 1600 4555 ψηφίζεσθαι
1649 4486 1777 4556 χρή.

190 4575 324 4629 ωδε
351 4576 485 4647 γάρ,
514 4572 582 4627 ἀν
612 4572 840 4644 μυρίους
874 4589 965 4643 μοι
989 4571 1170 4646 δείξῃς
1190 4572 1559 4641 πυρέττοντας
1588 4573 1681 4623 καὶ
1710 4571 1781 4624 τά

192 4656 409 4711 ἐναντία
454 4659 523 4728 τῇ
565 4656 727 4728 ὑγεία
755 4654 1074 4726 ζητοῦντας,
1112 4652 1207 4707 καὶ
1248 4654 1609 4725 αἱρουμένους
1642 4652 1781 4724 μετά

190 4741 364 4796 ταῦτα
396 4740 747 4807 κολάζεσθαι,
780 4739 1114 4809 ἀποδέξομαι
1161 4736 1260 4809 τὴν
1300 4738 1513 4807 αῖρεσιν
1550 4738 1776 4810 ταύτην.

192 4827 255 4880 Τί
290 4826 475 4881 τοίνυν
521 4824 906 4896 εὐκολώτερον,
941 4822 1065 4877 εἰπέ
1116 4839 1227 4894 μοι,
1264 4820 1515 4889 ἐφίεσθαι
1568 4822 1780 4877 πολλῶν

191 4911 515 4982 χρημάτων,
550 4910 585 4980 ἢ
632 4907 855 4979 μείζονα
897 4902 1037 4960 εἶναι
1071 4906 1171 4976 τῆς
1202 4905 1499 4974 ἐπιθυμίας
1537 4906 1777 4976 ταύτηςς

205 4995 357 5063 Ἐμοὶ
381 4994 485 5063 μιν
516 4992 628 5062 7&9
652 4991 813 5045 τοῦτο
840 4991 1004 5044 δοκεῖ·
1041 4992 1091 5043 εἰ
1119 4990 1177 5045 δέ
1208 4990 1370 5055 αὐτὸς
1398 4990 1667 5053 ἀπιστεῖς,
1692 4992 1777 5049 ἐπ’

191 5076 325 5131 αὐτά
357 5077 430 5130 τά
462 5076 770 5145 πράγματα
805 5076 896 5128 16v
934 5075 1094 5142 λόγον
1130 5074 1451 5144 ἀγάγωμεν.
1490 5072 1640 5146 [125]
1671 5076 1779 5129 Καὶ

193 5160 330 5214 έστω
363 5160 393 5213 6
426 5158 527 5227 μὲν
568 5154 778 5209 πολλῶν
809 5157 1118 5229 ἐφιέμενος,
1147 5158 1177 5210 6
1207 5157 1267 5210 δέ
1304 5157 1553 5227 μηδενός·
1589 5156 1643 5210 τί
1674 5158 1781 5210 τοί-

193 5261 283 5298 νυν
306 5244 583 5314 κρεῖττον,
611 5239 734 5293 εἰπέ
768 5256 879 5311 μοι,
907 5240 1005 5296 καὶ
1021 5238 1076 5295 τί
1101 5239 1429 5313 σεμνότερον
1454 5258 1469 5308 ;

260 5448 321 5503 ε’.
339 5446 505 5502 Ἀλλά
519 5444 677 5499 τοῦτο
696 5447 795 5519 μέν
806 5448 1106 5518 παρείσθω·
1118 5449 1279 5505 τοῦτο
1292 5452 1398 5525 γάρ
1412 5453 1776 5525 ὡμολόγηται,

195 5532 272 5585 ὅτι
304 5526 464 5597 οὗτος
494 5532 704 5585 ἐκείνου
733 5531 1080 5605 σεμνότερος·
1108 5535 1203 5588 καὶ
1226 5537 1382 5590 οὐδὲν
1423 5539 1553 5607 περὶ
1582 5540 1776 5595 τούτου

194 5614 462 5687 ζητοῦμεν
518 5614 636 5677 νῦν,
672 5615 811 5669 ἀλλά
853 5618 935 5682 τίς
982 5618 1349 5691 εὐκολώτερον
1406 5622 1471 5694 ζῇ
1526 5625 1640 5693 βίον
1686 5628 1778 5677 καὶ

195 5695 355 5766 ηδιον.
402 5698 463 5750 Ὀ
497 5696 597 5767 μὲν
636 5695 748 5769 γάρ
782 5697 1117 5769 φιλάργυρος
1145 5700 1268 5754 οὐδὲ
1294 5702 1402 5755 τῶν
1432 5706 1601 5757 όντων
1643 5706 1777 5758 ἁπο-

197 5777 469 5834 λαύσεται·
523 5779 553 5832 ό
599 5780 707 5853 γὰρ
749 5780 914 5850 φιλεῖ,
962 5782 1063 5835 οὐκ
1105 5781 1174 5838 ἂν
1220 5785 1398 5839 ἕλοιτο
1446 5788 1774 5859 δαπανῆσαι,

199 5865 305 5920 ἀλλ’
337 5865 517 5939 ἡδέως
565 5866 758 5921 ἑαυτὸν
786 5865 851 5921 ἂν
879 5866 1211 5937 κατακόψειε
1268 5872 1359 5923 ναὶ
1421 5872 1499 5925 τὰι
1568 5874 1777 5945 σάρκας

200 5948 433 6020 πρόοιτο,
465 5949 503 6019 ἢ
534 5950 594 6002 16
624 5950 850 6022 χρυσίον
873 5969 885 5981 ·
926 5952 949 5995 κ’-
982 5950 1035 6005 δὲ
1072 5954 1429 6025 καταφρσινῶν
1478 5962 1777 6030 χρημάτων

1224 379 1293 433 1N
1334 376 1553 433 EPIST.
1598 374 1737 428 1Αο
1775 372 1934 432 C0“.
1979 374 2213 436 IIOMIL.
2245 380 2379 436 XIV.

3361 388 3461 442 120

1875 492 2037 546 τοῦτο
2058 493 2195 559 τέως
2222 496 2502 566 ἐκέρδανε,
2539 494 2598 547 16
2630 495 2734 548 τῶν
2763 496 2932 550 ὄντων
2960 496 3255 553 ἀπολαύειν
3276 499 3465 565 ἁπλῶς

1879 578 1975 630 καὶ
2038 580 2179 648 μετά
2231 580 2416 644 ἀδείας
2469 579 2695 648 πολλῆς,
2746 580 2840 632 καί
2891 581 3084 637 ἑαυτὸν
3145 582 3465 655 προτιθέναι

1877 665 2123 718 ἐκείνων.
2157 666 2224 718 Τί
2254 661 2349 720 οὖν
2381 666 2549 736 ἥδιον,
2589 669 2726 737 μετά
2785 666 2967 731 ἀδείας
3017 666 3318 721 ἀπολαύειν
3352 667 3465 722 τῶν

1877 748 2068 815 όντων,
2094 749 2129 818 ἦ
2172 750 2279 803 ὑπὸ
2325 750 2560 822 δεσπότῃ
2612 751 2791 816 ζῶντα
2834 749 2913 821 τῷ
2950 748 3187 819 πλούτῳ,
3237 750 3467 822 μηδενός
3504 814 3505 819 η

1875 835 2081 905 τολμᾷν
2111 834 2381 890 ἀπτεσθαι
2407 835 2517 889 τῶν
2543 836 2740 891 ἑαυτοῦ
2766 853 2781 899 ;
2811 836 3037 906 Ὅμοιον
3068 834 3177 904 7&9
3200 830 3342 890 εἷναί
3373 854 3465 907 μοι

1874 918 2039 983 δοκεῖ,
2078 915 2270 989 ὥσπερ
2300 919 2367 973 ἂν
2397 920 2451 974 εί
2484 936 2628 983 τινες
2666 920 2859 988 ἀνδρες
2886 918 2979 972 δύο
3015 922 3283 987 γυναῖκας
3308 918 3467 990 έχονο

1874 1018 1986 1065 τες,
2026 1000 2123 1054 καὶ
2164 1001 2373 1073 σφόδρα
2411 1001 2591 1055 αὐτῶν
2634 1002 2892 1073 ἐρῶντες,
2928 1001 3005 1073 μὴ
3030 1002 3232 1073 ὁμοίως
3276 1002 3469 1066 αὐταῖς

1877 1084 2105 1156 χρῷντο·
2140 1084 2278 1139 ἀλλά
2316 1085 2396 1156 τῷ
2426 1086 2527 1158 μὲν
2556 1086 2649 1158 ἐξῇ
2690 1087 2785 1140 καὶ
2824 1086 3094 1142 ἅπτεσθαι
3138 1086 3235 1140 καὶ
3258 1085 3468 1157 ὁμιλεῖν

1876 1172 1943 1241 τῇ
1970 1169 2215 1237 γυναικὶ,
2242 1172 2440 1242 ἐκείνῳ
2491 1172 2546 1226 δὲ
2597 1172 2732 1244 μηδέ
2781 1173 2950 1241 ἐγγὺς
2998 1170 3277 1241 γενέσθαιι
3312 1170 3468 1227 Εἴπω

1878 1253 1972 1308 καὶ
2000 1252 2207 1333 ἕτερον,
2259 1254 2355 1307 τοῦ
2387 1256 2486 1326 μὲν
2517 1256 2618 1328 τὴν
2645 1256 2863 1327 ἡδονὴν,
2906 1254 3001 1311 τοῦ
3031 1255 3089 1307 δέ
3119 1255 3361 1326 ἀθυμίαν
3385 1256 3470 1309 ἐν·

1877 1336 2250 1407 δεικνύμενος.
2291 1338 2351 1389 Ὀ
2386 1337 2725 1410 φιλάργυρος
2770 1339 3025 1393 οὐδέποτε
3069 1339 3330 1408 στήσεται
3369 1338 3471 1409 1?};

1880 1419 2177 1491 ἐπιθυμίας
2198 1418 2423 1491 ταύτης,
2447 1421 2509 1473 οὐ
2535 1421 2612 1491 τῷ
2651 1422 2725 1492 μὴ
2756 1422 3017 1476 δύνασθαι
3036 1422 3105 1477 τὰ
3133 1422 3352 1476 πάντων
3378 1421 3473 1474 λα-

1878 1503 1998 1557 ϐεῖν
2027 1504 2209 1572 μόνον,
2236 1502 2372 1558 ἀλλά
2406 1504 2499 1557 καί
2530 1504 2629 1575 τῷ,
2658 1506 2761 1558 ὅσα
2786 1505 2853 1558 ἂν
2888 1505 3274 1576 περιϐάληται,
3302 1504 3471 1576 μηδὲν

1878 1586 2131 1656 ἡγεῖσθαι
2165 1586 2331 1656 ἔχειν·
2355 1590 2384 1641 6
2408 1587 2464 1640 δὲ
2496 1586 2795 1659 χρημάτων
2822 1587 3206 1657 καταφρονῶν,
3241 1589 3473 1658 περιττά

1879 1668 2060 1722 πάντα
2099 1671 2389 1739 ἡγήσεται,
2417 1670 2512 1723 καὶ
2545 1672 2606 1723 οὐ
2636 1670 2854 1724 κολάσει
2882 1671 2984 1742 τὴν
3010 1669 3190 1741 ψυχὴν
3225 1670 3471 1741 ἀπεράνο

1878 1766 1993 1813 τοις
2032 1750 2372 1820 ἐπιθυμίαις.
2403 1752 2571 1804 Οὐδὲν
2602 1752 2712 1823 γάρ
2738 1752 2914 1817 οὕτως
2950 1755 3031 1818 είς
3064 1753 3342 1817 κολάσεως
3384 1754 3471 1805 λό-

1879 1851 1974 1903 γον
2006 1836 2181 1896 ἐστὶν,
2213 1835 2289 1899 ὡς
2319 1835 2585 1906 ἐπιθυμία
2613 1836 2971 1900 ἀπολαύσεως
3022 1838 3387 1909 ἐστερημένη,
3439 1834 3470 1888 δ

1883 1917 2121 1988 μάλιστα
2170 1919 2265 1972 καὶ
2305 1921 2408 1989 τὴν
2455 1918 2899 1991 διεστραμμένην
2940 1916 3183 1972 δείκνυσι
3215 1919 3464 1989 γνώμην.

1881 2005 2082 2057 Σκόπει
2128 2003 2204 2057 δέ·
2248 2004 2276 2055 6
2335 2003 2618 2075 ἐπιθυμῶν
2645 2003 2947 2076 χρημάτων
2988 2002 3084 2057 καὶ
3125 2002 3471 2074 κτησάμενος

1881 2086 2124 2151 πλείονα,
2151 2088 2227 2150 ὡς
2250 2088 2403 2140 οὐδὲν
2424 2087 2564 2159 ἔχων
2591 2087 2858 2143 διάκειται
2888 2090 2916 2141 ό
2947 2085 3207 2149 τοιοῦτος·
3236 2082 3347 2157 ἆρα
3373 2086 3473 2154 1?}:

1881 2171 2039 2224 νόσου
2072 2170 2276 2240 ταύτης
2301 2171 2788 2243 πολυπλοκώτερόν
2819 2190 2873 2225 τι
2899 2172 3099 2240 γένοιτ’
3131 2172 3232 2237 ἀν;
3276 2171 3387 2225 Καὶ
3410 2172 3471 2223 ού

1880 2254 2040 2309 τοῦτο
2088 2255 2250 2325 μόνον
2295 2256 2412 2308 ἐστὶ
2453 2255 2518 2307 16
2566 2254 2761 2320 δεινὸν,
2797 2254 2912 2308 ἀλλ’
2941 2257 3025 2310 ὅτι
3054 2256 3147 2309 καὶ
3174 2254 3335 2326 ἔχων,
3371 2255 3473 2307 οὐκ

1881 2338 2027 2410 ἔχειν
2056 2338 2206 2393 δοκεῖ
2230 2338 2369 2392 αὐτά
2396 2338 2433 2393 ἀ
2470 2337 2715 2410 κατέχει,
2754 2337 2850 2393 καί
2877 2337 2955 2403 ὡς
2978 2337 3080 2392 οὐκ
3103 2337 3245 2409 έχων
3272 2336 3475 2390 κόπτε-

1879 2439 1992 2477 ται·
2024 2423 2128 2476 κᾶν
2156 2421 2223 2475 τὰ
2246 2422 2466 2476 πάντων
2493 2422 2654 2494 λάϐῃ,
2681 2422 2883 2494 μᾶλλον
2912 2423 3150 2477 ἀνιᾶται·
3198 2419 3305 2475 κᾶν
3341 2422 3474 2491 κτή-

1884 2524 2045 2578 σηται
2073 2507 2270 2560 ἑκατὸν
2307 2507 2571 2572 τάλαντα,
2600 2507 2681 2561 ὃτι
2724 2506 2799 2579 μὴ
2836 2506 2985 2578 χίλια
3029 2505 3243 2567 ἐλαϐεν,
3293 2505 3470 2574 ἀλγεῖ·

1881 2589 1986 2644 κᾶν
2023 2590 2171 2660 χίλια
2196 2589 2335 2661 λάϐῃ
2353 2602 2405 2655 ι,
2429 2590 2510 2643 δτι
2544 2592 2619 2662 μὴ
2648 2592 2839 2661 μύρια,
2859 2591 3149 2647 δάκνεται·
3176 2588 3280 2643 κᾶν
3303 2588 3474 2661 μύρια

1880 2671 2042 2746 λάϐῃ,
2082 2674 2164 2727 ὅτι
2201 2673 2276 2745 μὴ
2299 2673 2522 2737 δεκάκις
2555 2672 2812 2733 τοσαῦτα,
2846 2674 3276 2727 κατακόπτεται·
3313 2674 3408 2726 καὶ
3438 2673 3472 2741 ἠ

1881 2756 2083 2810 πλείων
2117 2758 2307 2826 κτῆσις
2336 2758 2485 2829 αὐτῷ
2514 2757 2801 2830 προσθήκη
2840 2757 3053 2826 γίνεται
3101 2757 3312 2819 πενίας·
3363 2756 3475 2824 ὅσῳ

1880 2842 1991 2912 7&9
2033 2839 2101 2894 ἀν
2151 2840 2293 2911 λάϐῃ
2344 2841 2589 2905 πλείονα,
2624 2842 2866 2912 τοσούτῳ
2902 2839 3163 2894 πλειόνων
3191 2838 3471 2909 ἐπιθυμεῖ.

1881 2926 2091 2981 Οὐκοῦν
2120 2926 2230 2995 ὅσῳ
2265 2927 2330 2980 ἂν
2363 2926 2586 2981 πλείονα
2616 2924 2777 2997 λάϐῃ,
2820 2925 3061 2996 τοσούτῳ
3097 2924 3300 2995 μᾶλλον
3328 2924 3475 2992 γίνε-

1880 3028 1973 3065 ται
2010 3010 2207 3081 πένης·
2247 3012 2277 3063 6
2312 3011 2425 3081 7&9
2449 3010 2710 3066 πλειόνων
2733 3008 3039 3082 ἐπιθυμῶν,
3075 3008 3275 3080 μᾶλλον
3303 3010 3476 3077 πένης

1882 3094 2051 3149 ἐστίν.
2079 3095 2247 3148 Ὅταν
2279 3095 2377 3165 μὲν
2406 3090 2500 3149 οὖν
2528 3094 2724 3149 ἐκατὸν
2751 3093 2851 3167 ἔχῃ
2878 3093 3137 3158 τάλαντα,
3178 3093 3239 3147 οὐ
3272 3091 3477 3164 σφόδρα

1884 3177 2178 3248 πτωχεύει·
2207 3178 2396 3250 χιλίων
2411 3178 2523 3251 γάρ
2551 3178 2828 3249 ἐπιθυμεῖ·
2854 3177 2983 3233 ὅταν
3002 3176 3150 3250 χίλια
3172 3175 3336 3250 λάϐῃ,
3351 3175 3474 3230 τότε

1886 3260 2088 3333 μᾶλλον
2113 3261 2324 3328 γίνεται
2358 3262 2550 3334 πένης·
2581 3263 2768 3316 οὐκέτι
2798 3260 2909 3334 7&9
2937 3261 3129 3333 χιλίων
3157 3260 3234 3323 ὡς
3274 3258 3475 3330 πρότε-

1886 3360 1998 3415 ρον,
2023 3342 2158 3397 ἀλλά
2184 3345 2397 3418 μυρίων
2418 3344 2579 3401 αὐτὸν
2600 3347 2658 3399 ἐν
2680 3344 2840 3417 χρείᾳ
2868 3344 3035 3416 φησὶν
3059 3338 3223 3397 εἶναι.
3252 3342 3314 3395 Εἰ
3333 3340 3391 3394 δέ
3416 3340 3478 3395 16

1883 3426 2195 3494 ἐπιθυμεῖν,
2218 3429 2310 3482 καὶ
2338 3428 2414 3502 μὴ
2438 3428 2847 3499 ἐπιτυγχάνειν,
2872 3427 3068 3499 ἡδονὴν
3100 3419 3242 3479 εἶναι
3271 3424 3475 3495 λέγεις,

1881 3511 2097 3580 ἀγνοεῖν
2124 3529 2215 3584 μοι
2247 3512 2449 3584 σφόδρα
2479 3511 2658 3576 δοκεῖς
2681 3511 2784 3581 1?};
2805 3510 2999 3583 ἡδονῆς
3019 3509 3120 3582 τὴν
3144 3512 3327 3579 φύσιν.
3351 3509 3476 3562 ⁴Ὅτι

1881 3595 1995 3667 γὰρ
2022 3597 2124 3667 οὐχ
2152 3596 2335 3669 ἡδονὴ,
2363 3595 2501 3652 ἀλλὰ
2533 3596 2759 3659 κόλασις
2785 3595 2845 3648 16
2876 3594 3142 3659 τοιοῦτον,
3170 3595 3255 3662 ἐφ’
3288 3592 3475 3662 ἐτερον

1882 3675 2017 3728 αὐτὸ
2045 3675 2207 3728 πάλιν
2249 3675 2572 3742 ἀγαγόντες,
2607 3674 2975 3742 ἐξετάσωμεν.
3012 3674 3177 3725 Ὅταν
3207 3669 3472 3738 διψῶμεν.

1880 3754 1942 3807 οὐ
1962 3755 2052 3806 διὰ
2080 3754 2237 3807 τοῦτο
2271 3755 2512 3825 ἡδόμεθα
2537 3756 2804 3819 πίνοντες,
2827 3754 2912 3806 ὅτι
2939 3754 3002 3809 16
3020 3752 3174 3822 δίψος
3200 3750 3472 3822 παύομεν,

1882 3838 1978 3892 καὶ
2001 3838 2091 3892 διά
2118 3838 2277 3892 τοῦτο
2304 3840 2470 3913 ἡδονὴ
2496 3839 2559 3894 16
2583 3838 2781 3906 πίνειν,
2807 3840 2887 3893 ὅτι
2913 3837 3160 3910 μεγάλης
3192 3838 3341 3909 ἡμᾶς
3364 3836 3475 3890 ἀπ-

1882 3921 2137 3978 αλλάττει
2172 3923 2432 3995 βασάνου,
2474 3923 2576 3995 τῆς
2620 3922 2920 3996 ἐπιθυμίας
2959 3922 3105 3992 λέγω
3132 3922 3227 3977 τοῦ
3258 3923 3472 3987 πίνειν;

1885 4009 2048 4063 παντί
2074 4027 2176 4065 που
2207 4010 2387 4079 δῆλον.
2418 4008 2573 4084 [124]
2612 4011 2677 4065 Εἰ
2705 4009 2764 4064 δέ
2791 4009 3085 4081 μέλλοιμεν
3113 4008 3173 4062 ἐν
3206 4006 3477 4078 ἐπιθυμίᾳ⁵

1882 4094 1974 4147 ἀεὶ
2021 4094 2320 4164 διατρίϐειν
2370 4094 2616 4165 τοιαύτη,
2671 4093 2827 4149 οὐδὲν
2869 4093 3091 4148 ελαττον
3133 4092 3331 4164 ἕξομεν
3377 4090 3473 4143 τοῦ

1884 4175 2140 4229 πλουσίου
2179 4175 2273 4228 τοῦ
2317 4176 2411 4229 ἐπὶ
2441 4174 2536 4228 τοῦ
2564 4176 2821 4245 Λαζάρου
2860 4178 2942 4240 είς
2970 4176 3246 4238 κολάσεως
3279 4174 3470 4239 λόγον·

1882 4258 2005 4311 ἐπεὶ
2050 4258 2145 4314 καὶ
2192 4256 2387 4330 ἐκείνῳ
2417 4258 2642 4323 κόλασις
2679 4257 2840 4312 τοῦτο
2872 4252 2963 4330 ἦν,
2991 4257 3054 4311 16
3100 4255 3473 4327 ἐπιθυμοῦντα

1885 4339 2131 4427 σφοδρῶς
2193 4342 2453 4410 σταγόνος
2510 4342 2735 4414 μικρᾶς,
2770 4340 2846 4415 μὴ
2887 4341 3033 4427 ἔχειν
3061 4338 3092 4381 δ
3118 4339 3211 4395 16v
3265 4337 3474 4427 ταύτην

1884 4424 2217 4495 παρέχοντα·
2256 4426 2393 4498 ὅπερ
2420 4427 2513 4480 καὶ
2547 4426 2597 4480 οἱ
2629 4424 2959 4499 φιλάργυροι
3001 4427 3234 4496 πάσχειν
3266 4441 3355 4496 μοι
3384 4424 3473 4477 60-

1882 4506 2041 4560 κοῦσι
2071 4508 2355 4577 διηνεκῶς,
2388 4507 2483 4563 καὶ
2512 4511 2634 4563 κατ’
2667 4512 2875 4563 ἐκεῖνον
2910 4505 3050 4562 εἶναι
3086 4509 3179 4561 τὸν
3216 4505 3472 4572 ἀξιοῦντα

1882 4590 2085 4662 ταύτης
2134 4592 2463 4659 ἀπολαῦσαι,
2513 4592 2609 4644 καὶ
2646 4590 2722 4661 μὴ
2762 4591 3223 4661 ἐπιτυγχάνοντα·
3270 4590 3473 4660 μᾶλλον

1882 4676 1991 4746 7&9
2019 4676 2199 4729 αὐτῶν
2235 4678 2267 4744 ἠ
2301 4674 2449 4745 ψυχὴ
2481 4675 2582 4745 τῆς
2624 4675 2835 4729 ἐκείνου
2870 4675 3106 4729 καίεται.
3138 4675 3247 4728 Καὶ
3290 4673 3473 4738 καλῶς

1882 4775 1967 4820 τις
1999 4755 2151 4810 εἶπεν
2202 4757 2488 4825 ὺδερικούς
2530 4776 2681 4824 τινας
2719 4754 2860 4813 εἰναι
2907 4762 3035 4823 τοὺς
3078 4757 3468 4830 φιλαργύρους.

1881 4841 2150 4912 Καθάπερ
2177 4842 2286 4914 γὰρ
2321 4845 2516 4897 ἐκεῖνοι
2541 4843 2675 4897 πολὺ
2707 4843 2965 4913 φέροντες
2996 4842 3141 4914 ὕδωρ
3174 4846 3233 4895 ὲν
3259 4842 3339 4913 τῷ
3368 4842 3472 4895 σώ-

1822 4975 1832 4984 ,
1884 4941 2015 4994 ματι
2070 4925 2271 4994 μᾶλλον
2318 4926 2651 4979 έκχαίονται·
2699 4925 2842 4979 οὓτω
2883 4927 2977 4979 καὶ
3034 4926 3085 4978 οἰ
3142 4924 3469 4998 φιλάργυροι

1881 5004 2050 5061 πολλὰ
2097 5008 2485 5078 περιφέροντες
2524 5010 2781 5079 χρήματα
2829 5008 3091 5062 πλειόνων
3119 5006 3464 5078 ἐπιθυμοῦσι.

1879 5089 1953 5142 Τὸ
1976 5088 2033 5144 δὲ
2060 5089 2252 5153 αἴτιον,
2284 5092 2366 5144 ὃτι
2388 5090 2512 5144 οὕτε
2546 5094 2741 5147 ἐκεῖνοι
2776 5093 2834 5145 ὲν
2865 5093 2978 5153 τοῖς
3008 5092 3345 5162 προσήκουσι
3376 5092 3469 5144 16-

1880 5188 2003 5239 ποις
2034 5174 2098 5228 16
2132 5173 2276 5243 ῦδωρ
2298 5173 2532 5242 ἔχουσιν,
2564 5173 2681 5227 οὐδὲ
2716 5170 2859 5228 οὗτοι
2894 5175 2951 5225 ἐν
2982 5176 3095 5234 τοῖς
3134 5177 3467 5245 προσήκουσι

1878 5256 2159 5329 λογισμοῖς
2213 5258 2312 5327 τὴν
2355 5258 2670 5329 ἐπιθυμίαν.
2715 5257 3009 5330 Φεύγωμεν
3044 5255 3139 5312 οὖν
3182 5257 3281 5329 τὴν
3309 5259 3467 5328 ξένην

1877 5339 2081 5409 ταύτην
2110 5340 2203 5394 καὶ
2252 5340 2413 5411 κενὴν
2439 5341 2593 5395 νόσον
2622 5352 2668 5406 ε,
2710 5340 2999 5412 φεύγωμεν
3044 5341 3143 5414 τὴν
3179 5340 3334 5411 ῥίζαν
3357 5344 3467 5395 τῶν

1879 5421 2088 5485 κακῶν,
2116 5422 2403 5493 φεύγωμεν
2426 5424 2525 5495 τὴν
2556 5424 2836 5496 παροῦσαν
2860 5425 3101 5493 γέενναν·
3137 5427 3328 5494 γέεννα
3359 5428 3466 5500 γὰρ

1879 5509 1911 5577 ἡ
1941 5507 2145 5559 τούτων
2176 5508 2457 5577 ἐπιθυμία.
2498 5510 2828 5577 Ἀνάπτυξον
2852 5510 2981 5579 γοῦν
3011 5513 3111 5583 τὴν
3140 5510 3316 5584 ψυχὴν
3338 5514 3465 5565 ἑκά⁹

1943 5852 1969 5879 ⁸
1990 5850 2127 5917 Λάδῃ
2149 5852 2406 5917 Adeeraljn
2435 5855 2722 5917 editistsed
2751 5852 2959 5917 habetur
2981 5852 3028 5902 in
3057 5853 3177 5915 Reg.
3262 5853 3289 5893 δ
3322 5855 3463 5917 Lego-

1878 5908 2017 5983 hqlur
2043 5908 2116 5972 μὴ’
2142 5914 2478 5983 ἐπιτυγχάνει..
2569 5908 2595 5945 ε’
2617 5915 2759 5977 Reg.,
2784 5916 2865 5964 καί
2886 5917 3052 5975 καινήν
3072 5908 3228 5978 νόσον,
3251 5932 3362 5983 quas
3380 5908 3460 5968 Ῐθ·

1882 5976 1979 6021 clio
2002 5987 2096 6022 non
2120 5976 2417 6036 spernenda.
