4084 6328
246 308 347 366 £22

242 422 509 494 quispiam
572 432 767 474 avaros
824 430 944 471 esse
995 412 1335 484 hydropicus.
1384 410 1841 479 Quemadmodum

244 516 389 569 enim
418 513 498 567 illi
526 512 750 564 multam
775 508 826 561 in
855 521 1083 575 corpore
1108 514 1379 573 gestantes
1418 519 1628 571 aquam,
1674 504 1841 571 magis

243 611 546 657 uitruntur
577 618 591 653 :
622 600 699 654 sic
727 607 780 653 et
814 598 958 650 avari
990 596 1183 649 multas
1212 592 1649 648 circumferentes
1680 609 1841 661 peruo

238 695 358 745 uias
384 732 399 756 ,
452 692 634 760 plures
685 690 1092 757 concupiscunt.
1120 684 1288 739 Causa
1334 694 1509 738 autem
1543 684 1656 737 lm'c
1707 694 1789 738 est
1823 702 1836 738 :

240 798 417 854 neque
442 783 522 835 illi
554 782 604 834 in
627 779 1043 848 congruentibus
1074 777 1203 832 locis
1224 793 1390 847 aquas
1419 776 1635 842 habent,
1667 792 1840 845 neque

232 876 326 931 isti
352 875 408 928 in
437 873 859 941 congruentibus
886 870 1295 939 cogitationibus
1323 870 1833 937 concupiscentiam.

242 964 531 1037 Fugismus
562 980 697 1032 ergo
736 964 874 1017 hunc
921 963 1155 1015 alienum
1208 972 1262 1016 et
1313 961 1523 1015 inanem
1556 962 1833 1025 morbum,

241 1059 513 1128 fugiamus
539 1056 771 1111 radicem
802 1051 1082 1114 malorum,
1113 1054 1372 1123 fugiamus
1405 1044 1719 1121 pra-sentem
1746 1069 1831 1123 ge-

238 1148 514 1213 hennam;
552 1148 791 1218 gelienna
815 1148 955 1203 enim
986 1156 1067 1200 cst
1089 1161 1274 1199 eorum
1307 1146 1590 1214 cupiditas.
1617 1147 1831 1215 Explica

235 1254 365 1309 ergo
388 1240 651 1310 cujusque
682 1240 945 1302 animam,
978 1246 1031 1292 et
1056 1238 1169 1306 ejus
1202 1238 1290 1305 qui
1312 1238 1563 1306 pecunias
1584 1238 1833 1307 despicit,

236 1342 290 1385 et
321 1332 441 1401 ejus
466 1333 555 1402 qui
585 1348 690 1385 non
714 1330 975 1399 despicit;
1002 1340 1053 1383 et
1086 1329 1289 1383 videbis
1339 1329 1479 1384 hunc
1513 1331 1724 1399 quidem
1754 1332 1833 1384 fu-

237 1424 485 1478 rentibus
514 1438 635 1477 esse
661 1422 911 1484 similem,
942 1422 1027 1489 qui
1062 1421 1191 1473 nihil
1224 1421 1303 1474 vel
1330 1422 1510 1474 videre
1536 1422 1618 1475 vel
1643 1421 1830 1475 audire

236 1516 401 1572 velit;
428 1514 571 1567 hunc
589 1527 716 1567 vero
741 1512 911 1579 portui
939 1527 966 1563 a
992 1510 1239 1564 {luctibus
1260 1513 1430 1565 libero
1455 1530 1466 1563 :
1489 1512 1827 1565 hieomninm

230 1614 316 1658 est
347 1605 575 1665 amicus,
608 1612 663 1657 ut
694 1603 779 1656 ille
814 1603 997 1655 hostis.
1022 1602 1153 1655 Nam
1193 1603 1292 1655 etsi
1326 1604 1441 1670 quis
1472 1603 1694 1671 accepit,
1722 1620 1825 1656 non

1279 298 1341 352 l’N
1382 297 1594 353 EPIST.
1640 296 1659 350 1
1721 296 1812 350 AD
1845 296 2002 351 COR.
2044 293 2275 352 IlOMlL.
2320 297 2434 353 XV.

3429 301 3530 358 1³22

1951 412 2094 463 illum
2121 408 2283 465 ailtcit
2310 411 2548 466 molestia
2571 430 2585 476 ;
2608 410 2652 465 sl
2673 410 2796 483 quis
2814 426 3023 468 rursum
3049 413 3145 484 ipsi
3168 415 3398 483 dederit,
3423 433 3528 477 non

1950 504 2185 567 inﬂavit;
2217 504 2309 558 sed
2333 514 2416 557 est
2442 504 2682 574 quaedam
2705 504 2842 573 apud
2880 506 3028 562 illum
3067 508 3289 565 libertas
3312 526 3525 566 Omnem

1947 592 2149 647 habens
2174 593 2514 649 securitatem
2548 612 2561 650 :
2608 604 2661 649 et
2687 596 2773 651 hic
2810 596 3023 667 quidem
3052 598 3301 654 omnibus
3319 600 3526 655 adulari

1945 700 2065 763 cum
2114 684 2541 740 dissimulatione
2593 688 2823 755 cogitur,
2876 688 2965 745 ille
2992 700 3169 745 autem
3198 693 3419 749 nemini.
3468 694 3525 749 Si

1944 790 2071 843 ergo
2101 785 2155 829 et
2186 792 2387 845 pauper
2414 786 2496 831 est
2526 792 2719 831 avarus
2763 786 2819 834 et
2870 780 3107 845 timidus,
3149 782 3427 839 simulator
3474 797 3526 839 et

1943 867 2241 939 hypocrita,
2275 884 2337 923 ac
2378 869 2674 925 terroribus
2706 871 2912 939 plenus,
2939 873 3177 928 cruciatu
3207 884 3362 943 atque
3392 894 3523 943 snp-

1944 959 2137 1028 plicio;
2169 960 2256 1029 qui
2289 976 2419 1015 vero
2455 961 2706 1029 pecunias
2734 962 2977 1030 despicit,
3022 965 3302 1019 contrariis
3334 966 3526 1021 fruitur

1942 1050 2189 1105 omnibus
2218 1068 2232 1106 :
2255 1066 2429 1105 annon
2465 1053 2638 1120 palam
2666 1064 2748 1107 est
2774 1054 3024 1109 virtutem
3048 1071 3169 1111 esse
3186 1059 3524 1113 suaviorem?

1939 1142 2017 1196 Ac
2044 1142 2245 1211 reliqua
2296 1143 2453 1196 etiam
2488 1144 2873 1198 insectaremur
2907 1147 3069 1212 mala,
3102 1148 3254 1217 queis
3286 1153 3525 1204 ostendi-

1941 1243 2043 1298 tur,
2075 1234 2203 1287 nihil
2222 1235 2359 1304 quod
2384 1235 2579 1288 malum
2600 1237 2671 1289 sit
2692 1236 2885 1291 habere
2908 1237 3256 1307 voluptatein,
3287 1242 3387 1295 nisi
3411 1243 3519 1310 jam

1938 1328 2104 1380 multa
2133 1343 2161 1380 a
2195 1328 2349 1383 nobis
2377 1329 2623 1396 superius
2653 1330 2795 1384 dicta
2824 1331 3066 1385 fuissent.
3096 1332 3217 1387 lla~c
3247 1349 3374 1403 ergo
3399 1351 3519 1389 com

1936 1419 2205 1485 sciamus,
2252 1419 2513 1488 eligamus
2564 1420 2855 1487 virtutem,
2912 1432 2972 1475 ut
3019 1432 3071 1476 et
3116 1422 3201 1477 hic
3250 1426 3520 1493 voluptate

1935 1509 2193 1571 fruamur,
2218 1518 2270 1563 et
2293 1509 2465 1564 futura
2490 1525 2882 1581 consequamur
2907 1513 3063 1577 bona,
3089 1516 3259 1583 gratia
3280 1525 3336 1570 et
3365 1516 3516 1571 beni-

1931 1601 2131 1671 gnitate
2149 1644 2163 1668 ,
2192 1610 2295 1657 etc.

234 1737 3502 1760 ww

1591 1814 1936 1875 HOMILIA
1980 1812 2124 1873 XV.

222 1960 363 2016 CAP.
393 1963 447 2015 5.
478 1977 528 2012 v.
570 1962 617 2014 1.
655 1960 871 2013 Omnino
911 1958 1117 2011 auditur
1153 1958 1282 2009 inter
1316 1972 1401 2010 vos
1442 1959 1710 2027 fornicatio
1734 1998 1747 2019 ,
1781 1967 1825 2009 et

299 2054 422 2105 talis
454 2053 721 2119 fornicatio
744 2092 756 2114 ,
789 2067 900 2117 quae
926 2067 1027 2102 non
1056 2051 1183 2101 inter
1210 2058 1378 2118 gente“
1408 2048 1697 2100 nominatur
1723 2090 1734 2108 ,
1771 2058 1823 2099 ut

298 2160 511 2196 uxorem
554 2144 713 2211 patris
750 2144 833 2195 sui
875 2142 1057 2208 aliquis
1089 2140 1285 2192 habeat.
1328 2138 1379 2191 9.
1428 2138 1491 2191 Et
1532 2154 1618 2190 vos
1658 2138 1823 2206 inﬂati

298 2239 443 2298 estis,
473 2248 518 2290 et
547 2253 646 2289 non
676 2236 835 2305 magis
869 2235 1068 2287 lnxistis
1094 2276 1108 2299 ,
1138 2242 1190 2285 ut
1222 2232 1427 2287 tollatur
1457 2231 1519 2283 de
1544 2231 1708 2283 medio
1735 2246 1819 2283 ve-

293 2341 460 2384 strum
486 2331 569 2397 qui
596 2329 688 2381 hoc
719 2346 846 2396 opus
872 2328 1009 2395 fecit.

297 2421 325 2473 ‘l
344 2458 356 2471 .
389 2419 613 2485 Quando
640 2419 939 2473 disserebat
962 2418 1030 2470 de
1060 2416 1272 2469 illorum
1306 2413 1641 2467 dissensione
1668 2452 1680 2475 ,
1712 2427 1819 2466 non

212 2512 408 2565 statim
440 2511 743 2565 vehementi
772 2526 903 2564 usus
932 2518 1015 2564 est
1046 2521 1295 2562 sermone
1318 2546 1333 2571 ,
1366 2505 1457 2561 sed
1488 2503 1819 2558 mansuetius

214 2602 403 2671 primo
444 2602 636 2665 oravit,
669 2600 993 2668 demumque
1037 2600 1088 2652 in
1132 2599 1528 2652 accusationem
1554 2596 1714 2649 desiit
1736 2595 1819 2649 his

213 2692 406 2747 verbis
438 2709 450 2743 :
485 2692 842 2759 Signiﬁcatum
891 2690 1023 2742 enim
1062 2697 1131 2742 est
1174 2687 1298 2740 milii
1338 2688 1401 2741 de
1441 2684 1818 2753 t'obis,,fratres

211 2783 323 2837 mei
346 2824 361 2847 ,
402 2782 463 2834 ab
487 2782 547 2834 iis
576 2782 661 2849 qui
690 2790 805 2834 sunt
845 2780 1057 2841 Chloes,
1096 2779 1231 2849 quod
1261 2777 1600 2830 contentiones
1630 2777 1729 2829 sint
1764 2776 1817 2828 in

211 2874 367 2927 vobis
402 2873 477 2941 (l.
513 2871 631 2927 Cor.
666 2872 715 2926 1.
747 2870 861 2939 il).
893 2871 990 2925 Hic
1018 2880 1194 2923 autem
1228 2884 1330 2923 non
1363 2869 1438 2921 sic
1463 2910 1476 2929 ,
1512 2866 1604 2921 sed
1635 2867 1814 2919 statim

209 2964 442 3035 pungit;
472 2972 527 3016 et
555 2970 813 3032 quantum
858 2962 972 3015 fieri
1014 2969 1187 3030 potest
1211 3000 1223 3023 ,
1252 2958 1493 3015 criminis
1521 2957 1815 3027 exprobra-

209 3056 426 3108 tionem
449 3067 784 3105 communem
812 3051 999 3104 reddit.
1033 3050 1213 3119 Neque
1238 3050 1380 3106 enim
1403 3050 1534 3102 dixit
1559 3066 1571 3101 :
1596 3047 1703 3102 Cur
1726 3048 1815 3102 ille

208 3145 519 3200 fornicatus
540 3144 658 3197 est?
681 3143 794 3208 sed,
818 3142 1035 3198 Omnino
1060 3142 1265 3196 auditur
1282 3143 1334 3194 in
1358 3141 1492 3194 vobis
1510 3140 1777 3210 fornicatio
1794 3155 1813 3191 :

211 3247 279 3289 ut
313 3251 379 3288 ne
405 3235 553 3304 quasi
582 3234 739 3287 alieni
769 3234 989 3286 omnino
1018 3249 1045 3285 a
1072 3233 1443 3286 criminatione
1484 3231 1813 3298 negligenter

212 3334 465 3394 agerent,
511 3326 603 3378 sed
651 3326 702 3376 in
749 3324 1018 3377 communi
1062 3324 1331 3392 percussi,
1382 3330 1437 3376 et
1480 3323 1715 3375 ECI'ICSia
1760 3323 1809 3375 in

212 3418 429 3472 crimen
462 3426 645 3471 vocata
671 3457 685 3479 ,
717 3417 793 3469 sic
819 3416 1033 3469 solliciti
1066 3414 1438 3469 redderentur.
1473 3414 1638 3466 Nemo
1668 3414 1807 3467 enim

212 3508 384 3572 dicet,
417 3507 604 3576 inquit,
632 3508 722 3561 llle
752 3506 1041 3560 fornicatus
1064 3515 1178 3569 est;
1209 3506 1301 3559 sed
1334 3508 1383 3558 in
1410 3504 1807 3559 Corinthiorum

217 3597 462 3651 Ecclesia
496 3597 689 3651 factum
712 3607 793 3651 est
823 3607 1115 3665 peccatum.
1150 3597 1257 3651 Nec
1283 3598 1435 3660 dixit,
1471 3597 1827 3665 I’erpetratur,

214 3688 533 3750 fornicatio;
586 3687 678 3741 sed
720 3686 959 3753 Auditur,
994 3703 1107 3756 qua:
1149 3704 1211 3739 ne
1246 3688 1444 3756 quidem
1485 3689 1614 3747 inter
1640 3697 1809 3755 gentes

214 3778 547 3831 nominatur.
576 3777 799 3846 Semper
828 3776 969 3830 enim
1000 3792 1062 3831 ex
1102 3777 1349 3845 gentibus
1387 3776 1578 3845 probra
1614 3777 1807 3845 ingerit

216 3869 502 3933 tidelibus;
546 3878 601 3924 et
645 3869 1218 3923 Thessalonicensibus
1263 3870 1503 3924 scribens
1552 3869 1803 3923 dicebat:

218 3960 579 4029 Unusquisque
632 3978 717 4015 vas
764 3979 910 4015 suum
960 3962 1214 4032 possideat
1263 3964 1315 4015 in
1372 3964 1803 4029 sanctiﬁcatione,

215 4068 325 4121 non,
378 4056 428 4104 in
484 4053 716 4120 passione
770 4053 1043 4117 desiderii,
1096 4055 1220 4107 sicut
1277 4064 1323 4106 et
1385 4063 1578 4106 creterra
1637 4064 1806 4123 gentes

215 4148 299 4215 (1.
327 4144 506 4198 Thess.
529 4147 584 4199 4.
612 4145 665 4199 4.
694 4144 783 4213 5);
812 4141 1216 4198 Colossensibus
1241 4156 1415 4198 autem
1440 4154 1492 4198 et
1518 4144 1763 4213 Ephesiis
1791 4162 1802 4197 :

219 4235 307 4289 Ne
366 4239 502 4290 ultra
553 4238 817 4291 ambuletis
876 4238 1004 4291 sicut
1060 4236 1270 4305 reliqua:
1318 4246 1487 4307 gentes
1545 4237 1805 4291 ambulant

216 4328 439 4397 (Ep/tes.
463 4329 518 4383 ι.
544 4330 655 4399 17).
687 4328 740 4385 Si
770 4338 947 4384 autem
970 4328 1158 4384 eadem
1185 4329 1296 4399 ipsa
1324 4345 1443 4399 qua:
1472 4339 1656 4399 gentes
1683 4345 1807 4398 pec-

213 4434 342 4471 care
369 4420 572 4487 ignosci
605 4420 805 4488 nequit,
836 4420 1060 4488 gentiles
1092 4421 1235 4489 ipsos
1264 4435 1325 4473 ea
1357 4421 1405 4472 in
1439 4436 1496 4473 re
1526 4435 1802 4488 superare,

213 4524 474 4578 quonam,
508 4526 711 4580 quaiso,
746 4512 797 4564 in
824 4514 942 4565 loco
971 4513 1265 4580 ponemus?
1296 4511 1449 4579 Apud
1481 4513 1601 4566 illos
1636 4514 1799 4581 enim,

214 4602 412 4671 inquit,
439 4617 543 4655 non
568 4602 726 4657 modo
750 4603 878 4655 nihil
906 4612 1245 4671 perpetratur
1269 4603 1594 4670 hujusmodi,
1621 4604 1714 4657 sed
1739 4620 1805 4659 ne

213 4692 525 4745 nominatur
549 4692 783 4761 quidem.
809 4692 1052 4746 Vidistin’
1075 4707 1350 4762 quousque
1378 4694 1578 4747 crimen
1601 4695 1805 4748 extule-

214 4781 325 4835 rit?
350 4780 482 4834 Cum
509 4784 649 4835 enim
680 4782 811 4836 tales
836 4792 1127 4837 cernuntur
1156 4784 1425 4838 invenisse
1452 4786 1673 4839 luxuriae
1698 4802 1805 4841 mo-

212 4872 335 4935 dos,
363 4887 500 4941 quos
531 4872 776 4928 inﬁdeles
798 4890 900 4929 non
928 4875 1087 4930 modo
1110 4885 1418 4945 perpetrare
1449 4892 1552 4930 non
1580 4878 1800 4946 audent,

212 4961 309 5015 sed
343 4978 410 5017 ne
436 4974 632 5018 norunt
660 4966 874 5035 quidem
896 5008 911 5033 ,
948 4966 1230 5021 ineﬂabilis
1254 4978 1334 5022 est
1364 4971 1564 5037 peccati
1595 4973 1802 5040 magni-

215 5052 366 5105 tudo.
412 5052 541 5107 lllud
580 5067 779 5124 autem,
810 5056 954 5112 Inter
990 5075 1096 5124 vos,
1141 5074 1236 5127 per
1279 5060 1555 5129 emphasin
1602 5063 1802 5119 dictum

212 5154 330 5209 est;
367 5141 467 5197 hoc
493 5153 595 5208 est,
638 5147 775 5201 inter
804 5163 898 5203 vos
934 5148 1136 5214 ﬁdeles,
1174 5149 1264 5218 qui
1306 5159 1449 5204 tanta
1490 5155 1803 5222 percepistis

215 5235 496 5309 mysteria,
539 5236 631 5305 qui
670 5252 987 5293 arcanorum
1029 5241 1315 5309 participes
1356 5239 1566 5308 fuistis,
1606 5246 1694 5313 qui
1737 5247 1801 5301 ad

214 5329 411 5385 cadum
427 5327 597 5382 vocati
619 5328 767 5381 estis.
796 5329 981 5385 Viden’
1008 5342 1201 5403 quanta
1228 5332 1590 5401 indignatione
1615 5340 1802 5406 plenus

213 5422 286 5473 sit
324 5435 505 5475 sermo
525 5462 538 5485 ,
569 5428 765 5490 quanta
795 5420 869 5473 ira
897 5433 1081 5475 contra
1109 5438 1317 5478 omnes.
1351 5424 1482 5477 Nam
1514 5425 1557 5479 si
1588 5443 1693 5481 non
1727 5433 1803 5483 ira

216 5512 384 5565 multa
408 5514 658 5567 incensus
680 5509 881 5574 fuisset,
911 5525 1083 5580 neque
1110 5514 1366 5568 adversus
1390 5530 1576 5569 omnes
1605 5518 1693 5571 illa
1720 5534 1805 5572 cx-

215 5605 551 5670 tenderetur,
590 5604 667 5659 sic
713 5603 895 5673 utique
939 5602 1207 5659 dixisset:
1256 5608 1388 5673 Quia
1435 5607 1613 5663 audivi
1660 5612 1801 5679 quod

214 5698 304 5754 ille
327 5698 449 5753 talis
471 5697 760 5754 fornicatus
780 5696 872 5766 sit,
896 5696 1149 5767 castigate
1178 5697 1344 5753 illum.
1373 5700 1522 5757 Nunc
1545 5720 1672 5757 vero
1697 5720 1801 5760 non

1933 1958 2032 2023 sic,
2082 1957 2176 2012 sed
2217 1958 2375 2011 etiam
2421 1957 2679 2012 adversus
2718 1969 2905 2012 omnes
2945 1967 3199 2012 armatur.
3234 1958 3441 2013 Etenim
3468 1961 3511 2014 si

1930 2048 2136 2114 priores
2166 2049 2240 2101 illi
2274 2050 2616 2118 scripsissent
2642 2091 2654 2114 ,
2691 2049 2779 2102 illa
2810 2048 3029 2103 dixisset
3061 2067 3074 2100 :
3108 2050 3230 2119 quia
3256 2066 3379 2104 vero
3408 2067 3511 2108 non

1928 2137 2102 2190 solum
2145 2153 2250 2190 non
2292 2140 2640 2207 scripserunt,
2674 2138 2768 2192 scd
2805 2140 2964 2193 etiam
2996 2140 3170 2194 scelus
3199 2139 3329 2194 illud
3360 2150 3513 2196 texe-

1928 2237 2052 2281 runt
2079 2237 2132 2282 et
2158 2229 2543 2284 obumbrarunt
2568 2272 2583 2296 ,
2623 2230 2745 2285 ideo
2776 2230 3164 2287 vehementiori
3197 2234 3363 2286 utitur
3393 2248 3510 2287 ser-

1928 2334 2106 2373 mone.
2138 2318 2205 2373 Ut
2234 2336 2442 2374 uxorem
2468 2323 2627 2391 patris
2653 2324 2731 2376 sui
2758 2324 2941 2391 aliquis
2968 2324 3167 2377 habent.
3199 2323 3372 2391 Quare
3404 2339 3508 2378 non

1926 2409 2075 2474 dixit,
2109 2408 2175 2465 Ut
2204 2410 2493 2465 fornicctur
2524 2428 2641 2466 cum
2686 2414 2944 2468 muliere?
2974 2414 3029 2467 ld
3057 2414 3196 2483 quod
3220 2414 3508 2468 admodum

1928 2509 2077 2569 turpe
2098 2510 2212 2554 erat
2233 2504 2435 2571 respuit
2460 2521 2473 2555 ε
2495 2518 2659 2573 quare
2691 2504 2966 2559 honestius
2993 2504 3097 2559 hoc
3122 2510 3505 2575 prmtercurrit,

1926 2602 1983 2647 ut
2029 2593 2170 2663 quod
2215 2595 2268 2648 in
2316 2596 2682 2664 superioribus
2726 2604 2869 2651 esset
2915 2596 3280 2662 declaratum;
3322 2598 3373 2651 in
3406 2598 3506 2652 hoc

1923 2684 2083 2737 etiam
2107 2701 2291 2739 rursus
2315 2701 2514 2755 angens
2540 2686 2764 2753 crimen,
2796 2687 3190 2758 ostendensque
3221 2687 3358 2757 apud
3388 2688 3506 2742 illos

1924 2777 2045 2830 talia
2089 2779 2417 2846 perpetrari,
2451 2796 2569 2849 qua:
2609 2795 2677 2833 ne
2714 2781 2858 2836 clare
2888 2781 3069 2837 dicere
3094 2780 3305 2851 quidem
3341 2781 3505 2836 Paulo

1922 2868 2098 2923 liceat.
2149 2870 2273 2925 Ideo
2320 2871 2372 2925 in
2416 2872 2763 2941 sequentibus
2806 2872 2993 2927 eodem
3040 2875 3206 2927 utitur
3254 2874 3503 2943 loquendi

1920 2960 2081 3013 modo
2110 2958 2317 3024 dicens,
2347 2958 2481 3013 Eum
2508 2962 2593 3029 qui
2623 2963 2717 3015 hoc
2742 2962 2810 3015 ita
2842 2963 2957 3033 fecit
2976 2976 2995 3015 :
3025 2969 3081 3017 et
3108 2978 3291 3017 rursus
3313 2965 3504 3017 erube-

1920 3051 2018 3105 scit
2050 3060 2099 3105 et
2133 3051 2295 3120 pudet
2324 3067 2445 3107 eum
2474 3062 2659 3121 aperte
2685 3054 2886 3121 dicere,
2910 3053 2985 3109 uti
3007 3053 3241 3109 solemus
3266 3056 3314 3109 in
3342 3055 3501 3109 rebus

1918 3143 2205 3198 admodum
2236 3144 2499 3213 turpibus.
2544 3145 2654 3201 Nec
2692 3147 2863 3211 dixit,
2895 3146 3329 3213 Novercam,.sed
3364 3146 3504 3202 Uxo-

1917 3251 2023 3287 rem
2060 3235 2235 3303 patris,
2278 3242 2334 3287 nt
2374 3236 2588 3305 gravius
2628 3236 2831 3289 feriret.
2873 3236 3086 3291 Etenim
3126 3253 3247 3291 cum
3288 3238 3503 3292 nomina

1917 3323 2191 3378 sufficiunt
2230 3324 2294 3378 ad
2326 3326 2706 3390 accusandum,
2737 3342 2831 3396 per
2860 3342 2920 3382 ea
2950 3327 3224 3395 proecdit,
3264 3327 3503 3397 nihilque

1916 3416 2083 3471 addit.
2131 3415 2241 3470 Nec
2286 3417 2415 3471 mihi
2458 3417 2625 3481 dicas,
2660 3418 2851 3487 inquit,
2876 3434 3040 3472 unum
3064 3432 3183 3474 esse
3212 3418 3503 3472 fornicato-

1916 3522 2062 3570 rem;
2113 3522 2398 3561 commune
2446 3508 2691 3564 omnibus
2736 3508 2931 3563 factum
2974 3519 3055 3563 est
3098 3510 3324 3564 crimen.
3374 3508 3501 3563 Ideo

1917 3599 2074 3650 etiam
2107 3597 2382 3666 subjunxit
2410 3618 2422 3652 :
2454 3600 2523 3651 Et
2564 3616 2649 3653 ros
2691 3600 2858 3669 inﬂati
2902 3601 3039 3654 estis.
3072 3600 3187 3655 Non
3212 3599 3343 3654 dixit
3374 3615 3499 3669 pro-

1916 3696 2032 3756 pter
2076 3698 2353 3756 peccatum
2409 3706 2421 3742 :
2470 3690 2569 3743 hoc
2613 3690 2752 3743 enim
2796 3689 3160 3744 irrationabile
3201 3698 3363 3755 esset,
3406 3690 3499 3744 sed

1916 3787 2131 3846 propter
2158 3778 2295 3831 illius
2324 3778 2640 3832 doctrinam.
2672 3778 2790 3848 Ipse
2814 3788 2991 3832 autem
3025 3778 3126 3832 hoc
3151 3794 3253 3832 non
3283 3779 3458 3853 posuit
3482 3820 3496 3847 ,

1915 3868 2005 3920 sed
2041 3868 2273 3923 medium
2304 3870 2548 3938 reliquit,
2582 3878 2637 3923 ut
2669 3870 2833 3940 magis
2870 3870 3073 3924 feriret.
3114 3870 3181 3925 Et
3218 3870 3499 3923 considera

1916 3956 2061 4011 Pauli
2107 3959 2465 4027 prudentiam.
2511 3958 2641 4014 Cum
2676 3962 2846 4029 primo
2875 3972 3151 4015 externam
3183 3961 3498 4031 sapientiam

1912 4049 2216 4119 dcjccisset,
2265 4050 2693 4119 ostendissetquc
2739 4052 2882 4106 illam
2935 4068 3029 4122 per
3072 4068 3129 4107 se
3181 4052 3494 4118 nihilesse,

1913 4142 2117 4193 etiamsi
2167 4148 2443 4209 peccatum
2490 4157 2595 4195 non
2640 4143 2709 4195 sit
2754 4142 3047 4212 adjectum;
3106 4155 3229 4198 tunc
3282 4142 3496 4197 demum

1911 4234 2070 4286 etiam
2100 4234 2165 4287 de
2194 4246 2409 4303 peccato
2436 4234 2686 4305 loquitur.
2720 4235 2848 4288 Nam
2876 4236 2919 4289 si
2951 4237 3015 4287 ad
3045 4235 3496 4304 comparationem

1912 4323 2269 4391 fornicatoris,
2294 4326 2381 4394 qui
2414 4324 2641 4379 fortasse
2670 4327 2885 4395 sapiens
2914 4327 3175 4395 qniSpinnt
3206 4335 3340 4391 erat,
3376 4342 3492 4380 ma—

1910 4431 2070 4485 gnum
2114 4432 2234 4472 esse
2272 4419 2545 4487 spirituale
2570 4418 2771 4472 donum
2800 4418 3053 4484 dixisset,
3089 4419 3216 4471 nihil
3246 4434 3494 4489 magnum

1910 4508 2157 4575 fecisset;
2190 4510 2282 4565 sed
2315 4513 2473 4564 etiam
2501 4511 2701 4579 absque
2734 4520 2951 4579 peccato
2991 4512 3220 4578 dejicere
3267 4521 3318 4565 et
3364 4512 3495 4567 nihil

1910 4618 2030 4657 esse
2081 4602 2450 4657 demonstrare
2502 4605 2817 4671 sapientiam
2868 4612 3183 4667 externam,
3234 4603 3334 4658 hoc
3383 4614 3494 4658 erat

1910 4696 2196 4750 ostendere
2225 4696 2370 4749 illam
2398 4695 2682 4749 admodum
2722 4710 2841 4751 esse
2879 4690 3058 4751 vilem.
3107 4698 3230 4751 ldeo
3264 4712 3383 4751 cum
3418 4698 3495 4752 sic

1912 4789 2058 4856 prius
2082 4789 2531 4857 comparationem
2559 4788 2785 4853 fecisset,
2815 4798 2940 4844 tunc
2963 4790 3120 4843 etiam
3153 4791 3350 4858 peccati
3383 4806 3489 4845 me-

1909 4880 2102 4933 minit:
2133 4889 2187 4934 et
2214 4895 2334 4934 cum
2366 4881 2457 4935 illo
2487 4882 2697 4950 quidem
2724 4882 2989 4936 disserere
3015 4899 3117 4936 non
3143 4882 3408 4951 dignatur,
3438 4892 3493 4937 et

1910 4972 1962 5024 in
1998 4971 2097 5025 hoc
2139 4988 2401 5026 summam
2454 4973 2691 5028 ostendit
2720 4973 3025 5039 infamiam;
3072 4975 3151 5029 his
3190 4986 3365 5030 autem
3410 4975 3491 5029 dio

1909 5066 1982 5117 cit
2010 5080 2021 5115 :
2051 5062 2346 5133 Oportebat
2373 5079 2469 5118 vos
2496 5064 2659 5128 ﬂere,
2695 5065 2878 5133 lugere
2912 5075 2964 5119 et
3010 5082 3115 5133 pra:
3164 5068 3366 5135 pudore
3406 5067 3490 5121 la-

1910 5156 2171 5219 mentari;
2226 5170 2369 5211 nunc
2417 5165 2592 5209 autem
2635 5158 2961 5210 centrarium
3006 5157 3227 5212 facitis:
3266 5159 3490 5227 idquue

1910 5245 2230 5312 subjunxit:
2266 5245 2333 5299 Et
2376 5262 2461 5299 vos
2506 5248 2671 5316 inﬂati
2712 5248 2849 5313 estis,
2878 5258 2923 5301 et
2964 5264 3063 5303 non
3102 5251 3262 5320 magis
3303 5250 3489 5304 luctum

1910 5336 2175 5389 habuistis.
2207 5336 2272 5389 Et
2297 5337 2421 5403 quid
2454 5337 2647 5391 factum
2675 5346 2755 5391 est
2776 5379 2792 5403 ,
2821 5337 3063 5407 inquies,
3097 5348 3156 5393 ut
3181 5355 3277 5395 nos
3305 5340 3485 5408 lugea-

1910 5430 2066 5483 mus?
2105 5429 2254 5495 Quod
2295 5429 2345 5483 in
2383 5445 2666 5485 commune
2695 5431 2948 5485 Ecclesia:
2976 5446 3253 5503 progressa
3284 5430 3354 5485 sit
3384 5433 3485 5486 cri-

1911 5522 2151 5574 minatio.
2186 5520 2254 5574 Et
2279 5536 2374 5576 cur
2400 5522 2538 5577 bene
2570 5523 2821 5577 faciemus
2851 5526 3132 5595 lugentes?
3171 5522 3238 5577 Ut
3280 5523 3488 5577 tollatur

1913 5630 1975 5666 ex
2000 5613 2133 5665 nobis
2160 5614 2245 5682 qui
2270 5624 2342 5668 est
2372 5615 2507 5667 tatis.
2546 5614 2613 5668 Et
2642 5631 2812 5687 neque
2842 5620 2927 5671 lnc
2952 5631 3145 5671 nomen
3177 5615 3290 5684 ejus
3318 5620 3483 5685 ponit,

1920 5720 2094 5774 neque
2124 5707 2348 5774 uspiam,
2379 5716 2432 5759 ut
2462 5705 2687 5762 solemus
2714 5711 2881 5762 facere
2914 5708 2962 5761 in
2992 5707 3054 5760 iis
3084 5724 3197 5779 qua:
3219 5704 3369 5761 valde
3404 5708 3495 5761 ab—
