4070 6322
620 327 721 384 127»

616 443 780 504 surda
808 453 862 500 et
892 444 1103 517 indigna
1129 457 1270 503 sunt.
1304 449 1413 506 Nec
1440 450 1595 516 dixit,
1620 453 1689 509 Et
1712 469 1819 508 non
1842 456 2009 525 magis
2035 454 2197 524 cjeci-

614 534 748 598 stis;
778 534 872 589 sed
916 537 1053 591 sicut
1097 538 1150 593 in
1198 540 1385 596 morbo
1429 541 1609 613 aliquo
1646 552 1703 598 et
1742 544 1795 598 in
1846 554 2013 614 peste,
2053 544 2196 598 luctu

613 640 750 693 opus
775 637 856 682 est
881 637 934 683 ct
960 629 1166 685 intensa
1196 633 1579 702 supplicatione
1596 677 1612 700 ,
1643 633 1712 691 Ut
1735 637 1959 704 tollatur,
1987 638 2153 705 inquit
2177 653 2193 704 ;

614 725 668 771 et
698 718 1001 785 precatione
1021 720 1087 776 ad
1110 720 1211 776 hoc
1235 724 1489 779 utendqu
1512 736 1616 792 est,
1641 727 1876 799 nihilque
1905 742 2008 782 non
2034 744 2197 797 agen-

612 808 752 864 dum
784 822 841 866 ut
886 813 975 868 ilic
1012 815 1378 873 abscindatur.
1427 818 1610 890 Neque
1647 829 1861 876 accusat
1901 836 2013 883 eos,
2053 820 2197 889 quod

618 902 717 955 hoc
740 902 839 955 sibi
874 919 979 959 non
1013 905 1317 972 iudimrint,
1338 909 1431 964 sed
1454 912 1576 980 quia
1596 926 1702 965 non
1731 913 1998 977 luxerunt,
2024 923 2079 967 ut
2104 913 2198 968 ille

617 990 683 1045 de
715 992 893 1048 medio
920 995 1201 1052 tolleretur
1228 1016 1242 1052 :
1270 1000 1559 1057 ostendens
1585 1001 1637 1057 id
1666 1002 1782 1058 sine
1809 1002 2029 1058 doctore
2055 1017 2195 1073 prsc-

616 1081 868 1137 staudum
891 1083 1055 1141 fuisse
1077 1087 1146 1142 ob
1166 1087 1344 1145 delicti
1361 1091 1703 1148 evidentiam.
1724 1094 1780 1148 3.
1804 1092 1941 1147 Nam
1972 1111 2062 1165 ego
2083 1095 2198 1164 qui-

613 1172 726 1226 dem
762 1186 1018 1245 tamquam
1049 1178 1227 1235 absens
1265 1198 1495 1253 corpore,
1527 1200 1747 1252 praesens
1782 1197 1950 1240 autem
1987 1186 2193 1253 spiritu.

681 1265 738 1320 2.
766 1265 891 1323 Cum
912 1269 1112 1337 publica
1141 1273 1448 1341 fornicatore
1470 1275 1721 1344 quomodo
1745 1286 1864 1347 agat
1890 1276 2109 1332 Paulus.
2126 1306 2197 1316 —

614 1356 747 1415 Vide
769 1358 1004 1414 animum
1037 1379 1049 1413 :
1078 1377 1145 1416 ne
1169 1362 1297 1417 sinit
1322 1364 1537 1433 quidem
1566 1378 1878 1435 exspectare
1904 1370 2192 1425 adventum

610 1464 765 1503 suum
786 1489 803 1514 ,
832 1458 892 1504 ut
918 1450 1031 1520 ipse
1057 1451 1249 1521 ligetur
1271 1493 1284 1517 ,
1311 1454 1404 1509 sed
1435 1464 1703 1527 tamquam
1734 1470 1935 1529 pestem
1963 1460 2193 1530 aliquam

610 1542 953 1610 expulsurus,
967 1544 1272 1615 priusquam
1285 1545 1674 1605 diﬂundaturin
1690 1552 1953 1623 reliquum
1970 1569 2191 1623 corpus,

609 1630 753 1684 illam
796 1632 1038 1689 detinere
1074 1645 1325 1705 properat
1354 1655 1368 1692 :
1402 1638 1629 1711 ideoque
1661 1642 1844 1712 adjicit
1872 1642 2030 1697 :Jam
2048 1646 2193 1716 judio

609 1721 720 1775 cavi
761 1731 815 1777 ut
853 1740 1091 1794 presens.
1134 1726 1261 1782 Πειιο
1296 1736 1476 1783 autem
1505 1729 1736 1797 dicebat,
1769 1749 1875 1788 non
1907 1736 2068 1790 modo
2098 1752 2190 1790 ur~

611 1826 742 1882 gens
768 1813 889 1870 illos
913 1814 980 1870 ad
1008 1817 1330 1872 sententiam
1368 1818 1651 1876 ferendum
1676 1863 1693 1887 ,
1725 1839 1899 1893 neque
1924 1827 2106 1879 sinens
2136 1835 2193 1880 ut

609 1903 752 1958 aliud
780 1906 990 1960 consilii
1020 1908 1266 1977 capiant;
1296 1909 1391 1965 sed
1416 1911 1580 1967 etiam
1608 1920 1817 1967 terrens
1839 1955 1855 1978 ,
1880 1925 1937 1968 ut
1964 1916 2052 1985 qui
2082 1918 2191 1971 sci-

610 2005 692 2051 ret
719 1995 806 2051 illa
832 2012 952 2068 qute
979 1998 1053 2054 ibi
1081 2011 1263 2055 essent
1287 2000 1479 2057 futura.
1532 2001 1666 2059 Illud
1696 2005 1841 2061 enim
1882 2015 1965 2062 est
2000 2007 2192 2065 adesse

609 2091 833 2159 spiritu;
860 2105 918 2148 ut
944 2093 1172 2150 Elimus
1195 2096 1343 2152 Giezi
1374 2113 1616 2168 pra-scus
1637 2108 1692 2155 et
1719 2099 1930 2157 dicebat
1959 2118 1974 2159 :
2004 2100 2194 2157 Nonne

608 2199 696 2237 car
722 2201 888 2239 meum
910 2198 1019 2241 erat
1043 2197 1205 2243 tecum
1230 2189 1251 2260 (
1276 2190 1330 2246 ι.
1360 2191 1486 2262 Reg.
1516 2193 1572 2248 5.
1597 2190 1670 2248 26
1691 2191 1753 2265 )1
1778 2193 1957 2265 Papae,
1990 2204 2188 2267 quanta

608 2284 692 2329 est
720 2275 886 2331 virtus
912 2276 1268 2345 charismatis,
1300 2295 1421 2336 cum
1448 2296 1637 2339 omnes
1657 2284 1816 2339 simul
1838 2296 2192 2357 congregatos

610 2374 847 2433 prazstet,
872 2376 927 2423 et
950 2382 1012 2423 ea
1035 2385 1154 2438 qua:
1180 2371 1360 2439 procul
1387 2370 1521 2427 ﬁunt
1545 2382 1667 2428 nota
1695 2375 1885 2431 iaciat!
1915 2374 2191 2448 Jamjudi-

610 2456 720 2509 rari
744 2466 798 2509 ut
833 2473 1074 2524 prtesens.
1112 2458 1228 2514 Non
1272 2462 1399 2517 sinit
1423 2477 1518 2519 eos
1543 2465 1687 2520 aliud
1722 2467 2010 2539 quidquam
2036 2470 2188 2542 engi-

610 2558 723 2602 tnrc
753 2564 767 2598 :
798 2548 930 2603 Nam
960 2552 1279 2608 sententiam
1307 2555 1399 2610 tuli
1428 2565 1485 2611 ut
1512 2568 1749 2627 pra-scus
1780 2577 1793 2614 :
1819 2576 1887 2615 ne
1914 2561 2043 2615 mihi
2076 2576 2193 2615 mo-

608 2655 694 2693 ras
715 2650 770 2695 et
807 2642 1315 2710 procrastinationes
1344 2646 1527 2713 dicas;
1574 2649 1706 2703 nihil
1733 2650 1877 2704 enim
1902 2651 2043 2705 aliud
2074 2650 2189 2707 fieri

609 2740 839 2799 oportet.
889 2734 1092 2791 Deinde
1117 2751 1183 2791 ne
1213 2752 1402 2809 magna
1430 2738 1702 2796 videretur
1728 2756 1847 2796 esse
1875 2745 2185 2812 auctoritas,

608 2837 781 2891 neque
805 2826 1145 2894 arrogantius
1169 2827 1370 2884 dictum
1396 2842 1517 2885 esse
1546 2841 1879 2900 censeretur,
1913 2833 2031 2891 vide
2055 2851 2190 2907 quo-

611 2915 769 2969 modo
794 2925 848 2972 et
869 2917 1012 2988 ipsos
1036 2916 1223 2989 judicii
1253 2920 1429 2977 socios
1453 2922 1631 2977 faciat.
1655 2924 1787 2979 Nam
1820 2942 1942 2981 cum
1965 2927 2189 2983 dixisset

603 3007 841 3063 Iudicavi
860 3051 875 3074 ,
906 3010 1083 3066 intulit
1112 3028 1126 3066 :
1158 3011 1289 3067 Eum
1314 3014 1402 3083 qui
1424 3015 1498 3068 sic
1524 3025 1761 3084 operatus
1784 3027 1890 3083 est,
1919 3018 1975 3073 4.
2004 3019 2057 3073 in
2091 3036 2186 3073 no-

606 3104 739 3156 mine
776 3101 985 3157 Domini
1021 3102 1183 3159 nostri
1212 3101 1340 3159 Jesu
1373 3104 1582 3173 Christi,
1614 3110 1932 3179 congregatis
1965 3109 2102 3165 vobis
2141 3119 2189 3166 et

605 3209 715 3247 meo
758 3195 939 3264 spiritu
958 3236 974 3259 ,
1014 3211 1127 3251 cum
1164 3198 1344 3258 uirtute
1381 3196 1587 3254 Domini
1634 3200 1795 3255 nostri
1832 3200 1959 3256 Jesu
1997 3200 2186 3258 Christi

603 3287 656 3343 5.
689 3289 886 3342 tradere
913 3289 1205 3361 liujustnodi
1225 3292 1477 3348 hominem
1499 3303 1708 3349 utante.
1746 3294 1812 3351 Et
1839 3296 1966 3367 quid
1994 3306 2098 3363 est,
2120 3295 2186 3353 In

603 3378 804 3432 nomine
835 3377 1039 3433 Domini
1065 3382 1219 3435 nostri
1244 3380 1370 3437 Iesu
1395 3382 1585 3439 Christi
1605 3385 1631 3438 .’
1655 3384 1960 3441 Secundum
1992 3386 2182 3454 Deum,

603 3482 709 3523 non
748 3467 980 3525 humano
1017 3470 1217 3525 detenti
1256 3472 1584 3543 praejudicio.
1632 3474 1859 3543 Quidam
1898 3485 2076 3532 autem
2104 3478 2184 3533 sic

602 3559 783 3627 legunt
814 3578 825 3613 :
859 3558 994 3614 Eum
1030 3562 1117 3632 qui
1152 3562 1226 3617 sic
1263 3574 1500 3633 operatus
1539 3574 1613 3620 est
1650 3566 1713 3619 in.
1741 3567 1943 3621 nomine
1974 3566 2185 3624 Domini

603 3651 762 3705 nostri
802 3650 928 3706 Jesu
971 3652 1270 3709 Christi:et
1302 3665 1500 3724 puncto
1540 3654 1626 3712 hic
1666 3659 1912 3727 apposito
1941 3672 2035 3713 seu
2069 3660 2182 3714 vir—

600 3741 743 3811 gula,
776 3742 860 3798 his
887 3745 1061 3800 verbis
1081 3755 1329 3816 pergunt,
1360 3747 1687 3820 Congregatis
1711 3751 1847 3806 vobis
1872 3760 1918 3806 et
1943 3769 2052 3807 meo
2074 3752 2184 3822 spi-

600 3833 700 3887 ritu
746 3835 944 3890 tradere
987 3836 1283 3909 hujusmodi
1330 3840 1582 3894 hominem
1625 3852 1835 3897 satana.
1888 3843 1957 3899 Et
1997 3844 2182 3901 dicunt

598 3925 758 3993 hujus
788 3925 1029 3981 lectionis
1053 3927 1195 3983 hunc
1221 3944 1343 3985 esse
1362 3944 1575 3986 sensum
1603 3952 1615 3986 :
1645 3930 1779 3986 Eum
1807 3933 1895 4003 qui
1928 3934 2030 3989 hoc
2052 3950 2181 4003 ope-

599 4023 748 4069 ratus
777 4025 860 4071 cst
889 4016 939 4071 in
973 4020 1188 4073 nomine
1215 4020 1413 4077 Christi
1438 4061 1454 4088 ,
1489 4021 1681 4077 tradite
1710 4032 1946 4091 satanaa;
1978 4024 2029 4081 id
2057 4034 2139 4081 est
2159 4068 2175 4093 ,

598 4121 722 4162 cum
747 4108 835 4179 qui
863 4123 1056 4165 nomen
1082 4110 1281 4167 Christi
1317 4112 1637 4169 contumelia
1667 4114 1843 4170 all’ecit
1863 4157 1879 4183 ,
1910 4116 2003 4187 qui
2035 4125 2180 4187 post-

596 4215 756 4268 quam
785 4199 959 4257 ﬁdelis
990 4200 1157 4256 factus
1186 4212 1299 4269 est,
1328 4212 1384 4258 et
1406 4218 1702 4274 cognomen
1732 4207 1938 4274 accepit
1977 4208 2045 4263 ab
2086 4208 2179 4263 illo

598 4291 811 4346 nomine
835 4332 851 4356 ,
891 4292 1011 4345 talia
1050 4302 1135 4347 est
1176 4307 1374 4359 ausus,
1406 4293 1547 4349 hunc
1576 4295 1770 4351 tradite
1800 4304 2020 4353 satame.
2052 4297 2177 4353 Mihi

596 4394 774 4438 autem
814 4384 958 4452 prior
983 4382 1142 4439 lectio
1170 4385 1344 4440 verior
1372 4401 1492 4441 esse
1521 4386 1749 4443 videtur.
1792 4388 2044 4456 Qumnam
2088 4391 2177 4447 illa

596 4475 717 4531 est?
764 4472 830 4530 In
872 4477 1072 4531 nomine
1121 4475 1325 4533 Domini
1354 4481 1669 4551 congregatis
1715 4480 1889 4544 vobis;
1931 4481 2033 4538 hoc
2071 4494 2175 4551 est,

597 4567 725 4638 Ejus
752 4568 969 4625 nomine
986 4584 1079 4625 vos
1104 4581 1483 4641 congregaute,
1508 4587 1607 4642 pro
1633 4586 1743 4644 quo
1762 4575 2076 4629 convenitis.
2106 4573 2177 4630 Et

591 4662 776 4731 spiritu
819 4677 948 4716 meo.
996 4660 1202 4718 Rursus
1239 4662 1473 4733 seipsum
1498 4678 1619 4719 cum
1646 4663 1753 4721 illis
1777 4666 2087 4729 constituit,
2117 4674 2178 4723 ut

594 4766 716 4806 cum
750 4752 1108 4822 judicaverint
1128 4756 1279 4825 quasi
1311 4756 1427 4826 ipso
1452 4765 1722 4827 prmseute
1742 4800 1756 4821 ,
1794 4758 1872 4813 sic
1900 4758 2047 4813 illum
2076 4759 2174 4814 ab-

591 4842 860 4911 scindant,
886 4853 943 4901 et
970 4860 1129 4900 nemo
1156 4846 1297 4902 ausit
1324 4847 1498 4917 ipsum
1521 4848 1673 4903 venia
1702 4848 1921 4922 dignum
1951 4850 2171 4917 habere,

589 4935 768 4990 sciens
794 4932 909 4991 fore
935 4945 992 4990 ut
1022 4936 1216 4992 Paulus
1250 4937 1383 4994 sciat
1409 4952 1472 4994 ea
1499 4953 1619 5009 qua:
1644 4938 1783 4995 facta
1807 4940 2023 4996 fuerint.
2068 4941 2174 4997 De-

592 5024 716 5080 inde
738 5033 797 5079 ut
823 5038 936 5081 rem
965 5025 1217 5083 exhibeat
1246 5025 1622 5084 terribiliorem
1643 5071 1659 5095 ,
1697 5030 1773 5085 ait
1801 5048 1815 5085 :
1842 5031 1969 5086 Cum
1995 5032 2176 5087 uirtute

590 5112 797 5170 Domini
822 5116 983 5172 nostri
1006 5114 1143 5171 ‘Jesu
1176 5116 1383 5174 Christi.
1414 5118 1470 5175 ld
1497 5128 1619 5185 est,
1646 5121 1730 5176 vel
1759 5121 1901 5192 quod
1927 5120 2174 5179 Christus

590 5204 760 5277 possit
792 5220 910 5262 eam
937 5206 1091 5263 vobis
1124 5209 1348 5279 gratiam
1383 5207 1514 5265 dare
1534 5249 1549 5275 ,
1578 5219 1637 5265 ut
1663 5211 1878 5281 possitis
1906 5226 2029 5267 eum
2058 5212 2173 5269 dia-

593 5297 718 5353 bolo
743 5295 993 5363 tradere;
1017 5299 1103 5355 vel
1132 5298 1273 5370 quod
1301 5299 1415 5371 ipse
1440 5299 1714 5356 vobiscum
1737 5301 1940 5356 laturus
1963 5302 2033 5358 sit
2049 5318 2174 5360 sen—

592 5389 833 5444 tentiam.
864 5385 980 5443 Non
1009 5388 1143 5445 dixit
1166 5400 1367 5457 autem,
1398 5390 1570 5462 ipsum
1594 5389 1794 5449 dedere
1818 5401 2046 5459 satana;
2076 5394 2172 5451 sed

589 5475 832 5544 Tradere,
866 5477 969 5550 ipsi
997 5480 1242 5548 aperiens
1264 5482 1592 5553 penitentia
1621 5481 1793 5549 iores,
1823 5491 1879 5539 et
1903 5484 2002 5555 ipsi
2032 5494 2169 5541 tam-

586 5582 747 5635 quam
776 5568 1071 5641 padagogo
1098 5568 1256 5626 talem
1282 5572 1554 5630 hominem
1586 5574 1824 5630 tradens.
1857 5576 1922 5631 Et
1948 5591 2166 5644 rursus,

588 5658 769 5725 tutan,
800 5676 898 5717 nec
927 5676 1151 5733 nsquam
1177 5662 1291 5717 vult
1314 5664 1461 5719 illum
1487 5682 1584 5721 suo
1614 5668 1829 5724 nomine
1858 5682 2069 5725 vocare.
2104 5669 2166 5724 1η

580 5751 839 5806 interitum
866 5753 1052 5810 carnis.
1085 5752 1235 5811 Sicut
1260 5762 1314 5810 et
1346 5755 1399 5809 iu
1426 5753 1581 5812 beato
1600 5757 1700 5814 Job
1727 5758 1921 5817 factum
1943 5767 2043 5830 est,
2068 5760 2161 5817 sed

1364 334 1422 391 S.
1451 334 1728 394 JOAN'NIS
1763 336 2236 394 ειιιιῑευδτυιιι
2261 337 2577 400 AliClilEl’.
2617 341 3147 410 CONSTANTINOI

3779 365 3889 424 ιει

2306 471 2410 511 non
2439 458 2628 515 eadem
2659 462 2729 519 de
2753 480 2935 522 causa.
2983 468 3112 525 Nam
3153 470 3259 527 illic
3299 488 3393 542 pro
3430 477 3893 547 splendidioribus

2303 549 2538 610 coronis.
2572 552 2660 608 hic
2686 569 2781 622 pro
2810 570 3145 626 peccatorum
3173 563 3520 633 remissione;
3561 580 3620 625 ut
3655 572 3894 644 flagellet

2303 655 2424 693 eum
2455 644 2595 698 malo
2626 646 2804 704 ulcere
2828 661 2921 707 aut
2948 654 3055 708 alio
3080 657 3289 711 morbo.
3333 661 3489 731 Atqui
3526 664 3655 719 alibi
3692 668 3764 720 ait
3795 686 3811 721 :
3843 672 3887 723 Α

2304 728 2526 788 Domino
2542 736 2843 803 judicantur
2866 742 2981 798 haec
3013 747 3294 815 patientes.
3330 751 3398 805 At
3419 728 3512 809 hic
3538 759 3706 827 magis
3733 759 3887 813 illum

2304 835 2539 891 pungere
2587 829 2773 887 volens
2799 872 2812 895 ,
2863 844 3065 891 satame
3103 838 3284 895 tradit.
3330 841 3397 897 Et
3443 844 3544 900 hoc
3585 860 3732 903 certe
3772 852 3895 905 Deo

2304 912 2553 980 placitura
2581 915 2696 986 fuit,
2728 930 2783 975 ut
2809 927 3158 994 castigarctur
3178 930 3295 1000 ejus
3312 948 3458 988 caro.
3484 936 3615 1004 Quia
3644 940 3783 996 enim
3816 957 3889 996 ex

2302 1005 2518 1073 crapula
2544 1017 2599 1063 et
2622 1008 2829 1068 deliciis
2857 1019 3159 1075 carnalibus
3185 1027 3629 1093 concupiscentia:
3652 1046 3891 1087 nascun-

2304 1102 2408 1157 tur,
2433 1112 2647 1154 carnem
2669 1104 2912 1174 castigat.
2950 1105 3018 1162 Ut
3044 1109 3270 1177 Spiritus
3296 1116 3467 1170 salvus
3493 1120 3558 1171 sit
3582 1122 3634 1172 in
3662 1122 3744 1175 die
3770 1121 3890 1175 Do-

2303 1186 2426 1240 mini
2462 1187 2610 1244 Iesu.
2658 1191 2712 1246 id
2756 1204 2857 1261 cst,
2898 1199 3073 1252 anima
3109 1218 3123 1253 :
3155 1218 3259 1258 non
3298 1208 3436 1275 quod
3470 1209 3557 1263 illa
3587 1213 3703 1265 sola
3736 1214 3888 1267 salva

2300 1278 2391 1345 sit,
2417 1281 2513 1335 sed
2540 1286 2690 1352 quasi
2724 1286 2774 1340 id
2803 1289 2855 1343 in
2885 1290 3138 1347 confesso
3154 1296 3245 1360 sit,
3268 1299 3412 1367 quod
3441 1300 3525 1354 illa
3564 1304 3729 1367 salva,
3759 1306 3886 1360 sine

2302 1369 2407 1424 ulla
2436 1376 2859 1435 contmdictioue
2881 1397 3075 1453 corpus
3096 1388 3285 1443 salutis
3309 1393 3573 1463 particeps
3594 1398 3717 1451 erit.
3748 1397 3890 1451 Nam

2302 1462 2528 1518 mortale
2559 1466 2754 1523 factum
2777 1480 2857 1525 est
2882 1484 3099 1543 propter
3126 1478 3294 1545 ipsam
3315 1497 3432 1550 quae
3460 1462 3800 1553 peccaverat;
3831 1498 3891 1543 et

2298 1550 2345 1605 si
2375 1552 2464 1606 illa
2490 1554 2749 1623 justitiam
2776 1567 3115 1633 exercuerit,
3154 1585 3337 1626 rursus
3379 1585 3432 1628 et
3461 1550 3672 1645 corpus
3708 1580 3887 1647 ipsum

2301 1657 2488 1713 magna
2531 1646 2737 1703 fruetur
2775 1654 2963 1723 gloria.
3003 1658 3227 1725 Quidam
3263 1679 3390 1719 vero
3418 1669 3666 1736 spiritum
3697 1646 3891 1728 dicunt

2298 1747 2418 1788 esse
2459 1736 2721 1793 charisma
2771 1758 2865 1796 seu
2912 1746 3134 1813 donum,
3163 1753 3302 1818 quod
3346 1757 3499 1810 nobis
3540 1764 3890 1827 peccantibus

2298 1826 2671 1896 exstinguitur.
2696 1832 2774 1887 Ne
2795 1835 2952 1904 igitur
2974 1837 3073 1893 hoc
3096 1838 3207 1907 ﬁat,
3227 1841 3413 1913 inquit,
3436 1826 3703 1915 puniatur,
3730 1864 3785 1906 ut
3806 1856 3891 1909 sic

2299 1917 2489 1973 melior
2514 1920 2700 1989 factus,
2729 1926 2962 1982 attrahat
2988 1932 3235 2000 gratiam,
3268 1943 3321 1989 et
3348 1935 3649 1994 inveniatur
3676 1945 3887 1996 savum

2300 2006 2467 2076 ipsam
2508 2013 2767 2071 exhibens
2808 2018 2858 2071 in
2900 2020 2993 2076 illo
3030 2022 3138 2078 die.
3182 2024 3364 2095 Itaque
3394 2030 3560 2099 magis
3585 2041 3670 2087 est
3693 2051 3887 2090 curam

2296 2102 2531 2167 gerentis
2558 2119 2623 2158 ae
2651 2107 2935 2177 medentis,
2978 2129 3137 2183 quam
3178 2120 3414 2173 secantis
3456 2125 3537 2176 vel
3586 2131 3789 2181 temere
3828 2138 3887 2181 et

2297 2189 2695 2253 inconsiderate
2743 2202 3033 2269 punientis.
3087 2206 3254 2274 Majus
3301 2212 3497 2280 quippe
3544 2213 3751 2270 lucrum
3799 2230 3887 2272 est

2298 2295 2455 2350 pmua
2487 2302 2501 2338 :
2530 2302 2652 2341 nam
2684 2288 2776 2344 illa
2804 2279 3144 2363 temperanca
3176 2309 3276 2361 εει,
3310 2279 3514 2355 lucrum
3541 2313 3716 2359 autem
3752 2322 3891 2375 per--

2299 2382 2534 2442 petitum.
2567 2377 2676 2435 Nec
2704 2381 3017 2451 simpliciter
3038 2386 3190 2450 dixit,
3224 2388 3291 2443 Ut
3328 2393 3537 2461 spiritus
3578 2395 3749 2450 salvus
3784 2400 3886 2463 sit;

2296 2464 2393 2519 sed
2412 2507 2428 2530 ,
2459 2466 2526 2520 In
2553 2468 2645 2523 illo
2677 2471 2779 2527 die.
2811 2473 2989 2531 Probe
3010 2477 3117 2532 iiiis
3147 2489 3201 2535 et
3228 2494 3528 2552 opportune
3555 2487 3696 2543 diem
3728 2489 3883 2544 illum

2296 2572 2700 2631 commemorat,
2730 2574 2790 2621 ut
2817 2578 2870 2623 et
2896 2569 2996 2638 ipsi
3024 2575 3346 2643 promptiore
3366 2578 3547 2634 animo
3567 2579 3632 2635 ad
3661 2582 3886 2638 medici-

2297 2664 2418 2705 nam
2439 2653 2778 2723 accederent,
2801 2666 2857 2712 et
2882 2659 2971 2714 ille
2998 2662 3189 2718 melius
3215 2668 3529 2736 susciperet,
3561 2685 3665 2724 non
3700 2684 3758 2725 ut
3787 2675 3883 2727 ira:

2294 2741 2475 2811 verba,
2514 2744 2609 2799 sed
2656 2756 2713 2799 ut
2752 2749 2919 2819 patris
2953 2765 3136 2807 curam
3179 2757 3415 2824 gerentis
3464 2761 3880 2828 providentiam.

2293 2831 2420 2889 ldeo
2447 2836 2611 2899 enim.
2636 2836 2703 2893 In
2729 2840 2983 2896 interitum
3008 2846 3197 2911 carnis,
3224 2846 3399 2912 dixit;
3424 2850 3534 2918 jam
3562 2852 3777 2908 diabolo
3805 2854 3885 2910 le-

2292 2938 2387 2993 ges
2416 2940 2643 2995 ponens,
2671 2945 2771 2984 uec
2803 2934 2988 2986 sineus
3017 2933 3189 3004 ipsum
3227 2937 3451 2994 ulterius
3492 2943 3742 3013 progredi
3776 2962 3790 2996 :
3824 2956 3887 3000 ut

2292 3015 2361 3070 de
2398 3015 2536 3075 lobo
2573 3018 2785 3075 dicebat
2826 3021 3116 3093 Dominus,
3151 3024 3395 3083 Caeterum
3422 3032 3647 3087 summm
3676 3036 3793 3103 eius
3819 3052 3886 3091 ne

2293 3117 2474 3180 tangas
2504 3110 2623 3171 (Job
2664 3112 2700 3167 2
2743 3113 2824 3184 6).

2362 3200 2647 3291 5.7Deinde
2676 3219 2796 3259 cum
2822 3209 3142 3265 sententiam
3170 3212 3487 3270 absolvisset
3515 3224 3568 3271 et
3595 3232 3715 3273 eam
3739 3233 3880 3291 pate-

2290 3290 2371 3346 eis
2404 3290 2629 3349 dixisset
2656 3310 2754 3352 nec
2778 3296 3096 3357 immoratus
3122 3312 3303 3370 esset,
3331 3322 3517 3363 rursus
3548 3290 3881 3379 increpatio-

2292 3397 2414 3437 nem
2444 3383 2667 3452 inducit,
2696 3387 2818 3445 illos
2845 3390 3126 3462 alloquens
3155 3412 3169 3447 :
3200 3396 3253 3449 ϐ.
3286 3394 3407 3450 Non
3428 3397 3558 3451 bona
3585 3410 3659 3453 est
3686 3403 3881 3471 gloria-

2290 3474 2360 3527 tio
2381 3484 2581 3539 uestra;
2609 3478 2899 3533 ostendens
2926 3480 3049 3537 illos
3075 3481 3141 3537 ad
3167 3484 3304 3539 istud
3332 3502 3500 3558 usque
3530 3498 3743 3559 tempus
3768 3507 3881 3546 non

2291 3563 2482 3619 sivisse
2510 3580 2633 3621 eum
2665 3569 2928 3637 pinuitere
2951 3612 2968 3635 ,
2998 3572 3068 3630 de
3098 3573 3519 3646 illogloriautes.
3556 3579 3757 3637 Deinde
3778 3582 3879 3637 de-

2289 3653 2459 3709 clarat
2484 3669 2546 3711 se
2569 3670 2674 3711 non
2706 3657 2780 3714 illi
2808 3659 2968 3716 modo
2994 3673 3301 3733 parcentem
3332 3668 3431 3723 hoc
3459 3668 3634 3725 facere
3655 3712 3671 3737 ,
3701 3672 3795 3726 sed
3822 3683 3880 3727 ιιι

2288 3743 2419 3815 ipsis
2459 3762 2475 3799 :
2515 3746 2742 3818 ideoque
2788 3750 3061 3824 subjungit
3108 3771 3123 3807 :
3171 3754 3395 3811 Nescitis
3437 3761 3572 3829 quod
3619 3762 3881 3815 modicum

2287 3834 2590 3905 fermentum
2620 3849 2777 3893 totam
2798 3857 3019 3895 massam
3043 3847 3321 3915 corrumpit
3339 3847 3366 3899 .’
3387 3846 3536 3902 Licet
3562 3848 3706 3902 enim
3732 3850 3880 3904 illius

2286 3923 2352 3981 sit
2376 3937 2673 3997 peccatum,
2694 3931 2884 3999 inquit,
2905 3932 2999 3987 sed
3021 3934 3316 4003 neglectum
3343 3946 3517 4006 p0test
3535 3948 3590 3993 et
3612 3940 3878 4010 reliquum

2289 4016 2544 4072 Ecclesia:
2579 4033 2777 4087 corpus
2804 4034 3167 4093 corrumpere.
3200 4025 3331 4080 Cum
3360 4028 3502 4081 enim
3532 4028 3577 4084 is
3607 4031 3694 4098 qui
3730 4033 3881 4106 prior

2287 4108 2530 4177 peccavit
2565 4124 2670 4163 non
2698 4110 2846 4166 dedit
2879 4128 3098 4182 poenas,
3133 4116 3239 4171 cito
3260 4126 3315 4173 et
3338 4118 3426 4172 alii
3457 4119 3645 4175 eadem
3676 4111 3879 4192 perpe-

2288 4200 2523 4255 trahunt.
2551 4202 2676 4258 llaec
2702 4214 2879 4260 autem
2908 4205 3069 4271 dicit,
3100 4210 3390 4266 ostendens
3419 4227 3516 4282 pro
3549 4222 3657 4268 tota
3684 4214 3880 4271 Eccle-

2284 4292 2383 4358 sia,
2409 4310 2513 4349 non
2544 4311 2639 4364 pro
2668 4313 2773 4352 uno
2800 4298 2899 4354 sibi
2927 4309 3198 4357 certamen
3227 4312 3281 4357 ct
3307 4306 3601 4375 periculum
3635 4309 3829 4365 adesse
3853 4330 3871 4367 :

2284 4399 2450 4452 quare
2474 4384 2724 4443 fermenti
2753 4390 3101 4448 similitudine
3134 4408 3271 4463 Opus
3307 4396 3509 4452 habuit.
3551 4398 3704 4455 Sicut
3728 4404 3876 4461 enim

2285 4473 2628 4541 fermentum,
2660 4479 2847 4550 inquit,
2879 4499 2999 4537 cum
3032 4484 3297 4538 modicum
3324 4486 3412 4552 sit,
3444 4497 3606 4544 totam
3636 4507 3875 4549 massam

2286 4564 2338 4620 in
2368 4582 2427 4623 se
2457 4578 2801 4636 transmutat;
2844 4576 2912 4627 ita
2941 4585 2996 4630 et
3024 4576 3143 4643 hic,
3182 4576 3230 4631 si
3257 4578 3547 4648 impunitus
3574 4595 3790 4639 maneat
3819 4598 3875 4643 et

2283 4654 2510 4712 multum
2538 4660 2607 4713 sit
2636 4673 2934 4732 peccatum,
2969 4675 3195 4721 cmteros
3218 4681 3545 4741 corrumpet.
3577 4673 3629 4728 7.
3664 4675 3877 4745 Expur-

2284 4756 2397 4818 gate
2418 4759 2557 4803 uetus
2585 4752 2902 4823 fermentum.
2948 4756 3003 4810 ld
3048 4764 3148 4823 est,
3192 4758 3333 4814 hunc
3375 4760 3712 4832 improbum;
3759 4768 3873 4823 imo

2284 4840 2594 4917 potiusnon
2624 4841 2693 4898 de
2719 4844 2821 4901 hoc
2850 4854 3054 4902 tantum
3081 4848 3343 4917 loquitur,
3375 4852 3471 4906 sed
3492 4864 3547 4907 et
3569 4854 3709 4911 alios
3736 4859 3873 4913 sub-

2282 4930 2501 4989 indicat.
2528 4933 2641 4990 Non
2663 4936 2804 4992 enim
2832 4936 3114 4993 fornicatio
3144 4947 3346 4995 tantum
3365 4954 3518 4999 vetus
3544 4944 3870 5003 fermentum

2282 5032 2386 5090 est,
2414 5025 2508 5081 sed
2544 5036 2599 5083 et
2631 5030 2807 5085 omnis
2849 5030 3104 5100 nequitia.
3147 5030 3258 5086 Nec
3294 5031 3446 5099 dixit,
3488 5035 3738 5109 Purgato,
3771 5040 3870 5096 sed

2284 5115 2611 5190 Expurgate;
2637 5135 2759 5177 cum
2781 5120 3120 5177 accuratione
3142 5134 3379 5195 purgate,
3394 5136 3571 5183 utnec
3592 5131 3867 5186 residuum

2282 5226 2383 5265 nec
2422 5212 2606 5268 umbra
2647 5214 2771 5270 talis
2808 5214 2886 5270 rei
2925 5222 3157 5269 maneat.
3183 5214 3316 5271 Cum
3336 5218 3633 5292 dicitcrgo,
3660 5219 3868 5291 Expur-

2280 5310 2428 5372 gate,
2458 5303 2696 5358 ostendit
2727 5304 2904 5360 adhuc
2931 5306 3218 5375 nequitiam
3246 5308 3385 5378 apud
3413 5309 3538 5365 illos
3561 5326 3716 5375 esse;
3742 5326 3868 5367 cum

2281 5402 2458 5450 autem
2482 5394 2629 5460 dicit,
2658 5395 2726 5450 Ut
2750 5397 2861 5451 sitis
2889 5413 3016 5450 noua
3039 5401 3346 5470 eonspersio,
3369 5403 3499 5457 sicut
3517 5402 3636 5456 estis
3661 5403 3830 5473 asgmi
3848 5414 3872 5463 .'

2284 5485 2518 5543 declarat
2553 5498 2609 5545 et
2647 5488 2880 5554 indicat,
2914 5504 3020 5545 non
3049 5492 3117 5548 ita
3146 5494 3330 5550 multis
3355 5494 3541 5549 vitium
3572 5493 3864 5552 dominari.

2276 5578 2332 5635 Si
2372 5594 2502 5637 vero
2546 5580 2711 5644 dicat,
2762 5580 2911 5637 Sicut
2956 5588 3075 5641 estis
3110 5588 3313 5658 asymi;
3361 5602 3467 5642 non
3512 5586 3582 5641 ita
3630 5589 3869 5658 loquitur

2276 5673 2427 5741 quasi
2453 5686 2642 5728 omnes
2668 5673 2782 5742 puri
2813 5686 3014 5739 essent,
3048 5677 3141 5735 sed
3180 5686 3238 5733 ut
3279 5679 3439 5734 decet
3469 5692 3565 5731 vos
3590 5693 3733 5734 esse.
3769 5680 3863 5735 Et-

2278 5764 2408 5819 enim
2438 5764 2627 5834 pasc/ta
2654 5772 2878 5821 nostrum
2906 5786 2997 5839 pro
3026 5770 3165 5824 nobis
3190 5770 3479 5825 immolatus
3504 5780 3577 5826 est
3604 5768 3861 5827 Christus.
