  <div class='ocr_page' id='page_1' title='image "/cluster/home/n/w/nwhite01/storage/ocr_20150623/61/pst.000005712618/130.png"; bbox 0 0 4084 6328; ppageno 0'>
   <div class='ocr_carea' id='block_1_1' title="bbox 169 382 267 437">
    <p class='ocr_par' dir='ltr' id='par_1_1' title="bbox 169 382 267 437">
     <span class='ocr_line' id='line_1_1' title="bbox 169 382 267 437; baseline 0.031 -3"><span class='ocrx_word' id='word_1_1' title='bbox 169 382 267 437; x_wconf 64' lang='grc' dir='ltr'>ηδ</span> 
     </span>
    </p>
   </div>
   <div class='ocr_carea' id='block_1_2' title="bbox 162 499 1743 575">
    <p class='ocr_par' dir='ltr' id='par_1_2' title="bbox 162 499 1743 575">
     <span class='ocr_line' id='line_1_2' title="bbox 162 499 1743 575; baseline 0.003 -21"><span class='ocrx_word' id='word_1_2' title='bbox 162 500 374 573; x_wconf 77' lang='grc' dir='ltr'>λοιμοῦ,</span> <span class='ocrx_word' id='word_1_3' title='bbox 400 500 635 562; x_wconf 81' lang='grc' dir='ltr'>πένθους</span> <span class='ocrx_word' id='word_1_4' title='bbox 672 499 830 569; x_wconf 64' lang='grc' dir='ltr'>χρεία</span> <span class='ocrx_word' id='word_1_5' title='bbox 877 501 976 554; x_wconf 73' lang='grc' dir='ltr'>καὶ</span> <span class='ocrx_word' id='word_1_6' title='bbox 1001 502 1281 573; x_wconf 71' lang='grc' dir='ltr'>ἱκετηρίας</span> <span class='ocrx_word' id='word_1_7' title='bbox 1325 506 1743 575; x_wconf 83' lang='grc' dir='ltr'>ἐπιτεταμένης,</span> 
     </span>
    </p>
   </div>
   <div class='ocr_carea' id='block_1_3' title="bbox 164 581 1745 657">
    <p class='ocr_par' dir='ltr' id='par_1_3' title="bbox 164 581 1745 657">
     <span class='ocr_line' id='line_1_3' title="bbox 164 581 1745 657; baseline 0.001 -17"><span class='ocrx_word' id='word_1_8' title='bbox 164 588 303 640; x_wconf 83' lang='grc' dir='ltr'>Ἰνα</span> <span class='ocrx_word' id='word_1_9' title='bbox 352 581 600 650; x_wconf 77' lang='grc' dir='ltr'>ἐξαρθῇ,</span> <span class='ocrx_word' id='word_1_10' title='bbox 649 584 806 654; x_wconf 70' lang='grc' dir='ltr'>φησί·</span> <span class='ocrx_word' id='word_1_11' title='bbox 866 586 959 637; x_wconf 64' lang='grc' dir='ltr'>καὶ⁸</span> <span class='ocrx_word' id='word_1_12' title='bbox 997 587 1127 655; x_wconf 82' lang='grc' dir='ltr'>εὐχῇ</span> <span class='ocrx_word' id='word_1_13' title='bbox 1178 588 1480 657; x_wconf 80' lang='grc' dir='ltr'>χρήσασθαι</span> <span class='ocrx_word' id='word_1_14' title='bbox 1534 589 1614 640; x_wconf 90' lang='grc' dir='ltr'>δεῖ</span> <span class='ocrx_word' id='word_1_15' title='bbox 1665 589 1745 653; x_wconf 82' lang='grc' dir='ltr'>είς</span> 
     </span>
    </p>
   </div>
   <div class='ocr_carea' id='block_1_4' title="bbox 158 666 1746 739">
    <p class='ocr_par' dir='ltr' id='par_1_4' title="bbox 158 666 1746 739">
     <span class='ocr_line' id='line_1_4' title="bbox 158 666 1746 739; baseline 0.002 -22"><span class='ocrx_word' id='word_1_16' title='bbox 158 668 345 729; x_wconf 80' lang='grc' dir='ltr'>τοῦτο,</span> <span class='ocrx_word' id='word_1_17' title='bbox 372 666 467 720; x_wconf 76' lang='grc' dir='ltr'>καὶ</span> <span class='ocrx_word' id='word_1_18' title='bbox 493 667 675 719; x_wconf 78' lang='grc' dir='ltr'>πάντα</span> <span class='ocrx_word' id='word_1_19' title='bbox 694 668 1029 738; x_wconf 86' lang='grc' dir='ltr'>ἐργάσασθαι</span> <span class='ocrx_word' id='word_1_20' title='bbox 1055 668 1195 722; x_wconf 81' lang='grc' dir='ltr'>ὥστε</span> <span class='ocrx_word' id='word_1_21' title='bbox 1222 671 1384 724; x_wconf 80' lang='grc' dir='ltr'>αὐτὸν</span> <span class='ocrx_word' id='word_1_22' title='bbox 1419 670 1746 739; x_wconf 83' lang='grc' dir='ltr'>ἀποτμηθῆ-</span> 
     </span>
    </p>
   </div>
   <div class='ocr_carea' id='block_1_5' title="bbox 158 748 1745 822">
    <p class='ocr_par' dir='ltr' id='par_1_5' title="bbox 158 748 1745 822">
     <span class='ocr_line' id='line_1_5' title="bbox 158 748 1745 822; baseline 0.003 -22"><span class='ocrx_word' id='word_1_23' title='bbox 158 765 275 802; x_wconf 85' lang='grc' dir='ltr'>ναι.</span> <span class='ocrx_word' id='word_1_24' title='bbox 316 748 424 801; x_wconf 86' lang='lat' dir='ltr'>Kal</span> <span class='ocrx_word' id='word_1_25' title='bbox 460 749 560 801; x_wconf 84' lang='grc' dir='ltr'>οὐκ</span> <span class='ocrx_word' id='word_1_26' title='bbox 592 751 837 817; x_wconf 85' lang='grc' dir='ltr'>ἐγκαλεῖ,</span> <span class='ocrx_word' id='word_1_27' title='bbox 868 751 949 803; x_wconf 85' lang='grc' dir='ltr'>ὅτι</span> <span class='ocrx_word' id='word_1_28' title='bbox 987 753 1088 804; x_wconf 79' lang='grc' dir='ltr'>οὐκ</span> <span class='ocrx_word' id='word_1_29' title='bbox 1119 752 1391 822; x_wconf 74' lang='grc' dir='ltr'>ἐδήλωσαν</span> <span class='ocrx_word' id='word_1_30' title='bbox 1424 752 1591 820; x_wconf 81' lang='grc' dir='ltr'>αὐτῷ,</span> <span class='ocrx_word' id='word_1_31' title='bbox 1632 752 1745 805; x_wconf 77' lang='grc' dir='ltr'>ἀλλ’</span> 
     </span>
    </p>
   </div>
   <div class='ocr_carea' id='block_1_6' title="bbox 158 832 1745 906">
    <p class='ocr_par' dir='ltr' id='par_1_6' title="bbox 158 832 1745 906">
     <span class='ocr_line' id='line_1_6' title="bbox 158 832 1745 906; baseline 0.003 -21"><span class='ocrx_word' id='word_1_32' title='bbox 158 834 240 885; x_wconf 72' lang='grc' dir='ltr'>δτι</span> <span class='ocrx_word' id='word_1_33' title='bbox 306 832 406 885; x_wconf 83' lang='grc' dir='ltr'>οὐκ</span> <span class='ocrx_word' id='word_1_34' title='bbox 459 832 764 902; x_wconf 75' lang='grc' dir='ltr'>ἐπένθησαν</span> <span class='ocrx_word' id='word_1_35' title='bbox 811 833 950 887; x_wconf 87' lang='grc' dir='ltr'>ὥστε</span> <span class='ocrx_word' id='word_1_36' title='bbox 1009 836 1326 906; x_wconf 77' lang='grc' dir='ltr'>ἐξαρθῆναι,</span> <span class='ocrx_word' id='word_1_37' title='bbox 1387 836 1601 899; x_wconf 75' lang='grc' dir='ltr'>δεικνὺς</span> <span class='ocrx_word' id='word_1_38' title='bbox 1663 838 1745 890; x_wconf 81' lang='grc' dir='ltr'>ὅτι</span> 
     </span>
    </p>
   </div>
   <div class='ocr_carea' id='block_1_7' title="bbox 161 914 1748 988">
    <p class='ocr_par' dir='ltr' id='par_1_7' title="bbox 161 914 1748 988">
     <span class='ocr_line' id='line_1_7' title="bbox 161 914 1748 988; baseline 0.003 -21"><span class='ocrx_word' id='word_1_39' title='bbox 161 914 257 968; x_wconf 79' lang='grc' dir='ltr'>καὶ</span> <span class='ocrx_word' id='word_1_40' title='bbox 299 917 471 986; x_wconf 78' lang='grc' dir='ltr'>χωρὶς</span> <span class='ocrx_word' id='word_1_41' title='bbox 515 916 609 969; x_wconf 85' lang='grc' dir='ltr'>τοῦ</span> <span class='ocrx_word' id='word_1_42' title='bbox 638 917 957 970; x_wconf 72' lang='grc' dir='ltr'>διδασκάλου</span> <span class='ocrx_word' id='word_1_43' title='bbox 990 919 1148 972; x_wconf 86' lang='grc' dir='ltr'>τοῦτο</span> <span class='ocrx_word' id='word_1_44' title='bbox 1191 920 1445 988; x_wconf 85' lang='grc' dir='ltr'>γενέσθαι</span> <span class='ocrx_word' id='word_1_45' title='bbox 1499 918 1607 972; x_wconf 82' lang='grc' dir='ltr'>ἔδει</span> <span class='ocrx_word' id='word_1_46' title='bbox 1660 918 1748 973; x_wconf 74' lang='grc' dir='ltr'>διὰ</span> 
     </span>
    </p>
   </div>
   <div class='ocr_carea' id='block_1_8' title="bbox 160 998 1747 1072">
    <p class='ocr_par' dir='ltr' id='par_1_8' title="bbox 160 998 1747 1072">
     <span class='ocr_line' id='line_1_8' title="bbox 160 998 1747 1072; baseline 0.003 -24"><span class='ocrx_word' id='word_1_47' title='bbox 160 998 258 1062; x_wconf 74' lang='grc' dir='ltr'>τὴν</span> <span class='ocrx_word' id='word_1_48' title='bbox 307 998 666 1066; x_wconf 71' lang='grc' dir='ltr'>περιφάνειαν</span> <span class='ocrx_word' id='word_1_49' title='bbox 714 998 809 1051; x_wconf 87' lang='grc' dir='ltr'>τοῦ</span> <span class='ocrx_word' id='word_1_50' title='bbox 878 1000 1365 1072; x_wconf 85' lang='grc' dir='ltr'>πλημμελήματος.</span> <span class='ocrx_word' id='word_1_51' title='bbox 1429 1000 1577 1070; x_wconf 76' lang='grc' dir='ltr'>Ἐγὼ</span> <span class='ocrx_word' id='word_1_52' title='bbox 1630 1000 1747 1069; x_wconf 66' lang='grc' dir='ltr'>μὲν</span> 
     </span>
    </p>
   </div>
   <div class='ocr_carea' id='block_1_9' title="bbox 161 1080 1745 1154">
    <p class='ocr_par' dir='ltr' id='par_1_9' title="bbox 161 1080 1745 1154">
     <span class='ocr_line' id='line_1_9' title="bbox 161 1080 1745 1154; baseline 0.004 -23"><span class='ocrx_word' id='word_1_53' title='bbox 161 1080 273 1151; x_wconf 71' lang='grc' dir='ltr'>γὰρ</span> <span class='ocrx_word' id='word_1_54' title='bbox 314 1083 396 1149; x_wconf 85' lang='grc' dir='ltr'>ὡς</span> <span class='ocrx_word' id='word_1_55' title='bbox 424 1082 596 1137; x_wconf 81' lang='grc' dir='ltr'>ἀπὼν</span> <span class='ocrx_word' id='word_1_56' title='bbox 638 1081 715 1147; x_wconf 80' lang='grc' dir='ltr'>τῷ</span> <span class='ocrx_word' id='word_1_57' title='bbox 752 1082 1001 1153; x_wconf 80' lang='grc' dir='ltr'>σώματι,</span> <span class='ocrx_word' id='word_1_58' title='bbox 1050 1084 1255 1154; x_wconf 78' lang='grc' dir='ltr'>παρὼν</span> <span class='ocrx_word' id='word_1_59' title='bbox 1304 1085 1372 1138; x_wconf 83' lang='grc' dir='ltr'>δὲ</span> <span class='ocrx_word' id='word_1_60' title='bbox 1426 1084 1507 1151; x_wconf 86' lang='grc' dir='ltr'>τῷ</span> <span class='ocrx_word' id='word_1_61' title='bbox 1562 1085 1745 1139; x_wconf 79' lang='grc' dir='ltr'>πνεύ-</span> 
     </span>
    </p>
   </div>
   <div class='ocr_carea' id='block_1_10' title="bbox 154 1183 322 1235">
    <p class='ocr_par' dir='ltr' id='par_1_10' title="bbox 154 1183 322 1235">
     <span class='ocr_line' id='line_1_10' title="bbox 154 1183 322 1235; baseline 0.018 -18"><span class='ocrx_word' id='word_1_62' title='bbox 154 1183 322 1235; x_wconf 56' lang='lat' dir='ltr'><strong>pata.</strong></span> 
     </span>
    </p>
   </div>
   <div class='ocr_carea' id='block_1_11' title="bbox 233 1306 1744 1381">
    <p class='ocr_par' dir='ltr' id='par_1_11' title="bbox 233 1306 1744 1381">
     <span class='ocr_line' id='line_1_11' title="bbox 233 1306 1744 1381; baseline 0 -19"><span class='ocrx_word' id='word_1_63' title='bbox 233 1310 459 1380; x_wconf 71' lang='grc' dir='ltr'>β’.”ορα</span> <span class='ocrx_word' id='word_1_64' title='bbox 488 1309 657 1379; x_wconf 75' lang='grc' dir='ltr'>θυμόν</span> <span class='ocrx_word' id='word_1_65' title='bbox 676 1326 689 1341; x_wconf 95' lang='grc'>·</span> <span class='ocrx_word' id='word_1_66' title='bbox 704 1310 826 1363; x_wconf 78' lang='grc' dir='ltr'>οὐδὲ</span> <span class='ocrx_word' id='word_1_67' title='bbox 841 1310 1129 1379; x_wconf 81' lang='grc' dir='ltr'>ἀναμεῖναι</span> <span class='ocrx_word' id='word_1_68' title='bbox 1141 1306 1307 1362; x_wconf 80' lang='grc' dir='ltr'>αὑτοῦ</span> <span class='ocrx_word' id='word_1_69' title='bbox 1323 1306 1422 1379; x_wconf 79' lang='grc' dir='ltr'>τὴν</span> <span class='ocrx_word' id='word_1_70' title='bbox 1437 1310 1744 1381; x_wconf 78' lang='grc' dir='ltr'>παρουσίαν</span> 
     </span>
    </p>
   </div>
   <div class='ocr_carea' id='block_1_12' title="bbox 158 1391 1742 1465">
    <p class='ocr_par' dir='ltr' id='par_1_12' title="bbox 158 1391 1742 1465">
     <span class='ocr_line' id='line_1_12' title="bbox 158 1391 1742 1465; baseline 0.001 -19"><span class='ocrx_word' id='word_1_71' title='bbox 158 1395 417 1463; x_wconf 67' lang='grc' dir='ltr'>ἀφίησιν,</span> <span class='ocrx_word' id='word_1_72' title='bbox 442 1394 565 1447; x_wconf 82' lang='grc' dir='ltr'>ούδέ</span> <span class='ocrx_word' id='word_1_73' title='bbox 596 1392 916 1460; x_wconf 78' lang='grc' dir='ltr'>ἐκδέξασθαι</span> <span class='ocrx_word' id='word_1_74' title='bbox 949 1393 1111 1446; x_wconf 84' lang='grc' dir='ltr'>αὑτὸν</span> <span class='ocrx_word' id='word_1_75' title='bbox 1136 1391 1233 1445; x_wconf 76' lang='grc' dir='ltr'>καὶ</span> <span class='ocrx_word' id='word_1_76' title='bbox 1253 1393 1377 1447; x_wconf 85' lang='grc' dir='ltr'>τότε</span> <span class='ocrx_word' id='word_1_77' title='bbox 1415 1394 1597 1465; x_wconf 80' lang='grc' dir='ltr'>δῆσαι,</span> <span class='ocrx_word' id='word_1_78' title='bbox 1629 1395 1742 1448; x_wconf 87' lang='grc' dir='ltr'>ἀλλ’</span> 
     </span>
    </p>
   </div>
   <div class='ocr_carea' id='block_1_13' title="bbox 156 1475 1744 1550">
    <p class='ocr_par' dir='ltr' id='par_1_13' title="bbox 156 1475 1744 1550">
     <span class='ocr_line' id='line_1_13' title="bbox 156 1475 1744 1550; baseline 0 -19"><span class='ocrx_word' id='word_1_79' title='bbox 156 1478 353 1550; x_wconf 80' lang='grc' dir='ltr'>ὥσπερ</span> <span class='ocrx_word' id='word_1_80' title='bbox 384 1479 506 1531; x_wconf 75' lang='grc' dir='ltr'>τινὰ</span> <span class='ocrx_word' id='word_1_81' title='bbox 548 1478 736 1546; x_wconf 84' lang='grc' dir='ltr'>λοιμὸν</span> <span class='ocrx_word' id='word_1_82' title='bbox 778 1475 986 1545; x_wconf 78' lang='grc' dir='ltr'>μέλλων</span> <span class='ocrx_word' id='word_1_83' title='bbox 1028 1475 1376 1542; x_wconf 80' lang='grc' dir='ltr'>ἀπελαύνειν,</span> <span class='ocrx_word' id='word_1_84' title='bbox 1411 1477 1541 1547; x_wconf 76' lang='grc' dir='ltr'>πρὶν</span> <span class='ocrx_word' id='word_1_85' title='bbox 1565 1478 1598 1548; x_wconf 81' lang='grc' dir='ltr'>ή</span> <span class='ocrx_word' id='word_1_86' title='bbox 1626 1479 1744 1533; x_wconf 80' lang='grc' dir='ltr'>δια-</span> 
     </span>
    </p>
   </div>
   <div class='ocr_carea' id='block_1_14' title="bbox 157 1557 1739 1631">
    <p class='ocr_par' dir='ltr' id='par_1_14' title="bbox 157 1557 1739 1631">
     <span class='ocr_line' id='line_1_14' title="bbox 157 1557 1739 1631; baseline 0 -16"><span class='ocrx_word' id='word_1_87' title='bbox 157 1562 384 1631; x_wconf 74' lang='grc' dir='ltr'>δοθῆναι</span> <span class='ocrx_word' id='word_1_88' title='bbox 418 1565 497 1625; x_wconf 81' lang='grc' dir='ltr'>εἰς</span> <span class='ocrx_word' id='word_1_89' title='bbox 540 1561 601 1612; x_wconf 81' lang='grc' dir='ltr'>τὸ</span> <span class='ocrx_word' id='word_1_90' title='bbox 644 1559 829 1612; x_wconf 86' lang='grc' dir='ltr'>λοιπὸν</span> <span class='ocrx_word' id='word_1_91' title='bbox 864 1557 1044 1628; x_wconf 84' lang='grc' dir='ltr'>σῶμα,</span> <span class='ocrx_word' id='word_1_92' title='bbox 1095 1560 1380 1627; x_wconf 77' lang='grc' dir='ltr'>ἐπείγεται</span> <span class='ocrx_word' id='word_1_93' title='bbox 1428 1565 1739 1630; x_wconf 76' lang='grc' dir='ltr'>κατασχεῖν.</span> 
     </span>
    </p>
   </div>
   <div class='ocr_carea' id='block_1_15' title="bbox 157 1640 1739 1711">
    <p class='ocr_par' dir='ltr' id='par_1_15' title="bbox 157 1640 1739 1711">
     <span class='ocr_line' id='line_1_15' title="bbox 157 1640 1739 1711; baseline 0.002 -16"><span class='ocrx_word' id='word_1_94' title='bbox 157 1645 246 1696; x_wconf 81' lang='grc' dir='ltr'>Διὸ</span> <span class='ocrx_word' id='word_1_95' title='bbox 302 1646 404 1695; x_wconf 77' lang='grc' dir='ltr'>καὶ</span> <span class='ocrx_word' id='word_1_96' title='bbox 449 1644 641 1709; x_wconf 79' lang='grc' dir='ltr'>ἐπάγει</span> <span class='ocrx_word' id='word_1_97' title='bbox 687 1640 882 1709; x_wconf 89' lang='grc' dir='ltr'>λέγων·</span> <span class='ocrx_word' id='word_1_98' title='bbox 918 1641 1070 1709; x_wconf 80' lang='grc' dir='ltr'>’Ἤδη</span> <span class='ocrx_word' id='word_1_99' title='bbox 1118 1642 1366 1709; x_wconf 79' lang='grc' dir='ltr'>κέκρικα</span> <span class='ocrx_word' id='word_1_100' title='bbox 1393 1641 1473 1708; x_wconf 85' lang='grc' dir='ltr'>ὡς</span> <span class='ocrx_word' id='word_1_101' title='bbox 1514 1642 1739 1711; x_wconf 83' lang='grc' dir='ltr'>παρών.</span> 
     </span>
    </p>
   </div>
   <div class='ocr_carea' id='block_1_16' title="bbox 160 1724 1743 1793">
    <p class='ocr_par' dir='ltr' id='par_1_16' title="bbox 160 1724 1743 1793">
     <span class='ocr_line' id='line_1_16' title="bbox 160 1724 1743 1793; baseline 0.001 -16"><span class='ocrx_word' id='word_1_102' title='bbox 160 1726 348 1780; x_wconf 83' lang='grc' dir='ltr'>Ταῦτα</span> <span class='ocrx_word' id='word_1_103' title='bbox 398 1726 455 1778; x_wconf 85' lang='grc' dir='ltr'>δέ</span> <span class='ocrx_word' id='word_1_104' title='bbox 506 1725 710 1791; x_wconf 76' lang='grc' dir='ltr'>ἔλεγεν,</span> <span class='ocrx_word' id='word_1_105' title='bbox 742 1725 802 1777; x_wconf 79' lang='grc' dir='ltr'>οὐ</span> <span class='ocrx_word' id='word_1_106' title='bbox 850 1726 1011 1793; x_wconf 86' lang='grc' dir='ltr'>μόνον</span> <span class='ocrx_word' id='word_1_107' title='bbox 1052 1724 1396 1793; x_wconf 79' lang='grc' dir='ltr'>κατεπείγων</span> <span class='ocrx_word' id='word_1_108' title='bbox 1432 1725 1629 1787; x_wconf 77' lang='grc' dir='ltr'>αὐτοὺς</span> <span class='ocrx_word' id='word_1_109' title='bbox 1662 1727 1743 1790; x_wconf 88' lang='grc' dir='ltr'>είς</span> 
     </span>
    </p>
   </div>
   <div class='ocr_carea' id='block_1_17' title="bbox 156 1807 1738 1880">
    <p class='ocr_par' dir='ltr' id='par_1_17' title="bbox 156 1807 1738 1880">
     <span class='ocr_line' id='line_1_17' title="bbox 156 1807 1738 1880; baseline 0.001 -20"><span class='ocrx_word' id='word_1_110' title='bbox 156 1810 250 1880; x_wconf 73' lang='grc' dir='ltr'>τὴν</span> <span class='ocrx_word' id='word_1_111' title='bbox 279 1809 583 1877; x_wconf 78' lang='grc' dir='ltr'>ἀπόφασιν,</span> <span class='ocrx_word' id='word_1_112' title='bbox 618 1809 713 1860; x_wconf 78' lang='grc' dir='ltr'>καὶ</span> <span class='ocrx_word' id='word_1_113' title='bbox 745 1807 845 1861; x_wconf 79' lang='grc' dir='ltr'>οὐκ</span> <span class='ocrx_word' id='word_1_114' title='bbox 880 1808 1062 1875; x_wconf 73' lang='grc' dir='ltr'>ἀφιεὶς</span> <span class='ocrx_word' id='word_1_115' title='bbox 1094 1807 1220 1861; x_wconf 83' lang='grc' dir='ltr'>ἀλλο</span> <span class='ocrx_word' id='word_1_116' title='bbox 1252 1826 1303 1861; x_wconf 89' lang='grc' dir='ltr'>τι</span> <span class='ocrx_word' id='word_1_117' title='bbox 1324 1807 1738 1878; x_wconf 78' lang='grc' dir='ltr'>βουλεύσασθαι,</span> 
     </span>
    </p>
   </div>
   <div class='ocr_carea' id='block_1_18' title="bbox 156 1891 1742 1964">
    <p class='ocr_par' dir='ltr' id='par_1_18' title="bbox 156 1891 1742 1964">
     <span class='ocr_line' id='line_1_18' title="bbox 156 1891 1742 1964; baseline -0.001 -17"><span class='ocrx_word' id='word_1_118' title='bbox 156 1894 291 1948; x_wconf 80' lang='grc' dir='ltr'>ἁ)λά</span> <span class='ocrx_word' id='word_1_119' title='bbox 337 1894 432 1946; x_wconf 76' lang='grc' dir='ltr'>καὶ</span> <span class='ocrx_word' id='word_1_120' title='bbox 461 1891 665 1963; x_wconf 82' lang='grc' dir='ltr'>φοϐῶν,</span> <span class='ocrx_word' id='word_1_121' title='bbox 702 1892 778 1955; x_wconf 84' lang='grc' dir='ltr'>ὡς</span> <span class='ocrx_word' id='word_1_122' title='bbox 816 1891 972 1957; x_wconf 81' lang='grc' dir='ltr'>εἰδὼς</span> <span class='ocrx_word' id='word_1_123' title='bbox 1011 1892 1079 1945; x_wconf 85' lang='grc' dir='ltr'>τά</span> <span class='ocrx_word' id='word_1_124' title='bbox 1112 1892 1230 1945; x_wconf 88' lang='grc' dir='ltr'>ἐκεῖ</span> <span class='ocrx_word' id='word_1_125' title='bbox 1276 1892 1618 1964; x_wconf 83' lang='grc' dir='ltr'>γενησόμενα</span> <span class='ocrx_word' id='word_1_126' title='bbox 1647 1893 1742 1947; x_wconf 80' lang='grc' dir='ltr'>καὶ</span> 
     </span>
    </p>
   </div>
   <div class='ocr_carea' id='block_1_19' title="bbox 154 1974 1741 2050">
    <p class='ocr_par' dir='ltr' id='par_1_19' title="bbox 154 1974 1741 2050">
     <span class='ocr_line' id='line_1_19' title="bbox 154 1974 1741 2050; baseline -0.001 -17"><span class='ocrx_word' id='word_1_127' title='bbox 154 1978 602 2050; x_wconf 80' lang='grc' dir='ltr'>κριθησόμεναι.</span> <span class='ocrx_word' id='word_1_128' title='bbox 637 1974 807 2028; x_wconf 86' lang='grc' dir='ltr'>Τοῦτο</span> <span class='ocrx_word' id='word_1_129' title='bbox 851 1975 961 2043; x_wconf 88' lang='grc' dir='ltr'>γάρ</span> <span class='ocrx_word' id='word_1_130' title='bbox 995 1977 1110 2027; x_wconf 85' lang='grc' dir='ltr'>ἐστι</span> <span class='ocrx_word' id='word_1_131' title='bbox 1144 1978 1396 2046; x_wconf 85' lang='grc' dir='ltr'>παρεῖναι</span> <span class='ocrx_word' id='word_1_132' title='bbox 1439 1977 1519 2047; x_wconf 84' lang='grc' dir='ltr'>τῷ</span> <span class='ocrx_word' id='word_1_133' title='bbox 1573 1977 1741 2031; x_wconf 86' lang='grc' dir='ltr'>πνεύ-</span> 
     </span>
    </p>
   </div>
   <div class='ocr_carea' id='block_1_20' title="bbox 157 2055 1741 2133">
    <p class='ocr_par' dir='ltr' id='par_1_20' title="bbox 157 2055 1741 2133">
     <span class='ocr_line' id='line_1_20' title="bbox 157 2055 1741 2133; baseline 0 -17"><span class='ocrx_word' id='word_1_134' title='bbox 157 2080 311 2133; x_wconf 82' lang='grc' dir='ltr'>ματι,</span> <span class='ocrx_word' id='word_1_135' title='bbox 358 2062 550 2129; x_wconf 84' lang='grc' dir='ltr'>ὥσπερ</span> <span class='ocrx_word' id='word_1_136' title='bbox 598 2062 627 2113; x_wconf 85' lang='grc' dir='ltr'>ὀ</span> <span class='ocrx_word' id='word_1_137' title='bbox 694 2055 995 2119; x_wconf 84' lang='grc' dir='ltr'>Ἐλισσαῖος</span> <span class='ocrx_word' id='word_1_138' title='bbox 1050 2058 1234 2128; x_wconf 86' lang='grc' dir='ltr'>παρῆν</span> <span class='ocrx_word' id='word_1_139' title='bbox 1280 2059 1360 2129; x_wconf 83' lang='grc' dir='ltr'>τῷ</span> <span class='ocrx_word' id='word_1_140' title='bbox 1406 2060 1591 2131; x_wconf 79' lang='grc' dir='ltr'>Γιεζῇ.</span> <span class='ocrx_word' id='word_1_141' title='bbox 1643 2062 1741 2115; x_wconf 72' lang='grc' dir='ltr'>καὶ</span> 
     </span>
    </p>
   </div>
   <div class='ocr_carea' id='block_1_21' title="bbox 154 2138 1733 2213">
    <p class='ocr_par' dir='ltr' id='par_1_21' title="bbox 154 2138 1733 2213">
     <span class='ocr_line' id='line_1_21' title="bbox 154 2138 1733 2213; baseline -0.001 -14"><span class='ocrx_word' id='word_1_142' title='bbox 154 2148 363 2213; x_wconf 71' lang='grc' dir='ltr'>ἔλεγεν·</span> <span class='ocrx_word' id='word_1_143' title='bbox 412 2141 558 2211; x_wconf 73' lang='grc' dir='ltr'>Οὺχί</span> <span class='ocrx_word' id='word_1_144' title='bbox 608 2142 647 2208; x_wconf 75' lang='grc' dir='ltr'>ἡ</span> <span class='ocrx_word' id='word_1_145' title='bbox 678 2138 891 2209; x_wconf 77' lang='grc' dir='ltr'>καρδία</span> <span class='ocrx_word' id='word_1_146' title='bbox 917 2158 1038 2209; x_wconf 83' lang='grc' dir='ltr'>μου</span> <span class='ocrx_word' id='word_1_147' title='bbox 1068 2139 1150 2208; x_wconf 80' lang='grc' dir='ltr'>ἦν</span> <span class='ocrx_word' id='word_1_148' title='bbox 1172 2141 1321 2209; x_wconf 81' lang='grc' dir='ltr'>μετὰ</span> <span class='ocrx_word' id='word_1_149' title='bbox 1359 2142 1477 2196; x_wconf 89' lang='grc' dir='ltr'>σοῦ</span> <span class='ocrx_word' id='word_1_150' title='bbox 1494 2159 1514 2206; x_wconf 87' lang='grc'><em>;</em></span> <span class='ocrx_word' id='word_1_151' title='bbox 1541 2143 1733 2197; x_wconf 83' lang='grc' dir='ltr'>Βαϐαίι</span> 
     </span>
    </p>
   </div>
   <div class='ocr_carea' id='block_1_22' title="bbox 161 2221 1737 2296">
    <p class='ocr_par' dir='ltr' id='par_1_22' title="bbox 161 2221 1737 2296">
     <span class='ocr_line' id='line_1_22' title="bbox 161 2221 1737 2296; baseline -0.001 -17"><span class='ocrx_word' id='word_1_152' title='bbox 161 2228 293 2296; x_wconf 66' lang='grc' dir='ltr'>πόση</span> <span class='ocrx_word' id='word_1_153' title='bbox 323 2226 423 2278; x_wconf 83' lang='grc' dir='ltr'>τοῦ</span> <span class='ocrx_word' id='word_1_154' title='bbox 454 2224 794 2294; x_wconf 82' lang='grc' dir='ltr'>χαρίσματος</span> <span class='ocrx_word' id='word_1_155' title='bbox 838 2223 872 2292; x_wconf 89' lang='grc' dir='ltr'>ή</span> <span class='ocrx_word' id='word_1_156' title='bbox 904 2221 1151 2292; x_wconf 87' lang='grc' dir='ltr'>δύναμις.</span> <span class='ocrx_word' id='word_1_157' title='bbox 1199 2225 1329 2276; x_wconf 81' lang='grc' dir='ltr'>ὅταν</span> <span class='ocrx_word' id='word_1_158' title='bbox 1360 2224 1568 2287; x_wconf 82' lang='grc' dir='ltr'>πάντας</span> <span class='ocrx_word' id='word_1_159' title='bbox 1602 2224 1737 2295; x_wconf 86' lang='grc' dir='ltr'>όμοῦ</span> 
     </span>
    </p>
   </div>
   <div class='ocr_carea' id='block_1_23' title="bbox 152 2299 1737 2377">
    <p class='ocr_par' dir='ltr' id='par_1_23' title="bbox 152 2299 1737 2377">
     <span class='ocr_line' id='line_1_23' title="bbox 152 2299 1737 2377; baseline -0.001 -15"><span class='ocrx_word' id='word_1_160' title='bbox 152 2309 245 2362; x_wconf 69' lang='grc' dir='ltr'>καὶ</span> <span class='ocrx_word' id='word_1_161' title='bbox 285 2307 410 2361; x_wconf 81' lang='grc' dir='ltr'>κατ’</span> <span class='ocrx_word' id='word_1_162' title='bbox 448 2305 581 2359; x_wconf 80' lang='grc' dir='ltr'>αὐτὸ</span> <span class='ocrx_word' id='word_1_163' title='bbox 616 2299 757 2357; x_wconf 73' lang='grc' dir='ltr'>εἶναι</span> <span class='ocrx_word' id='word_1_164' title='bbox 798 2306 949 2374; x_wconf 75' lang='grc' dir='ltr'>ποιῇ,</span> <span class='ocrx_word' id='word_1_165' title='bbox 984 2303 1079 2357; x_wconf 78' lang='grc' dir='ltr'>καὶ</span> <span class='ocrx_word' id='word_1_166' title='bbox 1123 2306 1190 2358; x_wconf 89' lang='grc' dir='ltr'>τά</span> <span class='ocrx_word' id='word_1_167' title='bbox 1224 2305 1507 2377; x_wconf 69' lang='grc' dir='ltr'>πόρρωθεν</span> <span class='ocrx_word' id='word_1_168' title='bbox 1538 2307 1737 2360; x_wconf 81' lang='grc' dir='ltr'>ειδέναι</span> 
     </span>
    </p>
   </div>
   <div class='ocr_carea' id='block_1_24' title="bbox 152 2384 1737 2463">
    <p class='ocr_par' dir='ltr' id='par_1_24' title="bbox 152 2384 1737 2463">
     <span class='ocr_line' id='line_1_24' title="bbox 152 2384 1737 2463; baseline -0.002 -18"><span class='ocrx_word' id='word_1_169' title='bbox 152 2386 580 2463; x_wconf 78' lang='grc' dir='ltr'>παρασκευάζῃί</span> <span class='ocrx_word' id='word_1_170' title='bbox 607 2387 749 2456; x_wconf 83' lang='grc' dir='ltr'>Ἤδη</span> <span class='ocrx_word' id='word_1_171' title='bbox 776 2386 1012 2457; x_wconf 76' lang='grc' dir='ltr'>κέκρικα</span> <span class='ocrx_word' id='word_1_172' title='bbox 1040 2384 1116 2449; x_wconf 89' lang='grc' dir='ltr'>ώς</span> <span class='ocrx_word' id='word_1_173' title='bbox 1137 2387 1345 2458; x_wconf 88' lang='grc' dir='ltr'>παρών.</span> <span class='ocrx_word' id='word_1_174' title='bbox 1370 2387 1485 2441; x_wconf 82' lang='grc' dir='ltr'>Οὐκ</span> <span class='ocrx_word' id='word_1_175' title='bbox 1508 2388 1737 2460; x_wconf 80' lang='grc' dir='ltr'>ἀφίησιν</span> 
     </span>
    </p>
   </div>
   <div class='ocr_carea' id='block_1_25' title="bbox 148 2471 1737 2546">
    <p class='ocr_par' dir='ltr' id='par_1_25' title="bbox 148 2471 1737 2546">
     <span class='ocr_line' id='line_1_25' title="bbox 148 2471 1737 2546; baseline -0.002 -14"><span class='ocrx_word' id='word_1_176' title='bbox 148 2477 351 2541; x_wconf 80' lang='grc' dir='ltr'>αὐτοὺς</span> <span class='ocrx_word' id='word_1_177' title='bbox 398 2474 584 2546; x_wconf 67' lang='grc' dir='ltr'>ἕτερόν</span> <span class='ocrx_word' id='word_1_178' title='bbox 611 2490 664 2526; x_wconf 92' lang='grc' dir='ltr'>τι</span> <span class='ocrx_word' id='word_1_179' title='bbox 706 2474 956 2543; x_wconf 77' lang='grc' dir='ltr'>ἐννοῆσαι</span> <span class='ocrx_word' id='word_1_180' title='bbox 980 2487 995 2502; x_wconf 96' lang='grc'>·</span> <span class='ocrx_word' id='word_1_181' title='bbox 1036 2472 1148 2526; x_wconf 82' lang='lat' dir='ltr'>Kal</span> <span class='ocrx_word' id='word_1_182' title='bbox 1187 2471 1295 2542; x_wconf 77' lang='lat'>7&amp;9</span> <span class='ocrx_word' id='word_1_183' title='bbox 1333 2472 1603 2542; x_wconf 81' lang='grc' dir='ltr'>ἐξήνεγκα</span> <span class='ocrx_word' id='word_1_184' title='bbox 1637 2476 1737 2546; x_wconf 82' lang='grc' dir='ltr'>τὴν</span> 
     </span>
    </p>
   </div>
   <div class='ocr_carea' id='block_1_26' title="bbox 150 2554 1735 2630">
    <p class='ocr_par' dir='ltr' id='par_1_26' title="bbox 150 2554 1735 2630">
     <span class='ocr_line' id='line_1_26' title="bbox 150 2554 1735 2630; baseline -0.002 -15"><span class='ocrx_word' id='word_1_185' title='bbox 150 2562 432 2629; x_wconf 78' lang='grc' dir='ltr'>ἀπόφασιν</span> <span class='ocrx_word' id='word_1_186' title='bbox 460 2558 535 2622; x_wconf 83' lang='grc' dir='ltr'>ώς</span> <span class='ocrx_word' id='word_1_187' title='bbox 577 2556 804 2630; x_wconf 88' lang='grc' dir='ltr'>παρών·</span> <span class='ocrx_word' id='word_1_188' title='bbox 852 2558 927 2628; x_wconf 88' lang='grc' dir='ltr'>μή</span> <span class='ocrx_word' id='word_1_189' title='bbox 964 2573 1053 2627; x_wconf 83' lang='grc' dir='ltr'>μοι</span> <span class='ocrx_word' id='word_1_190' title='bbox 1086 2554 1356 2619; x_wconf 82' lang='grc' dir='ltr'>ἀναϐολὰς</span> <span class='ocrx_word' id='word_1_191' title='bbox 1405 2558 1499 2611; x_wconf 72' lang='grc' dir='ltr'>καὶ</span> <span class='ocrx_word' id='word_1_192' title='bbox 1540 2558 1735 2630; x_wconf 79' lang='grc' dir='ltr'>μελλή-</span> 
     </span>
    </p>
   </div>
   <div class='ocr_carea' id='block_1_27' title="bbox 151 2636 1736 2710">
    <p class='ocr_par' dir='ltr' id='par_1_27' title="bbox 151 2636 1736 2710">
     <span class='ocr_line' id='line_1_27' title="bbox 151 2636 1736 2710; baseline 0 -15"><span class='ocrx_word' id='word_1_193' title='bbox 151 2660 269 2706; x_wconf 83' lang='grc' dir='ltr'>σεις</span> <span class='ocrx_word' id='word_1_194' title='bbox 293 2642 456 2710; x_wconf 88' lang='grc' dir='ltr'>λέγε·</span> <span class='ocrx_word' id='word_1_195' title='bbox 498 2640 651 2694; x_wconf 82' lang='grc' dir='ltr'>οὐδὲν</span> <span class='ocrx_word' id='word_1_196' title='bbox 690 2640 799 2709; x_wconf 80' lang='grc' dir='ltr'>γὰρ</span> <span class='ocrx_word' id='word_1_197' title='bbox 846 2640 1033 2709; x_wconf 70' lang='grc' dir='ltr'>ἕτερον</span> <span class='ocrx_word' id='word_1_198' title='bbox 1062 2640 1144 2692; x_wconf 90' lang='grc' dir='ltr'>δεῖ</span> <span class='ocrx_word' id='word_1_199' title='bbox 1168 2639 1441 2708; x_wconf 83' lang='grc' dir='ltr'>γενέσθαι.</span> <span class='ocrx_word' id='word_1_200' title='bbox 1480 2636 1612 2695; x_wconf 86' lang='grc' dir='ltr'>Εἶτα</span> <span class='ocrx_word' id='word_1_201' title='bbox 1648 2642 1736 2697; x_wconf 83' lang='grc' dir='ltr'>ῖνα</span> 
     </span>
    </p>
   </div>
   <div class='ocr_carea' id='block_1_28' title="bbox 152 2717 1737 2797">
    <p class='ocr_par' dir='ltr' id='par_1_28' title="bbox 152 2717 1737 2797">
     <span class='ocr_line' id='line_1_28' title="bbox 152 2717 1737 2797; baseline -0.001 -19"><span class='ocrx_word' id='word_1_202' title='bbox 152 2724 227 2793; x_wconf 85' lang='grc' dir='ltr'>μή</span> <span class='ocrx_word' id='word_1_203' title='bbox 256 2722 393 2794; x_wconf 76' lang='grc' dir='ltr'>δόξῃ</span> <span class='ocrx_word' id='word_1_204' title='bbox 418 2721 588 2793; x_wconf 83' lang='grc' dir='ltr'>πολλὴ</span> <span class='ocrx_word' id='word_1_205' title='bbox 626 2717 767 2773; x_wconf 71' lang='grc' dir='ltr'>εἶναι</span> <span class='ocrx_word' id='word_1_206' title='bbox 798 2722 831 2791; x_wconf 88' lang='grc' dir='ltr'>ή</span> <span class='ocrx_word' id='word_1_207' title='bbox 862 2721 1143 2784; x_wconf 79' lang='grc' dir='ltr'>αὑθεντία,</span> <span class='ocrx_word' id='word_1_208' title='bbox 1180 2721 1315 2791; x_wconf 83' lang='grc' dir='ltr'>μηδὲ</span> <span class='ocrx_word' id='word_1_209' title='bbox 1340 2722 1737 2797; x_wconf 83' lang='grc' dir='ltr'>αὐθαδέστερος</span> 
     </span>
    </p>
   </div>
   <div class='ocr_carea' id='block_1_29' title="bbox 149 2803 1738 2877">
    <p class='ocr_par' dir='ltr' id='par_1_29' title="bbox 149 2803 1738 2877">
     <span class='ocr_line' id='line_1_29' title="bbox 149 2803 1738 2877; baseline 0 -19"><span class='ocrx_word' id='word_1_210' title='bbox 149 2806 379 2877; x_wconf 83' lang='grc' dir='ltr'>γένηται</span> <span class='ocrx_word' id='word_1_211' title='bbox 404 2806 434 2859; x_wconf 87' lang='grc' dir='ltr'>ό</span> <span class='ocrx_word' id='word_1_212' title='bbox 460 2804 638 2872; x_wconf 85' lang='grc' dir='ltr'>λόγος,</span> <span class='ocrx_word' id='word_1_213' title='bbox 670 2804 774 2874; x_wconf 80' lang='grc' dir='ltr'>ὅρα</span> <span class='ocrx_word' id='word_1_214' title='bbox 795 2803 915 2867; x_wconf 86' lang='grc' dir='ltr'>πῶς</span> <span class='ocrx_word' id='word_1_215' title='bbox 936 2804 1030 2857; x_wconf 78' lang='grc' dir='ltr'>καὶ</span> <span class='ocrx_word' id='word_1_216' title='bbox 1050 2803 1249 2867; x_wconf 78' lang='grc' dir='ltr'>αὐτοὺς</span> <span class='ocrx_word' id='word_1_217' title='bbox 1274 2806 1565 2869; x_wconf 82' lang='grc' dir='ltr'>κοινωνοὺς</span> <span class='ocrx_word' id='word_1_218' title='bbox 1594 2807 1738 2860; x_wconf 85' lang='grc' dir='ltr'>ποιεῖ</span> 
     </span>
    </p>
   </div>
   <div class='ocr_carea' id='block_1_30' title="bbox 147 2884 1736 2960">
    <p class='ocr_par' dir='ltr' id='par_1_30' title="bbox 147 2884 1736 2960">
     <span class='ocr_line' id='line_1_30' title="bbox 147 2884 1736 2960; baseline 0 -19"><span class='ocrx_word' id='word_1_219' title='bbox 147 2888 240 2942; x_wconf 85' lang='grc' dir='ltr'>τοῦ</span> <span class='ocrx_word' id='word_1_220' title='bbox 265 2888 560 2960; x_wconf 85' lang='grc' dir='ltr'>κρίματος.</span> <span class='ocrx_word' id='word_1_221' title='bbox 606 2884 792 2940; x_wconf 74' lang='grc' dir='ltr'>Εἰπὼν</span> <span class='ocrx_word' id='word_1_222' title='bbox 839 2888 970 2957; x_wconf 88' lang='lat'><strong>7&amp;9,</strong></span> <span class='ocrx_word' id='word_1_223' title='bbox 1000 2886 1275 2955; x_wconf 76' lang='grc' dir='ltr'>Κέκρικα,</span> <span class='ocrx_word' id='word_1_224' title='bbox 1306 2887 1573 2957; x_wconf 86' lang='grc' dir='ltr'>ἐπήγαγε.</span> <span class='ocrx_word' id='word_1_225' title='bbox 1623 2889 1736 2941; x_wconf 81' lang='grc' dir='ltr'>Τὸν</span> 
     </span>
    </p>
   </div>
   <div class='ocr_carea' id='block_1_31' title="bbox 145 2968 1733 3040">
    <p class='ocr_par' dir='ltr' id='par_1_31' title="bbox 145 2968 1733 3040">
     <span class='ocr_line' id='line_1_31' title="bbox 145 2968 1733 3040; baseline -0.001 -14"><span class='ocrx_word' id='word_1_226' title='bbox 145 2973 305 3026; x_wconf 79' lang='grc' dir='ltr'>οὕτω</span> <span class='ocrx_word' id='word_1_227' title='bbox 326 2971 508 3026; x_wconf 88' lang='grc' dir='ltr'>τοῦτο</span> <span class='ocrx_word' id='word_1_228' title='bbox 540 2970 1087 3039; x_wconf 67' lang='grc' dir='ltr'>κατεργασάμενον.</span> <span class='ocrx_word' id='word_1_229' title='bbox 1120 2970 1218 3023; x_wconf 81' lang='grc' dir='ltr'>Ἐν</span> <span class='ocrx_word' id='word_1_230' title='bbox 1244 2968 1322 3034; x_wconf 81' lang='grc' dir='ltr'>τῷ</span> <span class='ocrx_word' id='word_1_231' title='bbox 1351 2970 1593 3040; x_wconf 81' lang='grc' dir='ltr'>ὀνόματι</span> <span class='ocrx_word' id='word_1_232' title='bbox 1624 2972 1733 3025; x_wconf 82' lang='grc' dir='ltr'>τοῦ</span> 
     </span>
    </p>
   </div>
   <div class='ocr_carea' id='block_1_32' title="bbox 145 3051 1733 3125">
    <p class='ocr_par' dir='ltr' id='par_1_32' title="bbox 145 3051 1733 3125">
     <span class='ocr_line' id='line_1_32' title="bbox 145 3051 1733 3125; baseline -0.001 -16"><span class='ocrx_word' id='word_1_233' title='bbox 145 3056 375 3125; x_wconf 79' lang='grc' dir='ltr'>Κυρίου</span> <span class='ocrx_word' id='word_1_234' title='bbox 396 3053 568 3123; x_wconf 77' lang='grc' dir='ltr'>ἡμῶν</span> <span class='ocrx_word' id='word_1_235' title='bbox 595 3051 801 3120; x_wconf 76' lang='grc' dir='ltr'>Ἰησοῦ</span> <span class='ocrx_word' id='word_1_236' title='bbox 823 3053 1105 3119; x_wconf 82' lang='grc' dir='ltr'>Χριστοῦ,</span> <span class='ocrx_word' id='word_1_237' title='bbox 1129 3051 1281 3124; x_wconf 75' lang='grc'><strong>[1271</strong></span> <span class='ocrx_word' id='word_1_238' title='bbox 1302 3054 1733 3123; x_wconf 77' lang='grc' dir='ltr'>συναχθέντων</span> 
     </span>
    </p>
   </div>
   <div class='ocr_carea' id='block_1_33' title="bbox 145 3134 1733 3207">
    <p class='ocr_par' dir='ltr' id='par_1_33' title="bbox 145 3134 1733 3207">
     <span class='ocr_line' id='line_1_33' title="bbox 145 3134 1733 3207; baseline -0.001 -14"><span class='ocrx_word' id='word_1_239' title='bbox 145 3137 320 3207; x_wconf 81' lang='grc' dir='ltr'>ὑμῶν</span> <span class='ocrx_word' id='word_1_240' title='bbox 344 3138 443 3191; x_wconf 78' lang='grc' dir='ltr'>καί</span> <span class='ocrx_word' id='word_1_241' title='bbox 476 3136 585 3191; x_wconf 90' lang='grc' dir='ltr'>τοῦ</span> <span class='ocrx_word' id='word_1_242' title='bbox 624 3134 771 3205; x_wconf 76' lang='grc' dir='ltr'>ἐμοῦ</span> <span class='ocrx_word' id='word_1_243' title='bbox 808 3135 1171 3203; x_wconf 76' lang='grc' dir='ltr'>πνεύματος,</span> <span class='ocrx_word' id='word_1_244' title='bbox 1210 3135 1336 3191; x_wconf 86' lang='grc' dir='ltr'>σὺν</span> <span class='ocrx_word' id='word_1_245' title='bbox 1376 3136 1452 3205; x_wconf 73' lang='grc' dir='ltr'>τῇ</span> <span class='ocrx_word' id='word_1_246' title='bbox 1480 3136 1733 3205; x_wconf 78' lang='grc' dir='ltr'>δυνάμει</span> 
     </span>
    </p>
   </div>
   <div class='ocr_carea' id='block_1_34' title="bbox 144 3217 1732 3289">
    <p class='ocr_par' dir='ltr' id='par_1_34' title="bbox 144 3217 1732 3289">
     <span class='ocr_line' id='line_1_34' title="bbox 144 3217 1732 3289; baseline -0.001 -13"><span class='ocrx_word' id='word_1_247' title='bbox 144 3221 253 3276; x_wconf 87' lang='grc' dir='ltr'>τοῦ</span> <span class='ocrx_word' id='word_1_248' title='bbox 274 3219 501 3289; x_wconf 81' lang='grc' dir='ltr'>Κυρίου</span> <span class='ocrx_word' id='word_1_249' title='bbox 532 3217 696 3288; x_wconf 75' lang='grc' dir='ltr'>ἡμῶν</span> <span class='ocrx_word' id='word_1_250' title='bbox 728 3218 924 3285; x_wconf 84' lang='grc' dir='ltr'>Ἰησοῦ</span> <span class='ocrx_word' id='word_1_251' title='bbox 945 3218 1205 3287; x_wconf 85' lang='grc' dir='ltr'>Χριστοῦ</span> <span class='ocrx_word' id='word_1_252' title='bbox 1229 3219 1600 3287; x_wconf 76' lang='grc' dir='ltr'>παραδοῦναι</span> <span class='ocrx_word' id='word_1_253' title='bbox 1626 3220 1732 3274; x_wconf 80' lang='grc' dir='ltr'>τόν</span> 
     </span>
    </p>
   </div>
   <div class='ocr_carea' id='block_1_35' title="bbox 144 3299 1732 3373">
    <p class='ocr_par' dir='ltr' id='par_1_35' title="bbox 144 3299 1732 3373">
     <span class='ocr_line' id='line_1_35' title="bbox 144 3299 1732 3373; baseline 0 -15"><span class='ocrx_word' id='word_1_254' title='bbox 144 3303 425 3360; x_wconf 78' lang='grc' dir='ltr'>τοιοῦτον</span> <span class='ocrx_word' id='word_1_255' title='bbox 451 3299 533 3366; x_wconf 79' lang='grc' dir='ltr'>τῷ</span> <span class='ocrx_word' id='word_1_256' title='bbox 552 3299 808 3369; x_wconf 86' lang='grc' dir='ltr'>σατανᾷ.</span> <span class='ocrx_word' id='word_1_257' title='bbox 838 3301 946 3354; x_wconf 78' lang='grc' dir='ltr'>Καὶ</span> <span class='ocrx_word' id='word_1_258' title='bbox 968 3302 1020 3355; x_wconf 92' lang='grc' dir='ltr'>τί</span> <span class='ocrx_word' id='word_1_259' title='bbox 1045 3302 1213 3364; x_wconf 81' lang='grc' dir='ltr'>ἐστιν,</span> <span class='ocrx_word' id='word_1_260' title='bbox 1261 3303 1358 3356; x_wconf 81' lang='grc' dir='ltr'>Ἑν</span> <span class='ocrx_word' id='word_1_261' title='bbox 1377 3302 1458 3369; x_wconf 83' lang='grc' dir='ltr'>τῷ</span> <span class='ocrx_word' id='word_1_262' title='bbox 1487 3304 1732 3373; x_wconf 80' lang='grc' dir='ltr'>ὀνόματι</span> 
     </span>
    </p>
   </div>
   <div class='ocr_carea' id='block_1_36' title="bbox 146 3383 1727 3455">
    <p class='ocr_par' dir='ltr' id='par_1_36' title="bbox 146 3383 1727 3455">
     <span class='ocr_line' id='line_1_36' title="bbox 146 3383 1727 3455; baseline -0.002 -13"><span class='ocrx_word' id='word_1_263' title='bbox 146 3387 253 3441; x_wconf 81' lang='grc' dir='ltr'>τοῦ</span> <span class='ocrx_word' id='word_1_264' title='bbox 312 3386 539 3455; x_wconf 78' lang='grc' dir='ltr'>Κυρίου</span> <span class='ocrx_word' id='word_1_265' title='bbox 587 3383 758 3454; x_wconf 80' lang='grc' dir='ltr'>ήμῶν</span> <span class='ocrx_word' id='word_1_266' title='bbox 802 3384 997 3451; x_wconf 84' lang='grc' dir='ltr'>Ἰησοῦ</span> <span class='ocrx_word' id='word_1_267' title='bbox 1046 3386 1342 3454; x_wconf 85' lang='grc' dir='ltr'>Χριστοῦ;</span> <span class='ocrx_word' id='word_1_268' title='bbox 1410 3387 1553 3440; x_wconf 76' lang='grc' dir='ltr'>’Δντὶ</span> <span class='ocrx_word' id='word_1_269' title='bbox 1609 3387 1727 3454; x_wconf 87' lang='grc' dir='ltr'>τοῦ,</span> 
     </span>
    </p>
   </div>
   <div class='ocr_carea' id='block_1_37' title="bbox 146 3466 1727 3540">
    <p class='ocr_par' dir='ltr' id='par_1_37' title="bbox 146 3466 1727 3540">
     <span class='ocr_line' id='line_1_37' title="bbox 146 3466 1727 3540; baseline 0.001 -19"><span class='ocrx_word' id='word_1_270' title='bbox 146 3468 306 3523; x_wconf 83' lang='grc' dir='ltr'>Κατά</span> <span class='ocrx_word' id='word_1_271' title='bbox 338 3468 497 3528; x_wconf 78' lang='grc' dir='ltr'>Θεὸν.</span> <span class='ocrx_word' id='word_1_272' title='bbox 530 3466 605 3540; x_wconf 81' lang='grc' dir='ltr'>μή</span> <span class='ocrx_word' id='word_1_273' title='bbox 638 3466 955 3540; x_wconf 78' lang='grc' dir='ltr'>ἀνθρωπίνῃ</span> <span class='ocrx_word' id='word_1_274' title='bbox 1004 3469 1404 3539; x_wconf 76' lang='grc' dir='ltr'>κατεχομένους</span> <span class='ocrx_word' id='word_1_275' title='bbox 1437 3469 1727 3540; x_wconf 78' lang='grc' dir='ltr'>προλήψει.</span> 
     </span>
    </p>
   </div>
   <div class='ocr_carea' id='block_1_38' title="bbox 146 3550 1732 3620">
    <p class='ocr_par' dir='ltr' id='par_1_38' title="bbox 146 3550 1732 3620">
     <span class='ocr_line' id='line_1_38' title="bbox 146 3550 1732 3620; baseline 0.003 -15"><span class='ocrx_word' id='word_1_276' title='bbox 146 3554 301 3617; x_wconf 65' lang='lat' dir='ltr'><strong>Tzvi;</strong></span> <span class='ocrx_word' id='word_1_277' title='bbox 321 3554 383 3608; x_wconf 68' lang='lat' dir='ltr'>Bt</span> <span class='ocrx_word' id='word_1_278' title='bbox 409 3552 580 3616; x_wconf 81' lang='grc' dir='ltr'>οὕτως</span> <span class='ocrx_word' id='word_1_279' title='bbox 602 3550 1055 3620; x_wconf 78' lang='grc' dir='ltr'>ἀναγινώσκουσι·</span> <span class='ocrx_word' id='word_1_280' title='bbox 1083 3553 1193 3608; x_wconf 75' lang='grc' dir='ltr'>Τόν</span> <span class='ocrx_word' id='word_1_281' title='bbox 1210 3554 1363 3609; x_wconf 83' lang='grc' dir='ltr'>οὕτω</span> <span class='ocrx_word' id='word_1_282' title='bbox 1388 3554 1564 3609; x_wconf 87' lang='grc' dir='ltr'>τοῦτο</span> <span class='ocrx_word' id='word_1_283' title='bbox 1594 3573 1732 3610; x_wconf 86' lang='grc' dir='ltr'>κοτ-</span> 
     </span>
    </p>
   </div>
   <div class='ocr_carea' id='block_1_39' title="bbox 144 3633 1732 3707">
    <p class='ocr_par' dir='ltr' id='par_1_39' title="bbox 144 3633 1732 3707">
     <span class='ocr_line' id='line_1_39' title="bbox 144 3633 1732 3707; baseline 0.003 -20"><span class='ocrx_word' id='word_1_284' title='bbox 144 3634 565 3701; x_wconf 74' lang='grc' dir='ltr'>ερτσσάμενον</span> <span class='ocrx_word' id='word_1_285' title='bbox 615 3634 686 3687; x_wconf 82' lang='grc' dir='ltr'>ἐν</span> <span class='ocrx_word' id='word_1_286' title='bbox 742 3633 823 3698; x_wconf 84' lang='grc' dir='ltr'>τῷ</span> <span class='ocrx_word' id='word_1_287' title='bbox 877 3635 1117 3704; x_wconf 80' lang='grc' dir='ltr'>ὀνόματι</span> <span class='ocrx_word' id='word_1_288' title='bbox 1159 3636 1265 3691; x_wconf 91' lang='grc' dir='ltr'>τοῦ</span> <span class='ocrx_word' id='word_1_289' title='bbox 1306 3638 1528 3705; x_wconf 87' lang='grc' dir='ltr'>Κυρίου</span> <span class='ocrx_word' id='word_1_290' title='bbox 1560 3637 1732 3707; x_wconf 73' lang='grc' dir='ltr'>ἡμῶν</span> 
     </span>
    </p>
   </div>
   <div class='ocr_carea' id='block_1_40' title="bbox 160 3714 1727 3787">
    <p class='ocr_par' dir='ltr' id='par_1_40' title="bbox 160 3714 1727 3787">
     <span class='ocr_line' id='line_1_40' title="bbox 160 3714 1727 3787; baseline 0.001 -17"><span class='ocrx_word' id='word_1_291' title='bbox 160 3715 365 3781; x_wconf 87' lang='grc' dir='ltr'>Ἰησοῦ</span> <span class='ocrx_word' id='word_1_292' title='bbox 387 3715 647 3781; x_wconf 80' lang='grc' dir='ltr'>Χριστοῦ</span> <span class='ocrx_word' id='word_1_293' title='bbox 662 3732 676 3746; x_wconf 93' lang='grc'>·</span> <span class='ocrx_word' id='word_1_294' title='bbox 701 3714 795 3767; x_wconf 81' lang='grc' dir='ltr'>καὶ</span> <span class='ocrx_word' id='word_1_295' title='bbox 818 3715 1200 3779; x_wconf 79' lang='grc' dir='ltr'>ὑποστίξαντες</span> <span class='ocrx_word' id='word_1_296' title='bbox 1222 3717 1479 3781; x_wconf 81' lang='grc' dir='ltr'>ἐνταῦθα,</span> <span class='ocrx_word' id='word_1_297' title='bbox 1501 3720 1533 3782; x_wconf 77' lang='grc' dir='ltr'>ἢ</span> <span class='ocrx_word' id='word_1_298' title='bbox 1556 3720 1727 3787; x_wconf 86' lang='grc' dir='ltr'>μέσην</span> 
     </span>
    </p>
   </div>
   <div class='ocr_carea' id='block_1_41' title="bbox 146 3794 1727 3865">
    <p class='ocr_par' dir='ltr' id='par_1_41' title="bbox 146 3794 1727 3865">
     <span class='ocr_line' id='line_1_41' title="bbox 146 3794 1727 3865; baseline 0 -14"><span class='ocrx_word' id='word_1_299' title='bbox 146 3798 353 3859; x_wconf 88' lang='grc' dir='ltr'>θέντες,</span> <span class='ocrx_word' id='word_1_300' title='bbox 374 3794 550 3857; x_wconf 77' lang='grc' dir='ltr'>οὕτως</span> <span class='ocrx_word' id='word_1_301' title='bbox 565 3795 830 3863; x_wconf 85' lang='grc' dir='ltr'>ἐπάγουσι</span> <span class='ocrx_word' id='word_1_302' title='bbox 846 3796 907 3847; x_wconf 80' lang='grc' dir='ltr'>τὸ</span> <span class='ocrx_word' id='word_1_303' title='bbox 932 3796 1059 3865; x_wconf 82' lang='grc' dir='ltr'>ἐξῆς</span> <span class='ocrx_word' id='word_1_304' title='bbox 1080 3796 1328 3864; x_wconf 82' lang='grc' dir='ltr'>λέγοντες</span> <span class='ocrx_word' id='word_1_305' title='bbox 1347 3813 1360 3828; x_wconf 95' lang='grc'>·</span> <span class='ocrx_word' id='word_1_306' title='bbox 1392 3798 1727 3865; x_wconf 79' lang='grc' dir='ltr'>Συναχθέν-</span> 
     </span>
    </p>
   </div>
   <div class='ocr_carea' id='block_1_42' title="bbox 145 3876 1727 3949">
    <p class='ocr_par' dir='ltr' id='par_1_42' title="bbox 145 3876 1727 3949">
     <span class='ocr_line' id='line_1_42' title="bbox 145 3876 1727 3949; baseline -0.001 -14"><span class='ocrx_word' id='word_1_307' title='bbox 145 3897 261 3935; x_wconf 86' lang='grc' dir='ltr'>των</span> <span class='ocrx_word' id='word_1_308' title='bbox 276 3878 448 3949; x_wconf 81' lang='grc' dir='ltr'>ὑμῶν</span> <span class='ocrx_word' id='word_1_309' title='bbox 466 3876 685 3934; x_wconf 74' lang='grc' dir='ltr'>καὶτοῦ</span> <span class='ocrx_word' id='word_1_310' title='bbox 707 3877 853 3946; x_wconf 79' lang='grc' dir='ltr'>ἐμοῦ</span> <span class='ocrx_word' id='word_1_311' title='bbox 869 3878 1207 3947; x_wconf 79' lang='grc' dir='ltr'>πνεύματος</span> <span class='ocrx_word' id='word_1_312' title='bbox 1228 3878 1599 3945; x_wconf 83' lang='grc' dir='ltr'>παραδοῦναι</span> <span class='ocrx_word' id='word_1_313' title='bbox 1618 3880 1727 3933; x_wconf 82' lang='grc' dir='ltr'>τόν</span> 
     </span>
    </p>
   </div>
   <div class='ocr_carea' id='block_1_43' title="bbox 145 3961 1726 4040">
    <p class='ocr_par' dir='ltr' id='par_1_43' title="bbox 145 3961 1726 4040">
     <span class='ocr_line' id='line_1_43' title="bbox 145 3961 1726 4040; baseline 0.002 -21"><span class='ocrx_word' id='word_1_314' title='bbox 145 3966 426 4021; x_wconf 80' lang='grc' dir='ltr'>τοιοῦτον</span> <span class='ocrx_word' id='word_1_315' title='bbox 451 3962 532 4029; x_wconf 87' lang='grc' dir='ltr'>τῷ</span> <span class='ocrx_word' id='word_1_316' title='bbox 560 3961 813 4031; x_wconf 82' lang='grc' dir='ltr'>σιιτανᾷ.</span> <span class='ocrx_word' id='word_1_317' title='bbox 850 3963 957 4017; x_wconf 82' lang='grc' dir='ltr'>Καί</span> <span class='ocrx_word' id='word_1_318' title='bbox 992 3980 1124 4032; x_wconf 84' lang='grc' dir='ltr'>φασι</span> <span class='ocrx_word' id='word_1_319' title='bbox 1158 3964 1257 4033; x_wconf 83' lang='grc' dir='ltr'>τὴν</span> <span class='ocrx_word' id='word_1_320' title='bbox 1283 3963 1490 4018; x_wconf 73' lang='grc' dir='ltr'>ἔννοιαν</span> <span class='ocrx_word' id='word_1_321' title='bbox 1519 3966 1726 4040; x_wconf 85' lang='grc' dir='ltr'>ταύτην</span> 
     </span>
    </p>
   </div>
   <div class='ocr_carea' id='block_1_44' title="bbox 145 4047 1725 4123">
    <p class='ocr_par' dir='ltr' id='par_1_44' title="bbox 145 4047 1725 4123">
     <span class='ocr_line' id='line_1_44' title="bbox 145 4047 1725 4123; baseline 0.001 -21"><span class='ocrx_word' id='word_1_322' title='bbox 145 4048 283 4103; x_wconf 81' lang='grc' dir='ltr'>εἶναι</span> <span class='ocrx_word' id='word_1_323' title='bbox 318 4049 426 4119; x_wconf 82' lang='grc' dir='ltr'>τῆς</span> <span class='ocrx_word' id='word_1_324' title='bbox 470 4047 722 4119; x_wconf 81' lang='grc' dir='ltr'>τοιαύτης</span> <span class='ocrx_word' id='word_1_325' title='bbox 770 4047 1160 4115; x_wconf 89' lang='grc' dir='ltr'>ἀναγνώσεως·</span> <span class='ocrx_word' id='word_1_326' title='bbox 1195 4048 1298 4101; x_wconf 82' lang='grc' dir='ltr'>Τὸν</span> <span class='ocrx_word' id='word_1_327' title='bbox 1329 4047 1487 4102; x_wconf 89' lang='grc' dir='ltr'>τοῦτο</span> <span class='ocrx_word' id='word_1_328' title='bbox 1525 4068 1725 4123; x_wconf 74' lang='grc' dir='ltr'>κατερ-</span> 
     </span>
    </p>
   </div>
   <div class='ocr_carea' id='block_1_45' title="bbox 144 4129 1724 4205">
    <p class='ocr_par' dir='ltr' id='par_1_45' title="bbox 144 4129 1724 4205">
     <span class='ocr_line' id='line_1_45' title="bbox 144 4129 1724 4205; baseline 0.003 -20"><span class='ocrx_word' id='word_1_329' title='bbox 144 4132 478 4202; x_wconf 81' lang='grc' dir='ltr'>γασάμενον,</span> <span class='ocrx_word' id='word_1_330' title='bbox 498 4130 682 4199; x_wconf 67' lang='grc' dir='ltr'>φησὶν,</span> <span class='ocrx_word' id='word_1_331' title='bbox 702 4132 760 4181; x_wconf 84' lang='grc' dir='ltr'>ἐν</span> <span class='ocrx_word' id='word_1_332' title='bbox 792 4130 871 4201; x_wconf 84' lang='grc' dir='ltr'>τῷ</span> <span class='ocrx_word' id='word_1_333' title='bbox 896 4129 1123 4200; x_wconf 81' lang='grc' dir='ltr'>ὀνόματι</span> <span class='ocrx_word' id='word_1_334' title='bbox 1149 4130 1243 4184; x_wconf 90' lang='grc' dir='ltr'>τοῦ</span> <span class='ocrx_word' id='word_1_335' title='bbox 1274 4132 1511 4201; x_wconf 80' lang='grc' dir='ltr'>Χριστοῦ</span> <span class='ocrx_word' id='word_1_336' title='bbox 1543 4137 1724 4205; x_wconf 89' lang='grc' dir='ltr'>παρά-</span> 
     </span>
    </p>
   </div>
   <div class='ocr_carea' id='block_1_46' title="bbox 140 4212 1725 4287">
    <p class='ocr_par' dir='ltr' id='par_1_46' title="bbox 140 4212 1725 4287">
     <span class='ocr_line' id='line_1_46' title="bbox 140 4212 1725 4287; baseline 0.002 -19"><span class='ocrx_word' id='word_1_337' title='bbox 140 4216 257 4268; x_wconf 84' lang='grc' dir='ltr'>δοτε</span> <span class='ocrx_word' id='word_1_338' title='bbox 304 4215 387 4283; x_wconf 81' lang='grc' dir='ltr'>τῷ</span> <span class='ocrx_word' id='word_1_339' title='bbox 448 4213 682 4281; x_wconf 77' lang='grc' dir='ltr'>σατανᾷ·</span> <span class='ocrx_word' id='word_1_340' title='bbox 740 4212 1011 4277; x_wconf 73' lang='grc' dir='ltr'>τουτέστι,</span> <span class='ocrx_word' id='word_1_341' title='bbox 1052 4212 1145 4266; x_wconf 81' lang='grc' dir='ltr'>τὸν</span> <span class='ocrx_word' id='word_1_342' title='bbox 1184 4216 1265 4276; x_wconf 82' lang='grc' dir='ltr'>είς</span> <span class='ocrx_word' id='word_1_343' title='bbox 1318 4215 1380 4269; x_wconf 82' lang='grc' dir='ltr'>τὸ</span> <span class='ocrx_word' id='word_1_344' title='bbox 1426 4216 1595 4287; x_wconf 77' lang='grc' dir='ltr'>ὄνομα</span> <span class='ocrx_word' id='word_1_345' title='bbox 1628 4218 1725 4271; x_wconf 90' lang='grc' dir='ltr'>τοῦ</span> 
     </span>
    </p>
   </div>
   <div class='ocr_carea' id='block_1_47' title="bbox 142 4294 1724 4367">
    <p class='ocr_par' dir='ltr' id='par_1_47' title="bbox 142 4294 1724 4367">
     <span class='ocr_line' id='line_1_47' title="bbox 142 4294 1724 4367; baseline 0.001 -15"><span class='ocrx_word' id='word_1_346' title='bbox 142 4297 382 4367; x_wconf 78' lang='grc' dir='ltr'>Χριστοῦ</span> <span class='ocrx_word' id='word_1_347' title='bbox 410 4294 793 4365; x_wconf 80' lang='grc' dir='ltr'>ἐνυϐρίσαντα,</span> <span class='ocrx_word' id='word_1_348' title='bbox 831 4294 923 4347; x_wconf 88' lang='grc' dir='ltr'>τδν</span> <span class='ocrx_word' id='word_1_349' title='bbox 965 4294 1103 4363; x_wconf 87' lang='grc' dir='ltr'>μετά</span> <span class='ocrx_word' id='word_1_350' title='bbox 1149 4294 1208 4347; x_wconf 80' lang='grc' dir='ltr'>τὸ</span> <span class='ocrx_word' id='word_1_351' title='bbox 1241 4297 1495 4364; x_wconf 85' lang='grc' dir='ltr'>γενέσθαι</span> <span class='ocrx_word' id='word_1_352' title='bbox 1534 4302 1724 4353; x_wconf 75' lang='grc' dir='ltr'>πιστὸν</span> 
     </span>
    </p>
   </div>
   <div class='ocr_carea' id='block_1_48' title="bbox 142 4374 1725 4449">
    <p class='ocr_par' dir='ltr' id='par_1_48' title="bbox 142 4374 1725 4449">
     <span class='ocr_line' id='line_1_48' title="bbox 142 4374 1725 4449; baseline 0.001 -16"><span class='ocrx_word' id='word_1_353' title='bbox 142 4382 231 4434; x_wconf 78' lang='grc' dir='ltr'>καὶ</span> <span class='ocrx_word' id='word_1_354' title='bbox 255 4378 552 4445; x_wconf 81' lang='grc' dir='ltr'>ἐπώνυμον</span> <span class='ocrx_word' id='word_1_355' title='bbox 581 4376 795 4446; x_wconf 84' lang='grc' dir='ltr'>ἐκείνης</span> <span class='ocrx_word' id='word_1_356' title='bbox 818 4374 921 4444; x_wconf 77' lang='grc' dir='ltr'>τῆς</span> <span class='ocrx_word' id='word_1_357' title='bbox 950 4377 1322 4449; x_wconf 83' lang='grc' dir='ltr'>προσηγορίας</span> <span class='ocrx_word' id='word_1_358' title='bbox 1349 4379 1576 4433; x_wconf 85' lang='grc' dir='ltr'>τοιαῦτα</span> <span class='ocrx_word' id='word_1_359' title='bbox 1605 4384 1725 4435; x_wconf 82' lang='grc' dir='ltr'>τολ-</span> 
     </span>
    </p>
   </div>
   <div class='ocr_carea' id='block_1_49' title="bbox 145 4456 1719 4537">
    <p class='ocr_par' dir='ltr' id='par_1_49' title="bbox 145 4456 1719 4537">
     <span class='ocr_line' id='line_1_49' title="bbox 145 4456 1719 4537; baseline 0.003 -24"><span class='ocrx_word' id='word_1_360' title='bbox 145 4464 422 4533; x_wconf 76' lang='grc' dir='ltr'>μήσαντα,</span> <span class='ocrx_word' id='word_1_361' title='bbox 469 4456 661 4511; x_wconf 88' lang='grc' dir='ltr'>τοῦτον</span> <span class='ocrx_word' id='word_1_362' title='bbox 694 4456 967 4529; x_wconf 83' lang='grc' dir='ltr'>παράδοτε</span> <span class='ocrx_word' id='word_1_363' title='bbox 1020 4458 1099 4530; x_wconf 81' lang='grc' dir='ltr'>τῷ</span> <span class='ocrx_word' id='word_1_364' title='bbox 1148 4461 1369 4531; x_wconf 80' lang='grc' dir='ltr'>σατανᾷ.</span> <span class='ocrx_word' id='word_1_365' title='bbox 1414 4460 1569 4532; x_wconf 82' lang='grc' dir='ltr'>Ἐμοὶ</span> <span class='ocrx_word' id='word_1_366' title='bbox 1599 4463 1719 4537; x_wconf 88' lang='grc' dir='ltr'>δέή</span> 
     </span>
    </p>
   </div>
   <div class='ocr_carea' id='block_1_50' title="bbox 141 4538 1721 4620">
    <p class='ocr_par' dir='ltr' id='par_1_50' title="bbox 141 4538 1721 4620">
     <span class='ocr_line' id='line_1_50' title="bbox 141 4538 1721 4620; baseline 0.003 -23"><span class='ocrx_word' id='word_1_367' title='bbox 141 4544 390 4615; x_wconf 79' lang='grc' dir='ltr'>προτέρα</span> <span class='ocrx_word' id='word_1_368' title='bbox 444 4540 785 4612; x_wconf 82' lang='grc' dir='ltr'>ἀληθεστέρα</span> <span class='ocrx_word' id='word_1_369' title='bbox 838 4541 1047 4607; x_wconf 81' lang='grc' dir='ltr'>ἐκδοσις</span> <span class='ocrx_word' id='word_1_370' title='bbox 1094 4538 1234 4597; x_wconf 81' lang='grc' dir='ltr'>εἶναι</span> <span class='ocrx_word' id='word_1_371' title='bbox 1284 4545 1448 4599; x_wconf 90' lang='grc' dir='ltr'>δοκεῖ.</span> <span class='ocrx_word' id='word_1_372' title='bbox 1480 4547 1615 4602; x_wconf 85' lang='grc' dir='ltr'>Ποία</span> <span class='ocrx_word' id='word_1_373' title='bbox 1658 4548 1721 4620; x_wconf 83' lang='grc' dir='ltr'>δὴ</span> 
     </span>
    </p>
   </div>
   <div class='ocr_carea' id='block_1_51' title="bbox 144 4622 1723 4697">
    <p class='ocr_par' dir='ltr' id='par_1_51' title="bbox 144 4622 1723 4697">
     <span class='ocr_line' id='line_1_51' title="bbox 144 4622 1723 4697; baseline 0.003 -17"><span class='ocrx_word' id='word_1_374' title='bbox 144 4628 312 4696; x_wconf 55' lang='lat' dir='ltr'>nam;</span> <span class='ocrx_word' id='word_1_375' title='bbox 357 4626 459 4679; x_wconf 81' lang='grc' dir='ltr'>Ἐν</span> <span class='ocrx_word' id='word_1_376' title='bbox 485 4622 567 4690; x_wconf 85' lang='grc' dir='ltr'>τῷ</span> <span class='ocrx_word' id='word_1_377' title='bbox 609 4625 851 4695; x_wconf 80' lang='grc' dir='ltr'>ὀνόματι</span> <span class='ocrx_word' id='word_1_378' title='bbox 890 4625 996 4681; x_wconf 89' lang='grc' dir='ltr'>τοῦ</span> <span class='ocrx_word' id='word_1_379' title='bbox 1029 4627 1249 4695; x_wconf 83' lang='grc' dir='ltr'>Κυρίου</span> <span class='ocrx_word' id='word_1_380' title='bbox 1292 4628 1723 4697; x_wconf 79' lang='grc' dir='ltr'>συναχθέντων</span> 
     </span>
    </p>
   </div>
   <div class='ocr_carea' id='block_1_52' title="bbox 142 4707 1721 4781">
    <p class='ocr_par' dir='ltr' id='par_1_52' title="bbox 142 4707 1721 4781">
     <span class='ocr_line' id='line_1_52' title="bbox 142 4707 1721 4781; baseline -0.003 -19"><span class='ocrx_word' id='word_1_381' title='bbox 142 4707 341 4779; x_wconf 77' lang='grc' dir='ltr'>ὑμῶν·</span> <span class='ocrx_word' id='word_1_382' title='bbox 389 4708 692 4770; x_wconf 77' lang='grc' dir='ltr'>τουτέστιν,</span> <span class='ocrx_word' id='word_1_383' title='bbox 727 4708 903 4764; x_wconf 77' lang='grc' dir='ltr'>Αὐτοῦ</span> <span class='ocrx_word' id='word_1_384' title='bbox 959 4708 1052 4763; x_wconf 82' lang='grc' dir='ltr'>τοῦ</span> <span class='ocrx_word' id='word_1_385' title='bbox 1106 4710 1371 4781; x_wconf 88' lang='grc' dir='ltr'>ὀνόματος</span> <span class='ocrx_word' id='word_1_386' title='bbox 1411 4710 1556 4781; x_wconf 78' lang='grc' dir='ltr'>ὑμᾶς</span> <span class='ocrx_word' id='word_1_387' title='bbox 1595 4730 1721 4769; x_wconf 83' lang='grc' dir='ltr'>συν-</span> 
     </span>
    </p>
   </div>
   <div class='ocr_carea' id='block_1_53' title="bbox 140 4783 1721 4863">
    <p class='ocr_par' dir='ltr' id='par_1_53' title="bbox 140 4783 1721 4863">
     <span class='ocr_line' id='line_1_53' title="bbox 140 4783 1721 4863; baseline 0.003 -17"><span class='ocrx_word' id='word_1_388' title='bbox 140 4794 391 4861; x_wconf 81' lang='grc' dir='ltr'>ἀγοντος,</span> <span class='ocrx_word' id='word_1_389' title='bbox 423 4792 565 4861; x_wconf 79' lang='grc' dir='ltr'>ὑπὲρ</span> <span class='ocrx_word' id='word_1_390' title='bbox 591 4783 653 4844; x_wconf 75' lang='grc' dir='ltr'>οὖ</span> <span class='ocrx_word' id='word_1_391' title='bbox 690 4790 1035 4862; x_wconf 86' lang='grc' dir='ltr'>συνέρχεσθε.</span> <span class='ocrx_word' id='word_1_392' title='bbox 1066 4792 1175 4847; x_wconf 72' lang='grc' dir='ltr'>Καὶ</span> <span class='ocrx_word' id='word_1_393' title='bbox 1212 4791 1321 4847; x_wconf 84' lang='grc' dir='ltr'>τοῦ</span> <span class='ocrx_word' id='word_1_394' title='bbox 1352 4793 1499 4863; x_wconf 74' lang='grc' dir='ltr'>ἐμοῦ</span> <span class='ocrx_word' id='word_1_395' title='bbox 1537 4799 1721 4851; x_wconf 80' lang='grc' dir='ltr'>πνεύ-</span> 
     </span>
    </p>
   </div>
   <div class='ocr_carea' id='block_1_54' title="bbox 138 4873 1720 4946">
    <p class='ocr_par' dir='ltr' id='par_1_54' title="bbox 138 4873 1720 4946">
     <span class='ocr_line' id='line_1_54' title="bbox 138 4873 1720 4946; baseline -0.004 -16"><span class='ocrx_word' id='word_1_396' title='bbox 138 4892 343 4946; x_wconf 83' lang='grc' dir='ltr'>ματος.</span> <span class='ocrx_word' id='word_1_397' title='bbox 387 4874 561 4928; x_wconf 84' lang='grc' dir='ltr'>Πάλιν</span> <span class='ocrx_word' id='word_1_398' title='bbox 591 4873 891 4943; x_wconf 89' lang='grc' dir='ltr'>ἐπέστησεν</span> <span class='ocrx_word' id='word_1_399' title='bbox 918 4876 1101 4944; x_wconf 81' lang='grc' dir='ltr'>αὐτοῖς</span> <span class='ocrx_word' id='word_1_400' title='bbox 1141 4876 1350 4941; x_wconf 73' lang='grc' dir='ltr'>ἑαυτὸν,</span> <span class='ocrx_word' id='word_1_401' title='bbox 1391 4878 1457 4931; x_wconf 81' lang='grc' dir='ltr'>ἵν’</span> <span class='ocrx_word' id='word_1_402' title='bbox 1482 4880 1609 4935; x_wconf 84' lang='grc' dir='ltr'>ὅταν</span> <span class='ocrx_word' id='word_1_403' title='bbox 1640 4882 1720 4935; x_wconf 84' lang='grc' dir='ltr'>δι..</span> 
     </span>
    </p>
   </div>
   <div class='ocr_carea' id='block_1_55' title="bbox 140 4954 1719 5027">
    <p class='ocr_par' dir='ltr' id='par_1_55' title="bbox 140 4954 1719 5027">
     <span class='ocr_line' id='line_1_55' title="bbox 140 4954 1719 5027; baseline -0.002 -4"><span class='ocrx_word' id='word_1_404' title='bbox 140 4959 405 5023; x_wconf 63' lang='grc' dir='ltr'>τάξωσιν,</span> <span class='ocrx_word' id='word_1_405' title='bbox 455 4956 533 5022; x_wconf 82' lang='grc' dir='ltr'>ὡς</span> <span class='ocrx_word' id='word_1_406' title='bbox 575 4954 741 5023; x_wconf 76' lang='grc' dir='ltr'>αὐτοῦ</span> <span class='ocrx_word' id='word_1_407' title='bbox 789 4956 1076 5027; x_wconf 77' lang='grc' dir='ltr'>παρόντος.</span> <span class='ocrx_word' id='word_1_408' title='bbox 1128 4958 1302 5024; x_wconf 76' lang='grc' dir='ltr'>οὕτως</span> <span class='ocrx_word' id='word_1_409' title='bbox 1328 4961 1490 5016; x_wconf 77' lang='grc' dir='ltr'>αὐτὸν</span> <span class='ocrx_word' id='word_1_410' title='bbox 1520 4964 1719 5019; x_wconf 73' lang='grc' dir='ltr'>ἀποτέο</span> 
     </span>
    </p>
   </div>
   <div class='ocr_carea' id='block_1_56' title="bbox 143 5039 1719 5116">
    <p class='ocr_par' dir='ltr' id='par_1_56' title="bbox 143 5039 1719 5116">
     <span class='ocr_line' id='line_1_56' title="bbox 143 5039 1719 5116; baseline 0.004 -20"><span class='ocrx_word' id='word_1_411' title='bbox 143 5057 307 5111; x_wconf 83' lang='grc' dir='ltr'>μωσι,</span> <span class='ocrx_word' id='word_1_412' title='bbox 328 5040 433 5095; x_wconf 73' lang='grc' dir='ltr'>καὶ</span> <span class='ocrx_word' id='word_1_413' title='bbox 456 5040 643 5111; x_wconf 78' lang='grc' dir='ltr'>μηδεὶς</span> <span class='ocrx_word' id='word_1_414' title='bbox 666 5039 912 5112; x_wconf 73' lang='grc' dir='ltr'>τολμήσῃ</span> <span class='ocrx_word' id='word_1_415' title='bbox 934 5041 1262 5115; x_wconf 77' lang='grc' dir='ltr'>συγγνώμης</span> <span class='ocrx_word' id='word_1_416' title='bbox 1283 5044 1446 5098; x_wconf 79' lang='grc' dir='ltr'>αὑτὸν</span> <span class='ocrx_word' id='word_1_417' title='bbox 1466 5046 1719 5116; x_wconf 82' lang='grc' dir='ltr'>ἀξιῶσαι,</span> 
     </span>
    </p>
   </div>
   <div class='ocr_carea' id='block_1_57' title="bbox 139 5121 1717 5201">
    <p class='ocr_par' dir='ltr' id='par_1_57' title="bbox 139 5121 1717 5201">
     <span class='ocr_line' id='line_1_57' title="bbox 139 5121 1717 5201; baseline -0.003 -23"><span class='ocrx_word' id='word_1_418' title='bbox 139 5124 290 5189; x_wconf 73' lang='grc' dir='ltr'>εἰδὼς</span> <span class='ocrx_word' id='word_1_419' title='bbox 334 5122 423 5176; x_wconf 78' lang='grc' dir='ltr'>ὃτι</span> <span class='ocrx_word' id='word_1_420' title='bbox 460 5121 676 5187; x_wconf 86' lang='grc' dir='ltr'>Παῦλος</span> <span class='ocrx_word' id='word_1_421' title='bbox 727 5126 933 5183; x_wconf 77' lang='grc' dir='ltr'>εἴσεται</span> <span class='ocrx_word' id='word_1_422' title='bbox 960 5124 1029 5179; x_wconf 84' lang='grc' dir='ltr'>τά</span> <span class='ocrx_word' id='word_1_423' title='bbox 1060 5127 1349 5197; x_wconf 84' lang='grc' dir='ltr'>γενόμενα.</span> <span class='ocrx_word' id='word_1_424' title='bbox 1390 5125 1524 5183; x_wconf 75' lang='grc' dir='ltr'>Εἶτα</span> <span class='ocrx_word' id='word_1_425' title='bbox 1554 5132 1717 5201; x_wconf 69' lang='grc' dir='ltr'>φοῆε-</span> 
     </span>
    </p>
   </div>
   <div class='ocr_carea' id='block_1_58' title="bbox 142 5204 1718 5281">
    <p class='ocr_par' dir='ltr' id='par_1_58' title="bbox 142 5204 1718 5281">
     <span class='ocr_line' id='line_1_58' title="bbox 142 5204 1718 5281; baseline 0.006 -21"><span class='ocrx_word' id='word_1_426' title='bbox 142 5207 377 5276; x_wconf 79' lang='grc' dir='ltr'>ρὼτερον</span> <span class='ocrx_word' id='word_1_427' title='bbox 412 5204 546 5258; x_wconf 81' lang='grc' dir='ltr'>αὐτὸ</span> <span class='ocrx_word' id='word_1_428' title='bbox 586 5204 782 5269; x_wconf 82' lang='grc' dir='ltr'>ποιῶν,</span> <span class='ocrx_word' id='word_1_429' title='bbox 834 5207 967 5278; x_wconf 64' lang='grc' dir='ltr'>φησί</span> <span class='ocrx_word' id='word_1_430' title='bbox 990 5223 1005 5238; x_wconf 93' lang='grc'>·</span> <span class='ocrx_word' id='word_1_431' title='bbox 1043 5208 1166 5265; x_wconf 76' lang='grc' dir='ltr'>Σὺν</span> <span class='ocrx_word' id='word_1_432' title='bbox 1202 5209 1279 5278; x_wconf 73' lang='grc' dir='ltr'>τῇ</span> <span class='ocrx_word' id='word_1_433' title='bbox 1321 5211 1569 5281; x_wconf 75' lang='grc' dir='ltr'>δυνάμει</span> <span class='ocrx_word' id='word_1_434' title='bbox 1611 5216 1718 5270; x_wconf 90' lang='grc' dir='ltr'>τοῦ</span> 
     </span>
    </p>
   </div>
   <div class='ocr_carea' id='block_1_59' title="bbox 140 5284 1718 5367">
    <p class='ocr_par' dir='ltr' id='par_1_59' title="bbox 140 5284 1718 5367">
     <span class='ocr_line' id='line_1_59' title="bbox 140 5284 1718 5367; baseline 0.005 -24"><span class='ocrx_word' id='word_1_435' title='bbox 140 5288 356 5359; x_wconf 80' lang='grc' dir='ltr'>Κυρίου</span> <span class='ocrx_word' id='word_1_436' title='bbox 398 5284 569 5356; x_wconf 76' lang='grc' dir='ltr'>ἡμῶν</span> <span class='ocrx_word' id='word_1_437' title='bbox 614 5287 809 5354; x_wconf 79' lang='grc' dir='ltr'>Ἰησοῦ</span> <span class='ocrx_word' id='word_1_438' title='bbox 855 5290 1133 5359; x_wconf 86' lang='grc' dir='ltr'>Χριστοῦ.</span> <span class='ocrx_word' id='word_1_439' title='bbox 1172 5294 1473 5359; x_wconf 86' lang='grc' dir='ltr'>τουτέστιν,</span> <span class='ocrx_word' id='word_1_440' title='bbox 1516 5295 1548 5367; x_wconf 80' lang='grc' dir='ltr'>ή</span> <span class='ocrx_word' id='word_1_441' title='bbox 1583 5296 1664 5350; x_wconf 83' lang='grc' dir='ltr'>ὅτι</span> <span class='ocrx_word' id='word_1_442' title='bbox 1689 5299 1718 5351; x_wconf 87' lang='grc' dir='ltr'>ό</span> 
     </span>
    </p>
   </div>
   <div class='ocr_carea' id='block_1_60' title="bbox 139 5368 1718 5446">
    <p class='ocr_par' dir='ltr' id='par_1_60' title="bbox 139 5368 1718 5446">
     <span class='ocr_line' id='line_1_60' title="bbox 139 5368 1718 5446; baseline 0.006 -21"><span class='ocrx_word' id='word_1_443' title='bbox 139 5371 376 5442; x_wconf 78' lang='grc' dir='ltr'>Χριστὸς</span> <span class='ocrx_word' id='word_1_444' title='bbox 425 5368 648 5427; x_wconf 86' lang='grc' dir='ltr'>δύναται</span> <span class='ocrx_word' id='word_1_445' title='bbox 703 5370 961 5442; x_wconf 82' lang='grc' dir='ltr'>τοιαύτην</span> <span class='ocrx_word' id='word_1_446' title='bbox 1016 5373 1144 5444; x_wconf 83' lang='grc' dir='ltr'>ὑμῖν</span> <span class='ocrx_word' id='word_1_447' title='bbox 1183 5374 1342 5446; x_wconf 87' lang='grc' dir='ltr'>χάριν</span> <span class='ocrx_word' id='word_1_448' title='bbox 1396 5376 1599 5443; x_wconf 85' lang='grc' dir='ltr'>δοῦναι,</span> <span class='ocrx_word' id='word_1_449' title='bbox 1640 5381 1718 5444; x_wconf 88' lang='grc' dir='ltr'>ώς</span> 
     </span>
    </p>
   </div>
   <div class='ocr_carea' id='block_1_61' title="bbox 138 5451 1717 5527">
    <p class='ocr_par' dir='ltr' id='par_1_61' title="bbox 138 5451 1717 5527">
     <span class='ocr_line' id='line_1_61' title="bbox 138 5451 1717 5527; baseline 0.008 -22"><span class='ocrx_word' id='word_1_450' title='bbox 138 5453 397 5509; x_wconf 80' lang='grc' dir='ltr'>δύνασθαι</span> <span class='ocrx_word' id='word_1_451' title='bbox 428 5451 504 5524; x_wconf 80' lang='grc' dir='ltr'>τῷ</span> <span class='ocrx_word' id='word_1_452' title='bbox 536 5453 769 5521; x_wconf 84' lang='grc' dir='ltr'>διαϐόλῳ</span> <span class='ocrx_word' id='word_1_453' title='bbox 810 5454 1187 5525; x_wconf 83' lang='grc' dir='ltr'>παραδιδόναι·</span> <span class='ocrx_word' id='word_1_454' title='bbox 1225 5455 1257 5527; x_wconf 73' lang='grc' dir='ltr'>ἢ</span> <span class='ocrx_word' id='word_1_455' title='bbox 1306 5458 1387 5513; x_wconf 83' lang='grc' dir='ltr'>ὅτι</span> <span class='ocrx_word' id='word_1_456' title='bbox 1424 5460 1516 5515; x_wconf 75' lang='grc' dir='ltr'>καὶ</span> <span class='ocrx_word' id='word_1_457' title='bbox 1553 5462 1717 5527; x_wconf 78' lang='grc' dir='ltr'>αὐτὸς</span> 
     </span>
    </p>
   </div>
   <div class='ocr_carea' id='block_1_62' title="bbox 140 5534 1715 5611">
    <p class='ocr_par' dir='ltr' id='par_1_62' title="bbox 140 5534 1715 5611">
     <span class='ocr_line' id='line_1_62' title="bbox 140 5534 1715 5611; baseline 0.007 -22"><span class='ocrx_word' id='word_1_458' title='bbox 140 5535 252 5605; x_wconf 79' lang='grc' dir='ltr'>μεθ’</span> <span class='ocrx_word' id='word_1_459' title='bbox 279 5534 444 5607; x_wconf 82' lang='grc' dir='ltr'>ὑμῶν</span> <span class='ocrx_word' id='word_1_460' title='bbox 476 5536 598 5594; x_wconf 83' lang='grc' dir='ltr'>κατ’</span> <span class='ocrx_word' id='word_1_461' title='bbox 622 5535 787 5591; x_wconf 82' lang='grc' dir='ltr'>αὐτοῦ</span> <span class='ocrx_word' id='word_1_462' title='bbox 822 5537 977 5609; x_wconf 78' lang='grc' dir='ltr'>φέρει</span> <span class='ocrx_word' id='word_1_463' title='bbox 1004 5542 1106 5610; x_wconf 78' lang='grc' dir='ltr'>τὴν</span> <span class='ocrx_word' id='word_1_464' title='bbox 1134 5538 1333 5611; x_wconf 81' lang='grc' dir='ltr'>ψῆφον.</span> <span class='ocrx_word' id='word_1_465' title='bbox 1366 5544 1471 5598; x_wconf 79' lang='grc' dir='ltr'>Καὶ</span> <span class='ocrx_word' id='word_1_466' title='bbox 1502 5546 1601 5600; x_wconf 82' lang='grc' dir='ltr'>οὐκ</span> <span class='ocrx_word' id='word_1_467' title='bbox 1640 5542 1715 5600; x_wconf 79' lang='grc' dir='ltr'>εἷ-</span> 
     </span>
    </p>
   </div>
   <div class='ocr_carea' id='block_1_63' title="bbox 139 5616 1714 5698">
    <p class='ocr_par' dir='ltr' id='par_1_63' title="bbox 139 5616 1714 5698">
     <span class='ocr_line' id='line_1_63' title="bbox 139 5616 1714 5698; baseline 0.009 -29"><span class='ocrx_word' id='word_1_468' title='bbox 139 5632 254 5681; x_wconf 82' lang='grc' dir='ltr'>πεν,</span> <span class='ocrx_word' id='word_1_469' title='bbox 284 5616 566 5671; x_wconf 83' lang='grc' dir='ltr'>Ἐνδοῦναι</span> <span class='ocrx_word' id='word_1_470' title='bbox 589 5618 682 5671; x_wconf 77' lang='grc' dir='ltr'>τὸν</span> <span class='ocrx_word' id='word_1_471' title='bbox 707 5619 946 5673; x_wconf 86' lang='grc' dir='ltr'>τοιοῦτον</span> <span class='ocrx_word' id='word_1_472' title='bbox 967 5621 1046 5691; x_wconf 84' lang='grc' dir='ltr'>τῷ</span> <span class='ocrx_word' id='word_1_473' title='bbox 1076 5626 1302 5696; x_wconf 74' lang='grc' dir='ltr'>σατανᾲ,</span> <span class='ocrx_word' id='word_1_474' title='bbox 1329 5626 1484 5691; x_wconf 86' lang='grc' dir='ltr'>ἀλλά,</span> <span class='ocrx_word' id='word_1_475' title='bbox 1518 5632 1714 5698; x_wconf 83' lang='grc' dir='ltr'>Παρα-</span> 
     </span>
    </p>
   </div>
   <div class='ocr_carea' id='block_1_64' title="bbox 138 5698 1713 5781">
    <p class='ocr_par' dir='ltr' id='par_1_64' title="bbox 138 5698 1713 5781">
     <span class='ocr_line' id='line_1_64' title="bbox 138 5698 1713 5781; baseline 0.009 -29"><span class='ocrx_word' id='word_1_476' title='bbox 138 5698 367 5781; x_wconf 70' lang='grc' dir='ltr'>δσῦναι,</span> <span class='ocrx_word' id='word_1_477' title='bbox 396 5700 631 5767; x_wconf 85' lang='grc' dir='ltr'>ἀνοίγων</span> <span class='ocrx_word' id='word_1_478' title='bbox 657 5701 807 5771; x_wconf 79' lang='grc' dir='ltr'>αὺτῷ</span> <span class='ocrx_word' id='word_1_479' title='bbox 826 5703 926 5772; x_wconf 81' lang='grc' dir='ltr'>τῆς</span> <span class='ocrx_word' id='word_1_480' title='bbox 952 5708 1239 5774; x_wconf 81' lang='grc' dir='ltr'>μετανοίας</span> <span class='ocrx_word' id='word_1_481' title='bbox 1265 5711 1364 5773; x_wconf 81' lang='grc' dir='ltr'>τάς</span> <span class='ocrx_word' id='word_1_482' title='bbox 1395 5710 1583 5781; x_wconf 77' lang='grc' dir='ltr'>θύρας,</span> <span class='ocrx_word' id='word_1_483' title='bbox 1618 5713 1713 5766; x_wconf 71' lang='grc' dir='ltr'>καὶ</span> 
     </span>
    </p>
   </div>
   <div class='ocr_carea' id='block_1_65' title="bbox 138 5779 1711 5861">
    <p class='ocr_par' dir='ltr' id='par_1_65' title="bbox 138 5779 1711 5861">
     <span class='ocr_line' id='line_1_65' title="bbox 138 5779 1711 5861; baseline 0.013 -30"><span class='ocrx_word' id='word_1_484' title='bbox 138 5779 319 5852; x_wconf 74' lang='grc' dir='ltr'>ὥσπερ</span> <span class='ocrx_word' id='word_1_485' title='bbox 374 5782 713 5853; x_wconf 79' lang='grc' dir='ltr'>παιδαγωγῷ</span> <span class='ocrx_word' id='word_1_486' title='bbox 764 5784 858 5837; x_wconf 77' lang='grc' dir='ltr'>τὸν</span> <span class='ocrx_word' id='word_1_487' title='bbox 905 5786 1147 5843; x_wconf 86' lang='grc' dir='ltr'>τοιοῦτον</span> <span class='ocrx_word' id='word_1_488' title='bbox 1195 5779 1542 5861; x_wconf 74' lang='grc' dir='ltr'>παραδιδούς.</span> <span class='ocrx_word' id='word_1_489' title='bbox 1602 5798 1711 5852; x_wconf 82' lang='lat' dir='ltr'>Kal</span> 
     </span>
    </p>
   </div>
   <div class='ocr_carea' id='block_1_66' title="bbox 197 5951 924 6022">
    <p class='ocr_par' dir='ltr' id='par_1_66' title="bbox 197 5951 924 6022">
     <span class='ocr_line' id='line_1_66' title="bbox 197 5951 924 6022; baseline 0.012 -22"><span class='ocrx_word' id='word_1_490' title='bbox 197 5951 223 5982; x_wconf 84' lang='grc'><strong>⁸</strong></span> <span class='ocrx_word' id='word_1_491' title='bbox 246 5951 451 6015; x_wconf 73' lang='lat' dir='ltr'>Durat,</span> <span class='ocrx_word' id='word_1_492' title='bbox 478 5954 557 6003; x_wconf 83' lang='grc' dir='ltr'>καὶ</span> <span class='ocrx_word' id='word_1_493' title='bbox 590 5957 924 6022; x_wconf 78' lang='grc' dir='ltr'>κριθησόμενα.</span> 
     </span>
    </p>
   </div>
   <div class='ocr_carea' id='block_1_67' title="bbox 1236 383 2369 457">
    <p class='ocr_par' dir='ltr' id='par_1_67' title="bbox 1236 383 2369 457">
     <span class='ocr_line' id='line_1_67' title="bbox 1236 383 2369 457; baseline 0.016 -18"><span class='ocrx_word' id='word_1_494' title='bbox 1236 383 1298 440; x_wconf 74' lang='grc' dir='ltr'>ΙΝ</span> <span class='ocrx_word' id='word_1_495' title='bbox 1337 386 1557 442; x_wconf 74' lang='lat' dir='ltr'>EPIST.</span> <span class='ocrx_word' id='word_1_496' title='bbox 1594 387 1607 441; x_wconf 86' lang='grc'><strong>1</strong></span> <span class='ocrx_word' id='word_1_497' title='bbox 1647 388 1734 442; x_wconf 83' lang='lat' dir='ltr'>AD</span> <span class='ocrx_word' id='word_1_498' title='bbox 1774 388 1932 446; x_wconf 66' lang='grc' dir='ltr'>(ΞΟΠ.</span> <span class='ocrx_word' id='word_1_499' title='bbox 1975 391 2212 454; x_wconf 72' lang='grc' dir='ltr'>ΠΟΜΙΙ..</span> <span class='ocrx_word' id='word_1_500' title='bbox 2254 398 2369 457; x_wconf 74' lang='lat' dir='ltr'>XV.</span> 
     </span>
    </p>
   </div>
   <div class='ocr_carea' id='block_1_68' title="bbox 3331 413 3427 469">
    <p class='ocr_par' dir='ltr' id='par_1_68' title="bbox 3331 413 3427 469">
     <span class='ocr_line' id='line_1_68' title="bbox 3331 413 3427 469; baseline -0.01 0"><span class='ocrx_word' id='word_1_501' title='bbox 3331 413 3427 469; x_wconf 69' lang='grc' dir='ltr'>ίΞὶ</span> 
     </span>
    </p>
   </div>
   <div class='ocr_carea' id='block_1_69' title="bbox 1855 511 3437 598">
    <p class='ocr_par' dir='ltr' id='par_1_69' title="bbox 1855 511 3437 598">
     <span class='ocr_line' id='line_1_69' title="bbox 1855 511 3437 598; baseline 0.012 -34"><span class='ocrx_word' id='word_1_502' title='bbox 1855 511 2037 569; x_wconf 81' lang='grc' dir='ltr'>πάλιν.</span> <span class='ocrx_word' id='word_1_503' title='bbox 2107 517 2220 573; x_wconf 75' lang='grc' dir='ltr'>Τὸν</span> <span class='ocrx_word' id='word_1_504' title='bbox 2269 521 2563 588; x_wconf 79' lang='grc' dir='ltr'>τοιοῦτον,</span> <span class='ocrx_word' id='word_1_505' title='bbox 2618 524 2710 576; x_wconf 75' lang='grc' dir='ltr'>καὶ</span> <span class='ocrx_word' id='word_1_506' title='bbox 2760 523 2997 595; x_wconf 64' lang='grc' dir='ltr'>οὐδαμοῦ</span> <span class='ocrx_word' id='word_1_507' title='bbox 3032 525 3282 597; x_wconf 82' lang='grc' dir='ltr'>ἀνέχεται</span> <span class='ocrx_word' id='word_1_508' title='bbox 3332 526 3437 598; x_wconf 69' lang='grc' dir='ltr'>τῆς</span> 
     </span>
    </p>
   </div>
   <div class='ocr_carea' id='block_1_70' title="bbox 1851 602 3434 679">
    <p class='ocr_par' dir='ltr' id='par_1_70' title="bbox 1851 602 3434 679">
     <span class='ocr_line' id='line_1_70' title="bbox 1851 602 3434 679; baseline 0.011 -32"><span class='ocrx_word' id='word_1_509' title='bbox 1851 602 2222 670; x_wconf 78' lang='grc' dir='ltr'>προσηγορίας</span> <span class='ocrx_word' id='word_1_510' title='bbox 2262 604 2427 657; x_wconf 74' lang='grc' dir='ltr'>αὑτοῦ</span> <span class='ocrx_word' id='word_1_511' title='bbox 2460 605 2851 676; x_wconf 77' lang='grc' dir='ltr'>μνημονεῦσαι.</span> <span class='ocrx_word' id='word_1_512' title='bbox 2898 610 3003 673; x_wconf 83' lang='grc' dir='ltr'>Είς</span> <span class='ocrx_word' id='word_1_513' title='bbox 3039 610 3292 677; x_wconf 79' lang='grc' dir='ltr'>ὄλεθρον</span> <span class='ocrx_word' id='word_1_514' title='bbox 3322 608 3434 679; x_wconf 81' lang='grc' dir='ltr'>τῆς</span> 
     </span>
    </p>
   </div>
   <div class='ocr_carea' id='block_1_71' title="bbox 1856 684 3431 762">
    <p class='ocr_par' dir='ltr' id='par_1_71' title="bbox 1856 684 3431 762">
     <span class='ocr_line' id='line_1_71' title="bbox 1856 684 3431 762; baseline 0.008 -29"><span class='ocrx_word' id='word_1_515' title='bbox 1856 684 2102 749; x_wconf 79' lang='grc' dir='ltr'>σαρκός.</span> <span class='ocrx_word' id='word_1_516' title='bbox 2158 686 2370 760; x_wconf 84' lang='grc' dir='ltr'>Ὥσπερ</span> <span class='ocrx_word' id='word_1_517' title='bbox 2412 690 2505 742; x_wconf 75' lang='grc' dir='ltr'>ἐπὶ</span> <span class='ocrx_word' id='word_1_518' title='bbox 2556 689 2648 742; x_wconf 84' lang='grc' dir='ltr'>τοῦ</span> <span class='ocrx_word' id='word_1_519' title='bbox 2688 690 2957 762; x_wconf 82' lang='grc' dir='ltr'>μακαρίου</span> <span class='ocrx_word' id='word_1_520' title='bbox 3015 691 3137 743; x_wconf 82' lang='grc' dir='ltr'>Ἰὼϐ</span> <span class='ocrx_word' id='word_1_521' title='bbox 3186 694 3431 761; x_wconf 84' lang='grc' dir='ltr'>γέγονεν,</span> 
     </span>
    </p>
   </div>
   <div class='ocr_carea' id='block_1_72' title="bbox 1854 763 3433 846">
    <p class='ocr_par' dir='ltr' id='par_1_72' title="bbox 1854 763 3433 846">
     <span class='ocr_line' id='line_1_72' title="bbox 1854 763 3433 846; baseline 0.009 -29"><span class='ocrx_word' id='word_1_522' title='bbox 1854 763 1969 817; x_wconf 88' lang='grc' dir='ltr'>ἀλλ’</span> <span class='ocrx_word' id='word_1_523' title='bbox 1992 766 2089 836; x_wconf 83' lang='grc' dir='ltr'>οὐχ</span> <span class='ocrx_word' id='word_1_524' title='bbox 2121 768 2261 840; x_wconf 80' lang='grc' dir='ltr'>ὑπὲρ</span> <span class='ocrx_word' id='word_1_525' title='bbox 2293 775 2392 841; x_wconf 84' lang='grc' dir='ltr'>τῆς</span> <span class='ocrx_word' id='word_1_526' title='bbox 2436 772 2607 843; x_wconf 77' lang='grc' dir='ltr'>αὐτῆς</span> <span class='ocrx_word' id='word_1_527' title='bbox 2639 774 2966 836; x_wconf 80' lang='grc' dir='ltr'>ὑποθέσεως.</span> <span class='ocrx_word' id='word_1_528' title='bbox 3007 773 3156 826; x_wconf 85' lang='grc' dir='ltr'>Ἐκεῖ</span> <span class='ocrx_word' id='word_1_529' title='bbox 3183 775 3281 843; x_wconf 82' lang='grc' dir='ltr'>μὲν</span> <span class='ocrx_word' id='word_1_530' title='bbox 3323 777 3433 846; x_wconf 81' lang='grc' dir='ltr'>γὰρ</span> 
     </span>
    </p>
   </div>
   <div class='ocr_carea' id='block_1_73' title="bbox 1855 848 3434 929">
    <p class='ocr_par' dir='ltr' id='par_1_73' title="bbox 1855 848 3434 929">
     <span class='ocr_line' id='line_1_73' title="bbox 1855 848 3434 929; baseline 0.008 -29"><span class='ocrx_word' id='word_1_531' title='bbox 1855 848 1996 929; x_wconf 67' lang='grc' dir='ltr'>ῦπὲρ</span> <span class='ocrx_word' id='word_1_532' title='bbox 2060 854 2360 929; x_wconf 67' lang='grc' dir='ltr'>στεφάνωνΔ</span> <span class='ocrx_word' id='word_1_533' title='bbox 2405 856 3109 929; x_wconf 36' lang='grc' dir='ltr'>λαμπροτέρωνη-ἐνταῦθα</span> <span class='ocrx_word' id='word_1_534' title='bbox 3290 859 3434 929; x_wconf 80' lang='grc' dir='ltr'>ὺπέρ</span> 
     </span>
    </p>
   </div>
   <div class='ocr_carea' id='block_1_74' title="bbox 1855 919 3433 1001">
    <p class='ocr_par' dir='ltr' id='par_1_74' title="bbox 1855 919 3433 1001">
     <span class='ocr_line' id='line_1_74' title="bbox 1855 919 3433 1001; baseline 0.006 -30"><span class='ocrx_word' id='word_1_535' title='bbox 1855 919 2273 1001; x_wconf 80' lang='grc' dir='ltr'>ἁμαρτημάτων</span> <span class='ocrx_word' id='word_1_536' title='bbox 2299 919 2529 989; x_wconf 76' lang='grc' dir='ltr'>λύσεως,</span> <span class='ocrx_word' id='word_1_537' title='bbox 2565 919 2655 979; x_wconf 78' lang='grc' dir='ltr'>1ι’να</span> <span class='ocrx_word' id='word_1_538' title='bbox 2684 919 2919 1001; x_wconf 78' lang='grc' dir='ltr'>μαστίξῃ</span> <span class='ocrx_word' id='word_1_539' title='bbox 2958 927 3118 980; x_wconf 77' lang='grc' dir='ltr'>αὐτὸν</span> <span class='ocrx_word' id='word_1_540' title='bbox 3152 926 3299 980; x_wconf 70' lang='grc' dir='ltr'>ἕλκει</span> <span class='ocrx_word' id='word_1_541' title='bbox 3331 919 3433 980; x_wconf 78' lang='grc' dir='ltr'>πό-</span> 
     </span>
    </p>
   </div>
   <div class='ocr_carea' id='block_1_75' title="bbox 1854 1000 3431 1080">
    <p class='ocr_par' dir='ltr' id='par_1_75' title="bbox 1854 1000 3431 1080">
     <span class='ocr_line' id='line_1_75' title="bbox 1854 1000 3431 1080; baseline 0.006 -28"><span class='ocrx_word' id='word_1_542' title='bbox 1854 1000 2066 1073; x_wconf 79' lang='grc' dir='ltr'>νηρῷῆ</span> <span class='ocrx_word' id='word_1_543' title='bbox 2118 1005 2255 1075; x_wconf 85' lang='grc' dir='ltr'>νόσῳ</span> <span class='ocrx_word' id='word_1_544' title='bbox 2302 1008 2484 1079; x_wconf 76' lang='grc' dir='ltr'>ἑτέρᾳ.</span> <span class='ocrx_word' id='word_1_545' title='bbox 2537 1008 2650 1062; x_wconf 74' lang='lat' dir='ltr'>Kal</span> <span class='ocrx_word' id='word_1_546' title='bbox 2697 1007 2802 1080; x_wconf 79' lang='grc' dir='ltr'>μὴν</span> <span class='ocrx_word' id='word_1_547' title='bbox 2849 1000 3085 1079; x_wconf 84' lang='grc' dir='ltr'>ἀλλαχοῦ</span> <span class='ocrx_word' id='word_1_548' title='bbox 3134 1026 3318 1078; x_wconf 82' lang='grc' dir='ltr'>φησιν,</span> <span class='ocrx_word' id='word_1_549' title='bbox 3349 1010 3431 1062; x_wconf 82' lang='grc' dir='ltr'>ὅτι</span> 
     </span>
    </p>
   </div>
   <div class='ocr_carea' id='block_1_76' title="bbox 1865 1085 3427 1163">
    <p class='ocr_par' dir='ltr' id='par_1_76' title="bbox 1865 1085 3427 1163">
     <span class='ocr_line' id='line_1_76' title="bbox 1865 1085 3427 1163; baseline 0.004 -25"><span class='ocrx_word' id='word_1_550' title='bbox 1865 1085 2010 1140; x_wconf 80' lang='grc' dir='ltr'>Ὑπὸ</span> <span class='ocrx_word' id='word_1_551' title='bbox 2063 1088 2170 1143; x_wconf 88' lang='grc' dir='ltr'>τοῦ</span> <span class='ocrx_word' id='word_1_552' title='bbox 2226 1092 2450 1159; x_wconf 73' lang='grc' dir='ltr'>Κυρίου</span> <span class='ocrx_word' id='word_1_553' title='bbox 2509 1093 2847 1161; x_wconf 79' lang='grc' dir='ltr'>κρινόμεθα,</span> <span class='ocrx_word' id='word_1_554' title='bbox 2876 1092 3051 1146; x_wconf 87' lang='grc' dir='ltr'>ταῦτα</span> <span class='ocrx_word' id='word_1_555' title='bbox 3109 1092 3427 1163; x_wconf 79' lang='grc' dir='ltr'>πάσχοντες.</span> 
     </span>
    </p>
   </div>
   <div class='ocr_carea' id='block_1_77' title="bbox 1866 1167 3507 1244">
    <p class='ocr_par' dir='ltr' id='par_1_77' title="bbox 1866 1167 3507 1244">
     <span class='ocr_line' id='line_1_77' title="bbox 1866 1167 3507 1244; baseline 0.002 -24"><span class='ocrx_word' id='word_1_556' title='bbox 1866 1167 2007 1221; x_wconf 82' lang='grc' dir='ltr'>Ἀλλ’</span> <span class='ocrx_word' id='word_1_557' title='bbox 2033 1171 2268 1227; x_wconf 87' lang='grc' dir='ltr'>ἐνταῦθα</span> <span class='ocrx_word' id='word_1_558' title='bbox 2298 1173 2500 1244; x_wconf 80' lang='grc' dir='ltr'>μᾶλλον</span> <span class='ocrx_word' id='word_1_559' title='bbox 2527 1173 2874 1243; x_wconf 78' lang='grc' dir='ltr'>καθάψασθαι</span> <span class='ocrx_word' id='word_1_560' title='bbox 2900 1173 3090 1240; x_wconf 81' lang='grc' dir='ltr'>θέλων,</span> <span class='ocrx_word' id='word_1_561' title='bbox 3122 1173 3201 1244; x_wconf 81' lang='grc' dir='ltr'>τῷ</span> <span class='ocrx_word' id='word_1_562' title='bbox 3228 1172 3432 1243; x_wconf 79' lang='grc' dir='ltr'>σατανᾷ</span> <span class='ocrx_word' id='word_1_563' title='bbox 3504 1234 3507 1235; x_wconf 19' lang='grc' dir='ltr'>ν</span> 
     </span>
    </p>
   </div>
   <div class='ocr_carea' id='block_1_78' title="bbox 1852 1252 3430 1328">
    <p class='ocr_par' dir='ltr' id='par_1_78' title="bbox 1852 1252 3430 1328">
     <span class='ocr_line' id='line_1_78' title="bbox 1852 1252 3430 1328; baseline 0.004 -27"><span class='ocrx_word' id='word_1_564' title='bbox 1852 1252 2207 1320; x_wconf 81' lang='grc' dir='ltr'>παραδίδωσι.</span> <span class='ocrx_word' id='word_1_565' title='bbox 2239 1256 2345 1309; x_wconf 90' lang='lat' dir='ltr'>Kal</span> <span class='ocrx_word' id='word_1_566' title='bbox 2370 1257 2529 1310; x_wconf 90' lang='grc' dir='ltr'>τοῦτο</span> <span class='ocrx_word' id='word_1_567' title='bbox 2566 1258 2624 1311; x_wconf 91' lang='grc' dir='ltr'>δέ</span> <span class='ocrx_word' id='word_1_568' title='bbox 2650 1255 2769 1328; x_wconf 82' lang='grc' dir='ltr'>Θεῷ</span> <span class='ocrx_word' id='word_1_569' title='bbox 2794 1255 2982 1311; x_wconf 85' lang='grc' dir='ltr'>δοκοῦν</span> <span class='ocrx_word' id='word_1_570' title='bbox 3009 1257 3239 1324; x_wconf 89' lang='grc' dir='ltr'>ἐγίνετο,</span> <span class='ocrx_word' id='word_1_571' title='bbox 3289 1255 3430 1309; x_wconf 80' lang='grc' dir='ltr'>ὥστε</span> 
     </span>
    </p>
   </div>
   <div class='ocr_carea' id='block_1_79' title="bbox 1851 1333 3431 1411">
    <p class='ocr_par' dir='ltr' id='par_1_79' title="bbox 1851 1333 3431 1411">
     <span class='ocr_line' id='line_1_79' title="bbox 1851 1333 3431 1411; baseline 0.01 -27"><span class='ocrx_word' id='word_1_572' title='bbox 1851 1333 2175 1400; x_wconf 83' lang='grc' dir='ltr'>κολάζεσθαι</span> <span class='ocrx_word' id='word_1_573' title='bbox 2202 1337 2367 1392; x_wconf 82' lang='grc' dir='ltr'>αὐτοῦ</span> <span class='ocrx_word' id='word_1_574' title='bbox 2412 1338 2512 1410; x_wconf 83' lang='grc' dir='ltr'>τήν</span> <span class='ocrx_word' id='word_1_575' title='bbox 2542 1340 2740 1411; x_wconf 89' lang='grc' dir='ltr'>σάρκα.</span> <span class='ocrx_word' id='word_1_576' title='bbox 2788 1338 3004 1410; x_wconf 83' lang='grc' dir='ltr'>Ἐπειδὴ</span> <span class='ocrx_word' id='word_1_577' title='bbox 3042 1338 3151 1407; x_wconf 82' lang='grc' dir='ltr'>γὰρ</span> <span class='ocrx_word' id='word_1_578' title='bbox 3190 1339 3301 1391; x_wconf 82' lang='grc' dir='ltr'>ἀπὸ</span> <span class='ocrx_word' id='word_1_579' title='bbox 3332 1340 3431 1408; x_wconf 75' lang='grc' dir='ltr'>τῆς</span> 
     </span>
    </p>
   </div>
   <div class='ocr_carea' id='block_1_80' title="bbox 1852 1414 3433 1492">
    <p class='ocr_par' dir='ltr' id='par_1_80' title="bbox 1852 1414 3433 1492">
     <span class='ocr_line' id='line_1_80' title="bbox 1852 1414 3433 1492; baseline 0.003 -24"><span class='ocrx_word' id='word_1_580' title='bbox 1852 1414 2161 1488; x_wconf 81' lang='grc' dir='ltr'>ἀδηφαγίας</span> <span class='ocrx_word' id='word_1_581' title='bbox 2189 1421 2283 1474; x_wconf 73' lang='grc' dir='ltr'>καὶ</span> <span class='ocrx_word' id='word_1_582' title='bbox 2308 1422 2410 1491; x_wconf 78' lang='grc' dir='ltr'>τῆς</span> <span class='ocrx_word' id='word_1_583' title='bbox 2440 1423 2654 1491; x_wconf 79' lang='grc' dir='ltr'>τρυφῆς</span> <span class='ocrx_word' id='word_1_584' title='bbox 2676 1423 2777 1491; x_wconf 83' lang='grc' dir='ltr'>τῆς</span> <span class='ocrx_word' id='word_1_585' title='bbox 2807 1422 2950 1477; x_wconf 87' lang='grc' dir='ltr'>κατά</span> <span class='ocrx_word' id='word_1_586' title='bbox 2978 1423 3077 1492; x_wconf 78' lang='grc' dir='ltr'>τὴν</span> <span class='ocrx_word' id='word_1_587' title='bbox 3102 1421 3282 1491; x_wconf 85' lang='grc' dir='ltr'>σάρκα</span> <span class='ocrx_word' id='word_1_588' title='bbox 3313 1424 3433 1473; x_wconf 77' lang='grc' dir='ltr'>ἐπι-</span> 
     </span>
    </p>
   </div>
   <div class='ocr_carea' id='block_1_81' title="bbox 1852 1499 3434 1575">
    <p class='ocr_par' dir='ltr' id='par_1_81' title="bbox 1852 1499 3434 1575">
     <span class='ocr_line' id='line_1_81' title="bbox 1852 1499 3434 1575; baseline 0.005 -24"><span class='ocrx_word' id='word_1_589' title='bbox 1852 1499 2045 1571; x_wconf 85' lang='grc' dir='ltr'>θυμίαι</span> <span class='ocrx_word' id='word_1_590' title='bbox 2087 1503 2386 1568; x_wconf 88' lang='grc' dir='ltr'>τίκτονται,</span> <span class='ocrx_word' id='word_1_591' title='bbox 2417 1506 2624 1575; x_wconf 88' lang='grc' dir='ltr'>ταύτην</span> <span class='ocrx_word' id='word_1_592' title='bbox 2654 1506 2893 1567; x_wconf 82' lang='grc' dir='ltr'>κολάζει.</span> <span class='ocrx_word' id='word_1_593' title='bbox 2932 1506 3067 1561; x_wconf 83' lang='grc' dir='ltr'>Ἰνα</span> <span class='ocrx_word' id='word_1_594' title='bbox 3100 1506 3159 1558; x_wconf 88' lang='grc' dir='ltr'>τὸ</span> <span class='ocrx_word' id='word_1_595' title='bbox 3194 1503 3434 1574; x_wconf 73' lang='grc' dir='ltr'>πνεῦμα</span> 
     </span>
    </p>
   </div>
   <div class='ocr_carea' id='block_1_82' title="bbox 1850 1583 3429 1659">
    <p class='ocr_par' dir='ltr' id='par_1_82' title="bbox 1850 1583 3429 1659">
     <span class='ocr_line' id='line_1_82' title="bbox 1850 1583 3429 1659; baseline 0.001 -22"><span class='ocrx_word' id='word_1_596' title='bbox 1850 1583 2019 1653; x_wconf 81' lang='grc' dir='ltr'>σωθῇ</span> <span class='ocrx_word' id='word_1_597' title='bbox 2036 1586 2107 1639; x_wconf 81' lang='grc' dir='ltr'>ἐν</span> <span class='ocrx_word' id='word_1_598' title='bbox 2142 1588 2219 1656; x_wconf 78' lang='grc' dir='ltr'>τῇ</span> <span class='ocrx_word' id='word_1_599' title='bbox 2249 1589 2439 1657; x_wconf 80' lang='grc' dir='ltr'>ἡμέρᾳ</span> <span class='ocrx_word' id='word_1_600' title='bbox 2462 1588 2569 1642; x_wconf 87' lang='grc' dir='ltr'>τοῦ</span> <span class='ocrx_word' id='word_1_601' title='bbox 2597 1589 2817 1659; x_wconf 82' lang='grc' dir='ltr'>Κυρίου</span> <span class='ocrx_word' id='word_1_602' title='bbox 2858 1588 3084 1655; x_wconf 84' lang='grc' dir='ltr'>Ἰησοῦ.</span> <span class='ocrx_word' id='word_1_603' title='bbox 3119 1588 3429 1653; x_wconf 80' lang='grc' dir='ltr'>Τουτέστιν,</span> 
     </span>
    </p>
   </div>
   <div class='ocr_carea' id='block_1_83' title="bbox 1853 1666 3430 1742">
    <p class='ocr_par' dir='ltr' id='par_1_83' title="bbox 1853 1666 3430 1742">
     <span class='ocr_line' id='line_1_83' title="bbox 1853 1666 3430 1742; baseline 0.01 -24"><span class='ocrx_word' id='word_1_604' title='bbox 1853 1667 1884 1736; x_wconf 80' lang='grc' dir='ltr'>ἡ</span> <span class='ocrx_word' id='word_1_605' title='bbox 1926 1666 2071 1740; x_wconf 76' lang='grc' dir='ltr'>ψυχή</span> <span class='ocrx_word' id='word_1_606' title='bbox 2095 1686 2109 1701; x_wconf 94' lang='grc'>·</span> <span class='ocrx_word' id='word_1_607' title='bbox 2140 1671 2237 1740; x_wconf 85' lang='grc' dir='ltr'>οὐχ</span> <span class='ocrx_word' id='word_1_608' title='bbox 2275 1672 2352 1735; x_wconf 87' lang='grc' dir='ltr'>ώς</span> <span class='ocrx_word' id='word_1_609' title='bbox 2398 1671 2603 1742; x_wconf 84' lang='grc' dir='ltr'>ταύτης</span> <span class='ocrx_word' id='word_1_610' title='bbox 2642 1670 2957 1742; x_wconf 79' lang='grc' dir='ltr'>σωζομένης</span> <span class='ocrx_word' id='word_1_611' title='bbox 2989 1672 3179 1742; x_wconf 82' lang='grc' dir='ltr'>μόνης,</span> <span class='ocrx_word' id='word_1_612' title='bbox 3214 1670 3331 1724; x_wconf 78' lang='grc' dir='ltr'>ἀλλ’</span> <span class='ocrx_word' id='word_1_613' title='bbox 3355 1671 3430 1733; x_wconf 83' lang='grc' dir='ltr'>ὡς</span> 
     </span>
    </p>
   </div>
   <div class='ocr_carea' id='block_1_84' title="bbox 1849 1750 3429 1826">
    <p class='ocr_par' dir='ltr' id='par_1_84' title="bbox 1849 1750 3429 1826">
     <span class='ocr_line' id='line_1_84' title="bbox 1849 1750 3429 1826; baseline 0.006 -24"><span class='ocrx_word' id='word_1_614' title='bbox 1849 1750 2281 1823; x_wconf 85' lang='grc' dir='ltr'>ὁμολογουμένου</span> <span class='ocrx_word' id='word_1_615' title='bbox 2306 1756 2522 1821; x_wconf 89' lang='grc' dir='ltr'>τούτου,</span> <span class='ocrx_word' id='word_1_616' title='bbox 2555 1757 2637 1810; x_wconf 82' lang='grc' dir='ltr'>ὅτι</span> <span class='ocrx_word' id='word_1_617' title='bbox 2668 1756 2983 1826; x_wconf 81' lang='grc' dir='ltr'>σωζομένης</span> <span class='ocrx_word' id='word_1_618' title='bbox 3006 1756 3242 1826; x_wconf 84' lang='grc' dir='ltr'>ἐκείνης,</span> <span class='ocrx_word' id='word_1_619' title='bbox 3266 1757 3429 1809; x_wconf 80' lang='grc' dir='ltr'>ἀναν·</span> 
     </span>
    </p>
   </div>
   <div class='ocr_carea' id='block_1_85' title="bbox 1848 1835 3427 1910">
    <p class='ocr_par' dir='ltr' id='par_1_85' title="bbox 1848 1835 3427 1910">
     <span class='ocr_line' id='line_1_85' title="bbox 1848 1835 3427 1910; baseline 0.004 -26"><span class='ocrx_word' id='word_1_620' title='bbox 1848 1835 2121 1904; x_wconf 78' lang='grc' dir='ltr'>τιρῤήτως</span> <span class='ocrx_word' id='word_1_621' title='bbox 2161 1838 2255 1890; x_wconf 75' lang='grc' dir='ltr'>καὶ</span> <span class='ocrx_word' id='word_1_622' title='bbox 2302 1839 2364 1891; x_wconf 84' lang='grc' dir='ltr'>τὸ</span> <span class='ocrx_word' id='word_1_623' title='bbox 2419 1838 2578 1909; x_wconf 84' lang='grc' dir='ltr'>σῶμα</span> <span class='ocrx_word' id='word_1_624' title='bbox 2623 1840 2942 1909; x_wconf 83' lang='grc' dir='ltr'>κοινωνήσει</span> <span class='ocrx_word' id='word_1_625' title='bbox 2991 1837 3090 1909; x_wconf 83' lang='grc' dir='ltr'>τῆς</span> <span class='ocrx_word' id='word_1_626' title='bbox 3132 1838 3427 1910; x_wconf 83' lang='grc' dir='ltr'>σωτηρίας.</span> 
     </span>
    </p>
   </div>
   <div class='ocr_carea' id='block_1_86' title="bbox 1849 1917 3431 1993">
    <p class='ocr_par' dir='ltr' id='par_1_86' title="bbox 1849 1917 3431 1993">
     <span class='ocr_line' id='line_1_86' title="bbox 1849 1917 3431 1993; baseline 0.002 -23"><span class='ocrx_word' id='word_1_627' title='bbox 1849 1917 1962 1971; x_wconf 87' lang='lat' dir='ltr'>Kal</span> <span class='ocrx_word' id='word_1_628' title='bbox 1989 1918 2099 1990; x_wconf 86' lang='lat'>7&amp;9</span> <span class='ocrx_word' id='word_1_629' title='bbox 2134 1919 2327 1993; x_wconf 74' lang='grc' dir='ltr'>θνητὸν</span> <span class='ocrx_word' id='word_1_630' title='bbox 2355 1922 2423 1975; x_wconf 83' lang='grc' dir='ltr'>δι’</span> <span class='ocrx_word' id='word_1_631' title='bbox 2458 1922 2627 1993; x_wconf 79' lang='grc' dir='ltr'>αὐτὴν</span> <span class='ocrx_word' id='word_1_632' title='bbox 2657 1922 2873 1991; x_wconf 88' lang='grc' dir='ltr'>ἐγένετο</span> <span class='ocrx_word' id='word_1_633' title='bbox 2904 1920 3254 1991; x_wconf 76' lang='grc' dir='ltr'>ἁμαρτοῦσαν</span> <span class='ocrx_word' id='word_1_634' title='bbox 3278 1940 3290 1952; x_wconf 91' lang='grc'>·</span> <span class='ocrx_word' id='word_1_635' title='bbox 3328 1920 3431 1976; x_wconf 74' lang='grc' dir='ltr'>κᾶν</span> 
     </span>
    </p>
   </div>
   <div class='ocr_carea' id='block_1_87' title="bbox 1848 2000 3429 2077">
    <p class='ocr_par' dir='ltr' id='par_1_87' title="bbox 1848 2000 3429 2077">
     <span class='ocr_line' id='line_1_87' title="bbox 1848 2000 3429 2077; baseline 0.003 -23"><span class='ocrx_word' id='word_1_636' title='bbox 1848 2000 1988 2072; x_wconf 81' lang='grc' dir='ltr'>αὑτὴ</span> <span class='ocrx_word' id='word_1_637' title='bbox 2034 2003 2498 2077; x_wconf 80' lang='grc' dir='ltr'>δικαιοπραγήσῃ,</span> <span class='ocrx_word' id='word_1_638' title='bbox 2539 2004 2704 2072; x_wconf 74' lang='grc' dir='ltr'>πάλιν</span> <span class='ocrx_word' id='word_1_639' title='bbox 2741 2005 2942 2075; x_wconf 80' lang='grc' dir='ltr'>πολλῆς</span> <span class='ocrx_word' id='word_1_640' title='bbox 2991 2004 3086 2058; x_wconf 69' lang='grc' dir='ltr'>καὶ</span> <span class='ocrx_word' id='word_1_641' title='bbox 3116 2004 3251 2058; x_wconf 79' lang='grc' dir='ltr'>αὐτὸ</span> <span class='ocrx_word' id='word_1_642' title='bbox 3289 2006 3429 2058; x_wconf 78' lang='grc' dir='ltr'>ἀπο-</span> 
     </span>
    </p>
   </div>
   <div class='ocr_carea' id='block_1_88' title="bbox 1847 2084 3427 2161">
    <p class='ocr_par' dir='ltr' id='par_1_88' title="bbox 1847 2084 3427 2161">
     <span class='ocr_line' id='line_1_88' title="bbox 1847 2084 3427 2161; baseline 0.003 -24"><span class='ocrx_word' id='word_1_643' title='bbox 1847 2084 2105 2141; x_wconf 87' lang='grc' dir='ltr'>λαύσεται</span> <span class='ocrx_word' id='word_1_644' title='bbox 2150 2089 2327 2161; x_wconf 77' lang='grc' dir='ltr'>δόξης.</span> <span class='ocrx_word' id='word_1_645' title='bbox 2381 2090 2540 2155; x_wconf 85' lang='grc' dir='ltr'>Τινὲς</span> <span class='ocrx_word' id='word_1_646' title='bbox 2594 2090 2652 2144; x_wconf 85' lang='grc' dir='ltr'>δὲ</span> <span class='ocrx_word' id='word_1_647' title='bbox 2703 2089 2765 2144; x_wconf 80' lang='grc' dir='ltr'>τὸ</span> <span class='ocrx_word' id='word_1_648' title='bbox 2820 2088 3036 2158; x_wconf 84' lang='grc' dir='ltr'>πνεῦμα</span> <span class='ocrx_word' id='word_1_649' title='bbox 3076 2087 3137 2140; x_wconf 79' lang='grc' dir='ltr'>τὸ</span> <span class='ocrx_word' id='word_1_650' title='bbox 3172 2088 3427 2158; x_wconf 84' lang='grc' dir='ltr'>χάρισμά</span> 
     </span>
    </p>
   </div>
   <div class='ocr_carea' id='block_1_89' title="bbox 1846 2167 3429 2244">
    <p class='ocr_par' dir='ltr' id='par_1_89' title="bbox 1846 2167 3429 2244">
     <span class='ocr_line' id='line_1_89' title="bbox 1846 2167 3429 2244; baseline 0.001 -24"><span class='ocrx_word' id='word_1_651' title='bbox 1846 2184 2033 2234; x_wconf 85' lang='grc' dir='ltr'>φασιν,</span> <span class='ocrx_word' id='word_1_652' title='bbox 2077 2170 2212 2242; x_wconf 84' lang='grc' dir='ltr'>ὅπερ</span> <span class='ocrx_word' id='word_1_653' title='bbox 2276 2172 2559 2226; x_wconf 83' lang='grc' dir='ltr'>σϐέννυται</span> <span class='ocrx_word' id='word_1_654' title='bbox 2611 2173 3037 2244; x_wconf 79' lang='grc' dir='ltr'>ἁμαρτανόντων</span> <span class='ocrx_word' id='word_1_655' title='bbox 3090 2168 3265 2241; x_wconf 82' lang='grc' dir='ltr'>ήμῶν.</span> <span class='ocrx_word' id='word_1_656' title='bbox 3332 2167 3429 2221; x_wconf 83' lang='grc' dir='ltr'>Ἱν⁹</span> 
     </span>
    </p>
   </div>
   <div class='ocr_carea' id='block_1_90' title="bbox 1844 2245 3431 2326">
    <p class='ocr_par' dir='ltr' id='par_1_90' title="bbox 1844 2245 3431 2326">
     <span class='ocr_line' id='line_1_90' title="bbox 1844 2245 3431 2326; baseline 0.003 -25"><span class='ocrx_word' id='word_1_657' title='bbox 1844 2245 1938 2302; x_wconf 82' lang='grc' dir='ltr'>οὖν</span> <span class='ocrx_word' id='word_1_658' title='bbox 1969 2250 2130 2305; x_wconf 87' lang='grc' dir='ltr'>τοῦτο</span> <span class='ocrx_word' id='word_1_659' title='bbox 2168 2252 2244 2325; x_wconf 78' lang='grc' dir='ltr'>μὴ</span> <span class='ocrx_word' id='word_1_660' title='bbox 2272 2255 2519 2325; x_wconf 82' lang='grc' dir='ltr'>γένηται,</span> <span class='ocrx_word' id='word_1_661' title='bbox 2553 2255 2706 2326; x_wconf 80' lang='grc' dir='ltr'>φησὶ,</span> <span class='ocrx_word' id='word_1_662' title='bbox 2745 2252 3112 2326; x_wconf 85' lang='grc' dir='ltr'>τιμωρείσθω,</span> <span class='ocrx_word' id='word_1_663' title='bbox 3143 2251 3229 2305; x_wconf 78' lang='grc' dir='ltr'>ἵνα</span> <span class='ocrx_word' id='word_1_664' title='bbox 3254 2249 3431 2324; x_wconf 78' lang='grc' dir='ltr'>ταύτῃ</span> 
     </span>
    </p>
   </div>
   <div class='ocr_carea' id='block_1_91' title="bbox 1847 2330 3429 2409">
    <p class='ocr_par' dir='ltr' id='par_1_91' title="bbox 1847 2330 3429 2409">
     <span class='ocr_line' id='line_1_91' title="bbox 1847 2330 3429 2409; baseline 0.001 -24"><span class='ocrx_word' id='word_1_665' title='bbox 1847 2330 2073 2401; x_wconf 83' lang='grc' dir='ltr'>βελτίων</span> <span class='ocrx_word' id='word_1_666' title='bbox 2114 2337 2426 2407; x_wconf 87' lang='grc' dir='ltr'>γενόμενος,</span> <span class='ocrx_word' id='word_1_667' title='bbox 2463 2338 2837 2409; x_wconf 84' lang='grc' dir='ltr'>ἐπισπάσηται</span> <span class='ocrx_word' id='word_1_668' title='bbox 2862 2337 2962 2407; x_wconf 85' lang='grc' dir='ltr'>τήν</span> <span class='ocrx_word' id='word_1_669' title='bbox 2994 2336 3177 2408; x_wconf 86' lang='grc' dir='ltr'>χάριν,</span> <span class='ocrx_word' id='word_1_670' title='bbox 3207 2333 3303 2388; x_wconf 72' lang='grc' dir='ltr'>καὶ</span> <span class='ocrx_word' id='word_1_671' title='bbox 3334 2332 3429 2387; x_wconf 79' lang='grc' dir='ltr'>εὑ-</span> 
     </span>
    </p>
   </div>
   <div class='ocr_carea' id='block_1_92' title="bbox 1849 2419 3425 2496">
    <p class='ocr_par' dir='ltr' id='par_1_92' title="bbox 1849 2419 3425 2496">
     <span class='ocr_line' id='line_1_92' title="bbox 1849 2419 3425 2496; baseline 0.003 -25"><span class='ocrx_word' id='word_1_672' title='bbox 1849 2419 1975 2491; x_wconf 79' lang='grc' dir='ltr'>ρεθῇ</span> <span class='ocrx_word' id='word_1_673' title='bbox 2011 2420 2157 2475; x_wconf 83' lang='grc' dir='ltr'>σώαν</span> <span class='ocrx_word' id='word_1_674' title='bbox 2186 2422 2355 2493; x_wconf 85' lang='grc' dir='ltr'>αὐτὴν</span> <span class='ocrx_word' id='word_1_675' title='bbox 2395 2426 2452 2477; x_wconf 77' lang='grc' dir='ltr'>ἐν</span> <span class='ocrx_word' id='word_1_676' title='bbox 2486 2426 2670 2496; x_wconf 79' lang='grc' dir='ltr'>ἐκείνῃ</span> <span class='ocrx_word' id='word_1_677' title='bbox 2695 2427 2760 2494; x_wconf 77' lang='grc' dir='ltr'>τῇ</span> <span class='ocrx_word' id='word_1_678' title='bbox 2809 2423 2997 2496; x_wconf 74' lang='grc' dir='ltr'>ήμέρᾳ</span> <span class='ocrx_word' id='word_1_679' title='bbox 3032 2423 3425 2495; x_wconf 72' lang='grc' dir='ltr'>παρεχόμενος.</span> 
     </span>
    </p>
   </div>
   <div class='ocr_carea' id='block_1_93' title="bbox 1846 2501 3428 2577">
    <p class='ocr_par' dir='ltr' id='par_1_93' title="bbox 1846 2501 3428 2577">
     <span class='ocr_line' id='line_1_93' title="bbox 1846 2501 3428 2577; baseline 0.004 -24"><span class='ocrx_word' id='word_1_680' title='bbox 1846 2501 2009 2555; x_wconf 81' lang='grc' dir='ltr'>’Ὥστε</span> <span class='ocrx_word' id='word_1_681' title='bbox 2062 2504 2357 2573; x_wconf 84' lang='grc' dir='ltr'>κηδομένου</span> <span class='ocrx_word' id='word_1_682' title='bbox 2389 2507 2588 2576; x_wconf 80' lang='grc' dir='ltr'>μᾶλλόν</span> <span class='ocrx_word' id='word_1_683' title='bbox 2628 2509 2746 2560; x_wconf 86' lang='grc' dir='ltr'>ἐστι</span> <span class='ocrx_word' id='word_1_684' title='bbox 2777 2507 2871 2560; x_wconf 63' lang='grc' dir='ltr'>καὶ⁵</span> <span class='ocrx_word' id='word_1_685' title='bbox 2901 2506 3263 2577; x_wconf 79' lang='grc' dir='ltr'>ἰατρεύοντος.</span> <span class='ocrx_word' id='word_1_686' title='bbox 3305 2504 3428 2574; x_wconf 76' lang='grc' dir='ltr'>οὐχὶ</span> 
     </span>
    </p>
   </div>
   <div class='ocr_carea' id='block_1_94' title="bbox 1844 2582 3426 2659">
    <p class='ocr_par' dir='ltr' id='par_1_94' title="bbox 1844 2582 3426 2659">
     <span class='ocr_line' id='line_1_94' title="bbox 1844 2582 3426 2659; baseline 0.005 -25"><span class='ocrx_word' id='word_1_687' title='bbox 1844 2582 2139 2647; x_wconf 85' lang='grc' dir='ltr'>κόπτοντος</span> <span class='ocrx_word' id='word_1_688' title='bbox 2180 2586 2387 2650; x_wconf 83' lang='grc' dir='ltr'>ἁπλῶς,</span> <span class='ocrx_word' id='word_1_689' title='bbox 2427 2588 2550 2642; x_wconf 85' lang='grc' dir='ltr'>οὑδέ</span> <span class='ocrx_word' id='word_1_690' title='bbox 2584 2589 2907 2653; x_wconf 79' lang='grc' dir='ltr'>κολάζοντος</span> <span class='ocrx_word' id='word_1_691' title='bbox 2938 2590 3061 2658; x_wconf 74' lang='grc' dir='ltr'>εἰκῆ</span> <span class='ocrx_word' id='word_1_692' title='bbox 3098 2589 3193 2642; x_wconf 75' lang='grc' dir='ltr'>καὶ</span> <span class='ocrx_word' id='word_1_693' title='bbox 3226 2587 3426 2659; x_wconf 85' lang='grc' dir='ltr'>μάτην.</span> 
     </span>
    </p>
   </div>
   <div class='ocr_carea' id='block_1_95' title="bbox 1844 2666 3429 2742">
    <p class='ocr_par' dir='ltr' id='par_1_95' title="bbox 1844 2666 3429 2742">
     <span class='ocr_line' id='line_1_95' title="bbox 1844 2666 3429 2742; baseline 0.003 -25"><span class='ocrx_word' id='word_1_694' title='bbox 1844 2666 2045 2732; x_wconf 81' lang='grc' dir='ltr'>Μεῖζον</span> <span class='ocrx_word' id='word_1_695' title='bbox 2073 2667 2182 2739; x_wconf 89' lang='lat'>7&amp;9</span> <span class='ocrx_word' id='word_1_696' title='bbox 2202 2668 2263 2722; x_wconf 85' lang='grc' dir='ltr'>τὸ</span> <span class='ocrx_word' id='word_1_697' title='bbox 2286 2669 2477 2741; x_wconf 81' lang='grc' dir='ltr'>κέρδος</span> <span class='ocrx_word' id='word_1_698' title='bbox 2497 2671 2600 2741; x_wconf 84' lang='grc' dir='ltr'>τῆς</span> <span class='ocrx_word' id='word_1_699' title='bbox 2625 2670 2917 2742; x_wconf 89' lang='grc' dir='ltr'>τιμωρίας·</span> <span class='ocrx_word' id='word_1_700' title='bbox 2941 2672 2975 2741; x_wconf 92' lang='grc' dir='ltr'>ή</span> <span class='ocrx_word' id='word_1_701' title='bbox 3000 2669 3101 2739; x_wconf 74' lang='grc' dir='ltr'>μὲν</span> <span class='ocrx_word' id='word_1_702' title='bbox 3123 2670 3234 2740; x_wconf 88' lang='lat'>7&amp;9</span> <span class='ocrx_word' id='word_1_703' title='bbox 3260 2669 3429 2740; x_wconf 81' lang='grc' dir='ltr'>πρόσ-</span> 
     </span>
    </p>
   </div>
   <div class='ocr_carea' id='block_1_96' title="bbox 1844 2746 3425 2824">
    <p class='ocr_par' dir='ltr' id='par_1_96' title="bbox 1844 2746 3425 2824">
     <span class='ocr_line' id='line_1_96' title="bbox 1844 2746 3425 2824; baseline 0.003 -23"><span class='ocrx_word' id='word_1_704' title='bbox 1844 2766 2057 2821; x_wconf 88' lang='grc' dir='ltr'>καιρος,</span> <span class='ocrx_word' id='word_1_705' title='bbox 2090 2751 2151 2804; x_wconf 87' lang='grc' dir='ltr'>τὸ</span> <span class='ocrx_word' id='word_1_706' title='bbox 2186 2751 2242 2805; x_wconf 88' lang='grc' dir='ltr'>δέ</span> <span class='ocrx_word' id='word_1_707' title='bbox 2272 2752 2542 2824; x_wconf 85' lang='grc' dir='ltr'>διηνεκές.</span> <span class='ocrx_word' id='word_1_708' title='bbox 2574 2754 2686 2808; x_wconf 86' lang='lat' dir='ltr'>Kal</span> <span class='ocrx_word' id='word_1_709' title='bbox 2715 2753 2813 2823; x_wconf 78' lang='grc' dir='ltr'>οὐχ</span> <span class='ocrx_word' id='word_1_710' title='bbox 2847 2750 2998 2823; x_wconf 71' lang='grc'>[128]</span> <span class='ocrx_word' id='word_1_711' title='bbox 3029 2749 3217 2814; x_wconf 85' lang='grc' dir='ltr'>ἀπλῶς</span> <span class='ocrx_word' id='word_1_712' title='bbox 3249 2746 3425 2815; x_wconf 78' lang='grc' dir='ltr'>εἷπεν,</span> 
     </span>
    </p>
   </div>
   <div class='ocr_carea' id='block_1_97' title="bbox 1846 2830 3426 2904">
    <p class='ocr_par' dir='ltr' id='par_1_97' title="bbox 1846 2830 3426 2904">
     <span class='ocr_line' id='line_1_97' title="bbox 1846 2830 3426 2904; baseline 0.004 -20"><span class='ocrx_word' id='word_1_713' title='bbox 1846 2832 1979 2885; x_wconf 86' lang='grc' dir='ltr'>Ἵνα</span> <span class='ocrx_word' id='word_1_714' title='bbox 2001 2832 2066 2885; x_wconf 87' lang='grc' dir='ltr'>τὸ</span> <span class='ocrx_word' id='word_1_715' title='bbox 2086 2834 2325 2903; x_wconf 79' lang='grc' dir='ltr'>πνεῦμα</span> <span class='ocrx_word' id='word_1_716' title='bbox 2342 2834 2533 2904; x_wconf 77' lang='grc' dir='ltr'>σωθῇ,</span> <span class='ocrx_word' id='word_1_717' title='bbox 2559 2835 2699 2899; x_wconf 84' lang='grc' dir='ltr'>ἀλλ’,</span> <span class='ocrx_word' id='word_1_718' title='bbox 2733 2835 2838 2890; x_wconf 84' lang='grc' dir='ltr'>Ἐν</span> <span class='ocrx_word' id='word_1_719' title='bbox 2872 2834 3074 2902; x_wconf 80' lang='grc' dir='ltr'>ἐκείνῃ</span> <span class='ocrx_word' id='word_1_720' title='bbox 3103 2832 3178 2903; x_wconf 77' lang='grc' dir='ltr'>τῇ</span> <span class='ocrx_word' id='word_1_721' title='bbox 3211 2830 3426 2903; x_wconf 71' lang='grc' dir='ltr'>ἡμέρᾳ.</span> 
     </span>
    </p>
   </div>
   <div class='ocr_carea' id='block_1_98' title="bbox 1842 2914 3428 2989">
    <p class='ocr_par' dir='ltr' id='par_1_98' title="bbox 1842 2914 3428 2989">
     <span class='ocr_line' id='line_1_98' title="bbox 1842 2914 3428 2989; baseline 0.002 -23"><span class='ocrx_word' id='word_1_722' title='bbox 1842 2914 2039 2979; x_wconf 83' lang='grc' dir='ltr'>Καλῶς</span> <span class='ocrx_word' id='word_1_723' title='bbox 2092 2917 2290 2979; x_wconf 81' lang='grc' dir='ltr'>αὐτοὺς</span> <span class='ocrx_word' id='word_1_724' title='bbox 2337 2917 2432 2971; x_wconf 81' lang='grc' dir='ltr'>καὶ</span> <span class='ocrx_word' id='word_1_725' title='bbox 2484 2918 2759 2989; x_wconf 83' lang='grc' dir='ltr'>εὐκαίρως</span> <span class='ocrx_word' id='word_1_726' title='bbox 2811 2918 2910 2988; x_wconf 84' lang='grc' dir='ltr'>τῆς</span> <span class='ocrx_word' id='word_1_727' title='bbox 2943 2918 3158 2988; x_wconf 73' lang='grc' dir='ltr'>ἡμέρας</span> <span class='ocrx_word' id='word_1_728' title='bbox 3211 2915 3428 2984; x_wconf 76' lang='grc' dir='ltr'>ἐκείνης</span> 
     </span>
    </p>
   </div>
   <div class='ocr_carea' id='block_1_99' title="bbox 1841 2996 3427 3071">
    <p class='ocr_par' dir='ltr' id='par_1_99' title="bbox 1841 2996 3427 3071">
     <span class='ocr_line' id='line_1_99' title="bbox 1841 2996 3427 3071; baseline 0 -21"><span class='ocrx_word' id='word_1_729' title='bbox 1841 2996 2270 3069; x_wconf 81' lang='grc' dir='ltr'>ἀναμιμνήσκει,</span> <span class='ocrx_word' id='word_1_730' title='bbox 2309 3000 2395 3053; x_wconf 78' lang='grc' dir='ltr'>ἵνα</span> <span class='ocrx_word' id='word_1_731' title='bbox 2425 3001 2521 3054; x_wconf 73' lang='grc' dir='ltr'>καὶ</span> <span class='ocrx_word' id='word_1_732' title='bbox 2564 3001 2719 3053; x_wconf 76' lang='grc' dir='ltr'>αὐτοὶ</span> <span class='ocrx_word' id='word_1_733' title='bbox 2758 2999 3166 3071; x_wconf 86' lang='grc' dir='ltr'>προθυμότερον</span> <span class='ocrx_word' id='word_1_734' title='bbox 3198 2998 3427 3051; x_wconf 73' lang='grc' dir='ltr'>ἔλθωσιν</span> 
     </span>
    </p>
   </div>
   <div class='ocr_carea' id='block_1_100' title="bbox 1842 3079 3425 3153">
    <p class='ocr_par' dir='ltr' id='par_1_100' title="bbox 1842 3079 3425 3153">
     <span class='ocr_line' id='line_1_100' title="bbox 1842 3079 3425 3153; baseline 0.001 -21"><span class='ocrx_word' id='word_1_735' title='bbox 1842 3079 1936 3133; x_wconf 80' lang='grc' dir='ltr'>ἐπὶ</span> <span class='ocrx_word' id='word_1_736' title='bbox 1968 3083 2066 3151; x_wconf 78' lang='grc' dir='ltr'>τὴν</span> <span class='ocrx_word' id='word_1_737' title='bbox 2095 3083 2360 3153; x_wconf 81' lang='grc' dir='ltr'>ἰατρείαν,</span> <span class='ocrx_word' id='word_1_738' title='bbox 2388 3084 2641 3147; x_wconf 84' lang='grc' dir='ltr'>κάκεῖνος</span> <span class='ocrx_word' id='word_1_739' title='bbox 2674 3082 3039 3153; x_wconf 81' lang='grc' dir='ltr'>καταδέξηται</span> <span class='ocrx_word' id='word_1_740' title='bbox 3077 3081 3297 3153; x_wconf 82' lang='grc' dir='ltr'>μᾶλλον,</span> <span class='ocrx_word' id='word_1_741' title='bbox 3327 3082 3425 3151; x_wconf 76' lang='grc' dir='ltr'>οὐχ</span> 
     </span>
    </p>
   </div>
   <div class='ocr_carea' id='block_1_101' title="bbox 1839 3161 3422 3237">
    <p class='ocr_par' dir='ltr' id='par_1_101' title="bbox 1839 3161 3422 3237">
     <span class='ocr_line' id='line_1_101' title="bbox 1839 3161 3422 3237; baseline -0.005 -11"><span class='ocrx_word' id='word_1_742' title='bbox 1839 3161 1916 3226; x_wconf 81' lang='grc' dir='ltr'>ὡς</span> <span class='ocrx_word' id='word_1_743' title='bbox 1947 3161 2116 3234; x_wconf 73' lang='grc' dir='ltr'>ὀργῆς</span> <span class='ocrx_word' id='word_1_744' title='bbox 2145 3168 2367 3237; x_wconf 79' lang='grc' dir='ltr'>ῥήματα</span> <span class='ocrx_word' id='word_1_745' title='bbox 2402 3167 2550 3227; x_wconf 75' lang='grc' dir='ltr'>ὄντα,</span> <span class='ocrx_word' id='word_1_746' title='bbox 2579 3166 2695 3220; x_wconf 85' lang='grc' dir='ltr'>ἀλλ’</span> <span class='ocrx_word' id='word_1_747' title='bbox 2718 3165 2795 3230; x_wconf 89' lang='grc' dir='ltr'>ώς</span> <span class='ocrx_word' id='word_1_748' title='bbox 2829 3165 3036 3237; x_wconf 79' lang='grc' dir='ltr'>πατρὸς</span> <span class='ocrx_word' id='word_1_749' title='bbox 3062 3164 3422 3237; x_wconf 84' lang='grc' dir='ltr'>κηδεμονικοῦ</span> 
     </span>
    </p>
   </div>
   <div class='ocr_carea' id='block_1_102' title="bbox 1840 3245 3427 3319">
    <p class='ocr_par' dir='ltr' id='par_1_102' title="bbox 1840 3245 3427 3319">
     <span class='ocr_line' id='line_1_102' title="bbox 1840 3245 3427 3319; baseline 0.01 -22"><span class='ocrx_word' id='word_1_750' title='bbox 1840 3245 2118 3315; x_wconf 87' lang='grc' dir='ltr'>πρόνοιαν.</span> <span class='ocrx_word' id='word_1_751' title='bbox 2168 3250 2267 3301; x_wconf 88' lang='grc' dir='ltr'>Διά</span> <span class='ocrx_word' id='word_1_752' title='bbox 2323 3248 2433 3319; x_wconf 86' lang='lat'>7&amp;9</span> <span class='ocrx_word' id='word_1_753' title='bbox 2471 3246 2652 3315; x_wconf 90' lang='grc' dir='ltr'>τοῦτο,</span> <span class='ocrx_word' id='word_1_754' title='bbox 2701 3248 2813 3306; x_wconf 67' lang='grc' dir='ltr'>Καὶ</span> <span class='ocrx_word' id='word_1_755' title='bbox 2868 3250 2957 3314; x_wconf 80' lang='grc' dir='ltr'>είς</span> <span class='ocrx_word' id='word_1_756' title='bbox 3009 3248 3261 3318; x_wconf 64' lang='grc' dir='ltr'>ὄλεθρον</span> <span class='ocrx_word' id='word_1_757' title='bbox 3314 3246 3427 3316; x_wconf 79' lang='grc' dir='ltr'>τῆς</span> 
     </span>
    </p>
   </div>
   <div class='ocr_carea' id='block_1_103' title="bbox 1838 3325 3425 3403">
    <p class='ocr_par' dir='ltr' id='par_1_103' title="bbox 1838 3325 3425 3403">
     <span class='ocr_line' id='line_1_103' title="bbox 1838 3325 3425 3403; baseline 0.001 -22"><span class='ocrx_word' id='word_1_758' title='bbox 1838 3329 2086 3395; x_wconf 75' lang='grc' dir='ltr'>σαρκὸς,</span> <span class='ocrx_word' id='word_1_759' title='bbox 2121 3325 2277 3384; x_wconf 76' lang='grc' dir='ltr'>εἷπεν</span> <span class='ocrx_word' id='word_1_760' title='bbox 2298 3348 2310 3361; x_wconf 91' lang='grc'>·</span> <span class='ocrx_word' id='word_1_761' title='bbox 2341 3332 2446 3403; x_wconf 86' lang='grc' dir='ltr'>ήδη</span> <span class='ocrx_word' id='word_1_762' title='bbox 2482 3332 2562 3402; x_wconf 83' lang='grc' dir='ltr'>τῷ</span> <span class='ocrx_word' id='word_1_763' title='bbox 2585 3331 2818 3401; x_wconf 83' lang='grc' dir='ltr'>διαϐόλῳ</span> <span class='ocrx_word' id='word_1_764' title='bbox 2846 3333 3047 3402; x_wconf 86' lang='grc' dir='ltr'>νόμους</span> <span class='ocrx_word' id='word_1_765' title='bbox 3090 3332 3282 3397; x_wconf 72' lang='grc' dir='ltr'>τιθεὶς,</span> <span class='ocrx_word' id='word_1_766' title='bbox 3327 3330 3425 3383; x_wconf 75' lang='grc' dir='ltr'>καὶ</span> 
     </span>
    </p>
   </div>
   <div class='ocr_carea' id='block_1_104' title="bbox 1838 3412 3425 3487">
    <p class='ocr_par' dir='ltr' id='par_1_104' title="bbox 1838 3412 3425 3487">
     <span class='ocr_line' id='line_1_104' title="bbox 1838 3412 3425 3487; baseline 0.003 -23"><span class='ocrx_word' id='word_1_767' title='bbox 1838 3412 1940 3464; x_wconf 77' lang='grc' dir='ltr'>οὐκ</span> <span class='ocrx_word' id='word_1_768' title='bbox 1985 3414 2145 3480; x_wconf 73' lang='grc' dir='ltr'>ἀφεὶς</span> <span class='ocrx_word' id='word_1_769' title='bbox 2194 3415 2358 3469; x_wconf 80' lang='grc' dir='ltr'>αὐτὸν</span> <span class='ocrx_word' id='word_1_770' title='bbox 2398 3417 2709 3487; x_wconf 84' lang='grc' dir='ltr'>περαιτέρω</span> <span class='ocrx_word' id='word_1_771' title='bbox 2746 3417 3051 3487; x_wconf 80' lang='grc' dir='ltr'>προϐῆναι·</span> <span class='ocrx_word' id='word_1_772' title='bbox 3084 3414 3276 3486; x_wconf 83' lang='grc' dir='ltr'>ὥσπερ</span> <span class='ocrx_word' id='word_1_773' title='bbox 3330 3416 3425 3469; x_wconf 75' lang='grc' dir='ltr'>ἐπὶ</span> 
     </span>
    </p>
   </div>
   <div class='ocr_carea' id='block_1_105' title="bbox 1837 3495 3424 3569">
    <p class='ocr_par' dir='ltr' id='par_1_105' title="bbox 1837 3495 3424 3569">
     <span class='ocr_line' id='line_1_105' title="bbox 1837 3495 3424 3569; baseline 0.005 -21"><span class='ocrx_word' id='word_1_774' title='bbox 1837 3496 1933 3549; x_wconf 87' lang='grc' dir='ltr'>τοῦ</span> <span class='ocrx_word' id='word_1_775' title='bbox 1997 3495 2116 3550; x_wconf 83' lang='grc' dir='ltr'>Ἰὼϐ</span> <span class='ocrx_word' id='word_1_776' title='bbox 2154 3497 2340 3569; x_wconf 73' lang='grc' dir='ltr'>ἔλεγεν</span> <span class='ocrx_word' id='word_1_777' title='bbox 2378 3500 2420 3555; x_wconf 78' lang='grc' dir='ltr'>’ὁ</span> <span class='ocrx_word' id='word_1_778' title='bbox 2465 3500 2621 3565; x_wconf 82' lang='grc' dir='ltr'>Θιός·</span> <span class='ocrx_word' id='word_1_779' title='bbox 2657 3500 2832 3567; x_wconf 70' lang='grc' dir='ltr'>Πλὴν</span> <span class='ocrx_word' id='word_1_780' title='bbox 2858 3498 2971 3567; x_wconf 79' lang='grc' dir='ltr'>τῆς</span> <span class='ocrx_word' id='word_1_781' title='bbox 2996 3497 3207 3568; x_wconf 68' lang='grc' dir='ltr'>ψυχῆς</span> <span class='ocrx_word' id='word_1_782' title='bbox 3234 3498 3424 3556; x_wconf 78' lang='grc' dir='ltr'>αὑτοῦ</span> 
     </span>
    </p>
   </div>
   <div class='ocr_carea' id='block_1_106' title="bbox 1831 3578 2104 3650">
    <p class='ocr_par' dir='ltr' id='par_1_106' title="bbox 1831 3578 2104 3650">
     <span class='ocr_line' id='line_1_106' title="bbox 1831 3578 2104 3650; baseline 0.007 -2"><span class='ocrx_word' id='word_1_783' title='bbox 1831 3578 1920 3649; x_wconf 75' lang='grc' dir='ltr'>μὴ</span> <span class='ocrx_word' id='word_1_784' title='bbox 1954 3578 2104 3650; x_wconf 63' lang='grc' dir='ltr'>ἅψη-</span> 
     </span>
    </p>
   </div>
   <div class='ocr_carea' id='block_1_107' title="bbox 1909 3704 3423 3781">
    <p class='ocr_par' dir='ltr' id='par_1_107' title="bbox 1909 3704 3423 3781">
     <span class='ocr_line' id='line_1_107' title="bbox 1909 3704 3423 3781; baseline 0.003 -21"><span class='ocrx_word' id='word_1_785' title='bbox 1909 3714 1979 3775; x_wconf 82' lang='lat'>7&#39;.</span> <span class='ocrx_word' id='word_1_786' title='bbox 2000 3705 2132 3762; x_wconf 81' lang='grc' dir='ltr'>Εἶτα</span> <span class='ocrx_word' id='word_1_787' title='bbox 2149 3709 2263 3763; x_wconf 87' lang='grc' dir='ltr'>ἀπα</span> <span class='ocrx_word' id='word_1_788' title='bbox 2269 3710 2461 3781; x_wconf 89' lang='grc' dir='ltr'>ρτίσας</span> <span class='ocrx_word' id='word_1_789' title='bbox 2487 3704 2588 3777; x_wconf 73' lang='grc' dir='ltr'>τὴν</span> <span class='ocrx_word' id='word_1_790' title='bbox 2600 3710 2898 3779; x_wconf 74' lang='grc' dir='ltr'>ἀπόφασιν,</span> <span class='ocrx_word' id='word_1_791' title='bbox 2924 3709 3021 3764; x_wconf 79' lang='grc' dir='ltr'>καὶ</span> <span class='ocrx_word' id='word_1_792' title='bbox 3035 3709 3093 3761; x_wconf 86' lang='grc' dir='ltr'>ἐν</span> <span class='ocrx_word' id='word_1_793' title='bbox 3115 3708 3309 3779; x_wconf 80' lang='grc' dir='ltr'>βραχεῖ</span> <span class='ocrx_word' id='word_1_794' title='bbox 3325 3708 3423 3765; x_wconf 79' lang='grc' dir='ltr'>αὒ-</span> 
     </span>
    </p>
   </div>
   <div class='ocr_carea' id='block_1_108' title="bbox 1834 3789 3422 3862">
    <p class='ocr_par' dir='ltr' id='par_1_108' title="bbox 1834 3789 3422 3862">
     <span class='ocr_line' id='line_1_108' title="bbox 1834 3789 3422 3862; baseline 0.004 -23"><span class='ocrx_word' id='word_1_795' title='bbox 1834 3789 1935 3857; x_wconf 82' lang='grc' dir='ltr'>τὴν</span> <span class='ocrx_word' id='word_1_796' title='bbox 1965 3790 2136 3841; x_wconf 76' lang='grc' dir='ltr'>εἰπὼν</span> <span class='ocrx_word' id='word_1_797' title='bbox 2171 3793 2263 3843; x_wconf 81' lang='grc' dir='ltr'>καὶ</span> <span class='ocrx_word' id='word_1_798' title='bbox 2298 3794 2400 3848; x_wconf 74' lang='grc' dir='ltr'>οὐκ</span> <span class='ocrx_word' id='word_1_799' title='bbox 2431 3794 2796 3862; x_wconf 78' lang='grc' dir='ltr'>ἐνδιατρίψας,</span> <span class='ocrx_word' id='word_1_800' title='bbox 2829 3792 3025 3859; x_wconf 78' lang='grc' dir='ltr'>ἐπάγει</span> <span class='ocrx_word' id='word_1_801' title='bbox 3055 3790 3218 3845; x_wconf 89' lang='grc' dir='ltr'>πάλιν</span> <span class='ocrx_word' id='word_1_802' title='bbox 3249 3790 3422 3845; x_wconf 85' lang='grc' dir='ltr'>ἐπιτί-</span> 
     </span>
    </p>
   </div>
   <div class='ocr_carea' id='block_1_109' title="bbox 1836 3871 3421 3945">
    <p class='ocr_par' dir='ltr' id='par_1_109' title="bbox 1836 3871 3421 3945">
     <span class='ocr_line' id='line_1_109' title="bbox 1836 3871 3421 3945; baseline 0.004 -23"><span class='ocrx_word' id='word_1_803' title='bbox 1836 3886 2024 3940; x_wconf 85' lang='grc' dir='ltr'>μησιν,</span> <span class='ocrx_word' id='word_1_804' title='bbox 2070 3871 2205 3941; x_wconf 77' lang='grc' dir='ltr'>πρὸς</span> <span class='ocrx_word' id='word_1_805' title='bbox 2246 3872 2491 3936; x_wconf 83' lang='grc' dir='ltr'>ἐκείνους</span> <span class='ocrx_word' id='word_1_806' title='bbox 2524 3874 2948 3945; x_wconf 86' lang='grc' dir='ltr'>ἀποτεινόμενος</span> <span class='ocrx_word' id='word_1_807' title='bbox 2968 3891 2983 3906; x_wconf 96' lang='grc'>·</span> <span class='ocrx_word' id='word_1_808' title='bbox 3021 3878 3103 3930; x_wconf 86' lang='grc' dir='ltr'>Οὐ</span> <span class='ocrx_word' id='word_1_809' title='bbox 3132 3876 3328 3929; x_wconf 65' lang='grc' dir='ltr'>καλὸν</span> <span class='ocrx_word' id='word_1_810' title='bbox 3352 3876 3421 3929; x_wconf 83' lang='grc' dir='ltr'>τὸ</span> 
     </span>
    </p>
   </div>
   <div class='ocr_carea' id='block_1_110' title="bbox 1834 3953 3424 4029">
    <p class='ocr_par' dir='ltr' id='par_1_110' title="bbox 1834 3953 3424 4029">
     <span class='ocr_line' id='line_1_110' title="bbox 1834 3953 3424 4029; baseline 0.005 -24"><span class='ocrx_word' id='word_1_811' title='bbox 1834 3953 2115 4023; x_wconf 76' lang='grc' dir='ltr'>καύχημα</span> <span class='ocrx_word' id='word_1_812' title='bbox 2147 3954 2339 4024; x_wconf 77' lang='grc' dir='ltr'>ὑμῶν·</span> <span class='ocrx_word' id='word_1_813' title='bbox 2375 3955 2591 4023; x_wconf 78' lang='grc' dir='ltr'>δεικνὺς</span> <span class='ocrx_word' id='word_1_814' title='bbox 2621 3959 2703 4015; x_wconf 85' lang='grc' dir='ltr'>δτι</span> <span class='ocrx_word' id='word_1_815' title='bbox 2730 3959 2929 4015; x_wconf 85' lang='grc' dir='ltr'>ἐκεῖνοι</span> <span class='ocrx_word' id='word_1_816' title='bbox 2966 3958 3131 4029; x_wconf 89' lang='grc' dir='ltr'>μέχρι</span> <span class='ocrx_word' id='word_1_817' title='bbox 3167 3958 3261 4013; x_wconf 86' lang='grc' dir='ltr'>τοῦ</span> <span class='ocrx_word' id='word_1_818' title='bbox 3289 3975 3424 4029; x_wconf 83' lang='grc' dir='ltr'>παρ·</span> 
     </span>
    </p>
   </div>
   <div class='ocr_carea' id='block_1_111' title="bbox 1835 4038 3423 4113">
    <p class='ocr_par' dir='ltr' id='par_1_111' title="bbox 1835 4038 3423 4113">
     <span class='ocr_line' id='line_1_111' title="bbox 1835 4038 3423 4113; baseline 0.002 -22"><span class='ocrx_word' id='word_1_819' title='bbox 1835 4038 1987 4101; x_wconf 77' lang='grc' dir='ltr'>ὄντος</span> <span class='ocrx_word' id='word_1_820' title='bbox 2032 4040 2133 4092; x_wconf 78' lang='grc' dir='ltr'>οὐκ</span> <span class='ocrx_word' id='word_1_821' title='bbox 2181 4040 2372 4094; x_wconf 76' lang='grc' dir='ltr'>εἴασαν</span> <span class='ocrx_word' id='word_1_822' title='bbox 2422 4042 2586 4099; x_wconf 83' lang='grc' dir='ltr'>αὐτὸν</span> <span class='ocrx_word' id='word_1_823' title='bbox 2642 4044 3000 4113; x_wconf 80' lang='grc' dir='ltr'>μετανοῆσαι.</span> <span class='ocrx_word' id='word_1_824' title='bbox 3073 4041 3423 4111; x_wconf 86' lang='grc' dir='ltr'>καυχώμενοι</span> 
     </span>
    </p>
   </div>
   <div class='ocr_carea' id='block_1_112' title="bbox 1833 4119 3421 4195">
    <p class='ocr_par' dir='ltr' id='par_1_112' title="bbox 1833 4119 3421 4195">
     <span class='ocr_line' id='line_1_112' title="bbox 1833 4119 3421 4195; baseline 0.003 -22"><span class='ocrx_word' id='word_1_825' title='bbox 1833 4121 1921 4173; x_wconf 80' lang='grc' dir='ltr'>ἐπ’</span> <span class='ocrx_word' id='word_1_826' title='bbox 1946 4121 2115 4191; x_wconf 81' lang='grc' dir='ltr'>αὐτῷ.</span> <span class='ocrx_word' id='word_1_827' title='bbox 2146 4119 2280 4175; x_wconf 82' lang='grc' dir='ltr'>Εἶτα</span> <span class='ocrx_word' id='word_1_828' title='bbox 2306 4124 2458 4193; x_wconf 88' lang='grc' dir='ltr'>δηλοῖ</span> <span class='ocrx_word' id='word_1_829' title='bbox 2487 4127 2569 4178; x_wconf 82' lang='grc' dir='ltr'>ὃτι</span> <span class='ocrx_word' id='word_1_830' title='bbox 2597 4125 2698 4177; x_wconf 78' lang='grc' dir='ltr'>οὐκ</span> <span class='ocrx_word' id='word_1_831' title='bbox 2729 4125 2941 4179; x_wconf 88' lang='grc' dir='ltr'>ἐκείνου</span> <span class='ocrx_word' id='word_1_832' title='bbox 2971 4126 3289 4195; x_wconf 83' lang='grc' dir='ltr'>φειδόμενος</span> <span class='ocrx_word' id='word_1_833' title='bbox 3324 4125 3421 4194; x_wconf 74' lang='grc' dir='ltr'>μόο</span> 
     </span>
    </p>
   </div>
   <div class='ocr_carea' id='block_1_113' title="bbox 1834 4202 3421 4269">
    <p class='ocr_par' dir='ltr' id='par_1_113' title="bbox 1834 4202 3421 4269">
     <span class='ocr_line' id='line_1_113' title="bbox 1834 4202 3421 4269; baseline 0.003 -14"><span class='ocrx_word' id='word_1_834' title='bbox 1834 4220 1922 4255; x_wconf 87' lang='grc' dir='ltr'>νον</span> <span class='ocrx_word' id='word_1_835' title='bbox 1956 4202 2115 4255; x_wconf 89' lang='grc' dir='ltr'>τοῦτο</span> <span class='ocrx_word' id='word_1_836' title='bbox 2153 4206 2316 4269; x_wconf 85' lang='grc' dir='ltr'>ποιεῖ,</span> <span class='ocrx_word' id='word_1_837' title='bbox 2367 4204 2506 4261; x_wconf 87' lang='grc' dir='ltr'>ἀλλά</span> <span class='ocrx_word' id='word_1_838' title='bbox 2562 4206 2659 4261; x_wconf 75' lang='grc' dir='ltr'>καὶ</span> <span class='ocrx_word' id='word_1_839' title='bbox 2703 4207 2881 4260; x_wconf 80' lang='grc' dir='ltr'>αὐτῶν</span> <span class='ocrx_word' id='word_1_840' title='bbox 2928 4206 3166 4261; x_wconf 88' lang='grc' dir='ltr'>τούτων·</span> <span class='ocrx_word' id='word_1_841' title='bbox 3201 4207 3283 4260; x_wconf 79' lang='grc' dir='ltr'>διὸ</span> <span class='ocrx_word' id='word_1_842' title='bbox 3325 4206 3421 4259; x_wconf 68' lang='grc' dir='ltr'>καὶ</span> 
     </span>
    </p>
   </div>
   <div class='ocr_carea' id='block_1_114' title="bbox 1833 4285 3419 4359">
    <p class='ocr_par' dir='ltr' id='par_1_114' title="bbox 1833 4285 3419 4359">
     <span class='ocr_line' id='line_1_114' title="bbox 1833 4285 3419 4359; baseline 0.004 -21"><span class='ocrx_word' id='word_1_843' title='bbox 1833 4286 2059 4351; x_wconf 81' lang='grc' dir='ltr'>ἐπάγει·</span> <span class='ocrx_word' id='word_1_844' title='bbox 2097 4287 2219 4339; x_wconf 82' lang='grc' dir='ltr'>Οὐκ</span> <span class='ocrx_word' id='word_1_845' title='bbox 2264 4285 2466 4341; x_wconf 78' lang='grc' dir='ltr'>οἴδατε</span> <span class='ocrx_word' id='word_1_846' title='bbox 2506 4286 2597 4341; x_wconf 83' lang='grc' dir='ltr'>ὅτι</span> <span class='ocrx_word' id='word_1_847' title='bbox 2620 4292 2806 4359; x_wconf 84' lang='grc' dir='ltr'>μικρὰ</span> <span class='ocrx_word' id='word_1_848' title='bbox 2839 4290 2986 4359; x_wconf 77' lang='grc' dir='ltr'>ζύμη</span> <span class='ocrx_word' id='word_1_849' title='bbox 3026 4290 3173 4344; x_wconf 69' lang='grc' dir='ltr'>ὅλον</span> <span class='ocrx_word' id='word_1_850' title='bbox 3202 4290 3269 4344; x_wconf 87' lang='grc' dir='ltr'>τὸ</span> <span class='ocrx_word' id='word_1_851' title='bbox 3303 4291 3419 4359; x_wconf 66' lang='grc' dir='ltr'>φύ-</span> 
     </span>
    </p>
   </div>
   <div class='ocr_carea' id='block_1_115' title="bbox 1823 4366 3418 4444">
    <p class='ocr_par' dir='ltr' id='par_1_115' title="bbox 1823 4366 3418 4444">
     <span class='ocr_line' id='line_1_115' title="bbox 1823 4366 3418 4444; baseline -0.016 -6"><span class='ocrx_word' id='word_1_852' title='bbox 1823 4385 1991 4438; x_wconf 76' lang='grc' dir='ltr'>Ραμα</span> <span class='ocrx_word' id='word_1_853' title='bbox 2015 4366 2218 4438; x_wconf 53' lang='grc' dir='ltr'>ζωμοῦ</span> <span class='ocrx_word' id='word_1_854' title='bbox 2253 4371 2316 4424; x_wconf 77' lang='grc' dir='ltr'><strong>Εἰ</strong></span> <span class='ocrx_word' id='word_1_855' title='bbox 2362 4371 2471 4443; x_wconf 85' lang='grc' dir='ltr'>γὰρ</span> <span class='ocrx_word' id='word_1_856' title='bbox 2511 4373 2607 4426; x_wconf 74' lang='grc' dir='ltr'>καὶ</span> <span class='ocrx_word' id='word_1_857' title='bbox 2632 4372 2842 4425; x_wconf 85' lang='grc' dir='ltr'>ἐκείνου</span> <span class='ocrx_word' id='word_1_858' title='bbox 2873 4373 2933 4425; x_wconf 82' lang='grc' dir='ltr'>τὸ</span> <span class='ocrx_word' id='word_1_859' title='bbox 2959 4372 3283 4444; x_wconf 80' lang='grc' dir='ltr'>ἁμάρτημα,</span> <span class='ocrx_word' id='word_1_860' title='bbox 3314 4389 3418 4443; x_wconf 77' lang='grc' dir='ltr'>φη-</span> 
     </span>
    </p>
   </div>
   <div class='ocr_carea' id='block_1_116' title="bbox 1834 4452 3417 4527">
    <p class='ocr_par' dir='ltr' id='par_1_116' title="bbox 1834 4452 3417 4527">
     <span class='ocr_line' id='line_1_116' title="bbox 1834 4452 3417 4527; baseline 0.004 -24"><span class='ocrx_word' id='word_1_861' title='bbox 1834 4453 1940 4513; x_wconf 75' lang='grc' dir='ltr'>σὶν,</span> <span class='ocrx_word' id='word_1_862' title='bbox 1977 4452 2092 4507; x_wconf 79' lang='grc' dir='ltr'>ἀλλ’</span> <span class='ocrx_word' id='word_1_863' title='bbox 2144 4453 2520 4525; x_wconf 86' lang='grc' dir='ltr'>ἀμελούμενον</span> <span class='ocrx_word' id='word_1_864' title='bbox 2569 4456 2796 4510; x_wconf 86' lang='grc' dir='ltr'>δύναται</span> <span class='ocrx_word' id='word_1_865' title='bbox 2836 4458 2929 4510; x_wconf 80' lang='grc' dir='ltr'>καὶ</span> <span class='ocrx_word' id='word_1_866' title='bbox 2977 4455 3039 4509; x_wconf 79' lang='grc' dir='ltr'>τὸ</span> <span class='ocrx_word' id='word_1_867' title='bbox 3084 4453 3269 4509; x_wconf 78' lang='grc' dir='ltr'>λοιπὸν</span> <span class='ocrx_word' id='word_1_868' title='bbox 3320 4454 3417 4527; x_wconf 75' lang='grc' dir='ltr'>τῆς</span> 
     </span>
    </p>
   </div>
   <div class='ocr_carea' id='block_1_117' title="bbox 1844 4535 3418 4611">
    <p class='ocr_par' dir='ltr' id='par_1_117' title="bbox 1844 4535 3418 4611">
     <span class='ocr_line' id='line_1_117' title="bbox 1844 4535 3418 4611; baseline 0.003 -24"><span class='ocrx_word' id='word_1_869' title='bbox 1844 4535 2176 4607; x_wconf 87' lang='grc' dir='ltr'>Ἐκκλησίας</span> <span class='ocrx_word' id='word_1_870' title='bbox 2204 4536 2367 4608; x_wconf 87' lang='grc' dir='ltr'>σῶμα</span> <span class='ocrx_word' id='word_1_871' title='bbox 2398 4537 2764 4610; x_wconf 85' lang='grc' dir='ltr'>λυμήνασθαι.</span> <span class='ocrx_word' id='word_1_872' title='bbox 2799 4540 2972 4593; x_wconf 81' lang='grc' dir='ltr'>Ὅταν</span> <span class='ocrx_word' id='word_1_873' title='bbox 3004 4539 3112 4608; x_wconf 83' lang='grc' dir='ltr'>γὰρ</span> <span class='ocrx_word' id='word_1_874' title='bbox 3142 4538 3170 4591; x_wconf 83' lang='grc' dir='ltr'>ό</span> <span class='ocrx_word' id='word_1_875' title='bbox 3201 4537 3418 4611; x_wconf 83' lang='grc' dir='ltr'>πρῶτος</span> 
     </span>
    </p>
   </div>
   <div class='ocr_carea' id='block_1_118' title="bbox 1832 4618 3415 4693">
    <p class='ocr_par' dir='ltr' id='par_1_118' title="bbox 1832 4618 3415 4693">
     <span class='ocr_line' id='line_1_118' title="bbox 1832 4618 3415 4693; baseline 0.001 -20"><span class='ocrx_word' id='word_1_876' title='bbox 1832 4620 2095 4692; x_wconf 88' lang='grc' dir='ltr'>ἁμαρτὼν</span> <span class='ocrx_word' id='word_1_877' title='bbox 2152 4620 2227 4691; x_wconf 81' lang='grc' dir='ltr'>μὴ</span> <span class='ocrx_word' id='word_1_878' title='bbox 2276 4621 2353 4690; x_wconf 84' lang='grc' dir='ltr'>δῷ</span> <span class='ocrx_word' id='word_1_879' title='bbox 2398 4618 2576 4692; x_wconf 86' lang='grc' dir='ltr'>δίκην,</span> <span class='ocrx_word' id='word_1_880' title='bbox 2615 4621 2825 4692; x_wconf 87' lang='grc' dir='ltr'>ταχέως</span> <span class='ocrx_word' id='word_1_881' title='bbox 2872 4624 2967 4676; x_wconf 85' lang='grc' dir='ltr'>καὶ</span> <span class='ocrx_word' id='word_1_882' title='bbox 3022 4623 3198 4693; x_wconf 72' lang='grc' dir='ltr'>ἕτεροι</span> <span class='ocrx_word' id='word_1_883' title='bbox 3242 4620 3415 4676; x_wconf 85' lang='grc' dir='ltr'>ταῦτα</span> 
     </span>
    </p>
   </div>
   <div class='ocr_carea' id='block_1_119' title="bbox 1832 4703 3415 4776">
    <p class='ocr_par' dir='ltr' id='par_1_119' title="bbox 1832 4703 3415 4776">
     <span class='ocr_line' id='line_1_119' title="bbox 1832 4703 3415 4776; baseline 0.002 -20"><span class='ocrx_word' id='word_1_884' title='bbox 1832 4704 2305 4775; x_wconf 83' lang='grc' dir='ltr'>πλημμελήσουσι.</span> <span class='ocrx_word' id='word_1_885' title='bbox 2359 4704 2545 4758; x_wconf 85' lang='grc' dir='ltr'>Ταῦτα</span> <span class='ocrx_word' id='word_1_886' title='bbox 2593 4703 2651 4758; x_wconf 89' lang='grc' dir='ltr'>δέ</span> <span class='ocrx_word' id='word_1_887' title='bbox 2698 4705 2867 4774; x_wconf 87' lang='grc' dir='ltr'>λέγει,</span> <span class='ocrx_word' id='word_1_888' title='bbox 2897 4706 3111 4769; x_wconf 81' lang='grc' dir='ltr'>δεικνὺς</span> <span class='ocrx_word' id='word_1_889' title='bbox 3141 4705 3224 4760; x_wconf 83' lang='grc' dir='ltr'>ὅτι</span> <span class='ocrx_word' id='word_1_890' title='bbox 3274 4704 3415 4776; x_wconf 79' lang='grc' dir='ltr'>ὑπὲρ</span> 
     </span>
    </p>
   </div>
   <div class='ocr_carea' id='block_1_120' title="bbox 1829 4785 3414 4859">
    <p class='ocr_par' dir='ltr' id='par_1_120' title="bbox 1829 4785 3414 4859">
     <span class='ocr_line' id='line_1_120' title="bbox 1829 4785 3414 4859; baseline -0.001 -18"><span class='ocrx_word' id='word_1_891' title='bbox 1829 4789 1958 4857; x_wconf 84' lang='grc' dir='ltr'>ὅλης</span> <span class='ocrx_word' id='word_1_892' title='bbox 2002 4785 2103 4855; x_wconf 81' lang='grc' dir='ltr'>τῆς</span> <span class='ocrx_word' id='word_1_893' title='bbox 2139 4786 2489 4856; x_wconf 84' lang='grc' dir='ltr'>Ἐκκλησίας,</span> <span class='ocrx_word' id='word_1_894' title='bbox 2520 4788 2618 4859; x_wconf 81' lang='grc' dir='ltr'>οὐχ</span> <span class='ocrx_word' id='word_1_895' title='bbox 2656 4789 2795 4857; x_wconf 76' lang='grc' dir='ltr'>ὑπὲρ</span> <span class='ocrx_word' id='word_1_896' title='bbox 2826 4790 2944 4852; x_wconf 80' lang='grc' dir='ltr'>ἐνὸς</span> <span class='ocrx_word' id='word_1_897' title='bbox 2980 4789 3165 4851; x_wconf 82' lang='grc' dir='ltr'>αὐτοῖς</span> <span class='ocrx_word' id='word_1_898' title='bbox 3204 4788 3352 4839; x_wconf 86' lang='grc' dir='ltr'>ἐστιν</span> <span class='ocrx_word' id='word_1_899' title='bbox 3383 4788 3414 4839; x_wconf 87' lang='grc' dir='ltr'>ό</span> 
     </span>
    </p>
   </div>
   <div class='ocr_carea' id='block_1_121' title="bbox 1828 4869 3411 4940">
    <p class='ocr_par' dir='ltr' id='par_1_121' title="bbox 1828 4869 3411 4940">
     <span class='ocr_line' id='line_1_121' title="bbox 1828 4869 3411 4940; baseline -0.001 -15"><span class='ocrx_word' id='word_1_900' title='bbox 1828 4869 1979 4940; x_wconf 87' lang='grc' dir='ltr'>ἀγὼν</span> <span class='ocrx_word' id='word_1_901' title='bbox 2008 4870 2101 4923; x_wconf 77' lang='grc' dir='ltr'>καὶ</span> <span class='ocrx_word' id='word_1_902' title='bbox 2129 4871 2157 4924; x_wconf 89' lang='grc' dir='ltr'>ό</span> <span class='ocrx_word' id='word_1_903' title='bbox 2191 4870 2436 4933; x_wconf 87' lang='grc' dir='ltr'>κίνδυνος</span> <span class='ocrx_word' id='word_1_904' title='bbox 2456 4888 2468 4899; x_wconf 94' lang='grc'>·</span> <span class='ocrx_word' id='word_1_905' title='bbox 2499 4871 2580 4924; x_wconf 82' lang='grc' dir='ltr'>διὸ</span> <span class='ocrx_word' id='word_1_906' title='bbox 2608 4873 2704 4924; x_wconf 75' lang='grc' dir='ltr'>καὶ</span> <span class='ocrx_word' id='word_1_907' title='bbox 2734 4871 2835 4939; x_wconf 79' lang='grc' dir='ltr'>τῆς</span> <span class='ocrx_word' id='word_1_908' title='bbox 2862 4872 3067 4935; x_wconf 77' lang='grc' dir='ltr'>εἰκόνος</span> <span class='ocrx_word' id='word_1_909' title='bbox 3091 4869 3283 4940; x_wconf 81' lang='grc' dir='ltr'>ἐδεήθη</span> <span class='ocrx_word' id='word_1_910' title='bbox 3311 4870 3411 4939; x_wconf 78' lang='grc' dir='ltr'>τῆς</span> 
     </span>
    </p>
   </div>
   <div class='ocr_carea' id='block_1_122' title="bbox 1829 4946 3409 5029">
    <p class='ocr_par' dir='ltr' id='par_1_122' title="bbox 1829 4946 3409 5029">
     <span class='ocr_line' id='line_1_122' title="bbox 1829 4946 3409 5029; baseline 0 -25"><span class='ocrx_word' id='word_1_911' title='bbox 1829 4952 2029 5022; x_wconf 86' lang='grc' dir='ltr'>ζύμης.</span> <span class='ocrx_word' id='word_1_912' title='bbox 2062 4953 2272 5025; x_wconf 78' lang='grc' dir='ltr'>Ὠσπερ</span> <span class='ocrx_word' id='word_1_913' title='bbox 2300 4955 2407 5027; x_wconf 89' lang='grc' dir='ltr'>γὰρ</span> <span class='ocrx_word' id='word_1_914' title='bbox 2446 4954 2654 5023; x_wconf 87' lang='grc' dir='ltr'>ἐκείνη,</span> <span class='ocrx_word' id='word_1_915' title='bbox 2685 4954 2838 5022; x_wconf 78' lang='grc' dir='ltr'>φησὶ,</span> <span class='ocrx_word' id='word_1_916' title='bbox 2875 4954 2969 5007; x_wconf 76' lang='grc' dir='ltr'>καὶ</span> <span class='ocrx_word' id='word_1_917' title='bbox 2996 4952 3221 5029; x_wconf 77' lang='grc' dir='ltr'>βραχεῖα</span> <span class='ocrx_word' id='word_1_918' title='bbox 3251 4946 3409 5014; x_wconf 88' lang='grc' dir='ltr'>οῦσα,</span> 
     </span>
    </p>
   </div>
   <div class='ocr_carea' id='block_1_123' title="bbox 1826 5032 3411 5107">
    <p class='ocr_par' dir='ltr' id='par_1_123' title="bbox 1826 5032 3411 5107">
     <span class='ocr_line' id='line_1_123' title="bbox 1826 5032 3411 5107; baseline -0.002 -18"><span class='ocrx_word' id='word_1_919' title='bbox 1826 5036 1947 5089; x_wconf 86' lang='grc' dir='ltr'>ὅλον</span> <span class='ocrx_word' id='word_1_920' title='bbox 1991 5036 2131 5107; x_wconf 71' lang='grc' dir='ltr'>πρὸς</span> <span class='ocrx_word' id='word_1_921' title='bbox 2169 5036 2369 5107; x_wconf 78' lang='grc' dir='ltr'>ἐαυτήν</span> <span class='ocrx_word' id='word_1_922' title='bbox 2399 5036 2725 5107; x_wconf 82' lang='grc' dir='ltr'>μεταϐάλλει</span> <span class='ocrx_word' id='word_1_923' title='bbox 2753 5034 2814 5091; x_wconf 80' lang='grc' dir='ltr'>τὸ</span> <span class='ocrx_word' id='word_1_924' title='bbox 2844 5033 3073 5105; x_wconf 80' lang='grc' dir='ltr'>φύραμα</span> <span class='ocrx_word' id='word_1_925' title='bbox 3092 5051 3105 5064; x_wconf 90' lang='grc'>·</span> <span class='ocrx_word' id='word_1_926' title='bbox 3142 5032 3284 5087; x_wconf 77' lang='grc' dir='ltr'>οὕτω</span> <span class='ocrx_word' id='word_1_927' title='bbox 3315 5035 3411 5088; x_wconf 74' lang='grc' dir='ltr'>καὶ</span> 
     </span>
    </p>
   </div>
   <div class='ocr_carea' id='block_1_124' title="bbox 1826 5111 3406 5190">
    <p class='ocr_par' dir='ltr' id='par_1_124' title="bbox 1826 5111 3406 5190">
     <span class='ocr_line' id='line_1_124' title="bbox 1826 5111 3406 5190; baseline -0.001 -20"><span class='ocrx_word' id='word_1_928' title='bbox 1826 5111 2005 5186; x_wconf 76' lang='grc' dir='ltr'>οὗτος,</span> <span class='ocrx_word' id='word_1_929' title='bbox 2068 5121 2135 5174; x_wconf 88' lang='grc' dir='ltr'>ἂν</span> <span class='ocrx_word' id='word_1_930' title='bbox 2188 5118 2363 5189; x_wconf 82' lang='grc' dir='ltr'>ἀφεθῇ</span> <span class='ocrx_word' id='word_1_931' title='bbox 2424 5116 2773 5190; x_wconf 84' lang='grc' dir='ltr'>ἀτιμώρητος</span> <span class='ocrx_word' id='word_1_932' title='bbox 2833 5117 2925 5171; x_wconf 71' lang='grc' dir='ltr'>καὶ</span> <span class='ocrx_word' id='word_1_933' title='bbox 2976 5117 3329 5188; x_wconf 82' lang='grc' dir='ltr'>ἀνεκδίκητος</span> <span class='ocrx_word' id='word_1_934' title='bbox 3372 5121 3406 5190; x_wconf 64' lang='lat' dir='ltr'><strong>ﬁ</strong></span> 
     </span>
    </p>
   </div>
   <div class='ocr_carea' id='block_1_125' title="bbox 1826 5202 3406 5277">
    <p class='ocr_par' dir='ltr' id='par_1_125' title="bbox 1826 5202 3406 5277">
     <span class='ocr_line' id='line_1_125' title="bbox 1826 5202 3406 5277; baseline 0 -19"><span class='ocrx_word' id='word_1_935' title='bbox 1826 5206 2074 5277; x_wconf 78' lang='grc' dir='ltr'>ἁμαρτία</span> <span class='ocrx_word' id='word_1_936' title='bbox 2100 5204 2239 5275; x_wconf 85' lang='grc' dir='ltr'>αὓτη</span> <span class='ocrx_word' id='word_1_937' title='bbox 2276 5204 2524 5275; x_wconf 88' lang='grc' dir='ltr'>γένηται,</span> <span class='ocrx_word' id='word_1_938' title='bbox 2552 5204 2646 5259; x_wconf 69' lang='grc' dir='ltr'>καὶ</span> <span class='ocrx_word' id='word_1_939' title='bbox 2687 5206 2798 5269; x_wconf 84' lang='grc' dir='ltr'>τοῖς</span> <span class='ocrx_word' id='word_1_940' title='bbox 2826 5203 3030 5265; x_wconf 82' lang='grc' dir='ltr'>λοιποῖς</span> <span class='ocrx_word' id='word_1_941' title='bbox 3065 5202 3406 5274; x_wconf 84' lang='grc' dir='ltr'>λυμανεῖται.</span> 
     </span>
    </p>
   </div>
   <div class='ocr_carea' id='block_1_126' title="bbox 1838 5285 3407 5357">
    <p class='ocr_par' dir='ltr' id='par_1_126' title="bbox 1838 5285 3407 5357">
     <span class='ocr_line' id='line_1_126' title="bbox 1838 5285 3407 5357; baseline 0 -18"><span class='ocrx_word' id='word_1_942' title='bbox 1838 5286 2231 5357; x_wconf 80' lang='grc' dir='ltr'>Ἐκκαθὰρατε</span> <span class='ocrx_word' id='word_1_943' title='bbox 2285 5287 2400 5355; x_wconf 80' lang='grc' dir='ltr'>τὴν</span> <span class='ocrx_word' id='word_1_944' title='bbox 2429 5286 2698 5344; x_wconf 68' lang='grc' dir='ltr'>παλαιὰν</span> <span class='ocrx_word' id='word_1_945' title='bbox 2731 5285 2935 5356; x_wconf 81' lang='grc' dir='ltr'>ζύμην.</span> <span class='ocrx_word' id='word_1_946' title='bbox 2986 5285 3265 5349; x_wconf 87' lang='grc' dir='ltr'>Τουτέστι,</span> <span class='ocrx_word' id='word_1_947' title='bbox 3316 5286 3407 5339; x_wconf 71' lang='grc' dir='ltr'>τὸν</span> 
     </span>
    </p>
   </div>
   <div class='ocr_carea' id='block_1_127' title="bbox 1826 5368 3407 5443">
    <p class='ocr_par' dir='ltr' id='par_1_127' title="bbox 1826 5368 3407 5443">
     <span class='ocr_line' id='line_1_127' title="bbox 1826 5368 3407 5443; baseline 0.001 -20"><span class='ocrx_word' id='word_1_948' title='bbox 1826 5372 2059 5443; x_wconf 82' lang='grc' dir='ltr'>πονηρὸν</span> <span class='ocrx_word' id='word_1_949' title='bbox 2103 5371 2292 5425; x_wconf 88' lang='grc' dir='ltr'>τοῦτον</span> <span class='ocrx_word' id='word_1_950' title='bbox 2312 5387 2324 5399; x_wconf 92' lang='grc'>·</span> <span class='ocrx_word' id='word_1_951' title='bbox 2380 5368 2580 5441; x_wconf 78' lang='grc' dir='ltr'>μᾶλλον</span> <span class='ocrx_word' id='word_1_952' title='bbox 2620 5370 2677 5424; x_wconf 69' lang='grc' dir='ltr'>δὲ</span> <span class='ocrx_word' id='word_1_953' title='bbox 2726 5371 2787 5424; x_wconf 78' lang='grc' dir='ltr'>οὐ</span> <span class='ocrx_word' id='word_1_954' title='bbox 2839 5368 2973 5441; x_wconf 76' lang='grc' dir='ltr'>περὶ</span> <span class='ocrx_word' id='word_1_955' title='bbox 3006 5370 3195 5423; x_wconf 88' lang='grc' dir='ltr'>τούτου</span> <span class='ocrx_word' id='word_1_956' title='bbox 3246 5370 3407 5441; x_wconf 86' lang='grc' dir='ltr'>μόνον</span> 
     </span>
    </p>
   </div>
   <div class='ocr_carea' id='block_1_128' title="bbox 1823 5452 3405 5526">
    <p class='ocr_par' dir='ltr' id='par_1_128' title="bbox 1823 5452 3405 5526">
     <span class='ocr_line' id='line_1_128' title="bbox 1823 5452 3405 5526; baseline -0.001 -18"><span class='ocrx_word' id='word_1_957' title='bbox 1823 5457 2010 5526; x_wconf 77' lang='grc' dir='ltr'>φησὶν,</span> <span class='ocrx_word' id='word_1_958' title='bbox 2052 5452 2188 5508; x_wconf 88' lang='grc' dir='ltr'>ἀλλά</span> <span class='ocrx_word' id='word_1_959' title='bbox 2216 5453 2310 5511; x_wconf 79' lang='grc' dir='ltr'>καὶ</span> <span class='ocrx_word' id='word_1_960' title='bbox 2337 5453 2531 5515; x_wconf 80' lang='grc' dir='ltr'>ἄλλους</span> <span class='ocrx_word' id='word_1_961' title='bbox 2570 5452 2884 5507; x_wconf 73' lang='grc' dir='ltr'>αἰνίττεται.</span> <span class='ocrx_word' id='word_1_962' title='bbox 2919 5453 2994 5507; x_wconf 84' lang='grc' dir='ltr'>οὐ</span> <span class='ocrx_word' id='word_1_963' title='bbox 3039 5452 3147 5524; x_wconf 89' lang='lat'>7&amp;9</span> <span class='ocrx_word' id='word_1_964' title='bbox 3179 5454 3405 5526; x_wconf 86' lang='grc' dir='ltr'>πορνεία</span> 
     </span>
    </p>
   </div>
   <div class='ocr_carea' id='block_1_129' title="bbox 1826 5537 3403 5611">
    <p class='ocr_par' dir='ltr' id='par_1_129' title="bbox 1826 5537 3403 5611">
     <span class='ocr_line' id='line_1_129' title="bbox 1826 5537 3403 5611; baseline 0.001 -17"><span class='ocrx_word' id='word_1_965' title='bbox 1826 5542 1987 5611; x_wconf 88' lang='grc' dir='ltr'>μόνον</span> <span class='ocrx_word' id='word_1_966' title='bbox 2016 5539 2226 5595; x_wconf 87' lang='grc' dir='ltr'>παλαιά</span> <span class='ocrx_word' id='word_1_967' title='bbox 2254 5537 2427 5609; x_wconf 86' lang='grc' dir='ltr'>ζύμη,</span> <span class='ocrx_word' id='word_1_968' title='bbox 2456 5538 2598 5591; x_wconf 87' lang='grc' dir='ltr'>ἀλλά</span> <span class='ocrx_word' id='word_1_969' title='bbox 2634 5539 2730 5592; x_wconf 80' lang='grc' dir='ltr'>καὶ</span> <span class='ocrx_word' id='word_1_970' title='bbox 2762 5541 2913 5592; x_wconf 78' lang='grc' dir='ltr'>πᾶσα</span> <span class='ocrx_word' id='word_1_971' title='bbox 2939 5537 3129 5593; x_wconf 84' lang='grc' dir='ltr'>κακία.</span> <span class='ocrx_word' id='word_1_972' title='bbox 3166 5538 3278 5595; x_wconf 79' lang='lat' dir='ltr'>Kal</span> <span class='ocrx_word' id='word_1_973' title='bbox 3300 5538 3403 5595; x_wconf 83' lang='grc' dir='ltr'>οὐκ</span> 
     </span>
    </p>
   </div>
   <div class='ocr_carea' id='block_1_130' title="bbox 1821 5620 3400 5694">
    <p class='ocr_par' dir='ltr' id='par_1_130' title="bbox 1821 5620 3400 5694">
     <span class='ocr_line' id='line_1_130' title="bbox 1821 5620 3400 5694; baseline -0.004 -14"><span class='ocrx_word' id='word_1_974' title='bbox 1821 5622 1965 5689; x_wconf 84' lang='grc' dir='ltr'>εῐπε,</span> <span class='ocrx_word' id='word_1_975' title='bbox 2014 5622 2333 5693; x_wconf 80' lang='grc' dir='ltr'>Καθάρατε,</span> <span class='ocrx_word' id='word_1_976' title='bbox 2381 5623 2518 5688; x_wconf 83' lang='grc' dir='ltr'>ἀλλ’,</span> <span class='ocrx_word' id='word_1_977' title='bbox 2561 5620 2992 5692; x_wconf 77' lang='grc' dir='ltr'>Ἐκκαθάρατε·</span> <span class='ocrx_word' id='word_1_978' title='bbox 3040 5621 3179 5694; x_wconf 84' lang='grc' dir='ltr'>μετά</span> <span class='ocrx_word' id='word_1_979' title='bbox 3235 5624 3400 5693; x_wconf 77' lang='grc' dir='ltr'>ἀκρι-</span> 
     </span>
    </p>
   </div>
   <div class='ocr_carea' id='block_1_131' title="bbox 1820 5704 3400 5778">
    <p class='ocr_par' dir='ltr' id='par_1_131' title="bbox 1820 5704 3400 5778">
     <span class='ocr_line' id='line_1_131' title="bbox 1820 5704 3400 5778; baseline -0.003 -17"><span class='ocrx_word' id='word_1_980' title='bbox 1820 5708 1973 5771; x_wconf 86' lang='grc' dir='ltr'>ϐείας</span> <span class='ocrx_word' id='word_1_981' title='bbox 2020 5707 2319 5778; x_wconf 80' lang='grc' dir='ltr'>καθάρατε,</span> <span class='ocrx_word' id='word_1_982' title='bbox 2377 5705 2517 5761; x_wconf 79' lang='grc' dir='ltr'>ὥστε</span> <span class='ocrx_word' id='word_1_983' title='bbox 2558 5705 2693 5776; x_wconf 84' lang='grc' dir='ltr'>μηδέ</span> <span class='ocrx_word' id='word_1_984' title='bbox 2738 5704 2989 5775; x_wconf 75' lang='grc' dir='ltr'>λείψανον</span> <span class='ocrx_word' id='word_1_985' title='bbox 3050 5704 3185 5775; x_wconf 69' lang='grc' dir='ltr'>μηδὲ</span> <span class='ocrx_word' id='word_1_986' title='bbox 3240 5706 3400 5759; x_wconf 85' lang='grc' dir='ltr'>σκιάν</span> 
     </span>
    </p>
   </div>
   <div class='ocr_carea' id='block_1_132' title="bbox 1819 5782 3396 5859">
    <p class='ocr_par' dir='ltr' id='par_1_132' title="bbox 1819 5782 3396 5859">
     <span class='ocr_line' id='line_1_132' title="bbox 1819 5782 3396 5859; baseline -0.004 -13"><span class='ocrx_word' id='word_1_987' title='bbox 1819 5790 1960 5847; x_wconf 79' lang='grc' dir='ltr'>εἶναι</span> <span class='ocrx_word' id='word_1_988' title='bbox 1993 5789 2267 5859; x_wconf 85' lang='grc' dir='ltr'>τοιαύτην.</span> <span class='ocrx_word' id='word_1_989' title='bbox 2302 5788 2393 5859; x_wconf 81' lang='grc' dir='ltr'>Τῷ</span> <span class='ocrx_word' id='word_1_990' title='bbox 2444 5788 2543 5858; x_wconf 80' lang='grc' dir='ltr'>μὲν</span> <span class='ocrx_word' id='word_1_991' title='bbox 2575 5782 2668 5841; x_wconf 82' lang='grc' dir='ltr'>οῦν</span> <span class='ocrx_word' id='word_1_992' title='bbox 2720 5789 2916 5852; x_wconf 73' lang='grc' dir='ltr'>εἰπεῖν,</span> <span class='ocrx_word' id='word_1_993' title='bbox 2974 5785 3396 5855; x_wconf 77' lang='grc' dir='ltr'>Ἔκκαθὰρατε,</span> 
     </span>
    </p>
   </div>
   <div class='ocr_carea' id='block_1_133' title="bbox 1816 5865 3396 5942">
    <p class='ocr_par' dir='ltr' id='par_1_133' title="bbox 1816 5865 3396 5942">
     <span class='ocr_line' id='line_1_133' title="bbox 1816 5865 3396 5942; baseline -0.007 -13"><span class='ocrx_word' id='word_1_994' title='bbox 1816 5874 2089 5929; x_wconf 86' lang='grc' dir='ltr'>δείκνυσιν</span> <span class='ocrx_word' id='word_1_995' title='bbox 2137 5872 2216 5930; x_wconf 68' lang='grc' dir='ltr'>ἔτι</span> <span class='ocrx_word' id='word_1_996' title='bbox 2269 5870 2535 5941; x_wconf 83' lang='grc' dir='ltr'>πονηρίαν</span> <span class='ocrx_word' id='word_1_997' title='bbox 2583 5871 2714 5942; x_wconf 84' lang='grc' dir='ltr'>παρ’</span> <span class='ocrx_word' id='word_1_998' title='bbox 2765 5870 2946 5933; x_wconf 68' lang='grc' dir='ltr'>αὐτοῖς</span> <span class='ocrx_word' id='word_1_999' title='bbox 2974 5865 3173 5925; x_wconf 83' lang='grc' dir='ltr'>οὖσαν·</span> <span class='ocrx_word' id='word_1_1000' title='bbox 3209 5870 3289 5940; x_wconf 81' lang='grc' dir='ltr'>τῷ</span> <span class='ocrx_word' id='word_1_1001' title='bbox 3338 5870 3396 5924; x_wconf 73' lang='grc' dir='ltr'>δι</span> 
     </span>
    </p>
   </div>
   <div class='ocr_carea' id='block_1_134' title="bbox 1818 5959 3388 6035">
    <p class='ocr_par' dir='ltr' id='par_1_134' title="bbox 1818 5959 3388 6035">
     <span class='ocr_line' id='line_1_134' title="bbox 1818 5959 3388 6035; baseline -0.003 -15"><span class='ocrx_word' id='word_1_1002' title='bbox 1818 5968 2013 6031; x_wconf 73' lang='grc' dir='ltr'>ιίπιῖν,</span> <span class='ocrx_word' id='word_1_1003' title='bbox 2047 5966 2171 6022; x_wconf 80' lang='grc' dir='ltr'>Ἵνα</span> <span class='ocrx_word' id='word_1_1004' title='bbox 2198 5961 2300 6035; x_wconf 80' lang='grc' dir='ltr'>ἥτε</span> <span class='ocrx_word' id='word_1_1005' title='bbox 2323 5963 2464 6019; x_wconf 77' lang='grc' dir='ltr'>νέον</span> <span class='ocrx_word' id='word_1_1006' title='bbox 2488 5964 2753 6034; x_wconf 71' lang='grc' dir='ltr'>φύραμα,</span> <span class='ocrx_word' id='word_1_1007' title='bbox 2781 5961 2974 6031; x_wconf 82' lang='grc' dir='ltr'>καθώς</span> <span class='ocrx_word' id='word_1_1008' title='bbox 2999 5961 3138 6018; x_wconf 78' lang='grc' dir='ltr'>ἐστε</span> <span class='ocrx_word' id='word_1_1009' title='bbox 3159 5959 3388 6032; x_wconf 76' lang='grc' dir='ltr'>ἀζυμοι,</span> 
     </span>
    </p>
   </div>
  </div>
