4084 6328
649 380 751 436 123

642 491 792 563 δηλοῖ
821 493 910 546 καὶ
943 491 1194 564 ἐμφαίνει
1221 496 1282 549 οὐ
1313 501 1518 573 σφόδρα
1541 501 1753 556 πολλῶν
1780 499 2087 571 κρατοῦσαν
2119 498 2217 569 τὴν

645 576 863 632 κακίαν.
898 576 958 631 Εἰ
986 579 1041 631 δέ
1078 579 1244 649 λέγει,
1283 586 1486 652 Καθὼς
1523 585 1664 640 ἐστε
1701 585 1926 654 ἄζυμοι,
1972 583 2031 636 οὐ
2060 582 2220 634 τοῦτο

645 660 814 728 λέγει,
841 662 918 715 δτι
962 664 1162 728 πάντες
1191 660 1330 735 ἦσαν
1361 667 1611 738 καθαροὶ,
1638 668 1775 722 ἀλλά
1800 668 1982 730 καθὼς
2017 667 2220 737 πρέπει

645 739 780 796 εἶναι
829 745 994 813 ὑμᾶς.
1029 747 1135 800 Καὶ
1171 748 1280 817 γὰρ
1320 749 1387 802 τὸ
1428 750 1638 819 πάσχα
1670 751 1838 820 ἡμῶν
1870 751 2021 818 ὑπὲρ
2055 747 2226 816 ἡμῶν

641 828 843 894 ἐτύθη,
887 831 1161 898 Χριστός.
1204 831 1384 886 Ὥστε
1436 834 1798 904 ἑορτάζωμεν
1827 836 1915 905 μὴ
1955 837 2024 888 ὲν
2075 833 2222 901 ζῢμῃ

642 908 893 976 παλαιᾷ,
927 912 1085 979 μηδὲ
1104 913 1173 965 ἐν
1195 912 1341 983 ζῢμῃ
1370 918 1584 981 κακίας
1608 917 1704 969 καί
1736 919 2049 985 πονηρίας,
2083 917 2222 970 ἀλλ’

642 997 712 1047 ἐν
742 994 983 1064 ἀζύμοις
1010 998 1387 1066 είλικρινείας
1414 1002 1513 1054 καί
1545 1003 1850 1068 ἀληθείας.
1886 1000 2043 1052 Οὕτω
2074 1000 2167 1052 καὶ
2195 1001 2223 1052 ὁ

643 1077 879 1146 Χριστὸς
908 1078 1088 1149 ζύμην
1117 1082 1213 1148 τὴν
1235 1081 1581 1136 διδασκαλίαν
1612 1085 1857 1136 ἐκάλεσε.
1909 1085 2019 1136 Καὶ
2060 1081 2222 1142 αὐτος

642 1160 701 1213 δὲ
750 1162 998 1230 ἐπιμένει
1041 1167 1105 1234 τῇ
1150 1167 1453 1236 μεταφορᾷ,
1498 1168 1931 1236 ἀναμιμνήσκων
1985 1165 2220 1227 παλαιᾶς

644 1242 840 1306 αὐτοὺς
890 1245 1149 1317 ἱστορίας,
1199 1250 1292 1300 καὶ
1344 1250 1528 1318 πάσχα
1563 1250 1656 1301 καὶ
1704 1247 1934 1318 ἀζύμων
1965 1249 2058 1301 καὶ
2111 1247 2220 1300 τῶν

644 1327 972 1398 εὐεργεσιῶν
997 1332 1105 1383 τῶν
1135 1331 1253 1384 τότε
1279 1332 1372 1384 καὶ
1399 1335 1509 1386 τῶν
1537 1333 1652 1395 νῦν,
1681 1333 1772 1386 καὶ
1802 1332 1910 1386 τῶν
1945 1331 2223 1384 κολάσεων

643 1413 735 1464 καὶ
763 1414 870 1466 τῶν
902 1415 1201 1486 τιμωριῶν.

727 1501 953 1574 Ἐορτῆς
981 1505 1090 1573 ἄρα
1129 1503 1374 1575 όπαρὼν
1424 1507 1636 1576 καιρός.
1698 1508 1808 1559 Καὶ
1865 1507 1974 1576 γάρ
2022 1505 2213 1570 εἰπὼν,

653 1587 1067 1654 Ἑόρτάζωμεν,
1121 1590 1220 1642 οὐκ
1301 1589 1500 1659 ἐπειδὴ
1542 1591 1742 1659 Πάσχα
1821 1593 2040 1660 παρῆν,
2096 1588 2219 1642 οὐδὲ

642 1669 831 1737 ἐπειδὴ
863 1669 896 1738 ἡ
923 1671 1292 1741 Πεντηκοστὴ,
1329 1672 1540 1740 ἔλεγεν,
1598 1673 1734 1726 ἀλλὰ
1761 1673 1978 1736 δεικνὺς
2005 1673 2084 1724 ὄτι
2109 1673 2218 1735 πᾶς

640 1750 670 1801 6
707 1753 898 1821 χρόνος
951 1754 1142 1824 ἑορτῆς
1194 1757 1309 1806 ἐστι
1362 1755 1552 1826 καιρὸς
1603 1759 1714 1819 τοῖς
1759 1757 2105 1826 Χριστιανοῖς
2131 1756 2217 1808 διὰ

641 1832 738 1904 τὴν
768 1835 1072 1905 ὑπερϐολὴν
1097 1836 1206 1889 τῶν
1237 1837 1499 1892 δοθέντων
1517 1839 1758 1906 ἀγαθῶν.
1793 1839 1858 1891 Τί
1889 1839 1996 1908 7&9
2027 1839 2086 1891 οὐ
2125 1837 2220 1906 γέ-

641 1934 797 1983 γονεν
838 1918 1082 1984 ἀγαθόνς
1138 1923 1164 1973 6
1206 1922 1333 1986 Υἱὸς
1381 1923 1472 1974 τοῦ
1509 1922 1643 1975 Θεοῦ
1686 1922 1973 1993 ἄνθρωπος
2028 1923 2217 1989 γέγονε

640 2000 730 2052 διὰ
791 2002 888 2054 σέο
960 2001 1191 2057 Θανάτου
1255 2024 1314 2058 σε
1375 2005 1720 2077 ἀπήλλαξεν,
1798 2007 1878 2067 είς
1940 2005 2216 2073 βασιλείαν

643 2083 920 2138 ἐκάλεσεν.
969 2088 1026 2140 '0
1060 2090 1316 2141 τοιούτων
1337 2090 1518 2143 τοίνυν
1560 2089 1836 2158 ἐπιτυχὼν
1871 2090 1935 2142 σὺ
1968 2090 2062 2141 καὶ
2095 2090 2219 2141 ἐπι-

642 2169 944 2239 τυγχάνων,
984 2171 1099 2233 πῶς
1120 2173 1220 2224 οὐκ
1268 2173 1506 2241 ὀφείλεις
1559 2173 1843 2244 ἑορτάζειν
1899 2173 2077 2226 πάντα
2127 2174 2218 2227 τὸν

644 2253 788 2322 βίονς
815 2253 967 2326 [129]
1007 2255 1213 2326 Μηδεὶς
1248 2256 1428 2310 τοίνυν
1460 2258 1600 2311 ἔστω
1634 2258 1886 2328 κατηφὴς
1917 2257 2009 2310 ἐπὶ
2054 2257 2218 2325 πενίᾳ.

643 2337 738 2388 καὶ
761 2339 903 2409 νόσῳ
927 2339 1022 2392 καὶ
1055 2339 1318 2410 ἐπιϐουλῇ
1345 2358 1356 2370 ·
1384 2341 1581 2410 ἑορτῆς
1611 2340 1720 2410 γάρ
1766 2340 1924 2410 ἡμῶν
1961 2339 1989 2391 6
2027 2339 2219 2408 καιρὸς

640 2422 804 2487 ᾶπας.
852 2424 943 2477 Διό
993 2427 1215 2492 φησινό
1275 2424 1516 2487 Παῦλος
1578 2426 1820 2491 Χαίρετε
1876 2425 1946 2478 ἐν
2001 2424 2217 2492 Κυρίῳ,

643 2509 899 2574 χαίρετε,
928 2505 1117 2558 πάλιν
1145 2505 1278 2571 ἐρῶ,
1316 2507 1572 2575 χαίρετε.
1615 2507 1706 2559 Ἐν
1736 2509 1857 2569 ταῖς
1889 2508 2104 2577 ἑορταῖς
2128 2507 2217 2558 ού-

638 2589 750 2652 δεὶς
781 2591 1004 2661 ῥυπαρά
1026 2590 1297 2644 ἐνδέδυται
1319 2591 1510 2660 ἱμάτια
1538 2607 1550 2619 ⁸
1574 2590 1647 2662 μὴ
1676 2592 1855 2644 τοίνυν
1871 2591 2017 2660 μηδέ-
2035 2593 2214 2660 ἡμεῖς·

640 2671 813 2742 γάμοι
837 2673 945 2742 7&9
977 2675 1255 2742 γεγόνασι,
1285 2675 1452 2743 γάμοι
1497 2672 1882 2741 πνευματικοί.
1934 2671 2218 2740 Ὡμοιώθη

639 2755 769 2825 7&9,
807 2757 990 2825 φησὶν,
1023 2757 1061 2822 ἡ
1090 2758 1384 2821 βασιλεία
1415 2755 1534 2810 τῶν
1571 2756 1845 2825 οὐρανῶν
1870 2767 1894 2796 ο
1929 2756 2220 2822 ἀνθρώπῳ

647 2839 903 2897 Βασιλεῖ.
947 2839 1119 2904 ὅστις
1145 2839 1410 2906 ἠθέλησε
1441 2837 1690 2906 ποιῆσαι
1719 2839 1947 2908 γάμους
1979 2839 2058 2904 τῷ
2112 2837 2220 2903 υἱῷ

640 2921 848 2976 αὑτοῦ.
882 2922 1053 2973 Ἔνθα
1090 2923 1146 2975 δέ
1184 2922 1438 2990 βασιλεὺς
1472 2922 1684 2992 γάμους
1710 2924 1874 2985 ποιεῖ,
1895 2923 1987 2974 καὶ
2005 2921 2220 2990 γάμους

640 3004 716 3073 τῷ
740 3003 860 3072 υίῷ,
889 3007 940 3058 τί
970 3005 1154 3074 μεῖζον
1190 3006 1256 3060 ἂν
1315 3008 1525 3075 γένοιτο
1583 3005 1682 3075 τῆς
1734 3007 1928 3078 ἑορτῆς
1973 3003 2215 3076 ταύτης;

642 3089 848 3156 Μηδεὶς
912 3089 1092 3141 τοίνυν
1153 3089 1318 3159 ῥάκια
1358 3089 1824 3160 περιϐεϐλημένος
1872 3090 2079 3143 εἰσίτω.
2143 3090 2218 3142 Οὐ

645 3169 772 3240 περὶ
807 3171 1036 3240 ἱματίων
1062 3173 1192 3242 ἡμῖν
1218 3177 1245 3224 6
1275 3173 1454 3240 λόγος,
1492 3172 1629 3225 ἀλλά
1649 3170 1784 3243 περὶ
1810 3172 2064 3242 πράξεων
2086 3171 2222 3224 ἀκα-

643 3255 872 3323 Θάρτων.
908 3256 969 3308 Εί
1001 3254 1127 3325 γὰρ,
1175 3257 1394 3309 πάντων
1436 3255 1663 3326 λαμπρά
1717 3256 2107 3326 ἐνδεδυμένων,
2141 3250 2221 3318 εἷς

646 3336 804 3412 μόνος
829 3338 1071 3407 εὑρεθεὶς
1100 3340 1182 3401 είς
1211 3340 1301 3390 τὸν
1321 3340 1497 3408 γάμον
1512 3338 1733 3409 ῥυπαρὰ
1759 3338 1920 3408 ἒχων,
1940 3339 2221 3409 ἀπερρίφη

647 3419 785 3484 μετά
810 3420 1057 3489 ἀτιμίας,
1086 3421 1340 3493 ἐννόησον
1373 3423 1506 3493 ὅσην
1535 3422 1756 3475 ἀπαιτεῖ
1799 3421 1897 3492 τὴν
1934 3422 2224 3493 ἀκρίϐειαν

645 3501 739 3551 καὶ
765 3501 862 3571 τὴν
884 3503 1240 3573 καθαρότητα
1265 3508 1295 3573 ἡ
1336 3507 1416 3566 είς
1447 3505 1540 3556 τὸν
1569 3505 1748 3572 γάμον
1768 3506 1974 3556 ἐκεῖνον
1995 3504 2221 3564 εἴσοδος.

646 3583 722 3634 Οὐ
753 3581 841 3634 διὰ
869 3584 1044 3636 ταῦτα
1075 3585 1133 3637 δέ
1190 3586 1384 3642 αὐτοὺς
1435 3587 1595 3653 μόνον
1650 3586 2067 3653 ὑπομιμνήσκει
2113 3583 2224 3636 τῶν

646 3664 892 3733 ἀζύμων,
931 3667 1066 3718 ἀλλά
1099 3670 1190 3719 καὶ
1222 3666 1436 3728 δεικνὺς
1485 3668 1584 3734 τὴν
1625 3667 1951 3734 συγγένειαν
1981 3668 2078 3735 τῆς
2112 3668 2223 3718 Πα-

645 3750 962 3821 λαιάςπρδς
981 3751 1080 3820 τὴν
1117 3750 1348 3821 Καινὴν,
1386 3749 1604 3814 δεικνὺς
1643 3750 1700 3803 δέ
1733 3752 1828 3804 καὶ
1880 3751 1963 3804 ὅτι
1996 3753 2096 3803 οὐκ
2144 3750 2224 3803 ἔνι

650 3834 789 3898 μετά
823 3835 890 3885 τὰ
920 3835 1103 3904 ἄζυμα
1161 3833 1324 3888 πάλιν
1358 3835 1437 3898 είς
1467 3836 1740 3903 Αἴγυπτον
1788 3835 2070 3901 εἰσελθεῖν,
2108 3835 2222 3887 ἀλλ’

647 3912 711 3964 ἂν
736 3915 1073 3983 ὑποστρέψαι
1108 3917 1343 3987 βουληθῇ
1377 3935 1481 3978 τις,
1512 3919 1582 3970 τὰ
1623 3919 1762 3971 αὐτὰ
1801 3920 2049 3970 πείσεται
2078 3918 2224 3969 ἐκεί-

649 4012 780 4058 ww
819 3997 948 4048 σιςιά
997 3997 1105 4065 7&9
1165 3999 1350 4048 ἐκεῖνα
1394 3997 1619 4062 τούτων,
1676 3999 1779 4052 κᾶν
1827 3997 2161 4067 ἀναισχυντῇ
2198 4000 2226 4048 6

661 4077 930 4141 Ἰουδαῖος.
980 4080 1178 4147 Διόπερ
1211 4078 1312 4132 κᾶν
1355 4079 1640 4150 ἐρωτήσῃς
1683 4077 1866 4138 αὑτὸν,
1897 4077 2049 4129 οὐδὲν
2084 4079 2225 4148 μέγα

649 4168 780 4236 ἐρεῖ·
813 4166 1088 4235 μᾶλλονδὲ
1122 4166 1267 4238 μέγα
1303 4167 1402 4238 μέν
1441 4167 1580 4237 ἐρεῖ,
1612 4166 1728 4219 ἀλλ’
1756 4166 1923 4238 οὐδὲν
1987 4165 2224 4219 τοιοῦτον

575 4251 577 4253 ’
646 4245 757 4302 οτον
787 4252 971 4320 ἡμεῖς,
1011 4250 1198 4321 ἐπειδὴ
1235 4250 1332 4319 τὴν
1356 4249 1616 4319 ἀλήθειαν
1646 4250 1745 4303 οὐκ
1786 4245 1945 4302 οἶδεν.
1982 4248 2224 4314 Ἐκεῖνος

652 4334 749 4400 μὲν
786 4334 895 4404 γὰρ
933 4337 1068 4404 ἐρεῖ,
1095 4337 1178 4386 ὃτι
1208 4334 1336 4395 τοὺς
1359 4331 1690 4400 κατέχοντας
1729 4332 2058 4398 Αἰγυπτίους
2082 4332 2224 4385 οὕτω

653 4416 948 4482 μετέϐαλεν
994 4419 1023 4466 6
1059 4416 1216 4476 Θεὸς,
1255 4415 1398 4466 ὥστε
1450 4415 1647 4475 αὐτοὺς
1676 4415 1824 4483 ἡμᾶς
1860 4414 2224 4484 προσεξωθεῖν

649 4498 776 4560 τοὺς
810 4499 917 4568 πρὸ
951 4497 1147 4549 τούτου
1202 4497 1538 4564 κατέχοντας
1579 4495 1730 4564 ἡμᾶς
1771 4496 1908 4564 πρὸς
1939 4495 2082 4563 βίαν,
2133 4501 2226 4551 καὶ

653 4584 728 4653 μὴ
761 4583 1227 4654 συγχωρήσαντας
1263 4581 1514 4650 ζυμῶσαι
1543 4579 1602 4632 τὸ
1628 4579 1878 4648 φύραμα.
1911 4580 2008 4630 "Av
2047 4580 2102 4631 δὲ
2125 4582 2225 4650 ἐμέ

651 4686 728 4730 τις
754 4667 968 4738 ἔρηται,
993 4667 1093 4720 οὐκ
1124 4667 1398 4733 Αἴγυπτον
1433 4663 1723 4717 ἀκούσεται
1747 4660 1864 4714 οὐδὲ
1892 4660 1980 4712 τὸν
2002 4661 2224 4730 Φαραὼ,

650 4751 784 4805 ἀλλὰ
816 4752 915 4821 τὴν
946 4749 1263 4817 ἐλευθερίαν
1284 4748 1383 4816 τῆς
1420 4748 1630 4817 πλάνης
1675 4745 1785 4798 τῶν
1827 4744 2100 4814 δαιμόνων
2132 4745 2228 4798 καὶ

651 4835 742 4888 τοῦ
778 4835 1002 4892 σκότους
1055 4832 1150 4884 τοῦ
1199 4831 1468 4885 διαδόλοψ
1513 4831 1632 4900 οὐχὶ
1664 4829 1922 4890 Μωῦσέα,
1969 4828 2106 4881 άλλά
2139 4829 2226 4880 τὸν

651 4919 747 4972 τοῦ
773 4917 906 4971 Θεοῦ
940 4918 1224 4987 Υίὸνόύχὶ
1242 4915 1515 4986 Ἐρυθρὰν
1539 4915 1839 4980 θάλασσαν,
1868 4914 2004 4969 ἀλλὰ
2035 4914 2229 4984 βάπτιο

654 5020 766 5072 σμα
787 5001 998 5074 μυρίων
1026 5001 1197 5071 γέμον
1223 4999 1467 5067 ἀγαθῶν,
1498 4997 1627 5050 ἔνθα
1651 4997 1918 5058 ὁπαλαιὸς
1943 4998 2229 5068 ἄνθρωπος

652 5085 952 5156 ἀπεπνίγη.
980 5085 1150 5139 Πάλιν
1195 5083 1287 5138 τὸν
1333 5081 1582 5136 Ἰουδαῖον
1614 5078 1683 5133 ἂν
1714 5081 2020 5151 ἐρωτήσῃς,
2084 5079 2229 5143 τίνος

652 5171 836 5223 ἐνεκεν
864 5169 1141 5237 ἐξελαύνει
1172 5168 1392 5222 πάντων
1419 5164 1529 5218 τῶν
1563 5163 1728 5236 ὁρίων
1781 5162 1878 5233 τήν
1914 5161 2114 5233 ζύμην,
2140 5164 2229 5214 ἐν-

656 5253 826 5306 ταῦθα
849 5256 944 5308 καὶ
980 5254 1267 5322 σιγήσεται
1316 5253 1411 5305 καὶ
1449 5247 1571 5303 οὑδέ
1613 5246 1792 5302 αἰτίαν
1823 5248 1957 5316 ἐρεῖ.
2009 5245 2230 5316 Ἐπειδὴ

652 5338 763 5407 γὰρ
795 5335 863 5390 τὰ
894 5336 994 5406 μὲν
1031 5336 1192 5390 τύποι
1239 5334 1347 5388 τῶν
1398 5333 1700 5407 μελλόντων
1726 5325 1887 5398 ἦσαν,
1924 5329 2017 5384 καὶ
2051 5328 2230 5392 αἰτίας

654 5420 764 5492 εἶχε
795 5419 902 5475 τῶν
956 5420 1279 5491 γινομένων,
1315 5419 1385 5473 τά
1435 5417 1494 5472 δέ
1524 5416 1729 5480 οὐκέτι,
1757 5413 1844 5465 ἵνα
1875 5413 1951 5484 μὴ
1999 5413 2094 5485 ἐξῇ
2129 5431 2228 5466 κα-

656 5507 912 5573 κουργεῖν
948 5503 1246 5567 Ἰουδαίοις,
1279 5503 1369 5557 ἵνα
1414 5501 1490 5572 μὴ
1540 5497 1842 5568 ἐπιμένωσι
1871 5501 1940 5568 τῇ
1984 5499 2130 5568 σκιᾷ.
2166 5497 2230 5549 Τί

654 5588 788 5660 7&9.
823 5590 947 5648 εἰπέ
987 5607 1100 5661 μοι,
1131 5588 1383 5660 βούλεται
1410 5587 1473 5642 τὸ
1505 5585 1717 5655 ἀρσεν.
1755 5580 1852 5635 καὶ
1872 5582 1934 5635 τδ
1966 5581 2229 5650 ἄμωμον,

661 5676 753 5726 καὶ
781 5673 841 5726 τδ
867 5672 1266 5736 ἐνιαυσιαῖον,
1295 5671 1390 5726 καὶ
1423 5669 1504 5735 τὸ,
1550 5665 1805 5724 Ὀστοῦν
1856 5667 1927 5718 οὺ
1976 5680 2233 5731 συντρι-

662 5754 942 5821 ﬁderat;
964 5757 1016 5812 τί
1035 5758 1092 5813 δὲ
1119 5755 1369 5824 βούλεται
1399 5754 1459 5808 τδ
1488 5753 1730 5815 καὶτοὺς
1753 5751 1998 5817 γείτονας
2017 5749 2230 5808 καλεῖν;

666 5840 697 5904 ἢ
729 5840 806 5903 τδ,
843 5840 1104 5906 ἐστῶτας,
1138 5841 1256 5912 ῆτδ
1294 5843 1350 5893 ἐν
1403 5839 1613 5909 ἑσπέρα
1662 5835 1902 5899 ἐσθίεινς
1954 5835 1986 5904 ἢ
2040 5835 2119 5898 τὸ,
2156 5832 2233 5904 τῷ

731 5931 757 5958 ⁸
783 5931 854 5980 ιιι
874 5932 980 5994 R03
1022 5931 1152 5984 Edill
1169 5945 1306 5993 vero,
1328 5934 1358 5989 ἡ
1381 5927 1598 5993 βασιλεία
1629 5925 1716 5975 τοῦ
1753 5925 1894 5976 Θεοῦ.

1354 384 1408 437 5.
1453 383 1735 441 JOANNIS
1771 385 2252 444 CHRYSOSTOMI
2291 385 2607 450 AHCHIEP.
2645 396 3191 456 CONSTANTINOP.

3801 411 3907 465 ιεσ

2326 502 2515 587 αἵματι
2545 509 2871 578 τειχίζεσθαι
2897 514 2994 585 τὴν
3023 515 3197 568 οἰκίαν
3221 534 3232 580 ;
3267 516 3431 569 Οὑδέν
3460 517 3646 587 ἕτερον
3685 521 3899 585 ἐκεῖνος

2327 586 2463 656 ἐρεῖ,
2495 592 2607 644 ἀλλ’
2640 595 2753 649 ἀνω
2805 597 2901 649 καὶ
2952 599 3102 652 κάτω
3148 597 3246 668 τὴν
3306 586 3598 668 Αίγυπτον.
3639 602 3784 667 Ἐγὼ
3840 604 3894 657 δέ

2326 670 2436 755 ἐρῶ
2469 676 2560 726 καὶ
2592 677 2651 729 τὸ
2679 671 2820 748 αἷμα
2844 680 2896 732 τί
2944 679 3212 750 βούλεται,
3247 683 3340 733 καὶ
3373 683 3406 750 ή
3453 684 3687 755 ἑσπέρα,
3717 688 3812 739 καὶ
3840 685 3900 740 τδ

2323 752 2529 818 πάντας
2554 757 2754 812 ἐσθίειν
2781 762 2938 830 ὁμοῦ,
2970 763 3064 815 καὶ
3093 763 3152 815 τὸ
3178 762 3418 827 ἑστῶτας
3447 752 3683 829 πάντας.

2388 835 2449 891 δ’.
2471 838 2740 910 Πρότερον
2754 843 3085 913 δέείπωμεν,
3102 845 3252 898 διὰτί
3281 847 3348 896 ἐκ
3365 847 3469 898 τῶν
3497 850 3662 916 ὁρίων
3681 850 3900 905 πάντων

2322 916 2657 990 ἐλαύνεταιή
2690 923 2856 994 ζύμη.
2890 927 2955 977 Τί
2986 922 3078 980 οὖν
3113 928 3228 979 ἐστι
3275 928 3337 980 τὸ
3384 930 3648 998 αῖνιγμα;
3708 935 3895 1001 Πάσης

2322 1006 2597 1087 πονηρίας
2631 1007 2987 1087 ἀπηλλάχθαι
3041 1010 3120 1063 δεῖ
3162 1011 3252 1064 τὸν
3284 1015 3497 1066 πιστόν.
3541 1016 3754 1072 Ὥσπερ
3789 1019 3903 1087 γὰρ

2320 1079 2524 1145 ἐκεῖνος
2575 1085 2891 1150 ἀπόλλυται,
2934 1087 3063 1140 ἔνθα
3115 1090 3179 1143 ἃν
3221 1091 3416 1161 εὑρεθῇ
3455 1092 3663 1145 παλαιὰ
3722 1079 3892 1162 ζύμη..

2317 1165 2460 1218 οὕτω
2487 1166 2580 1217 καὶ
2613 1171 2742 1236 παρ’
2772 1170 2902 1237 ἡμῖν
2928 1169 3058 1222 ἔνθα
3079 1170 3142 1222 ἂν
3172 1173 3366 1243 εὑρεθῇ
3393 1177 3650 1243 πονηρία.
3677 1177 3752 1228 Οὐ
3789 1178 3903 1247 7&9

2318 1248 2487 1317 δήπου
2512 1249 2614 1300 ἐπὶ
2639 1251 2735 1319 μὲν
2764 1251 2860 1319 τῆς
2886 1252 3046 1311 σκιᾶς
3085 1253 3319 1324 τοσαύτη
3353 1256 3384 1325 ή
3410 1256 3655 1320 κόλασις,
3692 1259 3788 1309 ἐπὶ
3839 1260 3894 1312 δέ

2320 1329 2476 1399 ήμῶν
2503 1331 2563 1382 οὺ
2591 1331 2770 1400 πολλῷ
2789 1332 3165 1404 μείζων.[150]
3193 1335 3250 1387 Εἰ
3278 1336 3386 1406 γὰρ
3407 1339 3505 1400 τὰς
3533 1340 3901 1401 οὶκίαςοῦτως·

2320 1411 2706 1482 ἐκκαθαίρουσι
2736 1414 2834 1482 τῆς
2875 1413 3072 1485 ζύμης,
3107 1417 3200 1468 καὶ
3236 1418 3388 1484 μυῶν
3415 1419 3552 1482 ὀπὰς
3588 1427 3896 1492 περιεργά-

2319 1495 2520 1559 ζονται,
2556 1495 2738 1565 πολλῷ
2769 1498 2967 1565 μᾶλλον
2993 1500 3142 1568 ἡμᾶς
3174 1500 3272 1567 τὴν
3302 1500 3478 1570 ψυχὴν
3513 1504 3898 1574 διερευνᾶσθαι

2317 1576 2416 1640 δεῖ,
2477 1577 2617 1629 ὥστε
2674 1579 2851 1632 πάντα
2904 1581 3162 1649 λογισμὸν
3221 1583 3527 1653 ἀκάθαρτον
3586 1589 3890 1648 ἐκϐάλλειν,

2331 1660 2490 1712 Ἀλλά
2515 1660 2674 1713 τοῦτο
2704 1664 2833 1730 παρ’
2877 1662 3058 1724 αὐτοῖς
3085 1662 3275 1734 πρώην
3311 1665 3410 1734 μὲν
3447 1668 3676 1734 ἐγίνετο,
3705 1671 3806 1726 νῦν
3838 1675 3894 1727 δέ

2316 1742 2521 1794 οὐκέτι·
2577 1742 2853 1811 πανταχοῦ
2910 1743 3024 1812 γὰρ
3075 1744 3221 1813 ζύμη
3277 1747 3410 1799 ὅπου
3476 1750 3750 1815 Ἰουδαῖος.
3807 1757 3901 1809 Ἐν-

2321 1824 2514 1893 μέσαις
2539 1825 2648 1894 γὰρ
2668 1827 2791 1886 ταῖς
2821 1824 3010 1876 πόλεσι
3037 1825 3094 1876 τδ
3127 1826 3335 1895 ἄζυμον
3358 1830 3586 1895 γίνεται,
3606 1835 3744 1904 ὅπερ
3776 1837 3898 1889 ἐστὶ

2318 1907 2544 1973 παίγνια
2579 1906 2804 1976 μᾶλλον,
2837 1907 2868 1977 ἢ
2903 1907 3065 1976 νόμος
3088 1907 3298 1962 λοιπόν.
3343 1910 3561 1980 Ἐπειδὴ
3586 1916 3694 1984 γὰρ
3721 1914 3901 1986 ἦλθεν

2318 1995 2350 2060 ἡ
2382 1992 2632 2060 ἀλήθεια,
2673 1992 2856 2045 οὐκέτι
2889 1991 3074 2062 χώραν
3100 1991 3314 2060 ἔχουσιν
3332 1995 3378 2045 οί
3408 1989 3787 2050 τύποιβὨστε
3806 2005 3898 2054 καὶ

2316 2075 2406 2127 διὰ
2440 2074 2532 2128 τοῦ
2569 2074 3012 2145 παραδείγματος
3041 2074 3233 2127 τούτου
3259 2075 3464 2146 σφόδρα
3490 2078 3770 2143 ἐξελαύνει
3798 2085 3899 2152 τῆς

2331 2157 2659 2227 Ἐκκλησίας
2710 2158 2801 2209 τὸν
2857 2157 3286 2227 πεπορνευκότα.
3321 2159 3395 2210 Οὐ
3439 2160 3548 2232 γὰρ
3595 2162 3658 2232 δὴ
3714 2165 3897 2233 μόνον,

2319 2242 2504 2309 φησὶν,
2550 2240 2702 2293 οὐδὲν
2750 2237 2956 2309 ὠφελεῖ
2984 2239 3198 2309 παρὼν,
3230 2240 3367 2292 ἀλλά
3393 2241 3486 2294 καὶ
3538 2242 3787 2312 βλάπτει,
3820 2248 3898 2317 τῷ

2319 2322 2480 2392 κοινῷ
2503 2321 2664 2374 πάλιν
2692 2321 2787 2374 τοῦ
2818 2319 3067 2389 σώματος
3097 2322 3511 2392 λυμαινόμενος.
3548 2327 3623 2378 Οὐ
3656 2327 3766 2398 γὰρ
3790 2325 3897 2382 οἶδέ

2316 2421 2400 2467 τις
2435 2405 2659 2474 πόθενή
2709 2403 2959 2469 δυσωδία,
3010 2406 3394 2473 κρυπτομένου
3437 2407 3532 2458 τοῦ
3573 2413 3900 2480 σεσηπότος,

2316 2487 2452 2539 ἀλλά
2490 2487 2565 2556 τῷ
2593 2487 2755 2555 κοινῷ
2786 2486 2990 2555 ταύτην
3025 2486 3320 2552 λογίζεται.
3349 2487 3437 2538 Διὸ
3455 2489 3546 2540 καὶ
3577 2494 3899 2560 κατεπείγει

2320 2570 2526 2640 σφόδρα
2558 2569 2753 2631 αὐτοὺς
2776 2569 3084 2639 ἐκκαθᾶραι
3105 2568 3203 2637 τὴν
3222 2568 3422 2638 ζύμην·
3451 2571 3576 2625 Ἵνα
3592 2571 3716 2643 ἦτε,
3743 2579 3904 2647 φησὶ,

2316 2653 2461 2705 νέον
2484 2653 2748 2720 φύραμα,
2802 2651 2996 2716 καθώς
3045 2652 3185 2704 ἐστε
3228 2650 3474 2721 ἄζυμοι*
3505 2656 3600 2708 καὶ
3666 2658 3776 2727 γὰρ
3833 2659 3898 2713 τὸ

2317 2735 2527 2804 πάσχα
2575 2733 2745 2803 ἡμῶν
2796 2734 2948 2803 ὑπὲρ
2998 2733 3166 2802 ἡμῶν
3219 2735 3400 2803 ἐτύθη
3459 2739 3733 2806 Χριστός.
3788 2743 3903 2793 Οὐκ

2319 2815 2498 2882 εἶπεν,
2535 2817 2850 2880 Ἀπέθανεν,
2892 2817 3008 2869 ἀλλ’
3055 2817 3382 2887 οίκειότερον
3421 2820 3497 2888 τῷ
3529 2825 3896 2894 προκειμένῳ,

2331 2902 2568 2968 Ἐτύθη.
2611 2902 2702 2970 Μὴ
2753 2899 2906 2970 ζήτει
2957 2899 3138 2952 τοίνυν
3172 2899 3355 2969 ἄζυμα
3413 2902 3660 2966 τοιαῦτα,
3711 2905 3902 2976 ἐπειδὴ

2322 2984 2458 3053 μηδέ
2493 2983 2665 3053 ἀμνὸν
2700 2981 3120 3052 ἐχειςτοιοῦτονο
3141 2981 3221 3050 μὴ
3236 2983 3386 3051 ζήτει
3409 2982 3589 3053 ζύμην
3617 2985 3904 3056 τοιαύτην,

2320 3067 2508 3138 ἐπειδὴ
2549 3068 2685 3138 μηδέ
2725 3067 2793 3120 τά
2850 3067 3039 3134 ἄζυμά
3086 3083 3177 3118 σου
3237 3065 3483 3120 τοιαῦτα.
3533 3065 3656 3120 Ἐπὶ
3686 3069 3789 3137 μὲν
3810 3066 3902 3123 οῦν

2319 3151 2421 3220 τῆς
2445 3151 2624 3220 ζύμης
2656 3150 2754 3220 τῆς
2806 3149 3074 3218 αἰσθητῆς
3108 3149 3167 3200 τὸ
3214 3148 3313 3218 μὲν
3356 3147 3567 3216 ἄζυμον
3606 3149 3807 3216 γένοιτ’
3837 3153 3901 3206 ἂν

2322 3233 2596 3302 ζυμωτὸν,
2620 3235 2679 3285 τὸ
2715 3233 2771 3285 δέ
2803 3231 3053 3302 ζυμωτδν
3096 3229 3274 3283 οὐκέτ’
3325 3229 3390 3282 ἂν
3425 3230 3623 3298 γένοιτ’
3651 3234 3863 3304 ἄζυμον
3883 3253 3894 3264 ·

2322 3316 2560 3369 ἐνταῦθα
2603 3316 2656 3368 δὲ
2720 3315 2798 3368 ἐνι
2845 3313 3158 3366 τούναντίον
3187 3312 3377 3364 τούτου
3410 3313 3667 3380 γενέσθαι
3698 3319 3864 3372 πάλιν
3884 3338 3904 3350 ο

2321 3400 2434 3453 ἀλλ’
2463 3401 2614 3470 ὅμως
2649 3399 2780 3451 αὐτὸ
2809 3400 2910 3451 οὐκ
2941 3398 3196 3466 ἐδήλωσε.

2391 3499 2502 3549 Καὶ
2549 3497 2647 3548 θέα
2671 3495 2770 3565 τὴν
2803 3495 3021 3551 σύνεσιν
3045 3509 3056 3522 ·
3105 3494 3195 3546 Ἐν
3229 3496 3294 3564 τῇ
3327 3496 3571 3566 προτέρα
3614 3497 3909 3571 Ἐπιστολῇ

2323 3581 2383 3631 οὐ
2410 3579 2625 3630 δίδωσιν
2653 3577 2875 3638 ἐλπίδας
2898 3575 3159 3628 ἐπανόδου
3192 3575 3269 3645 τῷ
3305 3579 3728 3646 πεπορνευκότι,
3766 3581 3905 3636 ἀλλὰ

2324 3660 2502 3712 πάντα
2534 3658 2698 3711 αὑτοῦ
2728 3659 2819 3711 τὸν
2862 3658 2974 3728 βίον
2998 3659 3055 3710 ἐν
3086 3659 3344 3730 μετανοίᾳ
3380 3661 3592 3714 κελεύει
3619 3665 3898 3732 γενέσθαι,

2324 3747 2408 3797 ἵνα
2443 3744 2516 3817 μὴ
2552 3743 2923 3817 ῥαθυμότερον
2950 3742 3114 3795 αὑτὸν
3145 3742 3448 3814 ἐργάσηται
3480 3748 3545 3815 τῇ
3585 3748 3899 3819 ὑποσχέσει.

2323 3829 2398 3883 Οὐ
2434 3828 2544 3898 7&9
2577 3826 2718 3893 εἷπε,
2742 3827 3020 3896 Παράδοτε
3048 3826 3211 3879 αὑτὸν
3242 3825 3319 3895 τῷ
3351 3829 3579 3896 σατανᾷ,
3609 3829 3695 3881 ἵνα
3727 3848 3900 3898 μετα-

2325 3916 2524 3984 νοήσας
2556 3912 2720 3965 πάλιν
2742 3915 2808 3979 τῇ
2853 3909 3148 3976 Ἐκκλησία
3171 3909 3471 3977 παραδοθῇ,
3498 3909 3633 3960 ἀλλά
3655 3911 3708 3960 τί
3733 3928 3746 3974 ;
3772 3913 3908 3965 ἰνα

2324 3995 2490 4060 σωθῇ
2513 3998 2568 4045 ἐν
2596 3996 2665 4061 τῇ
2697 3993 2900 4058 ἐσχάτῃ
2933 3991 3134 4056 ἡμέρᾳ.
3176 3990 3547 4056 Παραπέμπει
3588 3992 3696 4061 γὰρ
3740 3994 3904 4047 αὑτὸν

2325 4077 2405 4137 εἰς
2433 4076 2640 4125 ἐκεῖνον
2661 4071 2751 4122 τὸν
2780 4070 2991 4137 καιρὸν,
3028 4068 3115 4119 ἵνα
3149 4068 3312 4121 αὐτὸν
3343 4069 3633 4136 ἐναγώνιον
3660 4074 3902 4146 ἐργάση-

2325 4174 2434 4211 ταν
2463 4156 2556 4209 καὶ
2586 4157 2722 4224 ὅπερ
2782 4152 3005 4222 ἔμελλεν
3048 4151 3196 4220 αὐτῷ
3253 4150 3570 4222 χαρίζεσθαι
3628 4157 3768 4225 μετά
3807 4159 3904 4230 τὴν

2329 4240 2640 4312 μετάνοιαν.
2688 4237 2788 4291 οὐκ
2835 4235 3190 4298 ἐκκαλύπτει,
3248 4236 3338 4287 τὸν
3392 4237 3584 4290 ἑαυτοῦ
3627 4241 3904 4313 Δεσπότηυ

2330 4325 2686 4396 μιμούμενος.
2720 4321 2932 4390 Ὥσπερ
2957 4321 3064 4391 7&9
3101 4321 3129 4371 6
3173 4319 3306 4382 Θεός
3342 4336 3528 4389 φησιν,
3569 4322 3690 4375 Ἔτι
3749 4327 3907 4395 τρεῖς

2327 4408 2560 4476 ἡμέραι,
2581 4405 2678 4458 καὶ
2702 4404 2909 4458 Mrva
2940 4403 3522 4470 καταστραφήσεται,
3544 4407 3636 4458 καὶ
3654 4411 3714 4460 ού
3732 4428 3902 4477 προσ-

2327 4492 2544 4562 έθηκεν,
2591 4487 2717 4541 Ἐἀν
2773 4487 2828 4538 δὲ
2864 4487 3172 4556 μετανοήσῃ
3196 4523 3210 4544 ,
3253 4486 3580 4554 σωθήσεται·
3615 4490 3904 4546 οὕτωκαὶ

2330 4561 2489 4636 οὗτος
2521 4574 2622 4626 οὐκ
2651 4567 2829 4634 εἶπεν,
2880 4570 3006 4620 Ἐὰν
3064 4567 3119 4618 δὲ
3155 4569 3464 4638 μετανοήσῃ
3497 4571 3684 4635 ἀξίως,
3728 4561 3903 4644 κυρώ-

2330 4674 2498 4726 σομεν
2529 4659 2607 4718 εἰς
2644 4657 2805 4708 αὑτὸν
2826 4654 3068 4721 ἀγάπηνο
3100 4649 3214 4701 ἀλλ’
3238 4652 3497 4721 ἀναμένει
3537 4654 3763 4726 ποιῆσαι
3803 4659 3899 4710 αὖ·

2328 4724 2419 4790 τὸν
2438 4740 2498 4789 τὸ
2550 4739 2731 4806 ἔργον,
2766 4737 2861 4789 καὶ
2886 4737 3010 4787 τότε
3043 4733 3228 4785 λαϐεῖν
3268 4733 3430 4785 αὑτὸν
3483 4733 3580 4803 τὴν
3622 4724 3804 4805 χάριν,
3843 4742 3903 4793 Eg

2330 4823 2439 4892 γὰρ
2469 4822 2528 4888 ἐξ
2560 4821 2736 4890 ἀρχῆς
2791 4820 2950 4874 τοῦτο
2992 4815 3166 4880 εἶπεν,
3213 4817 3463 4883 ἐξέλυσεν
3508 4818 3574 4868 ἂν
3618 4822 3784 4874 αὐτοῦ
3816 4826 3909 4876 τὸν

2331 4907 2493 4976 φόϐον
2517 4922 2528 4934 ·
2557 4904 2748 4974 διόπερ
2773 4905 2830 4955 οὺ
2867 4904 3025 4973 μόνον
3065 4904 3124 4955 οὐ
3160 4903 3304 4952 ποιεῖ
3330 4899 3505 4963 τοῦτο,
3531 4899 3668 4952 ἀλλὰ
3687 4901 3778 4955 διά
3809 4908 3904 4960 τοῦ

2331 4989 2770 5060 παραδείγματος
2802 4988 2902 5056 τῆς
2925 4986 3103 5056 ζύμης
3135 4984 3255 5036 οὐδὲ
3311 4983 3536 5053 ἀφίησιν
3562 4984 3724 5038 αὐτὸν
3753 4987 3902 5042 ἐλπί-

2332 5093 2421 5130 σαι
2453 5073 2731 5135 ἐπάνοδον,
2782 5072 2897 5124 ἀλλ’
2945 5071 3127 5139 ἐκείνῃ
3160 5069 3317 5137 τηρεῖ
3367 5069 3434 5138 τῇ
3486 5069 3668 5141 ἡμέρᾳ
3719 5070 3902 5134 αὐτὸν,

2333 5156 2959 5226 Ἐκκαθάρατε,λέγων.
2987 5151 3102 5217 τὴν
3126 5149 3392 5203 παλαιὰν
3423 5150 3630 5221 ζύμην,
3657 5155 3773 5216 καὶ,
3808 5155 3903 5223 Μὴ

2332 5243 2693 5313 ἑορτάζωμεν
2716 5241 2784 5293 ἐν
2820 5240 2965 5306 ζύμῃ
2985 5233 3231 5300 παλαιᾷ.
3265 5234 3488 5305 Ἐπειδὴ
3513 5235 3568 5289 δέ
3587 5239 3903 5310 μετενόησε,

2336 5330 2473 5401 μετὰ
2540 5326 2722 5396 πάσης
2768 5323 2929 5376 αὑτὸν
2980 5320 3243 5390 είσήγαγε
3301 5320 3464 5373 πάλιν
3498 5321 3596 5390 τῆς
3646 5324 3901 5394 σπουδῆς.

2333 5414 2433 5467 Διά
2464 5410 2593 5463 τίδέ
2621 5406 2857 5461 παλαιὰν
2904 5403 3099 5468 καλεῖ;
3137 5405 3207 5456 ’Ἦ
3255 5403 3342 5455 διὰ
3391 5402 3454 5454 τὸ
3497 5402 3589 5454 τὸν
3641 5404 3906 5474 πρότερον

2333 5497 2491 5570 ἡμῶν
2523 5496 2637 5566 βίον
2665 5489 2905 5583 τοιού-τον
2932 5484 3089 5584 εἶναι*
3120 5486 3276 5584 eum
3311 5486 3370 5539 τὺ
3397 5486 3465 5581 τδ
3482 5484 3714 5584 παλαιὸν
3739 5488 3907 5584 ἐγῖὺς

2336 5569 2476 5636 εἶναι
2510 5572 2850 5648 ἀφανισμοῦ,
2914 5572 3008 5624 καὶ
3045 5569 3279 5634 δυσῶδες
3334 5569 3468 5640 ὁμοῦ
3511 5569 3606 5622 καὶ
3657 5570 3902 5642 αἰσχρὸν,

2333 5660 2442 5718 οἶόν
2477 5665 2623 5716 ἐστιν
2655 5661 2687 5727 ἡ
2726 5654 2971 5727 ἁμαρτία
2995 5672 3008 5685 ·
3040 5653 3162 5708 οὒτε
3193 5653 3300 5724 7&9
3323 5651 3511 5716 ἀπλῶς
3555 5651 3905 5722 διαδέσληται

2333 5749 2393 5799 τὸ
2423 5744 2672 5802 παλαιὸν,
2703 5755 2826 5794 om:
2857 5737 3042 5800 ἁπλῶς
3075 5739 3377 5789 ἐπαινεῖται
3421 5735 3482 5788 τὸ
3526 5733 3732 5800 καινὸν,
3769 5735 3904 5787 ἀλλὰ

2338 5854 2371 5885 τι
2519 5828 2586 5882 τὰ
2646 5823 3000 5891 ὑποκείμενα.
3061 5820 3174 5874 Καὶ
3239 5823 3350 5890 7&9
3403 5819 3636 5889 ἀλλαχοῦ
3697 5832 3900 5885 φησιν·

2337 5913 2510 5980 Οίνος
2526 5910 2681 5974 νέος,
2739 5906 2916 5974 φίλος
2950 5903 3105 5970 νέος
3160 5904 3266 5958 ἐὰν
3295 5903 3362 5956 δὲ
3409 5899 3737 5968 παλαιωθίῖ,
3771 5899 3901 5953 τότε
