4070 6322
219 388 323 445 ιεει

205 502 254 558 8.
286 501 461 569 Itaque
488 502 672 568 festum
700 496 1000 552 celebremus
1022 537 1037 561 ,
1079 511 1178 548 non
1219 495 1274 546 in
1311 494 1554 559 fermento
1591 489 1741 542 veteri
1761 525 1777 551 ,

203 607 354 657 neque
395 590 448 640 in
494 591 742 657 [eratcum
787 587 996 639 malitia
1021 594 1067 638 et
1096 583 1364 651 nequitia,
1404 584 1489 635 red
1513 579 1565 632 iu
1593 577 1785 647 azymis

201 671 496 734 sinceritatis
535 687 581 730 et
621 677 861 730 veritatis.
910 674 1000 729 Sic
1041 673 1285 727 Christus
1333 671 1650 725 fermentum
1691 667 1788 722 do-

201 773 426 828 ctrinam
451 770 675 824 vocavit.
711 769 826 834 lpse
854 775 1030 820 autem
1055 766 1108 818 in
1130 763 1440 832 metaphora
1468 770 1666 824 manet,
1696 775 1786 814 ve—

207 875 368 917 terem
403 862 678 916 historiam
711 861 837 928 ipsis
861 859 912 912 in
941 843 1253 911 memoriam
1278 868 1552 915 revocans,
1578 866 1784 904 necnon

206 956 397 1027 pascha
427 964 481 1009 et
507 967 692 1026 azyma
725 962 779 1004 et
805 949 1083 1012 beneﬁcia,
1107 962 1228 1017 qua:
1259 955 1381 1000 tunc
1406 953 1459 997 et
1494 959 1609 1013 quae
1644 957 1785 995 nunc

204 1048 395 1102 collata
422 1056 567 1110 sunt,
597 1055 651 1099 et
677 1044 931 1112 supplicia
961 1055 1249 1111 pennasque
1282 1039 1558 1108 irrogatas.

274 1138 583 1195 Christianis
613 1153 757 1189 autne
788 1134 1116 1202 tempusdies
1140 1137 1295 1202 festus
1316 1138 1406 1182 est.
1423 1158 1493 1168 —-—
1515 1128 1608 1181 Est
1645 1143 1774 1196 ergo

206 1229 306 1284 diei
345 1229 468 1283 festi
517 1241 751 1297 prarsens
790 1234 1019 1292 tempus.
1067 1223 1198 1276 Cum
1230 1220 1371 1274 enim
1395 1219 1549 1284 dixit,
1585 1216 1788 1270 Festum

213 1321 553 1384 celebremus;
584 1334 688 1372 non
717 1317 856 1387 quod
889 1315 1118 1376 Pascha,
1148 1329 1255 1366 non
1303 1312 1443 1382 quod
1477 1313 1790 1366 Pentecoste

207 1411 443 1474 adesset,
490 1411 590 1464 hoc
638 1407 871 1472 dicebat,
909 1405 1002 1460 sed
1053 1405 1343 1457 ostendens
1392 1413 1605 1472 tempus
1631 1417 1791 1456 omne

206 1501 307 1556 dici
332 1501 458 1554 festi
488 1510 696 1567 tempus
719 1512 840 1551 esse
873 1493 1218 1559 Christianis,
1245 1493 1315 1547 ob
1347 1493 1789 1547 ubertatemcol—

210 1592 442 1643 latorum
475 1589 758 1642 bonorum.
793 1585 922 1638 Nam
968 1583 1109 1653 quod
1157 1585 1355 1638 bonum
1399 1599 1504 1636 non
1534 1584 1740 1638 exstitit
1770 1583 1792 1635 ?

211 1679 373 1733 Filius
413 1679 505 1731 Dei
553 1677 714 1729 homo
761 1676 932 1730 factus
973 1685 1055 1728 est
1089 1684 1307 1743 propter
1340 1683 1430 1737 te;
1477 1683 1526 1728 te
1559 1691 1587 1727 a
1621 1683 1792 1728 morte

211 1771 480 1836 liberavit,
513 1770 580 1824 ad
608 1786 829 1839 regnum
862 1770 1090 1823 vocavit.
1130 1767 1210 1821 Tu
1241 1782 1369 1838 ergo
1391 1767 1480 1836 qui
1513 1767 1635 1820 talia
1664 1781 1793 1819 con-

210 1875 469 1935 sequutus
497 1879 556 1918 es
575 1872 628 1917 et
654 1863 1024 1934 consequeris,
1052 1860 1321 1931 quomodo
1350 1876 1454 1913 non
1487 1859 1683 1915 debeas
1701 1874 1796 1927 per

213 1968 386 2012 tatam
431 1955 596 2009 vitam
624 1953 817 2009 festum
847 1954 1047 2021 agere?
1094 1951 1260 2004 Nemo
1309 1952 1489 2020 itaque
1529 1951 1599 2003 sit
1631 1947 1798 2002 tristis
1840 1959 1842 1962 '

213 2058 437 2119 propter
492 2038 862 2118 paupertatem
904 2047 989 2100 vel
1019 2046 1263 2099 morbum
1303 2045 1390 2098 vel
1419 2044 1637 2098 insidias
1664 2061 1675 2095 :
1699 2057 1795 2096 no-

211 2151 382 2195 strum
412 2140 558 2194 enim
615 2149 825 2208 tempus
872 2145 1038 2191 totum
1083 2145 1166 2191 est
1204 2134 1526 2190 festivitatis.
1573 2133 1698 2188 ideo
1725 2131 1799 2186 ait

213 2232 414 2286 Paulus
439 2247 453 2282 :
486 2228 712 2283 Gaudete
750 2232 803 2282 in
829 2227 1050 2280 Domino
1077 2267 1091 2293 ,
1135 2226 1350 2296 gaudete
1375 2242 1392 2290 ;
1430 2229 1612 2279 iterum
1638 2224 1752 2275 dico
1778 2263 1795 2289 ,

212 2323 429 2392 gaudete
453 2320 713 2389 (Philipp.
745 2320 798 2374 4.
828 2319 987 2388 4).1ιι
1019 2317 1170 2371 festis
1205 2329 1362 2370 nemo
1390 2313 1619 2368 sordidis
1641 2311 1796 2365 indu-

215 2421 301 2465 tus
327 2420 415 2465 est
443 2411 701 2478 vestibus,
736 2424 911 2480 neque
955 2423 1055 2463 nos
1084 2409 1245 2462 etiam
1281 2426 1293 2460 :
1324 2405 1521 2473 nuptize
1547 2403 1690 2458 enim
1722 2403 1797 2456 fa—

214 2512 318 2556 cta:
346 2512 498 2569 sunt,
521 2504 718 2572 nuptize
752 2501 1078 2571 spirituales.
1113 2497 1466 2562 Simileenim,
1493 2495 1682 2565 inquit,
1715 2497 1799 2564 fa-

215 2604 354 2647 ctum
396 2603 466 2647 est
495 2611 707 2664 regnum
751 2592 993 2646 cwtorum
1019 2591 1208 2644 homini
1238 2592 1377 2659 regi,
1404 2588 1487 2657 qui
1519 2586 1675 2639 voluit
1703 2600 1799 2637 uu-

217 2686 352 2755 ptiaa
381 2689 553 2754 facere
581 2685 690 2752 [ilio
709 2701 799 2737 suo
829 2682 1041 2752 (Matth.
1065 2681 1153 2734 ‘22.
1185 2681 1260 2748 2).
1291 2679 1391 2734 Ubi
1420 2695 1544 2733 vero
1575 2693 1668 2731 rex
1702 2692 1801 2728 nu-

216 2775 360 2845 ptias
391 2774 516 2828 facit
546 2782 600 2828 et
628 2774 840 2843 nuptias
855 2772 962 2826 tilio
987 2785 1107 2834 suo,
1127 2769 1251 2839 quid
1276 2769 1445 2836 majus
1475 2766 1637 2822 fuerit
1663 2768 1803 2820 festo

219 2867 362 2924 illo?
391 2867 562 2922 Nemo
589 2866 767 2936 itaque
811 2865 1002 2936 pannis
1048 2863 1239 2917 laceris
1285 2862 1499 2917 indutus
1547 2862 1799 2915 introeat.

217 2956 341 3013 Non
369 2959 438 3014 de
465 2958 799 3014 vestimentis
824 2956 980 3010 nobis
1011 2971 1189 3010 sermo
1219 2963 1300 3009 est
1323 2995 1337 3018 ,
1367 2954 1460 3008 sed
1497 2953 1562 3008 de
1597 2947 1821 3007 actibus

221 3050 475 3120 impuris.
501 3049 557 3103 Si
586 3050 728 3102 enim
755 3062 875 3101 cum
894 3061 1081 3104 omnes
1108 3045 1402 3116 splendidis
1431 3045 1600 3098 induti
1632 3052 1810 3099 essent

223 3141 493 3207 vestibus,
519 3154 658 3194 unus
684 3140 831 3194 solus
861 3139 914 3192 in
945 3137 1150 3206 nuptiis
1175 3148 1445 3207 repertus,
1473 3136 1662 3191 laceris
1682 3151 1812 3206 pano

223 3234 314 3290 lis
373 3235 617 3300 vestitus,
674 3234 917 3304 abjectus
971 3234 1068 3289 fuit
1112 3249 1231 3289 cum
1264 3235 1584 3304 ignominia;
1636 3233 1809 3302 cogita

222 3317 482 3393 quantam
513 3325 753 3394 requirat
773 3324 1165 3379 observantiam
1194 3335 1249 3379 et
1274 3327 1559 3394 puritatem
1593 3325 1805 3393 ingres-

225 3427 324 3468 sus
346 3413 399 3466 in
420 3415 631 3483 nuptias
650 3414 788 3472 illas.
809 3413 923 3468 Non
945 3415 1064 3469 ideo
1083 3426 1258 3470 autem
1281 3425 1481 3467 tantum
1505 3415 1609 3468 illis
1630 3426 1813 3482 azyma

227 3516 654 3569 commemorat;
676 3505 770 3560 sed
792 3506 1084 3561 OSIendens
1108 3506 1314 3560 Veteris
1335 3505 1668 3558 Testamenti
1692 3519 1813 3558 cum

230 3593 384 3649 Novo
408 3597 807 3664 cognationem,
837 3596 1327 3665 demonstransque
1370 3611 1476 3648 non
1501 3595 1663 3650 licere
1699 3603 1818 3664 post

231 3703 420 3758 azyma
475 3689 525 3738 in
556 3687 842 3756 Egyptum
887 3688 1122 3756 ingredi;
1155 3689 1248 3741 sed
1277 3689 1319 3740 si
1350 3689 1470 3755 quis
1492 3688 1686 3741 reverti
1724 3701 1818 3738 vo—

237 3779 418 3841 luerit,
444 3777 631 3830 eadem
661 3791 940 3845 passurum
973 3791 1093 3830 esse
1122 3792 1240 3844 qua:
1271 3776 1347 3827 illi
1374 3795 1387 3828 :
1416 3775 1504 3826 illa
1535 3776 1675 3827 enim
1704 3789 1816 3825 um-

235 3867 332 3921 bra
358 3869 548 3921 horum
580 3877 729 3919 erant
749 3906 765 3930 ,
791 3865 996 3919 etiamsi
1025 3864 1302 3934 impudens
1331 3863 1401 3917 sit
1421 3861 1657 3917 Judteus.
1680 3863 1819 3926 Qua-

239 3969 464 4030 propter
493 3959 538 4013 si
586 3958 994 4028 interrogaveris
1021 3972 1165 4022 eum,
1198 3955 1331 4011 nihil
1359 3969 1610 4025 magnum
1639 3953 1818 4018 dicet;

236 4051 350 4106 imo
383 4065 638 4120 magnum
689 4049 955 4118 quidpiam
1004 4048 1164 4112 dicet,
1220 4041 1314 4101 sed
1346 4045 1476 4099 nihil
1509 4044 1635 4109 tale,
1668 4044 1824 4112 quale

239 4159 381 4208 nos,
411 4143 534 4212 quia
566 4144 840 4195 veritatem
868 4156 972 4194 non
1024 4139 1189 4194 novit.
1235 4138 1328 4191 Ille
1379 4152 1607 4206 namque
1657 4136 1820 4203 dicet,

240 4236 385 4307 quod
413 4251 473 4291 se
494 4236 792 4289 detinentes
817 4232 1096 4303 Egyptios
1120 4231 1189 4283 ita
1213 4231 1436 4284 mutavit
1467 4230 1632 4294 Deus,
1651 4239 1709 4281 ut
1726 4229 1824 4298 ipsi

242 4341 344 4382 nos
373 4326 745 4395 depellerent,
777 4338 909 4392 quos
939 4330 1094 4374 antea
1119 4320 1169 4373 vi
1196 4319 1528 4384 detinebant,
1574 4335 1674 4373 nec
1705 4335 1826 4388 per-

240 4419 507 4474 miseraut
528 4431 626 4470 nos
645 4429 873 4468 massam
901 4412 1242 4467 fermentare.
1272 4411 1376 4466 Sed
1401 4411 1445 4464 si
1476 4411 1596 4480 quis
1615 4425 1700 4465 me
1742 4412 1827 4464 in-

246 4515 506 4578 terroget,
536 4521 641 4560 non
669 4505 958 4576 Egyptum
989 4504 1190 4571 audiet,
1214 4519 1316 4558 non
1342 4502 1698 4568 Pharaonem,
1732 4500 1828 4555 sed

246 4601 554 4656 libertatem
594 4599 660 4652 ab
708 4614 893 4653 errore
927 4598 1230 4652 daemonum
1269 4605 1323 4651 et
1375 4610 1404 4648 a
1449 4594 1684 4649 tenebris
1725 4593 1832 4647 dia-

247 4693 358 4746 boli
385 4709 404 4755 ;-
444 4707 553 4746 non
575 4691 832 4762 Moysem,
861 4689 954 4744 sed
987 4688 1081 4742 Dei
1107 4688 1302 4742 Filium
1329 4704 1343 4753 ;
1375 4703 1480 4742 non
1528 4701 1676 4741 mare
1716 4686 1830 4740 Ru-

247 4784 449 4850 brum,
481 4781 576 4838 sed
623 4781 886 4849 baptisma
940 4780 1233 4833 innumeris
1279 4779 1495 4848 plenum
1528 4779 1702 4841 bonis,
1742 4779 1831 4832 ubi

250 4887 408 4930 vetus
433 4873 596 4928 homo
616 4870 910 4926 sutfocatus
937 4879 1042 4924 est.
1075 4869 1280 4924 Rursus
1312 4871 1356 4923 si
1391 4870 1633 4924 Judmum
1665 4869 1834 4923 inter-

252 4979 434 5034 roges,
469 4977 563 5016 cur
591 4977 656 5015 ex
701 4961 957 5015 omnibus
1010 4959 1204 5013 finibus
1258 4959 1584 5015 fermentum
1618 4960 1832 5029 ejiciat;

253 5057 343 5111 hic
372 5065 426 5108 et
453 5052 631 5107 silebit
667 5060 720 5107 et
763 5067 980 5107 causam
1033 5067 1137 5106 non
1168 5051 1330 5106 dicet.
1376 5052 1510 5118 Quia
1537 5052 1680 5107 enim
1734 5053 1834 5106 alia

253 5146 474 5218 quidem
516 5155 669 5200 erant
698 5145 876 5215 figurae
909 5144 1228 5208 futurorum,
1270 5155 1326 5197 et
1355 5160 1544 5199 causas
1570 5145 1838 5199 habebant

254 5221 445 5292 eorum
475 5249 595 5304 qua:
637 5234 804 5299 tlunt;
833 5233 936 5289 alia
979 5249 1108 5290 vero
1137 5250 1241 5288 non
1274 5235 1397 5288 item
1417 5277 1432 5299 ,
1456 5245 1513 5289 ut
1534 5251 1641 5289 non
1673 5235 1833 5290 liceat

254 5329 461 5386 Iudaeis
496 5327 725 5396 maligne
748 5341 927 5396 agere,
962 5336 1020 5380 ut
1048 5342 1114 5382 ne
1141 5327 1212 5380 illi
1243 5337 1592 5395 permaneant
1619 5327 1672 5381 in
1721 5343 1840 5381 um—

249 5423 375 5477 bra.
425 5417 564 5487 Quid
594 5418 736 5472 enim
763 5459 778 5487 ,
812 5431 995 5487 quaeso
1019 5461 1033 5483 ,
1065 5418 1165 5474 sibi
1197 5419 1329 5482 vult,
1382 5417 1694 5483 Masculum,
1732 5420 1842 5473 sine

248 5512 484 5577 macula,
537 5511 686 5565 unius
718 5511 839 5564 anui
864 5552 878 5574 ,
927 5518 981 5564 et
1038 5511 1185 5576 illud,
1247 5510 1316 5563 Os
1347 5527 1445 5563 non
1477 5511 1841 5564 comminuetur

249 5603 453 5673 (Exod.
479 5602 568 5658 12.
599 5603 651 5658 5.
685 5604 813 5672 46)?
835 5603 957 5674 quid
991 5603 1090 5657 sibi
1115 5604 1228 5657 vult
1259 5603 1460 5657 vicinos
1485 5603 1722 5658 vocare?
1752 5611 1842 5656 aut

247 5693 407 5762 illud,
429 5697 644 5761 stantes,
675 5706 765 5747 aut
793 5696 844 5747 in
875 5707 1094 5764 vespera
1122 5693 1447 5751 comedere?
1475 5694 1841 5764 autsanguine

247 5787 464 5844 munire
517 5785 784 5842 domum?
835 5784 971 5839 Nihil
1021 5784 1161 5840 aliud
1210 5785 1351 5841 dicet
1379 5786 1487 5851 ille,
1546 5802 1704 5858 quam
1747 5803 1837 5844 sus

1253 380 1322 436 ιιι
1357 377 1568 435 ειηςι.
1612 375 1630 429 1
1697 372 1788 429 AD
1826 369 1976 428 COll.
2020 369 2246 426 "05111..
2291 369 2405 425 XV.

3364 382 3471 438 ἃᾶ

1894 488 2066 557 deque
2097 485 2381 556 rligyptum
2412 507 2426 541 :
2456 502 2555 556 ego
2581 502 2706 541 vero
2748 489 2921 544 dicam
2978 502 3030 546 et
3077 493 3204 564 quid
3255 499 3476 565 sanguis

1891 581 2175 653 signiticet,
2207 580 2330 649 quid
2359 595 2601 652 vespera,
2633 585 2758 651 quid
2787 596 2972 640 omnes
3000 577 3286 646 comedere
3313 593 3469 648 simul

1891 691 2188 742 omnesque
2216 682 2439 727 stantes.

1961 771 2014 824 4.
2061 770 2217 823 Prius
2266 780 2445 824 autem
2498 770 2736 826 dicamus
2788 789 2969 830 cur-ex
2999 779 3243 833 omnibus
3275 780 3470 835 ﬁnibus

1891 859 2132 928 ejiciatur
2173 858 2515 914 fermentum.
2548 863 2829 927 Quodnam
2885 883 3012 936 ergo
3063 880 3145 922 est
3195 870 3419 939 amigma
3447 875 3470 922 τ

1892 949 2046 1005 Omni
2077 951 2309 1020 nequitia
2355 951 2578 1006 liberum
2608 965 2662 1006 et
2688 956 2924 1010 solutum
2956 969 3168 1028 oportet
3190 977 3310 1015 esse
3337 962 3468 1016 tide-

1895 1041 2018 1095 lem.
2049 1041 2197 1096 Sicut
2224 1043 2363 1097 enim
2395 1043 2484 1098 ille
2513 1046 2668 1112 perit,
2697 1046 2834 1111 apud
2865 1064 3020 1115 quem
3051 1051 3320 1112 inventum
3354 1053 3471 1108 fue-

1895 1132 1964 1185 rit
1993 1134 2477 1188 vetusfermentutn
2508 1138 2620 1190 :sic
2647 1147 2699 1188 et
2723 1138 2859 1202 apud
2894 1155 2990 1194 nos
3022 1143 3106 1194 ubi
3131 1145 3340 1198 inventa
3368 1146 3472 1200 fuc-

1894 1223 1966 1278 rit
1995 1225 2248 1293 nequitia.
2280 1225 2392 1279 Non
2416 1228 2560 1280 enim
2593 1229 2642 1279 in
2675 1228 2859 1282 umbra
2888 1238 3030 1282 tanta
3049 1231 3204 1286 fuerit
3237 1234 3473 1302 punitio;

1894 1315 2032 1384 apud
2063 1331 2157 1368 nos
2183 1326 2360 1371 autem
2392 1333 2495 1370 non
2528 1320 2693 1374 multo
2722 1323 2912 1390 major.
2942 1322 3070 1376 Nam
3100 1327 3141 1377 si
3169 1326 3358 1382 domos
3397 1333 3474 1384 sic

1897 1415 2195 1474 expurgant
2225 1423 2254 1460 a
2311 1407 2598 1476 fermento,
2633 1414 2778 1468 etde
2827 1419 3056 1470 murium
3113 1419 3463 1476 foraminibus

1898 1503 2023 1548 sunt
2049 1496 2281 1558 solliciti,
2330 1500 2496 1553 multo
2530 1504 2696 1570 magis
2725 1520 2821 1558 nos
2867 1508 3099 1562 animam
3148 1517 3470 1577 perscrutari

1899 1595 2108 1652 Oportet
2132 1627 2144 1650 ,
2174 1595 2229 1639 ut
2257 1603 2468 1642 onmem
2490 1591 2749 1658 impuram
2780 1595 3056 1663 ejiciamus
3078 1601 3471 1668 cogitationem.

1883 1675 2094 1730 'Verum
2123 1678 2224 1732 hoc
2250 1681 2387 1750 apud
2414 1683 2531 1738 illos
2561 1700 2729 1752 nuper
2756 1686 2951 1742 factum
2975 1703 3054 1744 est
3080 1708 3093 1756 ;
3129 1709 3269 1750 nunc
3297 1707 3470 1752 autem

1901 1783 2005 1819 non
2037 1771 2267 1836 amplius
2302 1789 2313 1824 :
2348 1773 2546 1840 ubique
2586 1777 2726 1828 enim
2772 1777 3090 1834 fermentum
3135 1795 3236 1846 est,
3270 1787 3359 1840 ubi
3387 1799 3468 1842 est

1900 1857 2132 1912 Judzeus.
2183 1861 2237 1914 In
2269 1863 2461 1917 mediis
2488 1866 2627 1918 enim
2661 1867 2965 1921 civitatibus
3005 1850 3134 1924 ιἰυηι
3162 1888 3345 1944 azyma
3380 1897 3392 1930 ε
3426 1879 3478 1932 iit

1901 1950 2042 2017 quod
2063 1951 2168 2018 jam
2202 1954 2367 2024 magis
2398 1954 2596 2009 ludicra
2625 1973 2711 2010 res
2740 1968 2838 2022 est,
2875 1976 3030 2029 quam
3055 1962 3157 2017 lex.
3179 1965 3308 2030 Quia
3334 1971 3479 2023 enim

1907 2043 2047 2094 venit
2075 2044 2288 2110 veritas,
2315 2060 2417 2099 non
2443 2048 2579 2101 ultra
2609 2048 2783 2102 locum
2812 2051 3008 2106 habent
3035 2055 3162 2123 typi.
3191 2055 3368 2124 Itaque
3386 2076 3481 2128 per
3571 2054 3578 2060 ’

1905 2128 2005 2184 hoc
2033 2148 2246 2202 quoque
2277 2138 2577 2206 exemplum
2629 2141 2861 2196 maxime
2908 2142 3053 2210 ejicit
3109 2160 3175 2198 ex
3231 2145 3476 2203 Ecclesia

1904 2224 2306 2280 fornicatorem.
2375 2229 2489 2282 Non
2539 2231 2710 2284 solum
2767 2234 2951 2298 enim,
2998 2236 3190 2305 inquit,
3236 2252 3474 2307 praesens

1906 2313 2038 2367 nihil
2072 2315 2329 2384 prodest,
2374 2318 2470 2372 sed
2516 2320 2675 2374 etiam
2724 2332 2919 2387 nocet,
2959 2338 3240 2382 commune
3289 2345 3482 2399 corpus

1907 2403 2102 2459 deinde
2153 2421 2523 2476 corrumpens.
2568 2410 2745 2464 Nescit
2770 2414 2911 2466 enim
2950 2415 3124 2482 quivis
3148 2419 3291 2473 unde
3325 2421 3482 2477 laetor

1908 2498 2129 2561 oriatur,
2155 2499 2199 2551 si
2229 2502 2495 2555 occultum
2519 2503 2586 2554 sit
2611 2501 2662 2555 id
2680 2504 2820 2573 quod
2843 2516 2921 2559 est
2947 2509 3236 2574 putridum,
3267 2513 3359 2566 sed
3387 2516 3485 2567 toti

1908 2589 2067 2642 coetui
2098 2589 2244 2642 illum
2279 2590 2525 2659 imputat.
2565 2592 2688 2648 Ideo
2712 2594 2831 2646 illos
2862 2596 3011 2650 valde
3041 2612 3191 2667 urget
3216 2611 3483 2671 utexpur-

1907 2689 2035 2748 gent
2081 2679 2401 2734 fermentum
2428 2700 2440 2735 :
2470 2681 2537 2735 Ut
2584 2684 2692 2736 sitis
2716 2724 2729 2748 ,
2765 2685 2953 2753 inquit,
2985 2703 3116 2740 nova
3151 2694 3443 2760 ronspmio
3467 2738 3482 2760 ,

1909 2769 2041 2822 sicut
2081 2771 2199 2823 estis
2252 2771 2418 2840 azymi
2447 2787 2464 2824 :
2493 2773 2674 2825 etenim
2705 2771 2906 2827 Pascha
2933 2786 3158 2830 nostrum
3193 2781 3485 2838 immolatus

1913 2877 2004 2928 pro
2035 2861 2176 2914 nobis
2223 2872 2292 2914 est
2324 2863 2574 2917 Christus.
2609 2865 2723 2919 Non
2767 2866 2937 2931 dixit,
2970 2867 3211 2925 Mortuus
3230 2881 3355 2939 est;
3390 2877 3483 2930 sed

1913 2953 2187 3024 proposito
2231 2956 2666 3021 convenientius,
2724 2955 3026 3011 Immolaltu
3045 2971 3136 3016 est.
3185 2962 3262 3015 Ne
3308 2980 3488 3033 quaere

1914 3043 2076 3114 igitur
2105 3060 2291 3116 azyma
2338 3046 2642 3113 huiusmodi
2673 3088 2687 3113 ,
2720 3051 2840 3121 quia
2872 3065 3045 3120 neque
3096 3067 3288 3121 agnum
3318 3055 3486 3111 habes

1917 3134 2074 3188 talem
2098 3153 2112 3188 :
2138 3151 2204 3191 ne
2230 3150 2437 3206 quasras
2458 3137 2771 3193 fermentum
2797 3140 2918 3203 tale,
2939 3143 3059 3210 quia
3079 3157 3262 3214 azyma
3287 3155 3370 3199 tua
3385 3163 3490 3202 non

1920 3225 2041 3278 talia
2092 3235 2234 3280 sunt.
2279 3226 2334 3281 ιιι
2382 3230 2621 3283 sensibili
2674 3230 2890 3300 quidem
2928 3232 3191 3288 fermento
3243 3251 3490 3307 azy'uum

1919 3315 2034 3370 ﬁeri
2070 3328 2245 3388 potest
2275 3319 2694 3385 fermentatum;
2739 3322 3112 3377 fermentatum
3168 3341 3297 3380 vero
3342 3345 3495 3383 num-

1918 3425 2074 3479 quam
2102 3412 2270 3478 possit
2299 3412 2412 3466 fieri
2435 3428 2679 3483 azymum
2714 3431 2727 3466 :
2759 3414 2842 3468 hic
2864 3425 3040 3468 autem
3064 3419 3391 3474 contrarium
3417 3436 3497 3476 re-

1922 3502 2160 3571 peritur;
2193 3503 2287 3556 sed
2318 3512 2496 3558 tamen
2527 3505 2628 3559 hoc
2658 3521 2762 3559 non
2795 3505 3068 3562 indicavit.

1994 3593 2149 3648 Pauli
2171 3596 2454 3664 prudentia.
2490 3627 2547 3635 —
2589 3597 2656 3650 Et
2686 3597 2804 3653 vide
2827 3599 3163 3666 prudentiam
3192 3621 3203 3653 :
3238 3604 3290 3656 in
3324 3605 3503 3673 priore

1923 3685 2149 3750 epistola
2185 3701 2333 3754 spem
2387 3689 2713 3740 reversionis
2763 3703 2865 3740 non
2896 3688 2988 3740 dat
3036 3689 3375 3760 fornicatori;
3405 3699 3504 3752 sed

1922 3774 2084 3825 vitam
2119 3782 2280 3826 totam
2316 3775 2481 3841 ipsius
2510 3776 2560 3827 in
2590 3775 2899 3842 poenitentia
2924 3779 3075 3844 jubet
3102 3795 3251 3843 esse,
3281 3800 3347 3838 ne
3374 3800 3502 3853 pro-

1925 3861 2177 3916 missione
2228 3863 2379 3916 illum
2443 3864 2744 3932 segniorem
2794 3867 3063 3923 redderet.
3115 3870 3294 3941 Neque
3357 3878 3498 3930 enim

1926 3954 2081 4022 dixit,
2131 3955 2349 4011 Tradite
2400 3957 2548 4011 illum
2605 3969 2840 4025 satana),
2875 3972 3076 4015 ntcmn
3127 3967 3494 4030 paenitentiam

1930 4048 2117 4114 egerit,
2150 4064 2333 4101 rursus
2362 4048 2619 4113 Ecclesia:
2649 4051 2924 4116 tradatur;
2955 4053 3048 4106 scd
3084 4055 3253 4123 quid?
3289 4058 3354 4111 Ut
3400 4062 3503 4113 sal-

1929 4154 2017 4191 vus
2047 4138 2108 4190 sit
2139 4138 2192 4190 in
2225 4137 2410 4190 ultimo
2464 4138 2570 4191 die.
2613 4139 2769 4194 Mittit
2799 4144 2970 4211 ipsum
3003 4145 3054 4198 iu
3109 4155 3319 4217 tempus
3351 4152 3500 4214 illud,
3578 4140 3580 4142 ⁷

1933 4234 1988 4278 ιιι
2037 4226 2326 4281 sollicitum
2355 4227 2605 4282 redderet
2641 4249 2651 4282 :
2680 4241 2732 4285 et
2763 4234 2904 4300 quod
2959 4246 3078 4302 post
3139 4240 3508 4304 paenitentiam

1934 4317 2221 4386 largiturus
2244 4319 2338 4387 ipsi
2365 4328 2497 4383 erat,
2528 4336 2637 4374 non
2665 4324 2856 4390 aperit,
2893 4324 3173 4381 Dominum
3199 4345 3351 4384 suum
3380 4333 3502 4387 imi-

1936 4415 2073 4462 tans.
2129 4409 2586 4476 Quemadmodum
2620 4415 2759 4466 enim
2795 4416 2933 4469 Deus
2979 4417 3108 4470 dicit
3137 4459 3151 4481 ,
3203 4421 3380 4475 Adhuc
3412 4433 3512 4479 tres

1935 4497 2060 4560 dies.
2107 4507 2152 4550 et
2203 4497 2392 4551 Ninive
2435 4501 2742 4553 subvertetur
2784 4502 2991 4571 (Jonas
3049 4508 3100 4559 5.
3154 4511 3186 4561 4
3219 4509 3277 4576 );
3334 4528 3510 4584 neque

1937 4590 2157 4654 addidit,
2191 4591 2245 4644 Si
2299 4600 2474 4644 autem
2533 4596 2896 4660 pmnitcntiam
2944 4599 3129 4662 egerit,
3163 4602 3460 4657 servabitur
3493 4621 3505 4658 :

1937 4684 2014 4738 sic
2043 4695 2095 4738 et
2126 4685 2221 4736 iste
2253 4698 2357 4736 non
2386 4683 2538 4748 dixit,
2593 4684 2647 4737 Si
2697 4685 2856 4754 digne
2906 4691 3267 4756 paenitentiam
3319 4697 3513 4762 egerit,

1939 4773 2372 4830 conﬁrmabimus
2431 4776 2482 4827 in
2530 4776 2674 4829 illum
2733 4779 3039 4841 caritati-nt;
3098 4780 3189 4835 sed
3240 4797 3513 4852 exspectat

1943 4878 1998 4920 ut
2028 4867 2139 4934 ipse
2176 4880 2307 4934 opus
2359 4865 2486 4919 illud
2528 4866 2708 4931 faciat,
2748 4878 2802 4920 ut
2838 4879 2960 4922 tunc
3008 4873 3232 4937 gratiam
3259 4875 3505 4943 accipiat.

1940 4959 2071 5014 Nam
2122 4958 2166 5012 si
2221 4959 2288 5012 ab
2329 4959 2480 5012 initio
2520 4959 2621 5012 hoc
2675 4959 2927 5025 dixisset,
2970 4960 3107 5016 forte
3148 4975 3344 5019 metum
3397 4969 3510 5033 ejus

1943 5050 2191 5104 solvisset
2231 5067 2241 5101 :
2274 5059 2600 5119 quapropter
2626 5066 2730 5104 non
2765 5051 2923 5104 modo
2953 5069 3057 5105 non
3110 5054 3211 5109 hoc
3242 5056 3387 5123 facit,
3419 5059 3514 5112 sed

1945 5156 2040 5211 per
2065 5142 2367 5209 exemplum
2397 5140 2642 5195 fermeuti
2675 5159 2740 5196 ne
2768 5144 2895 5197 sinit
2926 5146 3136 5212 quidem
3168 5148 3337 5214 ipsum
3371 5152 3514 5203 redi-

1948 5244 2057 5287 tum
2090 5249 2325 5302 sperare,
2357 5235 2450 5288 sed
2478 5251 2596 5289 eum
2621 5236 2683 5288 ad
2711 5236 2848 5289 diem
2873 5236 3019 5289 illum
3050 5249 3288 5293 reservat
3311 5241 3518 5307 dicens,

1938 5324 2241 5394 Expurgale
2266 5336 2402 5378 vetus
2433 5329 2733 5396 [erittantum
2760 5334 2873 5392 ;et,
2911 5324 2993 5379 Ne
3019 5331 3200 5397 festum
3223 5330 3524 5386 celebrentur

1948 5420 1999 5471 in
2060 5421 2304 5488 fermento
2345 5417 2514 5469 veteri.
2571 5417 2854 5484 Postquam
2904 5427 3082 5471 autem
3115 5421 3520 5487 vpmnitentiatn

1948 5510 2075 5577 egit,
2123 5524 2241 5563 cum
2283 5509 2431 5563 omni
2462 5508 2637 5562 studio
2679 5509 2826 5562 illum
2858 5508 3168 5563 introduxit.
3207 5511 3314 5564 Cur
3339 5523 3518 5565 autem

1949 5606 2102 5653 vetus
2150 5599 2468 5676 vocat‘lVel
2501 5599 2622 5669 quia
2669 5609 2820 5653 vetus
2873 5600 2974 5653 vita
3027 5611 3207 5654 nostra
3252 5612 3366 5656 erat
3415 5603 3514 5655 hu-

1947 5692 2178 5760 jusmodi
2238 5708 2249 5743 :
2312 5692 2394 5744 vel
2445 5692 2564 5761 quia
2618 5700 2767 5744 vetns
2823 5691 2948 5745 illttd
3002 5692 3296 5760 proximum
3353 5695 3516 5747 inter-

1955 5787 2045 5842 itui
2091 5797 2204 5853 est,
2253 5785 2488 5841 fmtidum
2529 5794 2582 5838 et
2637 5795 2832 5853 turpe,
2870 5785 3024 5854 quale
3073 5794 3154 5838 est
3200 5795 3475 5855 peccatum
