4070 6322
555 302 654 360 121

554 436 728 489 neque
766 419 908 472 enim
942 416 1058 472 sine
1101 431 1260 472 causa
1308 428 1460 471 vetus
1490 417 1841 483 vituperatur,
1888 428 1990 468 nec
2016 413 2131 467 sine

553 526 711 566 causa
744 524 939 565 novum
990 507 1300 573 damnatur,
1349 506 1442 561 sed
1491 506 1696 559 ratione
1725 503 1903 559 habita
1946 518 2133 557 eorum

550 600 621 666 de
668 600 861 670 quibus
908 598 1103 668 agitur.
1170 596 1301 650 Nam
1344 595 1468 649 alibi
1522 594 1639 647 ait:
1686 592 1865 646 Vinum
1915 607 2130 657 tiaram,

552 708 708 746 novus
748 693 937 745 amicas
963 706 982 744 :
1010 690 1052 744 si
1078 699 1246 741 autem
1290 674 1659 749 inveteraverit,
1706 695 1824 739 tunc
1849 701 1964 739 cum
2004 684 2133 738 lecti-

549 785 621 835 tia
665 784 799 838 bibes
846 783 1015 852 ipsum
1062 779 1249 851 (Eccli.
1296 778 1350 833 9.
1410 777 1551 847 £5);
1601 778 1654 831 in
1692 778 1923 831 amicitia
1966 775 2134 845 magis

548 875 773 929 laudans
797 883 1138 938 vetustatem,
1165 888 1323 943 quant
1351 873 1662 926 novitatem.
1697 871 1765 925 Et
1794 885 1997 935 rursus,
2028 870 2134 923 An-

547 969 716 1036 tiquus
739 966 934 1018 dierum
977 964 1179 1017 sedebat
1207 961 1367 1034 (Dan.
1402 963 1452 1016 7.
1488 962 1593 1031 9);
1627 960 1712 1015 hic
1738 977 1954 1032 quoque
1977 961 2134 1014 auti—

549 1072 715 1126 quum
767 1071 985 1111 sumens
1040 1070 1135 1125 pro
1186 1056 1407 1125 majoris
1454 1054 1639 1123 gloriae
1691 1053 1959 1108 encomio.
1992 1052 2130 1106 Alibi

546 1158 724 1201 autem
753 1144 1025 1215 Scriptum
1046 1147 1321 1215 antiquum
1348 1158 1444 1212 pro
1466 1144 1732 1213 vituperio
1755 1143 1967 1212 accipit.
1999 1141 2129 1195 Nam

547 1238 669 1307 quia
693 1253 783 1293 res
813 1237 973 1291 varia:
993 1250 1059 1290 ex
1090 1235 1271 1289 multis
1300 1235 1613 1305 compositae
1642 1242 1788 1299 sunt,
1817 1245 1873 1288 et
1899 1232 1952 1286 in
1979 1231 2132 1286 bonis

546 1339 601 1382 et
632 1329 683 1381 in
715 1327 869 1381 malis
896 1325 1082 1380 iisdem
1111 1324 1295 1389 utitur,
1320 1340 1425 1379 non
1456 1324 1749 1379 secundum
1778 1321 2025 1376 eamdem
2047 1322 2123 1373 si-

546 1420 970 1489 gnificationem.
991 1416 1136 1471 'Vide
1162 1431 1292 1485 ergo
1310 1426 1366 1471 et
1393 1416 1519 1469 alibi
1548 1423 1703 1469 vetus
1733 1411 2002 1483 vituperio
2031 1415 2129 1466 da-

556 1518 669 1564 tunt
698 1528 710 1563 :
738 1506 1155 1575 Inaeterarcrtmt
1182 1515 1228 1559 et
1262 1505 1676 1559 claudicavmnt
1705 1519 1737 1557 a
1764 1504 1954 1557 semitis
1980 1504 2083 1558 suis
2109 1520 2129 1569 ;

546 1617 597 1659 et
624 1618 830 1664 rursus.
863 1600 1150 1654 Inveteravi
1186 1600 1316 1653 inter
1344 1615 1517 1653 omnes
1542 1598 1775 1653 inimicos
1796 1612 1931 1651 meos
1956 1594 2128 1667 (Psal.

547 1697 633 1750 17.
666 1696 757 1750 46.
797 1704 843 1749 et
880 1693 933 1749 6.
967 1692 1022 1763 8)
1048 1708 1065 1757 ;
1090 1701 1144 1748 et
1171 1694 1385 1758 iterum,
1418 1690 1701 1746 Inveterate
1745 1691 1940 1745 dierum
1965 1690 2130 1743 malo-

546 1806 659 1841 rtuu
691 1785 851 1856 (Dan.
886 1785 1117 1858 13.52).
1145 1785 1220 1841 lta
1241 1794 1297 1840 et
1323 1785 1642 1840 fermentum
1670 1797 1813 1852 saepe
1842 1797 1939 1851 pro
1967 1796 2130 1851 regno

546 1880 800 1934 caelorum
834 1879 1123 1947 accipitur;
1147 1876 1357 1933 etiamsi
1381 1875 1468 1931 hic
1496 1876 1864 1944 vituperetur:
1893 1873 1988 1929 sed
2019 1873 2128 1928 illic

547 1972 612 2026 ad
637 1970 801 2033 aliud.
832 1968 1010 2024 bic‘ad
1038 1968 1182 2023 aliud
1210 1965 1458 2023 refertur.

616 2065 668 2120 5.
697 2062 925 2115 Avaritia
954 2071 1094 2115 vetus
1124 2065 1425 2131 fermentum
1454 2061 1727 2127 quomodo.
1747 2085 1818 2098 —
1837 2054 1961 2110 Mihi
2001 2067 2130 2108 vero

547 2154 780 2208 maxime
799 2152 1011 2207 videtur
1042 2151 1115 2209 id.
1146 2148 1290 2220 quod
1317 2149 1387 2204 de
1414 2148 1684 2203 fermento
1713 2147 1931 2213 dicitur,
1964 2145 2124 2201 etiam

546 2244 613 2296 ad
645 2242 956 2296 sacerdotes
994 2240 1225 2304 referri,
1253 2238 1343 2309 qui
1398 2238 1582 2291 sinunt
1631 2236 1955 2291 intrinsecus
2008 2248 2130 2290 esse

547 2332 775 2386 multum
812 2330 1059 2384 fcrmenti
1090 2329 1312 2394 veteris,
1332 2343 1436 2381 non
1463 2335 1822 2398 expurgantes
1852 2341 1919 2382 ex
1947 2327 2129 2381 termi-

548 2424 655 2489 nis,
690 2422 739 2475 id
764 2428 867 2484 est,
895 2435 960 2474 ex
986 2419 1225 2474 Ecclesia
1250 2459 1265 2485 ,
1296 2432 1490 2472 avaros
1508 2458 1522 2479 ,
1560 2427 1806 2486 raptores
1828 2458 1845 2486 ,
1877 2427 1931 2471 et
1956 2416 2128 2486 quod-

544 2528 774 2584 cumque
803 2528 869 2567 ex
898 2526 1064 2582 regno
1079 2510 1333 2567 «olorum
1354 2510 1609 2565 excludit.
1636 2509 1768 2564 Nam
1802 2511 2021 2564 avaritia
2046 2518 2129 2564 est

545 2588 700 2659 vetus
741 2603 1099 2666 fermentum,
1123 2609 1178 2655 et
1206 2614 1545 2672 quocumque
1574 2600 1852 2664 ceciderit,
1885 2612 2044 2670 atque
2074 2602 2126 2655 iu

542 2707 937 2763 quamcumque
966 2692 1182 2746 domum
1207 2690 1493 2755 inciderit,
1527 2689 1857 2746 immundam
1881 2691 2023 2745 illam
2050 2692 2130 2747 ef-

545 2784 684 2839 ficit.
703 2784 921 2838 Etiamsi
952 2796 1113 2852 parva
1162 2797 1228 2836 ex
1259 2780 1519 2850 iniustitia
1564 2780 1825 2847 lucraris,
1878 2782 1928 2836 id
1961 2792 2126 2836 totam

544 2887 689 2932 tuam
716 2875 1070 2932 substantiam
1102 2874 1464 2929 fermentavit.
1500 2871 1626 2927 Ideo
1646 2887 1791 2942 saepe
1816 2873 2034 2938 accidit,
2066 2883 2125 2927 ut

544 2970 751 3026 modica
780 2969 920 3024 male
944 2966 1180 3031 inducta,
1202 2967 1367 3021 multa
1393 2981 1512 3036 qua:
1541 2963 1680 3020 bene
1702 2964 1924 3019 collecta
1950 2964 2130 3034 iacent

544 3063 823 3133 eiecerint.
873 3059 1015 3116 Nihil
1054 3062 1198 3116 enim
1236 3070 1321 3115 est
1346 3059 1515 3128 magis
1544 3057 1817 3129 putridnm
1860 3058 2085 3111 avaritia
2109 3097 2123 3112 .

542 3156 754 3213 etiamsi
827 3156 973 3210 enim
1037 3154 1189 3210 cellae
1237 3154 1508 3223 penuarite
1552 3152 1760 3206 clavem
1806 3149 2125 3215 induxeris,

545 3250 755 3304 etiamsi
781 3249 1001 3317 ianuam
1029 3256 1086 3303 et
1112 3256 1321 3302 vectem
1347 3287 1363 3313 ,
1391 3244 1588 3300 fmstra
1627 3244 1743 3309 ha-c
1770 3242 1929 3307 facis,
1954 3242 2129 3298 avari-

548 3341 674 3394 tiam
704 3338 1219 3409 perniciosissimum
1261 3336 1434 3391 furem
1495 3336 1638 3389 intus
1687 3334 1967 3389 includens
1991 3373 2007 3398 ,
2038 3333 2129 3402 qui

546 3431 726 3486 omnia
752 3426 963 3482 auferre
984 3427 1174 3497 possit.
1193 3426 1331 3493 Quid
1362 3428 1541 3494 igitur,
1568 3425 1803 3493 inquies,
1830 3438 1952 3477 cum
1977 3421 2129 3475 multi

547 3523 694 3577 avari
740 3518 855 3575 ltth
878 3534 986 3575 non
1039 3516 1349 3588 patiantur?
1376 3516 1535 3570 Certe
1578 3515 1866 3584 patientur,
1891 3512 1994 3569 etsi
2021 3527 2129 3568 non

547 3616 726 3671 statim
780 3615 887 3669 illis
930 3613 1177 3669 accidat:
1210 3611 1256 3665 si
1306 3624 1433 3665 vero
1493 3622 1635 3662 nunc
1683 3606 1963 3677 effugiant,
2003 3614 2132 3662 tunc

550 3712 719 3777 magis
749 3710 973 3772 timeto;
1010 3705 1077 3764 ad
1109 3704 1281 3774 majus
1308 3704 1452 3760 enim
1484 3700 1808 3771 supplicium
1835 3714 2127 3755 reservan-

553 3815 659 3854 tur.
690 3797 802 3851 lmo
818 3812 947 3850 vero
967 3798 1012 3849 si
1044 3797 1145 3864 ipsi
1191 3794 1469 3863 effugiant,
1510 3802 1567 3845 at
1592 3792 1819 3846 heredes
1850 3806 2038 3844 eorum
2068 3804 2131 3844 ea

551 3891 665 3959 ipsa
697 3888 987 3959 patientur.
1013 3885 1077 3937 Et
1096 3883 1387 3953 quomodo,
1413 3882 1643 3949 inquies,
1670 3880 1773 3933 hoc
1788 3879 1992 3947 iustum
2018 3878 2132 3933 foe.

551 3981 667 4037 rit?
697 3978 855 4034 Certe
881 3976 1036 4029 valde
1057 3973 1283 4044 iustum.
1315 3970 1447 4025 Nam
1476 3968 1568 4040 qui
1600 3968 1829 4038 excepit
1859 3966 2129 4023 heredita-

552 4083 659 4129 tem
688 4069 940 4143 ininstitia
974 4066 1208 4137 plenam,
1231 4063 1441 4120 etiamsi
1472 4065 1584 4132 ipse
1614 4077 1719 4117 non
1750 4059 2028 4133 rapuerit,
2057 4070 2132 4115 at-

554 4163 915 4218 tamenaliena
944 4160 1139 4215 retinet
1166 4174 1179 4210 :
1212 4166 1268 4213 et
1298 4155 1399 4210 hoc
1425 4154 1580 4225 plane
1605 4168 1923 4224 persuasum
1950 4152 2131 4216 habet,

555 4256 780 4323 ideoque
800 4268 1014 4320 :equum
1037 4258 1120 4303 est
1148 4260 1203 4301 ut
1234 4248 1484 4316 patiatur.
1506 4244 1562 4299 Si
1582 4246 1727 4299 enim
1756 4246 1846 4299 illo
1890 4245 2133 4315 rapiente

555 4356 613 4399 tu
632 4342 903 4410 acceperis
920 4380 935 4404 ,
968 4337 1271 4407 deindeqne
1297 4335 1561 4390 accedens
1587 4335 1630 4387 is
1656 4335 1740 4401 cui
1774 4345 1985 4403 capiunt
2013 4336 2129 4401 fuit,

556 4436 607 4490 id
640 4441 845 4504 repetat
874 4447 889 4485 :
919 4446 1044 4484 num
1077 4429 1207 4483 satis
1232 4425 1401 4483 estad
1425 4426 1499 4479 tui
1532 4424 1924 4493 purgationem,
1946 4434 1996 4478 te
2028 4442 2132 4479 non

555 4525 840 4596 rapuisse?
891 4520 1297 4591 Minimezquid
1351 4517 1495 4573 enim
1527 4557 1543 4583 ,
1600 4528 1804 4585 qumso,
1854 4526 2135 4569 accusatus

557 4618 759 4673 dixeris
780 4617 805 4669 ἳ
832 4613 975 4684 quod
1004 4613 1141 4666 alius
1165 4608 1446 4680 spoliarit?
1468 4607 1564 4663 sed
1587 4616 1641 4661 tu
1670 4606 1872 4661 retines
1908 4621 1921 4659 :
1952 4605 2041 4659 ille
2060 4619 2137 4658 ra.

557 4711 703 4778 ptlit‘!
756 4705 850 4760 sed
883 4712 939 4757 tu
972 4701 1189 4756 frueris.
1220 4700 1343 4754 Haec
1370 4714 1532 4769 porro
1573 4701 1735 4753 etiam
1762 4698 1937 4752 sciunt
1959 4705 2138 4750 exter-

558 4816 745 4857 tturttttt
772 4799 939 4868 leges,
980 4809 1100 4865 quze
1141 4792 1207 4845 iis
1231 4791 1467 4846 dimissis
1490 4791 1579 4860 qui
1608 4798 1900 4861 rapuerunt
1924 4801 1979 4844 et
2005 4790 2134 4845 abs-

560 4895 820 4954 tulerunt,
876 4889 945 4942 ab
996 4886 1101 4941 illis
1149 4884 1340 4951 iubent
1389 4895 1663 4951 expetere,
1710 4882 1850 4954 apud
1876 4897 2012 4953 quos
2041 4896 2136 4937 sua

557 4982 734 5037 omnia
764 4979 1007 5049 deposita
1036 4975 1353 5047 repererint.
1384 4973 1439 5027 Si
1470 4988 1598 5043 ergo
1621 4973 1761 5028 nosti
1787 4987 1905 5037 eos,
1937 4972 2028 5042 qui
2055 4972 2136 5027 in-

551 5074 814 5145 iustitiam
839 5070 977 5139 passi
1005 5076 1153 5133 sunt,
1170 5065 1334 5125 redde
1352 5073 1407 5119 et
1431 5063 1515 5117 fac‘
1534 5065 1675 5135 quod
1705 5063 1828 5119 fecit
1851 5062 2139 5118 Zacchaeus

556 5176 680 5218 cum
726 5161 893 5215 multa
942 5157 1252 5213 accessione
1288 5155 1374 5211 :si
1416 5164 1597 5209 autem
1630 5154 1865 5223 ignoras,
1911 5154 2138 5208 alteram

564 5254 662 5309 tibi
695 5252 766 5308 do
795 5252 958 5315 viam,
986 5263 1084 5304 nec
1108 5245 1338 5304 excludo
1368 5252 1422 5300 te
1443 5260 1473 5299 a
1501 5244 1743 5301 remedio
1772 5263 1784 5298 :
1818 5244 1936 5299 ha-c
1958 5244 2140 5299 omnia

559 5342 895 5415 pauperibus
912 5339 1198 5405 distribue,
1223 5348 1277 5393 et
1297 5337 1377 5392 sic
1403 5337 1600 5390 malum
1631 5336 1866 5391 curabis.
1896 5335 2047 5401 Quod
2094 5334 2141 5390 si

555 5435 649 5505 qui
679 5435 796 5489 base
833 5433 885 5487 in
920 5430 1059 5487 filios
1078 5440 1133 5485 et
1164 5429 1217 5483 in
1246 5437 1469 5499 nepotes
1496 5428 1933 5491 transmiserunt;
1961 5435 2019 5481 at
2036 5426 2138 5480 alia

559 5541 658 5599 pro
688 5526 771 5580 his
805 5524 948 5580 mala
995 5523 1135 5592 passi
1165 5528 1313 5575 sunt.
1347 5518 1547 5588 Ecquid
1592 5520 1783 5589 loquor
1803 5517 1871 5572 de
1902 5518 1987 5583 iis,
2018 5530 2140 5588 quae

559 5617 649 5672 hic
698 5614 987 5672 accidunt?
1014 5613 1127 5668 Non
1181 5626 1326 5666 enim
1374 5610 1424 5664 in
1458 5609 1549 5663 illo
1577 5609 1665 5664 die
1706 5607 1821 5663 ha'c
1869 5607 2137 5673 dicentur,

558 5708 771 5777 quando
796 5707 954 5763 ambo
986 5704 1112 5761 nudi
1133 5700 1486 5773 apparebunt,
1506 5700 1539 5753 ii
1569 5700 1761 5769 quibus
1792 5707 2002 5770 raptum
2032 5708 2135 5765 est,

1258 300 1315 358 8.
1354 299 1629 358 ,ιΟΑΝΝιδ
1662 295 2135 355 ειιιιῑδυδτυλιι
2174 294 2492 353 AliClllEl’.
2532 298 3062 357 CONS'fANTiNOP.

3725 306 3849 363 {28

2244 420 2300 467 et
2327 412 2363 468 ii
2410 415 2500 484 qui
2532 424 2827 485 rapuerunt
2855 420 3002 471 :imo
3048 432 3179 473 vero
3228 435 3333 474 non
3363 421 3609 478 similiter
3644 430 3786 479 uadi
3820 446 3837 479 :

2240 517 2364 557 nam
2415 504 2658 577 pecuniis
2686 505 2847 561 ambo
2877 508 3074 577 pariter
3118 508 3263 586 nudi,
3293 520 3488 576 erunt;
3524 513 3664 568 alter
3697 531 3844 569 vero

2238 593 2427 663 plenus
2455 596 2794 665 criminibus,
2818 613 2939 669 qua:
2964 614 3029 654 ex
3060 599 3126 654 iis
3152 609 3269 655 orta
3300 611 3444 657 sunt.
3496 605 3639 674 Quid
3697 622 3841 679 ergo

2238 684 2499 741 faciemus
2525 687 2622 743 illo
2644 688 2754 755 die,
2784 690 3000 759 quando
3034 701 3160 745 ante
3184 692 3565 749 tribunalillud
3591 696 3842 754 horren-

2237 774 2361 829 dum
2393 777 2457 842 is,
2502 781 2591 847 qui
2620 779 2759 834 male
2785 795 2974 849 passus
3006 792 3089 837 est
3114 791 3169 836 et
3194 784 3372 837 omnia
3422 800 3517 840 sua
3546 790 3792 856 perdidit
3821 831 3839 854 ,

2236 868 2533 924 adducetur
2559 872 2611 925 in
2643 871 2900 937 medium,
2933 883 2985 927 te
3014 875 3215 928 nullum
3247 874 3475 931 habente
3499 882 3844 945 patronum?

2237 962 2361 1029 quid
2389 962 2560 1017 .ludici
2589 963 2772 1018 dices?
2798 964 2949 1019 Nunc
2974 968 3116 1020 enim
3135 966 3692 1035 iudiciumhominum
3715 989 3839 1028 cor-

2238 1066 2487 1121 rumpere
2515 1054 2736 1123 poteris,
2765 1055 2893 1109 illud
2923 1071 3050 1111 vero
3076 1055 3335 1126 indicium
3368 1074 3474 1115 non
3516 1062 3644 1116 item
3676 1080 3693 1115 :
3721 1066 3841 1117 imo

2236 1159 2365 1196 vero
2396 1161 2566 1214 neque
2590 1162 2730 1201 nunc
2754 1164 2768 1210 ;
2801 1163 2940 1202 nunc
2963 1148 3106 1202 enim
3133 1166 3347 1219 quoque
3375 1153 3528 1207 adest
3552 1152 3836 1223 iudicium

2237 1232 2388 1286 illud.
2417 1233 2547 1287 Nam
2584 1236 2723 1288 Deus
2751 1238 2928 1290 omnia
2958 1253 3075 1306 qua:
3095 1249 3355 1307 geruntur
3376 1241 3539 1302 videt,
3567 1251 3623 1296 et
3652 1257 3839 1313 prape

2236 1324 2357 1379 illos
2382 1334 2463 1379 est
2492 1328 2581 1396 qui
2611 1328 2801 1395 iniuria
2841 1329 3167 1395 afficiuntur,
3196 1331 3406 1392 e:iamsi
3436 1332 3538 1387 non
3569 1343 3835 1389 vocetur.

2235 1415 2368 1471 Nam
2398 1418 2489 1487 qui
2542 1420 2685 1473 malo
2715 1420 2964 1485 afﬁcitur,
2997 1420 3205 1476 etiamsi
3236 1422 3484 1492 indignus
3510 1424 3580 1478 sit
3617 1426 3717 1496 qui
3750 1427 3839 1480 ul-

2236 1506 2435 1561 tionem
2468 1510 2840 1575 nanciscatnr;
2865 1521 3101 1565 attamen
3129 1514 3249 1582 quia
3282 1528 3365 1567 res
3381 1525 3545 1583 gesta:
3576 1514 3692 1570 Deo
3716 1530 3835 1571 non

2233 1598 2468 1667 placent,
2501 1600 2660 1653 habet
2688 1601 2775 1653 ille
2806 1610 2953 1654 certe
2985 1602 3230 1658 ultorem.
3258 1604 3536 1670 Quomodo
3556 1621 3712 1677 ergo,
3747 1608 3839 1661 in-

2233 1690 2407 1759 quies,
2438 1690 2530 1745 ille
2559 1692 2823 1759 quispiam
2871 1707 3128 1759 prospere
3172 1695 3312 1761 agit,
3346 1696 3469 1750 licet
3495 1699 3565 1752 sit
3595 1698 3780 1753 malus
3809 1701 3837 1751 ἲ

2200 1780 2340 1843 ,Sed
2371 1797 2476 1835 non
2507 1797 2679 1850 usque
2706 1783 2759 1837 in
2794 1781 2975 1836 finem.
3008 1782 3145 1836 Audi
3175 1784 3302 1853 quid
3332 1784 3477 1840 dicat
3503 1789 3775 1857 propheta
3813 1808 3830 1843 :

2235 1870 2364 1925 Noli
2399 1873 2634 1926 wntttlari
2682 1874 2733 1926 in
2771 1874 3210 1944 malignantibus,
3264 1877 3505 1945 quoniam
3560 1889 3837 1948 tamquam

2244 1967 2430 2035 fanum
2457 1962 2691 2018 velociter
2719 1976 2945 2020 arescent
2974 1964 3147 2037 (Psal.
3180 1967 3269 2023 56.
3306 1969 3357 2021 1.
3385 1967 3467 2040 2).
3499 1969 3600 2026 Ubi
3630 1973 3781 2026 enim
3812 2013 3831 2038 ,

2232 2072 2434 2125 quaeso,
2465 2066 2547 2111 est
2595 2058 2641 2111 is
2668 2059 2759 2126 qui
2816 2059 3029 2127 rapuit,
3085 2068 3367 2131 postquam
3399 2060 3527 2119 hinc
3550 2062 3831 2120 abductus

2233 2145 2371 2201 fuit?
2404 2148 2489 2203 ubi
2522 2163 2646 2217 spes
2709 2149 3041 2219 conspicua?
3072 2151 3161 2205 ubi
3210 2150 3525 2209 honorabile
3577 2144 3777 2210 nomen
3804 2157 3832 2210 τ

2232 2253 2410 2294 annon
2446 2239 2627 2293 omnia
2660 2240 3033 2300 transierunt?
3061 2255 3240 2298 nonne
3271 2246 3450 2298 omnia
3486 2246 3638 2300 illum
3687 2264 3827 2317 spe-

2230 2332 2427 2385 ctantia
2450 2332 2717 2386 somnium
2746 2341 2947 2387 suntet
2970 2333 3156 2388 umbra
3179 2333 3204 2385 τ
3232 2335 3345 2390 Hoc
3365 2336 3536 2404 ipsum
3564 2347 3827 2407 exspecta

2230 2420 2299 2477 de
2328 2422 2555 2492 singulis
2582 2422 2671 2493 qui
2705 2422 3012 2492 huiusmodi
3044 2433 3190 2489 sunt,
3222 2423 3287 2478 de
3309 2425 3543 2492 vivente,
3566 2438 3622 2481 et
3646 2428 3717 2484 de
3747 2445 3821 2484 eo

2231 2512 2323 2581 qui
2378 2522 2498 2580 post
2549 2511 2757 2566 futurus
2787 2524 2890 2567 est.
2923 2512 2993 2567 At
3024 2513 3147 2567 talia
3177 2529 3283 2568 non
3336 2524 3461 2569 sunt
3486 2531 3548 2570 ea
3579 2532 3701 2589 qua:
3748 2518 3823 2573 ad

2231 2611 2449 2657 sanctos
2486 2601 2633 2657 viros
2653 2611 2898 2672 spectant
2922 2618 2936 2665 ;
2962 2619 3137 2673 neque
3167 2607 3368 2673 poteris
3394 2606 3581 2662 eadem
3614 2609 3683 2664 de
3712 2609 3823 2665 illis

2231 2697 2431 2759 dicere,
2460 2697 2601 2767 quod
2651 2713 2770 2767 qum
2800 2696 2866 2752 ad
2911 2697 3031 2752 illos
3079 2699 3349 2766 pertinent
3399 2699 3585 2755 umbra
3614 2702 3723 2756 sint
3764 2711 3824 2755 et

2231 2789 2500 2842 somnium
2555 2798 2611 2843 et
2653 2788 2851 2843 fabula.
2886 2788 2950 2843 Et
2977 2789 3021 2842 si
3078 2788 3157 2843 vis
3186 2789 3334 2845 illum
3375 2791 3466 2861 qui
3509 2791 3623 2846 hare
3654 2792 3815 2859 dixit,

2235 2879 2586 2933 tentoriorum
2615 2879 2883 2947 Opificem,
2907 2879 3151 2945 Cilicem,
3182 2880 3434 2947 cuiusne
3465 2892 3681 2950 patron:
3694 2883 3820 2951 qui-

2231 2968 2353 3024 dem
2382 2979 2531 3023 certo
2558 2970 2825 3034 novimus,
2858 2970 2908 3023 in
2936 2969 3173 3024 medium
3199 2969 3551 3025 adducamus.
3587 2972 3654 3026 Et
3680 2989 3821 3045 quo-

2233 3062 2413 3128 modo,
2474 3060 2713 3131 inquies,
2766 3062 2883 3117 fieri
2942 3063 3113 3133 possit
3161 3072 3218 3117 ut
3268 3063 3487 3134 quidam
3525 3066 3651 3120 talis
3702 3067 3822 3123 sit?

2229 3149 2463 3205 Omnino
2517 3166 2649 3221 ergo
2697 3151 3013 3215 desideras,
3069 3154 3293 3208 omnino
3338 3154 3419 3208 vis
3474 3170 3595 3210 esse
3652 3156 3818 3219 talis?

2232 3242 2440 3309 Etiam,
2486 3243 2585 3297 ais.
2622 3243 2761 3313 Ergo
2794 3243 2930 3297 viam
2963 3243 3275 3314 ingrederer
3292 3260 3451 3315 quam
3476 3245 3563 3301 ille
3607 3248 3817 3317 ingres-

2231 3345 2325 3387 sus
2350 3342 2454 3397 est,
2482 3342 2535 3386 et
2558 3333 2649 3402 qui
2678 3347 2799 3386 cum
2828 3332 2920 3385 illo
2940 3342 3110 3386 erant.
3137 3332 3203 3386 Et
3224 3348 3381 3403 quam
3405 3336 3456 3389 in
3478 3336 3617 3389 viam
3641 3338 3818 3391 venit?

2232 3421 2326 3477 Ille
2344 3423 2560 3493 quidem
2597 3423 2705 3487 ait,
2723 3422 2791 3475 In
2812 3426 3017 3493 [anteet
3034 3425 3120 3477 siti
3140 3433 3187 3477 et
3213 3426 3448 3480 nuditate
3470 3427 3547 3499 (Ξ.
3577 3427 3698 3483 Cor.
3726 3432 3813 3489 il.

2232 3514 2325 3587 27)
2353 3530 2369 3580 ;
2401 3514 2493 3568 ille
2518 3527 2666 3578 vero,
2703 3514 2978 3585 Argentum
3005 3522 3051 3568 et
3084 3531 3267 3568 aurum
3297 3533 3397 3571 non
3424 3529 3497 3573 est
3520 3520 3646 3573 mihi
3671 3521 3808 3592 (Act.

2235 3609 2286 3664 3.
2323 3607 2401 3678 6).
2426 3607 2516 3663 Sic
2539 3606 2615 3662 illi
2647 3604 2783 3661 nihil
2810 3605 3103 3674 habebant,
3133 3616 3189 3665 et
3212 3617 3389 3665 tamen
3416 3612 3596 3668 omnis
3643 3615 3815 3684 possi-

2236 3701 2447 3756 debauL

2307 3792 2359 3845 6.
2394 3791 2532 3857 Quid
2556 3790 2657 3845 hac
2676 3806 2807 3845 voce
2834 3790 3246 3844 honorabilius?
3274 3792 3401 3859 quid
3430 3793 3638 3846 beatius
3669 3802 3722 3847 et
3745 3795 3813 3849 lo-

2238 3880 2504 3946 cupletius
2525 3880 2548 3930 2
2573 3880 2705 3931 Nam
2734 3880 2823 3930 alii
2850 3878 3065 3946 quidem
3116 3880 3166 3931 in
3202 3881 3487 3934 contrariis
3513 3882 3813 3952 gloriaban-

2240 3977 2326 4021 tur
2352 3968 2593 4022 dicentes
2622 3985 2635 4020 :
2670 3967 2855 4023 Habeo
2885 3976 2962 4023 tot
2991 3976 3044 4023 et
3072 3978 3147 4023 tot
3172 3971 3287 4025 auri
3321 3971 3537 4035 talenta,
3561 3984 3616 4028 et
3630 3976 3811 4046 jugera

2243 4069 2399 4114 terrze
2452 4060 2711 4114 immensa
2734 4101 2749 4123 ,
2803 4071 2855 4115 et
2885 4061 3076 4116 domos
3105 4071 3161 4117 et
3194 4064 3454 4134 mancipia
3486 4083 3499 4120 :
3530 4066 3617 4123 hic
3647 4084 3771 4123 vero
3792 4111 3809 4135 ,

2239 4150 2380 4220 quod
2424 4152 2494 4205 sit
2542 4151 2793 4206 omnibus
2823 4153 3088 4208 nudatus:
3127 4170 3297 4225 neque
3352 4171 3412 4211 se
3465 4158 3699 4214 occultat
3747 4161 3812 4217 ob

2242 4254 2625 4315 paupertatem,
2653 4244 2794 4315 quod
2821 4248 2967 4301 suilli
2998 4244 3215 4314 faciunt,
3250 4265 3422 4320 neque
3450 4251 3614 4321 pudet
3650 4252 3808 4317 illum,

2240 4338 2332 4392 sed
2359 4338 2520 4393 etiam
2550 4338 2830 4408 gloriatur.
2859 4338 2961 4394 Ubi
2993 4349 3119 4394 sunt
3146 4356 3286 4396 nunc
3316 4342 3534 4407 divites,
3570 4344 3661 4415 qui
3687 4361 3811 4401 usu-

2240 4445 2327 4483 ras
2346 4438 2649 4496 munerant,
2678 4439 2733 4483 et
2760 4444 2952 4484 usuras
2976 4444 3282 4497 usurarum,
3306 4434 3394 4503 qui
3413 4436 3651 4490 omnium
3682 4437 3809 4491 bona

2244 4519 2503 4573 invadunt
2529 4529 2584 4575 et
2611 4536 2899 4590 numquam
2954 4519 3254 4573 satiantur?
3301 4524 3527 4578 audistis
3556 4526 3700 4581 Petri
3727 4543 3811 4582 vo-

2242 4622 2382 4672 cem,
2414 4626 2533 4678 qua:
2562 4620 2925 4680 paupertatem
2956 4617 3217 4665 monstrat
3239 4610 3542 4667 divitiarum
3574 4627 3808 4684 matrem,

2244 4713 2363 4766 qum
2395 4698 2529 4753 nihil
2558 4699 2759 4766 habet,
2805 4710 2859 4756 et
2909 4701 2975 4755 iis
3007 4699 3098 4771 qui
3125 4698 3427 4755 diademate
3469 4703 3812 4762 reditniuntor

2245 4788 2547 4857 opulentior
2589 4790 2711 4844 est?
2742 4790 2867 4846 Haec
2912 4788 3107 4861 quippe
3153 4788 3284 4843 nihil
3328 4789 3530 4846 habens
3582 4803 3810 4851 mortuos

2244 4879 2554 4947 suscitabat,
2577 4880 2798 4937 claudos
2824 4882 3082 4951 erigebat,
3110 4880 3383 4937 diemonas
3410 4884 3664 4954 pellebat,
3686 4898 3811 4943 etes

2246 4970 2588 5041 largiebatur,
2613 4989 2733 5042 quae
2755 4974 2788 5027 ii
2820 4973 2909 5040 qni
2940 4986 3170 5042 purpura
3192 4973 3583 5033 amiciunturet
3603 4992 3809 5050 magnos

2245 5063 2663 5134 tremendosque
2694 5065 2966 5120 exercitus
2992 5062 3216 5135 ducunt,
3247 5083 3538 5139 numquam
3568 5080 3813 5144 prmstare

2248 5163 2555 5221 potuerunt.
2615 5154 2743 5210 Haec
2768 5171 2869 5209 vox
2900 5161 2984 5209 est
3029 5170 3238 5225 eorum,
3269 5160 3357 5231 qui
3383 5160 3495 5230 iam
3538 5163 3592 5217 in
3633 5164 3807 5219 czelum

2250 5247 2489 5300 translati
2543 5232 2707 5312 sunt,
2758 5256 2814 5302 et
2846 5247 3098 5303 verticem
3139 5250 3287 5305 illum
3339 5263 3687 5324 occuparunt.
3732 5254 3809 5311 Sic

2250 5344 2423 5404 potest
2453 5336 2500 5390 is
2530 5336 2619 5405 qui
2651 5337 2785 5390 nihil
2838 5336 2997 5392 habet
3020 5378 3038 5405 ,
3065 5341 3303 5395 omnium
3358 5356 3623 5415 occupare
3651 5344 3807 5411 bona;

2247 5436 2299 5480 et
2330 5440 2450 5497 quae
2490 5435 2615 5481 sunt
2654 5429 2894 5482 onmium
2934 5430 3228 5498 possidere.
3262 5429 3318 5488 Si
3370 5447 3499 5487 vero
3544 5448 3608 5488 ea
3657 5437 3810 5503 possi-

2248 5516 2468 5570 dcamus
2491 5532 2609 5585 quae
2635 5526 2760 5570 sunt
2794 5516 3052 5584 omnium,
3081 5520 3331 5576 onmibus
3382 5522 3571 5591 privati
3616 5537 3807 5579 sumus.

2248 5604 2514 5661 Fortassis
2542 5607 2766 5677 amigma
2797 5608 3041 5664 videatur
3078 5625 3198 5666 esse
3254 5610 3382 5666 illud
3409 5652 3425 5676 ,
3456 5609 3598 5682 quod
3626 5612 3810 5668 dictum

2256 5708 2376 5756 est.
2426 5698 2520 5755 sed
2567 5716 2673 5754 non
2734 5710 2836 5756 est.
2888 5700 2994 5757 Sed
3030 5701 3318 5773 quomodo,
3365 5703 3593 5773 inquies,
3639 5706 3682 5760 is
3728 5706 3809 5775 qui
