  <div class='ocr_page' id='page_1' title='image "/cluster/home/n/w/nwhite01/storage/ocr_20150623/61/pst.000005712618/136.png"; bbox 0 0 4070 6322; ppageno 0'>
   <div class='ocr_carea' id='block_1_1' title="bbox 211 377 300 434">
    <p class='ocr_par' dir='ltr' id='par_1_1' title="bbox 211 377 300 434">
     <span class='ocr_line' id='line_1_1' title="bbox 211 377 300 434; baseline -0.022 0"><span class='ocrx_word' id='word_1_1' title='bbox 211 377 300 434; x_wconf 53' lang='lat' dir='ltr'><strong>lii}</strong></span> 
     </span>
    </p>
   </div>
   <div class='ocr_carea' id='block_1_2' title="bbox 212 468 1793 551">
    <p class='ocr_par' dir='ltr' id='par_1_2' title="bbox 212 468 1793 551">
     <span class='ocr_line' id='line_1_2' title="bbox 212 468 1793 551; baseline -0.01 -15"><span class='ocrx_word' id='word_1_2' title='bbox 212 494 334 551; x_wconf 68' lang='grc' dir='ltr'>,ιίίιίι</span> <span class='ocrx_word' id='word_1_3' title='bbox 379 491 557 545; x_wconf 67' lang='lat' dir='ltr'><strong>habet,</strong></span> <span class='ocrx_word' id='word_1_4' title='bbox 618 482 858 536; x_wconf 86' lang='lat' dir='ltr'><strong>ornnium</strong></span> <span class='ocrx_word' id='word_1_5' title='bbox 914 478 1051 532; x_wconf 86' lang='lat' dir='ltr'><strong>bona</strong></span> <span class='ocrx_word' id='word_1_6' title='bbox 1097 474 1368 544; x_wconf 89' lang='lat' dir='ltr'><strong>possidet?</strong></span> <span class='ocrx_word' id='word_1_7' title='bbox 1400 485 1575 526; x_wconf 85' lang='lat' dir='ltr'><strong>annon</strong></span> <span class='ocrx_word' id='word_1_8' title='bbox 1627 468 1793 520; x_wconf 84' lang='lat' dir='ltr'><strong>multo</strong></span> 
     </span>
    </p>
   </div>
   <div class='ocr_carea' id='block_1_3' title="bbox 210 562 1792 654">
    <p class='ocr_par' dir='ltr' id='par_1_3' title="bbox 210 562 1792 654">
     <span class='ocr_line' id='line_1_3' title="bbox 210 562 1792 654; baseline -0.021 -14"><span class='ocrx_word' id='word_1_9' title='bbox 210 585 374 654; x_wconf 75' lang='lat' dir='ltr'><strong>magis</strong></span> <span class='ocrx_word' id='word_1_10' title='bbox 419 579 509 632; x_wconf 85' lang='lat' dir='ltr'><strong>ille</strong></span> <span class='ocrx_word' id='word_1_11' title='bbox 555 574 645 642; x_wconf 95' lang='lat' dir='ltr'><strong>qui</strong></span> <span class='ocrx_word' id='word_1_12' title='bbox 697 572 933 647; x_wconf 85' lang='lat' dir='ltr'><strong>omnium</strong></span> <span class='ocrx_word' id='word_1_13' title='bbox 980 568 1116 621; x_wconf 86' lang='lat' dir='ltr'><strong>bona</strong></span> <span class='ocrx_word' id='word_1_14' title='bbox 1168 564 1359 617; x_wconf 84' lang='lat' dir='ltr'><strong>habet?</strong></span> <span class='ocrx_word' id='word_1_15' title='bbox 1417 562 1792 628; x_wconf 77' lang='lat' dir='ltr'><strong>Nequaquam;</strong></span> 
     </span>
    </p>
   </div>
   <div class='ocr_carea' id='block_1_4' title="bbox 221 650 1791 730">
    <p class='ocr_par' dir='ltr' id='par_1_4' title="bbox 221 650 1791 730">
     <span class='ocr_line' id='line_1_4' title="bbox 221 650 1791 730; baseline -0.021 1"><span class='ocrx_word' id='word_1_16' title='bbox 221 650 316 730; x_wconf 74' lang='lat' dir='ltr'><strong>sed</strong></span> <span class='ocrx_word' id='word_1_17' title='bbox 341 682 510 725; x_wconf 89' lang='lat' dir='ltr'><strong>totum</strong></span> <span class='ocrx_word' id='word_1_18' title='bbox 541 666 889 721; x_wconf 88' lang='lat' dir='ltr'><strong>contrarium.</strong></span> <span class='ocrx_word' id='word_1_19' title='bbox 919 661 1050 714; x_wconf 87' lang='lat' dir='ltr'><strong>Nam</strong></span> <span class='ocrx_word' id='word_1_20' title='bbox 1091 661 1180 728; x_wconf 91' lang='lat' dir='ltr'><strong>qui</strong></span> <span class='ocrx_word' id='word_1_21' title='bbox 1214 657 1342 709; x_wconf 82' lang='lat' dir='ltr'><strong>nihil</strong></span> <span class='ocrx_word' id='word_1_22' title='bbox 1392 653 1547 707; x_wconf 75' lang='lat' dir='ltr'><strong>habet</strong></span> <span class='ocrx_word' id='word_1_23' title='bbox 1573 693 1587 715; x_wconf 97' lang='lat'><strong>,</strong></span> <span class='ocrx_word' id='word_1_24' title='bbox 1617 650 1791 701; x_wconf 80' lang='lat' dir='ltr'><strong>omni-</strong></span> 
     </span>
    </p>
   </div>
   <div class='ocr_carea' id='block_1_5' title="bbox 214 742 1798 830">
    <p class='ocr_par' dir='ltr' id='par_1_5' title="bbox 214 742 1798 830">
     <span class='ocr_line' id='line_1_5' title="bbox 214 742 1798 830; baseline -0.02 -10"><span class='ocrx_word' id='word_1_25' title='bbox 214 771 308 820; x_wconf 88' lang='lat' dir='ltr'><strong>bus</strong></span> <span class='ocrx_word' id='word_1_26' title='bbox 353 765 605 830; x_wconf 88' lang='lat' dir='ltr'><strong>imperat,</strong></span> <span class='ocrx_word' id='word_1_27' title='bbox 638 765 695 808; x_wconf 93' lang='lat' dir='ltr'><strong>nt</strong></span> <span class='ocrx_word' id='word_1_28' title='bbox 731 764 785 808; x_wconf 90' lang='lat' dir='ltr'><strong>et</strong></span> <span class='ocrx_word' id='word_1_29' title='bbox 815 753 888 807; x_wconf 90' lang='lat' dir='ltr'><strong>illi</strong></span> <span class='ocrx_word' id='word_1_30' title='bbox 927 751 1191 805; x_wconf 88' lang='lat' dir='ltr'><strong>faciebant</strong></span> <span class='ocrx_word' id='word_1_31' title='bbox 1221 766 1233 800; x_wconf 90' lang='lat'>:</span> <span class='ocrx_word' id='word_1_32' title='bbox 1265 760 1451 800; x_wconf 89' lang='lat' dir='ltr'><strong>omnes</strong></span> <span class='ocrx_word' id='word_1_33' title='bbox 1503 742 1645 796; x_wconf 92' lang='lat' dir='ltr'><strong>enim</strong></span> <span class='ocrx_word' id='word_1_34' title='bbox 1701 755 1798 806; x_wconf 76' lang='lat' dir='ltr'><strong>per</strong></span> 
     </span>
    </p>
   </div>
   <div class='ocr_carea' id='block_1_6' title="bbox 209 833 1796 915">
    <p class='ocr_par' dir='ltr' id='par_1_6' title="bbox 209 833 1796 915">
     <span class='ocr_line' id='line_1_6' title="bbox 209 833 1796 915; baseline -0.017 -4"><span class='ocrx_word' id='word_1_35' title='bbox 209 857 392 912; x_wconf 77' lang='lat' dir='ltr'><strong>urbem</strong></span> <span class='ocrx_word' id='word_1_36' title='bbox 439 851 631 904; x_wconf 81' lang='lat' dir='ltr'><strong>domus</strong></span> <span class='ocrx_word' id='word_1_37' title='bbox 682 847 979 915; x_wconf 86' lang='lat' dir='ltr'><strong>ipsiserant</strong></span> <span class='ocrx_word' id='word_1_38' title='bbox 1026 851 1264 910; x_wconf 72' lang='lat' dir='ltr'><strong>apertze,</strong></span> <span class='ocrx_word' id='word_1_39' title='bbox 1317 838 1644 906; x_wconf 79' lang='lat' dir='ltr'><strong>gratiamque</strong></span> <span class='ocrx_word' id='word_1_40' title='bbox 1693 833 1796 884; x_wconf 88' lang='lat' dir='ltr'><strong>illis</strong></span> 
     </span>
    </p>
   </div>
   <div class='ocr_carea' id='block_1_7' title="bbox 215 925 1795 1011">
    <p class='ocr_par' dir='ltr' id='par_1_7' title="bbox 215 925 1795 1011">
     <span class='ocr_line' id='line_1_7' title="bbox 215 925 1795 1011; baseline -0.018 -9"><span class='ocrx_word' id='word_1_41' title='bbox 215 946 486 1002; x_wconf 83' lang='lat' dir='ltr'><strong>habebant</strong></span> <span class='ocrx_word' id='word_1_42' title='bbox 525 942 615 1011; x_wconf 88' lang='lat' dir='ltr'><strong>qui</strong></span> <span class='ocrx_word' id='word_1_43' title='bbox 648 937 984 1007; x_wconf 78' lang='lat' dir='ltr'><strong>excipiebant</strong></span> <span class='ocrx_word' id='word_1_44' title='bbox 1014 935 1157 1001; x_wconf 91' lang='lat' dir='ltr'><strong>ipsos</strong></span> <span class='ocrx_word' id='word_1_45' title='bbox 1188 973 1200 993; x_wconf 89' lang='lat'><strong>,</strong></span> <span class='ocrx_word' id='word_1_46' title='bbox 1232 941 1284 984; x_wconf 92' lang='lat' dir='ltr'><strong>et</strong></span> <span class='ocrx_word' id='word_1_47' title='bbox 1313 941 1576 998; x_wconf 85' lang='lat' dir='ltr'><strong>tamquam</strong></span> <span class='ocrx_word' id='word_1_48' title='bbox 1606 925 1669 977; x_wconf 89' lang='lat' dir='ltr'><strong>ad</strong></span> <span class='ocrx_word' id='word_1_49' title='bbox 1703 941 1795 977; x_wconf 88' lang='lat' dir='ltr'><strong>co-</strong></span> 
     </span>
    </p>
   </div>
   <div class='ocr_carea' id='block_1_8' title="bbox 206 1017 1795 1106">
    <p class='ocr_par' dir='ltr' id='par_1_8' title="bbox 206 1017 1795 1106">
     <span class='ocr_line' id='line_1_8' title="bbox 206 1017 1795 1106; baseline -0.014 -17"><span class='ocrx_word' id='word_1_50' title='bbox 206 1045 400 1106; x_wconf 70' lang='lat' dir='ltr'><strong>gnatos</strong></span> <span class='ocrx_word' id='word_1_51' title='bbox 443 1041 498 1087; x_wconf 91' lang='lat' dir='ltr'><strong>et</strong></span> <span class='ocrx_word' id='word_1_52' title='bbox 541 1031 741 1083; x_wconf 85' lang='lat' dir='ltr'><strong>amicos</strong></span> <span class='ocrx_word' id='word_1_53' title='bbox 798 1025 1098 1080; x_wconf 74' lang='lat' dir='ltr'><strong>veniebant.</strong></span> <span class='ocrx_word' id='word_1_54' title='bbox 1138 1022 1512 1088; x_wconf 73' lang='lat' dir='ltr'><strong>Veneruntqne</strong></span> <span class='ocrx_word' id='word_1_55' title='bbox 1553 1017 1619 1069; x_wconf 88' lang='lat' dir='ltr'><strong>ad</strong></span> <span class='ocrx_word' id='word_1_56' title='bbox 1667 1031 1795 1084; x_wconf 88' lang='lat' dir='ltr'><strong>pur-</strong></span> 
     </span>
    </p>
   </div>
   <div class='ocr_carea' id='block_1_9' title="bbox 211 1109 1799 1193">
    <p class='ocr_par' dir='ltr' id='par_1_9' title="bbox 211 1109 1799 1193">
     <span class='ocr_line' id='line_1_9' title="bbox 211 1109 1799 1193; baseline -0.011 -16"><span class='ocrx_word' id='word_1_57' title='bbox 211 1126 482 1193; x_wconf 86' lang='lat' dir='ltr'><strong>purariam</strong></span> <span class='ocrx_word' id='word_1_58' title='bbox 509 1162 523 1185; x_wconf 96' lang='lat'><strong>,</strong></span> <span class='ocrx_word' id='word_1_59' title='bbox 549 1131 601 1175; x_wconf 89' lang='lat' dir='ltr'><strong>et</strong></span> <span class='ocrx_word' id='word_1_60' title='bbox 629 1121 715 1174; x_wconf 90' lang='lat' dir='ltr'><strong>illa</strong></span> <span class='ocrx_word' id='word_1_61' title='bbox 747 1120 893 1187; x_wconf 88' lang='lat' dir='ltr'><strong>quasi</strong></span> <span class='ocrx_word' id='word_1_62' title='bbox 921 1115 1109 1169; x_wconf 83' lang='lat' dir='ltr'><strong>ancilla</strong></span> <span class='ocrx_word' id='word_1_63' title='bbox 1140 1128 1234 1166; x_wconf 90' lang='lat' dir='ltr'><strong>sua</strong></span> <span class='ocrx_word' id='word_1_64' title='bbox 1259 1112 1386 1179; x_wconf 88' lang='lat' dir='ltr'><strong>ipsis</strong></span> <span class='ocrx_word' id='word_1_65' title='bbox 1430 1109 1671 1177; x_wconf 85' lang='lat' dir='ltr'><strong>apposuit</strong></span> <span class='ocrx_word' id='word_1_66' title='bbox 1697 1125 1710 1172; x_wconf 91' lang='lat'><strong>;</strong></span> <span class='ocrx_word' id='word_1_67' title='bbox 1746 1116 1799 1160; x_wconf 90' lang='lat' dir='ltr'><strong>et</strong></span> 
     </span>
    </p>
   </div>
   <div class='ocr_carea' id='block_1_10' title="bbox 211 1200 1799 1274">
    <p class='ocr_par' dir='ltr' id='par_1_10' title="bbox 211 1200 1799 1274">
     <span class='ocr_line' id='line_1_10' title="bbox 211 1200 1799 1274; baseline -0.012 -5"><span class='ocrx_word' id='word_1_68' title='bbox 211 1217 272 1271; x_wconf 83' lang='lat' dir='ltr'><strong>ad</strong></span> <span class='ocrx_word' id='word_1_69' title='bbox 307 1214 548 1270; x_wconf 89' lang='lat' dir='ltr'><strong>carceris</strong></span> <span class='ocrx_word' id='word_1_70' title='bbox 597 1211 872 1266; x_wconf 82' lang='lat' dir='ltr'><strong>custodem</strong></span> <span class='ocrx_word' id='word_1_71' title='bbox 903 1249 917 1274; x_wconf 84' lang='lat'><strong>,</strong></span> <span class='ocrx_word' id='word_1_72' title='bbox 965 1217 1020 1261; x_wconf 88' lang='lat' dir='ltr'><strong>et</strong></span> <span class='ocrx_word' id='word_1_73' title='bbox 1062 1207 1152 1260; x_wconf 90' lang='lat' dir='ltr'><strong>ille</strong></span> <span class='ocrx_word' id='word_1_74' title='bbox 1202 1214 1364 1257; x_wconf 85' lang='lat' dir='ltr'><strong>totam</strong></span> <span class='ocrx_word' id='word_1_75' title='bbox 1421 1202 1550 1269; x_wconf 80' lang='lat' dir='ltr'><strong>ipsis</strong></span> <span class='ocrx_word' id='word_1_76' title='bbox 1582 1200 1799 1252; x_wconf 90' lang='lat' dir='ltr'><strong>domum</strong></span> 
     </span>
    </p>
   </div>
   <div class='ocr_carea' id='block_1_11' title="bbox 215 1292 1799 1374">
    <p class='ocr_par' dir='ltr' id='par_1_11' title="bbox 215 1292 1799 1374">
     <span class='ocr_line' id='line_1_11' title="bbox 215 1292 1799 1374; baseline -0.012 -13"><span class='ocrx_word' id='word_1_77' title='bbox 215 1308 426 1374; x_wconf 66' lang='lat' dir='ltr'><strong>aperuit</strong></span> <span class='ocrx_word' id='word_1_78' title='bbox 452 1321 466 1370; x_wconf 86' lang='lat'><strong>;</strong></span> <span class='ocrx_word' id='word_1_79' title='bbox 501 1313 556 1358; x_wconf 86' lang='lat' dir='ltr'><strong>et</strong></span> <span class='ocrx_word' id='word_1_80' title='bbox 584 1305 650 1358; x_wconf 89' lang='lat' dir='ltr'><strong>ad</strong></span> <span class='ocrx_word' id='word_1_81' title='bbox 676 1304 808 1356; x_wconf 84' lang='lat' dir='ltr'><strong>alios</strong></span> <span class='ocrx_word' id='word_1_82' title='bbox 840 1303 1168 1354; x_wconf 90' lang='lat' dir='ltr'><strong>innumeros.</strong></span> <span class='ocrx_word' id='word_1_83' title='bbox 1200 1295 1286 1349; x_wconf 89' lang='lat' dir='ltr'><strong>Sic</strong></span> <span class='ocrx_word' id='word_1_84' title='bbox 1313 1294 1490 1346; x_wconf 82' lang='lat' dir='ltr'><strong>omnia</strong></span> <span class='ocrx_word' id='word_1_85' title='bbox 1513 1292 1799 1351; x_wconf 83' lang='lat' dir='ltr'><strong>habebant,</strong></span> 
     </span>
    </p>
   </div>
   <div class='ocr_carea' id='block_1_12' title="bbox 218 1385 1803 1467">
    <p class='ocr_par' dir='ltr' id='par_1_12' title="bbox 218 1385 1803 1467">
     <span class='ocr_line' id='line_1_12' title="bbox 218 1385 1803 1467; baseline -0.013 -13"><span class='ocrx_word' id='word_1_86' title='bbox 218 1409 272 1453; x_wconf 85' lang='lat' dir='ltr'><strong>ct</strong></span> <span class='ocrx_word' id='word_1_87' title='bbox 323 1399 458 1453; x_wconf 88' lang='lat' dir='ltr'><strong>nihil</strong></span> <span class='ocrx_word' id='word_1_88' title='bbox 491 1396 860 1467; x_wconf 89' lang='lat' dir='ltr'><strong>possidebant.</strong></span> <span class='ocrx_word' id='word_1_89' title='bbox 892 1390 1034 1444; x_wconf 81' lang='lat' dir='ltr'><strong>Nihil</strong></span> <span class='ocrx_word' id='word_1_90' title='bbox 1087 1387 1228 1442; x_wconf 92' lang='lat' dir='ltr'><strong>enim</strong></span> <span class='ocrx_word' id='word_1_91' title='bbox 1260 1400 1478 1439; x_wconf 91' lang='lat' dir='ltr'><strong>suorum</strong></span> <span class='ocrx_word' id='word_1_92' title='bbox 1527 1385 1629 1438; x_wconf 88' lang='lat' dir='ltr'><strong>sibi</strong></span> <span class='ocrx_word' id='word_1_93' title='bbox 1678 1398 1803 1452; x_wconf 88' lang='lat' dir='ltr'><strong>pro-</strong></span> 
     </span>
    </p>
   </div>
   <div class='ocr_carea' id='block_1_13' title="bbox 220 1475 1806 1560">
    <p class='ocr_par' dir='ltr' id='par_1_13' title="bbox 220 1475 1806 1560">
     <span class='ocr_line' id='line_1_13' title="bbox 220 1475 1806 1560; baseline -0.013 -14"><span class='ocrx_word' id='word_1_94' title='bbox 220 1493 397 1560; x_wconf 86' lang='lat' dir='ltr'><strong>prium</strong></span> <span class='ocrx_word' id='word_1_95' title='bbox 424 1505 546 1543; x_wconf 84' lang='lat' dir='ltr'><strong>esse</strong></span> <span class='ocrx_word' id='word_1_96' title='bbox 572 1487 820 1541; x_wconf 84' lang='lat' dir='ltr'><strong>dicebant</strong></span> <span class='ocrx_word' id='word_1_97' title='bbox 846 1501 859 1538; x_wconf 88' lang='lat'>:</span> <span class='ocrx_word' id='word_1_98' title='bbox 893 1483 1119 1548; x_wconf 83' lang='lat' dir='ltr'><strong>ideoque</strong></span> <span class='ocrx_word' id='word_1_99' title='bbox 1148 1477 1326 1531; x_wconf 87' lang='lat' dir='ltr'><strong>omnia</strong></span> <span class='ocrx_word' id='word_1_100' title='bbox 1359 1491 1452 1528; x_wconf 88' lang='lat' dir='ltr'><strong>sua</strong></span> <span class='ocrx_word' id='word_1_101' title='bbox 1482 1484 1656 1529; x_wconf 88' lang='lat' dir='ltr'><strong>erant.</strong></span> <span class='ocrx_word' id='word_1_102' title='bbox 1706 1475 1806 1540; x_wconf 82' lang='lat' dir='ltr'><strong>Qui</strong></span> 
     </span>
    </p>
   </div>
   <div class='ocr_carea' id='block_1_14' title="bbox 220 1564 1806 1640">
    <p class='ocr_par' dir='ltr' id='par_1_14' title="bbox 220 1564 1806 1640">
     <span class='ocr_line' id='line_1_14' title="bbox 220 1564 1806 1640; baseline -0.012 -5"><span class='ocrx_word' id='word_1_103' title='bbox 220 1582 362 1635; x_wconf 87' lang='lat' dir='ltr'><strong>enim</strong></span> <span class='ocrx_word' id='word_1_104' title='bbox 393 1581 572 1633; x_wconf 87' lang='lat' dir='ltr'><strong>omnia</strong></span> <span class='ocrx_word' id='word_1_105' title='bbox 604 1574 906 1630; x_wconf 88' lang='lat' dir='ltr'><strong>communia</strong></span> <span class='ocrx_word' id='word_1_106' title='bbox 937 1579 1109 1640; x_wconf 80' lang='lat' dir='ltr'><strong>putat,</strong></span> <span class='ocrx_word' id='word_1_107' title='bbox 1143 1585 1246 1621; x_wconf 89' lang='lat' dir='ltr'><strong>non</strong></span> <span class='ocrx_word' id='word_1_108' title='bbox 1287 1567 1398 1620; x_wconf 89' lang='lat' dir='ltr'><strong>suis</strong></span> <span class='ocrx_word' id='word_1_109' title='bbox 1430 1575 1631 1618; x_wconf 91' lang='lat' dir='ltr'><strong>tantum</strong></span> <span class='ocrx_word' id='word_1_110' title='bbox 1661 1605 1674 1628; x_wconf 92' lang='lat'><strong>,</strong></span> <span class='ocrx_word' id='word_1_111' title='bbox 1712 1564 1806 1617; x_wconf 87' lang='lat' dir='ltr'><strong>sed</strong></span> 
     </span>
    </p>
   </div>
   <div class='ocr_carea' id='block_1_15' title="bbox 218 1653 1810 1732">
    <p class='ocr_par' dir='ltr' id='par_1_15' title="bbox 218 1653 1810 1732">
     <span class='ocr_line' id='line_1_15' title="bbox 218 1653 1810 1732; baseline -0.011 -8"><span class='ocrx_word' id='word_1_112' title='bbox 218 1686 273 1724; x_wconf 72' lang='lat' dir='ltr'><strong>et</strong></span> <span class='ocrx_word' id='word_1_113' title='bbox 303 1669 500 1721; x_wconf 85' lang='lat' dir='ltr'><strong>alienis</strong></span> <span class='ocrx_word' id='word_1_114' title='bbox 533 1674 712 1719; x_wconf 83' lang='lat' dir='ltr'><strong>utetur</strong></span> <span class='ocrx_word' id='word_1_115' title='bbox 732 1671 789 1716; x_wconf 91' lang='lat' dir='ltr'><strong>ut</strong></span> <span class='ocrx_word' id='word_1_116' title='bbox 828 1660 1062 1732; x_wconf 80' lang='lat' dir='ltr'><strong>propriis</strong></span> <span class='ocrx_word' id='word_1_117' title='bbox 1092 1678 1104 1712; x_wconf 94' lang='lat'><strong>:</strong></span> <span class='ocrx_word' id='word_1_118' title='bbox 1130 1659 1220 1728; x_wconf 87' lang='lat' dir='ltr'><strong>qui</strong></span> <span class='ocrx_word' id='word_1_119' title='bbox 1249 1666 1426 1710; x_wconf 89' lang='lat' dir='ltr'><strong>autem</strong></span> <span class='ocrx_word' id='word_1_120' title='bbox 1456 1653 1727 1709; x_wconf 83' lang='lat' dir='ltr'><strong>abscindit</strong></span> <span class='ocrx_word' id='word_1_121' title='bbox 1757 1661 1810 1706; x_wconf 87' lang='lat' dir='ltr'><strong>et</strong></span> 
     </span>
    </p>
   </div>
   <div class='ocr_carea' id='block_1_16' title="bbox 219 1741 1805 1817">
    <p class='ocr_par' dir='ltr' id='par_1_16' title="bbox 219 1741 1805 1817">
     <span class='ocr_line' id='line_1_16' title="bbox 219 1741 1805 1817; baseline -0.014 -2"><span class='ocrx_word' id='word_1_122' title='bbox 219 1775 279 1815; x_wconf 83' lang='lat' dir='ltr'><strong>se</strong></span> <span class='ocrx_word' id='word_1_123' title='bbox 305 1774 530 1813; x_wconf 91' lang='lat' dir='ltr'><strong>suorum</strong></span> <span class='ocrx_word' id='word_1_124' title='bbox 560 1764 764 1809; x_wconf 90' lang='lat' dir='ltr'><strong>tantum</strong></span> <span class='ocrx_word' id='word_1_125' title='bbox 794 1753 1068 1807; x_wconf 92' lang='lat' dir='ltr'><strong>dominum</strong></span> <span class='ocrx_word' id='word_1_126' title='bbox 1099 1750 1246 1814; x_wconf 92' lang='lat' dir='ltr'><strong>facit,</strong></span> <span class='ocrx_word' id='word_1_127' title='bbox 1281 1762 1454 1817; x_wconf 90' lang='lat' dir='ltr'><strong>neque</strong></span> <span class='ocrx_word' id='word_1_128' title='bbox 1487 1746 1674 1798; x_wconf 87' lang='lat' dir='ltr'><strong>borum</strong></span> <span class='ocrx_word' id='word_1_129' title='bbox 1706 1741 1805 1795; x_wconf 90' lang='lat' dir='ltr'><strong>do-</strong></span> 
     </span>
    </p>
   </div>
   <div class='ocr_carea' id='block_1_17' title="bbox 222 1834 1814 1912">
    <p class='ocr_par' dir='ltr' id='par_1_17' title="bbox 222 1834 1814 1912">
     <span class='ocr_line' id='line_1_17' title="bbox 222 1834 1814 1912; baseline -0.013 -7"><span class='ocrx_word' id='word_1_130' title='bbox 222 1850 402 1905; x_wconf 83' lang='lat' dir='ltr'><strong>minus</strong></span> <span class='ocrx_word' id='word_1_131' title='bbox 427 1848 554 1902; x_wconf 92' lang='lat' dir='ltr'><strong>erit.</strong></span> <span class='ocrx_word' id='word_1_132' title='bbox 584 1848 647 1900; x_wconf 80' lang='lat' dir='ltr'><strong>Et</strong></span> <span class='ocrx_word' id='word_1_133' title='bbox 673 1844 776 1899; x_wconf 87' lang='lat' dir='ltr'><strong>hoc</strong></span> <span class='ocrx_word' id='word_1_134' title='bbox 802 1845 869 1899; x_wconf 87' lang='lat' dir='ltr'><strong>ab</strong></span> <span class='ocrx_word' id='word_1_135' title='bbox 909 1842 1158 1912; x_wconf 76' lang='lat' dir='ltr'><strong>exemplo</strong></span> <span class='ocrx_word' id='word_1_136' title='bbox 1184 1841 1372 1909; x_wconf 86' lang='lat' dir='ltr'><strong>liquet.</strong></span> <span class='ocrx_word' id='word_1_137' title='bbox 1404 1836 1505 1903; x_wconf 82' lang='lat' dir='ltr'><strong>Qui</strong></span> <span class='ocrx_word' id='word_1_138' title='bbox 1535 1834 1665 1888; x_wconf 87' lang='lat' dir='ltr'><strong>nihil</strong></span> <span class='ocrx_word' id='word_1_139' title='bbox 1700 1848 1814 1886; x_wconf 90' lang='lat' dir='ltr'><strong>om-</strong></span> 
     </span>
    </p>
   </div>
   <div class='ocr_carea' id='block_1_18' title="bbox 220 1935 1815 2009">
    <p class='ocr_par' dir='ltr' id='par_1_18' title="bbox 220 1935 1815 2009">
     <span class='ocr_line' id='line_1_18' title="bbox 220 1935 1815 2009; baseline -0.011 -14"><span class='ocrx_word' id='word_1_140' title='bbox 220 1941 350 1995; x_wconf 88' lang='lat' dir='ltr'><strong>nino</strong></span> <span class='ocrx_word' id='word_1_141' title='bbox 380 1939 657 2009; x_wconf 88' lang='lat' dir='ltr'><strong>possidet,</strong></span> <span class='ocrx_word' id='word_1_142' title='bbox 708 1950 881 2005; x_wconf 90' lang='lat' dir='ltr'><strong>neque</strong></span> <span class='ocrx_word' id='word_1_143' title='bbox 909 1935 1127 1987; x_wconf 88' lang='lat' dir='ltr'><strong>domum</strong></span> <span class='ocrx_word' id='word_1_144' title='bbox 1173 1945 1346 1999; x_wconf 89' lang='lat' dir='ltr'><strong>neque</strong></span> <span class='ocrx_word' id='word_1_145' title='bbox 1374 1942 1611 1982; x_wconf 84' lang='lat' dir='ltr'><strong>mensam</strong></span> <span class='ocrx_word' id='word_1_146' title='bbox 1642 1940 1815 1994; x_wconf 86' lang='lat' dir='ltr'><strong>neque</strong></span> 
     </span>
    </p>
   </div>
   <div class='ocr_carea' id='block_1_19' title="bbox 222 2016 1816 2102">
    <p class='ocr_par' dir='ltr' id='par_1_19' title="bbox 222 2016 1816 2102">
     <span class='ocr_line' id='line_1_19' title="bbox 222 2016 1816 2102; baseline -0.013 -14"><span class='ocrx_word' id='word_1_147' title='bbox 222 2033 553 2102; x_wconf 79' lang='lat' dir='ltr'><strong>superﬂuam</strong></span> <span class='ocrx_word' id='word_1_148' title='bbox 587 2037 822 2090; x_wconf 89' lang='lat' dir='ltr'><strong>vestem,</strong></span> <span class='ocrx_word' id='word_1_149' title='bbox 873 2025 964 2078; x_wconf 91' lang='lat' dir='ltr'><strong>sed</strong></span> <span class='ocrx_word' id='word_1_150' title='bbox 993 2030 1210 2092; x_wconf 90' lang='lat' dir='ltr'><strong>propter</strong></span> <span class='ocrx_word' id='word_1_151' title='bbox 1235 2021 1399 2073; x_wconf 88' lang='lat' dir='ltr'><strong>Deum</strong></span> <span class='ocrx_word' id='word_1_152' title='bbox 1433 2018 1679 2071; x_wconf 88' lang='lat' dir='ltr'><strong>omnibus</strong></span> <span class='ocrx_word' id='word_1_153' title='bbox 1709 2016 1816 2085; x_wconf 90' lang='lat' dir='ltr'><strong>pri-</strong></span> 
     </span>
    </p>
   </div>
   <div class='ocr_carea' id='block_1_20' title="bbox 221 2108 1818 2184">
    <p class='ocr_par' dir='ltr' id='par_1_20' title="bbox 221 2108 1818 2184">
     <span class='ocr_line' id='line_1_20' title="bbox 221 2108 1818 2184; baseline -0.011 -9"><span class='ocrx_word' id='word_1_154' title='bbox 221 2117 404 2183; x_wconf 79' lang='lat' dir='ltr'><strong>vatur,</strong></span> <span class='ocrx_word' id='word_1_155' title='bbox 433 2118 810 2174; x_wconf 79' lang='lat' dir='ltr'><strong>communibus</strong></span> <span class='ocrx_word' id='word_1_156' title='bbox 843 2123 900 2167; x_wconf 90' lang='lat' dir='ltr'><strong>ut</strong></span> <span class='ocrx_word' id='word_1_157' title='bbox 924 2114 1152 2184; x_wconf 87' lang='lat' dir='ltr'><strong>propriis</strong></span> <span class='ocrx_word' id='word_1_158' title='bbox 1184 2112 1368 2171; x_wconf 87' lang='lat' dir='ltr'><strong>utitur,</strong></span> <span class='ocrx_word' id='word_1_159' title='bbox 1393 2120 1446 2163; x_wconf 90' lang='lat' dir='ltr'><strong>et</strong></span> <span class='ocrx_word' id='word_1_160' title='bbox 1472 2108 1538 2160; x_wconf 92' lang='lat' dir='ltr'><strong>ab</strong></span> <span class='ocrx_word' id='word_1_161' title='bbox 1568 2108 1818 2160; x_wconf 88' lang='lat' dir='ltr'><strong>omnibus</strong></span> 
     </span>
    </p>
   </div>
   <div class='ocr_carea' id='block_1_21' title="bbox 220 2196 1816 2282">
    <p class='ocr_par' dir='ltr' id='par_1_21' title="bbox 220 2196 1816 2282">
     <span class='ocr_line' id='line_1_21' title="bbox 220 2196 1816 2282; baseline -0.012 -16"><span class='ocrx_word' id='word_1_162' title='bbox 220 2209 583 2282; x_wconf 58' lang='lat' dir='ltr'><strong>quacumque</strong></span> <span class='ocrx_word' id='word_1_163' title='bbox 611 2206 843 2259; x_wconf 86' lang='lat' dir='ltr'><strong>voluerit</strong></span> <span class='ocrx_word' id='word_1_164' title='bbox 871 2205 1134 2272; x_wconf 86' lang='lat' dir='ltr'><strong>accipiet:</strong></span> <span class='ocrx_word' id='word_1_165' title='bbox 1165 2211 1220 2255; x_wconf 88' lang='lat' dir='ltr'><strong>et</strong></span> <span class='ocrx_word' id='word_1_166' title='bbox 1247 2202 1324 2254; x_wconf 90' lang='lat' dir='ltr'><strong>sic</strong></span> <span class='ocrx_word' id='word_1_167' title='bbox 1355 2200 1446 2268; x_wconf 88' lang='lat' dir='ltr'><strong>qui</strong></span> <span class='ocrx_word' id='word_1_168' title='bbox 1476 2198 1604 2251; x_wconf 87' lang='lat' dir='ltr'><strong>nihil</strong></span> <span class='ocrx_word' id='word_1_169' title='bbox 1636 2196 1816 2259; x_wconf 87' lang='lat' dir='ltr'><strong>habet,</strong></span> 
     </span>
    </p>
   </div>
   <div class='ocr_carea' id='block_1_22' title="bbox 224 2291 1819 2369">
    <p class='ocr_par' dir='ltr' id='par_1_22' title="bbox 224 2291 1819 2369">
     <span class='ocr_line' id='line_1_22' title="bbox 224 2291 1819 2369; baseline -0.009 -12"><span class='ocrx_word' id='word_1_170' title='bbox 224 2302 473 2358; x_wconf 88' lang='lat' dir='ltr'><strong>omnium</strong></span> <span class='ocrx_word' id='word_1_171' title='bbox 507 2299 646 2353; x_wconf 88' lang='lat' dir='ltr'><strong>bona</strong></span> <span class='ocrx_word' id='word_1_172' title='bbox 678 2298 939 2369; x_wconf 89' lang='lat' dir='ltr'><strong>possidet.</strong></span> <span class='ocrx_word' id='word_1_173' title='bbox 970 2295 1068 2361; x_wconf 87' lang='lat' dir='ltr'><strong>Qui</strong></span> <span class='ocrx_word' id='word_1_174' title='bbox 1104 2304 1280 2348; x_wconf 88' lang='lat' dir='ltr'><strong>autem</strong></span> <span class='ocrx_word' id='word_1_175' title='bbox 1315 2292 1477 2346; x_wconf 88' lang='lat' dir='ltr'><strong>habet</strong></span> <span class='ocrx_word' id='word_1_176' title='bbox 1507 2291 1681 2358; x_wconf 82' lang='lat' dir='ltr'><strong>aliqua</strong></span> <span class='ocrx_word' id='word_1_177' title='bbox 1705 2330 1719 2349; x_wconf 88' lang='lat'><strong>.</strong></span> <span class='ocrx_word' id='word_1_178' title='bbox 1754 2306 1819 2342; x_wconf 88' lang='lat' dir='ltr'><strong>ne</strong></span> 
     </span>
    </p>
   </div>
   <div class='ocr_carea' id='block_1_23' title="bbox 227 2371 1821 2460">
    <p class='ocr_par' dir='ltr' id='par_1_23' title="bbox 227 2371 1821 2460">
     <span class='ocr_line' id='line_1_23' title="bbox 227 2371 1821 2460; baseline -0.011 -12"><span class='ocrx_word' id='word_1_179' title='bbox 227 2393 425 2448; x_wconf 86' lang='lat' dir='ltr'><strong>borum</strong></span> <span class='ocrx_word' id='word_1_180' title='bbox 451 2390 668 2460; x_wconf 87' lang='lat' dir='ltr'><strong>quidem</strong></span> <span class='ocrx_word' id='word_1_181' title='bbox 693 2389 942 2442; x_wconf 90' lang='lat' dir='ltr'><strong>dominus</strong></span> <span class='ocrx_word' id='word_1_182' title='bbox 973 2386 1095 2440; x_wconf 88' lang='lat' dir='ltr'><strong>erit.</strong></span> <span class='ocrx_word' id='word_1_183' title='bbox 1130 2383 1312 2454; x_wconf 82' lang='lat' dir='ltr'><strong>Neque</strong></span> <span class='ocrx_word' id='word_1_184' title='bbox 1339 2371 1484 2438; x_wconf 86' lang='lat' dir='ltr'><strong>enim</strong></span> <span class='ocrx_word' id='word_1_185' title='bbox 1512 2381 1659 2436; x_wconf 89' lang='lat' dir='ltr'><strong>dabit</strong></span> <span class='ocrx_word' id='word_1_186' title='bbox 1704 2379 1821 2450; x_wconf 88' lang='lat' dir='ltr'><strong>quis</strong></span> 
     </span>
    </p>
   </div>
   <div class='ocr_carea' id='block_1_24' title="bbox 230 2475 1820 2555">
    <p class='ocr_par' dir='ltr' id='par_1_24' title="bbox 230 2475 1820 2555">
     <span class='ocr_line' id='line_1_24' title="bbox 230 2475 1820 2555; baseline -0.013 -14"><span class='ocrx_word' id='word_1_187' title='bbox 230 2483 569 2555; x_wconf 85' lang='lat' dir='ltr'><strong>possidenti;</strong></span> <span class='ocrx_word' id='word_1_188' title='bbox 598 2491 650 2536; x_wconf 90' lang='lat' dir='ltr'><strong>et</strong></span> <span class='ocrx_word' id='word_1_189' title='bbox 680 2481 946 2534; x_wconf 86' lang='lat' dir='ltr'><strong>latronum</strong></span> <span class='ocrx_word' id='word_1_190' title='bbox 976 2487 1031 2532; x_wconf 91' lang='lat' dir='ltr'><strong>et</strong></span> <span class='ocrx_word' id='word_1_191' title='bbox 1077 2475 1250 2530; x_wconf 90' lang='lat' dir='ltr'><strong>furum</strong></span> <span class='ocrx_word' id='word_1_192' title='bbox 1289 2483 1342 2529; x_wconf 90' lang='lat' dir='ltr'><strong>et</strong></span> <span class='ocrx_word' id='word_1_193' title='bbox 1372 2475 1820 2543; x_wconf 81' lang='lat' dir='ltr'><strong>sycophantarum</strong></span> 
     </span>
    </p>
   </div>
   <div class='ocr_carea' id='block_1_25' title="bbox 231 2562 1825 2634">
    <p class='ocr_par' dir='ltr' id='par_1_25' title="bbox 231 2562 1825 2634">
     <span class='ocr_line' id='line_1_25' title="bbox 231 2562 1825 2634; baseline -0.01 -4"><span class='ocrx_word' id='word_1_194' title='bbox 231 2586 290 2630; x_wconf 83' lang='lat' dir='ltr'><strong>et</strong></span> <span class='ocrx_word' id='word_1_195' title='bbox 311 2572 624 2628; x_wconf 82' lang='lat' dir='ltr'><strong>mutationis</strong></span> <span class='ocrx_word' id='word_1_196' title='bbox 670 2584 871 2634; x_wconf 88' lang='lat' dir='ltr'><strong>rerum,</strong></span> <span class='ocrx_word' id='word_1_197' title='bbox 912 2577 967 2623; x_wconf 84' lang='lat' dir='ltr'><strong>et</strong></span> <span class='ocrx_word' id='word_1_198' title='bbox 992 2567 1231 2622; x_wconf 89' lang='lat' dir='ltr'><strong>omnium</strong></span> <span class='ocrx_word' id='word_1_199' title='bbox 1288 2565 1460 2634; x_wconf 77' lang='lat' dir='ltr'><strong>magis</strong></span> <span class='ocrx_word' id='word_1_200' title='bbox 1495 2578 1652 2632; x_wconf 87' lang='lat' dir='ltr'><strong>quam</strong></span> <span class='ocrx_word' id='word_1_201' title='bbox 1683 2562 1825 2615; x_wconf 91' lang='lat' dir='ltr'><strong>illius</strong></span> 
     </span>
    </p>
   </div>
   <div class='ocr_carea' id='block_1_26' title="bbox 233 2655 1822 2725">
    <p class='ocr_par' dir='ltr' id='par_1_26' title="bbox 233 2655 1822 2725">
     <span class='ocr_line' id='line_1_26' title="bbox 233 2655 1822 2725; baseline -0.01 -4"><span class='ocrx_word' id='word_1_202' title='bbox 233 2669 354 2722; x_wconf 65' lang='lat' dir='ltr'><strong>inec</strong></span> <span class='ocrx_word' id='word_1_203' title='bbox 377 2667 514 2718; x_wconf 87' lang='lat' dir='ltr'><strong>bona</strong></span> <span class='ocrx_word' id='word_1_204' title='bbox 539 2671 717 2718; x_wconf 91' lang='lat' dir='ltr'><strong>erunt.</strong></span> <span class='ocrx_word' id='word_1_205' title='bbox 750 2663 942 2715; x_wconf 86' lang='lat' dir='ltr'><strong>Totum</strong></span> <span class='ocrx_word' id='word_1_206' title='bbox 972 2660 1116 2715; x_wconf 85' lang='lat' dir='ltr'><strong>enim</strong></span> <span class='ocrx_word' id='word_1_207' title='bbox 1138 2659 1321 2712; x_wconf 90' lang='lat' dir='ltr'><strong>orbem</strong></span> <span class='ocrx_word' id='word_1_208' title='bbox 1353 2657 1586 2725; x_wconf 53' lang='lat' dir='ltr'><strong>pervasit</strong></span> <span class='ocrx_word' id='word_1_209' title='bbox 1605 2655 1822 2718; x_wconf 80' lang='lat' dir='ltr'><strong>Paulus,</strong></span> 
     </span>
    </p>
   </div>
   <div class='ocr_carea' id='block_1_27' title="bbox 235 2742 1831 2814">
    <p class='ocr_par' dir='ltr' id='par_1_27' title="bbox 235 2742 1831 2814">
     <span class='ocr_line' id='line_1_27' title="bbox 235 2742 1831 2814; baseline -0.013 -1"><span class='ocrx_word' id='word_1_210' title='bbox 235 2758 372 2812; x_wconf 89' lang='lat' dir='ltr'><strong>nihil</strong></span> <span class='ocrx_word' id='word_1_211' title='bbox 423 2769 605 2808; x_wconf 89' lang='lat' dir='ltr'><strong>secum</strong></span> <span class='ocrx_word' id='word_1_212' title='bbox 635 2752 814 2806; x_wconf 88' lang='lat' dir='ltr'><strong>ferens</strong></span> <span class='ocrx_word' id='word_1_213' title='bbox 840 2791 853 2814; x_wconf 90' lang='lat'><strong>,</strong></span> <span class='ocrx_word' id='word_1_214' title='bbox 883 2766 989 2803; x_wconf 88' lang='lat' dir='ltr'><strong>non</strong></span> <span class='ocrx_word' id='word_1_215' title='bbox 1022 2748 1224 2801; x_wconf 90' lang='lat' dir='ltr'><strong>amicos</strong></span> <span class='ocrx_word' id='word_1_216' title='bbox 1255 2745 1441 2800; x_wconf 85' lang='lat' dir='ltr'><strong>adiens</strong></span> <span class='ocrx_word' id='word_1_217' title='bbox 1466 2785 1480 2806; x_wconf 86' lang='lat'><strong>,</strong></span> <span class='ocrx_word' id='word_1_218' title='bbox 1529 2760 1634 2798; x_wconf 92' lang='lat' dir='ltr'><strong>non</strong></span> <span class='ocrx_word' id='word_1_219' title='bbox 1683 2742 1831 2795; x_wconf 80' lang='lat' dir='ltr'><strong>fatui-</strong></span> 
     </span>
    </p>
   </div>
   <div class='ocr_carea' id='block_1_28' title="bbox 238 2836 1829 2910">
    <p class='ocr_par' dir='ltr' id='par_1_28' title="bbox 238 2836 1829 2910">
     <span class='ocr_line' id='line_1_28' title="bbox 238 2836 1829 2910; baseline -0.011 -6"><span class='ocrx_word' id='word_1_220' title='bbox 238 2853 437 2910; x_wconf 84' lang='lat' dir='ltr'><strong>liares;</strong></span> <span class='ocrx_word' id='word_1_221' title='bbox 470 2855 585 2903; x_wconf 80' lang='lat' dir='ltr'><strong>erat</strong></span> <span class='ocrx_word' id='word_1_222' title='bbox 615 2845 758 2900; x_wconf 88' lang='lat' dir='ltr'><strong>enim</strong></span> <span class='ocrx_word' id='word_1_223' title='bbox 794 2844 844 2895; x_wconf 92' lang='lat' dir='ltr'><strong>in</strong></span> <span class='ocrx_word' id='word_1_224' title='bbox 891 2841 1150 2910; x_wconf 87' lang='lat' dir='ltr'><strong>principio</strong></span> <span class='ocrx_word' id='word_1_225' title='bbox 1180 2839 1430 2892; x_wconf 89' lang='lat' dir='ltr'><strong>omnibus</strong></span> <span class='ocrx_word' id='word_1_226' title='bbox 1462 2836 1665 2890; x_wconf 89' lang='lat' dir='ltr'><strong>hostis:</strong></span> <span class='ocrx_word' id='word_1_227' title='bbox 1694 2842 1829 2887; x_wconf 64' lang='lat' dir='ltr'><strong>atta«</strong></span> 
     </span>
    </p>
   </div>
   <div class='ocr_carea' id='block_1_29' title="bbox 237 2927 1825 3008">
    <p class='ocr_par' dir='ltr' id='par_1_29' title="bbox 237 2927 1825 3008">
     <span class='ocr_line' id='line_1_29' title="bbox 237 2927 1825 3008; baseline -0.011 -12"><span class='ocrx_word' id='word_1_228' title='bbox 237 2957 365 2996; x_wconf 90' lang='lat' dir='ltr'><strong>men</strong></span> <span class='ocrx_word' id='word_1_229' title='bbox 401 2940 674 3008; x_wconf 82' lang='lat' dir='ltr'><strong>ingressus</strong></span> <span class='ocrx_word' id='word_1_230' title='bbox 718 2950 842 2989; x_wconf 86' lang='lat' dir='ltr'><strong>cum</strong></span> <span class='ocrx_word' id='word_1_231' title='bbox 872 2942 1053 2999; x_wconf 88' lang='lat' dir='ltr'><strong>esset,</strong></span> <span class='ocrx_word' id='word_1_232' title='bbox 1083 2931 1323 2985; x_wconf 89' lang='lat' dir='ltr'><strong>omnium</strong></span> <span class='ocrx_word' id='word_1_233' title='bbox 1373 2929 1606 2984; x_wconf 83' lang='lat' dir='ltr'><strong>habebat</strong></span> <span class='ocrx_word' id='word_1_234' title='bbox 1659 2927 1825 2979; x_wconf 87' lang='lat' dir='ltr'><strong>bona.</strong></span> 
     </span>
    </p>
   </div>
   <div class='ocr_carea' id='block_1_30' title="bbox 240 3014 1832 3093">
    <p class='ocr_par' dir='ltr' id='par_1_30' title="bbox 240 3014 1832 3093">
     <span class='ocr_line' id='line_1_30' title="bbox 240 3014 1832 3093; baseline -0.01 -9"><span class='ocrx_word' id='word_1_235' title='bbox 240 3030 484 3085; x_wconf 81' lang='lat' dir='ltr'><strong>Ananias</strong></span> <span class='ocrx_word' id='word_1_236' title='bbox 510 3043 637 3081; x_wconf 83' lang='lat' dir='ltr'><strong>vero</strong></span> <span class='ocrx_word' id='word_1_237' title='bbox 664 3034 718 3081; x_wconf 89' lang='lat' dir='ltr'><strong>et</strong></span> <span class='ocrx_word' id='word_1_238' title='bbox 745 3023 1030 3093; x_wconf 84' lang='lat' dir='ltr'><strong>Sappbira,</strong></span> <span class='ocrx_word' id='word_1_239' title='bbox 1061 3031 1310 3076; x_wconf 86' lang='lat' dir='ltr'><strong>curantes</strong></span> <span class='ocrx_word' id='word_1_240' title='bbox 1336 3029 1390 3074; x_wconf 93' lang='lat' dir='ltr'><strong>ut</strong></span> <span class='ocrx_word' id='word_1_241' title='bbox 1421 3019 1683 3073; x_wconf 90' lang='lat' dir='ltr'><strong>tantillum</strong></span> <span class='ocrx_word' id='word_1_242' title='bbox 1707 3014 1832 3086; x_wconf 90' lang='lat' dir='ltr'><strong>quid</strong></span> 
     </span>
    </p>
   </div>
   <div class='ocr_carea' id='block_1_31' title="bbox 239 3108 1835 3178">
    <p class='ocr_par' dir='ltr' id='par_1_31' title="bbox 239 3108 1835 3178">
     <span class='ocr_line' id='line_1_31' title="bbox 239 3108 1835 3178; baseline -0.012 -2"><span class='ocrx_word' id='word_1_243' title='bbox 239 3137 311 3176; x_wconf 80' lang='lat' dir='ltr'><strong>ex</strong></span> <span class='ocrx_word' id='word_1_244' title='bbox 335 3117 493 3174; x_wconf 89' lang='lat' dir='ltr'><strong>bonis</strong></span> <span class='ocrx_word' id='word_1_245' title='bbox 525 3118 637 3171; x_wconf 84' lang='lat' dir='ltr'><strong>suis</strong></span> <span class='ocrx_word' id='word_1_246' title='bbox 666 3115 770 3170; x_wconf 85' lang='lat' dir='ltr'><strong>sibi</strong></span> <span class='ocrx_word' id='word_1_247' title='bbox 807 3114 1119 3178; x_wconf 90' lang='lat' dir='ltr'><strong>retinerent,</strong></span> <span class='ocrx_word' id='word_1_248' title='bbox 1151 3114 1220 3166; x_wconf 87' lang='lat' dir='ltr'><strong>ab</strong></span> <span class='ocrx_word' id='word_1_249' title='bbox 1246 3111 1497 3165; x_wconf 86' lang='lat' dir='ltr'><strong>omnibus</strong></span> <span class='ocrx_word' id='word_1_250' title='bbox 1519 3108 1835 3164; x_wconf 74' lang='lat' dir='ltr'><strong>exciderunt</strong></span> 
     </span>
    </p>
   </div>
   <div class='ocr_carea' id='block_1_32' title="bbox 1240 348 2407 415">
    <p class='ocr_par' dir='ltr' id='par_1_32' title="bbox 1240 348 2407 415">
     <span class='ocr_line' id='line_1_32' title="bbox 1240 348 2407 415; baseline -0.012 -2"><span class='ocrx_word' id='word_1_251' title='bbox 1240 357 1302 413; x_wconf 75' lang='lat' dir='ltr'><strong>IN</strong></span> <span class='ocrx_word' id='word_1_252' title='bbox 1342 357 1551 415; x_wconf 76' lang='lat' dir='ltr'><strong>El’lST.</strong></span> <span class='ocrx_word' id='word_1_253' title='bbox 1596 354 1613 407; x_wconf 89' lang='lat' dir='ltr'><strong>l</strong></span> <span class='ocrx_word' id='word_1_254' title='bbox 1681 355 1768 408; x_wconf 82' lang='lat' dir='ltr'><strong>AD</strong></span> <span class='ocrx_word' id='word_1_255' title='bbox 1808 350 1960 405; x_wconf 68' lang='grc' dir='ltr'><strong>(ΞΟΠ.</strong></span> <span class='ocrx_word' id='word_1_256' title='bbox 2005 349 2226 404; x_wconf 66' lang='lat' dir='ltr'><strong>llOMiL</strong></span> <span class='ocrx_word' id='word_1_257' title='bbox 2273 348 2407 402; x_wconf 73' lang='lat' dir='ltr'><strong>XVl.</strong></span> 
     </span>
    </p>
   </div>
   <div class='ocr_carea' id='block_1_33' title="bbox 3383 351 3482 408">
    <p class='ocr_par' dir='ltr' id='par_1_33' title="bbox 3383 351 3482 408">
     <span class='ocr_line' id='line_1_33' title="bbox 3383 351 3482 408; baseline 0 0"><span class='ocrx_word' id='word_1_258' title='bbox 3383 351 3482 408; x_wconf 75' lang='grc'><strong>150</strong></span> 
     </span>
    </p>
   </div>
   <div class='ocr_carea' id='block_1_34' title="bbox 1903 458 3485 527">
    <p class='ocr_par' dir='ltr' id='par_1_34' title="bbox 1903 458 3485 527">
     <span class='ocr_line' id='line_1_34' title="bbox 1903 458 3485 527; baseline -0.001 -10"><span class='ocrx_word' id='word_1_259' title='bbox 1903 475 1951 517; x_wconf 89' lang='lat' dir='ltr'><strong>et</strong></span> <span class='ocrx_word' id='word_1_260' title='bbox 1979 478 2005 515; x_wconf 90' lang='lat' dir='ltr'><strong>a</strong></span> <span class='ocrx_word' id='word_1_261' title='bbox 2040 463 2143 516; x_wconf 81' lang='lat' dir='ltr'><strong>vita</strong></span> <span class='ocrx_word' id='word_1_262' title='bbox 2173 461 2350 514; x_wconf 90' lang='lat' dir='ltr'><strong>simul.</strong></span> <span class='ocrx_word' id='word_1_263' title='bbox 2385 458 2626 512; x_wconf 87' lang='lat' dir='ltr'><strong>Abscede</strong></span> <span class='ocrx_word' id='word_1_264' title='bbox 2658 459 2816 527; x_wconf 60' lang='lat' dir='ltr'><strong>igitur</strong></span> <span class='ocrx_word' id='word_1_265' title='bbox 2847 474 2873 512; x_wconf 85' lang='lat' dir='ltr'><strong>a</strong></span> <span class='ocrx_word' id='word_1_266' title='bbox 2907 460 3029 526; x_wconf 80' lang='lat' dir='ltr'><strong>tuis,</strong></span> <span class='ocrx_word' id='word_1_267' title='bbox 3061 471 3115 514; x_wconf 91' lang='lat' dir='ltr'><strong>ut</strong></span> <span class='ocrx_word' id='word_1_268' title='bbox 3159 460 3354 517; x_wconf 78' lang='lat' dir='ltr'><strong>alienis</strong></span> <span class='ocrx_word' id='word_1_269' title='bbox 3375 475 3485 518; x_wconf 86' lang='lat' dir='ltr'><strong>uta-</strong></span> 
     </span>
    </p>
   </div>
   <div class='ocr_carea' id='block_1_35' title="bbox 1903 551 3475 624">
    <p class='ocr_par' dir='ltr' id='par_1_35' title="bbox 1903 551 3475 624">
     <span class='ocr_line' id='line_1_35' title="bbox 1903 551 3475 624; baseline -0.001 -15"><span class='ocrx_word' id='word_1_270' title='bbox 1903 557 1975 610; x_wconf 85' lang='lat' dir='ltr'><strong>ris</strong></span> <span class='ocrx_word' id='word_1_271' title='bbox 2006 556 2154 624; x_wconf 83' lang='lat' dir='ltr'><strong>quasi</strong></span> <span class='ocrx_word' id='word_1_272' title='bbox 2184 553 2431 621; x_wconf 81' lang='lat' dir='ltr'><strong>propriis.</strong></span> <span class='ocrx_word' id='word_1_273' title='bbox 2463 553 2530 605; x_wconf 87' lang='lat' dir='ltr'><strong>At</strong></span> <span class='ocrx_word' id='word_1_274' title='bbox 2560 551 2698 604; x_wconf 88' lang='lat' dir='ltr'><strong>enim</strong></span> <span class='ocrx_word' id='word_1_275' title='bbox 2732 551 2911 604; x_wconf 88' lang='lat' dir='ltr'><strong>nescio</strong></span> <span class='ocrx_word' id='word_1_276' title='bbox 2932 552 3203 623; x_wconf 86' lang='lat' dir='ltr'><strong>quomodo</strong></span> <span class='ocrx_word' id='word_1_277' title='bbox 3242 555 3292 606; x_wconf 89' lang='lat' dir='ltr'><strong>in</strong></span> <span class='ocrx_word' id='word_1_278' title='bbox 3337 553 3475 608; x_wconf 86' lang='lat' dir='ltr'><strong>hanc</strong></span> 
     </span>
    </p>
   </div>
   <div class='ocr_carea' id='block_1_36' title="bbox 1903 642 3482 718">
    <p class='ocr_par' dir='ltr' id='par_1_36' title="bbox 1903 642 3482 718">
     <span class='ocr_line' id='line_1_36' title="bbox 1903 642 3482 718; baseline -0.001 -18"><span class='ocrx_word' id='word_1_279' title='bbox 1903 646 2232 718; x_wconf 76' lang='lat' dir='ltr'><strong>hyperbolen</strong></span> <span class='ocrx_word' id='word_1_280' title='bbox 2254 645 2464 697; x_wconf 88' lang='lat' dir='ltr'><strong>delatus</strong></span> <span class='ocrx_word' id='word_1_281' title='bbox 2496 644 2616 704; x_wconf 90' lang='lat' dir='ltr'><strong>sim,</strong></span> <span class='ocrx_word' id='word_1_282' title='bbox 2660 643 2903 695; x_wconf 87' lang='lat' dir='ltr'><strong>homines</strong></span> <span class='ocrx_word' id='word_1_283' title='bbox 2922 642 3218 712; x_wconf 86' lang='lat' dir='ltr'><strong>alloquens,</strong></span> <span class='ocrx_word' id='word_1_284' title='bbox 3252 645 3342 712; x_wconf 91' lang='lat' dir='ltr'><strong>qui</strong></span> <span class='ocrx_word' id='word_1_285' title='bbox 3381 647 3482 699; x_wconf 90' lang='lat' dir='ltr'><strong>uti-</strong></span> 
     </span>
    </p>
   </div>
   <div class='ocr_carea' id='block_1_37' title="bbox 1904 736 2948 803">
    <p class='ocr_par' dir='ltr' id='par_1_37' title="bbox 1904 736 2948 803">
     <span class='ocr_line' id='line_1_37' title="bbox 1904 736 2948 803; baseline -0.006 -11"><span class='ocrx_word' id='word_1_286' title='bbox 1904 753 2023 792; x_wconf 86' lang='lat' dir='ltr'><strong>nam</strong></span> <span class='ocrx_word' id='word_1_287' title='bbox 2053 738 2134 790; x_wconf 85' lang='lat' dir='ltr'><strong>vel</strong></span> <span class='ocrx_word' id='word_1_288' title='bbox 2161 736 2421 788; x_wconf 86' lang='lat' dir='ltr'><strong>tantillum</strong></span> <span class='ocrx_word' id='word_1_289' title='bbox 2455 749 2677 787; x_wconf 89' lang='lat' dir='ltr'><strong>suorum</strong></span> <span class='ocrx_word' id='word_1_290' title='bbox 2709 743 2948 803; x_wconf 82' lang='lat' dir='ltr'><strong>erogent.</strong></span> 
     </span>
    </p>
   </div>
   <div class='ocr_carea' id='block_1_38' title="bbox 1977 825 3487 896">
    <p class='ocr_par' dir='ltr' id='par_1_38' title="bbox 1977 825 3487 896">
     <span class='ocr_line' id='line_1_38' title="bbox 1977 825 3487 896; baseline 0.001 -16"><span class='ocrx_word' id='word_1_291' title='bbox 1977 827 2324 896; x_wconf 73' lang='lat' dir='ltr'><strong>Etecmosynw</strong></span> <span class='ocrx_word' id='word_1_292' title='bbox 2351 827 2503 880; x_wconf 83' lang='lat' dir='ltr'><strong>bona.</strong></span> <span class='ocrx_word' id='word_1_293' title='bbox 2537 856 2602 864; x_wconf 96' lang='lat'><strong>—</strong></span> <span class='ocrx_word' id='word_1_294' title='bbox 2629 825 2750 879; x_wconf 92' lang='lat' dir='ltr'><strong>ldeo</strong></span> <span class='ocrx_word' id='word_1_295' title='bbox 2775 825 2888 880; x_wconf 75' lang='lat' dir='ltr'><strong>hazc</strong></span> <span class='ocrx_word' id='word_1_296' title='bbox 2921 826 3323 894; x_wconf 86' lang='lat' dir='ltr'><strong>perfectioribus</strong></span> <span class='ocrx_word' id='word_1_297' title='bbox 3346 827 3487 882; x_wconf 84' lang='lat' dir='ltr'><strong>dicta</strong></span> 
     </span>
    </p>
   </div>
   <div class='ocr_carea' id='block_1_39' title="bbox 1905 916 3484 985">
    <p class='ocr_par' dir='ltr' id='par_1_39' title="bbox 1905 916 3484 985">
     <span class='ocr_line' id='line_1_39' title="bbox 1905 916 3484 985; baseline 0 -13"><span class='ocrx_word' id='word_1_298' title='bbox 1905 935 1932 972; x_wconf 89' lang='lat' dir='ltr'><strong>a</strong></span> <span class='ocrx_word' id='word_1_299' title='bbox 1966 918 2118 972; x_wconf 88' lang='lat' dir='ltr'><strong>nobis</strong></span> <span class='ocrx_word' id='word_1_300' title='bbox 2147 927 2346 982; x_wconf 89' lang='lat' dir='ltr'><strong>sunto;</strong></span> <span class='ocrx_word' id='word_1_301' title='bbox 2383 916 2867 985; x_wconf 86' lang='lat' dir='ltr'><strong>imperfectioribus</strong></span> <span class='ocrx_word' id='word_1_302' title='bbox 2906 933 3033 971; x_wconf 85' lang='lat' dir='ltr'><strong>vero</strong></span> <span class='ocrx_word' id='word_1_303' title='bbox 3082 918 3166 970; x_wconf 91' lang='lat' dir='ltr'><strong>illa</strong></span> <span class='ocrx_word' id='word_1_304' title='bbox 3200 918 3439 972; x_wconf 88' lang='lat' dir='ltr'><strong>dicamus</strong></span> <span class='ocrx_word' id='word_1_305' title='bbox 3472 937 3484 972; x_wconf 88' lang='lat'>:</span> 
     </span>
    </p>
   </div>
   <div class='ocr_carea' id='block_1_40' title="bbox 1908 1005 3492 1078">
    <p class='ocr_par' dir='ltr' id='par_1_40' title="bbox 1908 1005 3492 1078">
     <span class='ocr_line' id='line_1_40' title="bbox 1908 1005 3492 1078; baseline -0.001 -15"><span class='ocrx_word' id='word_1_306' title='bbox 1908 1011 2035 1063; x_wconf 87' lang='lat' dir='ltr'><strong>Date</strong></span> <span class='ocrx_word' id='word_1_307' title='bbox 2081 1005 2366 1078; x_wconf 45' lang='lat' dir='ltr'><strong>cgenis‘ex</strong></span> <span class='ocrx_word' id='word_1_308' title='bbox 2411 1008 2562 1060; x_wconf 89' lang='lat' dir='ltr'><strong>bonis</strong></span> <span class='ocrx_word' id='word_1_309' title='bbox 2604 1007 2813 1072; x_wconf 77' lang='lat' dir='ltr'><strong>vestris,</strong></span> <span class='ocrx_word' id='word_1_310' title='bbox 2853 1017 3042 1076; x_wconf 80' lang='lat' dir='ltr'><strong>augete</strong></span> <span class='ocrx_word' id='word_1_311' title='bbox 3089 1008 3366 1062; x_wconf 85' lang='lat' dir='ltr'><strong>laeultates</strong></span> <span class='ocrx_word' id='word_1_312' title='bbox 3405 1023 3492 1062; x_wconf 83' lang='lat' dir='ltr'><strong>ve-</strong></span> 
     </span>
    </p>
   </div>
   <div class='ocr_carea' id='block_1_41' title="bbox 1907 1096 3492 1169">
    <p class='ocr_par' dir='ltr' id='par_1_41' title="bbox 1907 1096 3492 1169">
     <span class='ocr_line' id='line_1_41' title="bbox 1907 1096 3492 1169; baseline 0.001 -17"><span class='ocrx_word' id='word_1_313' title='bbox 1907 1109 2043 1152; x_wconf 87' lang='lat' dir='ltr'><strong>stras</strong></span> <span class='ocrx_word' id='word_1_314' title='bbox 2072 1116 2084 1152; x_wconf 88' lang='lat'><strong>:</strong></span> <span class='ocrx_word' id='word_1_315' title='bbox 2121 1097 2256 1151; x_wconf 74' lang='lat' dir='ltr'><strong>Nam</strong></span> <span class='ocrx_word' id='word_1_316' title='bbox 2309 1098 2394 1162; x_wconf 85' lang='lat' dir='ltr'><strong>qui</strong></span> <span class='ocrx_word' id='word_1_317' title='bbox 2434 1098 2521 1149; x_wconf 75' lang='lat' dir='ltr'><strong>(lat</strong></span> <span class='ocrx_word' id='word_1_318' title='bbox 2576 1097 2822 1165; x_wconf 74' lang='lat' dir='ltr'><strong>pauperi,</strong></span> <span class='ocrx_word' id='word_1_319' title='bbox 2856 1096 3045 1163; x_wconf 70' lang='lat' dir='ltr'><strong>inquit,</strong></span> <span class='ocrx_word' id='word_1_320' title='bbox 3072 1101 3349 1169; x_wconf 77' lang='lat' dir='ltr'><strong>fwucratur</strong></span> <span class='ocrx_word' id='word_1_321' title='bbox 3382 1098 3492 1154; x_wconf 74' lang='lat' dir='ltr'><strong>Deo</strong></span> 
     </span>
    </p>
   </div>
   <div class='ocr_carea' id='block_1_42' title="bbox 1909 1187 3491 1260">
    <p class='ocr_par' dir='ltr' id='par_1_42' title="bbox 1909 1187 3491 1260">
     <span class='ocr_line' id='line_1_42' title="bbox 1909 1187 3491 1260; baseline 0.001 -19"><span class='ocrx_word' id='word_1_322' title='bbox 1909 1193 1926 1258; x_wconf 95' lang='lat'><strong>(</strong></span> <span class='ocrx_word' id='word_1_323' title='bbox 1959 1191 2108 1243; x_wconf 80' lang='lat' dir='ltr'><strong>Prov.</strong></span> <span class='ocrx_word' id='word_1_324' title='bbox 2145 1188 2230 1242; x_wconf 84' lang='lat' dir='ltr'><strong>l9.</strong></span> <span class='ocrx_word' id='word_1_325' title='bbox 2273 1189 2388 1257; x_wconf 82' lang='lat' dir='ltr'><strong>l7).</strong></span> <span class='ocrx_word' id='word_1_326' title='bbox 2419 1187 2471 1241; x_wconf 89' lang='lat' dir='ltr'><strong>Si</strong></span> <span class='ocrx_word' id='word_1_327' title='bbox 2504 1196 2680 1241; x_wconf 89' lang='lat' dir='ltr'><strong>autem</strong></span> <span class='ocrx_word' id='word_1_328' title='bbox 2720 1187 2959 1252; x_wconf 80' lang='lat' dir='ltr'><strong>festinas,</strong></span> <span class='ocrx_word' id='word_1_329' title='bbox 2990 1198 3043 1241; x_wconf 91' lang='lat' dir='ltr'><strong>et</strong></span> <span class='ocrx_word' id='word_1_330' title='bbox 3074 1204 3178 1241; x_wconf 90' lang='lat' dir='ltr'><strong>non</strong></span> <span class='ocrx_word' id='word_1_331' title='bbox 3212 1201 3491 1260; x_wconf 74' lang='lat' dir='ltr'><strong>exspectas</strong></span> 
     </span>
    </p>
   </div>
   <div class='ocr_carea' id='block_1_43' title="bbox 1911 1280 3498 1351">
    <p class='ocr_par' dir='ltr' id='par_1_43' title="bbox 1911 1280 3498 1351">
     <span class='ocr_line' id='line_1_43' title="bbox 1911 1280 3498 1351; baseline -0.001 -16"><span class='ocrx_word' id='word_1_332' title='bbox 1911 1292 2119 1351; x_wconf 89' lang='lat' dir='ltr'><strong>tempus</strong></span> <span class='ocrx_word' id='word_1_333' title='bbox 2149 1281 2550 1343; x_wconf 87' lang='lat' dir='ltr'><strong>retributionis;</strong></span> <span class='ocrx_word' id='word_1_334' title='bbox 2593 1280 2763 1348; x_wconf 79' lang='lat' dir='ltr'><strong>cogita</strong></span> <span class='ocrx_word' id='word_1_335' title='bbox 2797 1293 2891 1332; x_wconf 90' lang='lat' dir='ltr'><strong>eos</strong></span> <span class='ocrx_word' id='word_1_336' title='bbox 2929 1281 3016 1347; x_wconf 91' lang='lat' dir='ltr'><strong>qui</strong></span> <span class='ocrx_word' id='word_1_337' title='bbox 3051 1281 3302 1348; x_wconf 89' lang='lat' dir='ltr'><strong>pecunias</strong></span> <span class='ocrx_word' id='word_1_338' title='bbox 3327 1283 3498 1335; x_wconf 81' lang='lat' dir='ltr'><strong>homi-</strong></span> 
     </span>
    </p>
   </div>
   <div class='ocr_carea' id='block_1_44' title="bbox 1911 1368 3497 1439">
    <p class='ocr_par' dir='ltr' id='par_1_44' title="bbox 1911 1368 3497 1439">
     <span class='ocr_line' id='line_1_44' title="bbox 1911 1368 3497 1439; baseline 0.001 -16"><span class='ocrx_word' id='word_1_339' title='bbox 1911 1371 2068 1439; x_wconf 70' lang='lat' dir='ltr'><strong>nibus</strong></span> <span class='ocrx_word' id='word_1_340' title='bbox 2091 1371 2416 1425; x_wconf 65' lang='lat' dir='ltr'><strong>faenerantur</strong></span> <span class='ocrx_word' id='word_1_341' title='bbox 2447 1388 2459 1419; x_wconf 88' lang='lat'><strong>:</strong></span> <span class='ocrx_word' id='word_1_342' title='bbox 2493 1383 2588 1434; x_wconf 84' lang='lat' dir='ltr'><strong>nec</strong></span> <span class='ocrx_word' id='word_1_343' title='bbox 2611 1369 2751 1422; x_wconf 89' lang='lat' dir='ltr'><strong>enim</strong></span> <span class='ocrx_word' id='word_1_344' title='bbox 2787 1369 2838 1421; x_wconf 88' lang='lat' dir='ltr'><strong>hi</strong></span> <span class='ocrx_word' id='word_1_345' title='bbox 2861 1368 3046 1432; x_wconf 85' lang='lat' dir='ltr'><strong>volunt</strong></span> <span class='ocrx_word' id='word_1_346' title='bbox 3072 1371 3249 1422; x_wconf 87' lang='lat' dir='ltr'><strong>statim</strong></span> <span class='ocrx_word' id='word_1_347' title='bbox 3283 1385 3497 1425; x_wconf 88' lang='lat' dir='ltr'><strong>usuram</strong></span> 
     </span>
    </p>
   </div>
   <div class='ocr_carea' id='block_1_45' title="bbox 1912 1460 3500 1531">
    <p class='ocr_par' dir='ltr' id='par_1_45' title="bbox 1912 1460 3500 1531">
     <span class='ocr_line' id='line_1_45' title="bbox 1912 1460 3500 1531; baseline 0 -15"><span class='ocrx_word' id='word_1_348' title='bbox 1912 1464 2175 1531; x_wconf 89' lang='lat' dir='ltr'><strong>accipere,</strong></span> <span class='ocrx_word' id='word_1_349' title='bbox 2222 1463 2313 1516; x_wconf 90' lang='lat' dir='ltr'><strong>sed</strong></span> <span class='ocrx_word' id='word_1_350' title='bbox 2369 1462 2588 1531; x_wconf 90' lang='lat' dir='ltr'><strong>cupiunt</strong></span> <span class='ocrx_word' id='word_1_351' title='bbox 2629 1470 2684 1514; x_wconf 91' lang='lat' dir='ltr'><strong>ut</strong></span> <span class='ocrx_word' id='word_1_352' title='bbox 2721 1469 2880 1529; x_wconf 83' lang='lat' dir='ltr'><strong>caput</strong></span> <span class='ocrx_word' id='word_1_353' title='bbox 2919 1460 3110 1529; x_wconf 84' lang='lat' dir='ltr'><strong>majori</strong></span> <span class='ocrx_word' id='word_1_354' title='bbox 3162 1471 3404 1531; x_wconf 86' lang='lat' dir='ltr'><strong>tempore</strong></span> <span class='ocrx_word' id='word_1_355' title='bbox 3449 1465 3500 1516; x_wconf 91' lang='lat' dir='ltr'><strong>in</strong></span> 
     </span>
    </p>
   </div>
   <div class='ocr_carea' id='block_1_46' title="bbox 1916 1550 3501 1621">
    <p class='ocr_par' dir='ltr' id='par_1_46' title="bbox 1916 1550 3501 1621">
     <span class='ocr_line' id='line_1_46' title="bbox 1916 1550 3501 1621; baseline 0 -16"><span class='ocrx_word' id='word_1_356' title='bbox 1916 1567 2102 1606; x_wconf 89' lang='lat' dir='ltr'><strong>manus</strong></span> <span class='ocrx_word' id='word_1_357' title='bbox 2130 1553 2387 1606; x_wconf 89' lang='lat' dir='ltr'><strong>debitoris</strong></span> <span class='ocrx_word' id='word_1_358' title='bbox 2408 1561 2640 1615; x_wconf 87' lang='lat' dir='ltr'><strong>maneat,</strong></span> <span class='ocrx_word' id='word_1_359' title='bbox 2665 1552 2753 1620; x_wconf 84' lang='lat' dir='ltr'><strong>qui</strong></span> <span class='ocrx_word' id='word_1_360' title='bbox 2782 1551 2846 1604; x_wconf 89' lang='lat' dir='ltr'><strong>ad</strong></span> <span class='ocrx_word' id='word_1_361' title='bbox 2879 1550 3052 1607; x_wconf 69' lang='lat' dir='ltr'><strong>foenus</strong></span> <span class='ocrx_word' id='word_1_362' title='bbox 3082 1553 3307 1621; x_wconf 89' lang='lat' dir='ltr'><strong>accepit,</strong></span> <span class='ocrx_word' id='word_1_363' title='bbox 3339 1554 3501 1607; x_wconf 87' lang='lat' dir='ltr'><strong>modo</strong></span> 
     </span>
    </p>
   </div>
   <div class='ocr_carea' id='block_1_47' title="bbox 1917 1643 3505 1714">
    <p class='ocr_par' dir='ltr' id='par_1_47' title="bbox 1917 1643 3505 1714">
     <span class='ocr_line' id='line_1_47' title="bbox 1917 1643 3505 1714; baseline 0.001 -17"><span class='ocrx_word' id='word_1_364' title='bbox 1917 1652 2022 1697; x_wconf 88' lang='lat' dir='ltr'><strong>tuta</strong></span> <span class='ocrx_word' id='word_1_365' title='bbox 2052 1644 2122 1697; x_wconf 88' lang='lat' dir='ltr'><strong>sit</strong></span> <span class='ocrx_word' id='word_1_366' title='bbox 2148 1643 2376 1696; x_wconf 89' lang='lat' dir='ltr'><strong>redditio</strong></span> <span class='ocrx_word' id='word_1_367' title='bbox 2407 1659 2503 1697; x_wconf 90' lang='lat' dir='ltr'><strong>nec</strong></span> <span class='ocrx_word' id='word_1_368' title='bbox 2529 1653 2811 1711; x_wconf 85' lang='lat' dir='ltr'><strong>suspectus</strong></span> <span class='ocrx_word' id='word_1_369' title='bbox 2843 1644 2911 1698; x_wconf 88' lang='lat' dir='ltr'><strong>sit</strong></span> <span class='ocrx_word' id='word_1_370' title='bbox 2940 1645 2983 1698; x_wconf 89' lang='lat' dir='ltr'><strong>is</strong></span> <span class='ocrx_word' id='word_1_371' title='bbox 3013 1644 3101 1714; x_wconf 91' lang='lat' dir='ltr'><strong>qui</strong></span> <span class='ocrx_word' id='word_1_372' title='bbox 3131 1646 3354 1714; x_wconf 84' lang='lat' dir='ltr'><strong>accepit.</strong></span> <span class='ocrx_word' id='word_1_373' title='bbox 3391 1646 3505 1700; x_wconf 78' lang='lat' dir='ltr'><strong>lloc</strong></span> 
     </span>
    </p>
   </div>
   <div class='ocr_carea' id='block_1_48' title="bbox 1919 1732 3508 1803">
    <p class='ocr_par' dir='ltr' id='par_1_48' title="bbox 1919 1732 3508 1803">
     <span class='ocr_line' id='line_1_48' title="bbox 1919 1732 3508 1803; baseline 0.002 -16"><span class='ocrx_word' id='word_1_374' title='bbox 1919 1735 2077 1803; x_wconf 82' lang='lat' dir='ltr'><strong>igitur</strong></span> <span class='ocrx_word' id='word_1_375' title='bbox 2124 1733 2208 1787; x_wconf 91' lang='lat' dir='ltr'><strong>hic</strong></span> <span class='ocrx_word' id='word_1_376' title='bbox 2240 1747 2454 1800; x_wconf 89' lang='lat' dir='ltr'><strong>quoque</strong></span> <span class='ocrx_word' id='word_1_377' title='bbox 2492 1734 2582 1785; x_wconf 78' lang='lat' dir='ltr'><strong>ﬁat</strong></span> <span class='ocrx_word' id='word_1_378' title='bbox 2612 1750 2624 1784; x_wconf 90' lang='lat'>:</span> <span class='ocrx_word' id='word_1_379' title='bbox 2655 1732 2863 1786; x_wconf 88' lang='lat' dir='ltr'><strong>dimitte</strong></span> <span class='ocrx_word' id='word_1_380' title='bbox 2895 1735 2982 1788; x_wconf 90' lang='lat' dir='ltr'><strong>illa</strong></span> <span class='ocrx_word' id='word_1_381' title='bbox 3029 1735 3168 1802; x_wconf 84' lang='lat' dir='ltr'><strong>apud</strong></span> <span class='ocrx_word' id='word_1_382' title='bbox 3215 1737 3380 1790; x_wconf 85' lang='lat' dir='ltr'><strong>Deum</strong></span> <span class='ocrx_word' id='word_1_383' title='bbox 3403 1778 3418 1798; x_wconf 87' lang='lat'><strong>.</strong></span> <span class='ocrx_word' id='word_1_384' title='bbox 3450 1747 3508 1790; x_wconf 92' lang='lat' dir='ltr'><strong>ut</strong></span> 
     </span>
    </p>
   </div>
   <div class='ocr_carea' id='block_1_49' title="bbox 1919 1824 3508 1892">
    <p class='ocr_par' dir='ltr' id='par_1_49' title="bbox 1919 1824 3508 1892">
     <span class='ocr_line' id='line_1_49' title="bbox 1919 1824 3508 1892; baseline 0.001 -14"><span class='ocrx_word' id='word_1_385' title='bbox 1919 1825 2108 1880; x_wconf 88' lang='lat' dir='ltr'><strong>reddat</strong></span> <span class='ocrx_word' id='word_1_386' title='bbox 2141 1824 2233 1878; x_wconf 90' lang='lat' dir='ltr'><strong>tibi</strong></span> <span class='ocrx_word' id='word_1_387' title='bbox 2283 1824 2684 1892; x_wconf 87' lang='lat' dir='ltr'><strong>multiplicatam</strong></span> <span class='ocrx_word' id='word_1_388' title='bbox 2734 1825 3060 1878; x_wconf 84' lang='lat' dir='ltr'><strong>mercedem.</strong></span> <span class='ocrx_word' id='word_1_389' title='bbox 3102 1825 3177 1878; x_wconf 80' lang='lat' dir='ltr'><strong>Ne</strong></span> <span class='ocrx_word' id='word_1_390' title='bbox 3221 1826 3308 1878; x_wconf 92' lang='lat' dir='ltr'><strong>hic</strong></span> <span class='ocrx_word' id='word_1_391' title='bbox 3339 1835 3508 1879; x_wconf 90' lang='lat' dir='ltr'><strong>totum</strong></span> 
     </span>
    </p>
   </div>
   <div class='ocr_carea' id='block_1_50' title="bbox 1919 1915 3510 1987">
    <p class='ocr_par' dir='ltr' id='par_1_50' title="bbox 1919 1915 3510 1987">
     <span class='ocr_line' id='line_1_50' title="bbox 1919 1915 3510 1987; baseline 0 -17"><span class='ocrx_word' id='word_1_392' title='bbox 1919 1926 2169 1987; x_wconf 71' lang='lat' dir='ltr'><strong>qumras&#39;:</strong></span> <span class='ocrx_word' id='word_1_393' title='bbox 2199 1916 2249 1969; x_wconf 90' lang='lat' dir='ltr'><strong>si.</strong></span> <span class='ocrx_word' id='word_1_394' title='bbox 2285 1916 2428 1969; x_wconf 91' lang='lat' dir='ltr'><strong>enim</strong></span> <span class='ocrx_word' id='word_1_395' title='bbox 2484 1915 2570 1968; x_wconf 88' lang='lat' dir='ltr'><strong>hic</strong></span> <span class='ocrx_word' id='word_1_396' title='bbox 2600 1923 2766 1967; x_wconf 88' lang='lat' dir='ltr'><strong>totum</strong></span> <span class='ocrx_word' id='word_1_397' title='bbox 2798 1916 3024 1984; x_wconf 89' lang='lat' dir='ltr'><strong>recipias</strong></span> <span class='ocrx_word' id='word_1_398' title='bbox 3051 1957 3065 1979; x_wconf 94' lang='lat'><strong>,</strong></span> <span class='ocrx_word' id='word_1_399' title='bbox 3098 1916 3368 1985; x_wconf 91' lang='lat' dir='ltr'><strong>quomodo</strong></span> <span class='ocrx_word' id='word_1_400' title='bbox 3399 1917 3510 1970; x_wconf 89' lang='lat' dir='ltr'><strong>illic</strong></span> 
     </span>
    </p>
   </div>
   <div class='ocr_carea' id='block_1_51' title="bbox 1923 2005 3511 2077">
    <p class='ocr_par' dir='ltr' id='par_1_51' title="bbox 1923 2005 3511 2077">
     <span class='ocr_line' id='line_1_51' title="bbox 1923 2005 3511 2077; baseline 0 -17"><span class='ocrx_word' id='word_1_401' title='bbox 1923 2007 2184 2077; x_wconf 88' lang='lat' dir='ltr'><strong>recipies?</strong></span> <span class='ocrx_word' id='word_1_402' title='bbox 2234 2005 2356 2060; x_wconf 91' lang='lat' dir='ltr'><strong>Ideo</strong></span> <span class='ocrx_word' id='word_1_403' title='bbox 2384 2014 2438 2058; x_wconf 91' lang='lat' dir='ltr'><strong>ct</strong></span> <span class='ocrx_word' id='word_1_404' title='bbox 2487 2005 2628 2059; x_wconf 85' lang='lat' dir='ltr'><strong>Deus</strong></span> <span class='ocrx_word' id='word_1_405' title='bbox 2660 2006 2769 2066; x_wconf 86' lang='lat' dir='ltr'><strong>illic</strong></span> <span class='ocrx_word' id='word_1_406' title='bbox 2809 2006 3141 2060; x_wconf 86' lang='lat' dir='ltr'><strong>reconditum</strong></span> <span class='ocrx_word' id='word_1_407' title='bbox 3174 2017 3338 2072; x_wconf 89' lang='lat' dir='ltr'><strong>tenet,</strong></span> <span class='ocrx_word' id='word_1_408' title='bbox 3367 2008 3511 2077; x_wconf 91' lang='lat' dir='ltr'><strong>quod</strong></span> 
     </span>
    </p>
   </div>
   <div class='ocr_carea' id='block_1_52' title="bbox 1924 2097 3515 2170">
    <p class='ocr_par' dir='ltr' id='par_1_52' title="bbox 1924 2097 3515 2170">
     <span class='ocr_line' id='line_1_52' title="bbox 1924 2097 3515 2170; baseline 0.003 -19"><span class='ocrx_word' id='word_1_409' title='bbox 1924 2102 2030 2154; x_wconf 82' lang='lat' dir='ltr'><strong>vita</strong></span> <span class='ocrx_word' id='word_1_410' title='bbox 2061 2099 2175 2152; x_wconf 73' lang='lat' dir='ltr'><strong>hme</strong></span> <span class='ocrx_word' id='word_1_411' title='bbox 2208 2097 2345 2150; x_wconf 78' lang='lat' dir='ltr'><strong>fluxa</strong></span> <span class='ocrx_word' id='word_1_412' title='bbox 2378 2099 2467 2150; x_wconf 85' lang='lat' dir='ltr'><strong>sit.</strong></span> <span class='ocrx_word' id='word_1_413' title='bbox 2514 2099 2612 2151; x_wconf 86' lang='lat' dir='ltr'><strong>Dat</strong></span> <span class='ocrx_word' id='word_1_414' title='bbox 2655 2109 2828 2152; x_wconf 86' lang='lat' dir='ltr'><strong>tamen</strong></span> <span class='ocrx_word' id='word_1_415' title='bbox 2880 2109 2934 2153; x_wconf 92' lang='lat' dir='ltr'><strong>et</strong></span> <span class='ocrx_word' id='word_1_416' title='bbox 2983 2101 3070 2152; x_wconf 88' lang='lat' dir='ltr'><strong>hic</strong></span> <span class='ocrx_word' id='word_1_417' title='bbox 3114 2117 3327 2170; x_wconf 87' lang='lat' dir='ltr'><strong>quoque</strong></span> <span class='ocrx_word' id='word_1_418' title='bbox 3372 2119 3384 2154; x_wconf 93' lang='lat'>:</span> <span class='ocrx_word' id='word_1_419' title='bbox 3440 2103 3515 2155; x_wconf 82' lang='lat' dir='ltr'><strong>ait</strong></span> 
     </span>
    </p>
   </div>
   <div class='ocr_carea' id='block_1_53' title="bbox 1925 2187 3515 2263">
    <p class='ocr_par' dir='ltr' id='par_1_53' title="bbox 1925 2187 3515 2263">
     <span class='ocr_line' id='line_1_53' title="bbox 1925 2187 3515 2263; baseline 0.001 -21"><span class='ocrx_word' id='word_1_420' title='bbox 1925 2189 2073 2242; x_wconf 89' lang='lat' dir='ltr'><strong>enim</strong></span> <span class='ocrx_word' id='word_1_421' title='bbox 2104 2206 2115 2241; x_wconf 89' lang='lat'><strong>:</strong></span> <span class='ocrx_word' id='word_1_422' title='bbox 2153 2187 2380 2252; x_wconf 67' lang='lat' dir='ltr'><strong>Qua‘rite</strong></span> <span class='ocrx_word' id='word_1_423' title='bbox 2424 2203 2632 2256; x_wconf 79' lang='lat' dir='ltr'><strong>regnum</strong></span> <span class='ocrx_word' id='word_1_424' title='bbox 2662 2189 2926 2253; x_wconf 70' lang='lat' dir='ltr'><strong>calorum,</strong></span> <span class='ocrx_word' id='word_1_425' title='bbox 2953 2200 2997 2240; x_wconf 84' lang='lat' dir='ltr'><strong>et</strong></span> <span class='ocrx_word' id='word_1_426' title='bbox 3036 2190 3144 2241; x_wconf 83' lang='lat' dir='ltr'><strong>ha&#39;c</strong></span> <span class='ocrx_word' id='word_1_427' title='bbox 3171 2193 3338 2243; x_wconf 83' lang='lat' dir='ltr'><strong>omnia</strong></span> <span class='ocrx_word' id='word_1_428' title='bbox 3379 2191 3515 2263; x_wconf 82' lang='lat' dir='ltr'><strong>adji-</strong></span> 
     </span>
    </p>
   </div>
   <div class='ocr_carea' id='block_1_54' title="bbox 1925 2278 3512 2352">
    <p class='ocr_par' dir='ltr' id='par_1_54' title="bbox 1925 2278 3512 2352">
     <span class='ocr_line' id='line_1_54' title="bbox 1925 2278 3512 2352; baseline 0.003 -19"><span class='ocrx_word' id='word_1_429' title='bbox 1925 2282 2119 2333; x_wconf 84' lang='lat' dir='ltr'><strong>cientur</strong></span> <span class='ocrx_word' id='word_1_430' title='bbox 2138 2280 2273 2333; x_wconf 73' lang='lat' dir='ltr'><strong>vobis</strong></span> <span class='ocrx_word' id='word_1_431' title='bbox 2294 2278 2504 2348; x_wconf 82' lang='lat' dir='ltr'><strong>(Matth.</strong></span> <span class='ocrx_word' id='word_1_432' title='bbox 2531 2279 2582 2332; x_wconf 87' lang='grc'><strong>6.</strong></span> <span class='ocrx_word' id='word_1_433' title='bbox 2608 2280 2717 2349; x_wconf 84' lang='grc'><strong>⁸55).</strong></span> <span class='ocrx_word' id='word_1_434' title='bbox 2743 2278 2847 2333; x_wconf 84' lang='lat' dir='ltr'><strong>Sed</strong></span> <span class='ocrx_word' id='word_1_435' title='bbox 2872 2294 2969 2334; x_wconf 92' lang='lat' dir='ltr'><strong>nos</strong></span> <span class='ocrx_word' id='word_1_436' title='bbox 2998 2281 3063 2333; x_wconf 90' lang='lat' dir='ltr'><strong>ad</strong></span> <span class='ocrx_word' id='word_1_437' title='bbox 3095 2281 3224 2334; x_wconf 89' lang='lat' dir='ltr'><strong>illud</strong></span> <span class='ocrx_word' id='word_1_438' title='bbox 3256 2284 3512 2352; x_wconf 56' lang='lat' dir='ltr'><strong>respicis-</strong></span> 
     </span>
    </p>
   </div>
   <div class='ocr_carea' id='block_1_55' title="bbox 1928 2370 3522 2440">
    <p class='ocr_par' dir='ltr' id='par_1_55' title="bbox 1928 2370 3522 2440">
     <span class='ocr_line' id='line_1_55' title="bbox 1928 2370 3522 2440; baseline 0.004 -16"><span class='ocrx_word' id='word_1_439' title='bbox 1928 2386 2069 2435; x_wconf 92' lang='lat' dir='ltr'><strong>mus,</strong></span> <span class='ocrx_word' id='word_1_440' title='bbox 2098 2381 2153 2423; x_wconf 91' lang='lat' dir='ltr'><strong>et</strong></span> <span class='ocrx_word' id='word_1_441' title='bbox 2183 2387 2248 2424; x_wconf 90' lang='lat' dir='ltr'><strong>ne</strong></span> <span class='ocrx_word' id='word_1_442' title='bbox 2279 2370 2683 2425; x_wconf 71' lang='lat' dir='ltr'><strong>festinemusad</strong></span> <span class='ocrx_word' id='word_1_443' title='bbox 2713 2371 2952 2425; x_wconf 86' lang='lat' dir='ltr'><strong>omnium</strong></span> <span class='ocrx_word' id='word_1_444' title='bbox 2982 2373 3390 2427; x_wconf 84' lang='lat' dir='ltr'><strong>retributionem</strong></span> <span class='ocrx_word' id='word_1_445' title='bbox 3418 2415 3435 2440; x_wconf 88' lang='lat'><strong>,</strong></span> <span class='ocrx_word' id='word_1_446' title='bbox 3463 2384 3522 2430; x_wconf 91' lang='lat' dir='ltr'><strong>ut</strong></span> 
     </span>
    </p>
   </div>
   <div class='ocr_carea' id='block_1_56' title="bbox 1930 2461 3516 2533">
    <p class='ocr_par' dir='ltr' id='par_1_56' title="bbox 1930 2461 3516 2533">
     <span class='ocr_line' id='line_1_56' title="bbox 1930 2461 3516 2533; baseline 0.004 -18"><span class='ocrx_word' id='word_1_447' title='bbox 1930 2477 1997 2515; x_wconf 92' lang='lat' dir='ltr'><strong>ne</strong></span> <span class='ocrx_word' id='word_1_448' title='bbox 2029 2463 2333 2514; x_wconf 87' lang='lat' dir='ltr'><strong>minuamus</strong></span> <span class='ocrx_word' id='word_1_449' title='bbox 2359 2461 2698 2526; x_wconf 88' lang='lat' dir='ltr'><strong>mercedem;</strong></span> <span class='ocrx_word' id='word_1_450' title='bbox 2732 2462 2825 2516; x_wconf 90' lang='lat' dir='ltr'><strong>sed</strong></span> <span class='ocrx_word' id='word_1_451' title='bbox 2871 2472 3081 2533; x_wconf 86' lang='lat' dir='ltr'><strong>tempus</strong></span> <span class='ocrx_word' id='word_1_452' title='bbox 3119 2475 3516 2533; x_wconf 79' lang='lat' dir='ltr'><strong>exspectemus.</strong></span> 
     </span>
    </p>
   </div>
   <div class='ocr_carea' id='block_1_57' title="bbox 1930 2551 3514 2627">
    <p class='ocr_par' dir='ltr' id='par_1_57' title="bbox 1930 2551 3514 2627">
     <span class='ocr_line' id='line_1_57' title="bbox 1930 2551 3514 2627; baseline 0.003 -20"><span class='ocrx_word' id='word_1_453' title='bbox 1930 2552 2045 2607; x_wconf 88' lang='lat' dir='ltr'><strong>Non</strong></span> <span class='ocrx_word' id='word_1_454' title='bbox 2077 2553 2220 2606; x_wconf 82' lang='lat' dir='ltr'><strong>enim</strong></span> <span class='ocrx_word' id='word_1_455' title='bbox 2270 2551 2404 2606; x_wconf 88' lang='lat' dir='ltr'><strong>tales</strong></span> <span class='ocrx_word' id='word_1_456' title='bbox 2434 2562 2558 2605; x_wconf 92' lang='lat' dir='ltr'><strong>sunt</strong></span> <span class='ocrx_word' id='word_1_457' title='bbox 2590 2553 2670 2604; x_wconf 64' lang='lat' dir='ltr'><strong>hac</strong></span> <span class='ocrx_word' id='word_1_458' title='bbox 2719 2567 2932 2627; x_wconf 66' lang='lat' dir='ltr'><strong>usurai,</strong></span> <span class='ocrx_word' id='word_1_459' title='bbox 2986 2555 3081 2609; x_wconf 88' lang='lat' dir='ltr'><strong>sed</strong></span> <span class='ocrx_word' id='word_1_460' title='bbox 3111 2557 3300 2625; x_wconf 88' lang='lat' dir='ltr'><strong>quales</strong></span> <span class='ocrx_word' id='word_1_461' title='bbox 3340 2573 3368 2610; x_wconf 90' lang='lat' dir='ltr'><strong>a</strong></span> <span class='ocrx_word' id='word_1_462' title='bbox 3402 2559 3514 2612; x_wconf 85' lang='lat' dir='ltr'><strong>Deo</strong></span> 
     </span>
    </p>
   </div>
   <div class='ocr_carea' id='block_1_58' title="bbox 1933 2642 3526 2714">
    <p class='ocr_par' dir='ltr' id='par_1_58' title="bbox 1933 2642 3526 2714">
     <span class='ocr_line' id='line_1_58' title="bbox 1933 2642 3526 2714; baseline 0.001 -16"><span class='ocrx_word' id='word_1_463' title='bbox 1933 2645 2046 2698; x_wconf 86' lang='lat' dir='ltr'><strong>dari</strong></span> <span class='ocrx_word' id='word_1_464' title='bbox 2081 2659 2176 2713; x_wconf 87' lang='lat' dir='ltr'><strong>par</strong></span> <span class='ocrx_word' id='word_1_465' title='bbox 2196 2653 2294 2697; x_wconf 89' lang='lat' dir='ltr'><strong>est.</strong></span> <span class='ocrx_word' id='word_1_466' title='bbox 2323 2642 2414 2696; x_wconf 90' lang='lat' dir='ltr'><strong>llis</strong></span> <span class='ocrx_word' id='word_1_467' title='bbox 2443 2643 2601 2712; x_wconf 73' lang='lat' dir='ltr'><strong>igitur</strong></span> <span class='ocrx_word' id='word_1_468' title='bbox 2625 2658 2744 2695; x_wconf 86' lang='lat' dir='ltr'><strong>cum</strong></span> <span class='ocrx_word' id='word_1_469' title='bbox 2769 2642 3011 2697; x_wconf 90' lang='lat' dir='ltr'><strong>ubertate</strong></span> <span class='ocrx_word' id='word_1_470' title='bbox 3041 2660 3230 2714; x_wconf 82' lang='lat' dir='ltr'><strong>magna</strong></span> <span class='ocrx_word' id='word_1_471' title='bbox 3260 2644 3526 2714; x_wconf 66' lang='lat' dir='ltr'><strong>Collectis,</strong></span> 
     </span>
    </p>
   </div>
   <div class='ocr_carea' id='block_1_59' title="bbox 1937 2732 3528 2808">
    <p class='ocr_par' dir='ltr' id='par_1_59' title="bbox 1937 2732 3528 2808">
     <span class='ocr_line' id='line_1_59' title="bbox 1937 2732 3528 2808; baseline 0.003 -22"><span class='ocrx_word' id='word_1_472' title='bbox 1937 2735 2005 2786; x_wconf 90' lang='lat' dir='ltr'><strong>ita</strong></span> <span class='ocrx_word' id='word_1_473' title='bbox 2032 2735 2154 2786; x_wconf 90' lang='lat' dir='ltr'><strong>hinc</strong></span> <span class='ocrx_word' id='word_1_474' title='bbox 2177 2733 2451 2799; x_wconf 89' lang='lat' dir='ltr'><strong>abeamus,</strong></span> <span class='ocrx_word' id='word_1_475' title='bbox 2483 2742 2539 2786; x_wconf 90' lang='lat' dir='ltr'><strong>ut</strong></span> <span class='ocrx_word' id='word_1_476' title='bbox 2563 2743 2614 2786; x_wconf 91' lang='lat' dir='ltr'><strong>et</strong></span> <span class='ocrx_word' id='word_1_477' title='bbox 2638 2733 2918 2801; x_wconf 63' lang='lat' dir='ltr'><strong>praesentia</strong></span> <span class='ocrx_word' id='word_1_478' title='bbox 2941 2742 2991 2787; x_wconf 92' lang='lat' dir='ltr'><strong>et</strong></span> <span class='ocrx_word' id='word_1_479' title='bbox 3023 2732 3198 2788; x_wconf 88' lang='lat' dir='ltr'><strong>futura</strong></span> <span class='ocrx_word' id='word_1_480' title='bbox 3226 2751 3528 2808; x_wconf 84' lang='lat' dir='ltr'><strong>consequa-</strong></span> 
     </span>
    </p>
   </div>
   <div class='ocr_carea' id='block_1_60' title="bbox 1939 2825 3523 2894">
    <p class='ocr_par' dir='ltr' id='par_1_60' title="bbox 1939 2825 3523 2894">
     <span class='ocr_line' id='line_1_60' title="bbox 1939 2825 3523 2894; baseline 0.005 -16"><span class='ocrx_word' id='word_1_481' title='bbox 1939 2841 2058 2878; x_wconf 90' lang='lat' dir='ltr'><strong>mur</strong></span> <span class='ocrx_word' id='word_1_482' title='bbox 2101 2825 2264 2887; x_wconf 87' lang='lat' dir='ltr'><strong>bona,</strong></span> <span class='ocrx_word' id='word_1_483' title='bbox 2299 2825 2468 2894; x_wconf 79' lang='lat' dir='ltr'><strong>gratia</strong></span> <span class='ocrx_word' id='word_1_484' title='bbox 2503 2834 2556 2878; x_wconf 90' lang='lat' dir='ltr'><strong>et</strong></span> <span class='ocrx_word' id='word_1_485' title='bbox 2581 2825 2912 2893; x_wconf 78' lang='lat' dir='ltr'><strong>benignitate</strong></span> <span class='ocrx_word' id='word_1_486' title='bbox 2944 2828 3150 2881; x_wconf 85' lang='lat' dir='ltr'><strong>Domini</strong></span> <span class='ocrx_word' id='word_1_487' title='bbox 3197 2833 3363 2883; x_wconf 78' lang='lat' dir='ltr'><strong>nostri</strong></span> <span class='ocrx_word' id='word_1_488' title='bbox 3393 2829 3523 2886; x_wconf 82' lang='lat' dir='ltr'><strong>Jesu</strong></span> 
     </span>
    </p>
   </div>
   <div class='ocr_carea' id='block_1_61' title="bbox 1939 2915 3534 2991">
    <p class='ocr_par' dir='ltr' id='par_1_61' title="bbox 1939 2915 3534 2991">
     <span class='ocr_line' id='line_1_61' title="bbox 1939 2915 3534 2991; baseline 0.003 -21"><span class='ocrx_word' id='word_1_489' title='bbox 1939 2915 2157 2978; x_wconf 86' lang='lat' dir='ltr'><strong>Christi,</strong></span> <span class='ocrx_word' id='word_1_490' title='bbox 2205 2916 2416 2984; x_wconf 89' lang='lat' dir='ltr'><strong>quicum</strong></span> <span class='ocrx_word' id='word_1_491' title='bbox 2475 2915 2614 2969; x_wconf 82' lang='lat' dir='ltr'><strong>Patri</strong></span> <span class='ocrx_word' id='word_1_492' title='bbox 2671 2925 2725 2969; x_wconf 90' lang='lat' dir='ltr'><strong>et</strong></span> <span class='ocrx_word' id='word_1_493' title='bbox 2764 2932 2866 2969; x_wconf 90' lang='lat' dir='ltr'><strong>una</strong></span> <span class='ocrx_word' id='word_1_494' title='bbox 2918 2918 3134 2985; x_wconf 89' lang='lat' dir='ltr'><strong>Spiritui</strong></span> <span class='ocrx_word' id='word_1_495' title='bbox 3181 2931 3369 2974; x_wconf 85' lang='lat' dir='ltr'><strong>sancto</strong></span> <span class='ocrx_word' id='word_1_496' title='bbox 3420 2922 3534 2991; x_wconf 84' lang='lat' dir='ltr'><strong>glo-</strong></span> 
     </span>
    </p>
   </div>
   <div class='ocr_carea' id='block_1_62' title="bbox 1944 3005 3535 3078">
    <p class='ocr_par' dir='ltr' id='par_1_62' title="bbox 1944 3005 3535 3078">
     <span class='ocr_line' id='line_1_62' title="bbox 1944 3005 3535 3078; baseline 0.005 -21"><span class='ocrx_word' id='word_1_497' title='bbox 1944 3005 2041 3069; x_wconf 82' lang='lat' dir='ltr'><strong>ria,</strong></span> <span class='ocrx_word' id='word_1_498' title='bbox 2077 3007 2384 3074; x_wconf 86' lang='lat' dir='ltr'><strong>imperium,</strong></span> <span class='ocrx_word' id='word_1_499' title='bbox 2415 3007 2603 3072; x_wconf 81' lang='lat' dir='ltr'><strong>lionor,</strong></span> <span class='ocrx_word' id='word_1_500' title='bbox 2641 3023 2781 3062; x_wconf 90' lang='lat' dir='ltr'><strong>nunc</strong></span> <span class='ocrx_word' id='word_1_501' title='bbox 2808 3017 2861 3063; x_wconf 91' lang='lat' dir='ltr'><strong>et</strong></span> <span class='ocrx_word' id='word_1_502' title='bbox 2890 3022 3130 3078; x_wconf 83' lang='lat' dir='ltr'><strong>semper,</strong></span> <span class='ocrx_word' id='word_1_503' title='bbox 3164 3021 3216 3064; x_wconf 92' lang='lat' dir='ltr'><strong>et</strong></span> <span class='ocrx_word' id='word_1_504' title='bbox 3249 3012 3299 3065; x_wconf 91' lang='lat' dir='ltr'><strong>in</strong></span> <span class='ocrx_word' id='word_1_505' title='bbox 3343 3014 3535 3067; x_wconf 66' lang='lat' dir='ltr'><strong>sarcula</strong></span> 
     </span>
    </p>
   </div>
   <div class='ocr_carea' id='block_1_63' title="bbox 1949 3099 2518 3177">
    <p class='ocr_par' dir='ltr' id='par_1_63' title="bbox 1949 3099 2518 3177">
     <span class='ocr_line' id='line_1_63' title="bbox 1949 3099 2518 3177; baseline 0.005 -28"><span class='ocrx_word' id='word_1_506' title='bbox 1949 3099 2301 3177; x_wconf 49' lang='lat' dir='ltr'><strong>sazculorum;</strong></span> <span class='ocrx_word' id='word_1_507' title='bbox 2325 3101 2518 3153; x_wconf 85' lang='lat' dir='ltr'><strong>Amen.</strong></span> 
     </span>
    </p>
   </div>
   <div class='ocr_carea' id='block_1_64' title="bbox 1901 3240 3543 3265">
    <p class='ocr_par' dir='ltr' id='par_1_64' title="bbox 1901 3240 3543 3265">
     <span class='ocr_line' id='line_1_64' title="bbox 1901 3240 3543 3265; baseline -0.002 -14"><span class='ocrx_word' id='word_1_508' title='bbox 1901 3240 3543 3265; x_wconf 82' lang='lat'><strong>___.___________________________________</strong></span> 
     </span>
    </p>
   </div>
   <div class='ocr_carea' id='block_1_65' title="bbox 1634 3295 2198 3362">
    <p class='ocr_par' dir='ltr' id='par_1_65' title="bbox 1634 3295 2198 3362">
     <span class='ocr_line' id='line_1_65' title="bbox 1634 3295 2198 3362; baseline 0.002 -2"><span class='ocrx_word' id='word_1_509' title='bbox 1634 3295 1979 3362; x_wconf 76' lang='lat' dir='ltr'><strong>HOMILIA</strong></span> <span class='ocrx_word' id='word_1_510' title='bbox 2026 3303 2198 3362; x_wconf 84' lang='lat' dir='ltr'><strong>XVI.</strong></span> 
     </span>
    </p>
   </div>
   <div class='ocr_carea' id='block_1_66' title="bbox 243 3439 1846 3510">
    <p class='ocr_par' dir='ltr' id='par_1_66' title="bbox 243 3439 1846 3510">
     <span class='ocr_line' id='line_1_66' title="bbox 243 3439 1846 3510; baseline -0.006 -7"><span class='ocrx_word' id='word_1_511' title='bbox 243 3449 376 3503; x_wconf 67' lang='grc' dir='ltr'>(Συ).</span> <span class='ocrx_word' id='word_1_512' title='bbox 422 3446 476 3501; x_wconf 82' lang='lat'><strong>5.</strong></span> <span class='ocrx_word' id='word_1_513' title='bbox 517 3460 568 3497; x_wconf 73' lang='grc' dir='ltr'><strong>ν.</strong></span> <span class='ocrx_word' id='word_1_514' title='bbox 603 3442 655 3498; x_wconf 58' lang='grc' dir='ltr'>οι</span> <span class='ocrx_word' id='word_1_515' title='bbox 687 3443 882 3510; x_wconf 78' lang='lat' dir='ltr'><strong>Scripsi</strong></span> <span class='ocrx_word' id='word_1_516' title='bbox 908 3441 1044 3495; x_wconf 69' lang='lat' dir='ltr'><strong>vobis</strong></span> <span class='ocrx_word' id='word_1_517' title='bbox 1069 3441 1122 3493; x_wconf 84' lang='lat' dir='ltr'><strong>in</strong></span> <span class='ocrx_word' id='word_1_518' title='bbox 1146 3439 1358 3510; x_wconf 86' lang='lat' dir='ltr'><strong>epistola</strong></span> <span class='ocrx_word' id='word_1_519' title='bbox 1387 3455 1406 3493; x_wconf 86' lang='lat'><strong>.&#39;</strong></span> <span class='ocrx_word' id='word_1_520' title='bbox 1436 3456 1497 3493; x_wconf 89' lang='lat' dir='ltr'><strong>ne</strong></span> <span class='ocrx_word' id='word_1_521' title='bbox 1521 3442 1846 3494; x_wconf 75' lang='lat' dir='ltr'><strong>commiscea-</strong></span> 
     </span>
    </p>
   </div>
   <div class='ocr_carea' id='block_1_67' title="bbox 322 3527 1855 3605">
    <p class='ocr_par' dir='ltr' id='par_1_67' title="bbox 322 3527 1855 3605">
     <span class='ocr_line' id='line_1_67' title="bbox 322 3527 1855 3605; baseline -0.002 -17"><span class='ocrx_word' id='word_1_522' title='bbox 322 3540 448 3591; x_wconf 86' lang='lat' dir='ltr'><strong>mini</strong></span> <span class='ocrx_word' id='word_1_523' title='bbox 496 3527 820 3605; x_wconf 75' lang='lat' dir='ltr'><strong>fornicariis;</strong></span> <span class='ocrx_word' id='word_1_524' title='bbox 873 3532 958 3587; x_wconf 81' lang='lat' dir='ltr'><strong>lO.</strong></span> <span class='ocrx_word' id='word_1_525' title='bbox 1007 3549 1108 3585; x_wconf 82' lang='lat' dir='ltr'><strong>non</strong></span> <span class='ocrx_word' id='word_1_526' title='bbox 1152 3533 1319 3602; x_wconf 79' lang='lat' dir='ltr'><strong>tuique</strong></span> <span class='ocrx_word' id='word_1_527' title='bbox 1361 3532 1650 3602; x_wconf 82' lang='lat' dir='ltr'><strong>fornicariis</strong></span> <span class='ocrx_word' id='word_1_528' title='bbox 1691 3533 1855 3602; x_wconf 80' lang='lat' dir='ltr'><strong>hujus</strong></span> 
     </span>
    </p>
   </div>
   <div class='ocr_carea' id='block_1_68' title="bbox 326 3623 1858 3690">
    <p class='ocr_par' dir='ltr' id='par_1_68' title="bbox 326 3623 1858 3690">
     <span class='ocr_line' id='line_1_68' title="bbox 326 3623 1858 3690; baseline -0.003 -11"><span class='ocrx_word' id='word_1_529' title='bbox 326 3628 504 3680; x_wconf 80' lang='lat' dir='ltr'><strong>niundi</strong></span> <span class='ocrx_word' id='word_1_530' title='bbox 528 3634 614 3676; x_wconf 87' lang='lat' dir='ltr'><strong>aut</strong></span> <span class='ocrx_word' id='word_1_531' title='bbox 635 3625 800 3676; x_wconf 80' lang='lat' dir='ltr'><strong>avaris</strong></span> <span class='ocrx_word' id='word_1_532' title='bbox 825 3633 912 3674; x_wconf 85' lang='lat' dir='ltr'><strong>aut</strong></span> <span class='ocrx_word' id='word_1_533' title='bbox 929 3623 1196 3690; x_wconf 78' lang='lat' dir='ltr'><strong>rapacibus</strong></span> <span class='ocrx_word' id='word_1_534' title='bbox 1217 3632 1302 3673; x_wconf 83' lang='lat' dir='ltr'><strong>aut</strong></span> <span class='ocrx_word' id='word_1_535' title='bbox 1319 3624 1469 3675; x_wconf 86' lang='lat' dir='ltr'><strong>idolis</strong></span> <span class='ocrx_word' id='word_1_536' title='bbox 1494 3625 1858 3676; x_wconf 66' lang='lat' dir='ltr'><strong>servientibus:</strong></span> 
     </span>
    </p>
   </div>
   <div class='ocr_carea' id='block_1_69' title="bbox 324 3709 1844 3782">
    <p class='ocr_par' dir='ltr' id='par_1_69' title="bbox 324 3709 1844 3782">
     <span class='ocr_line' id='line_1_69' title="bbox 324 3709 1844 3782; baseline -0.005 -14"><span class='ocrx_word' id='word_1_537' title='bbox 324 3716 520 3782; x_wconf 83' lang='lat' dir='ltr'><strong>alioqui</strong></span> <span class='ocrx_word' id='word_1_538' title='bbox 545 3712 830 3764; x_wconf 79' lang='lat' dir='ltr'><strong>debueratis</strong></span> <span class='ocrx_word' id='word_1_539' title='bbox 857 3725 920 3762; x_wconf 80' lang='lat' dir='ltr'><strong>ea:</strong></span> <span class='ocrx_word' id='word_1_540' title='bbox 949 3711 1136 3760; x_wconf 85' lang='lat' dir='ltr'><strong>mundo</strong></span> <span class='ocrx_word' id='word_1_541' title='bbox 1165 3710 1346 3761; x_wconf 73' lang='lat' dir='ltr'><strong>exisse.</strong></span> <span class='ocrx_word' id='word_1_542' title='bbox 1378 3710 1464 3761; x_wconf 78' lang='lat' dir='ltr'><strong>li.</strong></span> <span class='ocrx_word' id='word_1_543' title='bbox 1498 3709 1651 3761; x_wconf 82' lang='lat' dir='ltr'><strong>Nunc</strong></span> <span class='ocrx_word' id='word_1_544' title='bbox 1681 3721 1844 3761; x_wconf 70' lang='lat' dir='ltr'><strong>alitem</strong></span> 
     </span>
    </p>
   </div>
   <div class='ocr_carea' id='block_1_70' title="bbox 327 3798 1850 3872">
    <p class='ocr_par' dir='ltr' id='par_1_70' title="bbox 327 3798 1850 3872">
     <span class='ocr_line' id='line_1_70' title="bbox 327 3798 1850 3872; baseline -0.007 -13"><span class='ocrx_word' id='word_1_545' title='bbox 327 3803 512 3872; x_wconf 78' lang='lat' dir='ltr'><strong>scripsi</strong></span> <span class='ocrx_word' id='word_1_546' title='bbox 542 3801 678 3855; x_wconf 86' lang='lat' dir='ltr'><strong>vobis</strong></span> <span class='ocrx_word' id='word_1_547' title='bbox 722 3815 821 3852; x_wconf 83' lang='lat' dir='ltr'><strong>non</strong></span> <span class='ocrx_word' id='word_1_548' title='bbox 850 3798 1159 3868; x_wconf 80' lang='lat' dir='ltr'><strong>conimisceri</strong></span> <span class='ocrx_word' id='word_1_549' title='bbox 1184 3813 1205 3850; x_wconf 91' lang='grc'><strong>.·</strong></span> <span class='ocrx_word' id='word_1_550' title='bbox 1236 3798 1278 3848; x_wconf 89' lang='lat' dir='ltr'><strong>si</strong></span> <span class='ocrx_word' id='word_1_551' title='bbox 1304 3801 1346 3848; x_wconf 85' lang='lat' dir='ltr'><strong>is</strong></span> <span class='ocrx_word' id='word_1_552' title='bbox 1367 3839 1381 3862; x_wconf 96' lang='lat'><strong>,</strong></span> <span class='ocrx_word' id='word_1_553' title='bbox 1426 3799 1510 3866; x_wconf 88' lang='lat' dir='ltr'><strong>qui</strong></span> <span class='ocrx_word' id='word_1_554' title='bbox 1553 3802 1709 3866; x_wconf 79' lang='lat' dir='ltr'><strong>frater</strong></span> <span class='ocrx_word' id='word_1_555' title='bbox 1758 3814 1850 3849; x_wconf 83' lang='lat' dir='ltr'><strong>no-</strong></span> 
     </span>
    </p>
   </div>
   <div class='ocr_carea' id='block_1_71' title="bbox 327 3889 1849 3959">
    <p class='ocr_par' dir='ltr' id='par_1_71' title="bbox 327 3889 1849 3959">
     <span class='ocr_line' id='line_1_71' title="bbox 327 3889 1849 3959; baseline -0.004 -10"><span class='ocrx_word' id='word_1_556' title='bbox 327 3897 554 3949; x_wconf 84' lang='lat' dir='ltr'><strong>minatur</strong></span> <span class='ocrx_word' id='word_1_557' title='bbox 579 3893 709 3946; x_wconf 85' lang='lat' dir='ltr'><strong>inter</strong></span> <span class='ocrx_word' id='word_1_558' title='bbox 729 3907 834 3956; x_wconf 83' lang='lat' dir='ltr'><strong>vos,</strong></span> <span class='ocrx_word' id='word_1_559' title='bbox 864 3898 936 3944; x_wconf 86' lang='lat' dir='ltr'><strong>est</strong></span> <span class='ocrx_word' id='word_1_560' title='bbox 959 3890 1242 3959; x_wconf 76' lang='lat' dir='ltr'><strong>fornicator</strong></span> <span class='ocrx_word' id='word_1_561' title='bbox 1262 3898 1348 3941; x_wconf 88' lang='lat' dir='ltr'><strong>aut</strong></span> <span class='ocrx_word' id='word_1_562' title='bbox 1377 3905 1558 3942; x_wconf 85' lang='lat' dir='ltr'><strong>avarus</strong></span> <span class='ocrx_word' id='word_1_563' title='bbox 1589 3899 1673 3942; x_wconf 85' lang='lat' dir='ltr'><strong>aut</strong></span> <span class='ocrx_word' id='word_1_564' title='bbox 1699 3889 1849 3943; x_wconf 78' lang='lat' dir='ltr'><strong>idolis</strong></span> 
     </span>
    </p>
   </div>
   <div class='ocr_carea' id='block_1_72' title="bbox 329 3979 1852 4051">
    <p class='ocr_par' dir='ltr' id='par_1_72' title="bbox 329 3979 1852 4051">
     <span class='ocr_line' id='line_1_72' title="bbox 329 3979 1852 4051; baseline -0.003 -10"><span class='ocrx_word' id='word_1_565' title='bbox 329 3987 553 4042; x_wconf 76' lang='lat' dir='ltr'><strong>serviens</strong></span> <span class='ocrx_word' id='word_1_566' title='bbox 582 3993 671 4037; x_wconf 85' lang='lat' dir='ltr'><strong>aut</strong></span> <span class='ocrx_word' id='word_1_567' title='bbox 701 3981 923 4036; x_wconf 80' lang='lat' dir='ltr'><strong>ebriosus</strong></span> <span class='ocrx_word' id='word_1_568' title='bbox 956 3992 1041 4034; x_wconf 84' lang='lat' dir='ltr'><strong>aut</strong></span> <span class='ocrx_word' id='word_1_569' title='bbox 1068 3979 1346 4034; x_wconf 81' lang='lat' dir='ltr'><strong>maledicus</strong></span> <span class='ocrx_word' id='word_1_570' title='bbox 1373 3992 1459 4035; x_wconf 84' lang='lat' dir='ltr'><strong>aut</strong></span> <span class='ocrx_word' id='word_1_571' title='bbox 1493 3999 1657 4051; x_wconf 74' lang='lat' dir='ltr'><strong>rapax</strong></span> <span class='ocrx_word' id='word_1_572' title='bbox 1679 4024 1693 4049; x_wconf 96' lang='lat'><strong>,</strong></span> <span class='ocrx_word' id='word_1_573' title='bbox 1739 3999 1852 4036; x_wconf 81' lang='lat' dir='ltr'><strong>cum</strong></span> 
     </span>
    </p>
   </div>
   <div class='ocr_carea' id='block_1_73' title="bbox 332 4057 1388 4148">
    <p class='ocr_par' dir='ltr' id='par_1_73' title="bbox 332 4057 1388 4148">
     <span class='ocr_line' id='line_1_73' title="bbox 332 4057 1388 4148; baseline -0.008 -16"><span class='ocrx_word' id='word_1_574' title='bbox 332 4076 632 4148; x_wconf 79' lang='lat' dir='ltr'><strong>hujusmodi</strong></span> <span class='ocrx_word' id='word_1_575' title='bbox 662 4091 750 4128; x_wconf 83' lang='lat' dir='ltr'><strong>nec</strong></span> <span class='ocrx_word' id='word_1_576' title='bbox 793 4073 956 4126; x_wconf 80' lang='lat' dir='ltr'><strong>cibum</strong></span> <span class='ocrx_word' id='word_1_577' title='bbox 989 4089 1208 4126; x_wconf 84' lang='lat' dir='ltr'><strong>sumere.</strong></span> <span class='ocrx_word' id='word_1_578' title='bbox 1381 4057 1388 4066; x_wconf 55' lang='grc'><em>’</em></span> 
     </span>
    </p>
   </div>
   <div class='ocr_carea' id='block_1_74' title="bbox 334 4161 1851 4234">
    <p class='ocr_par' dir='ltr' id='par_1_74' title="bbox 334 4161 1851 4234">
     <span class='ocr_line' id='line_1_74' title="bbox 334 4161 1851 4234; baseline -0.007 -12"><span class='ocrx_word' id='word_1_579' title='bbox 334 4171 390 4223; x_wconf 77' lang='grc' dir='ltr'><strong>Ι.</strong></span> <span class='ocrx_word' id='word_1_580' title='bbox 432 4168 566 4234; x_wconf 80' lang='lat' dir='ltr'><strong>Quia</strong></span> <span class='ocrx_word' id='word_1_581' title='bbox 598 4165 743 4219; x_wconf 87' lang='lat' dir='ltr'><strong>enim</strong></span> <span class='ocrx_word' id='word_1_582' title='bbox 769 4163 938 4226; x_wconf 78' lang='lat' dir='ltr'><strong>dixit,</strong></span> <span class='ocrx_word' id='word_1_583' title='bbox 974 4162 1096 4215; x_wconf 84' lang='lat' dir='ltr'><strong>Non</strong></span> <span class='ocrx_word' id='word_1_584' title='bbox 1124 4162 1293 4230; x_wconf 83' lang='lat' dir='ltr'><strong>potius</strong></span> <span class='ocrx_word' id='word_1_585' title='bbox 1337 4161 1527 4212; x_wconf 87' lang='lat' dir='ltr'><strong>luctum</strong></span> <span class='ocrx_word' id='word_1_586' title='bbox 1570 4163 1813 4214; x_wconf 86' lang='lat' dir='ltr'><strong>habuistis</strong></span> <span class='ocrx_word' id='word_1_587' title='bbox 1838 4203 1851 4224; x_wconf 98' lang='lat'><strong>,</strong></span> 
     </span>
    </p>
   </div>
   <div class='ocr_carea' id='block_1_75' title="bbox 257 4250 1859 4320">
    <p class='ocr_par' dir='ltr' id='par_1_75' title="bbox 257 4250 1859 4320">
     <span class='ocr_line' id='line_1_75' title="bbox 257 4250 1859 4320; baseline -0.006 -7"><span class='ocrx_word' id='word_1_588' title='bbox 257 4273 317 4314; x_wconf 79' lang='lat' dir='ltr'><strong>ut</strong></span> <span class='ocrx_word' id='word_1_589' title='bbox 345 4262 412 4312; x_wconf 83' lang='lat' dir='ltr'><strong>de</strong></span> <span class='ocrx_word' id='word_1_590' title='bbox 454 4257 619 4309; x_wconf 85' lang='lat' dir='ltr'><strong>medio</strong></span> <span class='ocrx_word' id='word_1_591' title='bbox 647 4253 857 4307; x_wconf 86' lang='lat' dir='ltr'><strong>tollatur</strong></span> <span class='ocrx_word' id='word_1_592' title='bbox 881 4253 966 4320; x_wconf 86' lang='lat' dir='ltr'><strong>qui</strong></span> <span class='ocrx_word' id='word_1_593' title='bbox 991 4260 1064 4302; x_wconf 79' lang='lat' dir='ltr'><strong>est</strong></span> <span class='ocrx_word' id='word_1_594' title='bbox 1089 4251 1382 4317; x_wconf 82' lang='lat' dir='ltr'><strong>hujusnwdi</strong></span> <span class='ocrx_word' id='word_1_595' title='bbox 1405 4259 1527 4313; x_wconf 85' lang='lat' dir='ltr'><strong>;-et,</strong></span> <span class='ocrx_word' id='word_1_596' title='bbox 1561 4250 1859 4320; x_wconf 77' lang='lat' dir='ltr'><strong>Expurgate</strong></span> 
     </span>
    </p>
   </div>
   <div class='ocr_carea' id='block_1_76' title="bbox 259 4339 1857 4415">
    <p class='ocr_par' dir='ltr' id='par_1_76' title="bbox 259 4339 1857 4415">
     <span class='ocr_line' id='line_1_76' title="bbox 259 4339 1857 4415; baseline -0.007 -10"><span class='ocrx_word' id='word_1_597' title='bbox 259 4361 406 4405; x_wconf 70' lang='lat' dir='ltr'><strong>uetus</strong></span> <span class='ocrx_word' id='word_1_598' title='bbox 442 4349 790 4415; x_wconf 83' lang='lat' dir='ltr'><strong>fermentum;</strong></span> <span class='ocrx_word' id='word_1_599' title='bbox 835 4351 887 4396; x_wconf 89' lang='lat' dir='ltr'><strong>et</strong></span> <span class='ocrx_word' id='word_1_600' title='bbox 919 4339 1208 4395; x_wconf 84' lang='lat' dir='ltr'><strong>verisimile</strong></span> <span class='ocrx_word' id='word_1_601' title='bbox 1251 4348 1366 4393; x_wconf 87' lang='lat' dir='ltr'><strong>erat</strong></span> <span class='ocrx_word' id='word_1_602' title='bbox 1410 4340 1667 4409; x_wconf 77' lang='lat' dir='ltr'><strong>suspicari</strong></span> <span class='ocrx_word' id='word_1_603' title='bbox 1697 4341 1815 4394; x_wconf 86' lang='lat' dir='ltr'><strong>illos</strong></span> <span class='ocrx_word' id='word_1_604' title='bbox 1841 4383 1857 4404; x_wconf 86' lang='lat'><strong>,</strong></span> 
     </span>
    </p>
   </div>
   <div class='ocr_carea' id='block_1_77' title="bbox 262 4434 1898 4513">
    <p class='ocr_par' dir='ltr' id='par_1_77' title="bbox 262 4434 1898 4513">
     <span class='ocr_line' id='line_1_77' title="bbox 262 4434 1898 4513; baseline -0.005 -15"><span class='ocrx_word' id='word_1_605' title='bbox 262 4440 576 4513; x_wconf 76' lang='lat' dir='ltr'><strong>fugiendum</strong></span> <span class='ocrx_word' id='word_1_606' title='bbox 605 4453 725 4493; x_wconf 87' lang='lat' dir='ltr'><strong>esse</strong></span> <span class='ocrx_word' id='word_1_607' title='bbox 765 4436 832 4491; x_wconf 90' lang='lat' dir='ltr'><strong>ab</strong></span> <span class='ocrx_word' id='word_1_608' title='bbox 860 4436 1109 4491; x_wconf 88' lang='lat' dir='ltr'><strong>omnibus</strong></span> <span class='ocrx_word' id='word_1_609' title='bbox 1157 4434 1497 4500; x_wconf 86' lang='lat' dir='ltr'><strong>fornicariis;</strong></span> <span class='ocrx_word' id='word_1_610' title='bbox 1551 4436 1592 4490; x_wconf 86' lang='lat' dir='ltr'><strong>si</strong></span> <span class='ocrx_word' id='word_1_611' title='bbox 1624 4435 1766 4490; x_wconf 89' lang='lat' dir='ltr'><strong>enim</strong></span> <span class='ocrx_word' id='word_1_612' title='bbox 1816 4436 1898 4513; x_wconf 23' lang='grc' dir='ltr'><strong>ἧς*</strong></span> 
     </span>
    </p>
   </div>
   <div class='ocr_carea' id='block_1_78' title="bbox 259 4527 1862 4603">
    <p class='ocr_par' dir='ltr' id='par_1_78' title="bbox 259 4527 1862 4603">
     <span class='ocr_line' id='line_1_78' title="bbox 259 4527 1862 4603; baseline -0.002 -18"><span class='ocrx_word' id='word_1_613' title='bbox 259 4532 359 4603; x_wconf 85' lang='lat' dir='ltr'><strong>qui</strong></span> <span class='ocrx_word' id='word_1_614' title='bbox 393 4528 634 4600; x_wconf 77' lang='lat' dir='ltr'><strong>peccavit</strong></span> <span class='ocrx_word' id='word_1_615' title='bbox 673 4528 868 4581; x_wconf 89' lang='lat' dir='ltr'><strong>malum</strong></span> <span class='ocrx_word' id='word_1_616' title='bbox 900 4542 1056 4588; x_wconf 83' lang='lat' dir='ltr'><strong>suum</strong></span> <span class='ocrx_word' id='word_1_617' title='bbox 1085 4529 1339 4597; x_wconf 88' lang='lat' dir='ltr'><strong>impertiit</strong></span> <span class='ocrx_word' id='word_1_618' title='bbox 1370 4528 1432 4582; x_wconf 92' lang='lat' dir='ltr'><strong>iis</strong></span> <span class='ocrx_word' id='word_1_619' title='bbox 1462 4527 1552 4597; x_wconf 88' lang='lat' dir='ltr'><strong>qui</strong></span> <span class='ocrx_word' id='word_1_620' title='bbox 1596 4543 1703 4581; x_wconf 87' lang='lat' dir='ltr'><strong>non</strong></span> <span class='ocrx_word' id='word_1_621' title='bbox 1734 4543 1862 4595; x_wconf 84' lang='lat' dir='ltr'><strong>pec-</strong></span> 
     </span>
    </p>
   </div>
   <div class='ocr_carea' id='block_1_79' title="bbox 263 4603 1863 4690">
    <p class='ocr_par' dir='ltr' id='par_1_79' title="bbox 263 4603 1863 4690">
     <span class='ocr_line' id='line_1_79' title="bbox 263 4603 1863 4690; baseline -0.003 -14"><span class='ocrx_word' id='word_1_622' title='bbox 263 4629 568 4685; x_wconf 79' lang='lat' dir='ltr'><strong>caverunt,</strong></span> <span class='ocrx_word' id='word_1_623' title='bbox 621 4620 791 4675; x_wconf 87' lang='lat' dir='ltr'><strong>multo</strong></span> <span class='ocrx_word' id='word_1_624' title='bbox 832 4621 999 4690; x_wconf 78' lang='lat' dir='ltr'><strong>magis</strong></span> <span class='ocrx_word' id='word_1_625' title='bbox 1037 4603 1290 4675; x_wconf 63' lang='lat' dir='ltr'><strong>esternos</strong></span> <span class='ocrx_word' id='word_1_626' title='bbox 1330 4628 1542 4689; x_wconf 82' lang='lat' dir='ltr'><strong>Oportet</strong></span> <span class='ocrx_word' id='word_1_627' title='bbox 1586 4620 1863 4672; x_wconf 87' lang='lat' dir='ltr'><strong>aversari:</strong></span> 
     </span>
    </p>
   </div>
   <div class='ocr_carea' id='block_1_80' title="bbox 270 4709 1865 4780">
    <p class='ocr_par' dir='ltr' id='par_1_80' title="bbox 270 4709 1865 4780">
     <span class='ocr_line' id='line_1_80' title="bbox 270 4709 1865 4780; baseline -0.003 -12"><span class='ocrx_word' id='word_1_628' title='bbox 270 4731 401 4768; x_wconf 87' lang='lat' dir='ltr'><strong>nam</strong></span> <span class='ocrx_word' id='word_1_629' title='bbox 429 4714 473 4766; x_wconf 90' lang='lat' dir='ltr'><strong>si</strong></span> <span class='ocrx_word' id='word_1_630' title='bbox 507 4711 751 4767; x_wconf 82' lang='lat' dir='ltr'><strong>familiari</strong></span> <span class='ocrx_word' id='word_1_631' title='bbox 797 4727 1018 4780; x_wconf 88' lang='lat' dir='ltr'><strong>parcere</strong></span> <span class='ocrx_word' id='word_1_632' title='bbox 1050 4727 1153 4764; x_wconf 91' lang='lat' dir='ltr'><strong>non</strong></span> <span class='ocrx_word' id='word_1_633' title='bbox 1186 4721 1391 4780; x_wconf 80' lang='lat' dir='ltr'><strong>Oportet</strong></span> <span class='ocrx_word' id='word_1_634' title='bbox 1419 4751 1432 4776; x_wconf 90' lang='lat'><strong>,</strong></span> <span class='ocrx_word' id='word_1_635' title='bbox 1485 4709 1626 4780; x_wconf 89' lang='lat' dir='ltr'><strong>quod</strong></span> <span class='ocrx_word' id='word_1_636' title='bbox 1661 4716 1865 4764; x_wconf 85' lang='lat' dir='ltr'><strong>tantum</strong></span> 
     </span>
    </p>
   </div>
   <div class='ocr_carea' id='block_1_81' title="bbox 269 4801 1870 4870">
    <p class='ocr_par' dir='ltr' id='par_1_81' title="bbox 269 4801 1870 4870">
     <span class='ocr_line' id='line_1_81' title="bbox 269 4801 1870 4870; baseline -0.002 -11"><span class='ocrx_word' id='word_1_637' title='bbox 269 4807 368 4862; x_wconf 87' lang='lat' dir='ltr'><strong>ille</strong></span> <span class='ocrx_word' id='word_1_638' title='bbox 400 4805 579 4860; x_wconf 88' lang='lat' dir='ltr'><strong>damni</strong></span> <span class='ocrx_word' id='word_1_639' title='bbox 605 4804 814 4869; x_wconf 86' lang='lat' dir='ltr'><strong>inferat,</strong></span> <span class='ocrx_word' id='word_1_640' title='bbox 840 4804 1007 4861; x_wconf 88' lang='lat' dir='ltr'><strong>multo</strong></span> <span class='ocrx_word' id='word_1_641' title='bbox 1028 4803 1204 4855; x_wconf 87' lang='lat' dir='ltr'><strong>minus</strong></span> <span class='ocrx_word' id='word_1_642' title='bbox 1227 4801 1345 4855; x_wconf 87' lang='lat' dir='ltr'><strong>aliis</strong></span> <span class='ocrx_word' id='word_1_643' title='bbox 1371 4802 1692 4870; x_wconf 88' lang='lat' dir='ltr'><strong>parcendum</strong></span> <span class='ocrx_word' id='word_1_644' title='bbox 1729 4817 1740 4851; x_wconf 90' lang='lat'><strong>:</strong></span> <span class='ocrx_word' id='word_1_645' title='bbox 1767 4801 1870 4855; x_wconf 85' lang='lat' dir='ltr'><strong>hoc</strong></span> 
     </span>
    </p>
   </div>
   <div class='ocr_carea' id='block_1_82' title="bbox 278 4890 1868 4968">
    <p class='ocr_par' dir='ltr' id='par_1_82' title="bbox 278 4890 1868 4968">
     <span class='ocr_line' id='line_1_82' title="bbox 278 4890 1868 4968; baseline -0.004 -18"><span class='ocrx_word' id='word_1_646' title='bbox 278 4898 457 4968; x_wconf 64' lang='lat' dir='ltr'><strong>posito</strong></span> <span class='ocrx_word' id='word_1_647' title='bbox 486 4905 902 4951; x_wconf 78' lang='lat' dir='ltr'><strong>consentaneum</strong></span> <span class='ocrx_word' id='word_1_648' title='bbox 933 4899 1049 4945; x_wconf 89' lang='lat' dir='ltr'><strong>erat</strong></span> <span class='ocrx_word' id='word_1_649' title='bbox 1073 4892 1308 4958; x_wconf 88' lang='lat' dir='ltr'><strong>separari</strong></span> <span class='ocrx_word' id='word_1_650' title='bbox 1333 4892 1493 4946; x_wconf 89' lang='lat' dir='ltr'><strong>etiam</strong></span> <span class='ocrx_word' id='word_1_651' title='bbox 1525 4907 1551 4943; x_wconf 90' lang='lat' dir='ltr'><strong>a</strong></span> <span class='ocrx_word' id='word_1_652' title='bbox 1579 4890 1868 4944; x_wconf 85' lang='lat' dir='ltr'><strong>fornicato-</strong></span> 
     </span>
    </p>
   </div>
   <div class='ocr_carea' id='block_1_83' title="bbox 284 4982 1871 5056">
    <p class='ocr_par' dir='ltr' id='par_1_83' title="bbox 284 4982 1871 5056">
     <span class='ocr_line' id='line_1_83' title="bbox 284 4982 1871 5056; baseline -0.004 -13"><span class='ocrx_word' id='word_1_653' title='bbox 284 4991 430 5043; x_wconf 85' lang='lat' dir='ltr'><strong>:ibus</strong></span> <span class='ocrx_word' id='word_1_654' title='bbox 459 4988 549 5056; x_wconf 86' lang='lat' dir='ltr'><strong>qui</strong></span> <span class='ocrx_word' id='word_1_655' title='bbox 579 4984 716 5054; x_wconf 89' lang='lat' dir='ltr'><strong>apud</strong></span> <span class='ocrx_word' id='word_1_656' title='bbox 741 4983 959 5038; x_wconf 75' lang='lat' dir='ltr'><strong>Grzecos</strong></span> <span class='ocrx_word' id='word_1_657' title='bbox 989 4991 1160 5046; x_wconf 87' lang='lat' dir='ltr'><strong>erant;</strong></span> <span class='ocrx_word' id='word_1_658' title='bbox 1191 4991 1246 5036; x_wconf 90' lang='lat' dir='ltr'><strong>et</strong></span> <span class='ocrx_word' id='word_1_659' title='bbox 1283 4982 1326 5035; x_wconf 90' lang='lat' dir='ltr'><strong>si</strong></span> <span class='ocrx_word' id='word_1_660' title='bbox 1369 4998 1427 5037; x_wconf 91' lang='lat' dir='ltr'><strong>re</strong></span> <span class='ocrx_word' id='word_1_661' title='bbox 1449 4983 1515 5037; x_wconf 89' lang='lat' dir='ltr'><strong>ad</strong></span> <span class='ocrx_word' id='word_1_662' title='bbox 1543 4982 1871 5052; x_wconf 79' lang='lat' dir='ltr'><strong>impossibile</strong></span> 
     </span>
    </p>
   </div>
   <div class='ocr_carea' id='block_1_84' title="bbox 279 5073 1875 5144">
    <p class='ocr_par' dir='ltr' id='par_1_84' title="bbox 279 5073 1875 5144">
     <span class='ocr_line' id='line_1_84' title="bbox 279 5073 1875 5144; baseline -0.005 -10"><span class='ocrx_word' id='word_1_663' title='bbox 279 5080 522 5142; x_wconf 77' lang='lat' dir='ltr'><strong>redacta,</strong></span> <span class='ocrx_word' id='word_1_664' title='bbox 547 5076 713 5144; x_wconf 76' lang='lat' dir='ltr'><strong>magis</strong></span> <span class='ocrx_word' id='word_1_665' title='bbox 730 5091 872 5143; x_wconf 56' lang='lat' dir='ltr'><strong>aegre</strong></span> <span class='ocrx_word' id='word_1_666' title='bbox 898 5074 1148 5128; x_wconf 88' lang='lat' dir='ltr'><strong>tulissent</strong></span> <span class='ocrx_word' id='word_1_667' title='bbox 1176 5090 1189 5127; x_wconf 91' lang='lat'>:</span> <span class='ocrx_word' id='word_1_668' title='bbox 1221 5073 1319 5126; x_wconf 88' lang='lat' dir='ltr'><strong>hac</strong></span> <span class='ocrx_word' id='word_1_669' title='bbox 1346 5077 1681 5128; x_wconf 87' lang='lat' dir='ltr'><strong>correctione</strong></span> <span class='ocrx_word' id='word_1_670' title='bbox 1707 5074 1875 5127; x_wconf 86' lang='lat' dir='ltr'><strong>utitur</strong></span> 
     </span>
    </p>
   </div>
   <div class='ocr_carea' id='block_1_85' title="bbox 278 5163 1874 5237">
    <p class='ocr_par' dir='ltr' id='par_1_85' title="bbox 278 5163 1874 5237">
     <span class='ocr_line' id='line_1_85' title="bbox 278 5163 1874 5237; baseline -0.005 -12"><span class='ocrx_word' id='word_1_671' title='bbox 278 5173 502 5225; x_wconf 86' lang='lat' dir='ltr'><strong>dicens:</strong></span> <span class='ocrx_word' id='word_1_672' title='bbox 534 5167 730 5237; x_wconf 83' lang='lat' dir='ltr'><strong>Scripsi</strong></span> <span class='ocrx_word' id='word_1_673' title='bbox 761 5167 996 5232; x_wconf 64' lang='lat' dir='ltr'><strong>vobisme</strong></span> <span class='ocrx_word' id='word_1_674' title='bbox 1015 5165 1438 5220; x_wconf 83' lang='lat' dir='ltr'><strong>commisceamini</strong></span> <span class='ocrx_word' id='word_1_675' title='bbox 1463 5163 1874 5235; x_wconf 82' lang='lat' dir='ltr'><strong>[ornieatoribus;</strong></span> 
     </span>
    </p>
   </div>
   <div class='ocr_carea' id='block_1_86' title="bbox 279 5252 1874 5331">
    <p class='ocr_par' dir='ltr' id='par_1_86' title="bbox 279 5252 1874 5331">
     <span class='ocr_line' id='line_1_86' title="bbox 279 5252 1874 5331; baseline -0.006 -16"><span class='ocrx_word' id='word_1_676' title='bbox 279 5273 326 5315; x_wconf 84' lang='lat' dir='ltr'><strong>et</strong></span> <span class='ocrx_word' id='word_1_677' title='bbox 359 5276 464 5314; x_wconf 83' lang='lat' dir='ltr'><strong>non</strong></span> <span class='ocrx_word' id='word_1_678' title='bbox 490 5260 660 5331; x_wconf 80' lang='lat' dir='ltr'><strong>utique</strong></span> <span class='ocrx_word' id='word_1_679' title='bbox 700 5257 1090 5329; x_wconf 71' lang='lat' dir='ltr'><strong>fornicatoribus</strong></span> <span class='ocrx_word' id='word_1_680' title='bbox 1119 5255 1270 5321; x_wconf 81' lang='lat' dir='ltr'><strong>huius</strong></span> <span class='ocrx_word' id='word_1_681' title='bbox 1297 5256 1510 5320; x_wconf 77' lang='lat' dir='ltr'><strong>mundi,-</strong></span> <span class='ocrx_word' id='word_1_682' title='bbox 1542 5255 1668 5307; x_wconf 89' lang='lat' dir='ltr'><strong>illud</strong></span> <span class='ocrx_word' id='word_1_683' title='bbox 1695 5293 1710 5318; x_wconf 91' lang='lat'><strong>,</strong></span> <span class='ocrx_word' id='word_1_684' title='bbox 1757 5252 1874 5307; x_wconf 89' lang='lat' dir='ltr'><strong>Uti-</strong></span> 
     </span>
    </p>
   </div>
   <div class='ocr_carea' id='block_1_87' title="bbox 280 5342 1879 5420">
    <p class='ocr_par' dir='ltr' id='par_1_87' title="bbox 280 5342 1879 5420">
     <span class='ocr_line' id='line_1_87' title="bbox 280 5342 1879 5420; baseline -0.004 -16"><span class='ocrx_word' id='word_1_685' title='bbox 280 5366 403 5420; x_wconf 68' lang='lat' dir='ltr'><strong>qua,</strong></span> <span class='ocrx_word' id='word_1_686' title='bbox 437 5349 588 5419; x_wconf 81' lang='lat' dir='ltr'><strong>quasi</strong></span> <span class='ocrx_word' id='word_1_687' title='bbox 620 5349 672 5402; x_wconf 92' lang='lat' dir='ltr'><strong>in</strong></span> <span class='ocrx_word' id='word_1_688' title='bbox 701 5345 950 5402; x_wconf 84' lang='lat' dir='ltr'><strong>confesso</strong></span> <span class='ocrx_word' id='word_1_689' title='bbox 974 5360 1198 5416; x_wconf 88' lang='lat' dir='ltr'><strong>ponens.</strong></span> <span class='ocrx_word' id='word_1_690' title='bbox 1228 5343 1303 5398; x_wconf 86' lang='lat' dir='ltr'><strong>Ne</strong></span> <span class='ocrx_word' id='word_1_691' title='bbox 1330 5344 1473 5397; x_wconf 89' lang='lat' dir='ltr'><strong>enim</strong></span> <span class='ocrx_word' id='word_1_692' title='bbox 1499 5353 1745 5412; x_wconf 89' lang='lat' dir='ltr'><strong>putarent</strong></span> <span class='ocrx_word' id='word_1_693' title='bbox 1775 5342 1879 5398; x_wconf 88' lang='lat' dir='ltr'><strong>hoc</strong></span> 
     </span>
    </p>
   </div>
   <div class='ocr_carea' id='block_1_88' title="bbox 293 5435 1877 5510">
    <p class='ocr_par' dir='ltr' id='par_1_88' title="bbox 293 5435 1877 5510">
     <span class='ocr_line' id='line_1_88' title="bbox 293 5435 1877 5510; baseline -0.004 -14"><span class='ocrx_word' id='word_1_694' title='bbox 293 5445 476 5510; x_wconf 80' lang='lat' dir='ltr'><strong>ipsum</strong></span> <span class='ocrx_word' id='word_1_695' title='bbox 523 5439 628 5495; x_wconf 84' lang='lat' dir='ltr'><strong>illis</strong></span> <span class='ocrx_word' id='word_1_696' title='bbox 668 5454 775 5493; x_wconf 89' lang='lat' dir='ltr'><strong>non</strong></span> <span class='ocrx_word' id='word_1_697' title='bbox 804 5437 1123 5506; x_wconf 65' lang='lat' dir='ltr'><strong>praecepisse</strong></span> <span class='ocrx_word' id='word_1_698' title='bbox 1160 5435 1311 5505; x_wconf 91' lang='lat' dir='ltr'><strong>quasi</strong></span> <span class='ocrx_word' id='word_1_699' title='bbox 1353 5435 1837 5505; x_wconf 88' lang='lat' dir='ltr'><strong>imperfectioribus</strong></span> <span class='ocrx_word' id='word_1_700' title='bbox 1864 5476 1877 5498; x_wconf 93' lang='lat'><strong>,</strong></span> 
     </span>
    </p>
   </div>
   <div class='ocr_carea' id='block_1_89' title="bbox 285 5527 1880 5603">
    <p class='ocr_par' dir='ltr' id='par_1_89' title="bbox 285 5527 1880 5603">
     <span class='ocr_line' id='line_1_89' title="bbox 285 5527 1880 5603; baseline -0.005 -14"><span class='ocrx_word' id='word_1_701' title='bbox 285 5544 346 5589; x_wconf 80' lang='lat' dir='ltr'><strong>et</strong></span> <span class='ocrx_word' id='word_1_702' title='bbox 393 5547 464 5589; x_wconf 84' lang='lat' dir='ltr'><strong>ne</strong></span> <span class='ocrx_word' id='word_1_703' title='bbox 509 5531 609 5603; x_wconf 83' lang='lat' dir='ltr'><strong>ipsi</strong></span> <span class='ocrx_word' id='word_1_704' title='bbox 641 5541 700 5587; x_wconf 88' lang='lat' dir='ltr'><strong>ut</strong></span> <span class='ocrx_word' id='word_1_705' title='bbox 749 5528 969 5601; x_wconf 87' lang='lat' dir='ltr'><strong>perfecti</strong></span> <span class='ocrx_word' id='word_1_706' title='bbox 1019 5528 1150 5583; x_wconf 88' lang='lat' dir='ltr'><strong>illud</strong></span> <span class='ocrx_word' id='word_1_707' title='bbox 1194 5528 1372 5583; x_wconf 88' lang='lat' dir='ltr'><strong>facere</strong></span> <span class='ocrx_word' id='word_1_708' title='bbox 1420 5527 1838 5597; x_wconf 78' lang='lat' dir='ltr'><strong>aggrederentur</strong></span> <span class='ocrx_word' id='word_1_709' title='bbox 1864 5567 1880 5592; x_wconf 88' lang='lat'><strong>,</strong></span> 
     </span>
    </p>
   </div>
   <div class='ocr_carea' id='block_1_90' title="bbox 286 5619 1881 5686">
    <p class='ocr_par' dir='ltr' id='par_1_90' title="bbox 286 5619 1881 5686">
     <span class='ocr_line' id='line_1_90' title="bbox 286 5619 1881 5686; baseline -0.004 -7"><span class='ocrx_word' id='word_1_710' title='bbox 286 5624 526 5680; x_wconf 77' lang='lat' dir='ltr'><strong>ostendit</strong></span> <span class='ocrx_word' id='word_1_711' title='bbox 553 5624 657 5680; x_wconf 86' lang='lat' dir='ltr'><strong>hoc</strong></span> <span class='ocrx_word' id='word_1_712' title='bbox 689 5623 801 5678; x_wconf 88' lang='lat' dir='ltr'><strong>fieri</strong></span> <span class='ocrx_word' id='word_1_713' title='bbox 830 5638 935 5676; x_wconf 89' lang='lat' dir='ltr'><strong>non</strong></span> <span class='ocrx_word' id='word_1_714' title='bbox 969 5635 1123 5686; x_wconf 84' lang='lat' dir='ltr'><strong>posse</strong></span> <span class='ocrx_word' id='word_1_715' title='bbox 1147 5661 1163 5686; x_wconf 91' lang='lat'><strong>,</strong></span> <span class='ocrx_word' id='word_1_716' title='bbox 1207 5619 1418 5676; x_wconf 82' lang='lat' dir='ltr'><strong>etiamsi</strong></span> <span class='ocrx_word' id='word_1_717' title='bbox 1442 5620 1495 5675; x_wconf 74' lang='lat' dir='ltr'><strong>id</strong></span> <span class='ocrx_word' id='word_1_718' title='bbox 1527 5621 1756 5674; x_wconf 76' lang='lat' dir='ltr'><strong>maxime</strong></span> <span class='ocrx_word' id='word_1_719' title='bbox 1785 5634 1881 5672; x_wconf 84' lang='lat' dir='ltr'><strong>ve-</strong></span> 
     </span>
    </p>
   </div>
   <div class='ocr_carea' id='block_1_91' title="bbox 291 5711 1883 5789">
    <p class='ocr_par' dir='ltr' id='par_1_91' title="bbox 291 5711 1883 5789">
     <span class='ocr_line' id='line_1_91' title="bbox 291 5711 1883 5789; baseline -0.004 -16"><span class='ocrx_word' id='word_1_720' title='bbox 291 5718 395 5773; x_wconf 79' lang='lat' dir='ltr'><strong>lint</strong></span> <span class='ocrx_word' id='word_1_721' title='bbox 439 5724 767 5789; x_wconf 28' lang='lat' dir='ltr'><strong>:Oporterct.</strong></span> <span class='ocrx_word' id='word_1_722' title='bbox 823 5715 966 5770; x_wconf 83' lang='lat' dir='ltr'><strong>enim</strong></span> <span class='ocrx_word' id='word_1_723' title='bbox 1010 5715 1168 5768; x_wconf 79' lang='lat' dir='ltr'><strong>alium</strong></span> <span class='ocrx_word' id='word_1_724' title='bbox 1217 5725 1398 5783; x_wconf 61' lang='lat' dir='ltr'><strong>quaeue</strong></span> <span class='ocrx_word' id='word_1_725' title='bbox 1507 5713 1712 5767; x_wconf 83' lang='lat' dir='ltr'><strong>orbem.</strong></span> <span class='ocrx_word' id='word_1_726' title='bbox 1756 5711 1883 5766; x_wconf 85' lang='lat' dir='ltr'><strong>Ideo</strong></span> 
     </span>
    </p>
   </div>
   <div class='ocr_carea' id='block_1_92' title="bbox 1946 3443 3534 3511">
    <p class='ocr_par' dir='ltr' id='par_1_92' title="bbox 1946 3443 3534 3511">
     <span class='ocr_line' id='line_1_92' title="bbox 1946 3443 3534 3511; baseline 0.004 -15"><span class='ocrx_word' id='word_1_727' title='bbox 1946 3443 2247 3511; x_wconf 78' lang='lat' dir='ltr'><strong>subjunxit:</strong></span> <span class='ocrx_word' id='word_1_728' title='bbox 2275 3443 2512 3500; x_wconf 78' lang='lat' dir='ltr'><strong>Alioquin</strong></span> <span class='ocrx_word' id='word_1_729' title='bbox 2535 3443 2818 3497; x_wconf 83' lang='lat' dir='ltr'><strong>debueratis</strong></span> <span class='ocrx_word' id='word_1_730' title='bbox 2841 3461 2902 3498; x_wconf 71' lang='lat' dir='ltr'><strong>ex</strong></span> <span class='ocrx_word' id='word_1_731' title='bbox 2922 3446 3109 3499; x_wconf 83' lang='lat' dir='ltr'><strong>mundo</strong></span> <span class='ocrx_word' id='word_1_732' title='bbox 3132 3447 3329 3503; x_wconf 75' lang='lat' dir='ltr'><strong>exiisse.</strong></span> <span class='ocrx_word' id='word_1_733' title='bbox 3348 3447 3534 3502; x_wconf 84' lang='lat' dir='ltr'><strong>Viden‘</strong></span> 
     </span>
    </p>
   </div>
   <div class='ocr_carea' id='block_1_93' title="bbox 1947 3535 3543 3609">
    <p class='ocr_par' dir='ltr' id='par_1_93' title="bbox 1947 3535 3543 3609">
     <span class='ocr_line' id='line_1_93' title="bbox 1947 3535 3543 3609; baseline 0.006 -27"><span class='ocrx_word' id='word_1_734' title='bbox 1947 3550 2104 3601; x_wconf 86' lang='lat' dir='ltr'><strong>quam</strong></span> <span class='ocrx_word' id='word_1_735' title='bbox 2132 3549 2236 3586; x_wconf 82' lang='lat' dir='ltr'><strong>non</strong></span> <span class='ocrx_word' id='word_1_736' title='bbox 2259 3535 2514 3588; x_wconf 84' lang='lat' dir='ltr'><strong>nmlestus</strong></span> <span class='ocrx_word' id='word_1_737' title='bbox 2530 3536 2596 3588; x_wconf 92' lang='lat' dir='ltr'><strong>sit</strong></span> <span class='ocrx_word' id='word_1_738' title='bbox 2621 3576 2635 3598; x_wconf 95' lang='lat'><strong>,</strong></span> <span class='ocrx_word' id='word_1_739' title='bbox 2660 3545 2712 3588; x_wconf 90' lang='lat' dir='ltr'><strong>et</strong></span> <span class='ocrx_word' id='word_1_740' title='bbox 2731 3537 2923 3605; x_wconf 91' lang='lat' dir='ltr'><strong>ubique</strong></span> <span class='ocrx_word' id='word_1_741' title='bbox 2948 3554 3050 3592; x_wconf 89' lang='lat' dir='ltr'><strong>non</strong></span> <span class='ocrx_word' id='word_1_742' title='bbox 3073 3539 3232 3592; x_wconf 89' lang='lat' dir='ltr'><strong>modo</strong></span> <span class='ocrx_word' id='word_1_743' title='bbox 3251 3541 3390 3609; x_wconf 86' lang='lat' dir='ltr'><strong>quod</strong></span> <span class='ocrx_word' id='word_1_744' title='bbox 3429 3542 3543 3593; x_wconf 82' lang='lat' dir='ltr'><strong>fieri</strong></span> 
     </span>
    </p>
   </div>
   <div class='ocr_carea' id='block_1_94' title="bbox 1950 3624 3541 3694">
    <p class='ocr_par' dir='ltr' id='par_1_94' title="bbox 1950 3624 3541 3694">
     <span class='ocr_line' id='line_1_94' title="bbox 1950 3624 3541 3694; baseline 0.005 -23"><span class='ocrx_word' id='word_1_745' title='bbox 1950 3625 2150 3689; x_wconf 87' lang='lat' dir='ltr'><strong>possit,</strong></span> <span class='ocrx_word' id='word_1_746' title='bbox 2174 3624 2265 3677; x_wconf 85' lang='lat' dir='ltr'><strong>sed</strong></span> <span class='ocrx_word' id='word_1_747' title='bbox 2288 3627 2445 3676; x_wconf 79' lang='lat' dir='ltr'><strong>etiam</strong></span> <span class='ocrx_word' id='word_1_748' title='bbox 2491 3624 2633 3691; x_wconf 89' lang='lat' dir='ltr'><strong>quod</strong></span> <span class='ocrx_word' id='word_1_749' title='bbox 2668 3625 2832 3678; x_wconf 85' lang='lat' dir='ltr'><strong>facile</strong></span> <span class='ocrx_word' id='word_1_750' title='bbox 2852 3626 2918 3676; x_wconf 89' lang='lat' dir='ltr'><strong>sit</strong></span> <span class='ocrx_word' id='word_1_751' title='bbox 2951 3626 3005 3677; x_wconf 91' lang='lat' dir='ltr'><strong>in</strong></span> <span class='ocrx_word' id='word_1_752' title='bbox 3038 3627 3155 3694; x_wconf 85' lang='lat' dir='ltr'><strong>lege</strong></span> <span class='ocrx_word' id='word_1_753' title='bbox 3186 3628 3396 3680; x_wconf 87' lang='lat' dir='ltr'><strong>ferenda</strong></span> <span class='ocrx_word' id='word_1_754' title='bbox 3428 3642 3541 3694; x_wconf 87' lang='lat' dir='ltr'><strong>per-</strong></span> 
     </span>
    </p>
   </div>
   <div class='ocr_carea' id='block_1_95' title="bbox 1949 3711 3545 3784">
    <p class='ocr_par' dir='ltr' id='par_1_95' title="bbox 1949 3711 3545 3784">
     <span class='ocr_line' id='line_1_95' title="bbox 1949 3711 3545 3784; baseline 0.005 -23"><span class='ocrx_word' id='word_1_755' title='bbox 1949 3711 2172 3776; x_wconf 85' lang='lat' dir='ltr'><strong>spiciat?</strong></span> <span class='ocrx_word' id='word_1_756' title='bbox 2198 3712 2475 3775; x_wconf 84' lang='lat' dir='ltr'><strong>Quomodo</strong></span> <span class='ocrx_word' id='word_1_757' title='bbox 2495 3713 2635 3763; x_wconf 91' lang='lat' dir='ltr'><strong>enim</strong></span> <span class='ocrx_word' id='word_1_758' title='bbox 2661 3720 2834 3779; x_wconf 86' lang='lat' dir='ltr'><strong>potest</strong></span> <span class='ocrx_word' id='word_1_759' title='bbox 2857 3712 3038 3776; x_wconf 87' lang='lat' dir='ltr'><strong>homo,</strong></span> <span class='ocrx_word' id='word_1_760' title='bbox 3061 3716 3252 3782; x_wconf 88' lang='lat' dir='ltr'><strong>inquit,</strong></span> <span class='ocrx_word' id='word_1_761' title='bbox 3276 3716 3364 3784; x_wconf 91' lang='lat' dir='ltr'><strong>qui</strong></span> <span class='ocrx_word' id='word_1_762' title='bbox 3382 3725 3436 3769; x_wconf 92' lang='lat' dir='ltr'><strong>et</strong></span> <span class='ocrx_word' id='word_1_763' title='bbox 3458 3715 3545 3769; x_wconf 85' lang='lat' dir='ltr'><strong>do-</strong></span> 
     </span>
    </p>
   </div>
   <div class='ocr_carea' id='block_1_96' title="bbox 1951 3799 3548 3874">
    <p class='ocr_par' dir='ltr' id='par_1_96' title="bbox 1951 3799 3548 3874">
     <span class='ocr_line' id='line_1_96' title="bbox 1951 3799 3548 3874; baseline 0.004 -24"><span class='ocrx_word' id='word_1_764' title='bbox 1951 3799 2058 3851; x_wconf 92' lang='lat' dir='ltr'><strong>mui</strong></span> <span class='ocrx_word' id='word_1_765' title='bbox 2086 3808 2134 3851; x_wconf 90' lang='lat' dir='ltr'><strong>et</strong></span> <span class='ocrx_word' id='word_1_766' title='bbox 2172 3800 2353 3852; x_wconf 88' lang='lat' dir='ltr'><strong>liberis</strong></span> <span class='ocrx_word' id='word_1_767' title='bbox 2379 3802 2684 3867; x_wconf 61' lang='lat' dir='ltr'><strong>prauticitnr,</strong></span> <span class='ocrx_word' id='word_1_768' title='bbox 2718 3810 2771 3855; x_wconf 89' lang='lat' dir='ltr'><strong>et</strong></span> <span class='ocrx_word' id='word_1_769' title='bbox 2797 3802 3028 3855; x_wconf 83' lang='lat' dir='ltr'><strong>civitatis</strong></span> <span class='ocrx_word' id='word_1_770' title='bbox 3051 3819 3271 3857; x_wconf 88' lang='lat' dir='ltr'><strong>munera</strong></span> <span class='ocrx_word' id='word_1_771' title='bbox 3305 3815 3548 3874; x_wconf 72' lang='lat' dir='ltr'><strong>prmstat,</strong></span> 
     </span>
    </p>
   </div>
   <div class='ocr_carea' id='block_1_97' title="bbox 1953 3891 3550 3963">
    <p class='ocr_par' dir='ltr' id='par_1_97' title="bbox 1953 3891 3550 3963">
     <span class='ocr_line' id='line_1_97' title="bbox 1953 3891 3550 3963; baseline 0.006 -20"><span class='ocrx_word' id='word_1_772' title='bbox 1953 3900 2044 3946; x_wconf 90' lang='lat' dir='ltr'><strong>aut</strong></span> <span class='ocrx_word' id='word_1_773' title='bbox 2065 3891 2154 3962; x_wconf 91' lang='lat' dir='ltr'><strong>qui</strong></span> <span class='ocrx_word' id='word_1_774' title='bbox 2174 3892 2363 3947; x_wconf 80' lang='lat' dir='ltr'><strong>artifex</strong></span> <span class='ocrx_word' id='word_1_775' title='bbox 2383 3895 2466 3949; x_wconf 86' lang='lat' dir='ltr'><strong>vel</strong></span> <span class='ocrx_word' id='word_1_776' title='bbox 2485 3894 2646 3948; x_wconf 82' lang='lat' dir='ltr'><strong>miles</strong></span> <span class='ocrx_word' id='word_1_777' title='bbox 2663 3896 2752 3958; x_wconf 91' lang='lat' dir='ltr'><strong>sit,</strong></span> <span class='ocrx_word' id='word_1_778' title='bbox 2776 3910 2896 3949; x_wconf 89' lang='lat' dir='ltr'><strong>cum</strong></span> <span class='ocrx_word' id='word_1_779' title='bbox 2920 3905 3023 3949; x_wconf 90' lang='lat' dir='ltr'><strong>tam</strong></span> <span class='ocrx_word' id='word_1_780' title='bbox 3049 3897 3198 3951; x_wconf 90' lang='lat' dir='ltr'><strong>multi</strong></span> <span class='ocrx_word' id='word_1_781' title='bbox 3222 3899 3326 3951; x_wconf 90' lang='lat' dir='ltr'><strong>sint</strong></span> <span class='ocrx_word' id='word_1_782' title='bbox 3342 3897 3512 3954; x_wconf 79' lang='lat' dir='ltr'><strong>Graeci</strong></span> <span class='ocrx_word' id='word_1_783' title='bbox 3533 3941 3550 3963; x_wconf 88' lang='lat'><strong>,</strong></span> 
     </span>
    </p>
   </div>
   <div class='ocr_carea' id='block_1_98' title="bbox 1956 3983 3550 4056">
    <p class='ocr_par' dir='ltr' id='par_1_98' title="bbox 1956 3983 3550 4056">
     <span class='ocr_line' id='line_1_98' title="bbox 1956 3983 3550 4056; baseline 0.006 -21"><span class='ocrx_word' id='word_1_784' title='bbox 1956 3983 2305 4038; x_wconf 83' lang='lat' dir='ltr'><strong>fornicatores</strong></span> <span class='ocrx_word' id='word_1_785' title='bbox 2327 3987 2416 4053; x_wconf 92' lang='lat' dir='ltr'><strong>qui</strong></span> <span class='ocrx_word' id='word_1_786' title='bbox 2441 3985 2636 4055; x_wconf 89' lang='lat' dir='ltr'><strong>ubique</strong></span> <span class='ocrx_word' id='word_1_787' title='bbox 2661 3995 2784 4040; x_wconf 87' lang='lat' dir='ltr'><strong>sunt</strong></span> <span class='ocrx_word' id='word_1_788' title='bbox 2805 3986 3018 4056; x_wconf 81' lang='lat' dir='ltr'><strong>fugere?</strong></span> <span class='ocrx_word' id='word_1_789' title='bbox 3039 3989 3387 4044; x_wconf 85' lang='lat' dir='ltr'><strong>fornicatores</strong></span> <span class='ocrx_word' id='word_1_790' title='bbox 3409 3993 3550 4045; x_wconf 88' lang='lat' dir='ltr'><strong>enim</strong></span> 
     </span>
    </p>
   </div>
   <div class='ocr_carea' id='block_1_99' title="bbox 1957 4073 3553 4142">
    <p class='ocr_par' dir='ltr' id='par_1_99' title="bbox 1957 4073 3553 4142">
     <span class='ocr_line' id='line_1_99' title="bbox 1957 4073 3553 4142; baseline 0.005 -18"><span class='ocrx_word' id='word_1_791' title='bbox 1957 4073 2139 4126; x_wconf 91' lang='lat' dir='ltr'><strong>mundi</strong></span> <span class='ocrx_word' id='word_1_792' title='bbox 2166 4085 2319 4125; x_wconf 89' lang='lat' dir='ltr'><strong>vocat</strong></span> <span class='ocrx_word' id='word_1_793' title='bbox 2343 4075 2491 4130; x_wconf 54' lang='lat' dir='ltr'><strong>illos.‘</strong></span> <span class='ocrx_word' id='word_1_794' title='bbox 2508 4078 2594 4142; x_wconf 90' lang='lat' dir='ltr'><strong>qui</strong></span> <span class='ocrx_word' id='word_1_795' title='bbox 2621 4077 2761 4142; x_wconf 89' lang='lat' dir='ltr'><strong>apud</strong></span> <span class='ocrx_word' id='word_1_796' title='bbox 2779 4077 2994 4132; x_wconf 58' lang='lat' dir='ltr'><strong>Graicos</strong></span> <span class='ocrx_word' id='word_1_797' title='bbox 3020 4088 3192 4131; x_wconf 78' lang='lat' dir='ltr'><strong>erant.</strong></span> <span class='ocrx_word' id='word_1_798' title='bbox 3217 4078 3371 4131; x_wconf 77' lang='lat' dir='ltr'><strong>Nunc</strong></span> <span class='ocrx_word' id='word_1_799' title='bbox 3388 4091 3553 4132; x_wconf 85' lang='lat' dir='ltr'><strong>autem</strong></span> 
     </span>
    </p>
   </div>
   <div class='ocr_carea' id='block_1_100' title="bbox 1959 4158 3555 4231">
    <p class='ocr_par' dir='ltr' id='par_1_100' title="bbox 1959 4158 3555 4231">
     <span class='ocr_line' id='line_1_100' title="bbox 1959 4158 3555 4231; baseline 0.006 -18"><span class='ocrx_word' id='word_1_800' title='bbox 1959 4161 2140 4230; x_wconf 83' lang='lat' dir='ltr'><strong>scripsi</strong></span> <span class='ocrx_word' id='word_1_801' title='bbox 2183 4162 2318 4215; x_wconf 83' lang='lat' dir='ltr'><strong>vobis</strong></span> <span class='ocrx_word' id='word_1_802' title='bbox 2342 4203 2356 4225; x_wconf 97' lang='lat'><strong>,</strong></span> <span class='ocrx_word' id='word_1_803' title='bbox 2404 4164 2447 4214; x_wconf 85' lang='lat' dir='ltr'><strong>si</strong></span> <span class='ocrx_word' id='word_1_804' title='bbox 2500 4164 2610 4230; x_wconf 84' lang='lat' dir='ltr'><strong>quis</strong></span> <span class='ocrx_word' id='word_1_805' title='bbox 2643 4158 2798 4231; x_wconf 79' lang='lat' dir='ltr'><strong>frater</strong></span> <span class='ocrx_word' id='word_1_806' title='bbox 2828 4166 2945 4217; x_wconf 81' lang='lat' dir='ltr'><strong>(alis</strong></span> <span class='ocrx_word' id='word_1_807' title='bbox 2987 4169 3051 4218; x_wconf 77' lang='lat' dir='ltr'><strong>sit</strong></span> <span class='ocrx_word' id='word_1_808' title='bbox 3076 4207 3089 4229; x_wconf 91' lang='lat'><strong>,</strong></span> <span class='ocrx_word' id='word_1_809' title='bbox 3145 4178 3199 4219; x_wconf 86' lang='lat' dir='ltr'><strong>ut</strong></span> <span class='ocrx_word' id='word_1_810' title='bbox 3227 4185 3340 4221; x_wconf 88' lang='lat' dir='ltr'><strong>cum</strong></span> <span class='ocrx_word' id='word_1_811' title='bbox 3372 4170 3462 4221; x_wconf 89' lang='lat' dir='ltr'><strong>illo</strong></span> <span class='ocrx_word' id='word_1_812' title='bbox 3493 4187 3555 4223; x_wconf 79' lang='lat' dir='ltr'><strong>ne</strong></span> 
     </span>
    </p>
   </div>
   <div class='ocr_carea' id='block_1_101' title="bbox 1960 4253 3553 4326">
    <p class='ocr_par' dir='ltr' id='par_1_101' title="bbox 1960 4253 3553 4326">
     <span class='ocr_line' id='line_1_101' title="bbox 1960 4253 3553 4326; baseline 0.007 -25"><span class='ocrx_word' id='word_1_813' title='bbox 1960 4253 2161 4319; x_wconf 88' lang='lat' dir='ltr'><strong>quidem</strong></span> <span class='ocrx_word' id='word_1_814' title='bbox 2187 4253 2479 4307; x_wconf 80' lang='lat' dir='ltr'><strong>comedetis.</strong></span> <span class='ocrx_word' id='word_1_815' title='bbox 2513 4254 2608 4307; x_wconf 85' lang='lat' dir='ltr'><strong>llic</strong></span> <span class='ocrx_word' id='word_1_816' title='bbox 2643 4254 2844 4308; x_wconf 85' lang='lat' dir='ltr'><strong>etalios</strong></span> <span class='ocrx_word' id='word_1_817' title='bbox 2872 4256 3169 4310; x_wconf 76' lang='lat' dir='ltr'><strong>subindicat</strong></span> <span class='ocrx_word' id='word_1_818' title='bbox 3197 4259 3248 4310; x_wconf 90' lang='lat' dir='ltr'><strong>in</strong></span> <span class='ocrx_word' id='word_1_819' title='bbox 3278 4258 3553 4326; x_wconf 79' lang='lat' dir='ltr'><strong>iniquitate</strong></span> 
     </span>
    </p>
   </div>
   <div class='ocr_carea' id='block_1_102' title="bbox 1962 4345 3551 4416">
    <p class='ocr_par' dir='ltr' id='par_1_102' title="bbox 1962 4345 3551 4416">
     <span class='ocr_line' id='line_1_102' title="bbox 1962 4345 3551 4416; baseline 0.006 -20"><span class='ocrx_word' id='word_1_820' title='bbox 1962 4345 2222 4399; x_wconf 89' lang='lat' dir='ltr'><strong>viventes.</strong></span> <span class='ocrx_word' id='word_1_821' title='bbox 2252 4345 2316 4399; x_wconf 88' lang='lat' dir='ltr'><strong>Et</strong></span> <span class='ocrx_word' id='word_1_822' title='bbox 2341 4346 2611 4416; x_wconf 87' lang='lat' dir='ltr'><strong>quomodo</strong></span> <span class='ocrx_word' id='word_1_823' title='bbox 2641 4346 2806 4401; x_wconf 88' lang='lat' dir='ltr'><strong>frater</strong></span> <span class='ocrx_word' id='word_1_824' title='bbox 2831 4364 2950 4402; x_wconf 89' lang='lat' dir='ltr'><strong>cum</strong></span> <span class='ocrx_word' id='word_1_825' title='bbox 2981 4350 3045 4404; x_wconf 85' lang='lat' dir='ltr'><strong>sit</strong></span> <span class='ocrx_word' id='word_1_826' title='bbox 3065 4393 3079 4416; x_wconf 93' lang='lat'><strong>,</strong></span> <span class='ocrx_word' id='word_1_827' title='bbox 3116 4350 3398 4405; x_wconf 89' lang='lat' dir='ltr'><strong>idololatra</strong></span> <span class='ocrx_word' id='word_1_828' title='bbox 3430 4366 3551 4406; x_wconf 82' lang='lat' dir='ltr'><strong>esse</strong></span> 
     </span>
    </p>
   </div>
   <div class='ocr_carea' id='block_1_103' title="bbox 1963 4437 3551 4510">
    <p class='ocr_par' dir='ltr' id='par_1_103' title="bbox 1963 4437 3551 4510">
     <span class='ocr_line' id='line_1_103' title="bbox 1963 4437 3551 4510; baseline 0.007 -25"><span class='ocrx_word' id='word_1_829' title='bbox 1963 4439 2181 4507; x_wconf 81' lang='lat' dir='ltr'><strong>potest?</strong></span> <span class='ocrx_word' id='word_1_830' title='bbox 2223 4437 2291 4492; x_wconf 92' lang='lat' dir='ltr'><strong>Ut</strong></span> <span class='ocrx_word' id='word_1_831' title='bbox 2332 4438 2469 4507; x_wconf 91' lang='lat' dir='ltr'><strong>apud</strong></span> <span class='ocrx_word' id='word_1_832' title='bbox 2500 4439 2866 4493; x_wconf 78' lang='lat' dir='ltr'><strong>Samaritanos</strong></span> <span class='ocrx_word' id='word_1_833' title='bbox 2903 4442 3126 4509; x_wconf 80' lang='lat' dir='ltr'><strong>contigit</strong></span> <span class='ocrx_word' id='word_1_834' title='bbox 3165 4443 3294 4494; x_wconf 89' lang='lat' dir='ltr'><strong>olim</strong></span> <span class='ocrx_word' id='word_1_835' title='bbox 3322 4482 3335 4505; x_wconf 92' lang='lat'><strong>,</strong></span> <span class='ocrx_word' id='word_1_836' title='bbox 3365 4443 3455 4510; x_wconf 89' lang='lat' dir='ltr'><strong>qui</strong></span> <span class='ocrx_word' id='word_1_837' title='bbox 3485 4459 3551 4496; x_wconf 79' lang='lat' dir='ltr'><strong>ex</strong></span> 
     </span>
    </p>
   </div>
   <div class='ocr_carea' id='block_1_104' title="bbox 1965 4529 3556 4600">
    <p class='ocr_par' dir='ltr' id='par_1_104' title="bbox 1965 4529 3556 4600">
     <span class='ocr_line' id='line_1_104' title="bbox 1965 4529 3556 4600; baseline 0.002 -18"><span class='ocrx_word' id='word_1_838' title='bbox 1965 4529 2182 4582; x_wconf 83' lang='lat' dir='ltr'><strong>dimidia</strong></span> <span class='ocrx_word' id='word_1_839' title='bbox 2213 4538 2359 4597; x_wconf 89' lang='lat' dir='ltr'><strong>parte</strong></span> <span class='ocrx_word' id='word_1_840' title='bbox 2387 4530 2524 4597; x_wconf 90' lang='lat' dir='ltr'><strong>piam</strong></span> <span class='ocrx_word' id='word_1_841' title='bbox 2568 4529 2878 4597; x_wconf 82' lang='lat' dir='ltr'><strong>religionem</strong></span> <span class='ocrx_word' id='word_1_842' title='bbox 2910 4531 3251 4582; x_wconf 78' lang='lat' dir='ltr'><strong>sectabantur</strong></span> <span class='ocrx_word' id='word_1_843' title='bbox 3277 4547 3288 4581; x_wconf 90' lang='lat'>:</span> <span class='ocrx_word' id='word_1_844' title='bbox 3318 4533 3556 4600; x_wconf 74' lang='lat' dir='ltr'><strong>alioquin</strong></span> 
     </span>
    </p>
   </div>
   <div class='ocr_carea' id='block_1_105' title="bbox 1966 4619 3556 4685">
    <p class='ocr_par' dir='ltr' id='par_1_105' title="bbox 1966 4619 3556 4685">
     <span class='ocr_line' id='line_1_105' title="bbox 1966 4619 3556 4685; baseline 0.003 -11"><span class='ocrx_word' id='word_1_845' title='bbox 1966 4622 2128 4674; x_wconf 83' lang='lat' dir='ltr'><strong>etiam</strong></span> <span class='ocrx_word' id='word_1_846' title='bbox 2175 4620 2582 4672; x_wconf 79' lang='lat' dir='ltr'><strong>funtlameutum</strong></span> <span class='ocrx_word' id='word_1_847' title='bbox 2611 4619 2742 4685; x_wconf 80' lang='lat' dir='ltr'><strong>jacit</strong></span> <span class='ocrx_word' id='word_1_848' title='bbox 2784 4619 2943 4672; x_wconf 84' lang='lat' dir='ltr'><strong>futuri</strong></span> <span class='ocrx_word' id='word_1_849' title='bbox 2982 4621 3248 4674; x_wconf 86' lang='lat' dir='ltr'><strong>sermonis</strong></span> <span class='ocrx_word' id='word_1_850' title='bbox 3281 4621 3349 4676; x_wconf 89' lang='lat' dir='ltr'><strong>de</strong></span> <span class='ocrx_word' id='word_1_851' title='bbox 3382 4622 3556 4678; x_wconf 88' lang='lat' dir='ltr'><strong>idolo-</strong></span> 
     </span>
    </p>
   </div>
   <div class='ocr_carea' id='block_1_106' title="bbox 1968 4708 3554 4786">
    <p class='ocr_par' dir='ltr' id='par_1_106' title="bbox 1968 4708 3554 4786">
     <span class='ocr_line' id='line_1_106' title="bbox 1968 4708 3554 4786; baseline 0.004 -25"><span class='ocrx_word' id='word_1_852' title='bbox 1968 4712 2132 4786; x_wconf 60' lang='lat' dir='ltr'><strong>thytis</strong></span> <span class='ocrx_word' id='word_1_853' title='bbox 2157 4753 2171 4775; x_wconf 98' lang='lat'><strong>,</strong></span> <span class='ocrx_word' id='word_1_854' title='bbox 2225 4725 2379 4779; x_wconf 90' lang='lat' dir='ltr'><strong>quem</strong></span> <span class='ocrx_word' id='word_1_855' title='bbox 2408 4710 2503 4762; x_wconf 75' lang='lat' dir='ltr'><strong>sub</strong></span> <span class='ocrx_word' id='word_1_856' title='bbox 2531 4708 2645 4764; x_wconf 81' lang='lat' dir='ltr'><strong>h.cc</strong></span> <span class='ocrx_word' id='word_1_857' title='bbox 2673 4711 3016 4765; x_wconf 69' lang='lat' dir='ltr'><strong>instituturus</strong></span> <span class='ocrx_word' id='word_1_858' title='bbox 3052 4723 3152 4766; x_wconf 76' lang='lat' dir='ltr'><strong>est.</strong></span> <span class='ocrx_word' id='word_1_859' title='bbox 3195 4713 3297 4766; x_wconf 80' lang='lat' dir='ltr'><strong>Aut</strong></span> <span class='ocrx_word' id='word_1_860' title='bbox 3343 4731 3554 4770; x_wconf 87' lang='lat' dir='ltr'><strong>avarus.</strong></span> 
     </span>
    </p>
   </div>
   <div class='ocr_carea' id='block_1_107' title="bbox 1969 4801 3542 4872">
    <p class='ocr_par' dir='ltr' id='par_1_107' title="bbox 1969 4801 3542 4872">
     <span class='ocr_line' id='line_1_107' title="bbox 1969 4801 3542 4872; baseline 0.001 -14"><span class='ocrx_word' id='word_1_861' title='bbox 1969 4803 2097 4858; x_wconf 85' lang='lat' dir='ltr'><strong>Nam</strong></span> <span class='ocrx_word' id='word_1_862' title='bbox 2125 4801 2379 4854; x_wconf 86' lang='lat' dir='ltr'><strong>adversus</strong></span> <span class='ocrx_word' id='word_1_863' title='bbox 2411 4801 2508 4854; x_wconf 81' lang='lat' dir='ltr'><strong>hos</strong></span> <span class='ocrx_word' id='word_1_864' title='bbox 2536 4812 2838 4855; x_wconf 85' lang='lat' dir='ltr'><strong>certaturus</strong></span> <span class='ocrx_word' id='word_1_865' title='bbox 2864 4816 2943 4856; x_wconf 85' lang='lat' dir='ltr'><strong>est</strong></span> <span class='ocrx_word' id='word_1_866' title='bbox 2971 4820 2984 4866; x_wconf 93' lang='lat'><strong>;</strong></span> <span class='ocrx_word' id='word_1_867' title='bbox 3033 4804 3258 4872; x_wconf 86' lang='lat' dir='ltr'><strong>ideoque</strong></span> <span class='ocrx_word' id='word_1_868' title='bbox 3287 4804 3498 4859; x_wconf 91' lang='lat' dir='ltr'><strong>diccbat</strong></span> <span class='ocrx_word' id='word_1_869' title='bbox 3528 4849 3542 4870; x_wconf 91' lang='lat'><strong>,</strong></span> 
     </span>
    </p>
   </div>
   <div class='ocr_carea' id='block_1_108' title="bbox 1971 4891 3560 4964">
    <p class='ocr_par' dir='ltr' id='par_1_108' title="bbox 1971 4891 3560 4964">
     <span class='ocr_line' id='line_1_108' title="bbox 1971 4891 3560 4964; baseline 0.004 -20"><span class='ocrx_word' id='word_1_870' title='bbox 1971 4893 2075 4946; x_wconf 77' lang='lat' dir='ltr'><strong>Cur</strong></span> <span class='ocrx_word' id='word_1_871' title='bbox 2104 4907 2203 4944; x_wconf 83' lang='lat' dir='ltr'><strong>non</strong></span> <span class='ocrx_word' id='word_1_872' title='bbox 2236 4891 2400 4959; x_wconf 86' lang='lat' dir='ltr'><strong>potius</strong></span> <span class='ocrx_word' id='word_1_873' title='bbox 2427 4893 2671 4962; x_wconf 84' lang='lat' dir='ltr'><strong>injuriam</strong></span> <span class='ocrx_word' id='word_1_874' title='bbox 2698 4894 2978 4961; x_wconf 80' lang='lat' dir='ltr'><strong>patimini?</strong></span> <span class='ocrx_word' id='word_1_875' title='bbox 3000 4893 3104 4946; x_wconf 80' lang='lat' dir='ltr'><strong>Cur</strong></span> <span class='ocrx_word' id='word_1_876' title='bbox 3130 4912 3229 4949; x_wconf 80' lang='lat' dir='ltr'><strong>non</strong></span> <span class='ocrx_word' id='word_1_877' title='bbox 3261 4897 3560 4964; x_wconf 75' lang='lat' dir='ltr'><strong>privamini.’</strong></span> 
     </span>
    </p>
   </div>
   <div class='ocr_carea' id='block_1_109' title="bbox 1973 4981 3552 5058">
    <p class='ocr_par' dir='ltr' id='par_1_109' title="bbox 1973 4981 3552 5058">
     <span class='ocr_line' id='line_1_109' title="bbox 1973 4981 3552 5058; baseline 0.004 -21"><span class='ocrx_word' id='word_1_878' title='bbox 1973 4983 2060 5037; x_wconf 75' lang='lat' dir='ltr'><strong>sed</strong></span> <span class='ocrx_word' id='word_1_879' title='bbox 2085 4998 2171 5035; x_wconf 84' lang='lat' dir='ltr'><strong>vos</strong></span> <span class='ocrx_word' id='word_1_880' title='bbox 2201 4984 2440 5053; x_wconf 86' lang='lat' dir='ltr'><strong>injuriam</strong></span> <span class='ocrx_word' id='word_1_881' title='bbox 2471 4984 2640 5050; x_wconf 71' lang='lat' dir='ltr'><strong>facitis</strong></span> <span class='ocrx_word' id='word_1_882' title='bbox 2666 4995 2709 5036; x_wconf 83' lang='lat' dir='ltr'><strong>et</strong></span> <span class='ocrx_word' id='word_1_883' title='bbox 2742 4981 2947 5052; x_wconf 83' lang='lat' dir='ltr'><strong>privatis</strong></span> <span class='ocrx_word' id='word_1_884' title='bbox 2993 4985 3085 5053; x_wconf 84' lang='lat' dir='ltr'><strong>(t.</strong></span> <span class='ocrx_word' id='word_1_885' title='bbox 3119 4985 3238 5041; x_wconf 76' lang='lat' dir='ltr'><strong>Cor.</strong></span> <span class='ocrx_word' id='word_1_886' title='bbox 3291 4989 3345 5041; x_wconf 76' lang='grc' dir='ltr'><strong>θ.</strong></span> <span class='ocrx_word' id='word_1_887' title='bbox 3379 4988 3434 5043; x_wconf 86' lang='lat'><strong>7.</strong></span> <span class='ocrx_word' id='word_1_888' title='bbox 3465 4989 3499 5043; x_wconf 83' lang='lat'><strong>8</strong></span> <span class='ocrx_word' id='word_1_889' title='bbox 3535 4992 3552 5058; x_wconf 94' lang='lat'>)</span> 
     </span>
    </p>
   </div>
   <div class='ocr_carea' id='block_1_110' title="bbox 1975 5072 3570 5145">
    <p class='ocr_par' dir='ltr' id='par_1_110' title="bbox 1975 5072 3570 5145">
     <span class='ocr_line' id='line_1_110' title="bbox 1975 5072 3570 5145; baseline 0.006 -19"><span class='ocrx_word' id='word_1_890' title='bbox 1975 5074 2070 5126; x_wconf 80' lang='lat' dir='ltr'><strong>Aut</strong></span> <span class='ocrx_word' id='word_1_891' title='bbox 2100 5073 2343 5127; x_wconf 82' lang='lat' dir='ltr'><strong>ebriosus.</strong></span> <span class='ocrx_word' id='word_1_892' title='bbox 2387 5072 2515 5125; x_wconf 84' lang='lat' dir='ltr'><strong>Nam</strong></span> <span class='ocrx_word' id='word_1_893' title='bbox 2547 5078 2644 5126; x_wconf 85' lang='lat' dir='ltr'><strong>hac</strong></span> <span class='ocrx_word' id='word_1_894' title='bbox 2672 5089 2884 5145; x_wconf 86' lang='lat' dir='ltr'><strong>quoque</strong></span> <span class='ocrx_word' id='word_1_895' title='bbox 2910 5073 2977 5128; x_wconf 89' lang='lat' dir='ltr'><strong>de</strong></span> <span class='ocrx_word' id='word_1_896' title='bbox 3017 5091 3075 5129; x_wconf 91' lang='lat' dir='ltr'><strong>re</strong></span> <span class='ocrx_word' id='word_1_897' title='bbox 3102 5088 3317 5132; x_wconf 84' lang='lat' dir='ltr'><strong>accusat</strong></span> <span class='ocrx_word' id='word_1_898' title='bbox 3369 5080 3421 5134; x_wconf 91' lang='lat' dir='ltr'><strong>in</strong></span> <span class='ocrx_word' id='word_1_899' title='bbox 3479 5097 3570 5134; x_wconf 88' lang='lat' dir='ltr'><strong>se-</strong></span> 
     </span>
    </p>
   </div>
   <div class='ocr_carea' id='block_1_111' title="bbox 1975 5164 3571 5237">
    <p class='ocr_par' dir='ltr' id='par_1_111' title="bbox 1975 5164 3571 5237">
     <span class='ocr_line' id='line_1_111' title="bbox 1975 5164 3571 5237; baseline 0.006 -20"><span class='ocrx_word' id='word_1_900' title='bbox 1975 5165 2260 5234; x_wconf 87' lang='lat' dir='ltr'><strong>quentibus</strong></span> <span class='ocrx_word' id='word_1_901' title='bbox 2281 5206 2294 5228; x_wconf 92' lang='lat'><strong>,</strong></span> <span class='ocrx_word' id='word_1_902' title='bbox 2347 5171 2406 5217; x_wconf 89' lang='lat' dir='ltr'><strong>ut</strong></span> <span class='ocrx_word' id='word_1_903' title='bbox 2431 5179 2551 5217; x_wconf 89' lang='lat' dir='ltr'><strong>cum</strong></span> <span class='ocrx_word' id='word_1_904' title='bbox 2579 5164 2709 5218; x_wconf 88' lang='lat' dir='ltr'><strong>dicit</strong></span> <span class='ocrx_word' id='word_1_905' title='bbox 2755 5182 2769 5218; x_wconf 89' lang='lat'><strong>:</strong></span> <span class='ocrx_word' id='word_1_906' title='bbox 2803 5164 2946 5219; x_wconf 79' lang='lat' dir='ltr'><strong>Alius</strong></span> <span class='ocrx_word' id='word_1_907' title='bbox 2973 5167 3174 5235; x_wconf 84' lang='lat' dir='ltr'><strong>quidem</strong></span> <span class='ocrx_word' id='word_1_908' title='bbox 3206 5169 3360 5222; x_wconf 82' lang='lat' dir='ltr'><strong>esurit</strong></span> <span class='ocrx_word' id='word_1_909' title='bbox 3386 5211 3403 5237; x_wconf 92' lang='lat'><strong>,</strong></span> <span class='ocrx_word' id='word_1_910' title='bbox 3436 5172 3571 5226; x_wconf 85' lang='lat' dir='ltr'><strong>alius</strong></span> 
     </span>
    </p>
   </div>
   <div class='ocr_carea' id='block_1_112' title="bbox 1977 5253 3572 5328">
    <p class='ocr_par' dir='ltr' id='par_1_112' title="bbox 1977 5253 3572 5328">
     <span class='ocr_line' id='line_1_112' title="bbox 1977 5253 3572 5328; baseline 0.005 -20"><span class='ocrx_word' id='word_1_911' title='bbox 1977 5265 2140 5308; x_wconf 81' lang='lat' dir='ltr'><strong>autem</strong></span> <span class='ocrx_word' id='word_1_912' title='bbox 2188 5255 2352 5309; x_wconf 84' lang='lat' dir='ltr'><strong>ebrius</strong></span> <span class='ocrx_word' id='word_1_913' title='bbox 2382 5264 2457 5309; x_wconf 81' lang='lat' dir='ltr'><strong>est</strong></span> <span class='ocrx_word' id='word_1_914' title='bbox 2490 5256 2508 5322; x_wconf 91' lang='lat'><strong>(</strong></span> <span class='ocrx_word' id='word_1_915' title='bbox 2537 5256 2561 5309; x_wconf 80' lang='grc'><strong>1</strong></span> <span class='ocrx_word' id='word_1_916' title='bbox 2597 5253 2733 5310; x_wconf 86' lang='lat' dir='ltr'><strong>.Cor.</strong></span> <span class='ocrx_word' id='word_1_917' title='bbox 2763 5257 2848 5309; x_wconf 77' lang='lat' dir='ltr'><strong>ll.</strong></span> <span class='ocrx_word' id='word_1_918' title='bbox 2885 5256 2946 5309; x_wconf 67' lang='lat'><strong>2|</strong></span> <span class='ocrx_word' id='word_1_919' title='bbox 2979 5257 2998 5328; x_wconf 90' lang='lat'><strong>)</strong></span> <span class='ocrx_word' id='word_1_920' title='bbox 3033 5275 3046 5310; x_wconf 88' lang='lat'><strong>:</strong></span> <span class='ocrx_word' id='word_1_921' title='bbox 3078 5267 3130 5311; x_wconf 89' lang='lat' dir='ltr'><strong>et</strong></span> <span class='ocrx_word' id='word_1_922' title='bbox 3151 5298 3165 5323; x_wconf 94' lang='lat'><strong>,</strong></span> <span class='ocrx_word' id='word_1_923' title='bbox 3203 5258 3346 5312; x_wconf 68' lang='lat' dir='ltr'><strong>Esca:</strong></span> <span class='ocrx_word' id='word_1_924' title='bbox 3367 5265 3526 5316; x_wconf 74' lang='lat' dir='ltr'><strong>ventri</strong></span> <span class='ocrx_word' id='word_1_925' title='bbox 3555 5299 3572 5321; x_wconf 84' lang='lat'><strong>.</strong></span> 
     </span>
    </p>
   </div>
   <div class='ocr_carea' id='block_1_113' title="bbox 1979 5333 3566 5418">
    <p class='ocr_par' dir='ltr' id='par_1_113' title="bbox 1979 5333 3566 5418">
     <span class='ocr_line' id='line_1_113' title="bbox 1979 5333 3566 5418; baseline 0.004 -19"><span class='ocrx_word' id='word_1_926' title='bbox 1979 5355 2024 5400; x_wconf 83' lang='lat' dir='ltr'><strong>et</strong></span> <span class='ocrx_word' id='word_1_927' title='bbox 2052 5356 2220 5398; x_wconf 82' lang='lat' dir='ltr'><strong>venter</strong></span> <span class='ocrx_word' id='word_1_928' title='bbox 2263 5348 2388 5399; x_wconf 85' lang='lat' dir='ltr'><strong>escis</strong></span> <span class='ocrx_word' id='word_1_929' title='bbox 2422 5345 2519 5417; x_wconf 77' lang='lat' dir='ltr'><strong>(l.</strong></span> <span class='ocrx_word' id='word_1_930' title='bbox 2562 5345 2684 5401; x_wconf 86' lang='lat' dir='ltr'><strong>Cor.</strong></span> <span class='ocrx_word' id='word_1_931' title='bbox 2735 5346 2787 5402; x_wconf 90' lang='grc'><strong>6.</strong></span> <span class='ocrx_word' id='word_1_932' title='bbox 2842 5347 2907 5400; x_wconf 81' lang='grc'><strong>15</strong></span> <span class='ocrx_word' id='word_1_933' title='bbox 3019 5349 3120 5400; x_wconf 84' lang='lat' dir='ltr'><strong>Aut</strong></span> <span class='ocrx_word' id='word_1_934' title='bbox 3170 5333 3446 5405; x_wconf 85' lang='lat' dir='ltr'><strong>maledicus</strong></span> <span class='ocrx_word' id='word_1_935' title='bbox 3483 5369 3566 5405; x_wconf 75' lang='lat' dir='ltr'><strong>am</strong></span> 
     </span>
    </p>
   </div>
   <div class='ocr_carea' id='block_1_114' title="bbox 1980 5438 3588 5511">
    <p class='ocr_par' dir='ltr' id='par_1_114' title="bbox 1980 5438 3588 5511">
     <span class='ocr_line' id='line_1_114' title="bbox 1980 5438 3588 5511; baseline 0.002 -20"><span class='ocrx_word' id='word_1_936' title='bbox 1980 5456 2164 5509; x_wconf 75' lang='lat' dir='ltr'><strong>rapax.</strong></span> <span class='ocrx_word' id='word_1_937' title='bbox 2217 5439 2349 5494; x_wconf 84' lang='lat' dir='ltr'><strong>Nam</strong></span> <span class='ocrx_word' id='word_1_938' title='bbox 2379 5448 2432 5494; x_wconf 88' lang='lat' dir='ltr'><strong>et</strong></span> <span class='ocrx_word' id='word_1_939' title='bbox 2460 5438 2559 5494; x_wconf 91' lang='lat' dir='ltr'><strong>hos</strong></span> <span class='ocrx_word' id='word_1_940' title='bbox 2585 5454 2746 5510; x_wconf 89' lang='lat' dir='ltr'><strong>supra</strong></span> <span class='ocrx_word' id='word_1_941' title='bbox 2772 5454 2985 5509; x_wconf 91' lang='lat' dir='ltr'><strong>quoque</strong></span> <span class='ocrx_word' id='word_1_942' title='bbox 3011 5440 3322 5511; x_wconf 78' lang='lat' dir='ltr'><strong>increpavit.</strong></span> <span class='ocrx_word' id='word_1_943' title='bbox 3370 5442 3588 5510; x_wconf 80' lang='lat' dir='ltr'><strong>Deinde</strong></span> 
     </span>
    </p>
   </div>
   <div class='ocr_carea' id='block_1_115' title="bbox 1983 5529 3570 5600">
    <p class='ocr_par' dir='ltr' id='par_1_115' title="bbox 1983 5529 3570 5600">
     <span class='ocr_line' id='line_1_115' title="bbox 1983 5529 3570 5600; baseline 0.002 -16"><span class='ocrx_word' id='word_1_944' title='bbox 1983 5531 2142 5584; x_wconf 89' lang='lat' dir='ltr'><strong>etiam</strong></span> <span class='ocrx_word' id='word_1_945' title='bbox 2194 5543 2410 5584; x_wconf 86' lang='lat' dir='ltr'><strong>causam</strong></span> <span class='ocrx_word' id='word_1_946' title='bbox 2460 5529 2638 5595; x_wconf 86' lang='lat' dir='ltr'><strong>addit,</strong></span> <span class='ocrx_word' id='word_1_947' title='bbox 2691 5530 2760 5585; x_wconf 92' lang='lat' dir='ltr'><strong>ob</strong></span> <span class='ocrx_word' id='word_1_948' title='bbox 2812 5545 2968 5600; x_wconf 82' lang='lat' dir='ltr'><strong>quam</strong></span> <span class='ocrx_word' id='word_1_949' title='bbox 3003 5546 3109 5584; x_wconf 92' lang='lat' dir='ltr'><strong>non</strong></span> <span class='ocrx_word' id='word_1_950' title='bbox 3156 5530 3402 5600; x_wconf 88' lang='lat' dir='ltr'><strong>prohibet</strong></span> <span class='ocrx_word' id='word_1_951' title='bbox 3449 5546 3570 5587; x_wconf 82' lang='lat' dir='ltr'><strong>cuni</strong></span> 
     </span>
    </p>
   </div>
   <div class='ocr_carea' id='block_1_116' title="bbox 1989 5619 3570 5691">
    <p class='ocr_par' dir='ltr' id='par_1_116' title="bbox 1989 5619 3570 5691">
     <span class='ocr_line' id='line_1_116' title="bbox 1989 5619 3570 5691; baseline 0.001 -17"><span class='ocrx_word' id='word_1_952' title='bbox 1989 5621 2261 5686; x_wconf 80' lang='lat' dir='ltr'><strong>externis,</strong></span> <span class='ocrx_word' id='word_1_953' title='bbox 2292 5620 2382 5691; x_wconf 90' lang='lat' dir='ltr'><strong>qui</strong></span> <span class='ocrx_word' id='word_1_954' title='bbox 2411 5620 2546 5675; x_wconf 87' lang='lat' dir='ltr'><strong>tales</strong></span> <span class='ocrx_word' id='word_1_955' title='bbox 2573 5620 2703 5685; x_wconf 91' lang='lat' dir='ltr'><strong>sint,</strong></span> <span class='ocrx_word' id='word_1_956' title='bbox 2735 5619 3075 5685; x_wconf 85' lang='lat' dir='ltr'><strong>commisceri</strong></span> <span class='ocrx_word' id='word_1_957' title='bbox 3101 5635 3117 5686; x_wconf 87' lang='lat'><strong>;</strong></span> <span class='ocrx_word' id='word_1_958' title='bbox 3149 5620 3436 5676; x_wconf 87' lang='lat' dir='ltr'><strong>ostendens</strong></span> <span class='ocrx_word' id='word_1_959' title='bbox 3466 5638 3570 5676; x_wconf 86' lang='lat' dir='ltr'><strong>non</strong></span> 
     </span>
    </p>
   </div>
   <div class='ocr_carea' id='block_1_117' title="bbox 1987 5711 3560 5784">
    <p class='ocr_par' dir='ltr' id='par_1_117' title="bbox 1987 5711 3560 5784">
     <span class='ocr_line' id='line_1_117' title="bbox 1987 5711 3560 5784; baseline -0.001 -16"><span class='ocrx_word' id='word_1_960' title='bbox 1987 5712 2146 5770; x_wconf 89' lang='lat' dir='ltr'><strong>modo</strong></span> <span class='ocrx_word' id='word_1_961' title='bbox 2170 5713 2220 5770; x_wconf 91' lang='lat' dir='ltr'><strong>id</strong></span> <span class='ocrx_word' id='word_1_962' title='bbox 2249 5728 2355 5767; x_wconf 93' lang='lat' dir='ltr'><strong>non</strong></span> <span class='ocrx_word' id='word_1_963' title='bbox 2382 5711 2495 5768; x_wconf 84' lang='lat' dir='ltr'><strong>fleri</strong></span> <span class='ocrx_word' id='word_1_964' title='bbox 2520 5726 2701 5779; x_wconf 86' lang='lat' dir='ltr'><strong>posse.</strong></span> <span class='ocrx_word' id='word_1_965' title='bbox 2732 5712 2826 5766; x_wconf 86' lang='lat' dir='ltr'><strong>sed</strong></span> <span class='ocrx_word' id='word_1_966' title='bbox 2853 5714 3016 5766; x_wconf 82' lang='lat' dir='ltr'><strong>etiam</strong></span> <span class='ocrx_word' id='word_1_967' title='bbox 3043 5711 3369 5784; x_wconf 80' lang='lat' dir='ltr'><strong>superﬂuum</strong></span> <span class='ocrx_word' id='word_1_968' title='bbox 3401 5728 3522 5769; x_wconf 83' lang='lat' dir='ltr'><strong>esse</strong></span> <span class='ocrx_word' id='word_1_969' title='bbox 3550 5732 3560 5777; x_wconf 90' lang='lat'>;</span> 
     </span>
    </p>
   </div>
  </div>
