4070 6322
570 344 665 400 131

573 455 658 509 η.
703 450 839 522 Quid
892 447 1025 507 enim
1065 445 1187 499 mihi
1230 446 1292 497 de
1329 445 1392 499 iis
1418 444 1503 512 qui
1545 444 1671 510 {oris
1714 450 1831 494 sunt
1867 438 2153 507 judicare?

571 558 665 599 eos
692 541 783 613 qui
811 541 952 595 intus
989 547 1044 593 et
1073 536 1163 605 qui
1195 534 1322 590 foris
1360 542 1489 589 sunt
1512 530 1849 587 Christianus
1872 544 2071 583 vocans
2099 540 2157 583 et

571 632 785 691 Graecos
814 647 830 684 :
860 640 918 685 ut
960 638 1015 685 et
1059 626 1183 681 alibi
1223 626 1295 679 ait
1328 642 1342 678 :
1374 624 1585 694 Oportet
1620 632 1785 675 autem
1824 622 1970 675 illum
2002 631 2050 674 et
2080 629 2158 673 te-

573 721 863 777 stimonium
897 718 1080 771 habere
1107 716 1289 769 bonum
1314 714 1377 767 ab
1403 714 1463 768 iis
1482 713 1569 783 qui
1598 713 1723 781 foris
1760 720 1877 765 sunt
1918 710 1993 780 (Ι.
2023 708 2155 762 Tim.

570 802 622 871 δ.
662 815 761 883 7).
802 812 871 867 Et
915 790 969 863 iii
997 807 1221 879 epistola
1264 805 1332 859 ad
1378 803 1886 859 Thessalonicenses
1927 801 2156 870 idipsum

574 905 702 961 dicit
752 896 838 957 liis
882 899 1062 956 verbis
1109 896 1236 952 :Ne
1275 895 1698 951 connnisceomini
1742 911 1858 948 cum
1902 894 2014 962 ipso
2041 934 2054 956 ,
2105 901 2159 945 ut

571 977 913 1067 confundatur
942 1006 959 1047 .'
990 1000 1044 1046 et
1066 1032 1081 1057 ,
1117 988 1289 1043 Nolite
1326 998 1378 1041 ut
1415 987 1671 1040 inimicum
1699 985 1989 1040 existimare
2014 1020 2030 1048 ,
2071 980 2160 1035 sed

576 1087 843 1141 admonete
884 1092 937 1137 ut
984 1083 1189 1151 fratrem
1218 1080 1294 1149 (2.
1323 1078 1504 1133 Thess.
1533 1077 1586 1131 5.
1621 1077 1704 1131 Η.
1735 1076 1845 1144 15).
1874 1074 1971 1129 llic
1997 1087 2160 1143 porro

574 1193 789 1235 cansam
822 1192 926 1231 non
951 1176 1121 1247 ponit.
1150 1172 1349 1241 Quare?
1371 1170 1503 1237 Quia
1530 1170 1637 1224 illic
1657 1168 1870 1238 quidem
1893 1165 2159 1221 consolari

575 1270 823 1337 volebat,
872 1269 957 1324 hic
989 1282 1119 1321 vero
1148 1281 1254 1321 non
1297 1265 1446 1319 item.
1506 1262 1619 1316 Non
1666 1262 1807 1314 enim
1854 1260 1996 1314 idem
2019 1272 2161 1313 nunc

575 1373 848 1434 peccatum
891 1368 975 1415 est
1016 1357 1159 1427 quod
1206 1356 1315 1410 illic
1344 1363 1496 1416 erat,
1541 1352 1636 1407 sed
1692 1352 1800 1405 illic
1832 1353 2008 1405 mimis
2043 1367 2056 1403 :
2090 1348 2160 1404 de

574 1456 683 1511 otio
712 1454 853 1510 enim
882 1452 988 1505 illic
1017 1452 1304 1505 accusabat
1328 1488 1344 1513 ,
1376 1447 1462 1501 hic
1481 1445 1551 1500 de
1581 1444 1932 1499 fornicatione
1959 1452 2011 1496 et
2039 1442 2162 1496 aliis

574 1546 903 1619 gravissimis
933 1542 1183 1613 peccatis.
1219 1540 1287 1593 Et
1311 1539 1356 1592 si
1398 1538 1518 1608 quis
1553 1535 1771 1592 Graecus
1817 1534 1964 1589 adire
1993 1534 2119 1587 velit
2141 1574 2157 1598 ,

576 1656 682 1695 non
705 1636 953 1709 prohibet
979 1650 1099 1689 cum
1130 1634 1232 1688 illis
1257 1631 1541 1687 comedere
1563 1673 1578 1696 ,
1617 1630 1687 1683 ob
1736 1628 1979 1683 eamdem
2010 1624 2161 1681 vide-

576 1731 703 1785 licet
728 1742 960 1781 causam.
1012 1727 1099 1780 Sic
1129 1734 1181 1779 et
1224 1740 1321 1779 nos
1352 1738 1565 1792 quoque
1609 1720 1831 1775 facimus
1866 1737 1878 1772 :
1914 1734 2010 1789 pro
2039 1719 2160 1773 filiis

576 1831 632 1876 et
659 1819 909 1873 fratribus
935 1817 1064 1871 nihil
1093 1831 1198 1869 non
1226 1813 1476 1880 agimus,
1514 1812 1813 1865 alienorum
1846 1819 2021 1861 autem
2054 1821 2161 1862 non

576 1925 820 1977 magnam
852 1908 1109 1963 rationem
1134 1904 1412 1958 habemus.
1442 1902 1577 1968 Quid
1602 1901 1755 1969 ergo?
1780 1907 2031 1953 externos
2056 1913 2162 1953 non

576 1995 797 2059 curabat
838 1998 1071 2057 Paulus?
1110 1996 1387 2051 Curabat:
1438 1994 1533 2048 sed
1569 2002 1849 2063 postquam
1897 1990 2159 2059 praedica-

578 2097 779 2151 tionem
802 2097 1138 2161 acceperant,
1173 2096 1227 2143 et
1249 2084 1450 2141 Christi
1477 2098 1597 2139 sese
1626 2082 1885 2137 doctrina:
1910 2081 2161 2149 subjece-

576 2201 732 2256 rant,
777 2197 905 2245 tunc
950 2186 1054 2241 illis
1094 2184 1240 2254 leges
1287 2166 1449 2235 dabat
1492 2197 1505 2233 :
1557 2177 1810 2246 quamdiu
1861 2186 2040 2230 autem
2088 2175 2161 2229 illi

577 2280 967 2352 despiciebant,
988 2274 1317 2345 superﬂuum
1337 2272 1544 2334 fuisset,
1566 2270 1670 2324 illis
1688 2277 1947 2337 prtecepta
1962 2264 2160 2320 Christi

576 2371 819 2446 proferre
838 2410 852 2433 ,
884 2367 972 2438 qui
1003 2381 1070 2421 ne
1099 2364 1366 2420 Christum
1396 2360 1610 2432 quidem
1642 2365 1921 2414 noverant.
1976 2354 2164 2409 Nonne

575 2466 641 2519 de
666 2465 749 2526 iis.
773 2461 861 2531 qui
890 2460 1026 2513 intus
1050 2466 1188 2520 sunt,
1217 2471 1303 2509 vos
1321 2452 1568 2524 judicatis
1591 2451 1615 2503 .9
1647 2450 1731 2504 l5.
1758 2447 1859 2503 Eos
1884 2457 2053 2501 autem
2077 2447 2163 2516 qui

576 2558 704 2629 [oris
723 2562 838 2611 sunt
860 2550 997 2605 Deus
1005 2546 1275 2620 judicabit.
1298 2544 1583 2615 Postquam
1602 2542 1745 2596 enim
1766 2540 1997 2606 dixerat,
2022 2536 2161 2603 Quid

576 2647 701 2702 milii
726 2647 788 2701 de
814 2645 898 2710 iis,
925 2642 1009 2709 qui
1040 2639 1163 2709 {oris
1191 2645 1346 2701 sunt,
1382 2634 1620 2702 judicare
1640 2632 1666 2685 .’
1713 2646 1781 2685 ne
1806 2630 1926 2701 quis
1954 2636 2164 2699 putaret

575 2739 701 2794 illos
749 2735 1039 2805 impunitos
1078 2727 1347 2797 relinqui,
1389 2724 1530 2779 aliud
1566 2723 1671 2777 illis
1718 2722 1905 2776 statuit
1931 2717 2162 2774 tribunal

577 2826 838 2885 terribile.
866 2824 977 2877 lloe
1003 2828 1181 2874 autem
1209 2818 1365 2882 dixit,
1394 2826 1503 2868 tum
1533 2823 1585 2867 ut
1613 2813 1731 2867 illos
1762 2819 2019 2875 terreret,
2050 2820 2161 2864 tum

578 2930 635 2975 ut
662 2918 760 2973 hos
801 2915 1169 2970 consolaretur
1196 2951 1208 2974 ,
1258 2918 1309 2964 et
1341 2906 1577 2961 ostendit
1625 2905 1765 2959 hanc
1810 2902 2161 2974 temporalem

577 3011 907 3083 punitionem
956 3006 1023 3060 ab
1065 3014 1264 3057 mterna
1294 3008 1349 3055 et
1376 3007 1629 3068 perpetua
1659 2998 1867 3065 eripere
1894 3012 1911 3061 ;
1938 2993 2080 3065 quod
2109 3001 2165 3050 et

577 3101 703 3158 alibi
728 3094 1036 3154 dEclarabat
1063 3093 1146 3147 his
1174 3091 1353 3146 verbis
1387 3106 1399 3141 :
1432 3088 1581 3141 Nunc
1607 3097 1775 3140 autem
1802 3085 2040 3169 .judicati
2075 3101 2164 3138 ca-

585 3192 856 3261 stigantur,
888 3195 943 3240 ut
988 3202 1086 3238 non
1113 3200 1225 3236 cum
1252 3184 1441 3235 mundo
1466 3179 1763 3231 damnemur
1785 3178 1803 3249 (
1827 3178 1877 3230 l.
1920 3175 2039 3230 Cor.
2072 3177 2161 3233 Η.

581 3280 689 3350 52)
719 3321 734 3343 ,
765 3290 818 3333 ct
844 3318 860 3343 ,
904 3279 1110 3346 Auferte
1142 3276 1331 3329 malum
1358 3288 1420 3327 ea:
1440 3271 1575 3325 vobis
1602 3272 1725 3339 ipsis
1750 3270 1769 3340 (
1796 3268 1948 3322 Deut.
1993 3265 2169 3336 i7.7).

650 3371 707 3427 Ξ.
751 3369 988 3423 Meminit
1009 3368 1138 3421 dicti
1165 3367 1306 3435 quod
1339 3366 1392 3417 in
1422 3363 1589 3417 veteri
1616 3361 1755 3429 Lege
1784 3360 1973 3425 fertur,
2006 3357 2167 3412 simul

580 3459 867 3519 ostendens
896 3454 1039 3526 quod
1071 3455 1167 3522 ipsi
1190 3453 1415 3506 maxima
1445 3452 1553 3502 sint
1581 3450 1855 3509 lucraturi,
1885 3458 1992 3500 uta
2019 3454 2169 3514 peste

581 3551 806 3626 quadam
830 3534 974 3620 gravi
1000 3542 1207 3599 liberati
1235 3559 1249 3607 ;
1282 3537 1439 3594 simul
1466 3535 1758 3592 ostendens
1782 3536 1881 3587 huc
1908 3550 2012 3587 non
2042 3548 2166 3589 esse

584 3643 1002 3703 innovationem,
1024 3647 1075 3691 et
1091 3642 1200 3707 jam
1225 3634 1352 3689 olim
1374 3647 1404 3686 a
1428 3630 1731 3700 legislatore
1752 3627 1919 3681 visum
1970 3626 2163 3691 fuisse,

584 3737 645 3789 ut
680 3733 767 3802 qui
795 3732 925 3788 tales
950 3738 1131 3783 essent
1173 3722 1611 3781 exscinderentur
1659 3738 1673 3775 :
1704 3719 1797 3774 sed
1826 3720 1931 3774 illic
1955 3718 2168 3788 quidem

584 3819 955 3880 vehementius
978 3857 993 3882 ,
1034 3817 1121 3869 hic
1160 3829 1285 3867 vero
1312 3814 1657 3866 mansuetius.
1686 3811 2026 3876 Quapropter
2049 3809 2172 3876 jure

587 3919 791 3984 quaeat
816 3907 1027 3977 aliquis,
1059 3919 1153 3960 cur
1185 3912 1309 3955 tunc
1338 3899 1554 3969 quidem
1582 3913 1702 3951 eum
1730 3898 1819 3966 qui
1853 3887 2174 3965 peccavei‘at

591 4001 764 4075 puniri
795 4009 848 4053 et
877 3996 1105 4067 lapidari
1156 3992 1525 4062 permitteret;
1568 3987 1655 4041 hic
1684 4001 1811 4041 vero
1849 4001 1954 4040 non
2006 3986 2167 4050 item,

593 4093 689 4151 sed
718 4092 865 4147 illum
896 4088 960 4142 ad
994 4085 1354 4156 pmnilenliam
1386 4089 1562 4135 vocet.
1593 4078 1701 4135 Cur
1728 4093 1857 4148 ergo
1881 4077 2033 4132 aliter
2061 4076 2171 4143 illa,

590 4186 746 4240 aliter
791 4184 890 4237 ista
934 4176 1393 4235 ell'urmabantnr?
1436 4174 1518 4229 οι)
1560 4174 1692 4227 duas
1737 4172 1897 4227 hasce.
1944 4186 2170 4237 causas;

595 4279 817 4347 primam
849 4274 967 4343 quia
1001 4273 1065 4324 ad
1113 4270 1283 4336 majus
1324 4275 1594 4321 certamen
1625 4264 1678 4317 bi
1706 4263 2037 4318 ducebantur
2062 4305 2080 4334 ,
2119 4271 2174 4317 et

594 4366 780 4434 majori
809 4363 988 4417 animo
1018 4371 1071 4414 et
1098 4357 1349 4428 patientia
1382 4367 1516 4423 opus
1547 4351 1811 4406 habebant
1836 4368 1853 4415 ;
1884 4353 2171 4407 secundam

595 4469 771 4513 autem
794 4455 1075 4515 veriorem,
1100 4450 1220 4520 quia
1244 4447 1297 4501 hi
1315 4445 1529 4516 quidem
1550 4443 1617 4497 ab
1639 4441 1951 4510 impunitate
1974 4441 2177 4496 facilius

598 4525 1001 4613 corrigebantur
1063 4540 1127 4594 ad
1173 4536 1540 4610 paenitentiam
1586 4533 1899 4597 venientes,
1934 4530 2005 4583 illi
2049 4545 2177 4585 vero

594 4639 659 4693 ad
702 4636 957 4705 majorem
986 4631 1275 4699 nequitiam
1307 4627 1556 4695 irrepturi
1586 4634 1759 4680 erant.
1792 4623 1921 4679 Nam
1954 4625 2000 4677 si
2028 4632 2176 4690 post-

592 4743 750 4799 quam
784 4725 984 4795 primos
1014 4720 1225 4791 punitos
1253 4717 1495 4772 viderant
1524 4758 1537 4781 ,
1570 4717 1623 4769 in
1656 4716 1842 4771 iisdem
1873 4730 2179 4786 persevera-

594 4821 757 4884 bant;
786 4817 829 4870 si
862 4815 1129 4869 neminem
1160 4808 1399 4881 punitum
1428 4806 1714 4873 vidissent,
1746 4808 2099 4879 multomagis
2125 4806 2177 4861 id

594 4908 783 4965 facturi
813 4914 986 4962 erant.
1031 4904 1153 4958 Ideo
1185 4901 1292 4977 illic
1317 4898 1563 4953 adultero
1594 4908 1649 4952 et
1678 4898 1959 4953 homicida:
1995 4899 2175 4953 statim

594 5016 739 5058 mors
768 4998 1025 5062 infertur;
1061 4996 1146 5050 hic
1177 5007 1301 5048 vero
1323 5034 1337 5057 ,
1380 4998 1426 5046 si
1469 5006 1563 5061 per
1604 4992 1972 5061 pmnitentiam
2000 4991 2178 5045 absol-

594 5102 806 5155 vantur,
854 5087 1171 5157 supplicium
1217 5083 1533 5153 effugerunt.
1583 5083 1845 5137 Caeterum
1886 5082 2047 5137 etiam
2090 5081 2178 5135 hic

593 5182 990 5239 vehementiora
1015 5219 1030 5245 ,
1060 5188 1115 5232 et
1138 5177 1188 5230 in
1222 5176 1399 5232 Veteri
1430 5174 1644 5229 mitiora
1672 5175 1853 5229 videas
1878 5174 2133 5243 supplicia
2160 5214 2175 5239 ,

603 5285 660 5327 ut
683 5288 778 5342 per
806 5271 984 5325 omnia
1016 5267 1329 5323 ostendatur
1356 5266 1672 5336 cognatione
1710 5266 1887 5337 juncta
1915 5280 2035 5320 esse
2071 5265 2177 5320 Te-

601 5371 863 5419 stamenta
879 5370 933 5416 et
954 5362 1107 5415 unius
1128 5358 1619 5427 ejusdemqueesse
1642 5357 1957 5427 legislatoris
1981 5374 1993 5421 ;
2023 5365 2179 5423 atque

594 5466 648 5511 et
680 5455 766 5508 hic
791 5463 841 5507 et
870 5453 977 5507 illic
1001 5452 1257 5521 supplicia
1280 5464 1311 5505 e
1337 5450 1561 5521 vestigio
1582 5450 1760 5519 sequi;
1789 5464 2039 5518 Saepeque
2064 5458 2181 5518 post

596 5547 823 5603 multum
865 5544 1121 5612 temporis
1150 5544 1202 5596 in
1235 5552 1457 5611 utroque
1483 5582 1496 5603 ,
1544 5556 1689 5609 smpe
1728 5541 1889 5595 etiam
1918 5556 2027 5595 non
2062 5549 2181 5609 post

596 5637 816 5689 multum
858 5635 1146 5705 temporis;
1198 5632 1291 5685 sed
1334 5634 1499 5685 Deum
1544 5631 1852 5701 pmnitentia
1881 5630 1996 5686 sola
2040 5645 2177 5685 con-

600 5731 802 5778 tentum
831 5740 964 5780 esse.
1004 5724 1132 5777 Nam
1162 5724 1211 5776 in
1243 5720 1419 5776 Veteri
1444 5736 1563 5777 cum
1595 5722 1756 5777 David
1780 5725 1832 5779 in
1856 5724 2179 5781 adulterium

1275 334 1331 389 5.
1371 328 1645 387 JOANNIS
1682 323 2151 384 CllliYSOSTOMl

2272 323 2509 381 llililEP.
2550 323 3079 381 CONSTANTINOP.
3743 327 3859 382 ιτς.

2273 438 2545 492 incidisset
2569 448 2624 494 et
2650 438 2853 492 ca-dem
2885 448 3145 508 patrasset
3167 481 3183 508 ,
3217 454 3313 512 per
3342 442 3705 512 ptenttcntiam
3732 459 3867 498 scr-

2268 539 2419 583 vatus
2450 540 2568 593 est;
2616 538 2673 584 et
2719 530 2772 583 in
2820 528 2999 595 Novo,
3051 545 3173 585 cum
3205 546 3369 599 pauca
3415 548 3481 590 ex
3526 536 3638 604 agri
3680 534 3867 604 pretio

2265 620 2644 675 substraxisset
2686 622 2957 687 Ananias,
3004 635 3127 676 cum
3174 635 3338 677 uxore
3366 624 3547 692 periit.
3601 624 3751 692 Quod
3807 623 3865 678 si

2266 712 2567 780 hujusmodi
2599 713 2750 783 plura
2775 714 3129 768 observantur
3160 714 3215 769 in
3245 713 3464 781 Veteri,
3491 724 3547 771 et
3572 716 3859 770 contraria

2264 804 2417 873 plura
2455 804 2507 859 in
2532 802 2682 858 Novo
2709 845 2725 870 ,
2776 803 3077 859 ddiercntia
3112 819 3465 874 personarum
3490 805 3865 863 differentiam

2269 898 2387 951 talis
2414 898 2728 953 teconomire
2750 896 2916 953 efﬁcit
2940 897 3224 971 (Cap.6).i.
3245 898 3411 952 Audet
3424 897 3607 967 aliquis
3632 909 3865 954 van-sm

2265 988 2503 1041 adversus
2521 992 2729 1057 fratrem
2751 1004 2895 1041 suum
2919 988 3105 1042 [tabem
3129 989 3383 1060 negotium
3402 1029 3417 1048 .
3464 989 3692 1061 iudicari
3710 989 3866 1059 apud

2265 1079 2481 1149 iniquos,
2509 1089 2556 1133 et
2582 1096 2682 1133 non
2703 1080 2841 1149 apud
2868 1088 3067 1133 sanctos
3085 1078 3111 1132 .’
3138 1078 3235 1134 Hic
3259 1087 3421 1135 etiam
3450 1081 3858 1134 accusationem

2267 1170 2469 1225 inducit
2515 1186 2699 1225 eorum
2751 1186 2870 1240 qua:
2914 1170 2968 1225 in
2993 1167 3238 1224 confesso
3272 1179 3445 1224 erant.
3491 1171 3701 1226 Etenim
3744 1170 3861 1225 illic

2265 1262 2477 1318 diccbat
2502 1280 2515 1316 :
2549 1262 2769 1317 Omnino
2791 1262 3001 1317 auditur
3025 1262 3078 1315 in
3107 1260 3242 1315 vobis
3267 1262 3579 1329 fornicatio;
3624 1273 3683 1319 et
3721 1262 3804 1316 hic
3834 1304 3856 1327 ,

2267 1352 2432 1407 Audet
2458 1354 2569 1421 quis
2596 1354 2646 1406 in
2675 1352 2810 1407 vobis
2831 1353 2857 1406 7
2880 1353 3057 1408 statim
3085 1367 3113 1406 a
3140 1351 3402 1422 principio
3422 1351 3553 1405 iram
3583 1352 3853 1416 iudicans,

2266 1453 2321 1499 et
2344 1444 2633 1499 ostendens
2659 1444 2831 1498 audax
2864 1453 2919 1498 et
2959 1444 3198 1513 iniquum
3238 1456 3360 1498 esse
3388 1441 3617 1497 facinus.
3664 1443 3725 1496 Et
3754 1457 3857 1496 cur

2266 1536 2447 1606 injecit
2472 1552 2775 1592 sermonem
2824 1536 2891 1590 de
2938 1536 3160 1591 avaritia
3201 1544 3257 1590 et
3298 1533 3441 1607 quod
3468 1549 3573 1589 non
3602 1544 3859 1604 Oporteat

2265 1629 2396 1684 foris
2416 1628 2679 1697 judicari?
2721 1627 2881 1682 Suam
2930 1626 3159 1695 impleas
3204 1625 3377 1695 legem
3410 1640 3573 1681 :nam
3611 1640 3732 1681 mos
3777 1627 3854 1679 illi

2265 1732 2383 1777 erat
2426 1736 2487 1775 ca
2535 1735 2651 1790 qua:
2700 1718 3002 1773 incidebant
3044 1716 3374 1782 emendare;
3422 1724 3481 1770 ut
3510 1712 3735 1786 quando
3782 1716 3855 1771 de

2265 1801 2639 1868 communibus
2664 1810 2864 1875 mensis
2888 1809 3180 1874 disserens,
3214 1808 3266 1861 in
3293 1821 3605 1864 sermonem
3631 1807 3701 1862 de
3730 1822 3854 1877 my-

2267 1905 2451 1959 steriis
2483 1903 2751 1975 digressus
2780 1912 2881 1957 est.
2918 1902 2985 1957 Et
3028 1901 3113 1956 hic
3161 1899 3322 1971 igitur
3349 1940 3365 1965 ,
3414 1900 3535 1969 quia
3569 1898 3638 1953 de
3672 1904 3853 1954 avaris

2266 1994 2519 2049 fratribus
2556 1994 2881 2049 mentionem
2926 1992 3069 2057 fecit,
3104 1992 3321 2047 fervens
3348 1989 3417 2045 ob
3441 2005 3625 2045 curam
3654 2004 3856 2044 emen-

2266 2086 2495 2140 datiunis
2526 2090 2889 2154 peccatorum,
2917 2084 3160 2138 ordinem
3184 2097 3402 2137 servare
3433 2096 3539 2137 non
3570 2081 3807 2136 sustinet
3835 2096 3851 2144 ;

2266 2179 2359 2234 sed
2389 2178 2531 2247 quod
2574 2192 2639 2231 ex
2677 2178 3025 2248 consequenti
3071 2177 3124 2231 in
3164 2175 3400 2232 medium
3429 2175 3719 2231 adductum
3762 2186 3858 2232 est

2268 2279 2563 2341 peccatum,
2590 2286 2774 2325 rursus
2793 2268 3064 2335 emendat,
3088 2276 3143 2324 et
3163 2269 3245 2323 sic
3265 2266 3333 2322 ad
3364 2266 3511 2336 prius
3534 2268 3854 2323 revertitur.

2266 2361 2560 2417 Audiamus
2584 2377 2712 2432 ergo
2748 2361 2875 2433 quid
2900 2361 2966 2416 de
2995 2360 3097 2416 hoc
3126 2359 3289 2415 etiam
3318 2358 3463 2414 dicat
3493 2376 3507 2412 :
3553 2360 3720 2413 Audet
3743 2361 3856 2413 ali-

2265 2455 2377 2527 quis
2404 2464 2620 2509 oestrum
2647 2454 2833 2509 habens
2858 2454 3114 2524 negotium
3140 2452 3379 2506 adversus
3407 2456 3617 2522 [patrem
3645 2492 3660 2514 ,
3702 2452 3856 2524 judi-

2266 2547 2373 2600 cari
2398 2545 2540 2615 apud
2565 2545 2797 2615 iniquos,
2846 2554 2894 2598 et
2920 2560 3021 2599 non
3055 2544 3197 2613 apud
3236 2552 3438 2599 sanctos
3460 2544 3486 2598 .’
3524 2542 3741 2598 Interim
3777 2559 3852 2598 ex

2266 2635 2567 2691 nominibus
2596 2650 2711 2689 rem
2736 2634 2935 2704 aperit,
2965 2643 3020 2690 et
3056 2636 3249 2691 avertit
3292 2644 3349 2690 et
3391 2640 3629 2689 accusat.
3670 2633 3739 2689 Et
3777 2634 3857 2687 ab

2266 2727 2417 2782 initio
2443 2726 2656 2797 quidem
2696 2741 2809 2781 non
2847 2727 3040 2781 evertit
3081 2726 3373 2795 judicium,
3420 2726 3561 2797 quod
3608 2725 3666 2780 fit
3703 2726 3853 2795 apud

2266 2818 2453 2874 fideles
2486 2835 2499 2871 :
2532 2826 2808 2889 postquam
2837 2828 3014 2873 autem
3043 2816 3164 2873 illos
3190 2814 3374 2872 multis
3397 2818 3687 2881 exterruit,
3719 2827 3857 2874 tunc

2265 2907 2758 2979 omninojudicium
2779 2906 3084 2977 hujusmodi
3104 2906 3347 2963 abstulit.
3365 2906 3593 2963 Maxime
3606 2907 3855 2979 quidem,

2268 3002 2458 3073 inquit,
2483 3000 2527 3055 si
2548 2999 2787 3071 judicare
2806 3007 3039 3070 oportet,
3066 2999 3204 3070 apud
3224 2998 3436 3069 iniquos
3457 3014 3562 3053 non
3585 3000 3857 3069 oportuit;

2265 3093 2485 3149 omnino
2508 3102 2685 3147 autem
2712 3107 2817 3147 non
2864 3100 3077 3161 Oportet
3101 3090 3353 3162 judicari.
3378 3090 3499 3147 Sed
3532 3092 3634 3147 hoc
3662 3098 3860 3163 postea

2264 3179 2424 3251 ponit
2450 3199 2465 3236 :
2494 3182 2706 3236 interim
2738 3196 2863 3236 vero
2894 3182 3066 3251 primo
3096 3180 3244 3237 itLde
3275 3181 3453 3237 medio
3483 3181 3620 3236 tollit
3648 3224 3664 3249 ,
3698 3192 3755 3235 ut
3785 3199 3863 3238 ne

2266 3268 2395 3327 foris
2414 3271 2739 3341 judicentur.
2762 3272 3042 3340 Quomodo
3063 3273 3208 3326 enim
3232 3287 3335 3325 non
3360 3270 3651 3325 absurdum
3670 3272 3859 3333 fuerit.

2269 3361 2527 3416 adversus
2572 3363 2800 3415 amicum
2838 3361 3251 3430 disceptantem,
3291 3360 3562 3414 inimicum
3609 3363 3864 3431 accipere

2270 3450 2669 3504 conciliatorem
2695 3490 2711 3515 ,
2757 3450 2963 3517 inquit?
3004 3449 3276 3519 quomodo
3319 3463 3426 3503 non
3471 3460 3523 3505 te
3550 3450 3716 3521 pudet
3753 3466 3862 3507 nec

2272 3541 2543 3595 erubescis
2564 3579 2581 3607 ,
2612 3554 2734 3594 cum
2760 3540 2977 3595 Graecus
3001 3539 3155 3595 sedet
3174 3536 3537 3595 Christianum
3559 3540 3807 3611 judicans
3837 3543 3864 3596 2

2272 3634 2326 3689 Si
2354 3642 2528 3689 autem
2551 3634 2618 3689 de
2639 3634 2797 3688 rebus
2818 3632 3038 3704 privatis
3063 3649 3169 3690 non
3190 3644 3404 3708 oportet
3425 3652 3454 3691 a
3479 3636 3685 3693 Grzecis
3700 3637 3858 3708 judi-

2273 3728 2417 3793 cari,
2462 3726 2730 3797 quomodo
2762 3726 2889 3796 ipsis
2917 3742 3004 3781 res
3044 3726 3275 3794 majores
3313 3729 3751 3783 con-mittemus?
3790 3728 3865 3782 Et

2275 3817 2394 3869 vide
2420 3816 2689 3885 quomodo
2717 3816 2963 3883 loquatur
2992 3832 3006 3866 :
3041 3830 3146 3868 non
3173 3814 3346 3878 dixit,
3379 3816 3535 3884 Apud
3567 3815 3811 3869 infideles
3838 3858 3859 3879 ,
3910 3868 3915 3871 ,

2276 3905 2371 3959 sed
2395 3946 2410 3968 ,
2440 3906 2589 3973 Apud
2617 3905 2811 3970 iniquos
2835 3944 2850 3966 .
2895 3918 3028 3958 voce
3055 3904 3143 3957 illa
3173 3918 3300 3958 usus
3325 3919 3427 3974 qua
3456 3906 3691 3959 maxime
3721 3920 3863 3975 Opus

2278 3994 2502 4050 habebat
2534 3996 2585 4049 in
2614 3993 2890 4065 proposito
2919 4004 3235 4064 argumento
3256 4035 3271 4061 ,
3300 4005 3356 4049 ut
3396 4006 3659 4051 averteret
3686 3997 3868 4051 abdu-

2277 4096 2543 4157 cerelque.
2585 4086 2721 4155 Quia
2747 4087 2889 4142 enim
2920 4087 2987 4141 de
3008 4086 3211 4157 judicio
3235 4101 3413 4142 sermo
3445 4088 3542 4159 ipsi
3574 4098 3730 4154 erat;
3765 4092 3862 4159 qui

2280 4178 2727 4247 verojudicantur
2754 4178 2879 4233 nihil
2912 4178 3050 4233 adeo
3081 4177 3396 4249 requirunt,
3425 4195 3583 4251 quam
3610 4193 3667 4235 ut
3694 4182 3865 4236 multa

2274 4272 2401 4340 justi
2431 4286 2558 4325 cura
2580 4279 2635 4323 et
2660 4270 2795 4323 ratio
2815 4269 3072 4324 habeatur
3100 4286 3129 4322 a
3151 4271 3513 4339 judicautibus
3547 4287 3560 4323 :
3589 4273 3717 4329 inde
3738 4274 3866 4329 illos

2278 4360 2503 4423 avertit,
2549 4356 2933 4427 prOpemodum
2978 4357 3163 4411 dicens
3208 4358 3374 4426 :Quo
3413 4364 3590 4431 pergis
3639 4372 3693 4417 et
3734 4363 3865 4432 quid

2280 4449 2448 4511 facis,
2500 4447 2682 4511 horno,
2714 4446 3053 4503 contrarium
3082 4448 3288 4513 patiens
3326 4464 3513 4503 eorum
3553 4466 3673 4520 qua:
3716 4451 3868 4505 desi-

2280 4540 2436 4593 deras
2459 4580 2474 4603 ,
2503 4548 2554 4593 et
2576 4547 2633 4592 ut
2651 4538 2909 4605 justitiam
2930 4536 3253 4606 assequaris,
3278 4538 3347 4590 ad
3374 4538 3585 4609 iniquus
3614 4544 3867 4597 homines

2284 4642 2335 4684 te
2362 4630 2667 4685 convertis?
2696 4632 2759 4683 Et
2785 4632 2906 4698 quia
2936 4630 3113 4681 statim
3141 4628 3422 4683 molestum
3450 4629 3643 4687 fuisset
3672 4636 3867 4690 audire

2283 4735 2389 4774 non
2434 4721 2631 4789 judicio
2676 4719 3077 4789 disceptandum
3158 4733 3318 4785 esse,
3384 4734 3491 4774 non
3528 4723 3709 4775 statim
3766 4724 3871 4781 hoc

2284 4812 2529 4900 indugit,
2581 4812 2676 4867 sed
2756 4810 3057 4879 judicanlcs
3112 4810 3284 4865 solum
3341 4812 3604 4876 mutavit,
3660 4813 3728 4866 ab
3769 4828 3869 4868 es-

2287 4904 2450 4958 ternis
2481 4905 2532 4957 iu
2551 4902 2847 4957 Ecclesium
2872 4902 3127 4957 inducens
3148 4918 3243 4957 eos
3268 4902 3360 4971 qui
3382 4902 3657 4971 jndicandi
3688 4914 3861 4959 erant.

2285 4994 2487 5049 Deinde
2512 4993 2633 5062 quia
2662 5001 2969 5062 contemptu
2993 4996 3209 5064 dignum
3238 4993 3515 5049 videbatur
3538 5010 3679 5064 esse,
3714 4999 3784 5053 ab
3803 4999 3867 5053 iis

2282 5088 2373 5157 qui
2402 5087 2542 5140 intus
2570 5093 2722 5139 erant
2742 5084 2969 5153 jndicari
2992 5126 3010 5151 ,
3038 5096 3093 5140 et
3124 5095 3251 5139 tunc
3283 5086 3512 5141 maxime
3546 5087 3693 5159 (non
3716 5089 3870 5145 enim

2284 5187 2437 5232 erant
2475 5177 2715 5231 fortassis
2751 5176 2923 5230 idonei
2966 5178 3031 5232 ad
3066 5192 3178 5233 rem
3227 5177 3620 5250 intelligendam
3649 5222 3666 5248 ,
3700 5194 3890 5250 neque

2287 5269 2420 5323 tales
2444 5268 2629 5337 quales
2668 5277 2821 5324 erant
2860 5271 3067 5325 externi
3108 5268 3351 5339 judices,
3395 5271 3572 5342 legum
3618 5273 3776 5342 periti
3819 5286 3884 5327 et

2286 5361 2502 5427 diserti,
2530 5369 2716 5429 utpote
2739 5360 2828 5431 qui
2866 5375 2931 5417 ex
2964 5362 3187 5431 privatis
3226 5369 3282 5416 et
3312 5363 3544 5419 indoctis
3580 5366 3867 5436 quamplu-

2287 5453 2406 5508 rimi
2434 5452 2652 5521 essent)
2685 5464 2701 5507 :
2736 5452 2857 5506 vide
2886 5452 3156 5522 quomodo
3178 5452 3301 5510 illos
3329 5453 3432 5509 lide
3454 5454 3647 5525 dignos
3674 5457 3834 5512 faciat
3858 5500 3875 5525 ,

2288 5545 2515 5614 primum
2540 5551 2753 5597 sanctos
2772 5558 2986 5599 vocans.
3014 5544 3120 5599 Sed
3136 5544 3261 5615 quia
3282 5544 3383 5600 hoc
3406 5546 3529 5602 vita
3554 5548 3876 5616 puritatem,

2288 5633 2383 5689 sed
2437 5649 2541 5688 non
2586 5641 2886 5687 accuratam
2937 5634 3296 5704 wgnitionem
3368 5634 3435 5688 ad
3494 5637 3873 5701 audiendum,

2294 5723 2704 5787 tesutieabalur;
2754 5722 2873 5778 vide
2918 5722 3189 5793 quomodo
3232 5722 3370 5778 hanc
3416 5740 3627 5797 quoque
3672 5734 3885 5795 partem
