4070 6322
263 322 366 377 133

257 445 476 501 tractet,
511 436 578 490 ita
605 432 830 489 dicens:
853 434 909 489 2.
935 434 1014 487 An
1036 432 1235 489 nescitis
1261 432 1396 501 quod
1421 432 1583 485 sancti
1605 430 1849 483 mundum

260 526 561 581 iudicabunt
578 528 605 581 .’

331 618 383 671 3.
416 618 497 672 Tu
524 635 675 689 ergo,
704 616 796 688 qui
824 616 941 672 illos
962 614 1246 687 aliquando
1264 612 1593 684 judicaturus
1615 627 1694 674 es,
1713 625 1849 681 quo-

258 709 426 764 modo
444 710 677 765 sustines
695 725 835 765 nunc
856 709 923 764 ab
953 711 1057 764 illis
1083 708 1354 779 judicari?
1392 706 1716 762 iudicabunt
1755 720 1847 759 au-

259 812 394 862 tem,
424 817 530 857 non
577 803 675 870 ipsi
704 802 953 856 sedentes
996 812 1051 855 et
1088 802 1347 854 rationem
1379 806 1682 867 repetentes
1705 836 1722 863 ,
1753 796 1846 851 sed

257 893 719 947 condcmnabuut.
750 893 860 947 lloc
884 892 1027 947 enim
1073 891 1315 946 indicans
1340 890 1553 945 dicebat
1583 907 1597 944 :
1629 889 1694 943 Et
1723 891 1768 943 si
1792 890 1847 942 in

258 984 401 1036 vobis
420 985 685 1055 judicatur
709 984 927 1036 mundus
946 1024 962 1050 ,
990 984 1185 1052 indigni
1214 984 1330 1037 estis
1356 983 1576 1035 minimis
1595 983 1806 1052 judiciis
1824 983 1849 1035 .’

261 1074 381 1128 Non
405 1077 546 1128 enim
573 1076 724 1140 dixit,
754 1077 793 1128 Α
820 1075 989 1138 vobis,
1014 1074 1127 1139 sed,
1154 1073 1295 1126 Inter
1322 1090 1442 1138 vos;
1474 1082 1527 1126 ut
1546 1089 1669 1128 cum
1697 1072 1845 1137 dicit,

262 1167 460 1231 Regina
481 1168 651 1222 Austri
666 1178 855 1239 surget,
875 1178 921 1222 et
941 1168 1287 1221 condemnabit
1307 1169 1671 1238 generationem
1694 1166 1871 1230 hanc;-

259 1268 313 1310 et
346 1256 451 1310 Viri
480 1257 722 1312 Ninivin
747 1268 952 1327 surgent
970 1300 985 1322 ,
1004 1268 1047 1312 et
1064 1259 1461 1312 condemnabtmt
1479 1262 1846 1329 generationem

259 1352 395 1403 hanc
429 1350 640 1420 (Matth.
669 1350 755 1403 19..
784 1351 874 1404 t5.
901 1350 961 1404 ιι
980 1352 1018 1413 ).
1060 1350 1283 1416 Quando
1307 1351 1449 1402 enim
1478 1350 1727 1405 eumdem
1754 1364 1845 1404 so-

261 1443 366 1495 lem
392 1441 654 1506 videntes,
674 1441 1051 1497 etearumdem
1076 1457 1251 1497 rerum
1274 1442 1509 1497 omnium
1532 1445 1840 1514 participes,

262 1547 365 1585 nos
389 1533 603 1600 quidem
629 1531 922 1586 credidisse
947 1532 1142 1585 inventi
1171 1531 1448 1597 fuerimus,
1482 1534 1555 1588 illi
1583 1550 1713 1587 vero
1740 1551 1842 1589 non

256 1624 577 1689 credidisse,
609 1640 713 1677 non
765 1633 1014 1692 poterunt
1039 1624 1105 1677 ad
1154 1624 1507 1694 ignorantiam
1533 1624 1839 1695 confugere:

258 1730 360 1769 nos
381 1714 525 1769 enim
570 1716 690 1769 illos
734 1717 1103 1770 accusabimus
1136 1734 1232 1784 per
1271 1733 1331 1771 ea
1362 1734 1478 1785 qttc
1507 1719 1746 1772 fecimus.
1779 1720 1844 1773 Et

258 1805 427 1860 multa
459 1806 560 1879 alia
591 1808 708 1876 quis
738 1808 971 1862 inveniet
1000 1808 1305 1877 ibijudicia.
1333 1810 1529 1864 Deinde
1552 1827 1617 1864 ne
1634 1812 1842 1866 videre-

257 1906 344 1950 tur
374 1898 605 1966 cuipiam
648 1896 715 1951 de
747 1898 871 1951 aliis
914 1897 1124 1963 dicere,
1158 1899 1279 1954 vide
1308 1899 1575 1969 quomodo
1605 1916 1843 1954 commu-

259 2005 381 2041 nem
433 1990 587 2042 faciat
617 2005 919 2044 sermonem
947 2008 960 2043 :
988 1990 1057 2043 Et
1082 1992 1125 2045 si
1146 1992 1195 2043 in
1238 1994 1372 2045 vobis
1402 1995 1667 2062 judicatur
1694 2013 1841 2049 mun-

256 2081 379 2145 dus,-
410 2081 608 2149 indigni
632 2082 749 2135 estis
775 2084 994 2134 minimis
1013 2084 1262 2150 judiciis?
1292 2084 1553 2139 Pudorem
1586 2089 1735 2142 vobis
1757 2104 1843 2143 res

256 2170 435 2235 affert,
486 2171 676 2239 inquit,
716 2181 769 2225 et
818 2172 1085 2228 ineffabile
1123 2173 1373 2229 dedecus.
1422 2176 1549 2230 Nam
1594 2182 1738 2247 quia,
1788 2190 1842 2234 ut

256 2261 551 2315 verisimile
572 2272 675 2324 est,
704 2262 933 2331 pudebat
952 2279 1046 2317 eos
1068 2264 1134 2317 ab
1165 2267 1225 2318 iis
1249 2266 1340 2335 qui
1370 2267 1506 2320 intus
1531 2280 1677 2321 erant
1700 2268 1838 2337 judi-

254 2354 404 2407 cari:
458 2368 490 2408 e
529 2356 801 2409 contrario
825 2365 1004 2411 autem
1032 2358 1181 2411 vobis
1224 2368 1303 2413 est
1329 2358 1595 2439 dedecus,
1626 2378 1747 2416 cum
1772 2362 1839 2414 ab

254 2444 320 2497 iis
345 2446 433 2512 qui
468 2444 597 2500 foris
623 2456 747 2501 sunt
770 2448 1087 2517 judicamini
1118 2468 1130 2503 :
1183 2451 1269 2505 illa
1296 2454 1437 2507 enim
1472 2454 1686 2506 minima
1716 2465 1842 2509 sunt

252 2537 476 2605 judicia,
497 2554 599 2591 non
620 2538 752 2593 hate.
777 2540 829 2594 3.
861 2540 1082 2595 Nescitis
1103 2544 1222 2612 quia
1238 2546 1443 2614 angelos
1456 2546 1842 2614 judicabimns?

252 2638 445 2693 quanto
468 2630 627 2698 magis
648 2632 912 2683 mutarit:
928 2633 955 2683 7
974 2632 1198 2697 Quidam
1222 2636 1403 2687 dicunt
1427 2637 1511 2689 hic
1535 2637 1842 2691 sacerdotes

255 2719 588 2773 subindicari
613 2736 627 2774 :
651 2720 744 2774 sed
768 2736 954 2789 apage;
976 2738 1094 2775 nam
1118 2722 1184 2776 de
1201 2723 1531 2777 d:en:onihus
1553 2726 1679 2795 agit.
1710 2726 1839 2779 Nam

254 2802 301 2856 si
330 2802 400 2856 dc
422 2806 690 2872 corruptis
720 2804 1091 2859 sacerdotibus
1119 2805 1345 2860 dixisset
1368 2850 1380 2867 ,
1412 2825 1569 2875 supra
1604 2809 1840 2863 subindi-

254 2903 432 2949 casset
484 2896 603 2949 illos
640 2910 762 2949 cum
803 2895 978 2949 dixit:
1028 2896 1093 2951 In
1140 2898 1555 2967 vobisjudt'catttr
1582 2902 1839 2965 mundus;

255 2988 394 3042 solet
422 2988 861 3055 euimScriptura
892 2989 1162 3058 improbos
1184 3006 1395 3059 quoque
1424 2993 1665 3045 homines
1688 3010 1839 3048 mun-

255 3076 381 3130 dum
427 3092 658 3132 vocare:
713 3095 885 3149 neque
922 3080 1112 3134 iterum
1146 3081 1245 3135 hoc
1274 3083 1445 3150 ip~unl
1475 3082 1716 3143 tli\isset,
1750 3100 1840 3138 ne-

254 3182 359 3237 que
383 3179 440 3220 ut
468 3169 638 3236 majus
660 3170 931 3239 quidpiam
952 3172 1133 3226 dicens
1158 3171 1330 3241 ipsum
1348 3184 1526 3241 postea
1555 3176 1834 3241 posuisset.

253 3259 358 3313 Sed
379 3259 447 3313 de
468 3260 569 3312 illis
598 3261 830 3330 loquitur
855 3263 1080 3331 angelis.
1108 3264 1175 3317 de
1205 3264 1399 3332 quibus
1420 3266 1546 3318 dicit
1569 3266 1834 3321 Christus:

255 3348 285 3401 1
291 3362 336 3401 te
373 3354 425 3402 in
454 3351 617 3420 ignem
667 3363 898 3418 paratum
936 3355 1136 3409 diabolo
1165 3366 1213 3408 et
1242 3357 1431 3424 angelis
1458 3359 1565 3424 ejus
1613 3358 1835 3427 (Matth.

253 3438 343 3495 25.
376 3441 437 3494 41
467 3442 517 3509 ,);
547 3452 599 3495 et
648 3442 866 3507 Paulus,
908 3446 1086 3514 Angeli
1116 3447 1223 3516 ejus
1254 3448 1683 3515 transﬁgurantur
1714 3460 1842 3503 tam-

254 3548 403 3599 quam
430 3534 876 3603 ministrijustitiw
901 3536 976 3605 (Ξ.
1006 3537 1121 3589 Cor.
1150 3538 1237 3591 11.
1264 3538 1329 3592 15
1347 3538 1387 3607 ).
1418 3539 1547 3592 Cum
1571 3542 1711 3594 enim
1736 3539 1839 3596 P0-

254 3630 475 3675 testates
502 3622 607 3676 ilhc
637 3625 967 3692 incorporea:
997 3627 1225 3680 iuventae
1256 3628 1453 3681 fuerint
1480 3632 1656 3684 minus
1680 3632 1841 3687 habe-

253 3730 311 3767 re
337 3729 493 3782 quam
531 3728 627 3767 nos
651 3756 664 3775 ,
696 3716 781 3783 qui
812 3730 971 3768 carne
1002 3717 1168 3770 induti
1194 3733 1376 3772 sumus
1400 3762 1414 3783 ,
1445 3721 1719 3788 graviores
1742 3723 1839 3775 da-

254 3804 384 3858 bunt
408 3818 611 3874 ptenas.
647 3805 797 3872 Quod
829 3808 870 3860 si
900 3807 1073 3863 adhuc
1099 3810 1312 3878 quidam
1338 3812 1665 3868 contendunt
1694 3815 1838 3869 illum

252 3896 322 3950 de
352 3897 720 3952 sacerdotibus
747 3900 913 3968 loqui,
942 3901 1410 3971 interrogabimus,
1439 3919 1573 3972 quos
1593 3908 1842 3961 sacerdo—

253 3988 375 4041 tes?
402 3988 631 4041 Omnino
652 4003 747 4043 eos
766 3990 854 4058 qui
876 3992 1119 4045 saeculari
1142 4008 1288 4047 more
1310 3994 1575 4048 vixerunt.
1607 3998 1837 4062 Quomo-

249 4079 325 4131 do
348 4093 497 4147 ergo,
549 4080 776 4149 inquies,
822 4082 1039 4149 Angelos
1062 4084 1425 4153 judicabimus,
1469 4097 1654 4154 quanto
1684 4093 1842 4159 magis

248 4171 564 4224 materia?
586 4187 780 4243 nempe
800 4172 864 4225 ad
895 4171 1248 4227 differentiam
1275 4177 1607 4231 smeularium
1640 4196 1841 4249 ponens

251 4260 499 4329 angelos,
529 4272 582 4316 et
612 4262 842 4317 merito:
873 4263 991 4332 quia
1017 4275 1167 4317 extra
1196 4280 1381 4319 eorum
1412 4282 1564 4321 usum
1610 4284 1733 4323 sunt
1773 4274 1841 4327 ob

247 4351 623 4406 excellentiam
648 4361 868 4420 naturar.
901 4354 954 4408 4.
976 4354 1259 4409 chularia
1287 4357 1437 4426 igitur
1455 4360 1653 4424 judicia
1679 4363 1722 4413 si
1751 4363 1842 4415 Ita-

248 4441 484 4507 bueritis,
506 4444 902 4515 contemptibiles
931 4446 1014 4514 qui
1036 4454 1149 4499 sunt
1171 4446 1223 4497 in
1254 4445 1499 4513 Ecclesia,
1518 4449 1632 4504 illos
1650 4454 1839 4505 consti-

249 4532 381 4584 tuite
418 4533 485 4584 ad
517 4534 879 4602 judicandum.
915 4536 1111 4591 Volens
1142 4552 1262 4590 cum
1296 4538 1585 4607 hyperbole
1614 4558 1710 4595 nos
1739 4544 1837 4597 do-

248 4639 381 4676 cere
407 4663 421 4688 ,
458 4626 831 4694 quodcumque
865 4628 1074 4682 tandem
1108 4627 1300 4692 fuerit,
1332 4645 1435 4682 non
1464 4643 1712 4699 oportere
1741 4651 1838 4689 nos

248 4717 491 4768 externis
511 4718 845 4773 committere
866 4760 879 4782 ,
910 4735 1029 4773 cum
1062 4719 1415 4788 objectionem
1448 4723 1529 4776 vel
1572 4741 1689 4793 quin
1720 4726 1838 4781 talis

249 4822 375 4860 esse
389 4807 686 4874 videbatur,
712 4813 1001 4865 movisset:
1029 4812 1174 4879 prius
1192 4812 1333 4864 illam
1357 4812 1533 4867 solvit.
1560 4813 1673 4869 Hoc
1692 4818 1833 4870 enim

249 4896 368 4949 vult
406 4899 705 4968 signiﬁcare
739 4920 752 4956 :
800 4901 1053 4956 Fortasse
1090 4903 1232 4957 dicet
1279 4907 1541 4972 quispiam
1569 4946 1583 4967 ,
1634 4908 1849 4961 nullum

244 5002 417 5041 essen
426 4990 529 5056 pud
555 5006 647 5044 vos
668 4992 987 5058 sapientem,
1012 5008 1183 5062 neque
1201 4994 1264 5045 ad
1283 4994 1541 5062 judicium
1560 4998 1833 5053 ferendum

243 5086 437 5149 aptum
471 5121 487 5146 ,
538 5082 629 5137 sed
681 5086 1113 5153 contemptibiles
1171 5101 1377 5140 omnes.
1434 5088 1497 5142 Et
1526 5090 1650 5159 quid
1698 5090 1835 5145 hoc?

247 5174 475 5227 Etiamsi
500 5174 642 5227 enim
668 5177 844 5232 nullus
875 5179 943 5231 sit
969 5180 1182 5246 sapiens
1207 5219 1221 5241 ,
1255 5179 1443 5247 inquit,
1479 5196 1571 5233 vos
1600 5183 1834 5238 minimis

246 5266 564 5333 permittite.
594 5265 646 5320 5.
675 5265 786 5321 Hoc
812 5281 979 5323 autem
1008 5272 1073 5324 ad
1100 5274 1448 5327 verecundiam
1466 5286 1677 5330 vestram
1699 5278 1829 5330 dico.

248 5358 353 5412 Est
392 5357 684 5412 refellentis
725 5358 933 5413 illorum
982 5364 1336 5432 objectioncm
1363 5409 1377 5428 ,
1411 5375 1465 5419 ut
1498 5384 1615 5435 qua:
1644 5384 1833 5437 Super—

244 5448 391 5501 fluus
414 5449 483 5502 sit
505 5446 755 5518 obtentus
783 5464 796 5500 :
824 5448 1051 5518 ideoque
1072 5454 1343 5523 subjunxit
1368 5474 1379 5508 :
1407 5457 1495 5511 Sic
1525 5474 1623 5509 non
1654 5469 1723 5509 est
1744 5475 1833 5511 sa-

246 5537 395 5603 piens
419 5540 472 5595 in
504 5542 642 5595 vobis
666 5540 970 5611 quisquam?
994 5542 1232 5602 Tantane
1257 5558 1358 5611 est,
1390 5550 1577 5618 inquit,
1612 5550 1785 5617 inopia
1808 5551 1833 5604 ?

250 5635 468 5684 tantane
531 5635 670 5702 apud
725 5648 816 5688 vos
868 5633 1055 5689 raritas
1097 5637 1327 5691 virorum
1383 5642 1831 5711 iutclligcntium?

244 5721 400 5787 Quod
432 5733 613 5776 autem
644 5725 932 5794 subjungit.
966 5726 1217 5789 majorem
1250 5728 1405 5781 infert
1436 5732 1638 5799 plagam
1668 5752 1677 5784 :
1709 5748 1827 5786 cum

595 5823 857 5886 PATROL.
908 5836 1019 5885 tiu.
1081 5829 1230 5886 LXI.

1292 319 1359 374 ΙΝ
1397 318 1607 374 EPIST.
1652 318 1670 369 1
1738 316 1827 371 ΑΒ
1856 314 2013 369 CUI}.
2058 312 2282 369 llOMlL.
2324 313 2462 369 XVl.

3422 322 3540 378 ’134

1962 426 2105 479 enim
2133 424 2379 489 dixisset,
2404 424 2520 480 Non
2548 435 2630 481 est
2658 429 2873 497 sapiens
2908 430 2961 483 in
2991 430 3140 487 vobis
3167 448 3339 504 neque
3360 451 3495 491 unus
3519 443 3540 492 τ

1954 516 2271 584 Subjunxit:
2321 516 2425 582 Qui
2462 518 2619 587 possit
2651 519 2892 591 judicare
2928 522 3059 577 inter
3097 525 3308 593 fratrem
3349 531 3540 583 suum?

1953 606 2086 659 Cum
2115 608 2254 660 enim
2288 606 2453 663 frater
2493 623 2615 663 cum
2657 609 2823 666 fratre
2846 611 3049 680 judicio
3082 617 3360 673 contendit
3381 659 3399 687 ,
3431 636 3539 677 non

1955 713 2144 767 magna
2176 699 2524 768 intelligentia
2556 711 2609 756 et
2637 702 2859 757 solertia
2903 714 2987 759 est
3011 720 3146 775 opus
3178 707 3283 763 litis
3314 710 3540 777 arbitro,

1954 789 2146 843 affectu
2171 802 2226 843 et
2249 793 2565 860 cognatione
2590 809 2838 863 magnam
2866 812 3020 865 opem
3047 798 3302 857 afferente
3324 803 3391 858 ad
3412 820 3542 859 con-

1957 880 2205 935 tentionis
2251 882 2370 934 talis
2409 883 2752 938 solutionem.
2801 886 2854 939 6.
2898 886 3006 941 Sed
3033 891 3196 957 frater
3238 908 3353 945 cum
3378 895 3541 959 fratrs

1944 974 2140 1041 judicio
2158 975 2430 1037 contendit,
2450 985 2495 1028 et
2518 977 2613 1029 hoc
2628 966 2770 1055 apud
2789 978 3040 1045 infideles.
3061 980 3251 1036 Viden’
3270 988 3543 1055 quomodo

1956 1064 2007 1117 in
2041 1066 2300 1133 principio
2326 1066 2540 1134 quidem
2572 1052 2774 1122 utiliter
2803 1070 3077 1125 incusabat
3098 1087 3191 1128 eos
3218 1052 3308 1145 qui
3333 1077 3540 1146 judica-

1954 1165 2092 1219 rent,
2124 1159 2335 1224 lniqnos
2362 1174 2593 1217 vocans:
2629 1159 2714 1213 hic
2735 1172 2914 1215 autem
2949 1170 3008 1215 ut
3034 1162 3158 1218 illos
3188 1166 3392 1234 pudore
3420 1170 3541 1225 am.

1952 1248 2077 1308 ciat,
2110 1248 2295 1302 dicens
2327 1250 2606 1303 inﬁdeles?
2636 1251 2845 1305 Etenim
2869 1253 3157 1309 admodum
3183 1266 3336 1328 turpe
3361 1269 3463 1328 est,
3494 1265 3540 1318 si

1950 1352 2019 1390 ne
2049 1337 2302 1393 fratribus
2330 1341 2542 1408 quidem
2570 1344 3015 1400 reconciliationis
3036 1362 3196 1403 causa
3222 1353 3393 1421 possit
3418 1369 3542 1412 esse

1950 1428 2238 1490 sacerdos;
2265 1431 2356 1483 sed
2392 1446 2613 1487 necesse
2642 1433 2711 1486 sit
2730 1432 2797 1486 ad
2816 1445 3069 1502 externos
3095 1454 3399 1498 accurrere.
3433 1446 3537 1502 Ita-

1949 1533 2050 1585 que
2076 1535 2195 1570 cum
2219 1520 2353 1573 dixit
2379 1521 2806 1589 Contemptibiles,
2834 1541 2937 1580 non
2962 1526 3064 1582 hoc
3096 1534 3357 1602 pracipue
3382 1536 3534 1603 dixit,

1949 1608 2089 1677 quod
2120 1610 2358 1677 abjectos
2384 1612 2574 1666 sedere
2595 1615 2805 1681 jmlices
2825 1630 3093 1686 oporteat,
3122 1624 3217 1678 sed
3261 1626 3382 1682 illos
3425 1644 3539 1699 per.

1949 1700 2372 1769 stringens.Nam
2391 1704 2529 1772 quod
2552 1705 2727 1773 iis,qui
2742 1705 3049 1765 discernere
3063 1715 3538 1780 possint.commit-

1950 1799 2066 1847 tere
2114 1804 2380 1861 oporteat,
2422 1797 2740 1864 signiﬁcavit
2768 1798 2954 1855 dicens
2989 1818 3001 1854 :
3039 1802 3129 1857 Sic
3156 1823 3257 1860 non
3303 1821 3377 1863 est
3407 1813 3534 1869 inter

1948 1898 2033 1936 vos
2061 1886 2262 1953 sapiens
2290 1887 2599 1954 quisquam?
2624 1898 2677 1941 et
2716 1905 2779 1943 cx
2804 1893 3092 1949 abundanti
3122 1913 3183 1951 os
3208 1900 3494 1961 obstruens
3519 1952 3532 1971 ,

1948 1985 2002 2028 ct
2032 1976 2217 2030 dicens
2248 1996 2260 2031 :
2293 1977 2437 2047 quod
2487 1980 2694 2034 etiamsi
2728 1983 2906 2037 nullus
2937 1996 3077 2041 esset
3110 1992 3324 2059 sapiens
3352 1997 3402 2050 in
3436 2014 3536 2055 vo—

1948 2066 2049 2131 bis,
2084 2069 2458 2137 insipientibus
2492 2074 2668 2139 potius
2707 2077 3086 2131 committenda
3122 2097 3281 2137 causa
3311 2086 3530 2156 fuisset,

1946 2174 2104 2226 quam
2130 2163 2387 2216 externis.
2419 2164 2700 2229 Quomodo
2726 2166 2870 2221 enim
2896 2184 2998 2221 non
3033 2172 3321 2232 absurdum
3352 2180 3532 2241 fuerit.

1946 2264 2065 2302 cum
2116 2250 2260 2304 domi
2302 2253 2365 2307 lis
2393 2255 2585 2318 oritur,
2610 2268 2889 2312 externum
2914 2264 3180 2319 neminem
3209 2272 3410 2339 vocari,
3440 2277 3533 2331 sed

1948 2338 2150 2406 pudore
2193 2340 2370 2406 afﬁci,
2415 2345 2457 2397 si
2491 2361 2610 2414 qua:
2663 2348 2805 2403 intus
2852 2350 2981 2405 fiunt
3023 2355 3151 2410 foris
3181 2338 3530 2431 evulgentur;

1946 2428 2031 2481 ubi
2061 2440 2237 2483 autem
2272 2432 2509 2487 Ecclesia
2540 2446 2643 2500 est,
2672 2454 2991 2495 arcanorum
3014 2428 3389 2514 mysteriorum
3413 2428 3533 2512 the;

1946 2535 2155 2582 saurus,
2190 2524 2364 2576 omnia
2395 2535 2545 2578 extra
2569 2527 2785 2581 efferri?
2816 2530 2921 2584 Sed
2941 2537 3101 2601 frater
3128 2554 3241 2591 cum
3265 2541 3426 2607 fratre
3435 2546 3532 2611 ju-

1945 2610 2078 2664 dicio
2110 2615 2385 2679 contendit,
2417 2626 2459 2667 et
2490 2617 2583 2668 ltoc
2613 2621 2751 2685 apud
2784 2614 3033 2687 inﬁdeles:
3073 2626 3281 2694 Duplex
3313 2642 3393 2686 εει
3422 2610 3541 2689 eri-5

1947 2716 2066 2753 men
2088 2742 2101 2765 ,
2150 2715 2198 2756 et
2242 2707 2383 2772 quod
2409 2707 2685 2773 judicetur
2708 2752 2721 2773 ,
2754 2722 2804 2764 et
2836 2715 2977 2780 quod
3012 2717 3149 2784 apud
3182 2720 3443 2777 infideles.
3475 2726 3532 2780 Si

1944 2794 2089 2847 enim
2117 2810 2213 2862 per
2242 2811 2299 2848 se
2332 2809 2608 2875 peccatum
2638 2812 2718 2853 est
2751 2818 2871 2855 cum
2906 2807 3291 2875 l'ratrejudicio
3312 2826 3533 2871 conten-

1945 2883 2093 2947 dere,
2130 2886 2177 2938 id
2229 2888 2365 2953 apud
2399 2874 2652 2943 externos
2694 2890 2873 2946 facere
2897 2911 3052 2961 quam
3087 2902 3291 2955 veniam
3321 2920 3533 2961 mereao

1949 2978 2074 3030 tur?
2098 2978 2149 3030 7.
2180 2977 2301 3031 lant
2323 2980 2525 3047 quidem
2547 2984 2750 3034 omnino
2781 2985 3021 3039 delictum
3046 3000 3117 3041 est
3145 2993 3196 3044 in
3217 2993 3372 3061 vobis,
3396 3000 3533 3064 quod

1944 3070 2137 3136 judicia
2166 3071 2358 3125 habetis
2384 3073 2513 3125 inter
2542 3090 2647 3126 vos.
2677 3074 2861 3128 Viden’
2890 3078 3104 3133 ubinam
3134 3082 3260 3137 illud
3289 3100 3530 3143 reserva-

1946 3162 2052 3213 rit?
2078 3170 2300 3228 etquatn
2328 3175 2623 3231 opportune
2654 3164 2753 3217 hoc
2785 3169 3093 3222 sustulerit?
3124 3171 3369 3231 Nondum
3390 3181 3531 3235 enim

1944 3251 2088 3316 dico,
2140 3252 2329 3320 inquit,
2362 3255 2552 3323 aliquis
2580 3256 2824 3323 injuriam
2860 3258 3005 3320 facit.
3046 3264 3239 3333 aliquis
3284 3268 3533 3336 injuriam

1947 3345 2142 3415 patitur
2172 3362 2185 3397 :
2234 3344 2443 3399 interim
2468 3362 2531 3398 eo
2558 3348 2691 3415 ipso,
2726 3351 2865 3417 quod
2900 3352 3100 3419 judicio
3140 3363 3530 3433 contendetur,

1947 3446 2171 3503 utet-que
2187 3436 2533 3505 improbatur,
2556 3448 2608 3491 et
2628 3440 2676 3491 in
2701 3440 2797 3491 hoc
2820 3454 3020 3497 nonest
3046 3447 3180 3501 alius
3198 3451 3302 3504 alio
3319 3455 3528 3511 melior.

2019 3530 2071 3582 4.
2105 3531 2160 3582 Si
2191 3539 2371 3585 autem
2401 3534 2542 3598 juste
2585 3536 2665 3585 vel
2703 3535 2896 3603 injuste
2920 3537 3121 3606 judicio
3166 3547 3530 3614 contenditur,

1946 3619 2047 3673 hoc
2076 3622 2140 3674 ad
2182 3621 2339 3675 aliam
2390 3626 2621 3689 pertinet
2656 3625 3095 3693 disputationem.
3130 3632 3206 3688 Ne
3249 3636 3427 3709 itaque
3454 3642 3533 3695 di-

1946 3726 2056 3773 eas,
2082 3712 2289 3780 Aliquis
2319 3713 2509 3781 injuria
2532 3713 2709 3767 affecit
2740 3732 2751 3767 :
2788 3716 2909 3772 hinc
2932 3721 3071 3773 enim
3093 3724 3204 3789 jam
3237 3736 3287 3782 te
3311 3730 3530 3800 damno,

1945 3802 2086 3872 quod
2104 3804 2305 3871 judicio
2325 3806 2639 3861 contendas.
2666 3808 2719 3860 Si
2745 3820 2923 3865 autem
2945 3812 3189 3882 injttriatu
3217 3817 3531 3879 inferentem

1947 3893 2087 3947 ferre
2117 3910 2220 3946 non
2260 3911 2420 3965 posse
2456 3899 2659 3951 crimen
2708 3909 2808 3962 est,
2849 3901 3095 3970 injuriam
3132 3906 3308 3965 faCere
3334 3925 3530 3981 quanta
3588 3914 3591 3917 ’

1945 3984 2159 4053 dignum
2200 3987 2302 4039 erit
2338 3990 2715 4044 accusatione?
2764 3991 2933 4057 Quare
2971 4012 3069 4048 non
3101 4001 3259 4069 magis
3289 4002 3531 4071 injuriam

1946 4076 2173 4142 accipitis
2198 4076 2221 4126 ἶ)
2250 4093 2406 4145 quare
2434 4094 2535 4129 non
2566 4080 2726 4148 inagis
2756 4082 2991 4147 fraudem
3041 4090 3311 4154 patimini?
3337 4093 3389 4147 8.
3423 4095 3532 4151 Sed

1945 4179 2029 4217 vos
2057 4166 2297 4234 injuriam
2329 4166 2494 4232 facitis
2518 4177 2562 4219 et
2591 4169 2823 4233 fraudem
2846 4175 2995 4225 etiam
3024 4177 3288 4243 fratribus.
3322 4183 3530 4241 Rursus

1946 4257 2163 4325 duplum
2211 4259 2414 4312 crimen
2441 4277 2453 4321 ;
2505 4260 2612 4313 imo
2654 4261 2788 4316 forte
2820 4266 3034 4335 triplum
3066 4280 3117 4323 et
3148 4274 3525 4345 quadruplum.

1947 4348 2120 4402 Uuutn
2142 4350 2356 4417 quidem
2388 4352 2633 4421 injuriam
2660 4354 2977 4411 inferentem
3010 4360 3150 4416 ferre
3179 4368 3415 4433 nescire;
3446 4386 3531 4426 se-

1946 4442 2175 4495 cundum
2205 4454 2403 4507 autem,
2433 4445 2591 4498 etiam
2624 4448 2869 4517 injuriam
2903 4451 3125 4518 inferre;
3160 4459 3393 4524 tertium,
3424 4464 3527 4518 ini-

1945 4532 2064 4601 quis
2102 4533 2357 4600 judicium
2404 4536 2471 4589 de
2506 4536 2588 4590 his
2612 4541 2981 4605 committere;
3027 4558 3295 4617 quartum,
3346 4550 3447 4607 hoc
3476 4556 3527 4609 in

1946 4623 2166 4677 fratrem
2198 4624 2398 4679 facere.
2431 4626 2614 4696 Neque
2640 4631 2781 4683 enim
2812 4633 3057 4689 similiter
3085 4638 3153 4692 de
3186 4644 3417 4707 peccatis
3439 4646 3527 4715 ju-

1944 4714 2170 4779 dicatur,
2201 4730 2323 4770 cum
2345 4716 2697 4773 admittuntur
2716 4723 2765 4774 in
2790 4726 3032 4791 quemvis
3058 4729 3294 4798 obvium,
3326 4745 3381 4789 et
3406 4756 3528 4794 cum

1945 4805 1995 4857 in
2026 4806 2298 4875 prOprium
2328 4810 2649 4863 membrum.
2686 4812 2795 4865 Hoc
2820 4816 2961 4869 enim
2991 4820 3111 4887 quis
3130 4822 3291 4879 audet
3313 4843 3375 4880 ex
3412 4846 3529 4883 ma-

1938 4895 2040 4963 jori
2072 4899 2362 4966 petulantia
2395 4916 2407 4951 :
2449 4909 2500 4953 ct
2532 4902 2640 4956 illic
2671 4904 2885 4974 quidem
2931 4913 3278 4969 conculcatur
3305 4920 3421 4973 sola
3454 4927 3527 4976 rei

1943 4997 2127 5042 natura
2150 5028 2163 5049 ,
2195 4989 2281 5043 hic
2322 5005 2451 5043 vero
2480 4991 2641 5047 etiam
2684 5010 2928 5063 persona:
2955 5001 3205 5068 qualitas.
3241 5008 3528 5080 Postquam

1942 5078 2099 5148 igitur
2116 5079 2373 5149 pudorem
2393 5082 2570 5137 intulit
2585 5099 2613 5137 a
2628 5090 3001 5144 communibus
3021 5095 3335 5163 rationibus,
3358 5078 3414 5156 et
3435 5118 3532 5157 au-

1943 5180 1995 5224 te
2024 5171 2140 5224 haec
2183 5188 2211 5224 a
2250 5175 2537 5243 propositis
2566 5180 2799 5245 pranniis
2818 5222 2833 5244 ,
2864 5184 3280 5244 comminatione
3310 5196 3526 5249 conclu—

1943 5262 2016 5315 dit
2050 5263 2515 5331 adhortatitutem,
2549 5270 3001 5328 vehementiorem
3056 5280 3287 5336 reddens
3318 5301 3526 5339 sermo-

1942 5372 2062 5410 nem
2089 5357 2169 5409 his
2198 5361 2373 5413 verbis
2400 5379 2412 5413 :
2448 5362 2500 5415 9.
2526 5363 2602 5414 An
2621 5366 2822 5419 nescitis
2850 5368 2984 5434 quod
3006 5370 3165 5440 iniqui
3195 5390 3402 5443 regnum
3429 5378 3525 5433 Dei

1940 5464 2040 5500 non
2071 5450 2440 5515 possidebunt?
2468 5451 2645 5505 Nolite
2672 5472 2843 5509 errare
2874 5473 2891 5510 :
2922 5475 3081 5529 neque
3127 5465 3407 5532 fornicarii,
3438 5485 3527 5522 ne-

1938 5557 2033 5609 que
2053 5540 2203 5594 idolis
2234 5546 2503 5600 servientes
2526 5588 2538 5611 ,
2571 5565 2730 5615 neque
2756 5551 2999 5621 adulteri,
3029 5571 3185 5625 neque
3204 5558 3378 5611 molles
3396 5602 3411 5626 ,
3438 5578 3522 5614 ne-

1937 5651 2031 5703 que
2072 5638 2414 5692 masculorum
2458 5643 2823 5709 concubitores,
2876 5646 2941 5701 10
2993 5662 3150 5713 neque
3176 5650 3334 5714 avari,
3370 5669 3528 5723 neque

1942 5734 2099 5799 fnirs,
2141 5746 2294 5797 neque
2335 5734 2535 5798 ebriosi,
2571 5754 2726 5803 itaque
2750 5740 3000 5802 lita/«"dlt‘l,
3035 5756 3192 5807 neque
3213 5759 3418 5811 rapaces
3446 5766 3533 5802 res

3167 5832 3207 5895 9
