4070 6322
595 388 697 443 133

589 525 751 580 gnum
778 507 868 562 Dei
899 508 1241 575 possidebunt.
1274 506 1416 573 Quid
1435 504 1606 560 dicis?
1632 504 1700 559 de
1725 506 1903 559 avaris
1930 504 2177 573 loquens,

597 599 985 655 sceleratonnn
1036 597 1310 654 hominum
1353 607 1554 651 tantam
1598 594 1855 650 induxisti
1884 594 2038 649 nobis
2065 602 2179 649 tur~

592 691 751 745 bam?
772 689 966 750 Etiam.
998 689 1208 760 inquit:
1232 688 1329 744 sed
1370 702 1477 742 non
1509 685 1848 742 confundens
1876 686 2179 740 orationem

596 782 697 835 hoc
730 779 871 835 facio
894 822 909 845 ,
935 782 1030 835 sed
1058 791 1112 836 et
1152 780 1346 836 ordine
1371 779 1691 850 procedens.
1718 777 2180 846 Quemadmodum

591 870 736 925 enim
765 869 836 925 de
864 869 1282 925 fornicatoribus
1309 870 1535 940 loquens
1558 910 1574 937 ,
1603 870 1846 925 omnium
1872 868 2032 923 simul
2064 883 2180 922 me-

592 963 785 1017 minit:
816 964 887 1016 ita
916 977 1132 1017 rursum
1154 976 1372 1016 avarum
1398 975 1835 1017 commemorans
1859 1001 1874 1025 ,
1908 974 2099 1015 omnes
2128 960 2181 1012 in

590 1054 830 1109 medium
864 1053 1083 1109 adducit
1122 1052 1191 1108 ad
1209 1053 1658 1124 reprehensiones
1680 1050 2049 1107 assuefaciens
2063 1065 2179 1113 eos,

587 1147 679 1214 qui
727 1147 915 1200 horum
954 1155 1011 1201 et
1050 1145 1307 1199 similium
1343 1145 1443 1200 sibi
1489 1145 1692 1200 conscii
1741 1153 1887 1199 sunt.
1938 1143 2070 1198 Nam
2129 1144 2183 1196 in

588 1237 815 1291 aliorum
860 1236 1378 1290 commemoratione
1419 1234 1729 1304 frequenter
1753 1234 1942 1289 audire
1969 1248 2181 1303 pmnaru

589 1327 655 1379 iis
685 1328 998 1395 repositam,
1036 1325 1088 1379 id
1111 1324 1279 1379 el‘lieit
1300 1334 1358 1379 ιιι
1383 1325 1590 1379 facilius
1615 1325 1863 1379 audiatur
1890 1325 2185 1394 reprehen-

590 1421 693 1483 sio,
724 1433 846 1472 cum
892 1418 1157 1473 adversus
1200 1432 1297 1472 sua
1348 1418 1577 1487 quisque
1604 1426 1824 1486 peccata
1854 1426 2183 1487 pugnaturus

590 1526 649 1565 se
706 1519 950 1580 apparat.
991 1510 1177 1579 Neque
1218 1508 1363 1563 cnim
1405 1508 1521 1563 haec
1555 1518 1827 1578 tamquam
1867 1510 2043 1563 sciens
2078 1508 2183 1563 illis

588 1611 900 1670 competere
920 1639 937 1665 ,
970 1614 1145 1670 neque
1181 1608 1433 1669 tanquam
1481 1599 1881 1668 reprehendens
1901 1640 1917 1663 ,
1958 1599 2183 1654 commi-

594 1703 751 1746 natur
776 1709 788 1745 :
814 1692 957 1761 quod
986 1692 1220 1746 maxime
1248 1689 1734 1759 potestauditorem
1763 1691 1995 1745 retinere
2012 1690 2181 1745 etim-

592 1781 774 1852 pedire
793 1799 860 1837 ne
892 1781 1117 1846 resiliat,
1149 1798 1271 1837 cum
1299 1785 1471 1837 oratio
1502 1783 1651 1836 illum
1682 1799 1789 1837 non
1820 1783 2060 1853 respicit,
2086 1784 2181 1838 sed

596 1874 1008 1929 indeterminate
1065 1876 1296 1943 prolata,
1347 1873 1467 1941 ejus
1516 1873 1905 1927 conscientiam
1956 1873 2185 1927 latenter

590 1966 793 2035 pungit.
820 1963 993 2019 Nolite
1005 1981 1193 2019 errare.
1216 1963 1313 2017 llic
1324 1962 1625 2017 subiudicat
1642 1961 1903 2032 quosdam
1919 1961 2180 2027 dicentes,

587 2057 730 2125 quod
751 2072 891 2111 nunc
903 2056 1055 2110 multi
1069 2055 1272 2119 dicunt,
1293 2055 1562 2124 Denignus
1580 2070 1700 2109 cum
1725 2054 1793 2107 sit
1824 2054 1962 2109 Deus
1989 2064 2042 2107 et
2068 2053 2178 2108 cle-

590 2161 764 2213 mens,
795 2145 992 2200 delicta
1025 2160 1133 2199 non
1165 2145 1444 2199 ulciscitur
1475 2163 1488 2198 :
1520 2160 1585 2199 ne
1618 2145 1938 2207 timeamus;
1965 2159 2085 2197 nam
2113 2144 2184 2210 de

592 2239 734 2293 milia
777 2252 836 2293 re
880 2252 910 2291 a
959 2238 1177 2293 nemine
1220 2252 1470 2307 tnnquam
1502 2250 1714 2306 pinnam
1744 2236 1939 2306 exiget.
1967 2236 2031 2290 Et
2057 2251 2182 2305 pro-

592 2341 771 2400 pterea
797 2330 947 2394 dicit,
1003 2328 1182 2383 Nolite
1226 2345 1416 2383 errare.
1465 2330 1630 2383 Error
1657 2328 1801 2384 enim
1828 2340 2100 2384 extremus
2125 2338 2181 2383 et

592 2425 799 2479 fallacia
831 2434 909 2479 est
931 2465 947 2489 ,
976 2440 1097 2476 t-um
1135 2424 1273 2478 bona
1296 2438 1504 2492 speres,
1532 2424 1799 2477 contraria
1820 2423 2099 2493 consequi,
2126 2434 2180 2478 et

591 2517 719 2571 illud
764 2516 831 2571 de
874 2517 984 2571 Deo
1025 2517 1322 2585 suspicari,
1367 2533 1487 2586 quae
1534 2531 1600 2571 ne
1624 2517 1693 2572 de
1724 2519 1940 2573 homine
1964 2518 2177 2587 quidem

588 2610 869 2678 quisquam
913 2609 1252 2677 eogitaverit.
1297 2608 1658 2675 Quamobrem
1697 2610 1773 2662 ait
1809 2609 2070 2679 propheta
2115 2626 2179 2663 ex

588 2714 814 2769 persOna
848 2700 998 2769 ejus:
1033 2699 1353 2753 Existimasti
1375 2699 1713 2766 iniquitatem,
1745 2698 1884 2768 quod
1908 2715 1995 2757 ero
2024 2700 2181 2752 tuisi-

586 2791 762 2844 milis:
814 2807 1030 2859 arguam
1078 2801 1125 2842 te
1168 2799 1215 2843 et
1262 2799 1484 2843 statuant
1509 2798 1686 2843 contra
1715 2792 1897 2861 facient
1921 2800 2061 2845 tuam
2089 2793 2178 2845 ini-

584 2884 797 2949 quitates
844 2890 955 2934 tuas
994 2883 1012 2951 (
1039 2878 1181 2934 Psal.
1231 2879 1321 2935 ιθ.
1352 2880 1441 2934 ‘Zl.
1473 2882 1520 2949 );
1544 2891 1597 2935 ct
1638 2880 1834 2935 Paulus
1863 2880 1970 2944 hic,
2005 2881 2179 2936 Nolite

586 2988 799 3037 errare;
842 2984 1001 3042 neque
1039 2972 1373 3041 fornicatores
1417 2976 1434 3038 (
1462 2987 1607 3033 eum,
1639 2973 1728 3040 qui
1756 2972 1865 3041 jam
1895 2972 2178 3026 damnatus

588 3062 782 3129 fuerat,
812 3064 1043 3132 primum
1075 3062 1222 3129 ponit
1246 3062 1266 3131 )
1288 3101 1302 3124 ,
1336 3077 1496 3131 neque
1519 3061 1759 3125 adulteri,
1787 3078 1947 3131 neque
1967 3062 2142 3115 molles
2160 3103 2176 3125 ,

587 3171 745 3223 neque
773 3154 973 3215 ebriosi,
1018 3168 1178 3220 neque
1203 3152 1438 3205 maledici
1464 3168 1674 3221 regnum
1701 3148 1801 3205 Dei
1829 3152 2173 3221 possidebunt.

656 3246 845 3300 Contra
890 3246 1187 3299 maledicos.
1216 3274 1289 3285 ——
1318 3244 1468 3298 Multi
1499 3245 1641 3299 hunc
1672 3244 1848 3298 locum
1879 3245 2177 3313 reprehen-

584 3340 802 3404 derunt,
844 3346 1114 3406 tamquam
1161 3336 1317 3391 valde
1352 3350 1626 3408 asperum,
1676 3338 1721 3391 si
1770 3335 1985 3406 quidem
2027 3340 2178 3406 ponit

583 3429 852 3484 ebriosum
882 3438 935 3481 et
984 3425 1306 3482 maledicum
1352 3442 1474 3481 cum
1525 3426 1772 3480 adultero
1800 3436 1855 3480 et
1893 3427 2173 3482 muliebria

586 3534 743 3588 passo
790 3528 847 3574 et
891 3518 1253 3573 masculorum
1305 3516 1674 3571 concubitore.
1704 3517 1864 3586 Atqui
1896 3532 2001 3571 non
2027 3518 2175 3587 paria

582 3617 711 3666 sunt
749 3609 980 3671 scelera,
1030 3606 1301 3676 quomodo
1347 3621 1476 3676 ergo
1528 3606 1671 3675 paria
1714 3606 2173 3675 suppliciaiQuitl

581 3717 714 3772 ergo
738 3700 1015 3756 dicemus?
1043 3699 1195 3767 Quod
1221 3707 1370 3753 certe
1398 3714 1504 3752 non
1536 3712 1696 3767 parva
1730 3713 1815 3753 res
1845 3701 1914 3753 sit
1940 3699 2174 3755 ebrietas

581 3805 639 3850 et
664 3792 1005 3849 maledictum
1030 3809 1043 3846 :
1073 3789 1288 3861 quando
1309 3790 1525 3859 quidem
1552 3790 1796 3844 Christus
1817 3805 1938 3844 eum
1957 3792 2045 3860 qui
2070 3791 2173 3845 fra-

582 3902 721 3943 trem
763 3901 918 3941 suum
949 3884 1153 3937 fatmtm
1183 3882 1436 3947 vocavit,
1460 3882 1722 3950 gehennae
1753 3882 1991 3935 tradidit.
2018 3883 2173 3952 Stcpe

579 3983 727 4037 enim
751 3979 875 4033 hinc
898 3983 1385 4045 morscousequuta
1404 3982 1522 4028 est:
1547 3973 1926 4028 etJudteorum
1942 3976 2171 4045 pepnlus

580 4088 645 4127 ex
674 4072 935 4126 ebrietate
966 4066 1281 4137 gravissima
1320 4064 1785 4133 admisitpeccata.
1815 4064 2015 4120 Deinde
2064 4081 2169 4120 non

581 4164 649 4218 de
665 4161 925 4232 supplicio
946 4160 1031 4213 hic
1050 4172 1351 4212 sermonem
1373 4154 1552 4221 habet,
1576 4155 1669 4210 sed
1692 4156 1759 4209 de
1779 4157 2066 4210 amissione
2081 4172 2169 4211 re-

576 4256 685 4325 gni.
702 4256 740 4306 Α
758 4266 920 4322 regno
937 4252 1093 4319 igitur
1108 4259 1255 4303 certe
1272 4248 1516 4303 similiter
1530 4256 1585 4302 et
1605 4248 1691 4301 hic
1707 4256 1760 4300 et
1780 4246 1869 4301 ille
1892 4249 2167 4305 excidunt:

587 4347 631 4397 si
656 4358 783 4397 vero
814 4344 866 4394 in
895 4340 1138 4411 gebenna
1158 4340 1390 4407 aliquam
1409 4338 1519 4391 sint
1539 4336 1768 4391 habituri
1787 4336 2165 4400 differentiam,

583 4449 688 4487 non
732 4441 847 4486 erat
890 4430 1171 4500 praesentis
1219 4428 1476 4497 temporis
1515 4427 1849 4495 disquirere;
1893 4445 1996 4482 non
2024 4431 2165 4482 enim

565 4528 685 4581 'boc
718 4524 1047 4594 propositum
1072 4521 1225 4575 nobis
1256 4529 1357 4575 est.
1386 4521 1471 4574 ll.
1504 4517 1570 4572 Et
1597 4519 1705 4573 lucc
1725 4522 1931 4589 quidam
1962 4522 2166 4589 fuistis:

578 4620 667 4673 sed
686 4617 843 4671 abluti
865 4619 1002 4677 estis,
1034 4614 1121 4668 sed
1149 4612 1453 4679 sanctiﬁcati
1482 4612 1618 4665 estis.
1645 4611 1889 4679 Magnum
1916 4612 2165 4681 ingerens

578 4710 837 4781 pudorem
865 4705 1143 4774 subjunxit
1164 4703 1351 4756 dicens
1379 4720 1393 4755 :
1425 4702 1665 4772 Cogitate
1692 4716 1757 4755 ex
1790 4704 2009 4771 quantis
2046 4718 2161 4757 ma-

574 4802 641 4857 lis
691 4816 787 4854 vos
822 4797 1083 4865 eripuerit
1134 4794 1297 4856 Deus,
1344 4805 1599 4860 quantam
1628 4793 1781 4847 vobis
1823 4793 2164 4863 benignitatis

574 4911 685 4949 su:e
704 4891 993 4963 praabuerit
1012 4886 1398 4957 experientiam
1424 4894 1479 4938 ct
1500 4884 2008 4939 demonstrationem
2030 4902 2044 4950 ;
2071 4902 2163 4941 ne-

573 5004 679 5059 que
703 4986 771 5041 ad
815 4985 982 5038 solam
1030 4980 1402 5035 liberationem
1434 4977 1738 5032 mercedem
1771 4979 2029 5041 extendit,
2067 4979 2160 5033 sed

572 5083 729 5148 longe
756 5075 988 5144 ampiius
1027 5070 1344 5126 benelieiutn
1384 5069 1567 5123 auxit:
1603 5069 1801 5122 etenim
1829 5070 2083 5123 mundum
2106 5082 2163 5125 et

573 5186 762 5241 purum
795 5150 939 5222 fecit.
970 5166 1104 5219 Num
1135 5163 1237 5218 hoc
1284 5162 1533 5216 tantum?
1575 5162 1940 5233 Nequaquam.
1983 5164 2074 5217 sed
2106 5174 2162 5218 et

569 5259 957 5323 sanetillcavit;
984 5270 1157 5324 neque
1182 5254 1281 5308 hoc
1308 5254 1505 5315 solum,
1530 5253 1623 5306 sed
1646 5254 1805 5307 etiam
1823 5253 2154 5321 jnstilicavit.

569 5353 733 5423 Atqui
785 5351 867 5404 vel
912 5364 940 5401 a
990 5348 1221 5417 peccatis
1268 5346 1483 5399 liberart
1524 5360 1772 5414 magnmn
1802 5356 1884 5399 est
1909 5348 2154 5401 donum:

570 5458 714 5508 nunc
742 5450 923 5495 autem
954 5448 1007 5492 te
1034 5437 1327 5491 innumeris
1354 5435 1578 5503 replevit
1604 5436 1779 5489 bonis.
1815 5436 1881 5489 Et
1927 5438 2029 5493 hoc
2076 5438 2155 5491 fa-

566 5545 711 5589 ctum
739 5541 839 5592 est,
874 5528 937 5582 In
968 5528 1172 5579 nomine
1214 5524 1417 5578 Domini
1444 5527 1604 5577 nostri
1624 5524 1748 5579 Jesu
1782 5526 1969 5581 Christi
1998 5543 2017 5582 ε
2050 5544 2153 5581 non

569 5628 620 5681 in
649 5628 751 5680 hoc
771 5626 857 5679 vel
890 5623 941 5676 in
968 5620 1078 5685 illo,
1112 5618 1205 5672 sed
1252 5617 1313 5669 Et
1361 5618 1413 5669 in
1458 5617 1657 5685 Spiritu
1707 5618 1798 5671 Dei
1822 5622 2000 5673 nostri.
2034 5621 2156 5675 lla-c

566 5733 694 5784 ergo
720 5732 841 5771 cum
868 5716 1122 5774 sciamus,
1172 5709 1377 5775 dilecti,
1410 5718 1463 5762 et
1501 5710 1703 5778 accepti
1745 5710 1987 5764 benefit-ii
2037 5726 2153 5764 ma-

566 5808 896 5881 gnitudinem
954 5804 1273 5873 cogitantes,
1323 5814 1633 5855 maneamus
1682 5811 2043 5870 temperanter
2073 5805 2151 5855 vi-

1388 389 1444 443 S.
1485 387 1763 445 JOANMS
1799 388 2276 445 CIIBYSOSTOMI
2316 390 2633 449 ARCIIIEP.
2665 393 3199 455 CONS'I‘ANTINOP.

3778 411 3891 468 €36

2300 516 2513 571 ventes,
2567 508 2637 563 ab
2666 508 2733 564 iis
2766 512 3016 568 omnibus
3040 531 3161 585 qua:
3187 528 3493 576 enumerata
3525 532 3648 579 sunt
3674 529 3886 593 meridi,

2297 603 2351 648 et
2378 595 2665 653 tribunalia
2689 598 2978 670 fugiamus,
3010 620 3129 674 qum
3151 617 3275 661 sunt
3305 610 3356 663 in
3383 613 3618 668 externis
3644 615 3797 685 foris,
3829 630 3889 674 es

2294 685 2623 771 nobilitatem
2663 706 2823 761 quam
2868 694 3027 748 nobis
3070 697 3211 751 Deus
3247 698 3469 769 largitus
3492 713 3577 759 est
3611 708 3889 764 custodia-

2293 791 2432 872 mus.
2460 776 2645 851 Cogita
2674 785 2841 846 enim,
2869 797 3086 854 quantae
3112 790 3183 845 sit
3209 793 3575 865 turpitudinis,
3620 800 3716 856 tibi
3757 802 3885 872 jura

2292 868 2561 926 dicentem
2592 874 2785 929 sedere
2808 874 3079 934 Gmcum.

2361 963 2416 1052 5.
2458 962 2593 1028 Quid
2625 981 2787 1035 ergo,
2832 967 3039 1033 inquies
3064 1011 3080 1035 ,
3114 970 3159 1025 si
3190 973 3234 1026 is
3265 974 3353 1044 qui
3386 977 3530 1033 intus
3553 990 3637 1034 est
3678 983 3865 1052 iniqu

2286 1051 2533 1141 judicet?
2570 1052 2712 1119 Cur,
2742 1062 2967 1124 quaeso?
2996 1062 3290 1115 secundum
3321 1080 3454 1133 quas
3484 1067 3631 1137 leges
3671 1051 3887 1141 judirat

2290 1140 2528 1207 (ἔκνους,
2552 1154 2607 1196 et
2631 1147 2923 1200 secundum
2944 1165 3076 1218 quas
3100 1151 3437 1209 Christianus
3456 1156 3481 1209 ?
3497 1172 3678 1212 annon
3705 1160 3881 1229 palam

2290 1244 2375 1285 est
2400 1231 2645 1287 Gnrcum
2678 1237 2970 1290 secttntlum
3005 1241 3149 1308 leges
3181 1242 3491 1311 hominum,
3534 1258 3588 1303 et
3614 1248 3881 1305 Christia-

2293 1339 2418 1376 num
2454 1325 2757 1411 secundum
2803 1329 2946 1399 legc-s
2988 1332 3119 1385 Dei?
3174 1334 3268 1388 llic
3298 1352 3428 1405 ergo
3466 1342 3636 1409 magis
3672 1341 3882 1411 justitia

2292 1409 2575 1476 reperitur,
2602 1413 2723 1482 quia
2754 1415 2897 1484 leges
2922 1431 2986 1469 ex
3013 1418 3148 1471 casto
3178 1430 3303 1473 sunt
3331 1423 3529 1477 misstu.
3563 1424 3617 1478 ln
3639 1409 3885 1482 externis

2290 1497 2433 1551 enim
2464 1512 2661 1568 praeter
2686 1519 2750 1558 ea
2793 1520 2913 1575 qum
2955 1506 3097 1562 dicta
3134 1520 3298 1575 sunt,
3327 1511 3433 1567 alia
3459 1524 3581 1569 sunt
3626 1529 3880 1586 suspecta

2291 1590 2478 1657 multa,
2498 1603 2771 1651 oratorum
2799 1598 2879 1652 vis
2899 1599 3109 1654 dicendi
3141 1643 3155 1665 ,
3182 1604 3798 1680 principumcorruptio,
3825 1625 3881 1666 et

2290 1680 2453 1733 multa
2483 1683 2586 1737 alia
2614 1702 2734 1752 quae
2770 1687 3032 1755 justitiam
3076 1692 3398 1749 labefactant
3423 1715 3437 1749 :
3464 1697 3553 1752 hic
3584 1715 3715 1755 vero
3743 1704 3881 1759 nihil

2291 1769 2483 1864 horum
2513 1784 2616 1834 est.
2639 1775 2776 1842 Quid
2799 1793 2929 1845 ergo
2949 1820 2963 1841 ,
3003 1781 3212 1849 inquies
3230 1825 3242 1845 ,
3269 1785 3313 1838 si
3337 1786 3674 1844 adversarius
3700 1791 3883 1864 dyna-

2291 1871 2369 1949 sta
2413 1863 2530 1917 sit?
2570 1865 2634 1919 Et
2678 1866 2799 1921 ideo
2833 1871 3065 1925 maxime
3106 1873 3193 1927 hic
3227 1874 3473 1942 judicare
3512 1863 3785 1949 oportet:
3824 1887 3882 1940 in

2289 1938 2527 2009 citernis
2553 1958 2812 2013 enimille
2850 1960 3067 2029 judiciis
3110 1974 3161 2019 te
3202 1938 3306 2020 erit
3346 1938 3566 2025 omnim;
3609 1938 3883 2043 superior.

2289 2043 2345 2099 Si
2369 2056 2548 2101 autem
2576 2050 2665 2105 ille
2692 2066 2796 2105 non
2838 2056 3165 2123 acquiescit,
3194 2068 3249 2111 et
3276 2060 3319 2112 si
3351 2059 3400 2113 id
3433 2064 3576 2131 quod
3622 2066 3766 2120 intus
3796 2080 3885 2123 est

2282 2141 2541 2211 judicium
2572 2144 2801 2213 despicit
2827 2156 2881 2200 et
2926 2147 3068 2201 foras
3108 2152 3155 2201 vi
3200 2152 3404 2206 trahit?
3446 2153 3635 2209 Melius
3672 2168 3759 2212 εει
3802 2160 3881 2221 id.

2286 2233 2427 2301 quod
2456 2249 2523 2290 ex
2553 2237 2874 2293 necessitate
2907 2254 3161 2309 passurus
3196 2257 3257 2297 es
3282 2284 3297 2306 .
3330 2255 3381 2299 te
3428 2248 3678 2303 libentem
3712 2254 3883 2305 susti-

2289 2339 2418 2378 nere
2434 2327 2765 2395 ctjutlieium
2794 2347 2897 2383 non
2924 2332 3128 2395 subire,
3155 2342 3211 2386 ut
3241 2343 3295 2387 et
3322 2339 3627 2393 mercedem
3655 2342 3879 2397 habeas.

2286 2414 2419 2469 Nam
2452 2415 2535 2483 Si,
2570 2419 2760 2487 inquit,
2791 2421 2905 2488 quis
2927 2422 3042 2475 velit
3065 2432 3227 2476 tecum
3261 2427 3315 2477 in
3333 2426 3531 2494 judicio
3554 2434 3879 2499 contendere,

2288 2517 2333 2559 et
2351 2509 2575 2560 tunicam
2595 2512 2993 2580 tuamacripere,
3018 2513 3237 2570 dimittes
3259 2515 3336 2569 illi
3361 2520 3511 2570 etiam
3529 2522 3744 2589 pallium
3763 2539 3783 2586 ;
3802 2535 3879 2590 et,

2289 2597 2376 2651 Sis
2401 2598 2667 2653 benerolus
2696 2602 2983 2656 adversario
3011 2614 3098 2658 tuo
3120 2607 3219 2659 cito
3239 2649 3253 2669 ,
3282 2608 3443 2661 donec
3482 2627 3534 2664 es
3572 2614 3625 2664 in
3651 2615 3733 2667 via
3760 2632 3881 2671 cum

2286 2692 2376 2745 illo
2402 2692 2615 2763 (Matth.
2648 2696 2701 2749 5.
2728 2696 2815 2749 ιι).
2840 2695 2953 2764 25).
2983 2698 3185 2768 Ecquid
3214 2713 3392 2755 nostra
3416 2704 3595 2759 dicere
3613 2723 3745 2775 opus
3767 2713 3880 2764 est?

2286 2799 2406 2837 nam
2431 2787 2529 2853 ipsi
2558 2804 2770 2857 quoque
2795 2802 3137 2844 externorum
3167 2795 3506 2865 tribunalium
3528 2801 3739 2861 patroni
3763 2801 3881 2856 bmc

2284 2878 2581 2946 strpissimc
2609 2880 2813 2942 dicunt,
2849 2882 3039 2935 melius
3069 2898 3189 2937 esse
3221 2883 3351 2939 foris
3376 2887 3494 2941 lites
3523 2903 3874 2959 componere.

2362 2971 2701 3024 Pecuniarum
2739 2990 2884 3025 amor
2911 2975 3079 3025 omnia
3106 2977 3365 3030 subvertit.
3393 3008 3466 3018 —
3485 2979 3625 3045 Sed,
3650 2996 3687 3035 ο
3716 2999 3879 3051 pecu-

2286 3062 2430 3114 nias!
2466 3063 2572 3115 imo
2603 3065 2797 3133 potius,
2829 3078 2863 3116 0
2891 3066 3179 3120 absurdum
3209 3070 3555 3135 pecuniarum
3584 3087 3829 3130 amorem
3859 3079 3875 3129 !

2283 3150 2373 3218 qui
2417 3153 2594 3205 omnia
2630 3154 2893 3208 subvertit
2934 3166 2989 3209 et
3016 3156 3251 3224 dejecit;
3284 3175 3546 3230 nugaeque
3576 3173 3632 3218 et
3674 3165 3872 3221 fabula:

2286 3241 2467 3293 multis
2495 3255 2616 3295 sunt
2659 3245 2836 3297 omnia
2872 3256 3089 3314 propter
3118 3250 3389 3315 pecunias.
3418 3250 3485 3306 Et
3510 3254 3649 3321 quod
3682 3256 3751 3319 ii,
3781 3259 3875 3326 qui

2283 3332 2627 3389 smcularibns
2653 3335 2993 3400 sintatldicti,
3026 3337 3075 3391 in
3104 3339 3461 3396 tribunalibus
3482 3344 3603 3399 lites
3621 3360 3871 3401 commo-

2284 3433 2459 3486 veant,
2486 3424 2616 3479 nihil
2640 3427 2830 3479 mirum
2857 3444 2871 3491 ;
2900 3426 3043 3495 quod
3065 3438 3242 3483 autem
3271 3432 3421 3483 multi
3445 3449 3509 3486 ex
3541 3434 3628 3498 iis,
3647 3438 3737 3505 qui
3765 3456 3872 3492 sm-

2281 3516 2403 3569 culo
2430 3515 2874 3570 abrenuntiarunt
2900 3558 2914 3580 ,
2944 3518 3132 3573 eadem
3162 3519 3276 3587 ipsa
3308 3520 3501 3576 faciant
3525 3564 3541 3588 ,
3573 3526 3676 3579 hoc
3723 3540 3874 3585 certe

2280 3616 2361 3659 est
2387 3616 2539 3660 extra
2568 3608 2777 3659 veniam
2800 3621 3033 3662 omnem.
3065 3608 3197 3662 Nam
3229 3610 3272 3663 si
3299 3612 3380 3664 vis
3401 3612 3584 3670 videre
3610 3630 3872 3685 quantum

2282 3705 2335 3751 te
2354 3699 2547 3751 abesse
2576 3702 2644 3752 ab
2669 3698 2767 3751 hoc
2794 3716 2911 3765 usu,
2949 3704 3520 3771 nempctribunalium,
3556 3716 3873 3781 pra‘eeperit

2278 3786 2549 3855 Scriptura
2573 3831 2588 3854 ,
2617 3799 2671 3843 et
2697 3789 2907 3845 discere
2938 3792 3256 3861 quibusnam
3297 3794 3445 3863 leges
3498 3800 3687 3865 posita:
3716 3804 3827 3857 sint
3853 3846 3869 3868 ,

2278 3880 2398 3932 audi
2430 3880 2553 3946 quid
2581 3880 2723 3935 dicat
2752 3882 2945 3936 Pauln.
2976 3902 2987 3935 :
3019 3884 3167 3937 Justo
3188 3886 3271 3938 lea:
3310 3903 3411 3939 non
3449 3900 3519 3940 est
3549 3893 3738 3958 posita,
3780 3898 3873 3948 sed

2276 3970 2479 4037 injustis
2499 3981 2544 4022 et
2567 3988 2667 4023 non
2696 3973 2950 4042 subditis(
2979 3976 3027 4027 l.
3055 3973 3190 4028 Tim.
3226 3978 3276 4029 i.
3301 3977 3334 4029 9
3357 3978 3394 4044 ).
3422 3979 3575 4045 Quod
3603 3984 3647 4036 si
3677 3984 3771 4039 ille
3800 3987 3871 4042 de

2276 4058 2502 4111 Mosaica
2546 4059 2646 4114 hoc
2674 4060 2834 4125 dicit,
2866 4062 3031 4115 multo
3059 4066 3226 4135 magis
3253 4066 3323 4121 de
3364 4071 3602 4125 externis
3632 4072 3867 4143 legibus.

2276 4148 2330 4202 Si
2360 4163 2489 4217 ergo
2520 4149 2765 4218 injuriam
2806 4153 2996 4206 feceris
3021 4194 3035 4219 ,
3071 4156 3243 4222 palam
3276 4166 3359 4211 est
3391 4167 3444 4211 te
3484 4177 3589 4214 non
3630 4178 3756 4220 esse
3777 4166 3868 4235 ju-

2276 4247 2451 4303 stum;
2500 4240 2542 4293 si
2589 4251 2764 4294 autem
2806 4242 2994 4311 injuria
3024 4243 3275 4301 alliciaris
3302 4259 3350 4301 et
3380 4246 3518 4302 feras
3550 4251 3689 4322 (hoc
3714 4257 3865 4311 enim

2277 4333 2508 4385 maxime
2534 4332 2663 4399 justi
2687 4342 2769 4386 est
2791 4335 2842 4403 ),
2870 4350 2975 4388 non
3009 4351 3143 4405 opus
3172 4337 3338 4392 habes
3364 4345 3601 4397 externis
3629 4347 3858 4415 legibus.

2276 4426 2341 4479 Et
2365 4426 2653 4495 quomodo,
2676 4425 2903 4493 inquies,
2932 4427 3119 4493 injuria
3145 4428 3305 4483 larsus
3334 4428 3474 4484 ferre
3505 4445 3691 4501 potero
3711 4438 3737 4491 ?
3764 4442 3864 4493 At-

2274 4518 2362 4588 qni
2404 4515 2650 4571 Christus
2699 4516 2897 4586 aliquid
2937 4519 3096 4572 etiam
3150 4520 3379 4587 amplius
3428 4525 3702 4594 praecepit.
3742 4528 3862 4583 Non

2273 4611 2432 4663 modo
2470 4612 2612 4664 enim
2660 4611 2846 4679 injuria
2903 4616 3086 4668 lmsum
3139 4614 3279 4670 ferre
3306 4616 3506 4684 jussit,
3549 4621 3643 4675 sed
3694 4624 3861 4679 etiam

2270 4701 2471 4755 aﬂatim
2498 4716 2719 4771 erogare
2742 4704 2791 4757 ei
2818 4706 2904 4773 qui
2930 4704 3051 4758 facit
3082 4704 3353 4771 injuriam,
3377 4717 3431 4760 et
3461 4709 3698 4776 patiendi
3722 4713 3860 4769 ade-

2272 4803 2359 4847 ctu
2390 4803 2445 4847 et
2482 4795 2663 4848 animo
2690 4810 2944 4865 superare
2985 4798 3334 4865 cupiditatem
3376 4802 3516 4853 mala
3547 4801 3856 4860 inferentis.

2270 4886 2385 4940 Non
2410 4887 2552 4940 enim
2574 4886 2730 4953 dixit,
2765 4890 2825 4943 Ei
2847 4890 2937 4959 qui
2957 4890 3083 4943 velit
3113 4898 3285 4943 tecum
3319 4890 3369 4943 in
3392 4891 3595 4960 judicio
3624 4908 3856 4951 conten-

2270 4978 2400 5033 dere
2423 4988 2477 5031 et
2501 4980 2731 5033 tunicam
2762 4990 2904 5035 tuam
2936 4981 3147 5034 auferre
3168 5023 3183 5047 ,
3212 4981 3420 5038 dimitte
3452 4987 3687 5049 tunicam
3714 5004 3731 5054 ;
3762 4987 3857 5045 sed

2269 5084 2389 5122 cum
2424 5069 2508 5121 illa
2549 5080 2604 5124 et
2641 5073 2855 5140 pallium
2882 5073 3028 5126 dato.
3062 5071 3229 5125 Vince
3256 5071 3404 5128 illum
3426 5114 3441 5135 .
3470 5076 3637 5146 inquit
3664 5118 3680 5141 ,
3716 5079 3856 5132 male

2269 5162 2517 5229 patiendo
2541 5204 2555 5225 ,
2588 5178 2691 5215 non
2735 5164 2872 5218 male
2899 5163 3144 5218 faciendo
3176 5183 3187 5216 :
3214 5164 3329 5220 lnec
3356 5178 3431 5221 est
3459 5170 3602 5223 enim
3627 5171 3778 5226 clara
3798 5179 3855 5226 et

2267 5256 2545 5323 splendida
2598 5258 2839 5312 victoria.
2913 5258 3141 5327 Ideoque
3193 5271 3372 5326 postea
3421 5261 3550 5317 dicit
3603 5263 3847 5318 Paulus:

2264 5345 2385 5398 Jam
2405 5348 2536 5399 enim
2562 5350 2798 5401 delictum
2826 5358 2897 5401 cst
2922 5350 3056 5401 vobis
3075 5390 3090 5412 ,
3118 5351 3255 5417 quod
3271 5351 3471 5419 judicia
3495 5354 3689 5407 habetis
3722 5356 3858 5409 inter

2265 5453 2351 5491 vos
2380 5452 2399 5491 :
2419 5447 2465 5490 et
2490 5455 2580 5491 cur
2609 5456 2707 5492 non
2736 5440 2903 5509 potius
2941 5438 3185 5507 injuriam
3212 5442 3486 5510 accipitis?
3523 5441 3677 5506 Quod
3706 5445 3851 5497 enim

2266 5528 2310 5581 is
2332 5530 2417 5597 qui
2452 5528 2641 5598 injuria
2666 5530 2917 5593 afﬁcitur,
2951 5531 3117 5599 magis
3158 5532 3350 5593 vincat,
3384 5547 3543 5599 quam
3574 5531 3619 5583 is
3648 5533 3740 5599 qui
3775 5535 3851 5585 in-

2259 5617 2455 5686 juriam
2484 5635 2588 5673 non
2622 5619 2745 5685 fert,
2773 5619 2873 5673 hoc
2901 5619 3050 5674 vobis
3074 5622 3246 5693 palam
3268 5622 3456 5675 faciam
3511 5620 3739 5676 Etiamsi
3761 5626 3850 5693 qui

2264 5708 2510 5780 injuriam
2544 5728 2647 5766 non
2681 5711 2780 5764 fert
2807 5711 2859 5765 in
2881 5713 3139 5782 judicium
3160 5713 3402 5776 traxerit,
3436 5713 3647 5769 etiamsi
3680 5730 3847 5785 supe-

2264 5805 2415 5869 rarit,
2475 5816 2598 5859 tunc
2644 5807 2875 5860 maxime
2918 5808 3165 5860 vincitur.
3219 5805 3371 5872 Quod
3414 5806 3557 5860 enim
3611 5807 3848 5877 uolebat,
