4084 6328
192 370 281 426 153
1261 370 1329 427 ιιι
1368 369 1589 426 EPIST.
1629 368 1652 425 I
1689 366 1764 425 ΔΙ

1867 368 1981 427 OB.
2021 366 2257 425 HOMIL.
2300 366 2443 422 XVI.

185 487 723 556 κληρονομήσουσι.
800 488 867 543 Τί
941 487 1160 558 λέγεις;
1230 488 1362 561 περὶ
1423 486 1765 539 πλεονεκτῶν

188 570 572 639 διαλεγόμενος.
612 569 870 625 τοσοῦτον
900 570 1059 642 δχλον
1084 571 1371 642 ἐπήγαγες
1411 570 1546 640 ημῖν
1576 583 1763 637 παρα-

186 653 350 720 νόμων
370 649 712 721 ἀνθρώπωνς
751 653 884 717 Ναὶ,
914 653 1119 724 φησίν·
1151 653 1268 707 ἀλλ’
1292 652 1355 706 οὑ
1395 650 1645 722 συγχέων
1671 648 1766 702 τὸν

186 733 328 800 λόγον
359 732 519 787 τοῦτο
561 734 724 801 ποιῶ,
761 736 900 790 ἀλλά
928 738 1025 789 καὶ
1051 736 1204 802 τάξει
1238 734 1390 809 [140]
1425 733 1759 805 προσαίνων.

191 817 384 888 Ὥσπερ
413 816 526 886 γὰρ
555 817 686 890 περὶ
718 817 831 871 τῶν
865 818 1083 891 πόρνων
1116 820 1524 889 διαλεγόμενος,
1553 816 1762 887 μέμνη-

187 914 269 951 ται
301 898 521 952 πάντων
548 898 711 971 ὁμοῦ,
752 899 898 954 οὕτω
931 901 1097 955 πάλιν
1130 902 1225 954 τοῦ
1259 899 1580 953 πλεονέκτου
1622 914 1762 967 μνη-

189 982 342 1044 σθεὶς,
373 981 586 1045 πάντας
636 985 717 1045 είς
772 982 940 1053 μέσον
990 984 1138 1050 ἀγει,
1177 983 1315 1053 πρὸς
1345 982 1471 1044 τοὺς
1506 979 1763 1049 ἐλέγχους

190 1060 469 1126 συνεθίζων
522 1064 653 1126 τοὺς
694 1065 763 1117 τά
803 1064 1033 1119 τοιαῦτα
1071 1065 1382 1124 συνειδότας
1408 1063 1639 1126 ἐαυτοῖς.
1689 1062 1765 1114 τὸ

188 1145 284 1213 γὰρ
339 1144 396 1197 ἐν
430 1148 558 1207 ταῖς
594 1145 703 1200 τῶν
734 1146 938 1217 ἐτέρων
974 1149 1218 1218 μνήμαις
1260 1145 1500 1215 συνεχῶς
1544 1144 1764 1199 ἀκούειν

185 1227 275 1297 τήν
308 1227 568 1298 κειμένην
589 1228 815 1282 κόλασιν
832 1231 1039 1292 αὑτοῖς,
1070 1227 1474 1298 εὐπαράδεκτον
1500 1229 1649 1279 ποιεῖ
1673 1226 1764 1280 τὸν

186 1310 410 1381 ξλεγχον,
460 1309 685 1364 ἐπειδὰν
730 1314 845 1375 τοῖς
880 1312 1103 1373 οἰκείοις
1138 1310 1321 1362 αὐτῶν
1366 1311 1764 1382 ἁμαρτήμασιν

185 1390 568 1460 ἐπαποδύηται.
631 1393 766 1447 οὑδὲ
820 1393 932 1465 γὰρ
967 1394 1044 1456 ὡς
1087 1391 1346 1455 συνειδὼς
1398 1392 1637 1447 ἐνταῦθα
1672 1391 1766 1444 αὑ-

185 1476 282 1536 τοῖς
310 1474 501 1541 ταῦτα,
543 1476 662 1529 οὐδὲ
686 1477 762 1540 ὡς
784 1476 1022 1546 ἐλέγχων
1053 1479 1293 1530 ποιεῖται
1330 1476 1430 1547 τὴν
1456 1476 1704 1547 ἀπειλήν·
1734 1474 1764 1527 6

188 1557 407 1625 μάλιστα
435 1560 534 1612 καὶ
557 1558 744 1612 ίκανόν
767 1560 883 1612 ἐστι
906 1560 1204 1629 κατασχεῖν
1228 1559 1325 1611 τδν
1345 1558 1644 1630 ἀκροατὴν,
1672 1557 1765 1611 καὶ

188 1642 254 1711 μὴ
274 1643 485 1711 άτεῖναι
521 1642 896 1713 ἀποπηδῆσαι,
921 1642 1051 1696 ὃταν
1078 1644 1154 1713 μὴ
1188 1642 1326 1713 πρὸς
1350 1641 1514 1694 αὑτὸν
1538 1644 1569 1695 6
1604 1641 1765 1709 λόγος

185 1723 544 1794 ἀποτείνηται,
567 1723 683 1778 ἀλλ’
706 1724 1033 1797 ἀδιορίστως
1051 1725 1369 1795 λεγόμενος,
1392 1723 1765 1788 λανθανόντως

184 1804 334 1858 αὑτοῦ
362 1806 577 1878 πλήττῃ
612 1807 675 1861 τὸ
704 1808 964 1875 συνειδός.
992 1810 1093 1879 Μὴ
1120 1808 1458 1865 πλανᾶσθε.
1500 1806 1767 1861 Ἐνταῦθα

184 1888 465 1944 αἰνίττεται
491 1907 647 1955 τινας
679 1891 962 1960 λέγοντας,
997 1892 1139 1965 δπερ
1178 1894 1276 1945 καὶ
1300 1890 1399 1946 νῦν
1428 1890 1681 1959 λέγουσιν
1715 1894 1765 1945 οί

185 1970 373 2035 πολλοὶ,
412 1975 497 2028 δτι
531 1975 920 2046 Φιλάνθρωπος
953 1973 1031 2027 ὣν
1063 1976 1092 2027 6
1111 1974 1245 2038 Θεὸς
1274 1976 1371 2028 καὶ
1400 1974 1627 2042 ἀγαθὸς,
1663 1974 1767 2029 οὑκ

184 2054 528 2126 ἐπεξέρχεται
552 2058 664 2119 τοῖς
697 2056 1165 2127 πλημμελήμασι·
1205 2055 1281 2126 μὴ
1310 2055 1376 2125 δὴ
1410 2055 1760 2129 φοϐηθῶμεν·

184 2137 356 2190 οὑδένα
387 2136 499 2209 7&9
550 2137 638 2188 ἐπ’
681 2137 860 2190 οὐδενὶ
904 2137 1063 2208 δίκην
1111 2137 1410 2208 ἀπαιτήσει
1464 2139 1618 2192 ποτέ.
1653 2138 1765 2194 Καὶ

183 2217 372 2271 τούτων
413 2219 602 2272 ἕνεκέν
639 2236 827 2290 φησιν·
878 2218 978 2288 Μὴ
1020 2218 1359 2275 πλανᾶσθε.
1393 2220 1613 2289 Πλάνης
1653 2220 1766 2292 γάρ

184 2301 317 2354 ἐστιν
370 2302 610 2372 ἐσχάτης
664 2302 759 2356 καὶ
792 2304 1032 2373 ἀπάτης,
1068 2300 1371 2356 ἐλπίσαντα
1411 2303 1628 2375 χρηστὰ
1656 2303 1764 2357 τῶν

183 2382 423 2437 ιναντεων
445 2386 745 2457 ἐπιτυχεῖν,
769 2385 865 2439 καὶ
889 2384 1065 2440 ταῦτα
1090 2386 1221 2456 περὶ
1248 2384 1385 2439 Θεοῦ
1412 2386 1761 2449 ὑποπτεύειν,

183 2464 215 2518 ἃ
256 2466 385 2537 μηδὲ
434 2467 568 2537 περὶ
614 2468 906 2540 ἀνθρώπου
960 2486 1045 2533 τις
1080 2470 1373 2540 ἐννοήσειε.
1419 2469 1513 2522 Διό
1545 2457 1710 2539 φησιν
1736 2470 1767 2521 6

186 2551 454 2622 προφήτης
486 2552 553 2605 ἐκ
583 2551 881 2626 προσώπου
906 2551 1096 2606 αὑτοῦ·
1132 2551 1466 2618 ’Υπέλασες
1484 2553 1760 2624 ἀνομίαν,

184 2632 264 2685 ότι
284 2634 501 2703 ἔσομαί
532 2650 636 2690 σοι
653 2634 877 2705 ὅμοιος·
904 2633 1134 2705 ἐλέγξω
1164 2651 1240 2689 σε
1261 2634 1363 2689 καί
1392 2636 1766 2704 ,παραστήσω

183 2716 320 2769 κατά
335 2718 667 2785 πρόσωπόν
698 2732 820 2771 σου
848 2717 958 2783 τὰς
977 2717 1236 2786 ἀνομίας
1259 2733 1398 2773 σου·
1425 2718 1521 2771 καὶ
1552 2720 1584 2771 6
1615 2718 1766 2772 Παῦ-

185 2801 266 2861 λος
296 2797 556 2865 ενταῦθα,
586 2800 685 2868 Μὴ
711 2797 1029 2854 πλανᾶσθε
1051 2814 1067 2830 ·
1094 2800 1235 2854 οὔτε
1274 2800 1487 2867 πόρνοι
1518 2800 1633 2870 (τὸν
1661 2800 1762 2871 ήδη

184 2880 641 2937 καταδικασθέντα
674 2881 895 2953 πρῶτον
920 2882 1179 2953 τίθησιν),
1208 2882 1349 2938 οὔτε
1366 2883 1591 2951 μοιχοί,
1626 2884 1765 2940 οὔτε

180 2966 451 3033 μαλακοί,
482 2966 623 3021 οὔτε
654 2965 934 3037 μέθυσοι,
968 2966 1109 3022 οὔτε
1134 2966 1402 3035 λοίδοροι
1432 2967 1766 3031 ,βασιλείαν

187 3048 322 3103 Θεοῦ
353 3048 909 3119 κληρονομήσουσι.

249 3229 435 3284 Πολλοὶ
472 3230 665 3286 τούτου
698 3230 1029 3285 ἐπελάϐοντο
1061 3230 1157 3286 τοῦ
1186 3233 1411 3305 χωρίου,
1447 3232 1524 3296 ὡς
1562 3233 1769 3303 σφόδρα

185 3312 422 3382 τραχέος,
455 3326 505 3367 ει
554 3331 621 3383 γε
655 3314 749 3368 τὸν
790 3314 1027 3387 μέθυσον
1055 3314 1152 3367 καὶ
1192 3315 1435 3387 λοίδορον
1486 3316 1627 3385 μετά
1673 3316 1767 3367 τοῦ

188 3395 365 3466 μοιχοῦ
396 3398 492 3451 καὶ
516 3396 612 3451 τοῦ
639 3397 998 3471 ἡταιρηκότος
1033 3397 1130 3451 καὶ
1152 3396 1248 3451 τοῦ
1272 3397 1654 3469 ἀρσενοκοίτου
1687 3399 1769 3449 τί·

188 3477 320 3547 θησι·
356 3479 535 3533 καίτοι
583 3497 649 3550 γε
673 3482 773 3534 οὑκ
804 3480 894 3535 ίσα
920 3481 991 3535 τά
1020 3481 1369 3553 ἐγκλήματα,
1403 3480 1523 3545 πῶς
1568 3477 1663 3535 οὖν
1698 3480 1769 3543 τά

188 3560 276 3628 τῆς
296 3562 569 3626 κολάσεως
604 3564 729 3628 lca;
751 3563 819 3616 Τί
845 3558 939 3617 οῦν
964 3563 1234 3635 ἐροῦμενς
1264 3565 1386 3617 ’Ότι
1411 3564 1646 3635 μάλιστα
1669 3566 1769 3634 μέν

188 3637 269 3693 οὖν
284 3644 342 3695 οὑ
374 3645 575 3714 μικρὸν
595 3646 658 3698 τὸ
680 3645 781 3713 τῆς
810 3645 985 3715 μέθης
1008 3648 1101 3699 καὶ
1123 3645 1185 3699 τὸ
1208 3647 1305 3715 τῆς
1336 3646 1623 3716 λοιδορίας,
1646 3648 1770 3699 ἐπεὶ

190 3723 273 3774 καὶ
297 3726 326 3777 6
347 3725 583 3795 Χριστὸς
623 3725 713 3777 τὸν
741 3726 927 3794 μωρὸν
963 3725 1273 3779 καλέσαντα
1314 3726 1405 3778 τὸν
1434 3726 1666 3794 ἀδελφὸν
1699 3729 1764 3795 τῇ

189 3805 364 3877 γεέννῃ
434 3805 739 3871 παρέδωκε.
799 3805 1066 3868 Πολλάκις
1117 3805 1227 3876 γὰρ
1282 3806 1531 3859 ἐντεῦθεν
1566 3806 1763 3876 ἐτέχθη

191 3888 422 3955 θάνατος·
456 3892 553 3946 καὶ
580 3892 609 3944 6
636 3890 746 3945 τῶν
771 3889 1044 3953 ⁹ιουδαίων
1073 3888 1130 3943 δέ
1154 3888 1325 3961 δῆμος
1352 3890 1424 3943 τά
1446 3891 1766 3962 χαλεπώτα-

188 3990 251 4029 τα
278 3975 341 4030 ἐκ
376 3976 473 4047 τῆς
502 3974 674 4047 μέθης
706 3974 1015 4047 ἐξήμαρτεν
1074 3972 1452 4047 ἁμαρτήματα
1476 3992 1490 4005 ·
1548 3975 1764 4043 ἔπειτα,

190 4059 264 4112 ὅτι
286 4060 345 4113 οὑ
367 4061 495 4131 περὶ
520 4059 795 4123 κολάσεως
840 4061 870 4113 6
901 4058 1059 4127 λόγος
1104 4059 1255 4129 αὑτῷ
1284 4059 1443 4126 τέως,
1473 4060 1609 4115 ἀλλά
1638 4063 1767 4133 περὶ

192 4146 504 4211 ἐκπτώσεως
540 4146 838 4217 βασιλείας.
871 4146 984 4215 Τῆς
1009 4146 1107 4215 μέν
1128 4142 1223 4200 οῦν
1256 4146 1543 4214 βασιλείας
1564 4150 1767 4219 ὁμοίως

192 4229 276 4282 καὶ
310 4222 463 4291 οὗτος
498 4230 594 4281 καὶ
623 4231 830 4289 ἐκεῖνος
861 4227 1244 4280 ἐκπίπτουσιν·
1278 4230 1329 4281 εί
1364 4229 1423 4282 δέ
1450 4247 1574 4284 τινα
1609 4235 1669 4286 ἐν
1696 4237 1763 4304 τῇ

192 4307 368 4378 γεέννῃ
393 4309 655 4379 διαφορὰν
678 4309 912 4376 ῑξουσιν,
938 4310 998 4363 ού
1027 4308 1121 4364 τοῦ
1146 4310 1412 4380 παρόντος
1441 4315 1635 4385 καιροῦ
1669 4316 1767 4386 ζη-

193 4393 309 4444 τείν·
347 4392 409 4445 οὑ
450 4392 560 4462 γάρ
593 4393 724 4465 περὶ
771 4393 961 4448 τούτου
1010 4396 1297 4465 πρόκειται
1346 4394 1441 4449 νῦν
1463 4397 1619 4468 ἡμῖν.
1652 4402 1765 4454 Καὶ

192 4474 364 4529 ταῦτὰ
410 4493 570 4542 τινες
596 4472 730 4547 ἦτε·
763 4478 903 4533 ἀλλ’
935 4478 1389 4541 ἀπελούσασθε.
1425 4479 1565 4534 ἀλλ’
1592 4479 1764 4551 ἡγιά-

191 4560 383 4627 σθητε.
433 4560 648 4632 Σφόδρα
702 4562 1068 4634 ἐντρεπτικῶς
1123 4565 1375 4635 ἐπήγαγε
1408 4563 1603 4631 λέγων·
1647 4564 1764 4617 Ἐν-

194 4642 405 4711 νοήσατε
431 4644 638 4715 ήλίκων
676 4644 821 4715 ὑμᾶς
852 4646 1089 4711 ἐξείλετο
1140 4646 1326 4700 κακῶν
1374 4647 1403 4697 6
1438 4646 1600 4709 Θεὸς,
1633 4646 1765 4717 ὅσην

196 4724 313 4795 ὑμῖν
339 4726 751 4798 φιλανθρωπίας
779 4728 1087 4800 παρέσχετο
1110 4731 1307 4799 πεῖραν
1345 4727 1441 4779 καὶ
1467 4728 1760 4793 ἀπόδειξιν·

197 4809 280 4860 καὶ
304 4810 421 4863 ούδέ
457 4810 620 4881 μέχρι
655 4809 755 4878 τῆς
776 4810 1097 4881 ἀπαλλαγῆς
1120 4811 1221 4883 τὴν
1252 4810 1523 4865 ἀντίδοσιν
1545 4812 1763 4878 ἔδωκεν,

198 4889 302 4942 ἀλλ’
330 4893 419 4945 ἐπὶ
449 4893 582 4945 πολὺ
633 4891 734 4959 τὴν
787 4892 1108 4962 εὐεργεσίαν
1165 4893 1470 4965 προήγαγε·
1518 4898 1613 4947 καὶ
1658 4898 1767 4968 γὰρ

202 4972 424 5042 καθαρὸν
464 4974 741 5044 ἐποίησεν.
767 4969 892 5046 'A9‘
921 4971 1016 5029 οὖν
1051 4976 1210 5030 τοῦτο
1241 4977 1401 5047 μόνον
1427 4994 1441 5042 ;
1477 4977 1763 5048 Οὐδαμῶς.

202 5054 322 5107 ἀλλά
352 5056 446 5110 καὶ
482 5057 727 5125 ήγίασεν·
760 5058 871 5112 ἀλλ’
900 5057 1024 5112 οὐδὲ
1069 5058 1229 5113 τοῦτο
1271 5060 1451 5133 μόνον,
1487 5060 1624 5115 ἀλλα
1674 5066 1767 5115 καὶ

199 5135 485 5191 ἐδικαίωσε.
522 5140 716 5194 Καίτοι
756 5158 820 5210 γε
865 5141 962 5195 καὶ
984 5139 1044 5194 τὸ
1070 5140 1180 5193 τῶν
1208 5143 1626 5214 ἁμαρτημάτων
1655 5145 1766 5197 ἀπ·

202 5218 499 5289 αλλαγῆναι,
531 5222 709 5294 δωρεά
733 5223 965 5295 μεγάλη·
991 5223 1109 5277 νυνὶ
1139 5221 1196 5274 δέ
1226 5240 1287 5275 σε
1310 5226 1405 5277 καὶ
1438 5224 1648 5296 μυρίων
1680 5227 1767 5279 ἐν-

204 5302 418 5372 έπλησεν
450 5305 689 5372 ἀγαθῶν.
749 5308 858 5362 kal
910 5306 1067 5360 τοῦτο
1118 5306 1338 5375 γέγονεν
1378 5309 1473 5359 Ἐν
1511 5305 1591 5372 τῷ
1632 5304 1765 5360 όνόῒ

198 5399 326 5451 ματι
351 5386 455 5439 τσῦ
470 5390 692 5455 Κυρίου
717 5389 885 5459 ἡμῶν
906 5388 1111 5456 Ἰησοῦ
1130 5388 1408 5457 Χριστοῦ·
1431 5390 1532 5442 οὐκ
1553 5392 1610 5442 ἐν
1632 5390 1767 5459 τῷδε

206 5469 290 5521 καὶ
303 5468 457 5539 τῷδε,
473 5470 609 5524 ἀλλά
632 5472 741 5525 Καὶ
761 5473 831 5526 ἐν
854 5472 934 5538 τῷ
954 5474 1255 5542 Πνεύματι
1279 5472 1386 5526 τοῦ
1404 5474 1553 5527 Θεοῦ
1574 5472 1763 5543 ἡμῶν.

208 5546 347 5623 [141]
374 5552 556 5607 Ταῦτα
592 5550 690 5609 οὖν
726 5555 948 5619 είδότες,
985 5556 1278 5627 ἀγαπητοὶ,
1317 5556 1413 5608 καὶ
1450 5556 1511 5609 τὸ
1537 5556 1768 5626 μέγεθος

205 5631 295 5702 τῆς
341 5638 714 5709 γεγενημένης
762 5640 1079 5711 εὐεργεσίας
1126 5637 1457 5702 ἐννοοῦντες,
1518 5639 1769 5709 μένωμεν

207 5720 483 5791 αωφρόνως
515 5720 777 5790 βιοῦντες,
812 5725 921 5775 τῶν
957 5739 1015 5775 τε
1068 5721 1544 5792 άπηριθμημένων
1595 5722 1760 5775 καθα-

209 5798 439 5866 ρεύοντες
461 5802 737 5865 ἀπάντων,
769 5805 861 5858 καὶ
895 5804 964 5858 τὰ
1002 5806 1331 5874 δικαστήρια
1362 5804 1654 5873 φεύγωμεν
1701 5803 1770 5855 τά

206 5877 260 5932 ἐν
298 5883 517 5954 ἀγοραῖς
548 5890 667 5950 ταῖς
700 5887 820 5952 ἐξω,
862 5889 957 5941 καὶ
995 5888 1092 5957 τὴν
1121 5890 1419 5956 εὐγένειαν,
1452 5887 1519 5956 ἣν
1565 5890 1594 5940 6
1634 5886 1767 5949 Θεὸς

3344 363 3449 422 ιδε

1871 485 2005 554 ἡμῖν
2056 484 2373 555 ἐχαρίσατο,
2416 481 2623 553 ταύτην
2668 479 3109 552 διαφυλάξωμεν.
3168 478 3450 550 Ἐννόησον

1868 566 1980 639 γάρ
2012 566 2207 638 ἡλίκης
2248 566 2399 619 ἐστὶν
2437 564 2699 635 αἰσχύνης
2739 562 3069 628 καθέζεσθαι
3093 558 3336 631 ’Έλληνά
3367 576 3450 613 σοι

1864 650 2051 706 δίκαια
2078 651 2333 722 νέμοντα.

1934 826 1995 873 ε’.
2012 820 2079 873 Τί
2092 814 2209 883 οὖν,
2235 819 2423 890 φησὶν,
2450 811 3097 888 ἐάνπαρανόμωςόῑνδον
3126 809 3321 880 κρίνῃς
3354 810 3456 863 Διά

1862 900 1940 965 τί,
1966 902 2092 954 εἰπέ
2122 918 2216 973 μοι
2237 918 2253 965 ;
2278 889 2426 955 κατά
2462 901 2652 962 ποίους
2674 897 2787 968 7&9
2804 897 3003 967 νόμους
3025 892 3235 955 δικάζει
3258 893 3290 944 6
3319 889 3453 943 Ἔλ-

1864 984 1964 1054 λην
1988 1001 2003 1048 ;
2036 986 2130 1037 καὶ
2167 985 2312 1038 κατά
2337 983 2529 1046 ποίους
2556 983 2586 1034 6
2610 980 2964 1053 Χριστιανόςς
2989 978 3093 1030 οὑκ
3120 974 3343 1041 εὔδηλον
3370 973 3455 1025 ὅτι

1866 1068 2007 1120 κατὰ
2032 1067 2132 1136 μὲν
2158 1066 2287 1129 τοὺς
2314 1065 2424 1118 τιῖιν
2447 1062 2753 1135 ἀνθρώπων
2781 1065 2811 1115 6
2829 1060 3052 1131 Ἕλλην,
3078 1057 3225 1112 κατά
3252 1056 3311 1110 δὲ
3329 1054 3454 1117 τοὺς

1865 1148 1959 1202 τοῦ
1989 1148 2126 1201 Θεοῦ
2174 1149 2203 1200 6
2240 1146 2597 1217 Χριστιανόςς
2640 1144 2854 1199 Οὐκοῦν
2892 1141 3126 1197 ἐνταῦθα
3158 1138 3362 1211 μᾶλλον
3395 1136 3460 1189 τὸ

1865 1232 2101 1294 δίκαιον,
2137 1230 2329 1300 ἐπειδὴ
2356 1231 2451 1282 καὶ
2486 1230 2545 1297 ἐξ
2578 1228 2829 1300 οὐρανῶν
2859 1230 3000 1281 εἰσιν
3042 1226 3094 1279 οί
3134 1223 3290 1293 νόμοι
3317 1237 3463 1291 πεμρ
3517 1228 3519 1230 ’

1866 1313 2113 1383 φθίντες.
2155 1313 2282 1367 Ἐπὶ
2315 1313 2417 1384 μὲν
2438 1311 2547 1382 γάρ
2568 1312 2679 1364 τῶν
2707 1310 2907 1379 ἔξωθεν
2935 1308 3077 1380 μετά
3100 1305 3208 1360 τῶν
3232 1301 3463 1374 είρημέ-

1867 1416 1977 1452 νων
2003 1397 2099 1452 καὶ
2125 1397 2292 1468 ἕτερα
2316 1396 2464 1449 ἔστιν
2492 1393 2836 1449 ὑποπτεῦσαι
2872 1391 3064 1456 πολλὰ,
3096 1389 3190 1444 καὶ
3211 1385 3462 1468 ρητόρων

1866 1480 2146 1552 δεινότητα
2192 1467 2289 1533 καὶ
2331 1478 2630 1550 διαφθορὰν
2671 1478 2951 1549 ἀρχόντων
2982 1475 3077 1531 καὶ
3110 1471 3284 1527 πολλά
3323 1467 3459 1552 ἄλλα

1867 1564 1929 1617 τὸ
1948 1550 2160 1617 δίκαιον
2185 1562 2575 1634 λυμαινόμενα·
2598 1560 2834 1616 ἐνταῦθα
2856 1557 3169 1615 δὲτοιοῦτον
3188 1553 3363 1609 οὐδέν.
3384 1550 3453 1605 Τί

1866 1640 1982 1712 οὖν,
2011 1644 2081 1699 ἀν
2112 1647 2143 1699 6
2172 1645 2443 1710 ἀντίδικος
2470 1645 2738 1717 δυνάστης
2772 1649 2831 1717 ῂ,
2854 1643 3017 1714 φησί;
3048 1639 3160 1696 Kal
3187 1637 3277 1694 διά
3301 1635 3461 1690 τοῦτο

1870 1727 1971 1799 μέν
1998 1722 2093 1781 οῦν
2120 1727 2356 1798 μάλιστα
2377 1726 2691 1792 δικάζεσθαι
2709 1726 2949 1781 ἐνταῦθα
2968 1726 3099 1796 χρή·
3126 1725 3188 1777 ἐν
3211 1721 3322 1790 γάρ
3346 1720 3462 1783 τοῖς

1868 1811 1975 1877 ἐξω
1999 1811 2376 1882 δικαστηρίοις
2413 1810 2697 1883 περιέσται
2739 1826 2834 1864 σου
2882 1811 3123 1873 πάντως.
3157 1807 3222 1861 El
3260 1803 3321 1858 δὲ
3355 1802 3460 1857 οὑκ

1867 1894 2144 1965 ἀνέχεται,
2195 1892 2335 1947 ἀλλά
2392 1893 2491 1947 καὶ
2535 1893 2645 1948 τῶν
2681 1892 2831 1947 ἔνδον
2867 1891 3204 1963 καταφρονεῖ
3235 1887 3331 1942 καὶ
3354 1884 3465 1953 εξω

1868 1978 2008 2049 πρὸς
2047 1977 2171 2049 βίαν
2200 1978 2373 2043 ἕλκει,
2420 1976 2651 2045 βέλτιον,
2696 1980 2835 2047 ὅπερ
2874 1976 2933 2043 ἐξ
2966 1976 3215 2044 ἀνάγκης
3248 1969 3466 2042 μέλλεις

1871 2061 2128 2133 πάσχειν,
2182 2060 2325 2115 ἑκὼν
2368 2073 2395 2103 ι
2438 2060 2741 2131 ὑποστῆναι
2772 2059 2869 2114 καὶ
2898 2058 2976 2131 μή
2996 2053 3346 2117 δικάσασθαι,
3373 2052 3463 2106 ἴνα

1868 2145 1964 2198 καὶ
2004 2145 2201 2214 μισθὸν
2231 2144 2383 2218 ἔχῃς.
2420 2144 2532 2215 Ἂν
2557 2145 2667 2216 γάρ
2690 2144 2784 2211 τίς
2812 2158 2933 2205 σοι,
2964 2142 3119 2213 φησὶ.
3150 2139 3298 2207 θέλῃ
3339 2154 3463 2206 αρι-

1866 2224 2067 2294 θῆναι,
2101 2227 2334 2281 καὶτὸν
2366 2225 2589 2295 χιτῶνά
2612 2241 2731 2282 σου
2756 2227 2987 2290 λαϐεῖν,
3012 2224 3275 2295 ἀφήσεις
3300 2219 3465 2285 αὒτῶ

1866 2308 1965 2364 καί
1997 2310 2066 2363 τὸ
2099 2309 2361 2381 ἱμάτιον·
2419 2311 2537 2375 καὶ,
2570 2311 2720 2366 ἰσθι
2770 2307 3003 2365 εὐνοῶν
3048 2308 3129 2375 τῷ
3179 2305 3466 2371 ἀντιδίκῳ

1865 2408 1984 2447 σου
2012 2394 2190 2461 ταχὺ,
2228 2393 2341 2459 ἕως
2368 2393 2511 2448 ὅτου
2540 2389 2599 2448 εί
2618 2393 2690 2447 ἐν
2714 2392 2790 2461 τῇ
2810 2392 2929 2460 ὀδῷ
2951 2394 3077 2464 μετ’
3100 2389 3309 2446 αὐτοῦ.
3350 2387 3465 2442 Kal

1865 2476 1918 2529 τί
1949 2476 2053 2548 χρὴ
2073 2476 2258 2545 λέγειν
2283 2476 2356 2529 τά
2383 2477 2661 2549 ήμέτερας
2685 2478 2782 2531 καὶ
2805 2477 2915 2548 7&9
2945 2474 3100 2530 αὑτοὶ
3127 2477 3177 2529 oi
3203 2474 3311 2530 τῶν
3337 2471 3466 2538 ἔξω·

1867 2558 1961 2612 θεν
1996 2558 2367 2630 δικαστηρίων
2393 2559 2687 2631 συνήγοροι
2723 2559 2984 2629 μυριάκις
3017 2558 3195 2613 ταῦτα
3218 2558 3460 2625 λέγουσι,

1869 2642 1951 2695 ὅτι
1988 2642 2197 2713 βέλτιον
2223 2641 2423 2709 ἔξωθεν
2448 2640 2785 2697 διαλύεσθαι.

1951 2838 2091 2891 Ἀλλ’
2113 2836 2161 2889 ὦ
2204 2837 2316 2891 τῶν
2342 2854 2446 2909 χρη
2454 2838 2669 2909 μάτωνί
2716 2836 2916 2908 μᾶλλον
2954 2836 3029 2899 δέ,
3064 2836 3110 2889 ὣ
3136 2835 3230 2890 τοῦ
3262 2836 3466 2891 ἀτόπου

1868 2923 2070 2990 ιρωτος
2103 2921 2211 2975 τῶν
2233 2920 2571 2992 χρημάτωνί
2594 2921 2677 2974 δτι
2709 2920 2890 2974 πάντα
2920 2918 3185 2989 ἀνέτρεψε
3209 2920 3305 2975 καὶ
3333 2937 3468 2975 κατ-

1868 3005 2054 3070 έδαλε,
2084 3004 2181 3058 καὶ
2219 3003 2400 3059 πάντα
2441 3003 2611 3075 λῆρος
2632 3006 2749 3068 τοῖς
2780 3001 2998 3066 πολλοῖς
3034 3002 3129 3057 καὶ
3178 3001 3340 3074 μῦθοι
3378 3002 3468 3056 διά

1842 3091 1936 3162 χτά
1980 3091 2262 3161 χρήματα.
2318 3087 2433 3140 Καὶ
2474 3086 2537 3139 τὸ
2569 3086 2670 3157 μὲν
2698 3086 2991 3157 βιοντικοὺς
3017 3081 3157 3140 εἶναι
3191 3086 3319 3149 τοὺς
3354 3088 3467 3148 τοῖς

1868 3172 2242 3244 δικαστηρίοις
2283 3168 2661 3241 ἐνοχλοῦντας,
2710 3169 2863 3224 οὑδέν
2914 3169 3269 3240 θαυμαστόν·
3304 3168 3368 3223 τὸ
3410 3168 3469 3222 δέ

1872 3256 2101 3318 πολλοὺς
2158 3254 2267 3307 τῶν
2323 3250 2761 3323 ἀποταξαμένων
2823 3255 2894 3308 τά
2960 3252 3100 3308 αὑτά
3160 3252 3229 3324 δὴ
3291 3250 3468 3306 ταῦτα

1871 3342 2067 3403 ποιεῖν,
2108 3336 2268 3391 τοῦτό
2305 3337 2456 3391 ἐστιν
2489 3336 2519 3390 6
2554 3334 2885 3407 συγγνώμης
2920 3336 3100 3402 πάσης
3149 3335 3466 3407 ἐπέρηται.

1871 3425 1935 3477 Εί
1964 3422 2075 3493 γάρ
2104 3420 2311 3483 ἐθέλοις
2352 3420 2483 3473 ἰδεῖν
2516 3420 2683 3473 πόσον
2722 3419 2931 3491 ταύτης
2968 3418 3198 3489 ἀπέχειν
3228 3435 3290 3471 σε
3310 3418 3341 3460 ιδ
3367 3419 3470 3488 τῆς

1872 3505 2087 3577 χρείας,
2119 3504 2221 3575 τῆς
2271 3501 2382 3557 τῶν
2432 3502 2801 3575 δικαστηρίων
2845 3502 3011 3571 λέγω,
3052 3501 3386 3575 προσέταξεν
3432 3504 3469 3573 ή

1873 3589 2087 3661 Γραφὴ,
2126 3586 2223 3642 καὶ
2247 3584 2390 3640 τίσιν
2418 3587 2467 3640 οί
2495 3585 2647 3656 νόμοι
2680 3587 2887 3639 κετνται
2918 3585 3129 3656 μαθεῖν,
3157 3585 3390 3639 ἄκουσον
3413 3583 3468 3637 τί

1871 3688 2038 3739 φησιν
2076 3671 2105 3722 6
2147 3668 2377 3731 Παῦλος·
2418 3668 2635 3735 Δικαίφ
2665 3669 2850 3737 νόμος
2891 3671 2964 3722 οὐ
2991 3668 3196 3728 κεῖται,
3220 3667 3469 3735 ἀνόμοις

1868 3751 1937 3803 δὲ
1994 3750 2093 3803 καί
2148 3748 2609 3811 ἀνυποτάκτοις.
2647 3747 2707 3799 Εί
2748 3748 2805 3799 δὲ
2856 3750 2986 3819 περὶ
3038 3746 3133 3801 τοῦ
3166 3749 3467 3804 Μωσαῐκοῦ

1867 3830 2041 3885 ταῦτά
2067 3846 2225 3900 φησι,
2247 3828 2429 3899 πολλῷ
2458 3827 2661 3900 μᾶλλον
2688 3830 2818 3898 περὶ
2845 3829 2954 3883 τῶν
2985 3829 3208 3896 ἔξωθεν.
3244 3834 3343 3889 ’Δν
3368 3834 3469 3906 μέν

1867 3912 1961 3972 οὖν
2006 3915 2222 3987 ἀδικῇς,
2274 3914 2441 3987 δῆλον
2498 3912 2573 3977 ὼς
2621 3913 2721 3967 οὐκ
2775 3914 2841 3967 ἂν
2868 3914 2986 3984 είης
3024 3914 3253 3980 δίκαιος·
3285 3916 3382 3969 ἐὰν
3409 3916 3468 3970 δέ

1867 4001 2031 4072 ἀδικῇ
2071 3999 2167 4054 καὶ
2190 3998 2365 4073 φέρῃς
2391 3998 2627 4069 (δικαίου
2657 3998 2767 4067 γὰρ
2799 3998 3038 4067 μάλιστα
3075 3998 3238 4051 τοῦτό
3266 4000 3463 4069 ἐστιν),

1867 4083 2021 4135 οὐδὲν
2051 4082 2245 4152 χρείαν
2268 4082 2414 4151 ἔχεις
2433 4082 2542 4135 τῶν
2564 4080 2764 4146 ἔξωθεν
2790 4080 2991 4150 νόμων.
3022 4079 3131 4134 Kal
3155 4079 3275 4143 πῶς
3304 4081 3467 4151 δυνή-

1869 4181 2037 4234 σομαι
2069 4162 2258 4233 φέρειν
2304 4162 2685 4232 ἀδικούμενος,
2722 4162 2897 4233 φησίς
2932 4162 3127 4215 Καίτοι
3165 4179 3229 4231 γε
3262 4165 3291 4217 6
3325 4164 3465 4233 Χριο

1870 4248 1993 4311 στὸς
2026 4245 2121 4298 καὶ
2147 4244 2339 4298 τούτου
2376 4261 2429 4298 τι
2465 4244 2626 4297 πλέον
2655 4243 3011 4314 προσέταξεν.
3048 4244 3124 4296 Οὑ
3162 4244 3271 4316 γὰρ
3301 4246 3466 4315 μόνον

1866 4328 2222 4401 ἀδικούμενον
2249 4330 2437 4401 φέρειν
2472 4328 2782 4397 ἐκέλευσεν,
2830 4326 2967 4380 ἀλλά
2995 4328 3091 4382 καὶ
3134 4328 3465 4397 προσεπιδα-

1864 4413 2185 4482 ψιλεύεσθαι
2226 4413 2305 4485 τῷ
2344 4412 2640 4479 ἀδικοῦντι,
2674 4414 2770 4467 καὶ
2809 4416 2878 4485 τῇ
2908 4412 3189 4486 προθυμίᾳ
3231 4410 3326 4465 τοῦ
3356 4414 3464 4467 πά-

1869 4514 2021 4568 σχειν
2060 4497 2412 4570 ὑπερϐαίνειν
2450 4496 2551 4564 τὴν
2590 4494 2888 4565 ἐπιθυμίαν
2913 4494 3006 4548 τοῦ
3042 4495 3324 4558 ποιοῦντος
3363 4513 3464 4549 κα-

1868 4580 1999 4644 κῶς.
2040 4582 2117 4634 Οὑ
2153 4578 2265 4649 γὰρ
2300 4574 2443 4641 εἶπε,
2480 4579 2525 4630 Τ
2526 4576 2572 4648 ᾦ
2598 4578 2806 4631 θέλοντί
2851 4596 2931 4631 σοι
2957 4578 3211 4649 κριθῆναι
3244 4578 3337 4631 καὶ
3367 4577 3461 4631 τὸν

1867 4663 2072 4733 χιτῶνά
2100 4680 2193 4715 σου
2223 4662 2407 4714 λαϐεῖν
2433 4662 2570 4729 άφες
2593 4661 2685 4713 τὸν
2706 4660 2929 4730 χιτῶνα·
2961 4659 3113 4733 [Mi]
3140 4661 3295 4726 ἀλλά,
3324 4663 3459 4717 Μετ’

1868 4747 2076 4800 ἐκείνου
2110 4743 2286 4798 καὶτὸ
2312 4743 2525 4811 ἱμάτιον
2544 4742 2651 4807 δός.
2684 4744 2923 4815 Νίκησον
2946 4744 3054 4813 γὰρ
3083 4744 3267 4809 αὑτὸν,
3300 4745 3458 4816 φησι.

1867 4829 1945 4900 τῷ
1973 4828 2159 4890 κακῶς
2181 4828 2435 4898 πάσχειν,
2472 4827 2547 4898 μὴ
2573 4826 2651 4896 τῷ
2681 4827 2867 4889 κακῶς
2894 4829 3089 4879 ποιεῖν·
3117 4825 3257 4898 αῦτη
3284 4826 3394 4899 7&9
3423 4831 3458 4898 ὴ

1870 4914 2046 4983 σαφὴς
2097 4912 2222 4983 νίκη
2269 4914 2365 4965 καὶ
2407 4911 2654 4982 λαμπρά.
2705 4911 2797 4965 Διὸ
2844 4911 2940 4964 καὶ
2966 4909 3175 4980 προῖὼν
3207 4910 3391 4980 έλεγεν
3430 4915 3460 4965 6

1871 4996 2100 5059 Παῦλος·
2130 4995 2273 5062 Ἤδη
2302 4994 2420 5062 μὲν
2459 4990 2575 5049 οὖν
2612 4994 2770 5059 ὅλως
2809 4993 3044 5062 ἥττημα
3079 4993 3223 5061 ὑμῖν
3263 4994 3457 5054 ἐστιν,

1868 5078 1959 5130 ὅτι
2010 5079 2263 5147 κρίματα
2301 5078 2470 5143 ἔχετε
2521 5076 2652 5145 μεθ’
2705 5076 2957 5130 ἑαυτῶν.
3012 5076 3121 5130 Kal
3146 5076 3246 5130 διὰ
3286 5077 3345 5129 τί
3384 5079 3459 5130 οὐ

1862 5160 2107 5230 μᾶλλον
2144 5158 2481 5219 ἀδικεῖσθε;
2523 5159 2647 5212 ’Ότι
2690 5159 2799 5230 γάρ
2846 5160 2876 5212 6
2924 5156 3280 5227 ἀδικούμενος
3332 5160 3459 5228 νικᾷ

1872 5240 2071 5311 μᾶλλον
2100 5240 2195 5294 τοῦ
2226 5240 2301 5313 μὴ
2323 5241 2581 5312 φέροντος
2608 5240 2930 5306 ἀδικεῖσθαι,
2962 5239 3120 5293 τοῦτο
3145 5241 3275 5311 ὑμῖν
3303 5242 3459 5310 ποιήε-

1872 5341 1949 5377 σω
1983 5324 2235 5394 φανερόν.
2285 5324 2344 5377 Ὀ
2382 5322 2458 5394 μὴ
2490 5325 2670 5394 φέρων
2702 5322 3030 5388 ἀδικεῖσθαι,
3058 5321 3163 5375 κάν
3192 5324 3272 5386 είς
3306 5323 3459 5377 δικα-

1873 5408 2092 5479 στήριον
2114 5404 2335 5479 ἐλκύσῃ,
2362 5408 2467 5459 κᾶν
2490 5407 2867 5476 περιγένηται,
2894 5405 3014 5459 τότε
3046 5405 3281 5475 μάλιστα
3300 5406 3461 5475 ἡττη-

1870 5507 1977 5542 ται·
2012 5491 2040 5543 6
2080 5490 2188 5560 7&9
2222 5490 2321 5542 οὑκ
2354 5489 2570 5560 ἢθελεν,
2599 5488 2819 5541 ἔπαθεν·
2857 5488 3134 5557 ἠνάγκασε
3157 5487 3266 5559 γὰρ
3295 5488 3457 5541 αὑτὸν

1870 5575 1898 5625 ὁ
1941 5574 2207 5635 ἀντίδικος
2237 5573 2331 5625 καὶ
2357 5573 2592 5642 ἀλγῆσαι
2627 5573 2721 5626 καὶ
2746 5572 3090 5625 δικάσασθαι.
3122 5571 3187 5623 Τί
3217 5572 3326 5640 7&9
3373 5573 3457 5625 ὅτι

1934 5836 1961 5865 ⁸
1982 5834 2130 5902 Πεεη
2159 5834 2346 5902 έκόνταξ
2470 5834 2691 5902 lore].._
2713 5838 2908 5902 ἀπέχειν
2948 5855 3004 5888 σε
3050 5838 3139 5893 δεῖ,
3188 5838 3320 5887 male
3349 5836 3463 5886 τδεῒ

1874 5898 2019 5945 deest
2042 5894 2089 5941 ii:
2116 5894 2287 5942 codice
2308 5894 2465 5956 Regio
2490 5902 2543 5943 ει
2564 5910 2590 5943 ε
2616 5895 2759 5950 nobis
2774 5894 3073 5949 ciounclum
3094 5909 3165 5948 est
