4084 6328
680 348 776 398 137

675 464 998 530 νενίκηκας;
1036 459 1086 511 τί
1114 461 1168 514 δὲ
1199 461 1280 514 ὃτι
1322 462 1388 515 τά
1413 463 1668 533 χρήματα
1693 459 1965 520 ἀπέλαϐες
2000 460 2254 516 ἂπαντα;

670 546 806 612 ὅπερ
834 544 932 595 οὐκ
959 543 1176 598 ἐϐούλου
1203 545 1341 606 τέως
1369 545 1686 613 ὑπέμεινας,
1715 541 2079 608 ἀναγκασθεὶς
2101 539 2255 592 δικά-

672 624 887 679 σασθαι.
916 628 1009 678 Ἂν
1031 627 1087 680 δὲ
1123 627 1356 697 ἐνέγκῃς
1385 627 1483 695 τὴν
1510 625 1744 687 ἀδικίαν,
1777 626 1933 694 νικᾷς
1962 624 2260 693 χρημάτων

672 708 770 775 μὲν
795 709 1287 778 ἀποστερούμενος,
1315 709 1414 777 τῆς
1444 710 1500 760 δὲ
1531 710 1708 776 νίκης,
1728 708 1911 760 οὐκέτι
1938 707 2035 776 τῆς
2071 707 2164 757 ἐπὶ
2193 705 2259 774 τῇ

670 791 952 860 φιλοσοφίᾳ
990 792 1180 862 ταύτῃ·
1217 792 1275 842 οὐ
1312 793 1419 859 γάρ
1461 791 1645 859 ἴσχυσέ
1693 807 1752 842 σε
1780 791 2086 856 ἀναγκάσαι
2115 789 2259 839 ἐκεῖ·

670 889 776 935 νος,
815 875 949 943 ὅπερ
983 873 1083 924 οὐκ
1119 871 1364 936 ἐϐούλου,
1398 873 1640 941 ποιῆσαι.
1675 873 1785 924 Καὶ
1815 872 1897 924 ὅτι
1920 870 2078 922 τοῦτό
2115 872 2262 921 ἐστιν

669 955 887 1025 ἀληθὲς,
920 955 1039 1006 εἰπέ
1079 972 1190 1023 μοι,
1238 955 1320 1017 τίς
1361 955 1634 1024 ἐνίκησεν,
1671 954 1698 1004 6
1740 953 2140 1023 βάσκανος,ἧὸ
2169 951 2263 1004 ἐπὶ

668 1039 765 1105 τῆς
798 1037 1065 1105 κοπρίας;
1103 1038 1186 1098 τίς
1222 1037 1451 1107 ἡττήθη,
1487 1039 1514 1088 6
1542 1036 1719 1088 πάντα
1748 1034 2068 1104 ἀφαιρεθεὶς
2115 1033 2258 1099 Ἰὼϐ,

667 1123 700 1188 ἦ
743 1123 770 1171 6
807 1119 982 1171 πάντα
1013 1119 1344 1187 ἀφελόμενος
1384 1114 1665 1182 διάϐολος;
1701 1117 1869 1187 Δῆλον
1910 1118 1992 1169 ὅτι
2031 1118 2058 1168 6
2086 1117 2262 1169 πάντα

668 1203 999 1271 ἀφελόμενος
1020 1202 1282 1264 διάϐολος.
1309 1201 1442 1253 Τίνα
1464 1197 1556 1253 οὖν
1574 1200 1931 1269 θαυμάζομεν
1959 1199 2058 1270 τῆς
2084 1201 2259 1269 νίκης,

668 1285 757 1335 τὸν
787 1284 1030 1338 διάϐολον
1058 1286 1149 1336 τὸν
1185 1283 1481 1353 πλήξαντα,
1507 1283 1540 1354 ἢ
1567 1283 1656 1335 τὸν
1687 1281 1806 1334 Ἰὼϐ
1835 1283 1927 1335 τὸν
1950 1282 2258 1352 πληγέντας

671 1368 836 1438 Δῆλον
867 1370 947 1419 ὅτι
978 1367 1066 1418 τὸν
1101 1366 1220 1418 Ἰώϐ
1243 1382 1256 1395 ·
1301 1366 1476 1419 καίτοι
1510 1385 1573 1434 γε
1619 1367 1720 1420 οὐκ
1761 1369 1950 1437 ἴσχυσε
1999 1369 2261 1437 χρήματα

667 1451 1015 1520 ἀπολλύμενα
1066 1453 1382 1520 κατασχεῖν,
1425 1451 1484 1502 οὐ
1519 1449 1691 1502 σῶσαι
1723 1451 1854 1512 τοὺς
1894 1450 2089 1512 παῖδας
2141 1451 2263 1512 τοὺς

667 1535 855 1588 αὐτοῦ.
905 1535 1017 1588 Καὶ
1069 1534 1121 1586 τί
1173 1532 1317 1600 λέγω
1355 1534 1614 1602 χρήματα
1645 1534 1739 1585 καὶ
1775 1533 2009 1595 παῖδας;
2040 1532 2138 1603 τὴν
2167 1533 2260 1585 τοῦ

668 1617 920 1688 σώματος
945 1617 1045 1668 οὐκ
1079 1614 1266 1685 ἴσχυσε
1293 1615 1757 1686 περιποιήσασθαι
1787 1615 2082 1684 σωτηρίαν.
2120 1613 2260 1665 Ἀλλ’

664 1702 810 1768 ὅμως
851 1692 1006 1761 οὗτός
1039 1699 1185 1750 ἐστιν
1227 1701 1256 1752 6
1295 1700 1545 1768 νικήσας,
1575 1702 1603 1752 6
1632 1699 1810 1752 πάντα
1850 1699 1918 1752 τά
1950 1698 2077 1750 ὄντα
2122 1698 2260 1748 ἀπο-

665 1781 863 1836 ϐαλών.
893 1781 1167 1850 Χρήματα
1207 1781 1304 1850 μὲν
1338 1782 1446 1851 γάρ
1473 1782 1573 1833 οὐκ
1603 1781 1792 1849 ίσχυσε
1819 1783 2133 1850 κατασχεῖν,
2161 1779 2259 1848 τὴν

663 1865 718 1914 δὲ
753 1863 1034 1914 εὐσέϐειαν
1069 1863 1303 1931 κατέσχε
1339 1862 1477 1932 μετά
1512 1862 1797 1933 ἀκριϐείας
1825 1863 2063 1930 ἀπάσης.
2100 1860 2261 1912 Ἀλλά

670 1947 854 1997 παισὶν
885 1946 986 1996 οὐκ
1016 1946 1294 2014 ἐπήμυνεν
1324 1945 1749 2014 ἀπολλυμένοις.
1795 1945 1906 1998 Καὶ
1946 1944 1998 1996 τί
2060 1941 2217 1995 τοῦτο
2243 1960 2257 2007 ;

667 2028 758 2077 καὶ
791 2027 899 2097 γάρ
929 2026 1169 2087 ἐκείνους
1219 2025 1638 2097 λαμπροτέρους
1674 2027 1898 2095 ἐποίησε
1928 2027 1989 2079 τὸ
2020 2024 2256 2095 συμϐάν,

666 2110 758 2160 καὶ
789 2107 965 2176 ἑαυτῷ
995 2107 1050 2158 δὲ
1079 2107 1254 2170 οὕτως
1282 2110 1486 2177 ήμυνεν
1514 2108 1964 2179 ἐπηρεαζομένῳ.
2001 2109 2063 2160 Εἰ
2098 2108 2152 2160 δὲ
2182 2107 2258 2177 μὴ

667 2193 847 2252 κακῶς
879 2190 1046 2264 ἔπαθε
1086 2192 1181 2241 καὶ
1209 2192 1440 2260 ἠδικήθη
1473 2191 1624 2260 παρὰ
1649 2192 1743 2243 τοῦ
1767 2191 2038 2252 διαϐόλου,
2069 2193 2169 2245 οὐκ
2194 2191 2260 2245 ἀν

665 2274 881 2340 ἐνίκησε
919 2274 1021 2340 τὴν
1052 2273 1310 2342 λαμπρὰν
1345 2274 1500 2342 νίκην
1538 2274 1774 2343 ἐκείνην.
1804 2274 1867 2326 Et
1917 2274 2154 2344 πονηρὸν
2191 2269 2260 2341 ἦν

665 2357 724 2406 τὸ
757 2354 1079 2418 ἀδικεῖσθαι,
1133 2357 1231 2406 οὐκ
1278 2355 1344 2406 ἀν
1377 2358 1510 2424 ἡμῖν
1545 2355 1677 2408 αὐτὸ
1724 2355 1987 2419 ἐπέταξεν
2034 2358 2064 2408 6
2103 2355 2256 2418 Θεός·

665 2437 878 2505 πονηρά
913 2437 1020 2505 γάρ
1053 2439 1080 2488 6
1110 2437 1241 2499 Θεὸς
1281 2437 1380 2489 οὐκ
1433 2437 1731 2490 ἐπιτάττει·
1784 2436 1817 2507 ἢ
1870 2437 1970 2489 οὐκ
2015 2438 2151 2498 ῐστε,
2177 2439 2259 2490 ὅτι

666 2521 826 2582 αὐτός
874 2523 1022 2570 ἐστιν
1068 2522 1094 2570 6
1141 2519 1273 2581 Θεὸς
1305 2521 1400 2588 τῆς
1439 2520 1630 2588 δόξης;
1660 2521 1754 2572 καὶ
1785 2521 1886 2572 οὐκ
1931 2521 1996 2572 ἂν
2027 2522 2258 2592 αίσχύνη

667 2605 758 2653 καὶ
803 2601 996 2667 γέλωτι
1043 2601 1138 2652 καὶ
1187 2599 1360 2671 ζημία
1409 2603 1726 2674 περιϐαλεῖν
1777 2606 1922 2673 ἡμᾶς
1969 2601 2256 2674 ἠθέλησεν,

667 2684 800 2734 ά).λά
855 2684 1109 2736 τάναντία
1153 2683 1502 2753 προξενῆσαι.
1537 2686 1636 2736 Διά
1677 2684 1835 2738 τοῦτο
1873 2685 2082 2740 κελεύει
2112 2689 2259 2757 ήμάς

668 2767 991 2826 ἀδικεῖσθαι,
1015 2766 1105 2817 καὶ
1129 2766 1307 2818 πάντα
1331 2767 1582 2837 πράττει,
1602 2767 1742 2820 ὥστε
1773 2769 2079 2838 ἀποστῆσαι
2111 2772 2258 2840 ἡμᾶς

667 2849 773 2899 τῶν
805 2849 1090 2917 βιωτικῶν,
1125 2850 1218 2901 καὶ
1247 2854 1431 2904 πεῖσαι
1457 2852 1508 2904 τί
1535 2851 1662 2917 δόξα
1697 2853 1791 2905 καὶ
1824 2853 1877 2906 τί
1919 2854 2174 2924 αίσχύνη,
2205 2857 2256 2908 τί

669 2932 842 2999 ζημία
874 2933 968 2984 καὶ
1000 2932 1052 2983 τί
1084 2932 1294 3000 κέρδος.

743 3077 794 3139 ς’
836 3076 996 3130 Ἀλλά
1015 3076 1184 3129 δεινὸν
1209 3077 1268 3129 τὸ
1281 3077 1580 3132 ἀδικεῖσθαι
1601 3080 2260 3151 κα“ιέπηρεάζεσθαι.υύκ

677 3165 789 3213 ἐστι
830 3161 1019 3224 δεινὸν,
1055 3162 1154 3213 οὐκ
1195 3160 1361 3225 ἔστιν,
1406 3162 1678 3232 ἄνθρωπε.
1716 3164 1894 3233 Μέχρι
1943 3165 2087 3227 τίνος
2122 3167 2260 3237 πρὸς

669 3244 737 3294 τα
764 3244 1007 3314 παρόντα
1037 3246 1298 3311 ἐπτόησαι
1322 3263 1335 3309 ;
1363 3244 1494 3296 Οὐδέ
1524 3244 1633 3314 γάρ
1675 3246 1741 3298 ἂν
1769 3246 2030 3309 ἐπέταξεν
2069 3249 2199 3300 αὐτὸ
2234 3250 2260 3300 ὁ

667 3326 820 3388 Θεὸς,
876 3329 924 3377 εί
971 3327 1139 3379 δεινὸν
1167 3322 1253 3396 ἦν.
1286 3328 1487 3379 Σκόπει
1527 3326 1602 3378 δέ·
1653 3329 1711 3379 ’0
1744 3327 2020 3396 ἠδικηκὼς
2049 3331 2258 3398 ἀπῆλθε

670 3409 926 3477 χρήματα
953 3409 1111 3476 ἔχων,
1146 3408 1281 3458 ἀλλά
1319 3410 1411 3459 καὶ
1441 3407 1679 3470 συνειδὸς
1716 3411 1971 3478 πονηρόν·
2001 3412 2029 3461 6
2065 3412 2120 3462 δὲ
2148 3411 2260 3478 ἠδι-

667 3491 924 3560 κημένος,
958 3489 1258 3557 χρημάτων
1297 3489 1393 3555 μὲν
1442 3489 1911 3558 ἀπεστερημένος,
1947 3492 2260 3559 παρρησίαν

667 3578 723 3628 δὲ
755 3574 1088 3643 κεκτημένος
1127 3571 1264 3640 πρὸς
1300 3570 1389 3621 τὸν
1415 3569 1566 3632 Θεὸν,
1593 3570 1783 3640 κτῆμα
1815 3574 2025 3642 μυρίων
2052 3573 2260 3642 θησαυ-

671 3658 781 3727 ρῶν
821 3656 1160 3725 τιμιώτερον.
1202 3652 1364 3705 Ταῦτ’
1401 3649 1492 3706 οῦν
1524 3652 1748 3716 εἰδότες,
1780 3654 2158 3724 φιλοσοφῶμεν
2199 3659 2261 3708 ἐκ

671 3741 1065 3807 προαιρέσεως,
1113 3739 1204 3790 καὶ
1242 3737 1316 3807 μὴ
1350 3738 1649 3806 πάσχωμεν
1685 3741 1753 3789 1‘1
1775 3737 1880 3791 τῶν
1909 3741 2171 3810 ἀνοήτων.
2210 3743 2258 3795 οἳ

668 3823 791 3872 τότε
827 3821 1108 3888 νομίξουσι
1141 3821 1215 3888 μὴ
1243 3821 1565 3881 ἀδικεῖσθαι,
1595 3823 1722 3872 ὅταν
1761 3823 1871 3873 ἀπὸ
1908 3822 2260 3892 δικαστηρίου

670 3903 831 3954 τοῦτο
857 3901 1088 3952 πάθωσι.
1123 3898 1272 3967 [MS]
1301 3899 1623 3950 Τούναντίον
1649 3901 1704 3951 δὲ
1741 3901 1885 3952 ἅπαν
1909 3902 2058 3952 ἐστὶν
2095 3906 2131 3972 η
2165 3921 2260 3972 με-

673 3986 832 4052 γίστη
869 3983 1059 4053 ζημία,
1093 3984 1184 4034 καί
1213 3981 1345 4041 ὅλως
1381 3982 1508 4033 ὅταν
1546 3982 1620 4050 μὴ
1649 3981 1866 4045 ἑκόντες
1897 3981 2074 4035 ταῦτα
2109 3985 2259 4052 φιλο-

674 4067 948 4136 σοφῶμεν,
979 4065 1095 4118 ἀλλ’
1123 4062 1447 4134 ἡττηθέντες
1480 4063 1707 4117 ἐκεῖθεν.
1736 4065 1902 4120 Οὐδὲν
1939 4067 2044 4140 γὰρ
2074 4068 2260 4140 κέρδος

672 4154 779 4202 ἀπὸ
824 4149 1177 4220 δικαστηρίου
1223 4146 1521 4216 ἡττηθέντα
1557 4148 1798 4214 ἐνεγκεῖν
1825 4164 1837 4177 ·
1868 4152 1961 4203 καὶ
2010 4151 2118 4221 γὰρ
2163 4152 2262 4223 τῆς

674 4236 918 4299 ἀνάγκης
953 4234 1012 4283 τὸ
1046 4235 1274 4301 πρᾶγμα
1311 4240 1328 4257 ⁸
1354 4230 1562 4295 γίνεται
1588 4229 1790 4282 λοιπόν.
1827 4233 1924 4294 Τίς
1953 4229 2044 4287 οῦν
2071 4236 2103 4302 ὴ
2132 4233 2264 4303 λαμ-

677 4315 788 4381 πρᾶι
821 4316 981 4378 νίκης
1017 4313 1181 4363 ’Ὅταν
1221 4312 1282 4360 συ
1315 4313 1752 4378 καταφρονήσῃς,
1778 4313 1907 4363 ὅταν
1939 4315 2013 4382 μὴ
2041 4314 2258 4385 δικάσῃ.

679 4394 743 4446 Τί
779 4390 1244 4462 φής;”Αφηρέθην
1285 4390 1496 4442 ἅπαντα
1520 4392 1586 4440 τὰ
1619 4390 1766 4450 ὗντα,
1800 4394 1954 4461 φησι,
1986 4396 2079 4446 καὶ
2107 4400 2262 4462 σιγᾷν

677 4477 954 4541 κελεύεις;
985 4475 1353 4546 ἐπηρεάσθην,
1382 4474 1473 4526 καὶ
1502 4474 1686 4543 φέρειν
1721 4475 1909 4543 πράως
1939 4480 2223 4544 παραινεῖς
2248 4495 2260 4540 ;

677 4563 770 4612 καὶ
811 4560 924 4620 πῶς
958 4560 1288 4626 δυνήσομαις
1328 4557 1527 4625 Ῥᾷστα
1573 4557 1669 4626 μὲν
1699 4553 1812 4622 οὖν,
1843 4557 1908 4610 ἂν
1941 4559 2017 4620 είς
2050 4558 2142 4608 τὸν
2172 4558 2262 4609 οὐ-

681 4643 839 4710 ρανὸν
875 4640 1203 4710 ἀναϐλέψῃς,
1248 4642 1311 4689 ἂν
1351 4638 1464 4707 ἴδῃς
1500 4639 1558 4690 τὸ
1588 4640 1780 4703 κάλλος
1815 4640 1992 4702 τοῦτο,
2037 4640 2129 4692 καὶ
2159 4640 2262 4692 ποῦ

680 4741 738 4774 σε
773 4723 1136 4789 ἐπηγγείλατο
1163 4719 1414 4783 δέξασθαι
1436 4720 1463 4770 6
1484 4720 1613 4782 Θεὸς
1639 4723 1870 4790 φέροντα
1894 4724 2110 4776 ἀδικίαν
2137 4740 2262 4791 γεν-

680 4807 863 4864 ναίως.
892 4803 1058 4854 Τοῦτο
1086 4803 1262 4853 τοίνυν
1287 4801 1448 4865 ποίει,
1483 4805 1575 4854 καὶ
1613 4805 1919 4873 ἀναϐλέψας
1949 4808 2028 4870 εἱς
2053 4808 2144 4860 τὸν
2169 4808 2260 4860 οὐ-

683 4889 865 4959 ρανὸν,
888 4887 1137 4956 ἐννόησον
1160 4887 1239 4937 ὅτι
1264 4887 1339 4952 τῷ
1358 4889 1470 4938 ἐκεῖ
1496 4889 1787 4956 καθημένῳ
1807 4890 1899 4941 ἐπὶ
1923 4890 2028 4943 τῶν
2053 4891 2262 4962 Χερου-

681 4975 784 5042 ϐὶμ
816 4973 1040 5039 γέγονας
1073 4971 1273 5038 ὅμοιος.
1310 4970 1414 5020 Καὶ
1464 4971 1570 5039 γάρ
1635 4974 1728 5022 καὶ
1782 4973 1988 5034 ἐκεῖνος
2033 4973 2262 5043 ὑϐρίσθη

682 5058 776 5108 καὶ
822 5057 1040 5122 ἤνεγκε,
1101 5055 1192 5104 καί
1235 5053 1520 5124 ώνειδίσθη
1567 5054 1657 5105 καὶ
1703 5055 1800 5106 οὐκ
1839 5057 2106 5124 ἠμύνατο,
2173 5061 2266 5122 καὶ,

684 5137 925 5206 ἐπτύσθη
955 5138 979 5174 b
1012 5137 1106 5187 καὶ
1132 5136 1228 5186 οὐκ
1261 5136 1575 5204 ἐπεξῆλθεν·
1602 5136 1738 5188 ἀλλά
1762 5138 1854 5190 καὶ
1875 5140 1985 5200 τοῖς
2003 5141 2265 5203 ἐναντίοις

684 5220 955 5290 ἠμείψατο
988 5220 1327 5285 εὐεργεσίαις
1376 5220 1596 5286 μυρίαις
1637 5222 1764 5283 τοὺς
1799 5222 1868 5274 τά
1911 5221 2133 5275 τοιαῦτα
2168 5240 2261 5275 πε·

686 5302 1001 5374 ποιηκότας.
1046 5303 1138 5352 καὶ
1178 5303 1324 5370 ἡμᾶς
1373 5301 1615 5369 μιμητὰς
1663 5303 1825 5354 αὐτοῦ
1860 5303 2111 5371 γενέσθαι
2144 5306 2266 5358 ἐκέ-

688 5386 895 5438 λευσεν.
946 5382 1225 5451 Ἐννόησον
1251 5385 1331 5435 ὅτι
1361 5383 1565 5451 γυμνὸς
1595 5383 1814 5453 ἐξῆλθες
1836 5387 1900 5439 ἐκ
1925 5387 2134 5451 κοιλίας
2158 5406 2264 5460 μη-

686 5467 813 5537 τρός
846 5483 958 5518 σου·
989 5464 1192 5534 γυμνὸς
1226 5468 1318 5518 καὶ
1346 5465 1620 5538 άπελεύσῃ
1675 5469 1766 5519 καὶ
1821 5470 1883 5521 σὺ
1940 5471 2188 5534 κάκεῖνος
2238 5473 2266 5524 ὁ

757 5694 780 5720 ο
803 5694 969 5757 vcem;
996 5695 1048 5737 τὸ
1072 5700 1278 5757 πρᾶγμα.
1351 5684 1377 5721 δ
1403 5693 1590 5748 .dnrel.,
1621 5696 1698 5757 καὶ
1743 5694 1967 5752 ἐπτύσθη,
1992 5712 2137 5757 quam
2161 5701 2259 5752 lec-

695 5755 876 5800 Iionem
899 5754 1044 5800 habet
1067 5756 1220 5799 Sam.
1251 5766 1296 5798 ιιι
1344 5758 1575 5812 margine.
1629 5756 1757 5801 Idem
1784 5758 1932 5803 Savil.
1960 5754 2170 5808 ili—textu
2213 5771 2266 5812 cl

691 5812 845 5860 codex
879 5812 1019 5872 R93,
1044 5816 1121 5859 καί
1147 5815 1393 5869 ἐτυπτήθη.
1425 5814 1637 5872 Llraque
1669 5816 1815 5863 lectio
1839 5819 2064 5876 quadrat.

1350 349 1407 401 S.
1457 343 1740 403 JOANNIS
1778 339 2263 397 CIIRYSOSTOMI
2305 337 2619 395 ARCIIIEP.
2660 341 3208 398 CONSTANTINUP.

3852 342 3953 392 £58

2364 455 2658 525 ἠδικηκώς·
2696 457 2895 526 μᾶλλον
2923 456 2979 508 δὲ
3020 457 3226 517 ἐκεῖνος
3254 454 3354 523 μὲν
3385 454 3522 526 μετά
3553 455 3765 524 μυρίων
3790 469 3956 524 τραυο

2375 539 2559 606 μάτων
2587 540 2842 610 σκώληκα
2871 540 3182 593 τικτόντων.
3222 539 3503 609 Ἐψιόησον
3527 540 3608 591 ὃτι
3637 537 3956 608 πρόσκαιρα

2364 621 2432 672 τὰ
2475 624 2738 692 παρόντα,
2796 623 3011 691 λόγισαι
3059 621 3186 685 τοὺς
3233 621 3437 689 τάφους
3483 622 3591 674 τῶν
3642 621 3955 692 προγόνων,

2363 705 2650 774 κατάμαθε
2682 707 2750 760 τά
2786 707 3129 776 γεγενημένα
3167 705 3375 773 σαφῶς,
3405 706 3500 756 καὶ
3527 705 3648 771 ὕψει
3680 706 3763 756 δτι
3797 705 3954 772 ἰσχυ-

2366 787 2586 855 ρότερόν
2616 805 2674 841 σε
2709 790 2964 859 ἐποίησεν
2997 792 3024 842 6
3051 789 3336 859 ἀδικήσας.
3368 787 3444 838 Τὸ
3492 786 3593 856 μὲν
3636 788 3747 855 γὰρ
3784 785 3954 840 αὐτοῦ

2371 869 2533 934 πάθος
2562 871 2942 940 χαλεπώτερον
2969 872 3216 942 ἐποίησε,
3245 872 3346 940 τὴν
3380 869 3748 938 φιλαργυρίαν
3778 870 3949 936 λέγω·

2361 951 2422 1004 τὸ
2461 954 2518 1006 δὲ
2560 955 2651 1006 σὸν
2681 954 3092 1024 ἀσθενέστερον,
3128 954 3308 1007 λαϐὼν
3339 953 3437 1022 τὴν
3473 952 3681 1020 τροφὴν
3724 952 3819 1003 τοῦ
3857 953 3954 1020 οη-

2365 1038 2502 1106 ρίου.
2539 1041 2649 1093 Καὶ
2690 1040 2768 1092 ἐτι
2816 1039 2953 1109 πρὸς
2979 1039 3188 1101 τούτοις
3221 1036 3500 1107 ἀπήλλαξέ
3536 1053 3594 1086 σε
3626 1033 3952 1104 φροντίδων,

2362 1122 2621 1186 ἀγωνίας,
2657 1123 2955 1191 βασκανίας
2981 1121 3357 1189 συκοφαντῶν,
3393 1119 3647 1190 θορύϐου,
3681 1119 3952 1186 ταραχῆς.

2364 1205 2530 1270 φόϐου
2557 1205 2858 1276 διηνεκοῦς·
2889 1206 2982 1259 καὶ
3011 1206 3104 1257 τὸν
3126 1204 3357 1273 φορυτὸν
3379 1203 3488 1255 τῶν
3517 1200 3703 1255 κακῶν
3736 1200 3952 1252 ἐπεσώο

2367 1303 2556 1356 ρευσεν
2597 1289 2689 1339 ἐπὶ
2733 1289 2830 1357 τὴν
2875 1287 3070 1341 ἐαυτοῦ
3116 1285 3380 1355 κεφαλήν.
3423 1284 3488 1336 Τί
3519 1283 3633 1346 οὖν,
3680 1284 3775 1334 ἐὰν
3807 1281 3956 1352 λιμῷ

2364 1371 2633 1432 παλαίσω,
2668 1373 2798 1439 φησί
2826 1389 2840 1434 ;
2870 1373 3024 1424 Μετά
3050 1371 3262 1426 Παύλου
3296 1369 3449 1422 τοῦτο
3479 1369 3712 1436 πάσχεις
3741 1367 3837 1418 τοῦ
3865 1367 3955 1421 λέτ

2363 1471 2570 1522 γοντος·
2607 1456 2777 1522 Ἀχρι
2813 1455 2922 1521 τῆς
2946 1456 3074 1523 ἄρτι
3105 1454 3261 1522 ὧρας
3295 1451 3389 1503 καί
3423 1448 3717 1518 πεινῶμεν
3737 1450 3836 1501 καί
3865 1448 3954 1499 δι-

2362 1536 2572 1606 φῶμεν
2620 1537 2718 1593 καὶ
2767 1539 3232 1607 γιιμνητεύομεν.
3289 1534 3424 1587 Ἀλλ’
3468 1535 3674 1594 ἐκεῖνος
3729 1531 3816 1583 διά
3860 1532 3955 1582 τὸν

2361 1619 2520 1682 Θεὸν,
2557 1620 2713 1688 φησί.
2746 1620 2857 1672 Καὶ
2901 1623 2965 1674 σύ
3005 1621 3090 1674 διὰ
3127 1621 3220 1673 τὸν
3255 1619 3406 1671 Θεόν·
3439 1617 3567 1669 ὅταν
3603 1615 3714 1685 γάρ
3746 1613 3822 1684 μὴ
3856 1616 3956 1666 ἐπ-

2361 1701 2604 1771 εξέλθης,
2637 1701 2724 1753 διά
2750 1701 2840 1752 τὸν
2869 1701 3000 1753 Θεὸν
3024 1701 3182 1753 τοῦτο
3211 1703 3404 1761 ποιεῖς.
3443 1697 3588 1752 Ἀλλ’
3612 1700 3640 1752 6
3669 1695 3958 1766 ἠδικηκὼς

2365 1783 2505 1853 μετά
2549 1783 2656 1835 τῶν
2702 1782 3078 1836 πλουτούντων
3113 1784 3311 1852 τρυφᾷ.
3344 1781 3561 1834 Μᾶλλον
3590 1779 3644 1833 δὲ
3683 1780 3824 1847 μετὰ
3854 1779 3953 1831 τοῦ

2359 1865 2627 1917 διαϐόλου·
2661 1863 2793 1917 ἀλλά
2825 1866 2888 1917 σύ
2914 1866 3050 1933 μετὰ
3078 1864 3288 1918 Παύλου
3325 1861 3708 1930 στεφανοῦσαι.
3737 1862 3829 1930 Μὴ
3850 1861 3956 1912 τοί-

2362 1966 2456 2000 νυν
2488 1946 2652 2001 δέδιθι
2679 1947 2854 2017 λιμόν·
2889 1951 2970 2000 υὺ
3005 1948 3112 2016 γὰρ
3143 1943 3564 2014 λιμοκτονήσει
3592 1948 3810 2010 Κίφιος
3834 1947 3956 2010 ψυ-

2361 2031 2474 2099 χὰς
2503 2030 2766 2082 δικαίων.
2795 2030 2902 2082 Καί
2935 2032 3117 2099 ἕτερός
3166 2046 3297 2098 φησι
3343 2029 3501 2081 πάλιν
3533 2047 3545 2058 ·
3592 2028 3956 2095 Ἑπίρῤιιζιοι·

2359 2114 2455 2165 ἐπὶ
2491 2111 2711 2178 Κύριον
2740 2111 2855 2177 τὴν·
2884 2112 3178 2180 μέριμνιίν
3200 2127 3337 2173 σου,
3374 2111 3471 2163 καί
3511 2112 3693 2175 αὐτό(
3726 2127 3802 2162 σε
3824 2110 3953 2162 δια-

2361 2195 2586 2262 θρέψει.
2641 2195 2702 2245 Εἰ
2742 2196 2851 2263 γάρ
2893 2196 2962 2246 τά
3007 2194 3263 2262 στρουθία
3305 2193 3397 2246 τοῦ
3441 2191 3610 2263 ἀγροῦ
3639 2193 3950 2263 διατρέφει,

2363 2277 2478 2339 πῶς
2507 2277 2564 2328 σὲ
2602 2277 2660 2328 οὐ
2697 2275 3011 2347 διαθρέψεις
3053 2277 3143 2346 Μή
3179 2277 3459 2345 γινώμεθα
3485 2275 3666 2327 τοίνυν
3706 2275 3955 2341 ὀλιγόπι-

2362 2376 2476 2412 στοι
2527 2359 2662 2429 μηδὲ
2709 2359 3042 2428 ὀλιγόψυχοι,
3087 2359 3385 2426 ἀγαπητοί.
3427 2358 3484 2409 ’0
3523 2357 3631 2428 γὰρ
3668 2357 3956 2426 βασιλείαν

2360 2443 2606 2514 οὐρανῶν
2657 2443 3126 2512 ἐπαγγειλάμενος
3182 2440 3279 2498 καὶ
3339 2439 3577 2493 τοσαῦτα
3629 2439 3837 2507 ἀγαθὰ.
3881 2439 3952 2491 τά

2361 2527 2602 2596 παρόντα
2635 2524 2752 2587 πῶς
2791 2526 2852 2577 οὐ
2891 2524 3088 2590 δώσει;
3123 2523 3216 2594 Μὴ
3253 2522 3522 2594 περιττῶν
3566 2521 3952 2592 ἐπιθυμῶμεν,

2359 2607 2474 2661 ἀλλ’
2497 2608 2832 2679 αὐταρκείας
2853 2606 3126 2678 ἐχώμεθα,
3153 2607 3247 2658 καὶ
3279 2606 3366 2658 ἀεὶ
3405 2604 3805 2676 πλουτήσομεν·
3831 2621 3955 2658 σκε-

2359 2692 2626 2760 πάσματα
2651 2689 2904 2762 ζητῶμεν
2932 2691 3025 2745 καὶ
3056 2691 3286 2761 τροφὰς,
3309 2691 3404 2744 καὶ
3435 2690 3653 2742 πάντων
3677 2688 3953 2757 ἐπιληψό-

2363 2775 2504 2845 μεθα
2561 2777 2654 2829 καὶ
2695 2775 2900 2829 τούτων
2948 2776 3043 2828 καὶ
3089 2772 3200 2827 τῶν
3237 2771 3413 2843 πολλῴ
3460 2772 3740 2842 μειζόνων.
3786 2774 3850 2825 El
3896 2773 3953 2827 δὲ

2359 2861 2544 2927 ἀλγεῖς
2605 2860 2687 2912 ἐτι
2745 2861 2835 2912 καὶ
2883 2860 3031 2911 κάτω
3075 2857 3323 2921 κύπτεις,
3381 2855 3690 2925 ἠϐουλόμην
3737 2872 3821 2909 σοι
3851 2856 3953 2909 τοῦ

2358 2942 2678 3011 ἠδικηκότος
2716 2943 2852 3011 μετά
2873 2944 2970 3010 τήν
3004 2942 3160 3008 νίκην
3181 2941 3348 3006 δεῖξαι
3375 2939 3470 3009 τὴν
3497 2939 3695 3008 ψυχὴν,
3723 2940 3842 3000 πῶς
3867 2942 3956 2991 τέ-

2361 3041 2472 3094 φρα
2508 3027 2735 3092 γίνεται.
2773 3025 2881 3078 Καὶ
2921 3026 3089 3094 γάρὴ
3127 3025 3375 3095 ἁμαρτία
3418 3021 3676 3074 τοιοῦτον·
3714 3023 3820 3085 ἕως
3851 3025 3954 3092 μὲν

2360 3107 2425 3159 ἂν
2458 3109 2723 3177 ἐργασθῇ,
2753 3109 2984 3176 παρέχει
3018 3108 3136 3160 τινὰ
3178 3107 3394 3174 ἡδονήν·
3424 3104 3577 3176 [NH
3614 3107 3744 3157 ὅταν
3778 3106 3835 3157 δὲ
3868 3122 3955 3158 τε⁴

2359 3190 2546 3261 λεσθῇ,
2583 3194 2703 3244 τότε
2732 3195 2764 3261 ή
2796 3193 2967 3261 μικρά
2993 3191 3153 3262 ἡδονὴ
3178 3193 3551 3254 ὑπεξίσταται.
3570 3190 3954 3258 ἐπεισέρχεται

2358 3275 2413 3324 δέ
2445 3275 2669 3343 ἀθυμία.
2705 3276 2888 3328 Ταῦτα
2921 3276 3015 3328 καὶ
3042 3279 3169 3327 ὅταν
3200 3275 3512 3344 ὐϐρίζωμέν
3551 3291 3703 3335 τινας
3740 3274 3956 3340 πάσχο-

2365 3374 2481 3425 μεν·
2532 3358 2754 3428 ὓστερον
2784 3359 2913 3423 γοῦν
2946 3359 3153 3410 ἐαυτῶν
3189 3357 3622 3427 κατηγοροῦμεν.
3670 3357 3831 3411 Οῦτω
3861 3358 3956 3407 καὶ

2361 3442 2489 3492 ὅταν
2542 3441 3050 3507 πλεονεκτήσωμεν,
3116 3440 3400 3508 χαίρομεν·
3469 3441 3606 3508 μετά
3667 3438 3724 3490 δὲ
3778 3439 3957 3490 ταῦτα

2362 3519 2698 3590 κεντοοᾶμεθα
2737 3520 2842 3572 ὐπὸ
2864 3519 2955 3571 τοῦ
2983 3520 3299 3580 συνειδότος.

2448 3666 2612 3736 Ὁρᾷς
2643 3665 2795 3732 παρά
2825 3665 2901 3736 τῷ
2930 3667 3060 3718 δεῖνι
3090 3666 3188 3737 τὴν
3214 3667 3391 3720 οίκίαν
3421 3668 3512 3720 τοῦ
3546 3668 3820 3733 πένητος-ς
3861 3671 3964 3722 Δά-

2362 3765 2581 3818 κρυσον,
2625 3750 2699 3818 μὴ
2731 3749 2819 3800 τὸν
2857 3751 3325 3819 ἀπεστερημένον,
3369 3751 3504 3802 ἀλλά
3538 3752 3630 3802 τὸν
3662 3751 3957 3818 εἰληφότα·

2360 3835 2420 3883 οὐ
2450 3832 2558 3901 γάρ
2607 3833 2828 3892 ἔδωκεν,
2859 3832 2975 3883 ἀλλ’
3004 3834 3161 3884 ἔλαϐε
3193 3835 3379 3884 κακόν.
3427 3835 3664 3883 Ἐκεῖνον
3713 3835 3816 3902 μὲν
3845 3836 3960 3901 γὰρ

2361 3913 2470 3963 τῶν
2511 3915 2798 3980 παρόντων
2846 3914 3241 3980 ἀπεστέρησεν,
3283 3914 3474 3964 ἐαυτὸν
3499 3913 3554 3964 δέ
3590 3912 3699 3963 τῶν
3725 3915 3961 3980 ἀφάτων

2363 3995 2582 4061 ἀγαθῶν
2624 3993 2898 4057 ἐξέϐαλεν.
2930 3994 2989 4043 El
3034 3994 3142 4061 γάρ
3177 3995 3204 4044 6
3241 3996 3314 4063 μὴ
3340 3996 3462 4056 δοὺς
3511 3998 3620 4058 τοῖς
3650 3996 3959 4065 δεομένοις,

2361 4083 2438 4140 είς
2467 4079 2690 4146 γέενναν
2737 4078 2972 4135 ἄπεισιν.
3010 4080 3037 4130 6
3072 4077 3363 4146 λαμϐάνων
3403 4080 3470 4131 τά
3500 4078 3609 4132 τῶν
3649 4080 3958 4149 δεομένων,

2360 4162 2411 4213 τί
2441 4161 2723 4222 πείσεται;
2752 4161 2858 4212 Καὶ
2884 4161 2933 4212 τί
2965 4160 3022 4213 τὸ
3043 4161 3252 4229 κέρδος,
3286 4164 3469 4230 φησὶν,
3503 4163 3632 4215 ὅταν
3655 4163 3769 4230 ἐγὼ
3795 4165 3960 4218 πάθω

2362 4243 2578 4308 κακῶς;
2610 4244 2769 4311 Μέγα
2808 4245 2905 4313 μέν
2931 4240 3024 4297 οῦν
3055 4245 3113 4296 τὸ
3137 4245 3349 4315 κέρδος.
3381 4246 3455 4298 Οὐ
3487 4247 3596 4316 γάρ
3616 4249 3681 4317 τῇ
3705 4249 3957 4318 τιμωρίᾳ

2362 4328 2452 4381 τοῦ
2497 4329 2682 4390 κακῶς
2718 4328 3075 4396 πεποιηκότος
3118 4329 3298 4395 ἵστησί
3347 4346 3430 4380 σοι
3474 4329 3572 4399 τὴν
3611 4329 3887 4384 ἀντίδοσιν
3930 4335 3960 4382 6

2361 4410 2511 4471 Θεός·
2545 4412 2668 4460 ἐπεὶ
2699 4409 2854 4460 οὐδὲν
2883 4408 2948 4459 ἂν
2972 4403 3040 4475 ἦν
3071 4408 3232 4474 μέγα.
3272 4408 3336 4459 Τί
3369 4411 3475 4480 γὰρ
3509 4413 3721 4478 δφελος,
3757 4414 3895 4466 ὅταν
3931 4426 3956 4455 ι

2363 4491 2473 4558 ἐγὼ
2503 4491 2660 4542 πάθω
2684 4490 2890 4551 κακῶς,
2927 4493 3177 4550 κάκεῖνος
3212 4491 3396 4560 πάσχῃ
3425 4495 3648 4558 κακῶς;
3680 4497 3864 4550 καίτοι
3894 4515 3958 4565 γε

2365 4573 2591 4634 πολλοὺς
2628 4568 2746 4623 οἶδα
2780 4572 3043 4641 μεγίστην
3081 4573 3435 4640 παραμυθίαν
3468 4575 3672 4644 ταύτην
3709 4581 3959 4648 ἡγουμέ-

2363 4673 2506 4718 νους,
2548 4655 2641 4706 καὶ
2670 4655 2729 4706 τὸ
2755 4656 2862 4706 πᾶν
2893 4654 3252 4724 ἀπειληφέναι
3281 4652 3618 4723 νομίζοντας,
3657 4657 3795 4710 ὅταν
3833 4664 3959 4723 τοὺς

2365 4739 2776 4807 ἐπηρεάσσντας
2805 4737 2953 4790 ῖδωσι
2977 4736 3392 4804 κολαζομένους.
3426 4737 3566 4789 Ἀλλ’
3590 4739 3738 4805 ὅμως
3769 4742 3801 4790 6
3823 4741 3956 4803 Θεὸς

2363 4822 2461 4873 οὐκ
2489 4822 2545 4872 ἐν
2567 4820 2772 4883 τούτοις
2806 4821 2986 4889 ἵστησι
3013 4821 3110 4890 τὴν
3131 4819 3384 4890 ἀμοιϐήν.
3428 4819 3591 4872 Ἀλλά
3621 4819 3803 4887 βούλει
3847 4840 3953 4891 μα-

2365 4905 2476 4956 θεῖν
2526 4905 2623 4957 ὅσα
2667 4905 2733 4957 τὰ
2781 4904 2961 4972 ἀγαθά
2998 4922 3056 4956 σε
3094 4901 3424 4966 διαδέξεταις
3453 4903 3558 4955 Τὸν
3594 4903 3828 4972 οὐρανόν
3874 4922 3954 4957 σοι

2367 4989 2540 5042 πάντα
2570 4989 2795 5056 ἀνοίγει,
2828 4989 2938 5040 τῶν
2975 4988 3145 5054 ἀγίων
3177 4986 3319 5036 ποιεῖ
3346 4986 3703 5056 συμπολίτην,
3749 4989 3837 5051 είς
3865 4989 3957 5041 τὸν

2364 5071 2543 5122 αὐτῶν
2577 5072 2736 5140 χορὸν
2767 5071 2940 5122 τελεῖν
2973 5087 3030 5121 σε
3065 5068 3499 5136 παρασκευάζει,
3530 5072 3954 5140 ἁμαρτημάτων

2364 5155 2611 5216 ἀπολύει,
2643 5155 2958 5226 δικαιοσύνῃ
2987 5154 3256 5221 στεφανοῖ.
3299 5152 3365 5206 Εἰ
3387 5153 3493 5223 γὰρ
3525 5157 3574 5206 οἱ
3610 5158 3722 5218 τοῖς
3770 5157 3944 5225 ἡμαρ-

2364 5240 2585 5306 τηκόσιν
2613 5237 2864 5305 ἀφιέντες
2889 5237 3248 5306 τυγχάνουσιν
3291 5236 3561 5308 ἀφέσεως.
3596 5240 3646 5290 οἱ
3677 5239 3751 5308 μὴ
3789 5240 3954 5307 μόνον

2365 5320 2638 5388 ἀφιέντες,
2679 5320 2814 5373 ἀλλά
2867 5322 2960 5372 καὶ
2993 5317 3516 5388 ἐπιδαψιλευόμενοι,
3551 5319 3696 5381 τίνος
3729 5322 3794 5372 οὐ
3832 5322 3956 5373 τεύ-

2366 5403 2545 5465 ξονται
2581 5402 2828 5469 εὐλογίας
2854 5403 2904 5467 b;
2935 5402 3028 5471 Μὴ
3055 5401 3231 5454 τοίνυν
3254 5402 3494 5468 ἀγεννῶς
3524 5402 3776 5471 ἐνέγκῃς,
3814 5400 3956 5454 ἀλλά

2366 5485 2460 5536 καὶ
2512 5482 2666 5548 εὖξαι
2705 5484 2848 5549 ὑπὲρ
2894 5485 2989 5536 τοῦ
3032 5483 3374 5552 ἠδικηκότος·
3419 5484 3559 5553 ὑπὲρ
3608 5485 3722 5552 γάρ
3747 5484 3954 5536 σαυτοῦ

2431 5702 2452 5727 τ
2493 5699 2768 5765 Legebqlur,
2795 5699 2851 5754 εἰ,
2875 5697 3062 5765 solace.
3087 5760 3098 5765 _
3134 5695 3330 5765 b_Sa.vil.
3389 5696 3441 5744 et
3483 5696 3680 5765 quelq
3717 5697 3952 5765 εῦλργιας,

2367 5763 2513 5870 Regi,
2556 5757 2831 5819 ἀπολογίας,
2878 5765 2931 5807 el
2973 5763 3045 5807 sic
3087 5757 3500 5820 Iogitinterpres.
3542 5757 3764 5819 Ulraque
3801 5758 3952 5805 hrcu‘o

2367 5838 2475 5884 qua!
2502 5830 2591 5869 rat.
