4070 6322
162 401 244 455 157
1158 383 1222 437 IN
1263 378 1480 438 EPIST.
1522 378 1541 433 l
1607 378 1697 432 AD
1736 374 1891 429 C0“.
1937 372 2162 427 liOMIL.
2206 373 2342 427 XVI.

161 529 322 588 passus
355 517 437 564 est
467 525 482 561 :
512 507 662 561 illum
689 504 833 559 enim
864 502 1038 572 coegit
1080 500 1418 554 adversarius
1448 505 1504 550 et
1530 493 1713 588 dolere

158 583 202 660 et
232 598 423 672 iudicio
447 595 793 652 contendere.
833 593 969 662 Quid
997 592 1136 646 enim
1181 588 1320 660 quod
1351 585 1560 640 vicisti?
1592 583 1716 650 quid

158 693 281 764 quod
307 690 582 746 universas
606 688 860 758 accepisti
890 682 1183 756 pecunias?
1205 681 1355 746 Quod
1381 679 1600 732 nolebas
1633 677 1714 729 iii-

162 784 297 838 terim
341 797 531 852 passus
559 796 619 836 es
641 821 658 846 ,
687 789 744 834 ut
767 787 984 843 coaetus
1013 776 1064 828 in
1099 771 1299 844 judicio
1341 773 1715 824 contenderes.

159 874 204 928 Si
246 889 368 928 vero
405 871 738 942 iniquitatem
781 869 940 931 feras,
974 865 1146 918 vincis
1185 863 1418 932 privatus
1453 860 1715 930 pecuniis,

157 966 239 1021 sed
267 981 366 1020 non
396 964 619 1019 victoria
649 977 769 1033 quae
796 969 878 1015 est
915 959 984 1013 ob
1024 966 1223 1011 tantam
1277 953 1668 1024 philosophiam
1703 968 1716 1005 :

159 1072 246 1110 non
274 1053 437 1125 potuit
473 1056 618 1110 enim
652 1054 740 1107 ille
771 1060 821 1106 te
847 1064 1040 1119 cogere
1066 1047 1131 1100 ad
1155 1045 1206 1100 id
1230 1043 1553 1108 faciendum,
1575 1041 1716 1124 quod

159 1144 372 1200 nolebas.
401 1145 559 1212 Quod
587 1153 768 1198 autem
795 1142 899 1197 hoc
924 1141 995 1196 sit
1021 1153 1208 1194 verum
1231 1179 1246 1203 ,
1274 1136 1362 1191 dic
1389 1135 1517 1190 mihi
1545 1150 1560 1190 :
1590 1134 1719 1200 Quis

157 1237 302 1302 ticit,
343 1233 666 1298 invidusne,
707 1248 776 1286 an
805 1233 864 1299 is.
902 1230 994 1300 qui
1030 1227 1242 1298 iacebat
1267 1227 1320 1280 in
1347 1224 1718 1295 sterquilinio?

157 1327 261 1394 quis
285 1337 567 1396 superatus
593 1334 677 1381 est
703 1365 716 1388 ,
744 1341 813 1379 an
839 1323 964 1385 Job,
992 1322 1078 1376 cui
1103 1320 1282 1374 omnia
1323 1319 1543 1388 abrepta
1570 1327 1717 1380 sunt,

155 1433 212 1471 an
247 1419 330 1487 qui
356 1418 536 1472 omnia
563 1418 677 1489 ipse
697 1416 914 1472 abstulit
933 1414 1172 1469 diabolus
1193 1414 1215 1465 ?
1235 1413 1592 1482 Conspicuam
1615 1421 1716 1475 est,

157 1510 278 1579 quod
306 1512 348 1564 is
373 1512 461 1579 qui
490 1511 673 1565 omnia
696 1511 798 1578 ipsi
825 1507 1043 1562 abstulit
1067 1507 1331 1561 diabolus.
1361 1508 1529 1573 Quem
1561 1505 1721 1559 mira-

158 1616 262 1653 mur
283 1601 348 1654 ob
374 1599 653 1654 victoriam
675 1641 692 1663 ,
736 1599 1078 1653 diabolutnne
1104 1600 1191 1666 qui
1223 1598 1503 1666 percussit,
1533 1612 1601 1649 an
1627 1595 1720 1650 Jo-

159 1689 262 1740 bnm
291 1690 644 1757 percussum?
675 1689 854 1742 Palam
881 1698 983 1755 est,
1013 1688 1152 1759 quod
1181 1687 1394 1743 Johnni.
1425 1687 1583 1756 Atqui
1612 1702 1716 1739 non

159 1777 307 1843 potuit
343 1788 634 1848 pereuntes
665 1773 928 1847 pecunias
964 1780 1203 1832 retinere
1229 1820 1243 1841 ,
1277 1793 1381 1830 non
1409 1776 1548 1829 lilios
1587 1790 1715 1829 suos

157 1882 368 1921 servare.
401 1869 605 1938 Ecquid
634 1870 756 1923 dico
781 1869 1036 1938 pecunias
1063 1880 1116 1924 et
1163 1870 1343 1923 lilios?
1371 1869 1613 1938 corporis
1641 1868 1719 1920 sui

158 1957 361 2012 salutent
402 1974 626 2015 servare
654 1975 762 2015 non
805 1960 1009 2029 potuit.
1030 1961 1278 2014 Attamen
1308 1959 1395 2014 hic
1421 1969 1502 2014 est
1530 1961 1617 2028 qui
1647 1957 1723 2010 vi-

156 2054 218 2104 cit
250 2054 333 2122 qui
369 2054 551 2106 omnia
581 2067 675 2106 sua
717 2053 916 2106 amisit.
949 2052 1209 2105 Pecunias
1235 2052 1446 2120 quidem
1490 2052 1722 2105 retinere

159 2159 248 2196 non
274 2144 477 2212 potuit,
511 2145 760 2211 pietatem
792 2160 919 2198 vero
945 2158 1066 2197 cum
1096 2145 1240 2197 omni
1271 2143 1612 2197 accuratione
1642 2159 1723 2195 rc-

160 2235 316 2286 tinuit.
345 2233 449 2287 Sed
481 2236 827 2302 pereuntibus
859 2236 977 2288 liliis
1007 2253 1110 2288 non
1141 2251 1295 2304 opem
1329 2235 1466 2288 tulit.
1497 2235 1562 2288 Et
1589 2235 1714 2304 quid

157 2323 281 2377 hoc?
307 2339 426 2377 nam
452 2325 576 2378 illos
597 2325 711 2392 ipse
735 2339 892 2379 casus
914 2325 1303 2394 splendidiores
1324 2325 1554 2378 reddidit
1582 2343 1596 2388 ;
1621 2326 1722 2378 sibi

156 2432 347 2485 quoque
376 2416 536 2470 malis
565 2416 757 2471 aﬂ‘ecto
796 2417 1045 2472 similiter
1070 2433 1226 2487 opem
1273 2418 1409 2472 tulit.
1456 2417 1566 2471 Nisi
1597 2433 1723 2471 vero

158 2508 278 2560 male
305 2523 496 2576 passus
524 2517 580 2562 et
604 2508 796 2577 injuria
824 2508 1048 2563 all‘ectus
1077 2525 1104 2561 a
1134 2507 1348 2562 diabolo
1378 2508 1583 2569 luisset,
1617 2523 1723 2560 non

155 2597 467 2663 splendidam
501 2599 646 2652 illam
677 2598 947 2653 retulisset
977 2598 1272 2653 victoriam.
1303 2599 1357 2654 Si
1386 2601 1581 2653 malum
1610 2609 1724 2654 erat

159 2687 329 2753 injuria
350 2687 515 2751 allici,
549 2703 654 2740 non
683 2687 735 2741 id
763 2688 916 2740 nobis
933 2688 1179 2756 iussisset
1207 2689 1347 2742 Deus
1377 2705 1392 2742 :
1423 2690 1558 2741 mala
1580 2690 1722 2743 enim

160 2778 282 2831 Deus
325 2794 430 2831 non
455 2779 612 2848 jubet
642 2797 654 2832 :
685 2794 751 2830 an
783 2780 1003 2833 nescitis
1046 2780 1186 2848 quod
1218 2780 1332 2849 ipse
1359 2781 1428 2833 sit
1457 2781 1594 2834 Deus
1620 2783 1728 2851 glo-

157 2870 275 2921 rize?
301 2885 397 2924 nec
447 2886 549 2926 nos
589 2871 846 2925 voluisset
889 2871 1218 2940 turpitudine
1242 2911 1258 2937 ,
1291 2874 1400 2926 risu
1428 2883 1482 2926 et
1526 2873 1726 2928 damno

156 2962 450 3027 involvere,
499 2963 594 3018 sed
637 2963 906 3017 contraria
948 2964 1258 3019 conciliare.
1309 2964 1434 3019 ideo
1453 2966 1727 3033 iubetnos

156 3053 382 3121 iniuriam
411 3056 544 3124 pati,
575 3055 814 3124 nihilque
840 3070 946 3109 non
976 3055 1082 3124 agit
1113 3067 1169 3108 ut
1198 3071 1295 3110 nos
1321 3072 1352 3110 a
1379 3059 1727 3113 saecularibus

153 3145 432 3212 abstrahat,
460 3156 518 3202 et
561 3145 879 3215 persuadeat
921 3145 1051 3215 quid
1086 3146 1152 3200 sit
1176 3147 1368 3216 gloria,
1397 3149 1522 3220 quid
1564 3151 1729 3220 turpi-

155 3238 290 3299 tudo,
319 3238 447 3306 quid
474 3238 752 3303 damnum,
781 3227 905 3305 quid
935 3238 1161 3292 lucrum.

218 3330 268 3382 6.
296 3328 401 3384 Sed
429 3329 630 3384 durum
657 3337 742 3384 est
767 3328 962 3398 injuria
990 3339 1044 3382 et
1072 3329 1269 3382 damno
1295 3330 1482 3384 allici?
1507 3331 1625 3386 Non
1648 3343 1731 3387 est

155 3419 352 3485 durum,
409 3437 516 3475 non
564 3430 665 3485 est,
715 3437 748 3474 ο
793 3421 988 3475 hnuiol
1039 3419 1326 3490 Usquequo
1379 3425 1731 3492 prmsentibns

159 3509 354 3565 inhias?
381 3511 566 3580 Neque
596 3512 738 3566 enim
762 3512 863 3567 hoc
891 3513 1244 3582 praecepisset
1266 3514 1425 3581 Deus,
1455 3516 1498 3570 si
1527 3517 1728 3571 malum

159 3616 302 3655 esset.
349 3600 645 3656 Considera
702 3612 878 3655 autem
922 3621 935 3657 :
978 3605 1068 3669 qui
1115 3605 1360 3672 iniuriam
1400 3608 1542 3667 l'ecit,
1600 3609 1730 3663 abiit

162 3693 390 3760 pecunias
426 3692 654 3756 habens,
699 3692 796 3744 sed
827 3692 1021 3744 malam
1053 3708 1264 3760 quoque
1289 3699 1673 3749 conscientiam
1711 3716 1723 3751 :

159 3784 235 3851 qui
262 3793 433 3836 autem
466 3782 658 3849 injuria
692 3781 846 3834 besus
875 3791 959 3835 est
983 3822 997 3845 ,
1035 3784 1275 3850 pecuniis
1299 3785 1516 3853 quidem
1551 3802 1727 3854 priva-

163 3883 236 3926 tus
261 3872 348 3927 fuit
376 3915 392 3939 ,
424 3872 517 3927 sed
550 3873 798 3926 liduciatn
838 3871 978 3941 apud
1008 3872 1171 3926 Deum
1206 3871 1366 3928 habet
1393 3914 1408 3940 ,
1434 3878 1730 3944 possessio-

161 3983 268 4021 nem
297 3969 441 4022 mille
472 3966 740 4022 thesauris
767 3965 1157 4038 pretiosiorem.
1183 3952 1313 4022 Haec
1331 3982 1451 4022 cum
1473 3969 1725 4036 sciamus,

160 4071 216 4109 ex
245 4057 514 4126 proposito
546 4057 837 4111 voluntatis
881 4057 1320 4127 philosophentur
1344 4096 1360 4122 ,
1406 4073 1503 4112 nec
1542 4059 1726 4113 eadem

159 4162 266 4212 qua:
291 4148 437 4200 stulti
471 4149 760 4215 patiamur,
788 4147 878 4214 qui
926 4156 1052 4200 tunc
1096 4161 1157 4199 se
1199 4163 1304 4200 non
1343 4147 1534 4216 injuria
1573 4151 1728 4204 laesos

163 4245 369 4301 putant,
399 4252 524 4288 cum
557 4236 658 4288 hoc
686 4235 789 4288 illis
816 4251 845 4288 a
866 4234 1069 4303 iudicio
1098 4236 1311 4288 accidit.
1345 4239 1573 4291 Prorsus
1604 4254 1730 4292 vero

161 4326 470 4379 econtrario
497 4325 624 4378 illud
656 4334 739 4379 est
776 4324 1029 4378 damnum
1061 4326 1350 4379 maximum
1376 4367 1391 4393 ,
1434 4337 1489 4380 et
1520 4330 1730 4382 univer-

162 4416 249 4467 sim
278 4416 492 4484 quando
523 4432 629 4470 non
661 4416 1107 4487 philosophainur
1139 4429 1329 4486 sponte
1377 4428 1554 4473 nostra
1575 4461 1589 4480 ,
1634 4419 1728 4474 sed

165 4504 275 4559 inde
307 4507 563 4576 superati.
596 4507 736 4561 Nihil
777 4509 918 4563 enim
953 4509 1083 4562 lucri
1113 4512 1355 4564 relerunt
1384 4510 1471 4578 qui
1494 4511 1728 4578 superati

164 4611 188 4644 a
213 4594 405 4661 indicio
432 4638 449 4661 ,
479 4596 530 4651 id
561 4600 835 4666 patiuntur
870 4618 883 4653 :
914 4616 1034 4653 nam
1069 4610 1193 4654 tunc
1232 4603 1446 4654 demum
1487 4601 1617 4654 illud
1661 4619 1727 4655 ex

167 4688 471 4741 necessitate
505 4690 579 4742 lit.
604 4693 858 4754 Qua-nam
887 4707 1015 4759 ergo
1044 4691 1322 4759 Splendida
1357 4691 1575 4745 victoria
1604 4694 1729 4747 est?

165 4777 370 4840 Quando
390 4788 449 4832 tu
479 4780 526 4832 id
557 4779 887 4847 deSpexeris,
915 4784 1127 4849 quando
1146 4783 1348 4850 judicio
1375 4800 1480 4836 non
1506 4795 1698 4838 conten
1722 4814 1732 4823 ο

167 4868 315 4922 deris.
343 4870 484 4937 Quid
523 4872 694 4923 dicis?
733 4872 915 4923 omnia
944 4870 1072 4924 mihi
1119 4875 1294 4951 ablatp
1330 4876 1466 4928 bona
1497 4886 1640 4939 sunt,
1679 4886 1733 4929 et

165 4962 309 5017 silere
339 4962 532 5029 iubes?
572 4962 768 5015 damno
799 4963 1023 5017 allectus
1052 4977 1168 5015 sum
1191 5004 1206 5028 ,
1255 4975 1314 5019 ut
1343 4977 1624 5022 mansuete
1652 4969 1731 5021 le—

167 5070 268 5108 raui
295 5055 576 5109 hortaris?
621 5065 674 5110 ct
708 5056 977 5126 quomodo
1020 5055 1148 5110 illud
1191 5060 1414 5125 potero?
1461 5059 1734 5115 Facillime

167 5149 356 5218 utique.
384 5150 431 5204 si
470 5150 520 5204 in
561 5151 749 5204 uelum
777 5152 1081 5220 reSpexeris
1109 5193 1123 5214 ,
1154 5151 1197 5204 si
1229 5149 1429 5205 videris
1458 5152 1594 5206 hanc
1619 5154 1734 5221 pul-

166 5241 509 5296 cbritudinem
531 5251 584 5295 et
605 5243 695 5297 ubi
728 5254 780 5296 te
805 5254 1178 5312 suscepturum
1210 5257 1330 5296 esse
1365 5243 1501 5296 Dens
1533 5247 1736 5312 pollici-

169 5341 245 5385 tus
263 5334 351 5397 sit,
382 5333 427 5386 si
468 5332 711 5404 iniuriam
731 5348 996 5404 generose
1026 5334 1184 5388 lcras.
1220 5333 1330 5388 lloc
1353 5335 1531 5403 itaque
1552 5334 1730 5407 facito.

169 5431 215 5474 et
239 5434 513 5494 postquam
537 5424 727 5477 calum
760 5425 1078 5492 reSpexeris,
1111 5425 1284 5492 cogita
1313 5431 1369 5477 te
1388 5423 1617 5476 similem
1647 5425 1737 5476 la-

169 5525 298 5568 ctant
326 5530 448 5569 esse
468 5513 539 5578 ei,
572 5514 660 5582 qui
692 5513 799 5566 illic
819 5527 982 5582 super
1005 5511 1297 5567 Cherubim
1325 5514 1498 5567 sedet.
1522 5512 1655 5568 Nam
1682 5525 1736 5569 et

172 5602 250 5658 ille
272 5604 595 5660 contumelia
622 5603 845 5660 allectus
871 5613 974 5672 est,
1001 5613 1057 5660 et
1077 5603 1129 5657 id
1157 5605 1313 5669 tulit;
1343 5614 1397 5659 et
1427 5605 1636 5674 probris
1656 5616 1737 5659 est

168 5693 396 5762 allectus,
429 5711 528 5751 nec
557 5710 677 5750 sese
706 5704 790 5749 est
821 5695 997 5760 ultus;
1025 5695 1194 5764 sputis
1217 5693 1602 5750 dehonestatus
1629 5705 1732 5760 est,

171 5798 217 5842 et
245 5807 344 5846 non
373 5805 490 5848 sese
519 5790 808 5845 vindicavit
836 5828 849 5856 ,
883 5789 973 5843 sed
1020 5789 1300 5844 contrariis
1333 5791 1692 5846 renumeravit
1717 5831 1730 5859 ,

3307 376 3411 427 0Z8

1836 490 2132 544 innmneris
2173 489 2409 542 alliciens
2439 488 2705 541 henelieiis
2733 505 2825 544 eos
2873 491 2960 559 qui
2998 494 3120 547 talia
3154 493 3405 559 iecerant,

1823 591 1878 636 et
1916 597 2012 634 nos
2040 583 2204 650 ipsius
2235 581 2531 634 imitatores
2572 597 2688 636 esse
2710 582 2885 651 jussit.
2914 583 3096 654 Cogita
3128 597 3178 642 te
3208 591 3408 643 nudum

1825 673 2018 725 cxiissc
2049 687 2114 726 ex
2147 682 2298 724 utero
2345 673 2527 724 matris
2570 681 2671 725 tute
2699 689 2711 736 ;
2749 676 2921 727 nudus
2955 681 3244 734 reverteris
3268 692 3321 735 et
3353 693 3406 735 tn

1824 773 1877 817 et
1900 761 1987 831 qui
2021 773 2070 816 le
2089 761 2263 817 affecit
2293 763 2518 832 injuria;
2551 763 2656 818 into
2689 781 2814 820 vero
2846 767 2934 821 ille
2960 785 3078 822 eum
3113 772 3404 827 innumeris

1827 853 2135 908 vulneribus
2158 894 2173 917 ,
2210 870 2329 923 qua:
2361 871 2569 910 vermes
2601 857 2835 926 gignant.
2865 860 3048 929 Cogita
3090 863 3229 931 quod
3262 874 3400 917 tein-

1827 961 2060 1016 poranea
2090 947 2195 1000 sint
2223 948 2508 1011 presentia
2541 967 2555 1002 :
2591 955 2762 1003 tecum
2796 963 2980 1020 reputt
3025 957 3266 1023 sepulcra
3291 974 3402 1008 nia-

1821 1037 2019 1104 jorum.
2075 1036 2230 1092 Disce
2266 1046 2449 1106 aperte
2487 1052 2550 1092 ea
2595 1055 2714 1110 quae
2747 1040 2880 1095 facta
2915 1054 3040 1111 sunt
3065 1087 3080 1111 ,
3122 1058 3177 1102 et
3207 1049 3409 1104 videbis

1831 1127 2057 1197 eumqui
2089 1137 2140 1182 te
2171 1127 2363 1197 injuria
2393 1127 2568 1183 alIeeit
2591 1171 2606 1192 .
2633 1140 2683 1186 te
2707 1133 2977 1189 fortiorem
3017 1137 3207 1194 fecisse
3235 1160 3248 1196 :
3293 1159 3412 1209 pas—

1826 1218 2032 1272 sionem
2074 1233 2303 1289 namque
2349 1234 2500 1274 suam
2535 1224 2834 1292 graviorem
2863 1219 3128 1295 reddidit;
3170 1247 3408 1289 amorem

1829 1310 2067 1378 pecunia:
2089 1309 2242 1375 dico;
2273 1322 2415 1366 tuam
2447 1329 2574 1369 vero
2602 1315 3005 1375 imbecilliorem
3036 1364 3050 1386 ,
3079 1325 3254 1377 ablato
3282 1324 3410 1380 lci-te

1830 1400 1968 1454 illius
1996 1401 2273 1457 alimento.
2306 1405 2385 1457 Ad
2419 1404 2534 1458 btec
2561 1421 2688 1460 vero
2721 1419 2770 1462 te
2797 1410 3039 1464 liberavit
3071 1430 3098 1467 a
3133 1417 3275 1469 Cinis
3301 1461 3314 1478 ,
3345 1422 3412 1471 ab

1826 1490 1986 1544 animi
2014 1508 2234 1562 angore,
2258 1493 2325 1549 ab
2356 1495 2552 1550 invidia
2584 1499 3033 1570 sycophantarum
3060 1546 3072 1569 ,
3101 1521 3129 1558 a
3163 1511 3313 1562 turba
3336 1551 3350 1575 ,
3381 1531 3408 1562 ει

1828 1583 2076 1646 tumultu,
2107 1600 2134 1635 a
2168 1597 2426 1655 perpetuo
2455 1599 2632 1655 metu;
2662 1602 2715 1645 et
2746 1596 3008 1650 malorum
3040 1601 3322 1656 colluviem
3359 1607 3408 1658 in

1826 1682 1984 1739 caput
2010 1689 2163 1726 suum
2193 1680 2482 1746 congessit.
2516 1680 2652 1744 Quid
2687 1683 2865 1752 igitur,
2902 1688 2945 1740 si
2975 1704 3095 1743 eum
3131 1695 3290 1756 laute,
3327 1698 3407 1749 in-

1827 1765 1997 1829 quies,
2026 1770 2372 1851 Concerleni?
2408 1770 2542 1822 Cum
2589 1773 2755 1826 Paulo
2787 1776 2885 1829 hoc
2925 1782 3142 1846 pateris.
3172 1787 3259 1854 qui
3290 1789 3362 1842 ait
3395 1809 3406 1841 :

1831 1853 1998 1922 Usque
2023 1856 2072 1907 in
2097 1855 2226 1908 hanc
2253 1857 2429 1910 horum
2452 1871 2497 1911 ct
2526 1864 2774 1917 esurimus
2798 1876 2845 1918 ct
2871 1870 3067 1924 silium;
3096 1883 3140 1924 et
3173 1853 3296 1928 nudi
3326 1896 3409 1930 stt-

1829 1962 1938 1998 mus
1968 1947 2045 2015 (l.
2079 1947 2198 2000 Cor.
2231 1949 2281 2003 4.
2318 1949 2372 2004 ll
2400 1949 2442 2019 ).
2478 1953 2544 2004 At
2574 1954 2681 2015 ille,
2713 1956 2940 2025 inquies,
2975 1973 3192 2032 propter
3221 1969 3403 2024 Deum.

1831 2037 1895 2089 Et
1925 2049 1976 2090 ιιι
2023 2055 2232 2108 quoque
2275 2052 2492 2108 proiiter
2538 2043 2701 2099 Deum
2736 2066 2752 2105 :
2784 2053 2997 2118 quando
3039 2057 3179 2110 enim
3223 2076 3327 2114 non
3363 2075 3414 2117 te

1830 2129 1971 2181 ultus
1999 2128 2187 2194 lueris,
2216 2146 2431 2200 prepter
2467 2135 2631 2188 Deum
2666 2138 2718 2218 id
2745 2141 2935 2196 fecisti.
2966 2147 3071 2200 Sed
3097 2151 3185 2218 qui
3216 2168 3300 2206 tne
3328 2156 3410 2207 in-

1825 2219 1963 2284 juria
1993 2220 2188 2283 all‘ecit,
2222 2237 2342 2274 cnni
2371 2223 2624 2281 divitibus
2648 2228 2698 2280 in
2723 2231 2928 2287 deliciis
2949 2237 3111 2306 degit.
3149 2240 3256 2295 lmo
3282 2260 3418 2300 vero

1829 2323 1949 2361 cum
1975 2309 2190 2362 diabolo
2225 2327 2237 2364 :
2270 2312 2364 2366 sed
2395 2321 2448 2366 tu
2483 2331 2604 2369 cum
2649 2317 2814 2373 Paulo
2844 2329 3136 2383 coronaris.
3169 2330 3247 2386 Ne
3281 2349 3410 2400 ergo

1830 2399 2023 2453 laniem
2062 2402 2287 2458 timeas:
2327 2404 2451 2458 Non
2483 2409 2612 2460 enim
2640 2411 2774 2479 [tunc
2814 2417 3006 2476 necabit
3042 2418 3175 2473 Deus
3212 2399 3411 2479 animus

1821 2494 2080 2561 justornm
2125 2497 2144 2566 (
2171 2494 2324 2549 Prov.
2357 2498 2439 2552 lO.
2467 2501 2498 2551 5
2519 2508 2560 2570 ).
2593 2501 2658 2555 Et
2695 2504 2832 2559 alius
2863 2524 3072 2564 rursum
3103 2517 3174 2568 ait
3220 2535 3234 2570 :
3262 2516 3413 2571 Jacta

1829 2602 1981 2653 super
2013 2587 2282 2640 Dominum
2311 2606 2485 2643 curam
2517 2602 2675 2658 tuam,
2709 2608 2756 2649 et
2785 2601 2891 2665 ipse
2919 2613 2965 2653 le
2989 2609 3200 2660 etttttrt'et
3223 2611 3238 2677 (
3264 2610 3409 2664 Psal.

1831 2678 1918 2732 5/».
1960 2679 2029 2732 ‘25
2051 2681 2092 2749 ).
2127 2681 2182 2733 Si
2210 2683 2353 2736 enim
2384 2700 2629 2752 passeres
2673 2692 2783 2757 agri
2818 2696 3022 2762 nutrit,
3063 2705 3330 2767 quomodo
3361 2707 3411 2759 te

1831 2787 1935 2823 non
1967 2772 2202 2824 nutriet?
2223 2773 2300 2827 Νε
2329 2775 2496 2830 simus
2518 2793 2645 2846 ergo
2676 2781 2897 2836 medica:
2925 2787 3044 2840 lidei
3077 2829 3090 2852 ,
3123 2809 3292 2860 neque
3321 2813 3414 2863 pu—

1831 2861 2142 2922 sillanimes,
2167 2877 2198 2913 ο
2227 2863 2431 2917 dilecti.
2455 2866 2554 2930 Qui
2582 2869 2726 2921 enim
2752 2888 2975 2942 regnum
3002 2880 3258 2935 caelorum
3292 2861 3412 2952 pro-

1835 2952 1978 3003 nii~it
2011 2962 2064 3006 et
2091 2961 2233 3006 tanta
2260 2952 2400 3007 bona
2423 2994 2441 3019 ,
2481 2961 2764 3025 przesentia
2796 2969 3066 3032 quomodo
3094 2987 3198 3025 non
3227 2975 3414 3031 dabit?

1832 3042 1907 3096 Nc
1934 3044 2199 3112 superﬂua
2217 3044 2604 3117 desideremus,
2628 3051 2720 3104 sed
2742 3055 2884 3121 quod
2906 3058 3154 3129 sufﬁciat,
3186 3075 3237 3119 et
3266 3084 3410 3123 sem-

1834 3147 1928 3200 per
1953 3134 2144 3187 divites
2184 3135 2384 3190 erimus
2434 3153 2449 3189 :
2497 3146 2859 3208 tegumentum
2899 3163 3200 3219 quaeramus
3237 3168 3290 3211 et
3319 3162 3416 3215 ali-

1835 3234 2036 3291 menta,
2063 3235 2116 3280 et
2143 3229 2320 3282 omnia
2350 3229 2691 3300 accipiemus,
2722 3243 2776 3288 et
2807 3235 2920 3293 haec
2939 3250 2992 3295 et
3010 3243 3175 3298 multo
3191 3250 3413 3318 majora.

1836 3319 1894 3372 Si
1938 3330 2118 3376 autem
2161 3323 2335 3378 adhuc
2375 3323 2527 3378 doles
2563 3337 2617 3380 et
2653 3327 2904 3386 deorsum
2936 3338 3191 3406 respicis,
3223 3345 3412 3400 vellem

1839 3413 1930 3467 tibi
1959 3413 2077 3482 eius
2101 3414 2190 3483 qui
2234 3424 2286 3469 te
2316 3415 2504 3482 injuria
2528 3416 2703 3471 aﬂ'ccit
2729 3422 2960 3477 animam
2992 3441 3113 3495 post
3141 3433 3416 3493 victoriam

1813 3505 2144 3570 ¹υειειιιΙι-ιέ,
2174 3507 2440 3576 quomodo
2470 3509 2606 3563 cinis
2634 3510 2771 3565 facta
2801 3515 2889 3569 sit.
2923 3517 3048 3574 Tale
3083 3538 3312 3594 namque
3335 3542 3416 3584 εει

1839 3606 2114 3663 peccatum
2144 3617 2156 3650 :
2189 3598 2441 3666 quamdiu
2469 3612 2729 3668 patratur,
2761 3611 3046 3673 quamdam
3091 3615 3412 3683 voluptatem

1835 3691 2018 3750 all’crt;
2043 3690 2254 3756 quando
2271 3699 2449 3742 autem
2476 3705 2903 3748 consnnunatuni
2923 3709 3023 3764 est,
3056 3711 3181 3758 tunc
3203 3710 3411 3766 modica

1837 3776 1921 3827 illa
1944 3776 2183 3844 voluptas
2205 3776 2400 3842 avolat,
2421 3779 2657 3833 succedit
2677 3792 2853 3837 autem
2871 3789 3033 3842 animi
3055 3809 3274 3852 maeror.
3296 3801 3418 3858 Ihm;

1839 3883 1996 3935 porro
2032 3867 2283 3936 patimur,
2316 3883 2436 3922 cum
2476 3872 2733 3939 quosdam
2765 3882 3085 3937 contumelia
3111 3887 3411 3959 allicimus;

1840 3971 2021 4028 postea
2062 3976 2186 4015 vero
2223 3976 2319 4015 nos
2343 3962 2488 4030 ipsos
2521 3978 2856 4020 accusamus.
2879 3971 2966 4026 Sic
2989 3977 3145 4028 etiam
3175 3993 3298 4034 eum
3325 4003 3414 4036 ra.

1838 4054 2030 4119 piznus,
2058 4052 2370 4119 gaudemus;
2387 4054 2578 4107 deinde
2591 4071 2754 4110 veroa
2770 4063 3087 4119 conscientia
3112 4074 3416 4141 pungimur.

1911 4141 2011 4206 Qui
2046 4141 2211 4208 egenis
2234 4157 2334 4193 non
2382 4141 2747 4214 eleemosynam
2784 4165 2954 4221 erogat
2977 4196 2992 4219 ,
3034 4157 3088 4210 in
3135 4163 3418 4229 gehennam

1838 4233 2068 4282 mittitur.
2095 4257 2165 4268 —-
2194 4230 2353 4285 Vides
2377 4232 2517 4301 apud
2549 4239 2850 4305 quempiam
2887 4242 3104 4300 domum
3131 4256 3420 4323 pauperis?

1839 4325 1984 4378 belle
2008 4365 2023 4388 ,
2053 4340 2158 4378 non
2188 4340 2309 4378 eum
2335 4327 2423 4395 qui
2446 4326 2683 4397 privatus
2713 4332 2850 4397 luit,
2871 4336 2962 4390 sed
2993 4353 3113 4393 eum
3145 4346 3233 4412 qui
3261 4361 3418 4402 acce-

1841 4414 1952 4481 pit;
1989 4430 2096 4468 non
2124 4415 2267 4468 enim
2308 4415 2474 4482 dedit,
2508 4418 2600 4472 sed
2627 4423 2831 4489 accepit
2862 4426 3079 4482 malum.
3104 4430 3234 4486 Nam
3262 4437 3417 4492 illum

1839 4507 2052 4577 quidem
2081 4509 2436 4576 praesentibus
2457 4510 2732 4576 spoliavit,
2761 4529 2819 4566 se
2848 4531 2976 4569 vero
3003 4536 3064 4572 ex
3090 4523 3247 4579 bonis
3275 4529 3389 4584 inel

1842 4599 2087 4652 Iabilibns
2113 4599 2289 4665 eiecit.
2329 4596 2460 4649 Nam
2493 4600 2536 4650 si
2568 4601 2610 4651 is
2633 4642 2644 4661 ,
2679 4603 2767 4670 qui
2797 4614 2979 4674 egenis
3007 4627 3110 4663 non
3138 4616 3413 4686 elargitur,

1842 4691 1891 4742 in
1922 4689 2220 4757 gehennam
2251 4689 2389 4752 abit;
2419 4689 2506 4757 qui
2538 4691 2621 4743 illa
2658 4710 2777 4762 quae
2803 4712 3092 4766 egenorum
3124 4720 3248 4762 sunt
3273 4717 3384 4767 acei
3405 4746 3416 4756 -

1843 4784 1937 4848 pit,
1975 4780 2099 4848 quid
2131 4780 2402 4849 patietur?
2434 4781 2498 4835 Et
2538 4798 2778 4852 quietiam
2811 4789 3010 4845 utilitas
3034 4835 3048 4857 ,
3097 4797 3336 4868 inquies,
3371 4808 3416 4858 si

1840 4888 1937 4941 ego
1975 4873 2115 4927 male
2147 4873 2353 4942 patiar?
2381 4873 2564 4945 Magna
2592 4889 2736 4931 certe
2764 4883 2981 4937 utilitas.
3013 4886 3127 4941 Non
3161 4908 3255 4959 per
3287 4911 3418 4964 sup-

1844 4967 2059 5033 plicium
2105 4967 2222 5032 eius
2249 5007 2262 5029 ,
2295 4968 2383 5033 qui
2417 4977 2466 5021 te
2495 4969 2636 5021 malo
2682 4971 2879 5039 all'eeit,
2931 4987 3416 5043 remunerationem

1843 5057 1935 5110 tibi
1961 5058 2240 5110 constituit
2266 5057 2439 5124 Deus;
2471 5075 2590 5112 nam
2630 5061 2754 5114 illud
2781 5080 2887 5118 non
2919 5045 3103 5138 magna
3137 5089 3222 5130 res
3251 5093 3414 5134 esset.

1842 5153 1971 5215 Qua:
1990 5150 2133 5204 enim
2163 5149 2362 5202 utilitas
2384 5191 2397 5214 ,
2426 5152 2470 5203 si
2513 5162 2568 5206 et
2608 5168 2706 5222 ego
2736 5166 2789 5208 et
2817 5159 2906 5212 ille
2938 5162 3077 5215 mala
3109 5169 3420 5233 patiamur?

1841 5260 2164 5315 quamquam
2194 5245 2391 5298 inultos
2417 5246 2566 5308 novi,
2596 5248 2681 5314 qui
2709 5247 2808 5301 hoc
2836 5266 2933 5317 pro
2961 5257 3192 5312 maxima
3223 5260 3422 5319 habent

1842 5339 2228 5403 consolatione,
2255 5346 2308 5392 et
2331 5346 2500 5392 totum
2526 5354 2585 5394 se
2605 5343 2880 5410 accepisse
2909 5349 3261 5418 arbitrantur,
3292 5370 3413 5410 cum

1842 5446 1934 5484 eos
1964 5432 2052 5500 qui
2080 5430 2180 5485 sibi
2210 5440 2506 5484 nocuerunt
2534 5433 2718 5500 plexos
2758 5436 2953 5488 vident.
2995 5440 3243 5496 Attamen
3281 5446 3419 5502 Deus

1847 5543 1953 5583 non
1982 5526 2067 5580 hic
2095 5524 2236 5580 sistit
2260 5525 2766 5578 remunerationem.
2797 5525 2904 5582 Sed
2932 5531 3010 5585 vis
3035 5534 3175 5590 scire
3208 5548 3340 5605 quot
3368 5550 3419 5594 te

1848 5619 1981 5672 bona
2010 5623 2295 5684 exceptura
2325 5613 2471 5668 sint?
2498 5613 2690 5668 Totum
2720 5616 2819 5670 sibi
2861 5621 3050 5684 caelum
3074 5627 3265 5693 aperit,
3294 5645 3419 5684 san-

1845 5724 2049 5769 ctorum
2085 5712 2360 5766 concivem
2389 5708 2535 5773 facit,
2568 5712 2618 5763 in
2645 5711 2832 5766 eodem
2860 5715 3026 5770 choro
3052 5728 3108 5771 ut
3133 5719 3207 5773 sis
3233 5721 3418 5787 efﬁcit,

1851 5826 1878 5864 a
1910 5805 2140 5878 peccatis
2170 5802 2430 5866 absolvit,
2462 5803 2665 5872 iustitia
2693 5814 2931 5860 coronat.
2964 5807 3018 5864 Si
3046 5813 3186 5868 enim
3220 5817 3304 5887 qui
3338 5832 3420 5874 re.
