4070 6322
622 339 727 395 I39

620 462 844 512 mittunt
884 456 974 521 iis,
1026 456 1115 527 qui
1163 466 1544 527 peccaverunt,
1594 457 1968 512 remissionem
2012 473 2204 513 conse-

613 559 854 618 qutmtur
875 566 892 613 ;
916 548 1004 618 qui
1030 564 1135 604 non
1165 549 1325 604 modo
1347 549 1663 614 remittunt,
1689 549 1788 604 sed
1832 548 1963 616 ipsis
1989 549 2202 605 abunde

622 642 923 711 largiuntur
940 684 955 704 ,
983 659 1141 712 qnam
1172 659 1278 697 non
1305 651 1708 711 consequentur
1734 642 2159 699 benedictionem
2180 645 2205 697 ‘l

617 733 696 788 Ne
740 736 921 805 itaque
970 736 1167 803 pusillo
1192 735 1376 789 animo
1412 733 1555 790 {eras
1580 776 1597 801 ,
1641 733 1738 789 sed
1764 738 1925 789 etiam
1983 750 2206 805 precare

615 840 715 895 pro
739 842 807 881 eo
832 827 924 897 qui
956 837 1008 882 te
1032 827 1190 881 laesit.
1219 827 1476 881 Pecunias
1502 834 1625 881 tuas
1649 826 1897 896 accepit?
1918 826 2016 881 sed
2040 826 2203 882 etiam

614 931 858 989 peccata,
888 931 946 974 ut
975 921 1027 973 in
1057 919 1332 974 Necmauo
1356 930 1411 974 et
1433 920 1581 975 Ciezi
1609 919 1824 975 accidit.
1850 920 2090 986 Quantas
2116 935 2209 989 pe-

613 1013 800 1067 cunias
824 1027 933 1066 non
948 1010 1082 1066 dare
1102 1012 1387 1076 voluisses,
1412 1021 1472 1067 ut
1499 1020 1718 1083 peccata
1750 1013 1844 1066 tibi
1866 1013 2209 1066 remitteren-

614 1111 704 1157 tur
720 1102 748 1156 τ
775 1102 889 1157 lloc
917 1103 1096 1173 itaque
1122 1118 1266 1157 nunc
1281 1104 1445 1157 etiam
1467 1118 1569 1158 usu
1588 1105 1733 1158 venit
1760 1120 1775 1156 :
1806 1103 1851 1157 si
1878 1102 2024 1157 enim
2047 1118 2208 1173 gene-

611 1208 739 1249 roso
778 1194 943 1261 teras,
987 1210 1088 1251 nec
1126 1195 1440 1259 untledicas,
1488 1195 1772 1265 splendida
1824 1195 2107 1250 redimitus
2144 1211 2206 1251 es

609 1300 830 1342 corona.
872 1285 988 1341 Non
1014 1301 1169 1342 meus
1208 1296 1293 1342 est
1316 1302 1499 1343 sermo
1520 1328 1537 1352 ,
1564 1287 1662 1342 sed
1706 1288 1901 1342 audisti
1928 1288 2203 1343 Christum

608 1377 879 1432 dicentem
929 1394 944 1431 :
992 1376 1153 1431 Orate
1187 1394 1282 1449 pro
1320 1378 1385 1432 iis
1424 1380 1511 1449 qui
1538 1378 1676 1433 vobis
1703 1380 1985 1434 antestium
2010 1390 2203 1435 creant.

608 1469 677 1525 Et
695 1470 871 1539 cogita
900 1479 1155 1539 quantum
1193 1471 1267 1526 sit
1288 1476 1569 1541 pnemium
1592 1513 1610 1539 ,
1642 1471 1712 1527 Ut
1730 1474 1843 1527 sitis
1864 1471 2060 1528 similes
2091 1472 2197 1528 Pa-

1396 344 1454 401 S.
1492 344 1770 402 JOANNIS
1802 345 2274 402 CIIIIYSOSTOII
2312 348 2628 407 ARCIIIEI’.
2668 354 3194 421 CONSTAN'I'INOP.

3799 366 3903 424 NO

2313 465 2403 514 tris
2426 466 2578 517 patri
2598 465 2689 535 qui
2715 475 2787 520 est
2819 466 2872 520 in
2914 470 3040 521 celo
3074 466 3295 540 (Hattlt.
3335 472 3389 526 5.
3437 477 3526 530 45.
3556 477 3685 549 ιο).
3719 480 3902 552 Itaque

2321 554 2471 607 nullo
2512 555 2749 625 privatus
2772 571 2867 619 es,
2910 557 3004 611 sed
3042 560 3206 613 etiam
3236 564 3492 631 accepisti
3521 582 3537 630 ;
3572 584 3679 623 non
3705 569 3904 640 injuria

2310 643 2557 713 affectus,
2590 648 2685 702 sed
2712 659 3009 704 coronatus
3035 666 3119 716 es,
3147 653 3329 706 animo
3354 658 3522 727 magis
3544 661 3899 733 philosophus

2310 736 2532 792 eﬂ'ectus
2562 739 2780 809 Deoque
2807 742 3002 796 similis
3022 784 3037 806 ,
3064 745 3411 812 pecuniarum
3436 762 3567 802 cura
3599 751 3859 809 liberatus
3885 795 3903 819 ,

2311 844 2539 899 regnum
2567 832 2823 887 caelorum
2850 845 3197 905 assequutus.
3227 839 3353 894 llzee
3376 841 3558 910 itaque
3586 850 3766 908 omnia
3792 863 3890 902 no-

2313 921 2517 976 hiscum
2546 932 2874 993 reputantes,
2906 926 2957 980 in
2985 927 3194 997 injuriis
3210 929 3671 1001 pltilosophetnur,
3694 934 3899 1003 dilecti,

2313 1026 2367 1066 ut
2398 1022 2455 1067 et
2480 1029 2509 1068 a
2550 1017 2832 1085 praesentis
2859 1018 2985 1071 vita:
3026 1022 3432 1088 perturbatione
3468 1024 3761 1081 liberemur
3784 1070 3803 1091 ,
3845 1039 3898 1083 et

2312 1103 2551 1158 inutilem
2581 1122 2870 1162 mererem
2898 1107 3211 1177 abjiciaus
3232 1152 3249 1177 ,
3278 1111 3621 1184 futurumque
3648 1117 3900 1186 gaudium

2311 1209 2741 1266 consequamur,
2784 1200 2954 1268 gratia
3000 1210 3054 1256 et
3102 1201 3430 1272 benignitate
3476 1207 3685 1263 Domini
3729 1210 3900 1265 nostri

2310 1286 2438 1342 Jesu
2465 1287 2685 1353 Christi,
2715 1292 2931 1360 quicum
2960 1292 3105 1347 Patri
3125 1301 3182 1347 et
3204 1308 3305 1347 una
3324 1293 3544 1364 Spiritui
3563 1308 3750 1354 sancto
3773 1303 3899 1370 glo-

2311 1380 2412 1442 ria,
2445 1380 2751 1448 imperium,
2785 1383 2978 1444 bouor,
3018 1398 3160 1440 nunc
3186 1392 3243 1439 et
3269 1398 3507 1455 semper,
3535 1395 3592 1441 et
3617 1388 3675 1442 in
3702 1393 3902 1445 sarcula

2317 1474 2663 1529 surculorum.
2691 1475 2886 1529 Amen.

1941 1658 2287 1741 uentus
2326 1676 2535 1743 xvu.

606 1826 720 1882 Car
788 1826 841 1880 6.
888 1842 939 1878 ν.
975 1824 1059 1879 12.
1108 1822 1299 1878 Onuria
1339 1823 1463 1876 mihi
1516 1824 1703 1888 licent,
1743 1823 1836 1875 sed
1874 1838 1976 1875 non
2028 1824 2199 1876 omnia

676 1917 948 1987 expediunt
977 1916 1191 1971 :ettutis
1215 1898 1341 1967 milii
1402 1914 1590 1980 licent,
1616 1913 1708 1967 sed
1735 1930 1828 1983 ego
1879 1914 1969 1967 sub
2010 1914 2204 1967 nullius

677 2009 884 2078 redigar
909 2014 1178 2075 potestate.

683 2102 736 2156 l.
763 2099 1057 2155 llelloones
1102 2097 1193 2153 hic
1215 2096 1546 2153 subindicat.
1575 2097 1709 2165 Quia
1753 2097 1896 2153 enim
1924 2112 2113 2152 rursus
2136 2097 2203 2153 ad

608 2191 990 2247 tornicatorem
1012 2198 1099 2244 est
1126 2188 1421 2254 rediturus,
1446 2187 1738 2242 fornicatio
1778 2198 1958 2241 autem
2000 2203 2065 2242 ex
2106 2189 2205 2242 de-

609 2283 751 2357 liciis
766 2292 840 2339 -et~
860 2280 1225 2338 immoderate
1250 2278 1376 2337 cibo
1398 2280 1573 2336 oritur
1589 2323 1603 2344 ,
1628 2280 1987 2336 uehementer
2011 2281 2199 2337 vitium

608 2373 743 2430 illud
765 2372 1014 2443 castigat.
1058 2371 1245 2438 Neque
1266 2371 1416 2427 enim
1459 2373 1527 2426 de
1554 2370 1843 2440 prohibitis
1868 2371 1985 2435 haec
2031 2371 2203 2433 dicit;

623 2466 716 2522 illa
742 2480 977 2535 namque
1002 2478 1109 2517 non
1133 2462 1303 2517 licent
1326 2479 1342 2527 ;
1370 2462 1468 2518 sed
1496 2460 1565 2516 de
1611 2461 1678 2515 iis
1705 2479 1826 2532 qum
1850 2462 2206 2517 indiﬂereutia

610 2570 732 2614 esse
758 2556 1027 2615 videntur.
1058 2553 1301 2623 Exempli
1322 2568 1481 2607 causa
1512 2570 1527 2608 :
1553 2552 1680 2607 licet
1703 2595 1719 2617 ,
1773 2552 1980 2621 inquit,
2026 2568 2209 2607 come-

610 2654 742 2705 dere
770 2658 828 2704 et
855 2647 1079 2708 bibere;
1125 2645 1220 2700 sed
1244 2660 1367 2699 cum
1412 2641 1572 2711 copia
1614 2642 1781 2697 uimia
1813 2658 1919 2697 non
1966 2643 2205 2712 expedit.

611 2739 875 2809 Qutulque
898 2738 1096 2791 mirum
1142 2736 1678 2804 inesspectatumque
1705 2743 1790 2796 est
1809 2775 1826 2798 ,
1848 2735 1997 2804 quod
2029 2744 2207 2788 tamen

618 2822 1107 2899 laceresapesolet
1126 2826 1179 2879 in
1192 2824 1524 2879 contrarium
1535 2834 1863 2879 convertens
1883 2823 2205 2887 oralionem,

619 2918 709 2973 hic
729 2924 946 2989 queque
975 2916 1103 2970 illud
1131 2917 1479 2983 exsequitur;
1506 2922 1562 2968 et
1580 2912 1817 2967 ostendit
1832 2914 1972 2983 quod
1991 2914 2043 2967 iu
2062 2924 2214 2983 pote-

615 3018 757 3065 state
784 3009 995 3073 facere,
1026 3023 1134 3062 non
1174 3005 1349 3067 solum
1391 3020 1497 3058 non
1540 2995 1818 3073 expediat,
1850 3003 1945 3058 sed
1982 3018 2086 3059 nec
2112 3018 2209 3074 po-

619 3101 832 3157 testatis
887 3099 1106 3170 quidem
1151 3098 1273 3163 sit,
1340 3112 1525 3153 verum
1568 3095 1870 3150 servitutis.
1922 3096 1987 3151 Et
2039 3096 2213 3165 primo

619 3190 839 3259 quidem
866 3191 1065 3245 avertit
1090 3190 1159 3243 ab
1181 3204 1253 3243 eo
1271 3229 1287 3253 ,
1318 3187 1460 3258 quod
1515 3202 1621 3241 non
1674 3187 1959 3256 expediat,
1983 3186 2172 3242 dicens
2196 3204 2210 3240 :

624 3280 750 3336 Non
778 3282 1054 3351 expediant
1077 3298 1098 3347 ;
1120 3279 1359 3336 secundo
1385 3289 1565 3333 autem
1593 3291 1624 3331 a
1668 3278 1941 3332 contrario
1962 3319 1976 3341 ,
2007 3278 2214 3341 dicens,

622 3370 741 3442 Ego
797 3373 893 3426 sub
942 3372 1138 3426 nullius
1195 3371 1401 3439 redigar
1442 3378 1703 3435 potestate.
1734 3368 1846 3423 Iloc
1888 3380 2067 3424 autem
2111 3371 2214 3423 sibi

626 3463 744 3517 vult
771 3478 787 3513 :
816 3462 989 3525 Penes
1016 3470 1072 3515 te
1124 3471 1207 3515 est
1260 3460 1588 3515 manducare
1607 3500 1621 3521 ,
1664 3460 1871 3528 inquit:
1896 3462 2025 3529 ergo
2058 3475 2217 3515 mane

626 3556 682 3609 in
715 3554 804 3609 illa
838 3560 1104 3622 potestate
1128 3591 1144 3617 ,
1174 3557 1230 3604 et
1275 3565 1407 3603 cave
1461 3565 1529 3603 ne
1577 3548 1734 3618 hujus
1762 3549 1983 3603 allectus
2029 3564 2217 3603 servus

629 3645 909 3700 eﬂiciaris.
954 3642 1088 3697 Nam
1140 3641 1231 3712 qui
1281 3649 1338 3693 ut
1387 3639 1638 3694 convenit
1688 3640 1780 3692 illo
1828 3640 2032 3703 utitur,
2078 3641 2218 3693 illius

629 3735 884 3789 dominus
927 3746 1048 3796 est;
1094 3733 1186 3801 qui
1237 3744 1416 3786 autem
1458 3746 1765 3784 mensuram
1814 3732 2057 3791 excedit.
2111 3750 2215 3784 non

631 3828 769 3878 ultra
793 3822 1047 3876 dominus
1074 3830 1159 3874 est
1182 3861 1197 3883 ,
1225 3821 1322 3873 sed
1344 3836 1535 3873 servus
1560 3821 1679 3885 ejus
1721 3822 1952 3872 ellicitur
1972 3861 1987 3878 ,
2016 3822 2135 3887 gula
2166 3822 2216 3872 in

630 3917 750 3985 ipso
787 3910 1127 3984 tyrannidem
1180 3918 1497 3963 exercente.
1530 3907 1717 3960 Videu‘
1758 3908 2028 3973 quomodo
2054 3924 2177 3961 eum
2200 3949 2214 3972 ,

630 4007 720 4077 qui
746 4020 811 4061 se
838 4011 1157 4075 potestatem
1188 4000 1386 4053 habere
1414 3999 1654 4068 putabat,
1683 3999 1782 4051 sub
1812 4008 2071 4065 potestate
2099 4014 2219 4053 esse

632 4096 917 4155 ostendat?
937 4094 1085 4152 Solet
1110 4094 1253 4150 enim
1283 4092 1480 4147 Paulus
1513 4091 1612 4145 hoc
1640 4091 1839 4156 facere,
1868 4104 1923 4145 ut
1947 4092 2057 4161 jam
2084 4092 2214 4156 dixi,

635 4194 690 4246 in
715 4190 1043 4247 centrarium
1071 4188 1405 4257 obiectiones
1453 4193 1663 4240 vertere
1695 4203 1707 4237 :
1737 4184 1880 4253 quod
1929 4186 2014 4238 hic
2057 4188 2218 4239 etiam

635 4283 780 4336 fecit.
808 4281 1189 4335 Animadverte
1218 4286 1397 4329 autem
1428 4292 1443 4329 :
1476 4276 1701 4341 quisque
1741 4290 1926 4328 eorum
1974 4276 2182 4331 dicebat
2203 4317 2219 4341 ,

637 4373 787 4429 Licet
815 4372 946 4437 mihi
972 4371 1210 4425 deliciari
1245 4386 1257 4421 :
1292 4368 1381 4420 ille
1413 4380 1541 4419 vero
1568 4365 1719 4429 dicit,
1749 4365 1863 4418 Non
1915 4367 2015 4419 hoc
2057 4377 2129 4418 tu'
2148 4368 2218 4421 ita

637 4465 770 4521 facis
799 4471 857 4517 ut
880 4462 968 4533 qui
1015 4461 1066 4515 id
1096 4460 1291 4514 habeas
1332 4459 1383 4512 iu
1433 4465 1695 4525 potestate
1720 4496 1734 4518 ,
1777 4456 1871 4507 sed
1926 4463 1984 4506 ut
2030 4456 2118 4522 qui
2150 4456 2224 4506 sis

636 4558 692 4629 ip
710 4572 751 4611 -e
782 4555 1027 4611 redactus
1053 4553 1152 4605 sub
1182 4553 1317 4604 hanc
1345 4558 1683 4618 potestatem.
1714 4544 1896 4614 Neque
1922 4544 2061 4596 enim
2095 4559 2222 4597 ven-

640 4650 736 4704 tris
764 4655 1078 4716 potestatem
1111 4644 1276 4696 habes
1303 4684 1316 4704 ,
1349 4641 1602 4710 quamdiu
1650 4640 1814 4693 lueris
1862 4638 2033 4691 ventri
2066 4637 2224 4691 nimis

638 4739 941 4806 indulgens,
972 4734 1066 4789 sed
1098 4734 1208 4800 ipse
1238 4735 1364 4786 tein
1394 4741 1657 4800 potestate
1686 4732 1866 4787 habet.
1903 4732 2013 4784 Iloc
2041 4742 2217 4784 autem

639 4833 709 4885 de
736 4827 979 4898 pecuniis
1004 4827 1164 4881 etiam
1211 4824 1385 4891 deque
1424 4824 1541 4876 aliis
1586 4824 1687 4876 dici
1730 4834 1924 4892 potest.
1959 4826 2045 4879 l5.
2080 4824 2225 4877 Esca:

640 4922 823 4976 vetari.
855 4919 1108 4975 Ventrem
1166 4915 1251 4969 hic
1295 4931 1403 4969 non
1456 4925 1734 4981 ventrem,
1790 4914 1883 4968 scd
1932 4914 2223 4983 ingluviem

642 5024 800 5068 vocat
853 5030 868 5066 :
914 5021 975 5066 ut
1016 5026 1139 5065 cum
1190 5008 1321 5063 dicit
1378 5026 1391 5059 :
1450 5006 1677 5072 Quorum
1729 5007 1854 5060 deus
1902 5018 2071 5059 venter
2153 5019 2223 5059 est

640 5105 902 5177 (Philipp.
930 5106 985 5159 '5.
1009 5102 1135 5171 l9);
1166 5116 1270 5154 non
1298 5100 1366 5154 de
1393 5098 1496 5152 hoc
1542 5098 1784 5151 membro
1825 5098 2053 5165 loquens
2072 5137 2089 5161 ,
2131 5100 2223 5150 sed

640 5198 709 5252 de
736 5178 1043 5249 voracitate.
1073 5192 1227 5261 Quod
1254 5193 1397 5246 enim
1424 5190 1496 5243 ita
1524 5190 1615 5254 sit,
1646 5188 1771 5242 audi
1799 5187 2077 5257 sequentia
2109 5206 2123 5241 :
2154 5187 2225 5240 Et

638 5297 809 5342 scnter
832 5286 958 5339 escis
1003 5300 1023 5337 :
1050 5300 1234 5353 corpus
1273 5291 1444 5335 autem
1470 5296 1570 5333 non
1623 5278 1969 5350 fmrdcationi,
1996 5278 2088 5332 sed
2117 5277 2225 5331 Do-

640 5380 801 5433 mino.
838 5375 998 5445 Atqui
1052 5382 1243 5429 venter
1282 5386 1495 5441 quoque
1534 5380 1615 5425 est
1663 5384 1880 5440 corpus.
1925 5370 2031 5425 Sed
2086 5369 2223 5425 duas

644 5468 825 5539 posuit
847 5466 1273 5535 coniunctiones,
1299 5478 1454 5519 escas
1479 5470 1533 5517 et
1561 5461 1848 5533 ingluviem
1874 5503 1891 5527 ,
1918 5478 2082 5531 quam
2110 5463 2227 5532 qui-

641 5562 764 5616 dem
793 5569 1035 5614 ventrem
1065 5557 1294 5618 vocavit,
1325 5552 1598 5609 Christum
1626 5561 1679 5607 et
1705 5568 1922 5621 corpus.
1952 5552 2089 5618 Quid
2119 5554 2221 5607 sibi

642 5654 754 5706 vult
783 5651 929 5715 illud,
962 5649 1106 5703 Esca!
1134 5648 1294 5701 ventri
1319 5647 1346 5700 2
1372 5646 1546 5712 Esca,
1580 5646 1773 5718 inquit,
1796 5646 2087 5699 amicitiam
2119 5646 2217 5698 ha-

642 5747 771 5800 bent
799 5760 921 5799 cum
951 5741 1180 5808 ingluvie
1202 5782 1217 5809 ,
1250 5749 1303 5796 et
1352 5740 1464 5795 htec
1489 5753 1609 5795 cum
1663 5744 1868 5794 ventre.
1902 5737 2014 5791 Non
2046 5746 2223 5807 potest

2306 1838 2437 1892 ergo
2462 1823 2529 1877 ad
2556 1823 2827 1878 Christum
2856 1840 2956 1881 nos
2980 1825 3202 1893 ducere,
3222 1824 3401 1880 sedad
3418 1826 3534 1883 hzec
3558 1829 3899 1887 trahiLGra-

2309 1916 2391 1969 vis
2417 1917 2561 1970 enim
2589 1926 2645 1969 et
2675 1915 2910 1971 belluina
2950 1927 3035 1973 est
3078 1916 3260 1987 passio
3284 1932 3577 1988 servosque
3606 1919 3820 1985 reddit,
3846 1930 3905 1976 et

2311 2014 2371 2059 ut
2394 2005 2495 2059 sibi
2541 2007 2807 2061 serviatur
2851 2006 3170 2063 ellicit.Cur
3213 2021 3347 2079 ergo
3387 2008 3627 2063 alimenti
3681 2010 3900 2074 inhias,

2308 2112 2343 2153 ο
2371 2099 2535 2153 homo
2554 2099 2578 2154 2
2600 2098 2748 2154 Illius
2775 2116 3009 2170 namque
3051 2099 3338 2155 ministerii
3362 2100 3485 2155 talis
3534 2109 3616 2156 est
3660 2100 3822 2165 linis,
3847 2112 3905 2157 et

2312 2190 2443 2246 nihil
2467 2190 2698 2261 amplius
2721 2191 3031 2257 exhibebit;
3061 2192 3156 2246 sed
3180 2201 3455 2260 tamquam
3479 2191 3639 2246 alicui
3667 2190 3905 2247 domita

2310 2281 2642 2348 ministram,
2672 2290 2851 2335 manet
2880 2280 3019 2334 hanc
3045 2280 3287 2336 retinens
3312 2282 3630 2335 servitutem
3656 2322 3673 2347 ,
3723 2296 3906 2350 neque

2312 2372 2537 2428 ulterius
2564 2370 2841 2443 procedit;
2872 2371 3187 2439 nullumque
3213 2369 3356 2423 aliud
3384 2384 3519 2439 opus
3569 2370 3767 2432 habet,
3800 2369 3901 2424 sed

2311 2463 2417 2519 hoc
2430 2465 2589 2520 inane
2608 2462 2987 2517 ministerium.
3011 2460 3079 2515 Et
3105 2461 3263 2513 ambo
3283 2470 3469 2514 mutuo
3479 2469 3901 2525 connectuntur,

2310 2565 2370 2610 et
2388 2555 2548 2609 simul
2575 2554 2945 2617 dissolvuntur
2978 2561 3311 2608 venter‘cnm
3337 2552 3496 2613 escis,
3523 2563 3580 2606 et
3605 2567 3744 2606 esca:
3771 2568 3903 2607 eum

2314 2657 2525 2710 ventre,
2548 2658 2763 2700 cursum
2787 2643 3073 2713 quemdam
3096 2643 3187 2713 qui
3203 2655 3491 2713 numquam
3520 2643 3700 2697 linitur
3724 2643 3903 2697 invol-

2317 2745 2525 2799 ventes,
2542 2750 2606 2789 ac
2632 2736 2678 2788 si
2704 2750 2735 2787 a
2756 2745 3015 2803 corrupto
3033 2747 3263 2802 corpore
3290 2744 3577 2787 nascantur
3596 2748 3828 2798 vermes,
3849 2742 3904 2787 et

2315 2839 2502 2879 rursus
2522 2841 2553 2880 a
2572 2824 2842 2879 vermibus
2854 2839 3049 2893 corpus
3061 2832 3407 2877 wnsumatur
3422 2838 3438 2885 ;
3459 2824 3542 2877 vel
3555 2824 3904 2891 quemadmo-

2314 2918 2445 2971 dum
2471 2917 2518 2968 si
2539 2917 2732 2970 ﬂuctus
2756 2915 2809 2968 itt
2836 2929 3105 2968 summum
3118 2913 3365 2968 subhtus
3392 2913 3738 2976 dissolvatur,
3767 2914 3901 2965 nihil

2319 3007 2454 3063 ultra
2472 3004 2659 3061 efﬁcit.
2677 3000 2975 3073 Haecporro
2986 3018 3093 3058 non
3104 3003 3171 3058 de
3183 3018 3307 3057 esca
3322 3012 3380 3057 et
3390 3002 3456 3057 de
3483 3017 3714 3070 corpore
3738 3001 3872 3056 dicit
3885 3019 3899 3066 ;

2317 3099 2413 3152 sed
2437 3098 2579 3167 gulae
2598 3097 2789 3152 vitium
2830 3106 2886 3150 et
2913 3096 3089 3151 cibum
3120 3095 3533 3151 immoderatum
3563 3094 3817 3161 traducit,
3849 3105 3907 3150 ut

2318 3188 2603 3259 sequentia
2624 3188 2916 3243 ostendunt
2943 3204 2959 3241 :
2983 3187 3255 3257 subiungit
3277 3186 3422 3241 enim
3449 3204 3462 3240 :
3492 3184 3633 3240 Deus
3652 3194 3824 3240 autan
3847 3198 3899 3242 et

2320 3284 2457 3337 hunc
2479 3289 2529 3336 et
2553 3282 2662 3334 lucc
2689 3279 2932 3333 destruet.
2961 3276 3077 3331 Non
3104 3284 3369 3331 ventrem
3396 3276 3560 3339 dicit,
3588 3274 3684 3330 sed
3716 3276 3909 3330 immo-

2321 3372 2561 3425 deratam
2588 3368 3077 3436 concupiscentiam
3107 3383 3121 3419 :
3153 3381 3259 3419 nou
3288 3379 3466 3419 escam
3492 3406 3508 3429 ,
3538 3364 3632 3418 sed
3661 3364 3904 3419 delicias.

2323 3460 2507 3527 Neqw
2532 3460 2677 3512 enim
2705 3458 2848 3511 illam
2874 3470 3019 3526 mgre
3044 3456 3183 3519 fert,
3211 3454 3307 3509 sed
3355 3454 3425 3507 de
3469 3454 3571 3506 illis
3598 3454 3769 3522 legem
3793 3463 3907 3508 sta-

2326 3532 2427 3604 tuit
2447 3550 2526 3603 sic
2551 3549 2779 3618 loquens
2806 3565 2820 3600 :
2856 3547 3108 3601 Habentes
3136 3547 3383 3599 alimenta
3410 3556 3456 3600 et
3486 3557 3801 3615 tegumenta,
3832 3549 3910 3603 his

2323 3642 2543 3695 contenti
2581 3656 2754 3694 sumus
2785 3639 2863 3708 (I.
2889 3639 3026 3692 Tim.
3054 3638 3109 3691 6.
3135 3638 3227 3708 8);
3258 3638 3352 3692 sed
3386 3637 3486 3691 hac
3530 3638 3744 3691 ratione
3794 3654 3908 3692 rem

2327 3733 2616 3802 improbat,
2642 3732 2763 3801 ejus
2789 3730 3227 3787 emendationem
3251 3738 3373 3798 post
3400 3728 3684 3783 consilium
3726 3728 3912 3781 datum

2326 3825 2554 3877 orationi
2608 3823 2945 3889 relinquens.
2993 3820 3221 3884 Quidam
3267 3832 3395 3870 vero
3440 3818 3659 3879 dicunt,
3708 3816 3911 3867 dictum

2326 3911 2458 3965 illud
2506 3926 2626 3964 esse
2674 3909 3043 3977 prophetiam,
3091 3921 3214 3976 qua:
3263 3913 3461 3957 statum
3511 3904 3670 3957 futuri
3728 3904 3911 3958 saeculi

2327 4003 2586 4065 declarat,
2616 4001 2668 4054 in
2696 4015 2805 4070 quo
2831 4013 2937 4052 non
2967 3996 3103 4050 ultra
3129 3993 3536 4051 manducabitur
3562 3994 3645 4047 vel
3678 3992 3910 4047 bibetur.

2327 4093 2383 4150 Si
2410 4101 2590 4146 autem
2621 4090 2929 4145 moderatus
2945 4102 3071 4143 usus
3099 4087 3259 4142 linem
3291 4085 3528 4151 habebit,
3548 4084 3719 4139 multo
3746 4090 3913 4154 magis

2326 4188 2398 4242 ab
2438 4184 2791 4240 immoderato
2827 4180 3224 4236 abstinendum.
3262 4177 3463 4233 Deinde
3506 4192 3573 4232 ne
3615 4176 3736 4246 quis
3768 4187 3915 4246 putet.

2332 4278 2805 4346 reprehensionem
2834 4274 2887 4328 id
2916 4288 3035 4328 esse
3062 4270 3305 4341 corporis
3324 4312 3340 4337 ,
3384 4285 3522 4324 neve
3548 4268 3677 4321 illud
3727 4269 3908 4337 suspi-

2329 4379 2503 4433 cetur,
2529 4366 2675 4435 quod
2703 4381 2896 4433 nempe
2922 4381 2951 4417 a
2981 4373 3132 4433 parte
3159 4371 3328 4415 totum
3356 4360 3727 4425 damnaverit,
3779 4374 3918 4414 neve

2332 4458 2475 4509 dit-at
2518 4457 2761 4524 corporis
2787 4464 3031 4507 naturam
3076 4467 3293 4505 causam
3342 4468 3462 4506 esse
3503 4449 3912 4511 fornicationis;

2331 4548 2453 4600 audi
2481 4546 2757 4615 sequentia
2790 4562 2805 4596 :
2832 4543 2947 4595 Non
2970 4543 3109 4593 enim
3133 4541 3375 4607 corporis
3413 4551 3657 4596 naturam
3675 4582 3692 4606 ,
3720 4541 3915 4609 inquit,

2332 4651 2550 4700 accuso,
2577 4634 2672 4688 sed
2704 4633 3104 4686 immoderatam
3157 4631 3317 4681 animi
3343 4630 3684 4696 cupiditatem
3716 4648 3731 4683 :
3764 4631 3912 4684 ideo-

2333 4742 2438 4796 que
2482 4726 2665 4794 adjicit
2718 4742 2731 4776 :
2781 4724 2975 4791 Corpus
3028 4731 3195 4773 autent
3242 4735 3345 4771 non
3398 4718 3723 4786 fornicationi
3754 4760 3770 4782 ,
3830 4720 3920 4771 sed

2336 4819 2573 4873 Domino.
2596 4816 2712 4871 Non
2745 4815 2888 4871 enim
2918 4814 3037 4867 ideo
3065 4814 3348 4866 formatum
3396 4807 3492 4860 fuit
3520 4849 3536 4871 ,
3569 4816 3627 4860 ut
3668 4806 3817 4861 luxui
3870 4822 3917 4860 ct

2333 4908 2673 4964 fornicationi
2728 4921 2950 4976 operam
2992 4904 3146 4958 daret
3169 4942 3183 4965 ,
3236 4910 3291 4952 ut
3322 4914 3495 4966 neque
3534 4907 3719 4951 venter
3746 4907 3805 4950 ut
3835 4898 3923 4948 in-

2330 5004 2649 5074 gurgitetur,
2678 5000 2775 5055 sed
2806 5008 2863 5052 ut
2896 4997 3166 5052 Christum
3198 5000 3355 5059 caput
3386 5000 3644 5061 sequatur
3664 5032 3679 5055 ,
3710 4999 3767 5044 et
3816 4989 3921 5042 Do-

2332 5086 2514 5149 minus
2545 5093 2853 5161 imponatur
2880 5086 3112 5155 corpori.
3146 5083 3530 5146 Revereamur,
3552 5084 3873 5136 horreamus
3902 5119 3913 5138 .

2331 5187 2474 5257 quod
2502 5194 2650 5240 tanto
2676 5186 2880 5239 honore
2909 5179 3111 5249 dignati
3137 5219 3153 5242 ,
3186 5186 3244 5230 ut
3271 5177 3412 5231 illius
3459 5192 3616 5247 supra
3662 5170 3915 5230 collocat‘

2333 5277 2572 5330 membra
2598 5274 2917 5336 efﬁciamur,
2951 5278 3031 5323 tot
3059 5267 3215 5321 malis
3240 5284 3339 5322 nos
3381 5268 3754 5336 deturpemus.
3783 5264 3913 5318 Cum

2331 5382 2461 5437 ergo
2487 5366 2766 5419 helluones
2791 5363 2925 5418 satis
2956 5358 3264 5428 carpsisset,
3293 5359 3589 5413 futurorum
3634 5357 3798 5409 etiam
3822 5369 3913 5423 spe

2333 5462 2401 5515 ah
2428 5460 2529 5513 hac
2560 5458 2795 5527 nequitia
2822 5452 3059 5515 abducit,
3090 5451 3273 5506 dicens
3302 5468 3315 5502 :
3349 5451 3436 5504 14.
3472 5449 3609 5505 Dens
3647 5458 3819 5500 autem
3870 5457 3913 5499 ct

2334 5551 2610 5604 Dominum
2651 5548 2914 5606 suscitauit
2944 5586 2959 5611 ,
3002 5555 3050 5597 et
3106 5560 3196 5596 nos
3247 5541 3505 5597 suscitabit
3555 5556 3645 5609 per
3686 5539 3914 5593 uirtutem

2333 5660 2497 5696 suam.

2406 5737 2467 5786 2.·
2489 5730 2732 5785 Vidistiu‘
2764 5745 2973 5783 rursum
3007 5726 3320 5798 sapientiam
3366 5722 3760 5793 apostolicam?
3796 5733 3909 5773 nam
