4084 6328
567 349 662 402 HI

551 461 831 525 σκευάζει,
881 460 977 512 καὶ
1010 461 1242 530 μάλιστα
1290 457 1406 511 νῦν.
1440 459 1504 513 Εἰ
1535 458 1646 528 γὰρ
1684 460 1746 508 τὸ
1789 457 1948 528 σῶμα
1987 457 2145 527 ἡμῶν

552 546 712 614 μέλος
739 543 834 596 τοῦ
864 543 1120 615 Χριστοῦ,
1145 543 1346 612 ἀνέστη
1366 543 1423 595 δὲ
1445 545 1472 594 6
1498 540 1752 612 Χριστὸς,
1782 541 1876 593 καὶ
1897 540 1957 592 τὸ
1983 541 2145 610 σῶμα

546 631 769 690 πάντως
816 627 1001 696 ἕψεται
1032 631 1096 698 τῇ
1137 628 1367 696 κεφαλῇ.
1401 628 1504 680 Διὰ
1533 626 1644 692 τῆς
1679 625 1987 694 δυνάμεως
2033 626 2142 676 αὺ-

546 713 673 765 τοῦ.
709 711 928 780 Ἐπειδὴ
957 710 1066 780 γὰρ
1088 707 1211 763 εἶπε
1249 713 1483 779 πρᾶγμα
1516 708 1916 778 ἀπιστούμενον
1942 709 2034 761 καὶ
2056 708 2143 759 λο-

545 799 765 866 γισμοῖς
787 797 847 846 οὐ
873 795 1171 866 δυνάμενον
1196 795 1565 863 ὑπονοηθῆναι
1587 807 1637 859 δ,
1663 794 1741 863 τῷ
1774 792 2146 862 ἀκαταλήπτῳ

544 881 643 949 τῆς
691 881 973 941 δυνάμεως
1025 877 1193 932 αὑτοῦ
1251 878 1614 949 παρεχώρησε
1662 878 1730 930 τὰ
1769 877 1870 946 τῆς
1917 876 2145 929 ἀναστά-

547 982 687 1026 σεως
725 964 818 1016 τοῦ
867 962 1131 1034 Χριστοῦ,
1170 962 1230 1014 οὐ
1268 963 1471 1032 μικρὰν
1513 966 1632 1014 κατ’
1660 961 1838 1014 αὐτῶν
1869 955 2144 1022 ἀπόδειξιν

547 1051 643 1102 καὶ
675 1047 880 1116 ταύτην
911 1048 1308 1118 παρεχόμενος.
1358 1048 1468 1098 Καὶ
1507 1047 1600 1099 ἐπὶ
1640 1047 1739 1114 μὲν
1774 1045 1875 1115 τῆς
1910 1043 2146 1096 ἀναστά-

547 1150 688 1194 σεως
727 1133 820 1183 τοῦ
856 1130 1094 1200 Χριστοῦ
1125 1131 1187 1182 ού
1217 1130 1464 1182 τέθεικεν
1494 1129 1646 1180 αὐτό’
1681 1128 1802 1180 οὐδὲ
1831 1127 1938 1196 γάρ
1967 1121 2140 1186 εἶπεν,

557 1218 617 1266 ’0
647 1215 701 1265 δὲ
736 1215 866 1276 Θεὸς
914 1213 1006 1265 καὶ
1049 1211 1140 1263 τὸν
1183 1211 1388 1280 Κύριον
1428 1212 1689 1282 ἐξεγερεῖ·
1721 1211 1879 1279 ἐξέϐη
1923 1208 2032 1278 γὰρ
2083 1208 2144 1258 τὸ

545 1303 798 1367 πρᾶγμα·
851 1295 988 1348 ἀλλά
1034 1294 1185 1356 πῶς;
1233 1295 1287 1345 Ὀ
1328 1294 1396 1346 δὲ
1452 1295 1596 1358 Θεὸς
1637 1293 1730 1344 καὶ
1776 1291 1883 1343 τὸν
1925 1292 2144 1356 Κύριον

541 1382 758 1448 ἤγειρε·
813 1380 906 1431 καὶ
947 1379 1045 1430 οὐκ
1100 1377 1269 1428 ἐδεῖτο
1328 1376 1688 1444 κατασκευῆς.
1731 1374 1880 1444 {I47}
1932 1374 2055 1425 Ἐπὶ
2085 1374 2141 1425 δὲ

541 1465 641 1531 τῆς
676 1464 950 1533 ἡμετέρας
1001 1459 1373 1521 ἀναστάσεως,
1409 1457 1596 1528 ἐπειδὴ
1639 1458 1850 1509 οὐδέπω
1896 1457 2138 1523 γέγονεν,

543 1548 642 1615 οὐχ
672 1546 846 1607 οὓτως
878 1540 1053 1601 εἶπεν,
1082 1541 1217 1593 ἀλλά
1250 1541 1400 1605 πῶς;
1436 1541 1544 1595 Καὶ
1575 1539 1734 1609 ἡμᾶς
1761 1540 2025 1608 ἐξεγερεῖ
2047 1538 2142 1592 διὰ

547 1628 653 1694 τῆς
684 1628 996 1695 δυνάμεως
1026 1625 1232 1679 αὐτοῦ’
1264 1628 1330 1693 τῇ
1356 1624 1670 1692 ἀξιοπιστίᾳ
1693 1624 1790 1692 τῆς
1815 1623 1909 1674 τοῦ
1934 1623 2144 1674 ποιοῦν-

543 1730 634 1774 τος
671 1711 852 1780 ἰσχύος
883 1712 1008 1772 τοὺς
1039 1709 1428 1775 ἀντιλέγοντας
1455 1707 1844 1774 ἐπιστομίζων.
1887 1708 1948 1758 ΕΞ
1975 1707 2030 1758 δὲ
2063 1707 2141 1775 τῷ

545 1796 723 1865 Πατρὶ
760 1797 858 1863 τὴν
901 1797 1199 1846 ἀνάστασιν
1239 1791 1518 1857 λογίζεται
1551 1790 1645 1842 τοῦ
1679 1791 1939 1861 Χριστοῦ,
1977 1791 2142 1859 μηδέν

544 1899 603 1932 σε
635 1879 933 1950 θορυϐείτω
957 1877 1136 1929 τοῦτο.
1181 1876 1257 1929 Ού
1288 1875 1395 1943 γάρ
1430 1875 1503 1936 ὡς
1534 1872 1848 1934 ἀτονοῦντος
1877 1873 1974 1924 τοῦ
2007 1875 2140 1940 Χρι-

545 1964 696 2024 στοῦ,
724 1964 882 2015 τοῦτο
909 1961 1172 2014 τέθεικεν·
1212 1959 1374 2019 αὐτὸς
1414 1957 1521 2025 γάρ
1554 1958 1700 2007 ἐστιν
1727 1957 1755 2004 6
1783 1955 1978 2021 λέγων’
2021 1957 2137 2008 Λύ-

542 2065 690 2101 σατε
741 2048 850 2099 τὸν
899 2045 1051 2097 ναὸν
1093 2041 1335 2101 τοῦτον,
1380 2040 1474 2090 καὶ
1531 2040 1600 2089 ἐν
1648 2040 1848 2104 τρισὶν
1897 2039 2143 2104 ἡμέραις

540 2129 722 2198 ἐγερῶ
772 2129 978 2181 αὐτόν’
1035 2127 1130 2178 καὶ
1177 2123 1361 2181 πάλιν.
1414 2122 1739 2183 Ἐξουσίαν
1782 2121 1901 2188 ἔχω
1956 2123 2142 2174 θεῖναι

540 2218 658 2281 τὴν
684 2213 899 2281 ψυχήν
921 2229 1064 2280 μου,
1091 2208 1189 2261 καὶ
1226 2208 1519 2271 ἐξουσίαν
1560 2206 1676 2272 ἔχω
1709 2205 1896 2257 πάλιν
1933 2205 2143 2257 λαϐεῖν

540 2297 754 2360 αὐτήν
787 2298 880 2347 καὶ
913 2297 940 2347 6
973 2295 1189 2354 Λουκᾶς
1215 2290 1269 2341 δὲ
1304 2291 1360 2341 ἐν
1389 2292 1506 2350 ταῖς
1547 2288 1784 2356 Πράξεσί
1825 2305 2007 2357 φησιν’
2039 2284 2141 2353 Οἷς

541 2380 641 2435 καί
671 2381 1059 2446 παρέστησεν
1089 2375 1309 2426 ἑαυτὸν
1347 2372 1552 2430 ζῶντα.
1585 2372 1738 2432 Τίνος
1765 2367 1860 2423 οὖν
1894 2373 2081 2424 ἐνεκεν
2113 2374 2142 2422 6

543 2462 755 2523 Παῦλος
783 2460 926 2512 οὓτω
967 2457 1161 2527 φησίν;
1193 2456 1314 2507 Ὅτι
1346 2457 1440 2507 καὶ
1466 2453 1534 2505 τά
1562 2453 1656 2505 τοῦ
1687 2453 1817 2504 Υἱοῦ
1857 2453 1934 2521 τῷ
1966 2455 2142 2520 Πατρὶ

542 2546 839 2612 λογίζεται,
883 2543 978 2594 καὶ
1030 2539 1098 2592 τὰ
1138 2538 1232 2590 τοῦ
1279 2536 1492 2607 Πατρδς
1537 2535 1614 2602 τῷ
1647 2535 1778 2604 Υίῷ·
1821 2537 1888 2588 Ἃ
1924 2538 2030 2603 γὰρ
2065 2536 2142 2587 ἂν

540 2628 773 2691 ἐκεῖνος
823 2624 989 2692 ποιῇ,
1049 2622 1218 2691 φησὶν
1258 2620 1444 2672 ταῦτα
1494 2619 1593 2690 καί
1639 2621 1671 2670 ὀ
1735 2619 1865 2681 Υἱὸς
1925 2621 2140 2684 ὁμοίως

541 2711 717 2764 ποιεῖ.
755 2709 969 2778 Σφόδρα
996 2707 1054 2760 δὲ
1089 2704 1361 2773 εὐκαίρως
1389 2701 1625 2753 ἐνταῦθα
1658 2701 1756 2768 τῆς
1790 2700 2138 2762 ἀναστάσεως

541 2796 836 2864 ἀνέμνησε,
882 2794 1006 2852 ταῖς
1051 2787 1263 2839 ἐλπίσιν
1313 2785 1551 2845 ἐκείναις
1611 2782 1992 2835 καταστέλλων
2042 2783 2140 2851 τῆς

541 2863 851 2946 ἀδηφαγίας
911 2873 1008 2941 τὴν
1066 2868 1375 2939 τυραννίδαν
1431 2867 1525 2918 καὶ
1591 2867 1877 2934 μονονουχὶ
1941 2863 2136 2930 λέγων’

544 2963 806 3029 Ἐφαγες’
864 2955 1016 3018 ἔπιες
1077 2951 1323 3015 ἀσώτως,
1362 2951 1458 3002 καὶ
1505 2949 1557 3000 τί
1610 2948 1670 3001 τὸ
1710 2949 1919 3017 πέρας;
1965 2947 2142 3010 οὐδὲν,

541 3044 657 3098 ἀλλ’
709 3044 744 3112 ἢ
793 3040 970 3110 φθορά
1015 3037 1194 3107 μόνον.
1231 3032 1604 3100 Συνεζεύχθης
1641 3031 1720 3099 τῷ
1763 3029 2006 3100 Χριστῷ,
2050 3031 2143 3081 καὶ

542 3129 592 3179 τί
625 3127 686 3178 τὸ
726 3125 934 3193 πέρας;
972 3123 1130 3185 Μέγα
1161 3119 1254 3170 καὶ
1280 3114 1594 3183 θαυμαστὸν
1628 3116 1659 3183 ἡ
1697 3112 1968 3182 μέλλουσα
2012 3115 2144 3165 ἀνά-

544 3225 752 3269 στασις,
801 3209 834 3276 ἡ
890 3203 1097 3268 ἔνδοξος
1152 3200 1336 3267 ἐκείνη
1379 3199 1475 3249 καὶ
1511 3200 1689 3249 πάντα
1721 3196 2133 3266 ὑπερϐαίνουσα

543 3292 720 3361 λόγον.

616 3436 824 3506 Μηδεὶς
855 3434 1036 3486 τοίνυν
1065 3428 1417 3482 διαπιστείτω
1446 3431 1514 3498 τῇ
1544 3427 1861 3480 ἀναστάσει·
1897 3430 1944 3478 εί
1970 3427 2027 3479 δέ
2061 3445 2141 3491 τις

544 3521 789 3582 ἀπιστεῖ,
831 3515 1083 3569 ἐννοείτω
1131 3513 1271 3565 πόσα
1319 3511 1377 3575 ἐξ
1419 3512 1519 3561 οὐκ
1561 3510 1730 3561 ὄντων
1770 3509 2016 3578 ἐποίησε,
2050 3512 2142 3562 καὶ

545 3604 782 3674 δεχέσθω
812 3601 905 3653 καὶ
929 3598 1056 3669 περὶ
1085 3597 1300 3664 ἐκείνης
1329 3591 1624 3655 ἀπόδειξιν.
1659 3591 1742 3644 Τά
1781 3593 1887 3663 γάρ
1916 3594 2015 3661 ἤδη
2050 3610 2143 3660 γε-

544 3692 749 3760 νόμενα
798 3682 1207 3755 παραδοξότερα
1247 3678 1448 3746 πολλῷ,
1503 3678 1595 3728 καὶ
1642 3675 1827 3746 θαῦμα
1862 3678 2142 3747 ἀμήχανον

547 3775 760 3842 ἔχοντα.
813 3768 1013 3820 Σκόπει
1048 3765 1104 3817 δέ
1125 3780 1136 3792 ·
1174 3762 1281 3831 Γῆν
1315 3761 1494 3815 λαϐὼν
1541 3761 1731 3831 ἔφυρε,
1757 3763 1856 3814 καὶ
1886 3763 2142 3842 ἐποίησεν

547 3841 853 3926 ἄνθρωπον,
882 3851 988 3919 γῆν
1021 3849 1120 3900 οὐκ
1148 3842 1313 3900 οὖσαν
1346 3846 1452 3915 πρὸ
1477 3844 1689 3897 τούτου.
1707 3845 1850 3926 ῌΠῶς
1880 3841 1972 3897 οὖν
2011 3848 2043 3915 ἡ
2071 3847 2140 3914 γῆ

546 3923 771 4006 γέγονεν
796 3935 889 3988 ἀνθ
902 3949 1082 4003 ρωπος
1107 3946 1124 3992 ;
1149 3929 1266 3990 πῶς
1289 3929 1345 3979 δέ
1375 3927 1514 3996 αὓτη
1546 3928 1646 3979 οὐκ
1674 3923 1808 3978 οὖσα
1831 3930 2141 3996 παρήγετο;

547 4023 666 4083 πῶς
695 4021 752 4072 δὲ
795 4019 865 4069 τά
891 4017 948 4080 ἐξ
982 4013 1151 4083 αὐτῆς
1183 4012 1433 4073 ἅπαντα,
1460 4010 1528 4062 τά
1555 4009 1663 4061 τῶν
1691 4009 1901 4077 ἀλόγων
1940 4011 2144 4079 ἄπειρα

545 4107 702 4173 γένη,
736 4103 804 4155 τὰ
829 4101 937 4152 τῶν
970 4098 1322 4166 σπερμάτων,
1346 4095 1416 4146 τά
1447 4094 1555 4145 τῶν
1581 4093 1785 4162 φυτῶν,
1811 4094 1911 4146 οὐκ
1939 4094 2143 4146 ὠδίνων

550 4190 637 4242 ἐπ’
667 4185 892 4239 ἐκείνων
939 4179 1328 4253 ἡγησαμένων,
1373 4178 1469 4246 οὐχ
1503 4178 1674 4229 ὑετῶν
1709 4177 2141 4247 κατενεχθέντων

550 4274 642 4326 ἐπὶ
687 4268 914 4330 τούτων,
939 4266 1059 4335 ούχὶ
1089 4263 1363 4332 γεωργίας
1399 4261 1681 4330 φανείσης,
1730 4263 1791 4313 οὑ
1834 4261 1990 4330 βοῶν,
2041 4263 2142 4314 οὐκ

546 4356 802 4424 ἀρόερου,
827 4353 926 4402 οὐκ
955 4348 1118 4400 ἀλλου
1141 4345 1354 4406 οὐδενὸς
1388 4343 1768 4405 συντελοῦντος
1805 4346 1884 4404 εἰς
1922 4343 2019 4413 τὴν
2049 4345 2141 4411 γέ-

547 4457 694 4491 νεσιν
720 4435 928 4488 τούτων
957 4451 970 4498 ;
1007 4430 1106 4482 Διά
1131 4428 1289 4480 τοῦτο
1321 4427 1428 4494 γὰρ
1461 4428 1524 4477 ἐκ
1557 4427 1658 4494 γῆς
1686 4425 1893 4495 ἀψύχου
1923 4428 2014 4478 καὶ
2047 4432 2139 4478 ἀν-

549 4522 810 4591 αισθὴτου
847 4515 1084 4569 τοσαῦτα
1114 4513 1172 4563 ἐν
1205 4512 1347 4581 ἀρχῇ
1378 4510 1512 4579 γένη
1556 4511 1649 4561 καὶ
1678 4510 1860 4575 φυτῶν
1899 4511 1990 4561 καὶ
2017 4510 2142 4561 ἀλό-

549 4624 659 4674 γων
689 4604 843 4667 ζώων
877 4600 1101 4667 ἀνῆκεν,
1143 4595 1229 4647 ἵνα
1271 4593 1477 4647 ἀνωθεν
1533 4609 1592 4642 σε
1624 4593 1890 4662 παιδεύσῃ
1923 4593 2014 4646 τὸν
2044 4594 2142 4662 τῆς

549 4686 897 4745 ἀναστάσεως
921 4681 1099 4747 λόγον.
1119 4677 1290 4730 Τοῦτο
1311 4679 1419 4746 γὰρ
1434 4676 1532 4744 τῆς
1555 4675 1902 4738 ἀναστάσεως
1926 4677 2119 4746 ἀπορῶ

548 4788 727 4842 τερον.
759 4768 834 4822 Οὐ
883 4765 993 4834 γάρ
1036 4764 1184 4814 ἐστιν
1213 4761 1327 4811 ἴσον
1356 4760 1649 4812 σϐεσθέντα
1687 4760 1889 4828 ἀνάψαι
1926 4760 2140 4830 λύχνον,

552 4856 646 4907 καὶ
679 4850 941 4923 μηδαμῶς
972 4845 1297 4916 φαινόμενον
1339 4843 1507 4904 δεῖξαι
1549 4845 1678 4911 πῦρο
1709 4845 1809 4895 ούκ
1850 4843 1997 4896 ἐστιν
2031 4845 2143 4895 ἶσον

551 4935 969 5005 κατενεχθεῖσαν
1012 4930 1189 4984 οὶκίαν
1219 4926 1546 4995 ἀναστῆσαι,
1579 4927 1672 4980 καὶ
1714 4927 1847 4997 μηδὲ
1877 4928 2012 4991 ὅλως
2044 4930 2144 4995 ὑφ-

554 5020 800 5074 εστῶσαν
831 5016 1197 5087 παραγαγεῖν.
1245 5009 1510 5064 Ἐνταῦθα
1545 5011 1642 5079 μὲν
1676 5011 1805 5081 γάρ,
1831 5012 1878 5062 εἰ
1911 5013 2004 5063 καὶ
2042 5030 2144 5082 μη-

555 5105 641 5158 δὲν
679 5103 827 5166 ἀλλο,
860 5101 976 5153 ἀλλ’
1006 5101 1038 5170 ἡ
1073 5097 1172 5166 ῦλη
1204 5095 1479 5147 ὑπέκειτο·
1511 5095 1628 5146 ἐκεῖ
1668 5094 1722 5146 δὲ
1770 5094 1894 5147 οὐδὲ
1925 5097 1956 5164 ἡ
1988 5097 2143 5148 οὐσία

555 5187 827 5255 ἐφαίνετο.
881 5183 981 5238 Διά
1011 5181 1169 5234 τοῦτο
1219 5178 1279 5231 τὸ
1323 5175 1722 5247 δυσκολώτερον
1768 5173 1907 5230 εἶναι
1954 5179 2143 5230 δοκοῦν

555 5269 780 5338 ἐποίησε
836 5269 1120 5337 πρότερον,
1171 5263 1256 5314 ἵνα
1309 5263 1374 5312 ἐκ
1422 5261 1612 5313 τούτου
1667 5261 1726 5313 τὸ
1777 5262 2144 5332 εὐκολώτερον

556 5350 860 5423 παραδέξῃ.
917 5346 1330 5415 Δυσκολώτερον
1389 5343 1445 5394 δὲ
1491 5339 1666 5406 εἷπον,
1719 5347 1841 5415 οὐχὶ
1884 5347 1962 5418 τῷ
2001 5347 2142 5416 Θεῷ,

557 5438 695 5492 ἀλλά
723 5437 867 5489 κατά
893 5434 991 5502 τὴν
1028 5431 1136 5483 τῶν
1166 5428 1449 5498 ἡμετέρων
1488 5426 1765 5498 λογισμῶν
1798 5431 2140 5484 ἀκολουθίανο

555 5519 676 5590 θεῷ
725 5519 833 5590 γὰρ
878 5513 1137 5568 δύσκολον
1164 5511 1351 5563 οὐδέν’
1408 5508 1520 5561 ἀλλ’
1565 5509 1754 5582 ὥσπερ
1799 5514 2090 5586 ζωγράφος
2117 5516 2146 5568 6

562 5604 690 5671 μίαν
738 5600 909 5654 ποιῶν
951 5597 1154 5660 εἰκόνα,
1192 5593 1395 5664 μυρίας
1436 5593 1674 5657 εὐκόλως
1720 5597 1954 5668 ποιήσει,
2003 5597 2147 5650 οὖτω

560 5689 653 5738 καὶ
691 5685 809 5755 Θεῷ
840 5683 1022 5755 ῥᾴδιον
1063 5678 1292 5751 μυρίους
1319 5677 1542 5748 ποιῆσαι
1580 5677 1817 5748 κόσμους
1863 5683 1955 5734 καὶ
1993 5681 2147 5735 ἀπεί-

618 5863 637 5885 ⁸
655 5863 777 5927 Reg.
791 5901 803 5924 ,
823 5866 1158 5923 ὑποϐληθῆναι.

1319 344 1377 392 S.
1415 339 1707 394 JOANMS
1747 336 2240 394 CIIIH'SOSTOMI
2285 340 2609 397 ARCIIIEP.
2657 344 3215 400 CONS'I'ANFINOP.

3737 347 3840 400 ΗΞ

2257 474 2404 526 ρουςο
2446 461 2648 528 μᾶλλον
2676 460 2759 526 δὲ,
2801 459 2990 531 ῶσπερ
3023 460 3244 514 εῦκολον
3286 463 3535 532 ἐννοῆσαί
3573 479 3634 514 σε
3684 463 3845 516 πόλιν

2252 543 2344 593 καὶ
2392 543 2631 611 κόσμους
2682 546 2966 616 ἀπείρους,
2997 546 3141 598 οὕτω
3174 547 3396 617 ποιῆσαι
3440 544 3560 614 Θεῷ
3593 543 3843 606 εὔκολον,

2249 625 2450 693 μᾶλλον
2486 626 2543 678 δὲ
2574 627 2668 680 καὶ
2690 628 2883 681 τούτου
2920 629 3100 698 πολλῷ
3145 629 3306 682 πάλιν
3346 627 3728 696 εὐκολώτερον.
3765 629 3844 680 Σὺ

2249 708 2349 776 μὲν
2375 708 2490 778 γὰρ
2524 710 2625 762 κάν
2661 711 2865 781 βραχὺν
2895 713 3085 782 χρόνον
3108 711 3419 772 ἀναλίσκεις
3456 713 3512 763 ἐν
3539 714 3603 781 τῇ
3635 710 3842 780 ἐννοίᾳρ

2245 794 2272 843 6
2293 792 2346 843 δὲ
2373 793 2504 854 Θεὸς
2526 794 2646 846 οὐδὲ
2677 794 2854 856 τοῦτο,
2886 795 3002 848 ἀλλ’
3026 797 3137 865 ὅσῳ
3165 795 3276 847 τῶν
3302 795 3645 862 κουφοτάτων
3669 793 3843 855 τινος,

2249 873 2396 946 [148]
2431 876 2630 945 μᾶλλον
2649 877 2706 929 δὲ
2736 877 2830 930 καὶ
2854 877 2947 930 τοῦ
2979 879 3072 930 νοῦ
3099 878 3191 930 τοῦ
3214 878 3478 948 ἡμετέρου
3501 879 3549 930 οἱ
3577 877 3716 931 λίθοι
3745 876 3847 944 βα-

2247 965 2484 1034 ρύτεροι,
2514 966 2755 1038 τοσούτῳ
2791 969 2823 1019 6
2852 968 2977 1032 νοῦς
3007 968 3165 1038 ἡμῶν
3193 969 3294 1036 τῆς
3321 967 3619 1038 ταχύτητος
3648 968 3752 1037 τῆς
3783 970 3847 1021 ἐν

2243 1047 2320 1115 τῷ
2353 1051 2524 1099 ποιεῖν
2552 1048 2995 1118 ἀπολιμπάνεται
3026 1049 3119 1103 τοῦ
3148 1049 3306 1102 Θεοῦ.
3358 1050 3707 1120 Ἐθαύμασας
3740 1052 3844 1103 αὑ-

2244 1131 2336 1182 τοῦ
2368 1132 2464 1201 τὴν
2494 1132 2724 1203 δύναμιν
2765 1133 2859 1185 ἐπί
2890 1135 2991 1203 τῆς
3033 1137 3167 1204 γῆςς
3210 1133 3492 1204 Ἐννόησον
3524 1134 3685 1186 πάλιν
3723 1133 3848 1194 πῶς

2244 1216 2272 1266 6
2321 1216 2546 1286 οὐρανὸς
2588 1219 2812 1284 γέγονεν
2861 1218 2963 1270 οὐκ
2992 1218 3091 1280 ῶν,
3122 1215 3240 1279 πῶς
3279 1216 3347 1270 τὰ
3388 1219 3593 1287 ἀπειρα
3639 1216 3844 1284 ἄστρα,

2246 1297 2362 1359 πῶς
2406 1301 2433 1349 ό
2477 1298 2652 1367 ἥλιος,
2688 1299 2806 1362 πῶς
2833 1302 2866 1368 ἡ
2909 1300 3129 1370 σελήνη*
3162 1301 3258 1352 καὶ
3301 1299 3482 1353 ταῦτα
3514 1301 3694 1353 πάντα
3741 1299 3848 1349 οὐκ

2243 1381 2393 1433 ὄντα.
2427 1381 2618 1447 Πάλιν,
2638 1383 2758 1434 εἰπέ
2787 1399 2898 1452 μοι,
2930 1383 3047 1444 πῶς
3092 1382 3231 1451 μετά
3253 1382 3315 1435 τὺ
3337 1382 3593 1450 γενέσθαι
3614 1381 3845 1450 ἕστηκε,

2245 1465 2338 1515 καὶ
2365 1464 2454 1515 ἐπὶ
2483 1465 2627 1526 τίνος
2654 1482 2670 1529 ;
2704 1466 2865 1518 ποίαν
2891 1465 3209 1535 ὑποϐάθραν
3233 1466 3368 1535 ἔχει,
3397 1468 3431 1536 ὴ
3465 1465 3538 1536 γῆ
3561 1465 3618 1519 δὲ
3647 1465 3842 1529 ποίαν;

2243 1547 2337 1598 καὶ
2360 1547 2410 1598 τί
2449 1547 2589 1615 μετὰ
2624 1550 2721 1617 τὴν
2744 1549 2847 1617 γῆν
2871 1565 2883 1612 ;
2911 1550 3007 1600 καὶ
3033 1550 3150 1617 μετ’
3173 1549 3353 1600 ἐκεῖνο
3387 1547 3554 1601 πάλιν
3593 1548 3656 1600 τὸ
3702 1550 3849 1617 μετά

2243 1629 2338 1698 τὴν
2362 1629 2486 1697 γῆν,
2515 1631 2597 1693 ti;
2627 1631 2789 1701 Ὁρᾷς
2815 1632 2893 1692 εἰς
2917 1632 3081 1684 πόσον
3109 1631 3348 1699 ῖλλιγγον
3373 1627 3631 1685 ἐκπίπτει
3659 1649 3753 1685 σου
3781 1631 3848 1684 τὸ

2243 1713 2342 1781 τῆς
2373 1714 2614 1776 διανοίας
2660 1715 2836 1784 ὖμμα,
2890 1715 2955 1766 ἀν
3010 1716 3084 1783 μὴ
3129 1716 3340 1784 ταχέως
3389 1718 3484 1770 ἐπὶ
3524 1716 3625 1786 τὴν
3659 1715 3848 1766 πίστιν

2244 1796 2602 1867 καταδράμης
2632 1799 2725 1848 καὶ
2753 1796 2850 1865 τὴν
2877 1798 3265 1863 ἀκατάληπτον
3293 1797 3522 1867 δύναμιν
3553 1798 3648 1850 τοῦ
3679 1799 3846 1868 ποιή-

2246 1897 2470 1944 σαντο;;
2506 1880 2568 1931 Εἰ
2603 1879 2660 1930 δὲ
2701 1879 2883 1948 βούλει
2915 1879 3007 1932 καὶ
3043 1879 3150 1931 ἀπὸ
3181 1879 3290 1931 τῶν
3329 1881 3687 1950 ἀνθρωπίνων
3723 1899 3848 1933 στοο

2245 1960 2525 2031 χάζεσθαι,
2566 1961 2768 2031 δυνήσῃ
2821 1963 2963 2014 κατά
3022 1962 3218 2034 μικρὸν
3271 1963 3550 2034 πτερῶσαί
3599 1981 3693 2015 σου
3743 1964 3848 2032 τὴν

2242 2047 2502 2098 διάνοιαν.
2546 2047 2722 2098 Ποίων
2749 2046 3144 2114 ἀνθρωπίνων;
3188 2046 3377 2114 φησίν.
3415 2047 3527 2116 Οὐχ
3556 2047 3689 2116 ὁρᾷς
3718 2050 3849 2110 τοὺς

2245 2129 2550 2198 κεραμέας,
2583 2129 2700 2190 πῶς
2728 2129 2789 2181 τὸ
2811 2128 3138 2181 διακλασθὲν
3161 2129 3254 2181 καὶ
3279 2130 3570 2198 γενόμενον
3594 2131 3848 2200 ἄμορφον

2242 2212 2623 2263 διαπλάττουσι
2666 2211 2892 2275 σκεῦος;
2923 2212 3049 2274 τοὺς
3076 2212 3177 2282 τὴν
3208 2213 3540 2283 μεταλλικὴν
3574 2213 3847 2282 χωνεύον-

2242 2312 2342 2356 τας
2386 2295 2509 2363 γῆν,
2551 2293 2668 2355 πῶς
2729 2293 2826 2364 τὴν
2879 2298 2982 2364 γῆν
3042 2295 3265 2365 χρυσίον
3311 2296 3693 2361 ἀποφαίνουσι,
3749 2297 3848 2347 καὶ

2245 2378 2462 2447 σίδηρον
2512 2378 2609 2429 καὶ
2635 2377 2874 2446 χαλκόν;
2915 2378 3077 2429 πάλιν
3109 2379 3330 2446 ἐτέρους
3350 2380 3476 2439 τοὺς
3513 2388 3532 2407 ⁸
3556 2378 3654 2448 τὴν
3686 2378 3848 2431 ὕελον

2244 2460 2673 2529 ἐργαζομένους,
2704 2457 2820 2520 πῶς
2847 2461 2946 2528 τὴν
2974 2460 3160 2528 ἄμμον
3200 2463 3280 2520 εἰς
3315 2461 3374 2511 ἓν
3417 2461 3577 2528 σῶμα
3619 2460 3848 2529 συνεχὲς

2244 2543 2344 2593 καὶ
2361 2542 2576 2607 διαυγὲς
2615 2541 3118 2610 μετασκευάζουσι;
3152 2543 3305 2594 Εἴπω
3330 2542 3456 2604 τοὺς
3485 2542 3844 2611 σκυτοδέψας,

2243 2627 2368 2686 τοὺς
2407 2624 2474 2676 τὰ
2522 2625 2764 2693 ἀλουργά
2811 2624 3101 2693 ἐσθήματα
3140 2625 3468 2694 βάπτοντας,
3508 2625 3626 2686 πῶς
3655 2625 3850 2695 ἕτερον

2243 2707 2360 2759 ἀνθ’
2406 2707 2594 2776 ἑτέρου
2631 2707 2690 2758 τὸ
2723 2706 3018 2776 δεξάμενον
3057 2707 3157 2777 τὴν
3190 2707 3371 2778 βαφὴν
3411 2707 3847 2775 ἀποφαίνουσινς

2243 2791 2384 2842 εῖπω
2415 2791 2511 2859 τὴν
2539 2792 2795 2860 γέννησιν
2826 2790 2922 2859 τὴν
2951 2791 3268 2860 ἡμετέρανς
3310 2791 3371 2844 ού
3399 2791 3623 2862 σπέρμα
3664 2791 3848 2861 βραχὺ

2244 2875 2459 2945 πρῶτον
2482 2876 2728 2944 ἄμορφον
2754 2877 2846 2927 καὶ
2869 2875 3156 2927 ἀτύπωτον
3187 2876 3388 2927 ἐνίεται
3415 2878 3494 2936 εἰς
3521 2878 3620 2945 τὴν
3651 2876 3848 2927 ὑποδε-

2243 2960 2481 3028 χομένην
2507 2961 2722 3027 μήτραν
2745 2960 2910 3021 αὑτός
2945 2957 3109 3009 πόθεν
3143 2953 3236 3010 οὖν
3264 2959 3295 3026 ἠ
3327 2957 3565 3027 τοσαύτη
3585 2958 3678 3009 τοῦ
3701 2957 3849 3020 ζώου

2242 3041 2566 3102 διάπλασις;
2603 3041 2670 3092 Τί
2709 3040 2764 3092 δὲ
2803 3042 2830 3093 6
2858 3043 3031 3103 σῖτος;
3064 3040 3124 3091 οὐ
3153 3041 3350 3101 κόκκος
3390 3042 3595 3110 γυμνὸς
3623 3043 3704 3103 εἰς
3743 3042 3847 3111 τὴν

2243 3128 2348 3195 γῆν
2387 3124 2785 3178 καταϐάλλεται
2813 3141 2827 3188 ;
2868 3124 2928 3175 οὐ
2969 3122 3106 3192 μετὰ
3136 3122 3196 3175 τὸ
3228 3122 3637 3192 καταϐληθῆναι
3671 3124 3848 3194 σήπε-

2241 3227 2334 3262 ται
2363 3225 2377 3273 ;
2407 3207 2569 3260 πόθεν
2599 3207 2839 3276 ἀσταχιις
2870 3206 2964 3258 καὶ
2993 3205 3276 3274 ἀνθέρικες
3333 3207 3425 3258 καὶ
3475 3206 3700 3277 καλάμη
3748 3208 3848 3261 καὶ

2241 3293 2312 3345 τὰ
2352 3292 2489 3347 ἄλλα
2534 3293 2748 3354 πάντα;
2787 3291 2846 3341 ού
2887 3289 3114 3359 κεγχρὶς
3160 3289 3326 3341 σύκου
3372 3291 3546 3360 μικρά
3580 3290 3847 3354 πολλάκις

2243 3374 2563 3446 ἐμπεσοῦσα
2593 3376 2672 3436 εἰς
2697 3374 2822 3442 γῆν,
2860 3373 2959 3423 καλ⁵
2987 3371 3142 3441 ῥίζαν
3184 3373 3275 3424 καὶ
3306 3373 3537 3435 κλάδους
3564 3374 3660 3425 καὶ
3691 3390 3846 3442 καρ-

2245 3458 2346 3509 πὸν
2381 3459 2612 3528 ἤνεγκεν
2640 3472 2655 3519 ;
2688 3453 2820 3506 Εἶτα
2853 3453 3059 3506 τούτων
3093 3455 3190 3522 μὲν
3220 3455 3451 3507 ἕκαστον
3489 3454 3619 3525 δέχῃ
3656 3459 3751 3508 καὶ
3781 3458 3844 3509 ού

2246 3540 2608 3611 περιεργάζῃ,
2647 3540 2738 3590 τὸν
2781 3539 2837 3590 δὲ
2893 3537 3028 3588 Θεὸν
3076 3537 3235 3606 μόνον
3293 3540 3546 3599 ἀπαιτεῖς
3610 3537 3845 3602 εὐθύνας

2249 3623 2728 3694 μετασκευάζοντα
2759 3621 2919 3693 ημῶν
2943 3620 3004 3672 τὸ
3038 3619 3232 3690 σῶμα;
3264 3622 3360 3673 καὶ
3389 3621 3492 3674 ποῦ
3518 3621 3694 3675 ταῦτα
3716 3623 3847 3688 ἀξια

2248 3708 2609 3778 συγγνώμης
2665 3779 2669 3784 ,

2317 3887 2385 3948 γ’.
2417 3879 2605 3932 Ταῦτα
2632 3877 2767 3947 πρὸς
2790 3876 3060 3944 Ἕλληνας
3086 3875 3338 3944 λέγωμεν
3361 3876 3452 3928 καὶ
3478 3875 3547 3927 τά
3585 3876 3834 3929 τοιαῦτα·

2246 3966 2382 4036 πρὸς
2412 3964 2519 4032 γὰρ
2548 3962 2674 4022 τοὺς
2704 3962 2826 4018 ταῖς
2853 3959 3098 4026 Γραφαῖς
3133 3957 3493 4030 πειθομένους
3525 3957 3645 4028 οὐδὲ
3678 3958 3845 4030 λόγου

2249 4066 2340 4117 μοι
2380 4043 2481 4098 δεῖ.
2532 4046 2595 4096 El
2641 4045 2750 4112 γὰρ
2787 4041 3002 4109 μέλλοις
3054 4041 3518 4111 περιεργάζεσθαι
3564 4041 3744 4093 πάντα
3777 4045 3848 4095 τὰ

2247 4133 2486 4193 ἐκείνου,
2517 4129 2571 4180 τί
2607 4127 2770 4180 πλέον
2795 4125 2907 4189 ἐξει
2934 4127 3044 4178 τῶν
3071 4127 3377 4197 ἀνθρώπων
3409 4127 3436 4177 6
3468 4126 3636 4192 Θεός;
3663 4126 3845 4178 καίτοι

2245 4237 2307 4286 γε
2342 4218 2436 4268 καὶ
2472 4213 2795 4281 ἀνθρώπους
2833 4213 3065 4275 πολλοὺς
3108 4213 3166 4266 ού
3221 4211 3728 4283 περιεργαζόμεθα.
3780 4215 3845 4264 Et

2244 4302 2297 4352 δὲ
2321 4301 2346 4339 b
2371 4300 2457 4351 ἐπ’
2491 4295 2796 4366 ἀνθρώπων
2822 4296 2981 4347 τοῦτο
3013 4294 3297 4366 ποιοῦμεν,
3329 4297 3421 4349 καὶ
3456 4295 3516 4346 οὑ
3550 4311 3845 4365 περιεργα-

2245 4383 2471 4452 ζόμεθα,
2496 4379 2677 4448 πολλῷ
2704 4375 2796 4432 οὖν
2824 4379 3022 4448 μᾶλλον
3050 4378 3149 4447 τὴν
3171 4377 3266 4430 τοῦ
3291 4377 3432 4430 Θεοῦ
3455 4379 3648 4445 σοφίαν
3676 4379 3844 4431 πολυ-

2246 4467 2585 4535 πραγμονεῖν
2618 4464 2677 4515 οὺ
2711 4463 2818 4533 χρὴ
2842 4462 2963 4515 οὐδὲ
2985 4461 3283 4530 λογισμοὺς
3312 4462 3588 4513 ἀπαιτεῖν·
3619 4461 3844 4532 πρῶτον

2249 4553 2346 4620 μὲν
2367 4591 2380 4612 ,
2414 4553 2494 4602 ὅτι
2528 4547 2843 4612 ἀξιόπιστος
2890 4549 2918 4599 6
2956 4544 3431 4612 ἀποφαινόμενος,
3463 4542 3721 4615 δεύτερον
3758 4545 3842 4610 δέ,

2245 4637 2326 4688 ὅτι
2356 4636 2416 4687 ού
2449 4635 2665 4702 δέχεται
2708 4630 2987 4701 λογισμῶν
3030 4629 3258 4700 ἔρευναν
3289 4627 3358 4680 τά
3403 4628 3729 4698 πράγματα.
3765 4629 3841 4682 Οὐ

2246 4719 2354 4785 γὰρ
2400 4716 2544 4768 οὕτω
2592 4715 2805 4784 πτωχὸς
2839 4716 2866 4765 6
2915 4715 3068 4777 Θεὸς,
3101 4713 3177 4774 ὡς
3234 4710 3460 4763 τοιαῦτα
3505 4710 3842 4779 ἐργάζεσθαι

2251 4803 2408 4870 μόνα,
2460 4800 2496 4852 ἀ
2543 4803 2608 4869 τῇ
2648 4799 2756 4852 τῶν
2800 4798 3078 4869 λογισμῶν
3125 4794 3380 4865 ἀσθενείᾳ
3436 4795 3842 4865 περιληφθῆναι

2246 4883 2469 4936 δύναται
2491 4883 2599 4953 τῶν
2624 4883 2754 4937 σῶν.
2782 4883 2847 4936 El
2872 4883 2981 4953 γὰρ
3002 4881 3256 4940 τέκτονος
3284 4878 3445 4949 ἔργον
3472 4879 3532 4931 ού
3558 4880 3842 4947 καταλαμο

2249 4969 2456 5031 ϐάνεις,
2509 4967 2691 5037 πολλῷ
2739 4967 2942 5039 μᾶλλον
2982 4964 3078 5018 τοῦ
3109 4965 3496 5032 ἀριστοτέχνου
3538 4963 3698 5016 Θεοῦ.
3747 4965 3839 5033 Μὴ

2247 5055 2526 5105 ἀπιστεῖτε
2561 5053 2738 5103 τοίνυν
2779 5055 2849 5122 τῇ
2882 5049 3178 5104 ἀναστάσει
3203 5064 3217 5076 ο
3249 5048 3370 5099 ἐπεὶ
3406 5048 3585 5117 πολλῷ
3619 5049 3841 5116 μακρὰν

2247 5135 2346 5204 τῆς
2375 5135 2589 5197 ἐλπίδος
2616 5135 2807 5186 ἔσεσθε
2828 5134 2929 5202 τῆς
2962 5130 3285 5201 μελλούσης,
3322 5130 3483 5182 Ἀλλά
3507 5132 3559 5182 τί
3589 5131 3648 5182 τὸ
3676 5129 3842 5198 σοφὸν

2247 5219 2358 5271 τῶν
2398 5218 2821 5285 ἀντιλεγόντων,
2878 5216 3080 5286 μᾶλλον
3125 5214 3292 5267 δὲ’τὸ
3335 5213 3540 5284 σφόδρα
3574 5213 3839 5282 ἀνόητονς

2251 5311 2361 5365 Καὶ
2392 5309 2528 5377 πῶς,
2559 5312 2688 5363 ὃταν
2715 5307 2990 5378 ἀναμιχθῇ
3017 5307 3078 5360 τὸ
3115 5306 3275 5378 σῶμα
3298 5311 3362 5380 τῇ
3386 5311 3455 5378 γῇ
3488 5309 3581 5360 καὶ
3612 5307 3841 5373 γένηται

2248 5399 2341 5465 γῆ,
2392 5395 2486 5447 καὶ
2550 5393 2698 5465 [HQ]
2733 5393 2870 5462 αὕτη
2911 5391 3075 5444 πάλιν
3107 5392 3309 5464 ἐτέρως
3340 5390 3669 5462 μετενεχθῇ,
3701 5389 3839 5440 ἀνα-

2251 5479 2530 5546 στήσεται,
2567 5477 2734 5547 φησί;
2766 5476 2857 5528 Σο)⁵
2880 5474 3041 5528 τοῦτο
3076 5475 3281 5548 ἄπορον
3309 5486 3333 5516 ο
3360 5471 3499 5528 εἶναι
3521 5474 3690 5532 δοκεῖ,
3721 5469 3841 5523 ἀλλ’

2335 5676 2352 5740 έ
2388 5679 2452 5726 lla
2479 5680 2628 5740 ιιριςη
2654 5680 2858 5739 optime.
2899 5677 3026 5728 lﬁdili
3080 5692 3217 5736 vero.
3269 5666 3411 5724 πάλιν
3459 5676 3640 5740 ἑτέραν,
3687 5675 3839 5740 τηειρ.

2256 5739 2280 5776 δ
2313 5739 2396 5802 Hi}:
2447 5736 2669 5802 quaaum
2689 5736 2870 5802 ιιιηὶἐδξι
2921 5741 2979 5788 δι’
3023 5743 3380 5798 ὀμοιοτὲλευτον
3423 5751 3483 5783 ex
3509 5736 3628 5802 ﬂag.
3669 5739 3844 5795 οοόὶσςο

2254 5800 2594 5866 ῐθξιὶιυιιίιίιιτ.
2668 5805 2689 5832 ε
2718 5801 2866 5855 Edili.
2889 5805 3087 5866 ἀπορον;
3105 5803 3246 5862 “83.,
3282 5815 3492 5862 απειρον.
3520 5800 3738 5860 L'lraque
3765 5802 3849 5848 I6-

2257 5864 2355 5909 clio
2379 5864 2565 5913 admitti
2593 5877 2736 5926 posse
2760 5866 2972 5915 udclur.
