4070 6322
140 368 220 421 ιιι
1158 356 1221 409 IN
1262 355 1477 411 EPIST.
1522 356 1539 409 1
1606 354 1699 411 AD

1826 357 1892 412 Β.
1938 358 2166 413 HOMIL.
2207 358 2369 413 ιχνιι.

137 484 231 537 ﬁde
255 481 473 551 dignam
515 475 967 533 resurrectionem
1016 486 1137 528 esse
1177 488 1204 523 a
1237 471 1451 524 Christo
1498 486 1709 538 semper

141 572 336 643 probat,
361 573 601 625 maxime
630 583 758 622 vero
786 580 945 619 nunc.
970 564 1025 619 Si
1054 564 1196 618 enim
1226 577 1422 631 corpus
1471 571 1710 613 n0strum

139 666 432 719 membrum
494 672 579 717 est
625 659 859 723 Christi,
902 657 1143 711 Christus
1194 671 1321 709 vero
1370 654 1667 707 resurrexit
1694 694 1709 714 ,

134 758 281 809 etiam
311 770 514 824 corpus
542 753 761 807 omnino
812 760 970 818 caput
1015 758 1283 818 sequetur.
1322 746 1420 799 Per
1469 748 1709 800 virtutem

134 866 287 902 suam.
316 848 457 914 Quia
486 847 631 899 enim
662 860 773 896 rem
798 842 953 907 dixit,
983 856 1101 909 qua:
1135 855 1240 893 non
1268 839 1503 892 creditur
1547 848 1597 890 et
1628 854 1711 889 ra-

136 940 355 993 tiociniis
383 938 587 1008 percipi
634 953 738 990 non
770 945 939 1004 potest
966 976 984 999 ,
1008 936 1123 1002 ejus
1156 934 1366 986 virtutis
1405 933 1711 1000 incompre-

136 1030 475 1084 hensibilitati
504 1029 772 1083 cencessit
800 1042 885 1091 ea,
919 1041 1035 1093 qua:
1053 1026 1247 1079 Christi
1265 1025 1711 1079 resurrectionem

134 1129 387 1186 spectant,
410 1135 519 1174 non
546 1134 761 1187 parvam
791 1117 911 1170 hinc
933 1128 1117 1169 contra
1138 1115 1441 1169 incredulos
1470 1113 1718 1182 praebens

133 1208 671 1263 demonstrationem.
699 1208 763 1261 Et
783 1207 834 1260 in
862 1205 1059 1259 Christi
1086 1204 1299 1274 quidem
1320 1206 1715 1272 resurrectione

136 1299 294 1366 ipsam
325 1315 436 1353 non
470 1300 688 1367 posuit:
724 1311 897 1366 neque
922 1294 1065 1350 enim
1111 1295 1245 1347 dixit
1298 1312 1311 1347 :
1347 1295 1485 1348 Deus
1536 1305 1712 1347 autem

135 1392 287 1445 etiam
322 1391 612 1445 Dominum
640 1387 917 1443 suscitabit
945 1404 961 1453 ;
993 1402 1080 1441 res
1110 1386 1251 1440 enim
1295 1385 1407 1455 jam
1462 1386 1714 1455 t‘Ottligil;

136 1482 221 1536 sed
244 1482 563 1552 quomodo?
590 1482 731 1537 Deus
752 1496 868 1533 vero
898 1490 942 1532 et
970 1478 1243 1531 Dominum
1281 1479 1543 1532 suscitavit
1569 1496 1587 1543 ;
1617 1494 1717 1532 nec

137 1588 262 1641 opus
310 1572 499 1627 habuit
560 1571 897 1640 probatione.
944 1570 1019 1623 De
1074 1581 1251 1623 nostra
1300 1580 1477 1622 autem
1534 1586 1714 1623 resur-

138 1664 367 1717 rectione
391 1703 407 1726 ,
456 1663 578 1730 quia
626 1662 861 1716 nondum
906 1660 1122 1723 evenit,
1156 1676 1263 1713 non
1296 1662 1365 1712 ita
1417 1660 1587 1723 dixit,
1623 1660 1716 1714 sed

140 1752 448 1821 quomodo?
482 1750 544 1803 Et
590 1768 683 1805 nos
731 1751 989 1806 ruscitabit
1021 1767 1110 1819 per
1152 1750 1383 1803 virtutem
1422 1766 1610 1810 suam;
1652 1767 1717 1803 ex

140 1861 200 1897 eo
228 1846 368 1913 quod
403 1844 507 1897 fide
548 1845 705 1912 digna
754 1844 823 1896 sit
849 1845 969 1910 ejus
1009 1843 1097 1909 qui
1132 1844 1411 1897 suscitavit
1440 1854 1676 1910 potestas
1698 1885 1716 1909 ,

140 1950 193 1988 os
239 1935 528 1988 obstrneus
582 1934 1095 1989 contradicentibus.
1126 1934 1182 1987 Si
1223 1944 1401 2007 autem
1434 1934 1575 1987 Patri
1622 1936 1717 1987 ad-

139 2026 316 2079 scribit
362 2025 565 2080 Christi
599 2028 1053 2079 resurrectionem
1084 2067 1096 2088 ,
1129 2026 1259 2079 nihil
1313 2036 1365 2079 te
1414 2029 1716 2079 conturbet.

140 2118 245 2172 Non
270 2120 414 2172 enim
446 2120 587 2187 quod
634 2118 881 2171 Christus
914 2134 1019 2171 non
1068 2126 1247 2184 posset
1276 2158 1291 2181 ,
1348 2118 1449 2171 hoc
1497 2121 1670 2185 posuit
1706 2139 1718 2172 :

140 2211 244 2277 ipse
271 2224 505 2277 namque
553 2208 797 2263 Christus
832 2208 964 2261 dixit
1004 2226 1015 2260 :
1044 2208 1235 2262 Solvite
1260 2210 1502 2275 templum
1537 2211 1721 2271 [tonet

140 2300 186 2351 in
212 2300 367 2352 tribus
401 2299 574 2351 diebus
604 2298 831 2352 excitabo
864 2298 1009 2352 illud
1040 2299 1217 2369 (Joan.
1244 2298 1302 2351 2.
1340 2300 1429 2367 t9)
1456 2316 1469 2361 ;
1500 2310 1553 2352 et
1597 2317 1687 2352 rur

139 2404 254 2452 sus,
311 2388 620 2442 Potestatem
674 2390 830 2442 habeo
882 2390 1101 2458 ponendi
1148 2389 1375 2441 animam
1425 2406 1620 2452 meum,
1676 2401 1720 2443 et

142 2493 426 2545 potestatem
462 2485 618 2537 habeo
649 2485 830 2538 iterum
856 2485 1092 2538 sumendi
1115 2502 1223 2538 eam
1250 2485 1430 2555 (Joan.
1471 2488 1555 2541 10.
1584 2488 1671 2556 18)
1700 2506 1714 2551 ;

140 2582 188 2625 et
238 2574 409 2627 Lucas
463 2575 515 2627 in
568 2575 790 2629 Aetibus
842 2575 950 2637 ait,
988 2574 1183 2639 Quibus
1232 2577 1456 2629 exhibuit
1503 2580 1719 2645 seipsnm

141 2668 297 2715 rivum
320 2668 462 2733 (Act.
492 2668 543 2719 l.
572 2667 762 2734 3).Cur
792 2682 919 2736 ergo
945 2668 1139 2721 Paulus
1164 2670 1242 2722 sic
1270 2671 1549 2737 loquitur?
1574 2672 1709 2735 Quia

140 2768 249 2821 que
291 2752 414 2805 Filii
443 2762 587 2818 sunt,
619 2754 761 2808 Patri
790 2756 1070 2819 adscribit,
1095 2766 1147 2808 et
1167 2772 1286 2823 qua:
1313 2757 1507 2815 Patris.
1541 2759 1675 2811 Filio
1707 2778 1721 2811 :

141 2858 253 2895 nam
284 2842 415 2908 Qua:
460 2844 547 2898 ille
592 2845 751 2910 facit,
796 2846 1000 2915 inquit,
1033 2856 1079 2899 et
1112 2844 1279 2897 Filius
1326 2846 1557 2900 similiter
1600 2839 1719 2917 facit

141 2934 316 3001 (Joan.
342 2937 402 2990 5.
428 2936 537 3003 19).
562 2936 878 3005 Opportune
905 2948 1083 2991 autem
1113 2937 1400 2991 admodum
1431 2939 1518 2993 hic
1545 2956 1719 2993 resur-

140 3026 430 3079 rectionem
461 3037 741 3092 meruerat,
772 3037 824 3081 et
851 3028 937 3081 tali
978 3043 1074 3097 spe
1102 3028 1239 3097 gula:
1271 3025 1603 3097 tyrannidem
1635 3046 1720 3083 re-

140 3118 401 3183 primens,
432 3128 486 3171 et
517 3126 719 3171 tantum
770 3134 874 3172 non
923 3119 1111 3173 dicens
1143 3136 1155 3171 :
1185 3119 1475 3174 Comcdisti
1496 3160 1509 3182 ,
1541 3118 1718 3174 bibisti

139 3210 251 3263 sine
286 3224 538 3263 mensura
564 3252 580 3274 ,
609 3221 662 3263 et
691 3212 809 3280 quis
855 3211 956 3266 erit
987 3212 1154 3265 finis?
1185 3212 1365 3267 nullus
1386 3254 1400 3276 ,
1448 3214 1550 3266 nisi
1599 3228 1721 3266 cor-

140 3302 310 3367 ruptio
339 3312 569 3355 tantum.
599 3302 931 3371 Coujnnctus
960 3320 1019 3359 es
1070 3304 1291 3359 Christo
1311 3348 1325 3369 ,
1374 3313 1428 3359 et
1470 3306 1589 3374 quis
1617 3306 1721 3359 erit

141 3392 290 3445 linis?
319 3409 543 3462 magnus
584 3405 643 3469 et
687 3396 979 3460 mirabilis,
1007 3395 1183 3451 futura
1241 3397 1567 3452 resurrectio
1599 3397 1719 3466 glo-

144 3484 272 3536 riosa
303 3486 415 3549 illa,
438 3500 741 3541 sermonem
771 3504 986 3542 omnem
1016 3504 1304 3556 superans.

212 3574 535 3631 Resurrectio
565 3578 741 3646 futura
771 3579 893 3647 prob
913 3590 1030 3633 .tur.
1054 3609 1126 3619 —
1150 3580 1317 3633 Nemo
1345 3579 1520 3647 itaque
1542 3593 1721 3633 resur-

90 3656 97 3659 ’
146 3667 361 3719 rcctioni
413 3667 571 3720 iidem
612 3678 772 3737 neget
812 3671 903 3723 :si
950 3671 1068 3737 quis
1120 3680 1295 3724 autem
1340 3688 1443 3723 non
1496 3672 1717 3736 credat,

144 3756 331 3823 cogitet
359 3767 554 3823 quanta
584 3772 648 3809 ex
680 3758 846 3809 nihilo
877 3759 1225 3826 produxerit,
1254 3767 1308 3811 et
1353 3760 1474 3812 hinc
1522 3761 1589 3814 de
1634 3762 1719 3814 illa

146 3844 651 3900 demonstrationem
678 3848 923 3917 accipiat.
949 3847 1226 3917 Namqua:
1250 3849 1360 3917 jam
1391 3848 1527 3903 facta
1558 3861 1714 3917 sunt,

148 3936 305 3989 tuulto
345 3946 473 3991 sunt
499 3937 825 3991 mirabiliora
854 3979 868 4001 ,
916 3948 970 3992 et
998 3924 1186 4009 ingens
1215 3940 1531 3993 miraculum
1566 3941 1720 3994 exhi-

145 4024 337 4079 bentia.
373 4026 754 4081 Animadverte
782 4017 959 4081 autem
992 4046 1004 4081 :
1033 4038 1230 4082 terram
1255 4029 1462 4097 accepit
1507 4038 1560 4083 et
1611 4030 1717 4082 mi-

151 4117 303 4179 scuit,
339 4118 718 4187 hominemque
746 4120 908 4181 fecit;
943 4129 1164 4185 terram,
1192 4121 1432 4189 inquam,
1466 4138 1585 4190 qua:
1616 4138 1719 4173 non

147 4221 292 4262 antea
345 4219 479 4263 erat.
525 4209 804 4276 Quomodo
851 4226 979 4281 ergo
1025 4221 1164 4267 terra
1191 4212 1327 4265 facta
1380 4223 1463 4267 est
1514 4216 1721 4274 homo?

149 4303 415 4366 quomodo
444 4302 557 4372 ipsa
588 4318 710 4356 cum
740 4317 846 4357 non
880 4294 1059 4368 esset,
1112 4303 1370 4373 producta
1402 4304 1543 4357 fuit?
1592 4322 1725 4375 quu-

154 4400 308 4451 modo
331 4414 452 4467 qua:
473 4414 536 4450 ex
563 4399 677 4465 ipsa
709 4398 844 4451 tiunt
866 4400 1068 4463 omnia,
1092 4400 1351 4451 immensa
1376 4415 1573 4467 genera
1597 4400 1727 4453 bru-

154 4498 348 4553 torunt,
371 4505 663 4551 seuuuum,
688 4490 1016 4558 plantarum,
1046 4491 1213 4543 nullis
1239 4500 1425 4559 partus
1446 4491 1726 4545 doloribus

155 4581 467 4647 pmmissis,
499 4595 606 4635 non
654 4582 852 4650 pluviis
896 4581 949 4634 in
984 4582 1072 4635 illa
1102 4582 1387 4645 demissis,
1419 4582 1564 4634 nulla
1602 4598 1724 4636 cum

155 4673 514 4739 agricultura,
570 4688 675 4727 non
724 4673 919 4735 bobus,
950 4682 1134 4725 aratro
1176 4674 1255 4725 vel
1302 4673 1407 4725 alio
1445 4673 1510 4725 ad
1544 4682 1725 4727 ortum

155 4759 361 4815 illorum
407 4762 768 4816 administro?
812 4762 932 4814 Ideo
970 4779 1113 4815 enim
1145 4780 1208 4815 ex
1238 4771 1379 4815 terra
1430 4762 1724 4815 inanimata

157 4854 205 4893 et
230 4844 524 4897 insensibili
553 4855 628 4897 tot
658 4846 708 4899 in
742 4846 1004 4915 principio
1051 4864 1251 4917 genera
1276 4858 1328 4901 et
1360 4850 1655 4916 plantarum
1678 4860 1729 4905 et

157 4933 429 4988 brutorum
455 4935 767 4991 animalium
812 4947 927 4991 orta
958 4949 1100 4999 sunt.
1132 4948 1191 4992 ut
1226 4950 1275 4993 te
1315 4941 1425 5005 jam
1472 4940 1601 4993 olim
1645 4957 1731 4996 re-

62 5090 71 5099 ι
156 5027 497 5089 surrectionis
554 5028 816 5082 rationem
881 5032 1120 5084 doceret.
1180 5030 1309 5083 Illud
1357 5032 1500 5084 enim
1553 5047 1732 5086 resur-

158 5118 391 5173 rectione
436 5121 665 5190 cogitatu
694 5120 961 5175 difficilius
988 5130 1088 5176 est.
1114 5121 1228 5201 Non
1260 5122 1407 5191 paria
1433 5122 1576 5175 enim
1605 5134 1731 5176 sunt

156 5210 466 5263 exstinctam
511 5208 780 5266 lucernam
825 5213 1157 5276 accendere,
1188 5221 1242 5265 et
1286 5212 1520 5265 nondum
1561 5227 1729 5281 appa-

159 5307 357 5351 rentem
405 5301 579 5369 ignem
638 5302 897 5358 exhibere
943 5322 955 5357 :
1001 5319 1105 5357 non
1152 5302 1297 5372 paria
1326 5310 1451 5355 sunt
1498 5302 1727 5357 dirutam

157 5388 366 5442 domum
394 5390 719 5447 remdilicare
740 5434 753 5455 ,
783 5402 836 5447 et
866 5394 1016 5448 nullo
1045 5393 1203 5446 modo
1232 5394 1579 5446 exsistentem
1608 5408 1731 5461 pro-

159 5479 367 5544 ducere.
400 5478 495 5533 llic
519 5480 695 5546 enim,
747 5483 851 5537 etsi
896 5483 1027 5537 nihil
1058 5481 1200 5535 aliud
1220 5523 1233 5546 ,
1278 5490 1333 5534 at
1362 5480 1580 5534 materia
1609 5484 1733 5535 sub-

157 5568 287 5637 jecta
313 5578 429 5624 erat
455 5587 469 5622 :
496 5569 606 5625 illic
635 5583 766 5624 vero
816 5586 884 5625 ne
913 5572 1210 5626 substantia
1254 5570 1468 5639 quidem
1508 5587 1732 5641 appare-

157 5657 264 5714 bat.
295 5662 525 5735 Ideoque
566 5660 707 5733 quod
738 5659 1008 5715 difficilius
1058 5678 1178 5717 esse
1214 5660 1527 5725 videbatur,
1561 5663 1731 5731 primo

161 5747 297 5821 iecit,
331 5764 385 5809 ut
425 5771 490 5812 ex
534 5754 633 5811 hoc
660 5752 799 5828 quod
826 5753 1031 5809 facilius
1056 5762 1173 5809 erat
1214 5752 1541 5808 admittercs.
1576 5754 1722 5810 Diffi-

3304 358 3406 412 ΗΞ

1819 473 1976 525 cilius
2004 484 2187 529 autent
2210 476 2323 530 dixi
2350 518 2371 541 ,
2415 492 2519 530 non
2555 477 2686 544 Deo,
2726 477 2819 533 sed
2846 485 3139 533 secundum
3180 479 3395 531 ratioci-

1821 563 2026 616 niorum
2083 576 2385 619 nostrorum
2448 569 2885 637 consequentiam
2938 586 2951 623 :
3006 569 3117 624 Deo
3169 584 3400 637 namque

1818 655 2037 709 diflieile
2085 658 2211 709 nihil
2243 671 2358 723 est;
2406 659 2499 713 sed
2545 648 2993 728 quemadmodum
3052 661 3257 730 pictor,
3304 661 3399 729 qui

1820 762 1977 799 unam
2022 746 2146 801 facit
2189 750 2473 816 imaginem
2504 790 2521 815 ,
2551 750 2857 806 innumeras
2880 750 3037 805 facile
3079 749 3277 805 faciet:
3311 751 3394 805 sic

1818 847 1872 891 et
1897 839 2003 891 Deo
2026 838 2243 893 facilius
2270 840 2389 904 fuit,
2420 841 2730 895 innumeros
2768 842 2943 895 facere
2980 841 3213 895 mundos
3237 850 3403 909 atqui

1820 928 2054 981 inﬁnitos
2087 947 2101 983 :
2134 932 2239 982 imo
2288 932 2500 998 potius,
2561 940 2618 986 ut
2672 930 2825 985 facile
2856 932 2946 985 tibi
2991 942 3073 986 est
3117 932 3300 985 urbem
3347 940 3406 985 et

1822 1019 2055 1073 infinitos
2108 1022 2343 1088 cogitare
2388 1023 2654 1087 mundos,
2708 1024 2777 1076 ita
2834 1023 2945 1076 Deo
2996 1024 3116 1077 illos
3169 1022 3403 1075 condere

1821 1110 1972 1164 facile
1998 1121 2098 1174 est,
2133 1112 2239 1165 imo
2268 1114 2425 1182 longe
2450 1114 2677 1169 facilius.
2710 1114 2789 1169 Tu
2816 1116 2960 1168 enim
2993 1130 3181 1184 parum
3210 1114 3399 1168 saltem

1822 1203 2079 1271 temporis
2101 1204 2152 1256 in
2185 1203 2285 1257 hac
2314 1206 2637 1273 cogitatione
2667 1206 2927 1270 insumis;
2960 1206 3100 1259 Dens
3144 1220 3271 1259 vero
3296 1220 3402 1260 non

1822 1294 1945 1346 item
1972 1312 1984 1345 :
2020 1310 2139 1347 nam
2162 1306 2361 1365 quanto
2396 1313 2454 1351 re
2494 1297 2724 1365 quadam
2772 1298 3040 1351 levissima
3062 1339 3077 1359 ,
3102 1298 3211 1351 imo
3242 1297 3404 1351 etiam

1822 1393 2002 1439 mente
2029 1398 2209 1440 nostra
2236 1429 2251 1451 ,
2282 1389 2557 1457 graviores
2584 1388 2789 1457 lapides
2834 1399 2958 1444 sunt
2983 1406 2998 1454 ;
3034 1399 3181 1442 tanto
3208 1390 3404 1444 mentis

1823 1489 2019 1533 nostra?
2049 1480 2296 1534 celeritas
2322 1497 2351 1534 a
2385 1482 2495 1536 Deo
2525 1482 2576 1534 in
2604 1484 2839 1536 creando
2883 1492 3186 1549 superatur.
3214 1482 3400 1535 Admi-

1822 1578 1969 1622 ratns
2020 1585 2077 1624 es
2130 1571 2245 1639 ejus
2296 1572 2349 1623 in
2406 1581 2546 1625 terra
2604 1572 2896 1626 virtutem?
2944 1572 3127 1641 Cogita
3180 1587 3395 1625 rursum

1822 1660 2093 1727 quomodo
2127 1662 2314 1714 czclum
2347 1662 2539 1716 factum
2569 1664 2635 1716 sit
2662 1678 2783 1716 cum
2810 1679 2913 1716 non
2937 1672 3103 1725 esset,
3134 1663 3405 1731 quomodo

1824 1752 1992 1804 stella:
2018 1751 2431 1807 innumerabiles
2453 1792 2466 1812 .
2498 1754 2768 1821 quomodo
2793 1756 2869 1807 sol
2893 1796 2907 1819 ,
2936 1754 3207 1824 quomodo
3237 1755 3359 1807 luna
3391 1771 3404 1815 ;

1824 1852 1877 1895 et
1919 1842 2033 1895 lucc.
2077 1842 2290 1907 omnia,
2338 1859 2460 1897 cum
2504 1859 2608 1896 non
2637 1854 2793 1897 antra
2824 1855 3026 1898 essent.
3050 1844 3286 1905 Rursus,
3322 1845 3410 1897 ilic

1824 1923 1975 1992 mihi,
2008 1934 2277 2001 quomodo
2309 1942 2586 2003 postquam
2618 1933 2753 1988 facta
2800 1944 2923 1987 sunt
2963 1943 3234 1989 steterunt
3262 1942 3317 1987 et
3353 1936 3405 1986 in

1824 2024 1969 2092 quo?
2016 2024 2154 2093 quod
2189 2024 2387 2077 habent
2426 2025 2689 2088 fulcrum,
2739 2024 3007 2094 quodnam
3051 2025 3235 2078 terra?
3279 2026 3406 2093 quid

1828 2126 1943 2183 post
1974 2118 2212 2168 terram?
2244 2124 2296 2169 et
2324 2126 2443 2184 post
2470 2116 2597 2169 illud
2630 2130 2839 2168 rursum
2885 2115 3025 2183 quod
3062 2124 3181 2183 post
3211 2128 3405 2167 terram

1770 2252 1775 2259 ,
1824 2217 1937 2267 est,
1994 2206 2163 2272 quid?
2217 2205 2377 2257 Vides
2430 2206 2481 2257 in
2532 2214 2786 2273 quautam
2831 2204 3149 2273 vertiginem
3196 2204 3410 2258 decidat

1828 2298 2023 2348 utentis
2052 2306 2153 2347 tua:
2181 2297 2389 2359 oculus,
2425 2296 2525 2349 nisi
2557 2297 2734 2349 statim
2772 2295 2835 2349 ad
2874 2295 3033 2349 fidem
3080 2311 3329 2350 accutras
3357 2306 3410 2348 ct

1825 2387 1887 2445 ad
1919 2388 2512 2455 incomprehensibilem
2548 2390 2819 2458 operantis
2864 2390 3161 2442 virtutem?
3190 2386 3244 2442 Si
3280 2388 3409 2441 velis

1826 2490 1999 2533 autem
2032 2481 2189 2533 etiam
2220 2496 2284 2533 ex
2319 2480 2574 2533 humanis
2602 2480 2963 2549 conjecturam
2997 2479 3198 2546 facere,
3223 2481 3413 2548 paula-

1827 2572 1919 2623 tim
1968 2572 2164 2639 poteris
2216 2582 2446 2624 mentem
2501 2580 2643 2623 utam
2697 2586 2794 2626 ceu
2844 2572 2943 2623 alis
2989 2572 3274 2625 instruere.
3328 2570 3405 2623 Ex

1826 2666 2037 2733 quibus.
2072 2664 2299 2730 inquies,
2350 2663 2637 2717 humanis?
2664 2663 2778 2715 Non
2829 2664 2978 2717 rides
3021 2664 3230 2731 figulus,
3274 2680 3409 2731 quo-

1828 2758 1984 2807 modo
2014 2756 2233 2807 fraetum
2285 2763 2337 2807 et
2388 2756 2503 2807 sine
2529 2754 2696 2806 forma
2732 2754 2927 2807 factum
2982 2769 3075 2804 vas
3107 2753 3407 2819 effingunt?

1826 2862 1920 2899 eos
1959 2847 2044 2913 qui
2081 2848 2397 2899 mctallicam
2430 2859 2623 2899 terram
2656 2846 2879 2912 fodiunt,
2913 2846 3180 2915 quomodo
3208 2856 3402 2899 terram

1826 2953 2011 2989 illll‘lllll
2058 2952 2176 2989 CSSB
2224 2946 2634 3000 ηιοηδιτρηι,οῑ
2683 2940 2878 2990 ferrum
2908 2948 3067 3007 atque
3109 2954 3183 2990 (BS
3224 2954 3408 2991 I‘UI‘SIlS

1823 3029 1979 3082 alia?
2032 3028 2121 3096 qui
2166 3028 2360 3079 vitrum
2408 3028 2731 3091 conﬁciunt,
2781 3029 3050 3095 quomodo
3094 3046 3311 3083 arenam
3355 3030 3407 3082 in

1824 3134 2022 3187 corpus
2045 3118 2274 3172 solidum
2304 3128 2357 3170 et
2374 3118 2693 3187 pellucidum
2719 3118 3131 3173 trattsformettt?
3154 3120 3408 3174 Dicatuue

1824 3214 2101 3275 c0riarios,
2135 3228 2227 3265 eos
2257 3212 2343 3282 qui
2378 3227 2641 3279 purpurea
2676 3213 2985 3267 vestimenta
3011 3214 3248 3282 tingunt,
3272 3229 3406 3280 quo-

1826 3306 1985 3359 modo
2025 3304 2154 3357 illud
2198 3303 2338 3372 quod
2394 3305 2677 3356 tiuctnram
2732 3307 2941 3373 excepit
2974 3306 3115 3358 aliud
3166 3321 3263 3374 pro
3303 3306 3409 3359 alio

1826 3397 2133 3449 monstret?
2191 3395 2435 3448 dicamne
2474 3397 2870 3463 generationem
2919 3398 3199 3449 nostram?
3232 3414 3407 3450 nonne

1826 3487 2090 3540 modicum
2133 3501 2319 3539 semen
2350 3486 2580 3540 informe
2625 3496 2679 3540 et
2717 3486 2835 3541 sine
2862 3482 3027 3555 figura
3055 3488 3104 3540 in
3134 3488 3406 3553 excipien-

1826 3589 1931 3630 tctn
1986 3578 2193 3629 vulvam
2250 3578 2585 3646 ingreditur?
2614 3578 2753 3632 unde
2801 3594 2931 3647 ergo
2978 3588 3119 3631 tanta
3161 3579 3407 3632 animalis

1826 3670 2163 3722 ell‘ormatio?
2194 3667 2327 3734 Quid
2375 3683 2503 3721 vero
2550 3668 2918 3723 frumentum?
2968 3684 3144 3722 nonne
3182 3686 3403 3737 granum

1828 3759 2024 3811 nudum
2047 3760 2095 3809 itt
2132 3768 2325 3810 terram
2350 3758 2812 3824 injicitur?ttoune
2844 3770 3119 3829 postquam
3150 3761 3402 3829 injectum

1826 3860 1908 3902 est
1963 3850 2257 3917 putrescit?
2311 3849 2449 3902 ttnde
2508 3850 2701 3919 spicae.
2782 3851 2959 3904 arista:
3004 3892 3019 3914 ,
3100 3852 3289 3906 calami
3355 3864 3409 3907 et

1826 3951 2019 3994 ca-tera
2049 3941 2224 3992 omnia
2250 3941 2271 3991 ?
2300 3956 2477 3994 nonne
2508 3958 2725 4008 parvum
2758 3941 2840 3995 fici
2892 3959 3116 4014 granum
3171 3956 3314 4011 Spr
3353 3946 3404 3997 in

1830 4045 2024 4087 terram
2051 4034 2267 4095 cadens,
2302 4042 2357 4086 et
2386 4034 2615 4087 radicem
2639 4044 2692 4086 et
2722 4049 2896 4089 ramos
2924 4047 2977 4090 et
3004 4034 3229 4090 .‘t'uctutu
3256 4029 3408 4087 tulit?

1828 4126 1970 4181 Sane
2032 4127 2449 4195 unumquodque
2514 4126 2701 4179 horum
2752 4128 2989 4181 admittis
3044 4142 3144 4181 nec
3195 4128 3407 4181 curiose

1830 4218 2078 4285 inquiris,
2129 4232 2156 4267 a
2211 4219 2318 4271 lleo
2347 4226 2523 4270 autem
2572 4218 2687 4270 solo
2736 4228 2975 4271 nostrum
3012 4233 3202 4285 corpus
3234 4227 3408 4271 trans-

1840 4308 2109 4361 formante
2159 4307 2395 4361 rationes
2440 4308 2644 4377 exigis?
2690 4318 2743 4361 et
2792 4308 3059 4376 quomodo
3107 4308 3222 4362 hazc
3257 4310 3406 4361 venia

1829 4400 1989 4470 digna
2020 4399 2262 4453 fuerint?

1900 4490 1952 4543 ὖ.
1994 4490 2118 4542 Ηωο
2147 4499 2203 4542 et
2233 4490 2352 4542 talia
2381 4489 2579 4544 Grzccis
2618 4489 2855 4544 dicamus
2888 4509 2899 4542 :
2940 4506 3060 4544 nam
3097 4489 3233 4568 apud
3276 4505 3367 4544 eos
3394 4526 3407 4546 ι

1830 4580 1918 4649 qui
1946 4581 2234 4647 Scripturis
2257 4581 2641 4648 obsequuntur,
2672 4598 2736 4632 ne
2761 4596 3009 4635 sermone
3036 4581 3252 4649 quidem
3276 4596 3412 4648 opus

1831 4682 1915 4725 est
1938 4671 2087 4724 mibi.
2134 4672 2191 4725 Si
2220 4672 2359 4723 enim
2392 4672 2531 4724 illius
2558 4672 2734 4723 omnia
2765 4673 2975 4725 curiose
3005 4672 3229 4725 scrutari
3258 4673 3411 4735 velis,

1832 4762 1955 4831 quid
1994 4762 2107 4829 plus
2151 4762 2364 4815 habebit
2402 4762 2536 4815 Deus
2576 4777 2733 4830 quam
2780 4761 3065 4816 homines?
3092 4778 3412 4832 quamquam

1837 4869 1934 4906 nec
1959 4854 2024 4904 de
2047 4853 2226 4907 multis
2249 4854 2459 4921 quidem
2479 4854 2777 4907 hominibus
2804 4856 3013 4908 curiose
3039 4856 3412 4924 perquirituus.

1833 4942 1983 5010 Quod
2014 4943 2057 4994 si
2084 4943 2134 4994 in
2165 4942 2466 5019 hominibus
2491 4945 2589 4996 hoc
2608 4944 2847 5004 facimus,
2877 4960 2975 4997 nec
3004 4946 3214 4998 curiose
3244 4947 3421 5013 inqui—

1836 5035 2036 5095 rimus;
2068 5035 2232 5086 multo
2260 5036 2436 5087 mintts
2471 5034 2558 5088 Dei
2588 5036 2903 5101 sapientiam
2934 5032 3417 5106 scrtttai'iuportet,

1833 5124 1915 5175 vel
1948 5124 2180 5177 rationes
2204 5124 2269 5175 ab
2298 5124 2383 5176 illa
2407 5136 2675 5191 expetere.
2702 5125 2880 5178 Primo
2904 5127 3138 5195 quidem,
3163 5128 3285 5196 quia
3315 5128 3418 5181 fide

1834 5213 2024 5282 dignus
2060 5222 2142 5269 est
2191 5216 2235 5267 is
2281 5216 2369 5283 qui
2416 5217 2806 5283 pronuntiavit;
2853 5219 3122 5284 secundo,
3174 5221 3296 5288 quia
3330 5235 3415 5273 res

1837 5305 1965 5371 ipsa:
2006 5306 2405 5359 ratiociniorum
2446 5310 2921 5375 pcrscrutationem
2962 5325 3067 5363 non
3110 5309 3415 5363 admittunt.

1836 5394 1950 5448 Non
1982 5396 2125 5448 enim
2154 5396 2289 5451 adeo
2316 5412 2512 5465 egenus
2534 5408 2614 5449 est
2653 5399 2819 5459 Dens,
2850 5408 2905 5452 ut
2934 5416 2992 5453 ea
3026 5403 3196 5455 solum
3229 5416 3417 5467 opere-

1841 5496 1943 5551 tur,
1983 5503 2102 5553 qtt:e
2136 5489 2537 5542 ratiociniorum
2570 5500 2778 5543 tnurttm
2811 5494 3171 5548 unbccillitate
3201 5505 3424 5561 p0ss‘unt

1838 5579 2237 5649 comprehendi.
2268 5582 2323 5634 Si
2354 5582 2495 5636 enim
2527 5582 2659 5637 fabri
2690 5600 2824 5655 opus
2853 5603 2957 5640 non
2986 5587 3411 5654 comprehendis,

1839 5670 2007 5725 multo
2031 5670 2205 5724 minus
2228 5672 2318 5724 Dei
2343 5676 2768 5742 praestantissimi
2792 5678 3027 5730 artilicis.
3058 5676 3133 5730 Ne
3156 5679 3313 5731 Iidem
3337 5696 3424 5733 er—

1841 5778 1909 5833 go
1955 5763 2158 5834 negetis
2183 5765 2553 5821 resurrectioni
2586 5786 2597 5821 :
2630 5784 2750 5822 nam
2783 5784 2809 5823 a
2833 5784 2927 5839 spe
2952 5767 3253 5826 futurorum
3273 5771 3426 5840 longe
