4070 6322
623 308 733 363 1ιῦ

625 425 870 478 abaritia.
897 423 1003 479 Sed
1029 439 1271 494 quamam
1306 433 1390 479 est
1418 425 1678 494 sapientia
1704 420 2209 482 contradicentium,

625 513 739 568 imo
759 514 947 586 ingens
969 515 1190 571 stultitia
1211 516 1235 568 .’
1261 515 1328 571 Et
1354 515 1651 586 quomodo,
1686 512 1937 584 inquiunt
1956 553 1971 576 ,
2000 509 2213 581 quando

624 617 822 673 corpus
848 613 1007 659 terra!
1037 606 1389 660 commixtum
1416 614 1504 660 est
1526 614 1582 660 et
1609 606 1807 660 factum
1833 611 1917 660 est
1941 613 2081 664 terra
2098 642 2115 667 ,
2157 609 2212 654 ει

620 694 746 750 hac
776 710 990 752 rursum
1027 698 1136 752 alio
1161 699 1421 753 translata
1441 697 1602 753 fuerit
1622 739 1638 763 ,
1664 705 1908 767 resurget
1934 705 2112 750 tamen
2143 693 2211 748 ιι-

621 785 759 840 lud?
790 786 903 842 lloc
928 788 1022 844 tibi
1048 788 1271 844 dubium
1295 789 1508 844 videtur
1534 801 1655 845 esse
1672 828 1690 856 ,
1720 787 1816 843 sed
1845 803 1952 842 non
1980 786 2210 840 insomni

612 873 696 929 Illi
723 879 883 932 oculo
926 895 943 934 :
990 880 1091 948 ipsi
1133 880 1279 935 enim
1318 879 1599 935 manifesta
1634 878 1812 934 omnia
1858 888 2002 932 sunt.
2049 874 2115 930 Et
2154 886 2210 929 ιιι

617 969 837 1039 quidem
862 985 969 1026 non
999 972 1151 1027 vides
1183 971 1501 1028 divisionem
1519 988 1642 1044 qua
1665 980 1749 1028 est
1775 972 1829 1026 in
1854 970 2206 1034 confusione;

619 1059 715 1115 ille
736 1075 866 1115 vero
894 1062 1071 1116 omnia
1099 1062 1284 1118 novit:
1315 1062 1744 1132 quandoquidem
1791 1071 1846 1116 tu
1879 1062 2094 1131 ignoras
2117 1059 2209 1113 illa

616 1166 739 1219 qua
790 1151 1030 1223 incordc
1058 1153 1284 1222 proximi
1324 1161 1483 1214 sunt;
1517 1153 1607 1208 ille
1649 1167 1780 1206 vero
1820 1152 2000 1206 ontnia
2037 1149 2205 1204 novit.

620 1241 677 1295 Si
708 1256 859 1313 ergo,
885 1244 1008 1313 quia
1038 1245 1255 1314 ignoras
1285 1243 1559 1314 quomodo
1577 1243 1862 1299 resuscitet
1903 1243 2062 1306 Deus,
2098 1256 2204 1295 non

615 1333 794 1388 credis
826 1333 969 1404 quod
1001 1336 1322 1401 resuscitct,
1355 1349 1462 1390 non
1502 1334 1691 1389 credes
1732 1335 1896 1387 etiam
1919 1372 1937 1398 ,
1968 1330 2111 1402 quod
2142 1345 2206 1386 ea

614 1438 734 1493 qua:
773 1422 826 1478 in
855 1435 1038 1482 mente
1063 1436 1190 1480 sunt
1218 1435 1405 1480 noscat
1427 1444 1441 1480 :
1466 1442 1590 1480 nam
1619 1439 1797 1495 neque
1813 1425 1902 1479 illa
1923 1434 2201 1495 apparent.

612 1513 775 1584 Atqui
805 1513 859 1568 in
898 1529 1130 1586 corpore
1170 1517 1394 1570 materia
1434 1516 1653 1585 quidem
1697 1529 1778 1570 est
1809 1515 2063 1579 visibilis,
2102 1516 2204 1570 etsi

612 1603 982 1670 dissolvatur;
1031 1606 1140 1660 illae
1166 1621 1296 1661 vero
1335 1607 1686 1676 cogitationes
1725 1606 2021 1661 invisibiles
2056 1614 2203 1661 sunt.

611 1695 717 1760 Qui
742 1710 873 1765 ergo
899 1695 1180 1751 invisibilia
1207 1711 1330 1751 cum
1353 1698 1498 1750 enim
1524 1697 1866 1752 accuratione
1890 1698 2058 1762 novit,
2081 1698 2206 1752 visi-

610 1781 738 1837 bilis
763 1799 870 1838 non
898 1785 1118 1852 videbit,
1144 1802 1246 1842 nec
1279 1786 1439 1843 facile
1462 1801 1662 1857 corpus
1697 1788 1937 1842 dividet?
1967 1789 2061 1842 Est
2083 1788 2203 1842 cui-

610 1875 693 1930 vis
714 1877 1080 1947 perspicuum.
1104 1879 1183 1933 Ne
1210 1880 1374 1948 igitur
1393 1880 1782 1934 resurrectioni
1809 1877 1969 1933 tidem
1998 1894 2162 1949 neges
2187 1897 2200 1932 :

607 1977 694 2021 est
719 1969 919 2037 quippe
963 1969 1158 2041 dogma
1194 1970 1546 2027 diabolicum.
1591 1970 1703 2024 lloc
1740 1969 1991 2024 diabolus
2015 1979 2201 2039 curat,

608 2074 716 2113 non
731 2059 894 2114 odo
914 2068 974 2115 ut
991 2063 1372 2116 resurrectioni
1396 2077 1505 2116 non
1526 2061 1796 2125 credatur,
1816 2063 1910 2116 sed
1930 2070 1986 2117 et
2005 2073 2060 2116 ut
2089 2063 2201 2117 vir—

609 2153 739 2209 tutis
759 2169 925 2224 opera
964 2155 1330 2210 dissolvantur
1356 2163 1413 2209 et
1440 2163 1684 2224 pereant.
1726 2154 1900 2209 Homo
1935 2154 2079 2210 enim
2109 2156 2201 2226 qui

608 2261 718 2304 non
740 2253 1020 2315 exspectat
1045 2261 1108 2301 se
1147 2254 1618 2308 resurrecturum,
1649 2253 1702 2299 et
1729 2259 1951 2315 operum
1981 2261 2200 2301 suorum

609 2339 872 2392 rationem
899 2337 1262 2401 redditurum,
1285 2354 1392 2392 non
1428 2339 1538 2393 cito
1566 2339 1817 2394 virtutem
1844 2338 2048 2404 adibit;
2092 2340 2202 2394 vir-

607 2429 708 2482 tuti
734 2443 864 2484 vero
909 2444 1017 2484 non
1065 2430 1201 2485 dans
1243 2445 1465 2500 operam
1489 2472 1505 2496 ,
1542 2445 1729 2485 rursus
1769 2446 1876 2485 non
1923 2431 2108 2487 credet
2134 2447 2196 2488 se

603 2528 1033 2575 resurrecturum
1065 2538 1078 2573 :
1110 2520 1271 2574 ambo
1307 2520 1454 2575 enim
1499 2521 1728 2575 alterum
1755 2521 1825 2576 ab
1857 2522 2027 2576 altero
2072 2537 2198 2590 pro-

605 2608 822 2675 bantur,
853 2609 1088 2680 nequitia
1125 2610 1195 2664 ab
1221 2610 1632 2674 incredulitate,
1671 2621 1727 2664 et
1773 2611 2120 2666 incredulitas
2167 2627 2198 2666 a

605 2701 861 2771 nequitia.
885 2700 1223 2756 Conscientia
1238 2702 1384 2755 enim
1415 2701 1600 2755 multis
1630 2701 1786 2770 plena
1804 2701 1985 2768 malis,
2005 2705 2199 2758 timens

603 2809 671 2849 ac
697 2802 937 2849 tremens
950 2791 1186 2846 futuram
1216 2792 1500 2856 ultionem,
1533 2793 1656 2861 quia
1685 2807 1793 2846 non
1821 2794 1933 2848 vult
1960 2809 1990 2846 a
2019 2804 2198 2848 muta-

607 2886 754 2939 tione
775 2885 845 2939 ad
866 2885 1091 2939 meliora
1113 2885 1542 2940 consolationem
1568 2886 1806 2954 assequi,
1829 2886 1900 2941 ab
1941 2887 2191 2942 incredu-

609 2975 759 3028 litate
802 2973 914 3027 vult
958 2976 1194 3043 quietem
1229 2974 1475 3044 adipisci.
1505 2975 1584 3029 Tc
1623 2975 1768 3029 enim
1815 2991 1914 3030 nec
1955 2992 2197 3032 resurre-

601 3067 801 3122 tionem
827 3068 1039 3122 dicente
1067 3082 1166 3121 nec
1193 3067 1475 3136 judicium,
1496 3067 1587 3120 ille
1607 3081 1818 3135 quoque
1841 3065 1979 3122 dieet
2003 3085 2019 3121 :
2053 3068 2193 3138 Ergo

602 3173 777 3228 neque
801 3173 903 3227 ego
932 3157 1198 3213 scelerum
1243 3158 1510 3218 rationem
1545 3156 1706 3211 dabo.
1745 3155 1850 3212 Sed
1894 3158 2020 3227 quid
2064 3158 2194 3215 dicit

579 3247 847 3302 Christus
873 3266 887 3303 :
915 3247 1136 3314 Erratis,
1188 3249 1465 3302 nescientes
1493 3248 1794 3318 Scriptura
1832 3265 1993 3320 neque
2035 3253 2192 3304 uirtu-

600 3347 701 3391 tem
730 3337 822 3392 Dei
850 3338 1062 3409 (illum.
1089 3338 1179 3392 22.
1202 3338 1319 3406 29).
1341 3337 1523 3407 Neque
1548 3339 1693 3392 enim
1723 3347 1831 3392 tam
1856 3341 2020 3394 multa
2049 3340 2194 3397 Deus

601 3439 748 3484 esset
775 3440 1048 3499 operatus,
1079 3431 1180 3483 nisi
1205 3445 1304 3484 nos
1325 3431 1742 3485 resuscitaturus
1767 3439 1932 3494 esset,
1956 3431 2054 3486 sed
2081 3431 2193 3485 dis-

599 3521 871 3576 soluturus
909 3532 964 3576 et
992 3522 1044 3575 in
1077 3521 1301 3576 nihilum
1329 3522 1645 3576 redacturus
1671 3537 1686 3575 :
1710 3537 1818 3575 non
1848 3531 2051 3576 tantum
2079 3538 2189 3578 ca:-

597 3614 708 3668 lum
733 3612 1088 3676 extendissct,
1113 3627 1220 3667 non
1249 3622 1446 3667 terram
1490 3613 1770 3666 stravisset
1795 3653 1810 3676 ,
1842 3628 1947 3666 non
1995 3623 2187 3670 caetera

597 3705 779 3759 omnia
810 3719 907 3775 pro
936 3705 1036 3759 hac
1079 3705 1254 3758 solum
1300 3703 1449 3758 brevi
1477 3706 1582 3757 vita
1631 3705 1866 3759 fecisset.
1903 3704 1960 3760 Si
2008 3716 2186 3760 autem

599 3794 716 3849 hac
743 3793 868 3850 fecit
898 3810 996 3866 pro
1020 3796 1295 3865 praesenti,
1322 3794 1453 3864 quid
1480 3809 1585 3849 non
1627 3794 1792 3852 faciet
1839 3810 1937 3863 pro
1967 3796 2140 3852 futura
2162 3798 2187 3850 ?

595 3887 654 3943 Si
682 3903 810 3943 vero
839 3888 987 3943 nulla
1037 3890 1108 3942 sit
1147 3887 1347 3952 futura,
1408 3887 1513 3952 iis,
1543 3903 1664 3956 quae
1714 3902 1811 3954 pro
1853 3889 2007 3942 nobis
2048 3889 2184 3942 facta

596 3990 738 4043 sunt,
764 3981 921 4050 longe
944 3996 1131 4035 sumus
1155 3980 1393 4034 viliores.
1426 3979 1555 4033 Nam
1583 3979 1797 4044 Caelum,
1834 3990 2007 4046 terra,
2037 3997 2184 4039 mare

598 4083 652 4125 ct
693 4071 914 4126 ﬂumina
944 4083 1071 4126 sunt
1093 4072 1248 4126 nobis
1272 4072 1570 4136 Stabiliora,
1605 4087 1812 4127 necnon
1847 4073 2001 4127 bruta
2031 4091 2182 4141 qua:-

595 4165 719 4218 dam
746 4181 759 4216 :
791 4179 913 4218 nam
940 4175 991 4219 et
1012 4163 1196 4218 cornix
1218 4173 1271 4217 et
1291 4163 1696 4232 elephantorum
1718 4179 1908 4233 genus,
1937 4175 1990 4218 et
2017 4169 2180 4222 multa

593 4257 695 4311 alia
726 4256 1058 4312 diuturniore
1078 4259 1185 4312 vita
1234 4242 1486 4326 praesenti
1526 4257 1793 4310 fruuntur.
1824 4256 1988 4311 Nobis
2018 4257 2178 4313 etiam

592 4357 647 4402 et
673 4347 849 4404 brevis
878 4358 933 4403 et
957 4349 1220 4403 laboriosa
1267 4349 1521 4410 estvita;
1571 4348 1665 4402 sed
1708 4363 1814 4401 non
1871 4348 2012 4402 illis:
2055 4365 2176 4405 nam

594 4444 749 4511 longa
787 4457 975 4496 eorum
1008 4445 1112 4496 vita
1145 4451 1262 4506 est,
1313 4457 1378 4497 ac
1419 4441 1742 4497 mmmribus
1779 4440 2029 4510 curisque
2079 4459 2177 4496 va-

589 4550 713 4589 cua.
740 4533 874 4599 Quid
915 4549 1043 4602 ergo
1062 4575 1078 4597 ,
1104 4534 1191 4587 dic
1218 4533 1387 4600 mihi,
1417 4547 1678 4588 servosne
1705 4532 1947 4586 melioris
1985 4535 2176 4587 condi—

591 4627 756 4680 tionis
785 4625 907 4679 fecit
933 4641 1092 4695 quam
1136 4626 1423 4677 omnium?
1449 4623 1546 4689 Ne,
1569 4638 1774 4693 quaeso,
1809 4637 1876 4676 ne
1908 4622 2028 4676 talia
2060 4625 2175 4678 esi-

590 4715 822 4769 stimes:
880 4731 1052 4784 neque
1101 4719 1174 4768 sis
1223 4721 1400 4767 mente
1452 4713 1648 4781 inops,
1700 4727 1736 4767 o
1794 4713 1990 4774 homo,
2044 4728 2176 4767 neve

588 4810 801 4877 ignores
830 4806 1042 4862 divitias
1072 4807 1204 4870 Dei,
1253 4821 1376 4858 cum
1410 4805 1566 4858 talem
1613 4803 1814 4858 habeas
1867 4805 2171 4858 Dominum.

589 4897 723 4951 Nam
750 4898 819 4950 ab
847 4898 995 4951 initio
1029 4898 1168 4950 Deus
1192 4907 1243 4950 te
1265 4895 1622 4950 immortalem
1646 4893 1826 4949 "ﬁcere
1848 4895 2010 4949 voluit
2035 4913 2050 4952 ς
2078 4894 2173 4949 sed

594 4999 651 5039 tn
684 4987 919 5041 noluisti.
953 4985 1375 5040 lnmmrt.;litatis
1401 4986 1542 5039 enim
1568 4986 1852 5051 :cnigmata
1885 4995 2036 5038 erant
2059 4985 2169 5049 illa,

587 5077 913 5143 colloquium
940 5093 1061 5131 cum
1108 5077 1219 5130 Deo
1245 5120 1260 5140 ,
1291 5077 1400 5131 vita
1435 5091 1542 5129 non
1593 5073 1858 5128 laboriosa
1883 5116 1897 5138 ,
1951 5075 2170 5126 liberum

582 5182 710 5221 esse
727 5182 760 5221 a
786 5163 1005 5233 dolore,
1040 5184 1168 5222 cura
1195 5178 1360 5237 atque
1389 5167 1663 5221 laboribus
1688 5165 1917 5232 aliisque
1960 5172 2170 5232 tempo-

586 5260 787 5314 raneis.
818 5259 1004 5328 Neque
1040 5261 1184 5313 enim
1224 5269 1374 5314 veste
1402 5273 1538 5326 opus
1569 5257 1799 5312 habebat
1825 5255 1993 5310 Adam
2015 5297 2030 5318 ,
2064 5271 2168 5309 non

584 5363 749 5417 tecto,
779 5366 885 5405 non
906 5350 1014 5404 alio
1039 5352 1228 5420 quovis
1257 5353 1420 5406 simili
1441 5361 1730 5418 apparatu;
1760 5348 1852 5402 sed
1882 5348 2050 5418 magis
2073 5363 2160 5401 an-

583 5445 719 5512 gelis
757 5445 948 5499 similis
982 5452 1132 5507 erat,
1185 5445 1351 5497 multa
1381 5443 1678 5497 futurorum
1721 5439 2076 5509 prmsciebat,
2117 5449 2172 5493 et

587 5536 844 5603 sapientia
889 5547 1005 5591 erat
1035 5535 1200 5590 multa
1231 5536 1441 5605 plenus.
1481 5533 1544 5588 Et
1573 5533 1714 5603 quod
1760 5533 1988 5586 latenter
2032 5532 2170 5586 Deus

585 5625 710 5680 fecit
733 5669 747 5689 ,
778 5629 829 5682 id
860 5630 946 5683 ille
969 5629 1251 5697 cognovit,
1284 5626 1428 5679 circa
1453 5624 1730 5686 mulierem
1774 5622 2017 5685 scilicet;
2048 5620 2170 5675 ideo

581 5717 790 5774 diccbat
814 5738 825 5772 :
863 5719 973 5775 Ιιοι
1003 5738 1136 5775 nunc
1166 5736 1222 5774 os
1243 5734 1305 5774 ea:
1334 5716 1526 5772 ossibus
1556 5716 1694 5784 meis,
1721 5724 1763 5767 et
1793 5729 1910 5766 caro
1933 5729 1994 5767 ea:
2016 5727 2165 5766 carne

1301 311 1359 369 S.
1397 306 1675 366 IOANNIS
1707 303 2186 364 CHRYSOSWHI
2224 299 2540 360 Διιαιιειι.
2580 304 3114 364 CONSTANTINOP.

3808 313 3919 370 ιιι

2324 433 2438 471 meo
2465 418 2621 490 (Gen.
2651 421 2708 477 2.
2737 421 2854 490 23).
2908 422 3085 477 Labor
3139 432 3317 480 autem
3367 432 3547 498 postea
3590 433 3740 482 ortus
3786 440 3916 493 est,

2318 506 2514 562 deinde
2528 509 2716 575 sudor,
2737 523 2920 580 postea
2943 513 3115 582 pudor
3135 523 3191 568 et
3217 515 3377 571 timor
3395 525 3450 570 et
3469 515 3636 571 libere
3651 517 3920 586 loquendi

2319 596 2606 656 difficultas
2639 618 2653 654 :
2703 611 2831 657 tunc
2855 604 3000 658 enim
3051 619 3156 659 non
3188 619 3408 672 meror,
3433 622 3539 661 non
3565 607 3742 671 dolor,
3799 626 3920 666 non

2319 689 2571 758 gemitus.
2602 689 2709 747 Sed
2737 694 2790 748 in
2818 693 3080 762 dignitate
3107 696 3198 751 illa
3230 713 3337 752 non
3364 697 3582 753 mansit.

2389 779 2444 833 4.
2473 780 2613 847 Quid
2659 797 2822 853 ergo.
2881 786 3126 854 inquies,
3158 786 3350 842 faciant
3373 787 3519 858 ego?
3568 800 3800 861 propter
3852 793 3922 845 il-

2320 868 2500 927 lumne
2527 876 2780 943 peream?
2802 875 2920 930 Non
2944 890 3075 932 sane
3097 887 3317 948 propter
3339 879 3489 934 illum
3514 895 3532 934 :
3565 897 3743 950 neque
3763 883 3917 936 enim

2317 970 2372 1016 tu
2403 963 2520 1017 sine
2568 974 2790 1034 peccato
2830 968 3228 1031 mansisti,-sed
3255 970 3468 1025 etiamsi
3518 988 3624 1026 non
3668 973 3916 1042 idipsum

2317 1064 2594 1122 peccatum
2618 1095 2634 1119 ,
2663 1055 2809 1111 aliud
2839 1057 3024 1126 utique
3051 1058 3338 1116 admisisti.
3368 1060 3618 1131 Alioquin:
3665 1071 3862 1118 autem
3887 1081 3916 1118 a

2315 1143 2593 1210 ptutitione
2622 1161 2728 1200 non
2759 1147 3016 1202 damnum
3047 1151 3343 1219 accepisti,
3392 1151 3492 1206 sed
3537 1152 3786 1209 lucratus
3829 1169 3915 1210 es.

2313 1230 2445 1286 Nam
2473 1234 2517 1286 si
2545 1234 2828 1292 debuisses
2849 1252 3065 1307 semper
3092 1241 3336 1295 mortalis
3367 1256 3586 1297 manere
3604 1285 3619 1307 ,
3665 1243 3917 1315 aliquam

2312 1321 2451 1378 forte
2477 1325 2740 1380 rationem
2773 1326 2998 1384 haberet
3021 1328 3071 1384 id
3089 1330 3230 1400 quod
3258 1330 3457 1386 dictum
3485 1342 3568 1387 est
3591 1351 3606 1388 :
3633 1350 3787 1388 nunc
3811 1351 3917 1390 au-

2315 1421 2422 1467 tem
2453 1414 2769 1470 immortalis
2797 1433 2879 1478 es.
2928 1421 3048 1472 etsi
3082 1420 3216 1474 velis
3240 1461 3256 1485 ,
3306 1421 3426 1489 plus
3466 1438 3625 1490 quam
3655 1425 3738 1478 sol
3797 1426 3919 1494 ipse

2311 1503 2596 1571 splendere
2622 1506 2846 1574 poteris.
2890 1509 2996 1562 Sed
3023 1510 3125 1564 nisi
3148 1512 3384 1567 mortale
3409 1527 3607 1581 corpus
3651 1518 3918 1585 accepa-

2307 1610 2448 1659 sem,
2481 1598 2693 1668 inquies
2715 1639 2730 1661 ,
2765 1614 2871 1653 non
2911 1615 3243 1669 peccassem.
3273 1603 3411 1669 Quid
3438 1619 3604 1675 ergo,
3650 1620 3724 1660 an
3777 1608 3878 1662 ille
3899 1649 3917 1673 ,

2309 1703 2528 1755 qua-su,
2583 1690 2812 1746 mortale
2862 1706 3062 1760 corpus
3105 1692 3311 1749 habens
3365 1698 3649 1766 peccavit?
3694 1697 3920 1767 Nequa.

2309 1792 2469 1846 qttam
2503 1797 2517 1829 :
2547 1795 2674 1834 nam
2701 1781 2746 1834 si
2777 1781 3008 1836 mortale
3037 1782 3256 1848 fuisset,
3291 1801 3399 1839 non
3441 1796 3624 1856 postea
3651 1788 3917 1858 supplicii

2309 1867 2429 1923 loco
2468 1880 2697 1925 mortem
2752 1886 2967 1938 passum
3019 1882 3187 1928 esset.
3236 1875 3390 1942 Quod
3440 1885 3621 1932 autem
3678 1882 3919 1934 mortale

2305 1972 2640 2026 eorpttsuon
2671 1960 2745 2014 sit
2787 1961 3232 2030 impedimentum
3273 1965 3340 2019 ad
3373 1966 3658 2034 virtutem,
3709 1969 3816 2024 sed
3860 1982 3922 2024 et

2308 2058 2696 2118 temperantem
2729 2052 2917 2108 reddat
2935 2064 2989 2110 et
3014 2056 3242 2110 multum
3267 2057 3530 2126 conferat,
3563 2060 3695 2116 hinc
3725 2062 3916 2132 palam

2304 2151 2408 2195 est.
2439 2141 2496 2196 Si
2521 2143 2665 2195 enim
2708 2144 3127 2202 immortalitatis
3175 2151 3512 2219 exspectatio
3538 2154 3718 2209 solum
3763 2157 3914 2209 Ada-

2303 2251 2451 2289 mum
2480 2224 2684 2290 tantum
2708 2239 2927 2304 extulit;
2959 2240 3004 2294 si
3028 2256 3215 2298 revera
3243 2244 3560 2301 immortalis
3587 2250 3911 2313 mansisset,

2304 2326 2358 2380 in
2386 2340 2640 2396 quantam
2670 2332 3033 2399 arrogantiam
3065 2348 3176 2389 non
3225 2320 3617 2404 processisset?
3645 2342 3716 2396 Et
3757 2339 3915 2396 Hunc

2301 2422 2518 2489 quidem
2547 2431 2668 2489 post
2699 2434 2977 2491 peccatu
3007 2436 3164 2493 potes
3195 2438 3412 2495 peccata
3461 2432 3682 2488 solvere
3704 2473 3722 2497 ,
3776 2450 3911 2489 cum

2300 2526 2499 2579 corpus
2518 2512 2590 2566 sit
2607 2513 2831 2579 humile,
2850 2513 3123 2584 abjectum
3145 2526 3200 2572 et
3217 2517 3537 2575 dissolutum
3557 2538 3572 2586 ;
3597 2521 3683 2576 ba:
3702 2530 3912 2592 quippe

2296 2602 2653 2671 cogitationes
2678 2613 2902 2672 possunt
2928 2611 3322 2674 temperantem
3349 2608 3616 2665 reddere:
3639 2611 3686 2665 si
3713 2623 3909 2667 autem

2297 2706 2580 2761 peccasses
2621 2692 2676 2746 in
2715 2693 3049 2758 immortali,
3077 2696 3356 2751 stabiliora
3397 2697 3627 2754 fortasse
3671 2701 3906 2756 fuissent

2301 2795 2538 2854 peccata,
2565 2784 2684 2839 Non
2712 2800 2843 2855 ergo
2870 2787 3118 2841 mortalis
3146 2798 3337 2842 natura
3367 2804 3532 2843 causa
3557 2791 3762 2858 peccati
3789 2801 3902 2857 est,

2288 2890 2369 2929 ne
2390 2889 2648 2939 accuses;
2670 2875 2769 2929 sed
2797 2875 2995 2928 malum
3017 2876 3307 2930 voluntatis
3333 2880 3669 2945 propositum
3693 2891 3780 2934 est
3809 2897 3866 2935 ra
3890 2911 3905 2922 -

2297 2966 2387 3019 dix
2440 2965 2726 3019 malorum.
2754 2966 2864 3020 Cur
2891 2964 3038 3020 enim
3087 2965 3308 3021 Abelem
3336 2981 3536 3036 corpus
3577 2985 3683 3024 non
3712 2970 3905 3026 luit?

2296 3071 2395 3109 cur
2413 3055 2548 3109 nihil
2573 3054 2771 3125 profuit
2794 3055 3150 3122 daemonibus,
3177 3058 3321 3126 quod
3347 3069 3530 3113 essent
3551 3060 3858 3131 incorporei
3873 3065 3901 3116 ἲ

2299 3147 2393 3201 Vis
2421 3149 2562 3204 seire
2587 3147 2861 3218 quomodo
2887 3162 3090 3216 corpus
3117 3149 3348 3204 mortale
3393 3165 3502 3205 non
3531 3151 3732 3208 lmserit
3750 3193 3768 3220 ,
3796 3154 3898 3208 sed

2294 3239 2454 3293 etiam
2490 3238 2676 3309 iuvet?
2718 3239 2845 3293 audi
2865 3249 3064 3309 quanta
3109 3238 3237 3312 hinc
3286 3240 3547 3308 lucrcrt's,
3599 3243 3645 3296 si
3680 3243 3892 3312 vigiles.

2295 3330 2615 3386 Honoribus
2634 3371 2650 3395 ,
2679 3331 2956 3386 doloribus
2985 3341 3147 3400 atque
3177 3331 3455 3385 laboribus
3481 3331 3713 3402 aliisque
3736 3333 3892 3386 simi-

2295 3422 2436 3476 libus
2465 3432 2519 3476 te
2547 3422 2774 3479 retrahit
2801 3430 2857 3475 et
2883 3422 3068 3476 avellit
3095 3435 3125 3472 a
3154 3421 3304 3475 vitio.
3333 3421 3439 3476 Sed
3469 3422 3633 3476 etiam
3663 3422 3730 3476 ad
3779 3423 3891 3476 for-

2295 3512 2645 3578 nicationem,
2671 3511 2908 3581 inquies,
2939 3512 3146 3566 trahit?
3171 3511 3290 3566 Non
3322 3526 3543 3581 corpus,
3576 3511 3675 3567 sed
3701 3513 3890 3567 incon-

2293 3605 2519 3660 tinentia
2547 3622 2560 3659 :
2600 3604 2715 3658 hac
2744 3605 2945 3673 quippe
2969 3605 3172 3670 omnia,
3202 3620 3322 3674 qua
3349 3603 3483 3670 dixi,
3511 3607 3734 3660 omnino
3767 3622 3892 3660 cor-

2293 3698 2441 3766 poris
2468 3705 2614 3751 sunt.
2642 3696 2981 3766 Quapropter
3010 3698 3125 3751 fieri
3157 3697 3346 3766 nequit
3389 3707 3450 3750 ut
3476 3699 3640 3753 homo
3667 3702 3720 3753 in
3747 3699 3891 3756 hanc

2288 3788 2452 3841 vitam
2479 3788 2701 3842 veniens
2725 3803 2834 3840 non
2858 3787 3076 3852 doleat,
3124 3787 3334 3842 laboret
3371 3798 3424 3841 et
3459 3800 3728 3854 mereat;
3779 3807 3886 3844 non

2289 3879 2541 3934 fornicari
2567 3892 2695 3933 vero
2740 3886 2936 3945 potest.
2967 3876 3150 3945 Itaque
3179 3878 3223 3929 si
3272 3886 3482 3931 natura:
3512 3880 3758 3948 corporis
3795 3895 3886 3935 es-

2287 3981 2409 4025 sent
2433 3986 2520 4030 ea.
2550 3985 2669 4038 qua:
2701 3968 2770 4020 ad
2800 3968 2924 4020 vitia
2953 3968 3264 4037 pertinent,
3299 3969 3622 4026 universalia
3655 3985 3838 4028 essent
3866 3993 3878 4026 :

2289 4061 2412 4113 talia
2439 4059 2585 4115 enim
2614 4058 2877 4112 naturalia
2901 4069 3063 4121 sunt;
3093 4068 3147 4112 :tt
3184 4075 3290 4114 non
3319 4061 3439 4114 talis
3465 4077 3556 4117 res
3601 4073 3684 4117 est
3715 4066 3880 4120 fomi-

2285 4151 2395 4206 cari
2423 4167 2436 4203 :
2469 4149 2657 4204 dolere
2687 4149 2808 4203 inde
2834 4149 3101 4218 provenit,
3136 4151 3389 4206 fornicari
3430 4163 3611 4209 autem
3650 4171 3716 4210 ex
3749 4172 3872 4226 pro-

2285 4245 2460 4313 posito
2488 4243 2796 4296 V0lllr“.l:tlt8.
2824 4241 2900 4294 Ne
2926 4257 3056 4313 ergo
3081 4257 3274 4309 corpus
3309 4259 3534 4300 accuses
3553 4287 3569 4311 ,
3603 4262 3674 4302 ne
3709 4249 3875 4302 hono-

2285 4353 2398 4390 rem
2428 4335 2522 4389 tibi
2553 4333 2758 4388 auferat
2779 4335 3024 4389 diabolus
3044 4376 3060 4399 ,
3107 4351 3269 4402 quem
3303 4337 3395 4390 tibi
3423 4337 3575 4392 dedit
3601 4340 3785 4394 'Deus.
3819 4343 3874 4396 Si

2281 4429 2424 4481 enim
2465 4425 2693 4478 vciimns
2722 4467 2734 4488 ,
2763 4427 3022 4493 optimum
3078 4423 3288 4477 frenum
3319 4427 3423 4479 erit
3461 4439 3662 4496 corpus
3683 4469 3699 4493 ,
3731 4432 3871 4499 quod

2279 4518 2474 4570 animae
2497 4516 2724 4568 insultas
2747 4524 3017 4580 coerceat,
3050 4517 3408 4582 arrogantiam
3429 4519 3650 4582 avellat,
3681 4521 3871 4576 fastum

2281 4607 2573 4676 reprimat,
2621 4614 2674 4658 et
2709 4607 2760 4659 in
2788 4606 3060 4674 przeclaris
3104 4607 3362 4672 cperibns
3387 4607 3548 4660 nobis
3582 4609 3867 4667 ministret.

2279 4697 2357 4750 Ne
2378 4697 2507 4750 mihi
2531 4696 2766 4751 furentes
2791 4697 3052 4766 quosdam
3083 4697 3233 4751 dicas
3264 4715 3278 4750 :
3310 4711 3436 4752 nam
3463 4714 3610 4770 sa-pe
3633 4701 3871 4760 videmus

2277 4802 2446 4856 equos
2471 4786 2707 4856 aurigam
2749 4787 3096 4841 deturbantes
3126 4802 3248 4840 cum
3280 4786 3436 4843 freno
3459 4798 3518 4844 et
3550 4805 3646 4859 per
3687 4796 3870 4861 pra-ci-

2282 4879 2407 4944 pitia
2451 4892 2576 4931 sese
2620 4876 2844 4942 dantes;
2877 4878 2972 4932 sed
3022 4878 3232 4932 frenum
3265 4895 3372 4932 non
3402 4880 3717 4950 culpamus;
3761 4900 3865 4939 non

2279 4972 2422 5024 enim
2456 4971 2581 5024 illud
2628 4971 2893 5039 abjectum
2945 4971 2997 5024 in
3040 4985 3202 5024 causa
3229 4980 3332 5034 est,
3365 4972 3464 5027 sed
3511 4975 3733 5044 auriga,
3776 4958 3863 5046 qui

2279 5077 2386 5115 non
2416 5061 2652 5125 retinuit,
2680 5063 2856 5114 omnia
2882 5061 3136 5130 perdidit.
3169 5061 3244 5113 Ita
3275 5061 3363 5115 hic
3389 5078 3608 5134 quoque
3630 5075 3813 5133 reputa
3848 5083 3862 5120 :

2277 5153 2323 5204 si
2375 5152 2568 5206 videris
2622 5152 2875 5219 juvenem
2912 5153 3253 5219 orphanum,
3297 5162 3355 5207 et
3400 5155 3538 5208 mala
3587 5157 3864 5213 innumera

2279 5254 2708 5310 perpetrantem,
2741 5260 2808 5298 ne
2860 5259 3058 5312 corpus
3103 5243 3342 5308 incuses,
3374 5245 3731 5316 sedaurigam
3775 5249 3860 5316 qui

2279 5333 2523 5393 trahitur,
2546 5350 2737 5403 nempe
2773 5335 3059 5388 rationem.
3089 5333 3236 5387 Sicut
3264 5335 3408 5388 enim
3451 5334 3605 5391 frena
3632 5353 3738 5390 non
3768 5352 3861 5390 ne-

2275 5435 2476 5503 gotium
2496 5435 2694 5488 faciunt
2716 5435 2936 5502 attrigzc,
2963 5430 3059 5485 sed
3085 5431 3172 5486 ille
3191 5435 3434 5486 omnium
3459 5447 3622 5487 causa
3648 5441 3750 5495 est,
3772 5432 3858 5500 qui

2279 5525 2514 5579 habenas
2550 5539 2654 5577 non
2703 5523 2870 5593 probe
2904 5522 3138 5587 retinet;
3185 5522 3415 5593 ideoque
3457 5523 3528 5577 ab
3559 5522 3652 5573 illo
3682 5534 3862 5589 pultas

2279 5625 2546 5684 repetunt,
2577 5631 2699 5669 cum
2735 5614 2824 5667 illo
2851 5614 3184 5681 complicato:
3213 5615 3439 5670 habena:
3465 5625 3520 5666 et
3544 5627 3672 5666 eum
3698 5620 3860 5666 attra-

2282 5705 2414 5760 hunt
2442 5717 2496 5766 et
2521 5714 2716 5777 cogunt
2743 5720 2862 5760 csse
2888 5706 3201 5778 participem
3234 5703 3510 5761 infortunii
3541 5703 3625 5760 sui
3652 5721 3666 5757 :
3697 5705 3766 5758 ita
3809 5713 3862 5759 et
