4084 6328
551 310 654 366 H3

547 426 605 481 δέ
631 424 774 494 ἀφῇς
805 425 996 488 αὐτάς,
1022 427 1292 494 ὴφάνισας
1325 429 1418 479 καὶ
1445 429 1733 494 ἀπώλεσας
1756 431 1992 485 ᾶπαντα.
2018 435 2132 485 Σω-

551 518 842 589 φρονῶμεν
872 519 1068 583 τοίνυν,
1094 521 1188 572 καὶ
1212 523 1288 591 μὴ
1317 524 1711 594 κατηγορῶμεν
1741 526 1832 578 τοῦ
1859 527 2130 597 σώματος,

549 615 688 669 ἀλλά
724 616 822 685 τῆς
872 619 1112 686 πονηρᾶς
1147 618 1402 681 διανοίας.
1438 622 1548 673 Kal
1591 621 1703 690 γὰρ
1745 621 1836 673 τοῦ
1881 623 2130 676 διαϐόλου

550 710 712 781 ἔργον
759 711 936 766 τοῦτο.
981 713 1199 764 πάντων
1235 714 1437 781 μᾶλλον
1479 718 1650 766 ποιεῖν
1698 717 1826 778 τοὺς
1869 718 2132 785 ἀνοήτους

548 807 896 879 κατηγορεῖν,
925 809 1020 860 καί⁸
1048 807 1300 876 σώματος
1331 811 1422 860 καὶ
1451 809 1545 861 τοῦ
1575 809 1711 862 Θεοῦ
1745 814 1846 879 καὶ,
1864 810 1958 862 τοῦ
1993 811 2134 879 πληο

549 903 685 967 σίον,
710 903 741 973 ἦ
768 905 866 973 τῆς
902 902 1308 972 διεφθαρμένης
1336 904 1579 974 γνώμης·
1615 906 1699 957 ἵνα
1731 905 1805 976 μὴ
1833 907 1932 974 τὴν
1956 906 2135 958 αἰτίαν

547 1001 803 1071 εὑρόντες
831 999 1191 1067 ἀπαλλαγῶσι
1228 1003 1331 1071 τῆς
1367 1000 1522 1072 ῥίζης
1565 1001 1674 1054 τῶν
1721 1002 1928 1055 κακῶν.
1991 1001 2130 1054 Ἀλλ’

547 1097 708 1165 ὑμεῖς
741 1095 840 1164 τὴν
878 1097 1168 1167 ἐπιϐουλὴν
1208 1097 1530 1159 συνειδότες,
1553 1097 1644 1150 τὸν
1671 1096 1841 1168 θυμὸν
1877 1100 1999 1151 κατ’
2030 1099 2130 1151 αὐσ

547 1190 642 1242 τοῦ
672 1192 962 1260 στρέψατε,
999 1193 1092 1244 καὶ
1121 1191 1215 1244 τὸν
1242 1192 1460 1262 ἡνίοχον
1489 1191 1884 1260 ἐπιστήσαντες
1904 1191 1981 1260 τῷ
2010 1189 2134 1255 ζεύ-

1284 317 1340 370 S.
1379 315 1667 371 JOANNIS
1707 317 2192 377 Clllll’SOSTOMI
2232 322 2552 378 ARCHIEP.
2593 325 3140 384 CONSTANTINOP.

3731 339 3830 391 Hb

2239 452 2356 502 γει,
2399 437 2536 505 πρὸς
2581 436 2671 489 τὸν
2705 437 2835 489 Θεὸν
2866 439 2925 491 τὸ
2973 439 3125 509 δμμα
3167 445 3265 512 τῆς
3309 445 3547 509 διανοίας
3590 449 3823 505 τείνατε.

2251 529 2337 580 Ἐν
2370 530 2469 599 μὲν
2502 530 2610 599 γὰρ
2637 533 2749 594 τοῖς
2784 531 2964 595 ἄλλοις
3001 533 3150 586 οὐδὲν
3175 538 3202 587 ὁ
3227 537 3316 589 τὸν
3347 539 3535 607 ἀγῶνα
3565 540 3676 606 θεὶς
3706 545 3829 596 είσ-

2237 625 2416 695 φέρει,
2461 627 2576 679 ἀλλ’
2607 628 2872 698 ἀναμένει
2911 628 2970 680 τὸ
3001 629 3180 693 τέλος·
3224 634 3458 688 ἐνταῦθα
3503 637 3561 689 δέ
3610 639 3672 691 τὸ
3716 642 3836 692 πᾶν

2235 720 2262 770 ὁ
2282 721 2631 793 ἀγωνοθέτης
2655 724 2773 775 ἐστί
2795 724 2949 785 Θεός.
2979 723 3180 777 Τοῦτον
3204 725 3383 780 τοίνυν
3404 731 3620 801 εχωμεν
3641 733 3824 797 ἵλεων,

2235 814 2329 866 καὶ
2377 817 2597 879 πάντως
2641 818 3036 887 ἐπιτευξόμεθα
3086 819 3197 872 τῶν
3236 822 3540 890 μελλόντων
3579 829 3825 896 ἀγαθῶν,

2234 908 2418 980 χάριτι
2459 913 2553 963 καὶ
2606 913 2990 983 φιλανθρωπίᾳ
3045 914 3140 967 τοῦ
3198 916 3402 986 Κυρίου
3440 921 3598 989 ἡμῶν
3646 923 3828 992 Ἰησοῦ

2239 1004 2513 1072 Χριστοῦ,
2548 1006 2666 1076 μεθ’
2689 1001 2749 1060 οῦ
2775 1007 2854 1077 τῷ
2887 1009 3063 1078 Πατρ“ι
3100 1010 3217 1080 ἀμα
3258 1011 3337 1080 τῷ
3371 1013 3511 1082 ἀγίῳ
3546 1015 3827 1086 Πνεύματι

2239 1097 2385 1166 δόξα,
2419 1101 2641 1171 κράτος,
2665 1103 2823 1172 τιμὴ,
2849 1102 2945 1158 νῦν
2966 1108 3061 1160 καὶ
3091 1107 3200 1171 ἀεὶ,
3228 1109 3322 1161 καὶ
3356 1110 3436 1171 είς
3465 1111 3592 1173 τοὺς
3621 1110 3827 1174 αίῶνας

2241 1193 2350 1245 τῶν
2381 1196 2614 1250 αἰώνων.
2649 1199 2847 1270 Ἀμήν.

3115 1480 3371 1497 -ο--φ
3377 1483 3771 1496 ————_I

2029 1603 2276 1656 ΟΜΙΛΙΛ
2322 1607 2434 1660 IH'.

544 1714 669 1766 Οὐκ
703 1711 905 1764 οἴδατε
942 1711 1031 1764 ὅτι
1078 1713 1150 1764 τὰ
1190 1712 1435 1781 σώματα
1478 1711 1645 1781 ὑμῶν
1671 1713 1827 1781 μέλη
1863 1712 1969 1766 τοῦ
2004 1715 2139 1779 Χριο

620 1781 772 1835 στοῦ
820 1785 1007 1844 elder;
1045 1781 1193 1849 ἄρας
1225 1779 1339 1837 οὖν
1392 1784 1463 1835 τὰ
1490 1779 1648 1849 μέλη
1673 1779 1800 1835 ’τοῦ
1853 1784 2136 1851 Χριστοῦ,

620 1851 860 1916 ποιήσω
889 1852 1118 1920 πόρνης
1146 1852 1338 1920 μέλ-πυ
1371 1852 1468 1919 Μὴ
1502 1851 1752 1920 γένοιτο.

622 1963 693 2019 α’.
710 1964 843 2016 Ἀπὸ
877 1963 974 2016 τοῦ
1000 1965 1433 2032 πεπορνευκότος
1457 1963 1548 2014 ἐπὶ
1568 1962 1658 2014 τὸν
1687 1963 2015 2032 πλεονέκτην
2041 1981 2139 2033 με·

549 2048 742 2111 ταϐἀς,
765 2048 928 2101 πάλιν
955 2047 1064 2100 ἀπὸ
1081 2049 1271 2099 τούτου
1306 2047 1442 2117 πρὸς
1459 2048 1664 2097 ἐκεῖνον
1693 2045 1931 2116 ἔρχεται,
1954 2047 2138 2099 οὐκέτι

549 2133 734 2184 λοιπὸν
785 2133 919 2202 πρὸς
953 2129 1114 2183 αὐτὸν
1168 2131 1567 2199 διαλεγόμενος,
1619 2129 1756 2181 ἀλλά
1785 2134 1894 2190 τοῖς
1948 2130 2132 2193 ἄλλοις

547 2218 662 2277 τοῖς
698 2215 772 2283 μὴ
821 2215 1222 2284 πεπορνευκόσι
1248 2230 1260 2243 ·
1297 2214 1390 2265 καὶ
1428 2212 1652 2273 τούτους
1706 2212 2138 2280 ἀσφαλιζόμενος

553 2301 762 2368 μήποτε
798 2298 1138 2370 περιπέσωσι
1173 2299 1285 2357 τοῖς
1325 2296 1530 2356 αὐτοῖς,
1562 2296 1769 2347 ἐκείνου
1799 2295 2137 2347 καθάπτεται

550 2379 735 2432 πάλιν.
775 2380 834 2430 ὐ
869 2379 977 2449 γάρ
1010 2377 1368 2448 ἡμαρτηκὼς,
1403 2378 1506 2430 κᾶν
1537 2379 1672 2447 πρὸς
1707 2377 1893 2446 ἕτερον
1923 2378 2140 2428 ἀποτεί-

550 2479 647 2532 νῃς
679 2462 770 2513 τὸν
815 2462 992 2527 λόγον,
1029 2463 1297 2513 κεντετται
1333 2462 1428 2511 καὶ
1481 2460 1641 2522 οὕτω,
1692 2459 1788 2511 τοῦ
1839 2459 2138 2522 συνειδότος

548 2543 956 2612 διεγειρομένου
991 2543 1082 2594 καὶ
1117 2542 1511 2612 μαστιγοῦντος
1550 2542 1732 2594 αὐτόν.
1797 2541 2001 2603 Ἱκανὸς
2041 2543 2138 2610 μὲν

549 2622 645 2678 οῦν
672 2626 766 2677 καὶ
789 2625 897 2677 ἀπὸ
922 2625 1020 2693 τῆς
1046 2625 1314 2693 τιμωρίας
1343 2623 1503 2690 φόϐος
1524 2619 1591 2691 ἦν
1620 2623 1815 2683 αὐτοὺς
1842 2626 2139 2691 κατασχεῖν

551 2708 644 2761 ἐπὶ
677 2706 780 2774 τῆς
827 2706 1220 2774 σωφροσύνης·
1262 2703 1450 2772 ἐπειδὴ
1495 2705 1551 2755 δὲ
1595 2705 1655 2755 οὐ
1692 2703 1937 2771 βούλεται
1987 2706 2139 2775 φόϐῳ

555 2796 718 2861 μόνον
746 2790 814 2841 τά
842 2789 992 2860 [152]
1028 2789 1250 2841 τοιαῦτα
1281 2787 1604 2857 κατορθοῦν,
1639 2789 1733 2838 καὶ
1767 2788 2000 2851 ἀπειλάς
2042 2789 2138 2841 καὶ

551 2873 849 2942 λογισμοὺς
900 2872 1133 2942 τίθησιν.
1207 2871 1355 2922 Ἐκεῖ
1423 2871 1522 2937 μὲν
1574 2866 1666 2922 οὖν
1714 2871 1776 2922 τὸ
1830 2872 2139 2940 ἁμάρτημα

552 2955 742 3018 είπὼν,
794 2956 887 3008 καὶ
940 2955 1038 3024 τὴν
1075 2954 1349 3024 τιμωρίαν
1399 2953 1610 3022 ὁρίσας,
1651 2954 1744 3006 καὶ
1789 2955 1890 3024 τὴν
1931 2953 2137 3023 βλάϐην

550 3037 730 3102 δείξας
776 3037 877 3108 τὴν
934 3037 999 3089 ἐκ
1043 3036 1144 3104 τῆς
1203 3035 1490 3097 συνουσίας
1545 3034 1640 3086 τοῦ
1701 3036 2138 3109 πεπορνευκότος

553 3121 922 3190 ἐγγενομένην
951 3119 1176 3181 ἀπασιν,
1198 3116 1513 3186 ἀπηλλάγη,
1544 3116 1637 3168 καὶ
1665 3117 1801 3186 πρὸς
1829 3118 1927 3185 τὴν
1955 3116 2138 3168 πλεον-

552 3202 701 3266 εξίαν
725 3202 1105 3272 μετέστη,·καὶ
1130 3201 1228 3270 τὴν
1251 3200 1522 3252 ἔκπτωσιν
1546 3199 1648 3269 τῆς
1679 3199 1956 3268 βασιλείας
1981 3202 2138 3253 ἀπει-
2185 3211 2188 3213 ’

551 3285 723 3353 λήσας
750 3284 924 3353 τούτῳ
951 3286 1045 3335 καὶ
1073 3285 1185 3345 τοῖς
1217 3284 1423 3345 λοιποῖς
1449 3282 1673 3344 ἅπασιν,
1706 3277 1788 3344 οἷς
1825 3282 2132 3347 κατέλεξεν,

551 3367 695 3418 οὕτω
725 3367 812 3420 τὸν
854 3368 1014 3434 λόγον
1059 3367 1389 3438 ἀπήρτισεν·
1430 3366 1664 3419 ἐνταῦθα
1708 3367 1765 3418 δέ
1798 3367 1890 3418 καὶ
1923 3383 2135 3436 φρικω-

551 3447 806 3516 δέστερον
838 3449 1204 3517 μεταχειρίζει
1250 3451 1352 3516 τὴν
1381 3447 1719 3516 παραίνεσιν.
1754 3449 1821 3499 ’Ὀ
1850 3465 1906 3499 τε
1937 3449 2044 3517 γὰρ
2076 3447 2137 3498 τὸ

554 3531 861 3600 ἁμάρτημα
904 3531 1147 3592 κολάζων
1198 3530 1377 3598 μόνον,
1415 3532 1510 3580 καὶ
1560 3529 1635 3598 μὴ
1679 3530 1896 3589 δεικνὺς
1932 3529 2136 3597 σφόδρα

555 3611 1022 3684 παρανομώτατον
1043 3611 1124 3671 ὃν,
1155 3611 1307 3662 οὐδὲν
1328 3610 1580 3662 τοσοῦτον
1602 3610 1709 3662 ἀπὸ
1736 3610 1836 3677 τῆς
1866 3610 2136 3677 τιμωρίας

553 3697 882 3765 εἰργάσατο·
937 3696 964 3748 ὅ
1005 3712 1062 3747 τε
1118 3693 1284 3747 πάλιν
1337 3691 1615 3763 ἐντρέπων
1678 3692 1858 3760 μόνον,
1914 3691 2006 3742 καὶ
2061 3690 2134 3760 μὴ

555 3778 738 3843 φοϐῶν
764 3779 851 3832 διά
871 3780 970 3846 τῆς
1002 3777 1296 3840 κολάσεως,
1318 3777 1379 3829 οὐ
1411 3775 1618 3845 σφόδρα
1657 3775 1998 3828 καθάπτεται
2027 3775 2135 3827 τῶν

552 3860 894 3930 ἀναισθήτως
943 3861 1323 3926 διακειμένων.
1390 3860 1589 3928 Διόπερ
1645 3859 1933 3926 ἀμφότερα
1993 3862 2137 3911 ποιεῖ

554 3940 787 4002 Παῦλος,
832 3941 927 3992 καὶ
953 3940 1204 4012 ἐντρέπει
1235 3939 1430 4004 λέγων·
1456 3939 1577 3988 Οὐκ
1613 3938 1811 3988 οῖδατε
1841 3937 1929 3986 δτι
1961 3937 2134 4002 ἀγτόυ

553 4027 707 4085 Jove
735 4021 1088 4089 κρινοῦμεν;
1124 4019 1217 4072 καὶ
1249 4018 1407 4087 φοϐεῖ
1443 4017 1637 4083 λέγων·
1667 4019 1791 4070 Οὐκ
1821 4016 2022 4069 οῖδατε
2047 4017 2136 4071 ὅτι

552 4103 912 4170 πλεονέκται
936 4102 1269 4166 ,βασιλείαν
1297 4099 1444 4153 Θεοῦ
1467 4100 1537 4152 οὐ
1566 4099 2135 4167 κληρονομήσουσι;

553 4186 666 4240 Kal
701 4186 794 4238 ἐπὶ
815 4184 910 4236 τοῦ
936 4185 1367 4256 πεπορνευκότος
1401 4182 1564 4236 πάλιν
1596 4181 1738 4234 οὕτω
1766 4183 2030 4252 κέχρηται
2057 4181 2136 4255 τῷ

554 4269 698 4339 λόγῳ
719 4288 730 4300 ·
767 4269 859 4321 καὶ
885 4268 993 4338 γὰρ
1019 4268 1261 4338 φοϐήσας
1288 4265 1355 4317 δι’
1385 4259 1460 4316 ὧν
1495 4264 1805 4334 ἔμπροσθεν
1833 4260 2009 4331 εἶπεν,
2044 4268 2136 4319 ἐκ-

554 4353 736 4422 τεμὼν
759 4368 818 4403 τε
837 4352 1000 4402 αὐτὸν
1022 4350 1110 4400 καὶ
1132 4349 1211 4416 τῷ
1225 4349 1437 4414 Σατανᾷ
1460 4347 1759 4414 παραδοὺς,
1781 4347 1875 4400 καὶ
1894 4348 1993 4417 τῆς
2016 4350 2136 4420 μελ.

555 4438 755 4505 λούσης
794 4436 1117 4506 ἀναμνήσας
1161 4433 1404 4500 ἡμέρας,
1449 4431 1697 4499 ἐντρέπει
1743 4432 1904 4484 πάλιν
1935 4434 2130 4501 λέγων.

558 4522 684 4573 Οὐκ
705 4517 904 4570 οῖΰατε
925 4517 1014 4569 ὅτι
1030 4515 1100 4569 τὰ
1116 4513 1361 4582 σώματα
1382 4509 1549 4579 ὑμῶν
1569 4512 1728 4580 μέλη
1751 4512 1854 4565 τοῦ
1877 4516 2133 4580 Χριστοῦ

551 4604 760 4665 ἐστιν;
783 4600 859 4662 ῶς
884 4599 1020 4670 πρὸς
1047 4597 1243 4658 παῖδας
1265 4594 1450 4648 λοιπὸν
1471 4595 1710 4662 εὐγενεῖς
1734 4595 2132 4665 διαλεγόμενος.

566 4686 786 4756 Ἐπειδὴ
813 4687 922 4754 γὰρ
952 4680 1095 4746 εἰπε,
1124 4681 1199 4738 Τὸ
1225 4681 1292 4733 δὲ
1318 4678 1490 4747 σῶμα
1514 4678 1594 4744 τῷ
1619 4681 1832 4747 Κυρίῳ,
1867 4680 2133 4747 σαφέστε-

557 4786 650 4837 ρον
673 4767 804 4820 αὐτὸ
825 4765 1065 4818 δείκνυσι
1088 4763 1185 4815 νῦν
1206 4780 1219 4792 ·
1260 4764 1352 4814 καὶ
1380 4761 1614 4831 ἀλλαχοῦ
1645 4763 1701 4814 δὲ
1729 4763 1790 4815 τὸ
1823 4763 1956 4816 αὐτὸ
1978 4762 2136 4816 τοῦτο

554 4851 702 4902 ποιεῖ
735 4849 931 4915 λέγων·
985 4844 1182 4913 Ὑμεῖς
1229 4843 1296 4896 δέ
1323 4844 1464 4895 ἐστε
1510 4843 1681 4910 σῶμα
1705 4845 1998 4911 Χριστοῦ,
2034 4845 2135 4899 καί

548 4933 710 5001 μέλη
741 4931 811 4984 ἐκ
839 4927 1075 4998 μέρους.
1122 4928 1233 4980 Καὶ
1259 4927 1320 4980 τὸ
1350 4927 1480 4978 αὐτὸ
1515 4927 1821 4995 ὑπόδειγμα
1861 4929 2132 5001 πολλαχοῦ

554 5013 790 5082 τίθησιν,
826 5013 928 5065 οὐκ
977 5011 1068 5063 ἐπὶ
1111 5009 1220 5062 τῶν
1265 5009 1466 5070 αὐτῶν,
1504 5008 1639 5061 ἀλλά
1675 5009 1806 5062 ποτέ
1842 5010 1942 5079 μὲν
1993 5011 2134 5065 ὥστε

555 5096 655 5168 τὴν
687 5095 907 5164 ἀγάπην
929 5093 1120 5158 δεῖξαι,
1152 5093 1282 5146 ποτὲ
1308 5092 1363 5144 δὲ
1389 5090 1530 5144 ὥστε
1557 5091 1648 5144 τὸν
1677 5090 1841 5160 φόϐον
1870 5093 2127 5164 αὐξῆσαι·

557 5179 796 5232 ἐνταῦθα
825 5178 882 5231 δὲ
928 5177 1297 5245 δεδιττόμενος
1339 5177 1473 5228 αὐεὺ
1513 5174 1748 5236 τέθεικε,
1783 5175 1877 5226 καὶ
1920 5177 2130 5243 φοϐῶν·

561 5264 734 5330 Ἀριις
756 5257 869 5315 οὖν
904 5261 976 5313 τὰ
996 5260 1151 5328 μέλη
1181 5259 1287 5312 τοῦ
1328 5257 1606 5324 Χριστοῦ,
1641 5257 1878 5324 ποιήσω
1907 5260 2134 5327 πόρνης

551 5344 745 5414 μέλη;
776 5342 872 5410 Μὴ
898 5342 1145 5411 γένοιτο.
1175 5342 1343 5394 Οὐδὲν
1367 5339 1796 5411 φρικωδέστερον
1818 5341 1917 5410 τῆς
1937 5341 2134 5406 λέξεως

473 5487 484 5492 ,
555 5428 784 5499 ταύτης.
819 5427 927 5480 Kal
949 5427 1048 5478 οὐκ
1072 5423 1245 5492 εῐπεν,
1284 5426 1457 5495 ’Δρας
1489 5421 1583 5476 οὖν
1613 5424 1682 5477 τά
1709 5424 1846 5494 μέλη
1873 5424 1968 5477 τοῦ
1997 5429 2133 5496 Χρι-

559 5512 710 5577 στοῦ,
767 5511 988 5580 συνάψω
1019 5513 1083 5581 τῇ
1135 5512 1344 5582 πόρνῃ·
1389 5509 1523 5561 ἀλλά
1568 5509 1648 5573 τίς
1693 5509 1934 5574 Ποιήσω
1975 5510 2130 5578 μέλη

557 5595 823 5662 πόρνηςς
847 5595 985 5666 ὅπερ
1011 5590 1078 5664 ἦν
1126 5592 1591 5664 πληκτικὼτερον.
1633 5587 1767 5644 Εἶτα
1791 5594 2132 5644 κατασκευά-

559 5680 642 5744 ζει
674 5679 789 5741 πῶς
813 5679 971 5733 τοῦτο
1002 5678 1206 5746 γίνεται
1237 5681 1265 5730 ό
1297 5675 1598 5748 πορνεύων,
1630 5673 1773 5727 οὓτω
1808 5673 1984 5741 λέγων
2004 5693 2017 5705 ·
2052 5673 2135 5732 Ἠ

561 5763 675 5817 οὐκ
702 5763 901 5817 οῑδατε
941 5763 1032 5817 ὅτι
1061 5765 1093 5816 o'
1127 5761 1504 5830 κολλώμενος
1529 5757 1602 5825 τῇ
1629 5760 1841 5826 πόρνη,
1867 5757 1936 5812 ἐν
1962 5760 2133 5830 σῶμά

2241 1718 2406 1782 ἐστι;
2455 1721 2627 1775 Πόθεν
2671 1724 2862 1794 δῆλον;
2907 1726 3191 1782 Ἔσονται
3238 1730 3368 1798 γὰρ,
3403 1734 3587 1801 φησὶν,
3623 1737 3678 1787 οὶ
3715 1735 3827 1788 δύο

2241 1805 2329 1866 είς
2357 1804 2557 1871 σάρκα
2587 1805 2755 1873 μίαν.
2803 1807 2855 1858 Ὀ
2886 1807 2954 1859 δὲ
2985 1809 3367 1877 κολλώμενος
3398 1813 3478 1877 τῷ
3507 1817 3723 1882 Κυρίῳ,
3756 1818 3828 1870 ἐν

2241 1886 2474 1955 πνεῦμά
2506 1888 2696 1941 ἐστιν.
2724 1890 2922 1942 Οὐκέτι
2951 1892 3060 1960 γάρ
3089 1894 3314 1960 ἀφίησιν
3350 1895 3382 1962 ὴ
3419 1901 3673 1950 συνουσία
3698 1900 3827 1960 τοὺς

2239 1974 2334 2027 δύο
2371 1971 2509 2028 εἶναι
2553 1977 2667 2040 δύο,
2709 1978 2822 2030 ἀλλ’
2857 1980 2915 2030 ἓν
2964 1980 3308 2049 ἀμφοτέρους
3357 1982 3671 2052 ἐργάζεται.
3715 1986 3827 2037 Kal

2240 2057 2343 2125 ὅρα
2395 2061 2556 2112 πάλιν
2589 2061 2708 2122 πῶς
2736 2061 2824 2113 διὰ
2853 2061 2963 2113 τῶν
3011 2063 3293 2132 ὀνομάτων
3330 2066 3552 2134 γυμνῶν
3583 2066 3824 2136 πρόεισι,

2239 2140 2327 2192 διὰ
2355 2140 2455 2208 τῆς
2487 2143 2691 2212 πόρνης
2726 2145 2819 2196 καὶ
2853 2145 2942 2195 διὰ
2987 2145 3082 2196 τοῦ
3122 2147 3358 2215 Χριστοῦ
3411 2150 3670 2216 προάγων
3724 2149 3829 2219 τὴν

2240 2225 2597 2293 κατηγορίαν.
2652 2227 3062 2293 Φεύγετεοτὴν
3116 2231 3426 2293 πορνείαν.
3480 2231 3593 2282 Οὐκ
3645 2226 3824 2296 εἶπεν,

2253 2305 2547 2373 Ἀπέχεσθε
2589 2308 2687 2375 τῆς
2735 2309 3009 2378 πορνείας,
3053 2309 3208 2371 ἀλλά,
3244 2313 3516 2377 Φεύγετε,
3551 2313 3822 2375 τουτέστι,

2240 2386 2394 2438 Μετά
2442 2389 2678 2458 σπουδῆς
2725 2392 2965 2442 ποιεῖσθε
2999 2392 3095 2460 τὴν
3127 2391 3447 2460 ἀπαλλαγὴν
3496 2392 3588 2444 τυῦ
3624 2392 3822 2447 κακοῦ,

2239 2466 2371 2520 Πᾶν
2422 2470 2737 2539 ἁμάρτημα
2788 2473 2821 2522 ὃ
2859 2473 2968 2524 ἐὰν
3001 2472 3231 2539 ποιήσῃ
3267 2471 3600 2540 ἅνθρωπος,
3649 2473 3818 2537 ἐκτὸς

2240 2551 2346 2603 τοῦ
2384 2552 2659 2620 σώματός
2697 2554 2902 2606 ἐστιν·
2936 2557 2968 2607 ό
3008 2554 3077 2606 δὲ
3105 2556 3413 2622 πορνεύων
3444 2558 3532 2619 εἰς
3559 2556 3623 2608 τὸ
3669 2557 3826 2609 ww.-

2239 2634 2413 2701 σῶμα
2461 2635 2806 2703 ἁμαρτάνει.
2865 2636 3037 2689 Τοῦτο
3097 2637 3190 2689 τοῦ
3239 2639 3507 2707 προτέρου
3567 2637 3820 2690 ἔλαττον·

2241 2717 2378 2787 πλὴν
2405 2718 2519 2770 ἀλλ’
2551 2720 2736 2790 ἐπειδὴ
2762 2722 2889 2791 περὶ
2917 2722 3129 2790 πύρνων
3153 2718 3220 2792 ἦν
3249 2723 3277 2773 ὁ
3299 2722 3455 2788 λόγος
3477 2723 3649 2792 αὐτῷ,
3682 2723 3824 2776 πάν-

2239 2801 2393 2852 τοθεν
2436 2803 2567 2853 αὐτὸ
2598 2803 2845 2873 ἀπαίρει,
2887 2805 2981 2855 καὶ
3013 2804 3121 2856 ἀπὸ
3151 2805 3257 2855 τῶν
3289 2805 3551 2873 μειζόνων
3585 2805 3678 2858 καὶ
3714 2805 3826 2858 ἀπὸ

2239 2886 2346 2937 τῶν
2384 2885 2682 2938 ἐλαττόνων
2723 2885 2902 2950 αὔξων
2934 2888 2994 2938 τὸ
3036 2888 3310 2958 ἔγκλημα.
3357 2890 3566 2942 Ἐκεῖνο
3601 2890 3703 2956 μὲν
3727 2883 3825 2941 οῦν

2239 2971 2354 3030 τοῖς
2385 2967 2796 3037 εὐλαϐεστέροις
2847 2971 3061 3038 εῐρηται
3110 2969 3170 3022 τὸ
3219 2970 3505 3040 πρότερον,
3553 2970 3715 3022 τοῦτο
3765 2971 3824 3023 δὲ

2238 3054 2349 3113 τοῖς
2385 3052 2814 3122 ἀσθενεστέροις.
2847 3053 2958 3104 Καὶ
3003 3054 3112 3123 γάρ
3162 3054 3253 3105 καὶ
3283 3053 3442 3105 τοῦτο
3470 3055 3570 3122 τῆς
3604 3053 3824 3105 Παύλου

2241 3134 2454 3202 σοφίας,
2487 3134 2561 3203 μὴ
2587 3134 2694 3187 ἀπὸ
2722 3135 2830 3186 τῶν
2868 3136 3120 3204 μεγάλων
3146 3135 3427 3205 ἐντρέπειν
3464 3136 3648 3204 μόνον,
3684 3135 3827 3188 ἀλλά

2239 3216 2336 3269 καὶ
2364 3217 2472 3269 ἀπὸ
2497 3219 2606 3269 τῶν
2656 3218 3016 3288 μικροτέρων,
3057 3220 3151 3272 καὶ
3180 3217 3288 3272 ἀπὸ
3313 3217 3410 3270 τοῦ
3441 3217 3672 3288 αίσχροῦ
3728 3218 3824 3271 καὶ

2239 3299 2542 3369 ἀπρεποῦς.
2562 3300 2626 3351 Τί
2645 3294 2768 3363 οὐνς
2790 3303 2819 3353 ό
2833 3301 3178 3370 ἀνδροφόνος,
3199 3301 3382 3370 φησὶν,
3401 3301 3521 3372 οὐχὶ
3537 3302 3638 3368 τὴν
3664 3303 3824 3369 χεῖρα

2241 3383 2489 3452 μολύνει;
2509 3382 2634 3434 τίδὲ
2655 3387 2683 3435 ὸ
2704 3383 3056 3451 πλεονέκτης,
3075 3386 3170 3436 καὶ
3185 3385 3214 3435 ὁ
3238 3383 3448 3453 amas;
3473 3382 3624 3458 [1533]
3651 3383 3823 3433 Παντί

2239 3483 2341 3518 που
2375 3466 2563 3535 δῆλον·
2600 3465 2713 3518 ἀλλ⁹
2745 3465 2934 3532 ἐπειδὴ
2973 3467 3148 3516 ειπεῖν
3190 3466 3289 3518 οὐκ
3320 3466 3446 3533 ἐνῆν
3485 3465 3580 3517 τοῦ
3619 3464 3822 3534 πόρνου

2239 3547 2390 3599 οὐδὲν
2413 3549 2616 3616 χεῖρον,
2646 3546 2846 3614 ἑτέρως
2869 3545 3000 3597 αὐτὸ
3025 3544 3232 3615 ηὐξησε
3264 3546 3459 3614 λέγων,
3485 3547 3568 3598 ὅτι
3597 3546 3693 3597 ἐπὶ
3721 3545 3824 3615 τῆς

2240 3629 2496 3698 πορνείας
2523 3626 2815 3697 ὁλόκληρον
2841 3627 2902 3680 τὸ
2929 3628 3086 3698 σῶμα
3113 3630 3324 3696 γίνεται
3359 3629 3574 3700 μιαρόν.
3607 3629 3823 3698 Ὥσπερ

2238 3713 2346 3781 γὰρ
2367 3712 2445 3773 είς
2482 3710 2685 3780 λέϐητα
2712 3709 3053 3780 ἀκαθαρσίας
3084 3713 3355 3782 ἐμπίπτον
3402 3715 3496 3765 καὶ
3532 3712 3610 3782 τῷ
3652 3713 3821 3781 μολυ-

2240 3794 2364 3864 σμῷ
2397 3794 2758 3864 βαπτόμενον,
2794 3793 2937 3848 οὕτω
2985 3794 3236 3864 φύρεται.
3271 3796 3443 3847 Τοῦτο
3468 3796 3523 3847 δὲ
3557 3797 3655 3847 καὶ
3685 3796 3824 3862 ἡμῖν

2240 3876 2379 3938 ἔθος.
2427 3875 2559 3928 Ἀπὸ
2589 3876 2688 3942 μὲν
2711 3877 2818 3946 γάρ
2847 3877 2948 3942 τῆς
2971 3876 3284 3937 πλεονεξίας
3312 3879 3402 3927 καὶ
3430 3877 3688 3943 ἁρπαγῆς
3719 3875 3822 3926 οὐκ

2238 3958 2304 4008 ἀν
2331 3973 2416 4018 τις
2457 3957 2808 4006 σπουδάσειεν
2836 3959 2926 4006 ἐπὶ
2962 3956 3243 4023 βαλανεῖον
3285 3957 3481 4017 ἐλθεῖν,
3515 3955 3627 4009 ἀλλ’
3661 3955 3822 4006 ἀδια-

2238 4037 2420 4106 φόρως
2453 4036 2543 4087 ἐπὶ
2565 4035 2661 4104 τὴν
2688 4037 2864 4087 οίκίαν
2887 4035 3117 4088 ἄνεισιν·
3144 4037 3252 4088 ἀπὸ
3277 4037 3332 4088 δὲ
3362 4037 3560 4105 μίξεως
3588 4035 3819 4106 πόρνης,

2238 4118 2492 4187 καθάπερ
2539 4116 2656 4179 ὅλος
2721 4116 3013 4185 γενόμενος
3064 4118 3394 4189 ἀκάθαρτος,
3450 4121 3544 4171 ἐπὶ
3588 4120 3648 4171 τὸ
3690 4118 3819 4170 λού-

2240 4201 2438 4256 σασθαι
2481 4199 2696 4271 ἔρχεται
2723 4217 2736 4230 ·
2793 4199 2966 4263 οὕτως
3007 4203 3120 4271 ἔχει
3161 4201 3284 4254 τινὰ
3329 4203 3390 4254 τὸ
3438 4201 3678 4264 συνειδὸς
3710 4201 3823 4254 ἀπὸ

2236 4285 2339 4355 τῆς
2385 4284 2664 4356 ἁμαρτίας
2705 4282 2908 4355 ταύτης
2943 4283 3214 4355 ὑπόληψιν
3249 4285 3633 4356 αίσχροτέραν.
3681 4284 3820 4353 ’Δμ-

2237 4368 2443 4437 φότερα
2482 4369 2581 4438 μέν
2609 4363 2702 4420 οῦν
2734 4366 2968 4435 χαλεπά,
3002 4368 3098 4420 καὶ
3128 4368 3408 4432 πλεονεξία
3440 4369 3535 4420 καὶ
3566 4368 3820 4431 πορνεία,

2237 4451 2333 4501 καὶ
2361 4451 2442 4512 είς
2465 4450 2691 4516 γέενναν
2717 4447 2976 4515 ἐμϐάλλει
2996 4463 3009 4474 ·
3036 4449 3150 4500 ἀλλ’
3183 4449 3370 4519 ἐπειδὴ
3399 4449 3758 4518 οἰκονομικῶς
3792 4452 3823 4502 6

2235 4529 2451 4591 Παῦλος
2479 4530 2658 4581 πάντα
2691 4530 2859 4593 ποιεῖ,
2891 4522 2973 4589 οἷς
2999 4523 3136 4595 εἶχε,
3167 4531 3378 4592 τούτοις
3408 4531 3612 4601 ηὔξησε
3636 4533 3698 4583 τὸ
3719 4532 3822 4600 τῆς

2238 4611 2496 4678 πορνείας
2548 4609 2822 4678 ἔγκλημα.
2869 4603 2951 4661 Ἦ
2994 4611 3107 4661 οὐκ
3151 4611 3349 4662 οῖδατε
3390 4612 3483 4663 ὅτι
3537 4615 3603 4664 τὸ
3643 4613 3822 4679 σῶμα

2236 4694 2403 4762 ὑμῶν
2423 4693 2570 4758 ναὸς
2591 4693 2698 4746 τοῦ
2718 4693 2786 4745 ἐν
2813 4691 2953 4760 ὑμῖν
2977 4691 3150 4760 ἁγίου
3177 4693 3522 4760 Πνεύματός
3540 4694 3745 4757 έστιν;

2313 4835 2380 4907 β’.
2397 4836 2507 4905 Οὐχ
2528 4833 2712 4894 ἀπλῶς
2729 4829 2871 4899 εἶπε,
2899 4833 3010 4888 Τοῦ
3033 4832 3397 4900 ιινεύματος,
3419 4829 3577 4892 ἀλλά,
3606 4831 3716 4884 Τοῦ
3748 4831 3822 4884 ἐν

2236 4922 2398 4991 ὑμῖν,
2457 4920 2594 4989 ὅπερ
2645 4913 2713 4989 ἦν
2768 4921 2862 4971 καὶ
2914 4914 3409 4987 παραμυθουμένου
3435 4930 3448 4942 ·
3507 4914 3602 4968 καὶ
3653 4914 3822 4968 πάλιν

2236 5003 2675 5075 ἐπεξηγούμενος
2709 5004 3010 5073 ἐπήγαγεν·
3047 4994 3128 5053 οὗ
3160 4996 3330 5065 ἔχετε
3356 4997 3475 5051 ἀπὸ
3504 4997 3611 5051 τοῦ
3643 4997 3821 5051 Θεοῦ.

2237 5089 2346 5143 Καὶ
2390 5088 2481 5140 τὸν
2512 5087 2782 5141 δεδωκότα
2825 5086 3088 5146 τέθεικεν,
3125 5080 3326 5151 ὑψηλόν
3364 5099 3421 5134 τε
3470 5082 3607 5152 ὁμοῦ
3644 5081 3822 5135 ποιῶν

2234 5173 2326 5225 τὸν
2351 5172 2648 5242 ἀκροατὴν,
2687 5172 2782 5223 καὶ
2815 5166 2994 5237 φοϐῶν
3027 5164 3119 5218 καὶ
3143 5163 3221 5232 τῷ
3256 5165 3475 5236 μεγέθει
3499 5165 3600 5234 τῆς
3634 5184 3821 5237 παρα-

2239 5258 2553 5326 καταθήκης
2592 5256 2686 5308 καὶ
2713 5257 2780 5324 τῇ
2829 5249 3111 5319 φιλοτιμίᾳ
3139 5248 3233 5301 τοῦ
3263 5247 3818 5320 παρακαταθεμένου.

2237 5340 2346 5394 Καὶ
2370 5342 2482 5394 οὐκ
2508 5339 2650 5392 ἐστὲ
2675 5334 2924 5391 ἑαυτῶν.
2952 5332 3120 5386 Τοῦτο
3146 5333 3246 5385 οὐκ
3273 5332 3624 5403 ἐντρέποντος
3656 5333 3822 5403 μόνον

2243 5425 2411 5484 ἐστὶν,
2447 5423 2585 5476 ἀλλά
2625 5423 2719 5476 καὶ
2754 5418 3076 5489 βιαζομένου
3124 5418 3259 5489 πρὸς
3291 5418 3513 5489 ἀρετήν.
3555 5417 3622 5470 Τί
3672 5417 3821 5490 γάρ;

2243 5509 2504 5574 πράττεις
2538 5505 2573 5558 ὃ.
2618 5505 2812 5568 θέλεις,
2857 5503 3052 5574 φησίν·
3101 5502 3203 5554 οὐκ
3248 5497 3298 5554 εῐ
3347 5499 3543 5553 ἐαυτοῦ
3602 5499 3817 5570 κύριος.

2241 5590 2424 5642 Ταῦτα
2463 5588 2520 5640 δὲ
2549 5589 2755 5655 ἔλεγεν,
2797 5588 2917 5656 οὐχὶ
2949 5588 3009 5638 τὸ
3041 5583 3387 5649 αὐτεξούσιον
3422 5582 3694 5651 ἀναιρῶν·
3726 5584 3826 5637 καὶ

2241 5672 2350 5744 γάρ
2378 5670 2568 5736 είπὼν,
2621 5669 2825 5723 Πάντα
2865 5687 2967 5737 μοι
3008 5668 3271 5733 ἔξεστιν,
3323 5667 3462 5720 ἀλλ’
3501 5666 3573 5718 οὐ
3619 5664 3824 5722 πάντα

2248 5762 2555 5828 συμφέρει,
2608 5758 2728 5827 οὐχὶ
2774 5757 2871 5828 τὴν
2911 5755 3222 5826 ἐλευθερίαν
3266 5755 3423 5825 ἡμῶν
3460 5754 3672 5808 ἀνεῖλε·
3726 5756 3823 5808 καὶ
