4070 6322
294 339 391 393 1ἱῦ

288 452 377 506 hic
418 461 651 519 quoque.
684 446 798 515 Ego
823 451 966 501 cnim
992 484 1007 509 ,
1057 430 1339 515 ttiqulunt.
1388 457 1450 496 os
1492 442 1611 511 equi
1656 442 1878 495 habenis

287 542 562 612 regebam,
591 536 848 608 quamdiu
894 546 947 591 tu
976 536 1233 591 tenebas:
1273 535 1397 603 quia
1439 548 1566 587 vero
1599 530 1874 598 abiecisti,

283 634 382 689 abs
409 642 461 687 te
490 633 648 702 eslgo
677 645 862 701 poenas
889 636 1228 699 contemptus
1254 628 1349 691 tui,
1372 635 1426 680 et
1458 636 1630 679 tecum
1649 624 1876 693 compli-

282 738 381 779 cur
410 739 465 778 et
491 723 727 787 attrahe,
756 731 811 777 ut
842 738 911 776 ne
937 721 1166 791 amplius
1214 719 1317 773 tale
1362 715 1632 784 quidpiam
1684 715 1871 783 patiar.

280 814 457 869 Nemo
485 814 663 884 itaque
694 814 933 868 habenas
973 813 1184 881 culpet,
1241 808 1335 864 sed
1386 808 1618 875 scipsum
1660 814 1715 859 et
1755 820 1873 859 cor-

278 915 503 977 ruptum
532 906 793 959 animum.
818 904 950 957 Nam
984 903 1035 956 in
1062 901 1218 963 nobis
1244 899 1426 968 auriga
1471 906 1547 951 cst
1586 897 1751 955 ratio,
1777 894 1873 949 ha-

280 996 441 1049 benae
470 1009 689 1063 corpus,
722 1010 841 1063 qua:
870 1008 1037 1063 equos
1063 1008 1184 1045 cum
1225 989 1406 1058 auriga
1436 986 1784 1054 conjunguul.
1816 985 1873 1039 Si

277 1099 414 1155 ergo
442 1086 549 1138 illa:
578 1096 720 1138 recte
752 1084 938 1149 p0situe
965 1082 1072 1135 sint
1097 1123 1112 1146 ,
1147 1080 1275 1133 nihil
1303 1092 1466 1147 grave
1498 1076 1746 1143 patieris;
1787 1076 1872 1129 sin

277 1176 404 1229 illas
433 1174 708 1239 dimittas,
742 1173 920 1227 omnia
965 1171 1244 1226 abolevisti
1293 1178 1345 1222 et
1378 1166 1675 1235 perdidisti.
1706 1165 1870 1219 Tem-

278 1274 539 1331 perautes
577 1279 704 1333 ergo
730 1267 918 1326 simus,
962 1272 1016 1317 et
1046 1278 1112 1315 ne
1142 1273 1455 1339 accusemus
1491 1271 1688 1325 corpus
1712 1297 1727 1321 ,
1774 1255 1869 1309 sed

276 1358 485 1411 malum
515 1358 769 1410 animum.
801 1355 931 1408 Nam
971 1354 1073 1406 hoc
1100 1352 1337 1405 maxime
1363 1349 1557 1403 diaboli
1589 1365 1723 1415 onus
1764 1356 1864 1411 est,

278 1460 340 1501 ut
368 1451 565 1503 stultos
610 1450 779 1517 magis
804 1454 1022 1501 moveat
1065 1446 1132 1498 ad
1171 1442 1527 1498 accusandum
1571 1457 1764 1509 corpus
1815 1448 1871 1494 et

1312 328 1375 384 lN
1418 329 1631 385 EPIST.
1677 330 1693 384 Ι
1760 328 1849 383 AD
1889 327 2043 382 (ΞΟΠ.
2085 324 2319 383 ιιοΜιι..
2362 326 2547 384 XVIII.

3470 332 3572 387 146

1988 443 2153 496 Deum
2174 452 2229 495 et
2253 442 2574 510 proximum,
2597 457 2754 514 quam
2776 453 3082 514 corruptum
3107 446 3382 512 animum;
3406 458 3462 503 ut
3483 465 3571 511 ne.

1985 535 2030 588 si
2059 548 2272 589 causam
2307 534 2629 599 invenerint,
2681 536 2973 591 liberentur
3001 553 3031 590 a
3074 536 3255 591 radice
3284 540 3570 592 malorum.

1986 627 2090 682 Sed
2118 643 2213 683 vos
2242 644 2365 683 cum
2398 630 2617 683 insidias
2646 631 3000 703 cognoscatis,
3033 631 3165 687 iram
3195 631 3384 685 vertite
3411 632 3462 683 in
3504 633 3571 686 il-

1985 720 2128 784 lum,
2171 730 2225 775 et
2254 721 2491 790 aurigam
2516 721 2646 791 jugo
2677 723 3011 789 imponentes
3036 763 3051 789 ,
3083 722 3147 775 ad
3181 723 3343 776 Deum
3376 723 3571 775 mentis

1984 814 2197 866 oculum
2229 815 2545 868 convertite.
2574 814 2703 868 Nam
2735 816 2786 869 in
2813 816 2929 870 aliis
2953 814 3166 884 quidem
3196 814 3241 868 is
3265 814 3395 869 nihil
3417 814 3573 869 alIert

1983 905 2071 971 qui
2096 912 2366 958 certamen
2397 906 2691 975 proposuit,
2718 905 2810 957 sed
2833 916 3109 975 exspectat
3140 906 3335 959 tinem:
3364 905 3449 959 hic
3477 922 3570 957 au-

1985 1006 2088 1049 tem
2120 997 2341 1052 omnino
2370 997 2690 1066 agonotheta
2723 1007 2805 1050 est
2837 998 3000 1053 Deus.
3032 1000 3185 1053 lluuc
3231 1014 3358 1068 ergo
3392 1001 3571 1067 propi-

1985 1088 2113 1139 tium
2144 1088 2467 1151 hal:eamus,
2502 1097 2555 1142 et
2582 1090 2801 1142 omnino
2827 1103 3221 1157 consequemur
3257 1090 3430 1141 futura
3478 1090 3571 1141 Im-

1980 1196 2070 1243 na,
2096 1180 2265 1248 gratia
2292 1189 2349 1235 et
2374 1181 2702 1250 benignitate
2738 1181 2945 1233 Domini
2993 1180 3165 1234 nostri
3192 1180 3315 1235 Jcsn
3344 1180 3567 1245 Christi,

1980 1273 2193 1338 quicum
2224 1272 2365 1325 l’atri
2397 1287 2608 1340 unaque
2633 1271 2853 1340 Spiritui
2884 1281 3071 1326 sancto
3110 1272 3283 1342 gloria
3304 1313 3317 1333 .
3370 1271 3563 1332 honor,

1981 1361 2285 1427 imperium,
2322 1377 2462 1416 nunc
2483 1371 2537 1417 et
2563 1378 2797 1434 semper,
2827 1374 2879 1416 et
2902 1363 2953 1415 in
2986 1363 3183 1417 sa-cula
3221 1364 3561 1415 S‘J‘Clllllrllllt.

1977 1459 2170 1511 Amen.

1586 1642 1926 1703 HOMILIA
1974 1638 2209 1701 XVIII.

270 1798 410 1850 CAP.
456 1798 508 1851 6.
557 1812 607 1851 ν.
656 1797 742 1851 15.
793 1794 1012 1850 Nescitis
1044 1799 1177 1861 quod
1205 1810 1417 1858 corpora
1458 1801 1620 1844 vestra
1648 1791 1867 1842 membra

348 1898 469 1941 sunt
499 1886 728 1941 Christi?
766 1888 943 1939 tollens
983 1902 1099 1954 ergo
1146 1883 1364 1937 membra
1408 1881 1629 1941 Christi,
1680 1880 1867 1947 faciant

350 1978 573 2031 membra
601 1978 869 2029 meretricis
886 1975 911 2027 Ρ
937 1977 1097 2027 Absit.

350 2069 405 2120 1.
447 2066 579 2121 Cum
609 2081 635 2118 a
666 2066 985 2119 fornicatore
1014 2066 1063 2117 iu
1093 2079 1309 2117 avarum
1340 2061 1656 2123 transiisset,
1682 2074 1865 2115 rursus

262 2156 343 2208 ab
373 2154 472 2207 hoc
494 2155 636 2209 venit
664 2155 726 2207 ad
758 2155 929 2220 illum,
953 2169 1057 2207 non
1088 2154 1224 2207 ultra
1254 2153 1426 2221 ipsum
1451 2152 1749 2219 alloquens,
1772 2150 1865 2203 sed

265 2248 418 2302 alios
443 2250 529 2319 qui
580 2248 819 2302 fornicati
850 2264 953 2303 non
984 2246 1226 2310 fuerant;
1253 2254 1303 2299 et
1347 2244 1466 2297 illos
1494 2245 1740 2298 muniens
1765 2285 1781 2309 ,
1812 2253 1869 2297 ut

268 2354 345 2393 ne
392 2342 441 2392 in
483 2339 630 2409 paria
672 2337 944 2403 incidant,
976 2338 1148 2406 ipsum
1176 2336 1351 2389 denuo
1381 2334 1704 2403 perstringit.
1735 2334 1865 2386 Nam

267 2431 368 2499 qui
399 2430 667 2499 peccavit,
696 2429 905 2484 etiamsi
934 2430 997 2483 ad
1026 2429 1186 2482 alium
1213 2430 1508 2481 oratioiiem
1536 2426 1763 2495 dirigas,
1791 2425 1868 2479 sic

267 2522 441 2574 etiam
474 2522 722 2589 pungitur
744 2562 759 2586 ,
788 2522 1053 2574 concitata
1083 2520 1407 2573 conscientia
1441 2518 1718 2587 ipsumque
1745 2532 1867 2570 ver-

269 2612 520 2667 berante.
562 2611 870 2667 Sufilciebat
910 2613 1123 2683 quidem
1162 2623 1336 2667 metus
1379 2612 1621 2682 supplicii
1652 2612 1717 2665 ad
1750 2612 1869 2665 illos

269 2704 327 2756 in
363 2708 603 2758 eastitate
630 2704 1021 2757 continendos:
1046 2705 1165 2774 quia
1200 2718 1326 2757 vero
1356 2719 1461 2763 non,
1490 2714 1630 2756 metu
1664 2712 1866 2757 tantum

269 2795 390 2847 vult
431 2793 546 2848 ha-c
586 2805 729 2850 recte
766 2796 1050 2862 constitui,
1092 2796 1264 2849 minas
1306 2795 1463 2848 simul
1499 2805 1551 2849 et
1593 2794 1867 2849 ratiocinia

267 2886 453 2940 aﬂert.
484 2887 593 2942 lllic
623 2904 749 2957 ergo
780 2904 900 2941 eum
942 2898 1220 2957 peccatum
1260 2889 1522 2952 dixisset,
1561 2897 1613 2942 et
1655 2900 1865 2957 poenam

268 2982 553 3033 Statuisset
582 2978 941 3049 damnumque
971 2980 1311 3046 ostendisset,
1343 2982 1480 3050 quod
1514 2982 1761 3035 omnibus
1791 2982 1869 3036 af-

270 3066 549 3121 fert-batur
570 3084 632 3123 es
664 3070 749 3123 tali
786 3072 1124 3124 l'ornicatoris
1147 3072 1467 3136 concubitu;
1500 3072 1564 3125 ad
1589 3073 1863 3126 avaritiam

270 3159 490 3209 transiit
514 3199 525 3220 .
558 3170 610 3213 et
639 3161 871 3214 minatus
897 3161 1008 3215 fore
1038 3171 1145 3214 uta
1179 3176 1345 3230 regno
1370 3162 1626 3222 excidant
1651 3204 1665 3227 ,
1696 3174 1749 3217 et
1780 3164 1866 3218 hic

265 3259 329 3302 et
355 3250 533 3302 caueri
559 3266 766 3316 omnes,
790 3267 925 3320 quos
947 3253 1235 3318 recensuit,
1261 3253 1338 3306 sic
1365 3254 1658 3307 orationem
1688 3253 1867 3307 absol-

266 3343 354 3395 vis
386 3360 397 3396 :
425 3343 510 3397 hic
544 3354 722 3400 autem
766 3347 1153 3401 horribiliorem
1196 3346 1393 3401 inducit
1427 3346 1863 3400 admonitionem.

267 3432 409 3485 Nam
440 3435 525 3501 qui
558 3446 827 3503 peccatum
860 3440 1007 3505 punit
1035 3448 1236 3491 tantum
1256 3480 1269 3502 ,
1303 3453 1403 3493 nec
1433 3438 1716 3492 admodum
1745 3453 1867 3508 gra-

268 3539 341 3575 ve
378 3535 429 3576 et
472 3527 708 3593 iniquum
734 3529 1008 3590 ostendit,
1042 3530 1170 3582 nihil
1206 3540 1307 3583 tam
1340 3546 1589 3599 maguum
1618 3546 1710 3598 per
1738 3545 1867 3598 sup-

270 3614 491 3682 plicium
525 3612 651 3666 facit
681 3630 694 3665 :
724 3619 812 3683 qui
848 3632 974 3669 vero
1005 3616 1070 3669 ad
1103 3617 1358 3683 pudorem
1392 3620 1592 3669 inducit
1624 3628 1823 3669 tantum
1849 3658 1863 3680 ,

272 3722 454 3775 neque
494 3723 588 3776 per
620 3708 944 3777 punitionem
980 3715 1181 3771 terret,
1212 3722 1318 3760 non
1361 3708 1645 3760 admodum
1686 3708 1867 3775 pungit

270 3816 394 3864 eos,
424 3803 510 3869 qui
542 3816 644 3853 non
672 3809 793 3853 sunt
821 3815 978 3854 sensu
1014 3799 1239 3869 pra'diti.
1270 3799 1629 3864 Quamobrem
1657 3808 1863 3851 utrum-

270 3909 382 3961 que
406 3893 527 3947 facit
548 3894 760 3957 Paulus,
778 3905 830 3949 et
852 3897 1105 3963 pudorem
1127 3895 1281 3947 infert
1299 3894 1503 3958 dicens,
1516 3892 1733 3946 Nescitis
1751 3893 1869 3972 quia

270 3988 485 4055 angelos
502 3989 889 4057 judicabimus?
908 4002 961 4043 et
989 3998 1153 4043 terret
1178 3989 1260 4042 his
1282 3990 1478 4051 verbis,
1505 3986 1723 4040 Nescitis
1751 3987 1869 4053 quia

272 4079 421 4130 avari
459 4095 666 4145 regnum
707 4078 801 4129 Dei
836 4096 935 4129 non
964 4078 1282 4147 possidebum
1303 4079 1329 4130 .’
1357 4080 1419 4130 Et
1448 4079 1514 4131 de
1549 4079 1868 4131 fornicatore

274 4171 473 4221 iterum
511 4168 699 4221 eodem
736 4169 898 4219 utitur
926 4182 1175 4220 sermone
1208 4184 1221 4218 :
1252 4182 1372 4220 cum
1404 4168 1548 4219 enim
1590 4168 1868 4219 terruisset

274 4276 379 4330 per
404 4273 465 4312 ea
506 4274 625 4327 qua}
666 4260 811 4326 prius
847 4258 1094 4323 dixerat,
1128 4267 1181 4313 et
1220 4273 1340 4311 eum
1384 4257 1673 4311 excidisset
1708 4266 1868 4324 atque

272 4355 491 4407 Salsum
524 4350 826 4404 tradidisset
860 4350 1126 4421 futurique
1151 4352 1253 4406 diei
1285 4348 1649 4408 meminisset.
1686 4363 1868 4401 rursus

274 4444 354 4499 illi
382 4444 637 4512 pudorem
668 4445 858 4505 infert,
890 4444 1074 4498 dicens
1099 4462 1111 4497 :
1141 4443 1361 4498 Nescitis
1385 4444 1520 4513 quod
1544 4458 1757 4511 corpora
1782 4458 1866 4493 ve-

272 4545 388 4587 stra
426 4536 646 4587 mmibra
668 4545 787 4589 sunt
822 4534 1049 4591 Christi?
1082 4546 1347 4604 tamquam
1389 4536 1643 4604 ingenuos
1678 4548 1869 4603 pueros

274 4627 536 4696 deinceps
560 4628 851 4697 alloquens.
888 4627 1020 4692 Quia
1047 4627 1186 4682 enim
1218 4626 1372 4683 dixit,
1404 4626 1600 4689 Corpus
1630 4625 1866 4687 Domino,

276 4733 425 4771 nunc
468 4718 664 4773 clarius
711 4718 947 4774 ostendit
991 4720 1182 4788 ipsum.
1232 4718 1295 4771 Et
1343 4717 1463 4769 alibi
1511 4732 1725 4785 queque
1770 4717 1869 4770 hoc

279 4812 459 4876 ipsum
493 4812 635 4874 facit,
662 4810 845 4864 dicens
870 4829 882 4862 :
922 4809 1020 4863 Vos
1048 4812 1164 4864 estis
1192 4827 1376 4878 corpus
1405 4808 1609 4871 Christi,
1641 4821 1685 4861 et
1717 4827 1867 4861 mem-

276 4906 375 4957 bra
398 4920 461 4956 ex
487 4914 629 4971 parte
652 4904 726 4973 (1.
750 4903 983 4976 Εοτ.12.
1006 4903 1119 4973 27).
1144 4902 1212 4955 Et
1244 4904 1343 4955 hoc
1371 4904 1542 4970 ipsum
1564 4903 1869 4968 exemplum

279 5010 430 5063 saepe
458 4995 604 5064 ponit
630 5038 643 5060 ,
676 5010 782 5049 non
814 5012 911 5065 pro
938 4996 1097 5049 rebus
1134 4993 1319 5047 iisdem
1346 5035 1361 5058 ,
1388 4993 1481 5049 sed
1508 4994 1791 5063 aliquando
1817 5003 1873 5048 ut

280 5089 626 5144 dilectionem
658 5090 934 5155 ostendat,
964 5088 1245 5159 aliquando
1276 5096 1331 5139 ut
1364 5088 1604 5141 timorem
1636 5096 1823 5156 augeat
1852 5102 1865 5150 ;

284 5182 373 5234 hic
397 5192 573 5234 autem
603 5182 774 5249 ipsum
803 5181 977 5249 posuit
999 5190 1207 5234 terrens
1226 5188 1278 5232 et
1300 5178 1547 5231 timorem
1574 5177 1865 5230 incutiens:

288 5272 491 5325 Totiens
510 5287 628 5341 ergo
650 5272 869 5325 membra
888 5271 1097 5333 Christi,
1116 5271 1303 5341 faciam
1326 5269 1545 5320 membra
1566 5268 1873 5321 meretricis?

288 5366 450 5421 Absit.
492 5362 630 5418 Nihil
662 5365 765 5418 hoc
802 5362 945 5417 dicto
984 5372 1067 5417 est
1107 5361 1431 5417 horribilius.
1465 5359 1533 5414 Et
1562 5377 1665 5414 non
1696 5360 1866 5424 dixit,

282 5457 504 5513 Totiens
533 5473 662 5527 ergo
694 5457 929 5513 membra
957 5454 1176 5519 Christi,
1209 5456 1525 5524 conjungam
1559 5453 1869 5508 meretrici?

284 5549 383 5604 sed
409 5549 570 5619 quid?
600 5548 814 5603 Faciam
840 5549 1062 5603 membra
1087 5548 1393 5602 meretricis?
1416 5548 1555 5617 quod
1584 5556 1731 5601 certe
1760 5562 1869 5599 ma~

286 5640 370 5709 gis
402 5640 688 5710 pungebat.
718 5638 919 5694 Deinde
948 5638 1137 5707 probat
1164 5638 1432 5706 quomodo
1459 5636 1500 5690 is
1525 5638 1612 5706 qui
1640 5635 1868 5689 fornice.

289 5737 377 5785 tu:
404 5726 457 5784 id
486 5727 577 5783 fiat
599 5770 614 5796 ,
646 5728 835 5785 dicens
861 5746 876 5785 :
905 5728 991 5785 16.
1022 5728 1101 5782 An
1135 5725 1335 5781 nescitis
1361 5725 1496 5797 quod
1523 5726 1609 5796 qui
1645 5724 1869 5779 adliceret

1982 1785 2260 1847 meretrici,
2303 1801 2461 1838 unum
2502 1802 2687 1857 corpus
2725 1791 2979 1859 efﬁcitur?
3003 1793 3275 1849 Undenam
3308 1796 3406 1850 hoc
3438 1815 3563 1867 per-

1977 1878 2260 1945 spicuum?
2294 1879 2455 1933 Erunt
2485 1882 2616 1934 enim
2642 1924 2655 1947 ,
2677 1879 2879 1952 inquit,
2905 1886 3007 1939 duo
3040 1890 3093 1941 in
3130 1906 3281 1943 carne
3318 1909 3433 1944 una.
3475 1895 3558 1948 17.

1981 1966 2078 2031 Qui
2106 1979 2271 2021 autem
2309 1971 2533 2024 adliceret
2573 1971 2789 2027 Domino
2813 2015 2826 2037 ,
2860 1986 2931 2030 est
2969 1995 3099 2033 unus
3126 1981 3355 2048 spiritus.
3385 1984 3567 2053 Neque

1976 2056 2119 2109 enim
2146 2060 2403 2125 permittit
2425 2062 2738 2116 concubitus
2764 2075 2818 2118 ut
2844 2067 2950 2120 duo
2978 2070 3083 2121 sint
3108 2070 3233 2135 duo,
3259 2074 3351 2127 sed
3379 2078 3567 2131 ambos

1976 2160 2137 2198 nnnm
2164 2148 2305 2202 facit.
2335 2148 2404 2203 Et
2428 2151 2548 2205 vide
2576 2169 2784 2208 rursum
2813 2159 3084 2226 quomodo
3105 2178 3199 2231 per
3228 2163 3364 2219 nuda
3392 2169 3567 2221 nomi-

1976 2251 2040 2289 na
2081 2240 2371 2306 procedat,
2398 2257 2494 2311 per
2523 2248 2859 2302 meretricem
2890 2260 2943 2303 et
2973 2267 3068 2319 per
3096 2253 3367 2310 Christum
3394 2257 3566 2313 dedu-

1974 2342 2101 2383 cens
2150 2334 2561 2390 accusationem.
2619 2338 2705 2391 18.
2758 2338 2943 2411 Fugite
2992 2346 3395 2411 fornicationem.
3449 2349 3567 2405 Non

1974 2420 2135 2485 dixit,
2170 2422 2448 2479 Abstinete
2479 2442 2507 2479 a
2538 2428 2914 2495 fornicatione;
2949 2433 3039 2487 sed
3061 2475 3076 2498 ,
3113 2435 3332 2504 Fugite;
3366 2438 3415 2493 id
3445 2451 3564 2507 est,

1974 2510 2106 2565 Cum
2134 2513 2311 2567 studio
2343 2513 2497 2570 facite
2524 2526 2581 2569 ut
2609 2533 2637 2570 a
2670 2521 2811 2573 malo
2844 2522 3160 2578 Iibercmiui.
3200 2527 3361 2581 Omne
3387 2546 3566 2597 pecca-

1976 2610 2079 2654 tum
2123 2605 2469 2675 quodcumque
2511 2611 2680 2677 fecerit
2726 2612 2873 2664 homo
2894 2656 2909 2679 ,
2942 2622 3085 2667 extra
3124 2633 3309 2685 corpus
3336 2630 3408 2671 est
3438 2634 3457 2671 :
3480 2620 3568 2687 qui

1974 2701 2137 2747 autem
2171 2698 2455 2763 fornicatur
2474 2740 2487 2762 ,
2521 2700 2573 2750 in
2602 2717 2785 2769 corpus
2814 2720 2959 2756 suum
2989 2717 3180 2774 peccat.
3215 2707 3327 2761 Hoc
3351 2718 3431 2762 est
3463 2712 3564 2763 mi-

1977 2801 2075 2839 nus
2103 2788 2307 2854 priore;
2333 2790 2427 2843 sed
2449 2791 2571 2859 quia
2595 2794 2660 2847 ab
2682 2809 2746 2847 eo
2767 2795 3022 2863 agebatur
3043 2798 3108 2852 de
3132 2799 3563 2861 fornicatoribns.

1974 2879 2206 2948 undique
2235 2881 2360 2935 illud
2392 2884 2635 2947 extollit,
2667 2897 2720 2939 et
2750 2902 2775 2939 a
2811 2888 3100 2956 majoribus
3126 2900 3179 2944 et
3209 2906 3237 2944 a
3270 2893 3567 2946 minoribus

1973 2971 2174 3025 crimen
2199 2975 2547 3043 amplificatis.
2580 2977 2711 3031 Illud
2735 2980 2946 3048 quidem
2971 2982 3115 3050 prius
3141 2984 3566 3053 religiosioribus

1973 3064 2173 3120 dictum
2206 3078 2287 3123 est
2313 3112 2327 3134 ,
2362 3069 2463 3123 hoc
2504 3082 2679 3125 autem
2727 3074 3178 3129 imbecillioribus.
3216 3076 3344 3128 Nam
3377 3086 3430 3131 et
3465 3077 3566 3130 hoc

1973 3173 2183 3227 quoque
2222 3158 2370 3213 Pauli
2411 3161 2683 3229 sapientia:
2713 3173 2835 3228 est,
2876 3179 2979 3217 nou
3022 3166 3185 3219 modo
3212 3182 3240 3219 a
3274 3168 3565 3234 majoribus

1974 3248 2230 3316 pudorem
2259 3250 2519 3317 incutere,
2550 3252 2643 3307 sed
2672 3256 2830 3308 etiam
2860 3270 2889 3308 a
2920 3256 3237 3323 minoribus,
3266 3267 3317 3310 et
3343 3272 3373 3309 a
3407 3257 3565 3325 turpi-

1975 3341 2156 3394 tudine
2196 3352 2355 3411 atque
2402 3344 2468 3396 ab
2513 3344 2784 3399 indecoro.
2828 3348 2964 3411 Quid
3009 3361 3169 3415 ergo,
3214 3348 3453 3417 inquies,
3495 3364 3564 3402 an

1976 3430 2235 3485 homicida
2279 3448 2491 3487 manum
2534 3450 2637 3488 non
2681 3435 2906 3503 polluit?
2946 3436 3071 3505 quid
3115 3453 3240 3491 vero
3280 3453 3471 3492 avarus
3508 3448 3562 3492 et

1973 3525 2176 3590 rapax?
2203 3524 2255 3578 ld
2284 3526 2477 3594 cuique
2506 3528 2678 3594 palam
2712 3536 2795 3581 est
2823 3546 2835 3580 :
2865 3530 2959 3582 sed
2988 3529 3109 3598 quia
3141 3528 3244 3582 dici
3279 3544 3384 3581 non
3416 3536 3562 3596 pote-

1972 3624 2052 3665 rat
2078 3615 2209 3685 nihil
2236 3630 2355 3669 esse
2382 3616 2530 3682 pejus
2558 3619 2899 3678 fornicatore,
2922 3620 3029 3670 alio
3052 3617 3211 3671 modo
3236 3618 3335 3671 hoc
3358 3620 3561 3674 crimen

1971 3705 2121 3756 auxit
2144 3704 2345 3768 dicens,
2373 3705 2425 3757 in
2460 3692 2809 3762 fornicatione
2835 3716 3004 3762 totum
3035 3724 3229 3780 corpus
3260 3709 3373 3764 ﬁeri
3402 3727 3561 3765 exsc-

1972 3795 2248 3849 crandum.
2272 3795 2562 3867 Tamquam
2586 3798 2729 3853 enim
2754 3798 2993 3854 incidens
3017 3800 3067 3853 in
3092 3800 3321 3855 lebetem
3344 3802 3563 3854 immun-

1972 3889 2137 3954 ditite,
2161 3889 2561 3959 inquinamento
2583 3892 2825 3951 tinctum,
2850 3893 2927 3947 sic
2950 3893 3222 3961 polluitur.
3250 3894 3360 3948 Hoc
3381 3904 3559 3947 autem

1975 3981 2128 4033 nobis
2159 3984 2317 4034 etiam
2362 3983 2411 4034 in
2445 3998 2593 4037 more
2623 3994 2724 4038 est.
2758 3982 2889 4037 Nam
2920 3985 2985 4038 ab
3011 3985 3231 4038 avaritia
3263 3986 3475 4055 quidem
3508 3996 3563 4039 et

1973 4072 2154 4139 rapina
2186 4085 2343 4125 nemo
2374 4082 2613 4125 nostrum
2646 4076 2911 4127 curaverit
2952 4076 3003 4128 in
3036 4076 3282 4129 balneum
3318 4079 3393 4129 ire
3419 4120 3432 4141 ,
3467 4077 3559 4130 sed

1973 4163 2088 4215 sine
2113 4162 2219 4215 ullo
2245 4161 2550 4217 discrimine
2575 4163 2789 4217 domum
2819 4166 2957 4218 redit
2982 4183 2992 4217 :
3017 4180 3051 4221 a
3072 4165 3218 4219 coitu
3239 4175 3415 4220 autem
3441 4180 3563 4221 cmn

1974 4254 2277 4316 meretrice,
2301 4268 2363 4308 ac
2389 4256 2431 4309 si
2462 4262 2601 4307 totus
2630 4256 2935 4310 immundus
2962 4258 3028 4311 sit
3056 4256 3299 4322 effectus,
3328 4258 3392 4312 ad
3422 4260 3563 4312 lasa-

1973 4359 2122 4398 crum
2152 4347 2297 4400 venit
2327 4368 2339 4401 :
2370 4348 2437 4399 ita
2469 4348 2759 4415 turpiorem
2790 4349 3072 4416 quamdam
3104 4349 3464 4419 suspicionem
3498 4368 3564 4406 ex

1976 4442 2074 4496 hoc
2102 4452 2319 4511 peccato
2350 4442 2508 4495 habet
2532 4442 2875 4496 conscientia.
2908 4440 3204 4510 Utrumque
3231 4452 3376 4496 certe
3401 4460 3564 4511 grave

1974 4545 2093 4599 est,
2131 4531 2350 4587 avaritia
2393 4546 2583 4599 nempe
2626 4542 2677 4584 et
2724 4531 3039 4595 iornicatio,
3078 4542 3130 4584 et
3171 4532 3224 4585 in
3263 4535 3562 4599 gehennam

1975 4627 2143 4695 injicit
2168 4643 2177 4678 :
2204 4639 2388 4679 verum
2417 4625 2536 4693 quia
2572 4624 2763 4676 Paulus
2788 4625 2966 4677 omnia
2992 4624 3323 4678 (economice
3350 4632 3405 4677 et
3432 4640 3561 4692 prii-

1973 4722 2162 4773 denter
2190 4717 2560 4781 administrat,
2593 4731 2712 4785 qum
2740 4716 3091 4785 suppetebant
3117 4715 3291 4769 omnia
3318 4715 3563 4769 adhibuit

1975 4810 2038 4862 ad
2072 4808 2436 4862 fornicationis
2467 4809 2666 4862 crimen
2708 4806 3025 4876 augendum.
3078 4806 3164 4861 19.
3212 4807 3291 4859 An
3321 4808 3521 4861 nescitis
3544 4850 3561 4873 ,

1974 4904 2108 4971 quod
2136 4919 2318 4971 corpus
2349 4911 2563 4972 vestrum
2606 4901 2847 4969 templum
2887 4909 2959 4953 est
2988 4901 3097 4969 ejus
3133 4901 3218 4969 qui
3248 4900 3299 4953 in
3328 4900 3464 4955 vobis
3492 4912 3566 4955 est

1976 4997 2199 5064 Spiritus
2225 4995 2387 5047 sancti
2401 4995 2428 5047 ξ)

2044 5087 2099 5142 2.
2145 5088 2255 5141 Non
2285 5086 2599 5154 simpliciter
2630 5085 2798 5149 dixit,
2833 5084 3091 5155 Spiritus;
3121 5083 3236 5147 sed,
3272 5084 3372 5150 Qui
3396 5084 3448 5137 in
3478 5100 3564 5137 eo-

1974 5180 2048 5233 bis
2069 5190 2159 5243 est,
2184 5178 2322 5248 quod
2344 5178 2673 5231 consolantis
2694 5186 2809 5232 erat
2833 5192 2847 5233 :
2872 5187 2925 5231 et
2946 5190 3131 5230 rursus
3152 5190 3213 5230 ex
3225 5176 3425 5245 plicans
3445 5175 3522 5228 ait
3546 5194 3559 5230 :

1978 5272 2137 5335 Quem
2169 5271 2359 5323 habetis
2389 5288 2420 5323 a
2445 5268 2575 5324 Deo.
2621 5269 2754 5324 Eum
2782 5270 2869 5339 qui
2902 5268 3045 5322 dedit
3080 5270 3255 5336 posuit
3281 5310 3294 5332 ,
3322 5266 3477 5321 simul
3509 5277 3564 5323 et

1976 5363 2253 5416 Sublimem
2285 5361 2515 5416 reddens
2540 5361 2859 5426 auditorem,
2882 5370 2935 5415 et
2961 5372 3167 5414 terrens
3197 5358 3563 5427 magnitudine

1976 5442 2199 5523 denositi
2226 5496 2239 5515 ,
2274 5464 2329 5509 et
2366 5455 2633 5508 desiderio
2664 5453 2946 5523 studioque
2981 5452 3320 5521 deponentis.
3359 5450 3419 5504 Et
3459 5466 3563 5504 non

1975 5549 2093 5599 estis
2130 5547 2298 5599 vestri.
2349 5546 2460 5600 Hoc
2499 5561 2602 5599 non
2645 5545 2899 5615 pudorem
2942 5544 3218 5598 inferentis
3257 5542 3415 5596 modo
3443 5552 3561 5606 est,

1975 5636 2070 5690 sed
2098 5636 2257 5689 etiam
2285 5637 2525 5705 cogentis
2552 5635 2617 5689 ad
2645 5635 2914 5689 virtutem.
2943 5635 3077 5702 Quid
3108 5633 3285 5686 enim?
3312 5632 3453 5700 quod
3483 5633 3561 5687 vis

1976 5725 2105 5783 facis
2130 5768 2145 5793 ,
2178 5726 2256 5782 ais
2284 5745 2296 5781 ε
2327 5742 2429 5783 non
2462 5740 2520 5782 es
2551 5726 2625 5779 tui
2654 5725 2921 5781 dominus.
2959 5725 3080 5777 Ilaec
3108 5730 3282 5775 autem
3310 5721 3520 5777 diccbat
3543 5760 3562 5791 ,
