4070 6322
626 375 725 431 lli?

628 508 737 549 non
784 492 1010 547 liberum
1047 489 1325 545 arbitrium
1364 488 1589 551 tollens;
1631 502 1754 542 natu
1796 500 1918 541 eum
1944 485 2207 548 dixisset,

630 580 818 636 Omnia
846 581 970 634 mihi
997 581 1148 635 licent
1170 622 1185 638 .
1212 579 1303 634 sed
1331 595 1435 632 non
1466 577 1638 632 omnia
1663 575 1936 645 expediunt
1958 614 1974 635 ,
2006 588 2112 626 non
2142 572 2211 625 li-

630 676 889 728 bertatem
932 681 1170 728 nostram
1212 670 1433 725 abstulit
1463 687 1477 722 :
1503 676 1558 723 et
1587 666 1674 722 hic
1714 680 1901 721 rursus
1930 664 2173 719 scribens
2194 702 2213 722 .

634 764 754 819 Non
776 768 891 821 estis
913 766 1081 832 uestri,
1111 778 1217 819 non
1245 762 1571 831 propositum
1593 761 1884 815 voluntatis
1908 750 2213 822 labefactat,

630 857 723 912 sed
762 872 792 910 a
838 856 1069 926 nequitia
1109 853 1361 917 abducit,
1392 861 1446 906 et
1485 851 1692 905 Domini
1722 865 1907 905 curam
1935 847 2213 902 ostendit:

634 948 756 1001 ideo
780 946 1069 1014 subiungit,
1097 944 1189 997 20.
1231 941 1403 1011 Empti
1436 942 1567 994 enim
1593 940 1712 994 estis
1741 938 1919 1009 pretio.
1951 937 2005 993 Si
2036 946 2215 990 autem

632 1052 741 1092 nou
775 1051 893 1090 sum
934 1050 1085 1088 meus
1106 1077 1121 1099 ,
1152 1034 1419 1103 quomodo
1455 1034 1624 1101 exigis
1660 1047 1688 1084 a
1730 1046 1816 1084 me
1853 1044 1915 1083 ea
1949 1045 2065 1098 qum
2094 1034 2219 1081 sunt

633 1128 878 1197 agenda?
905 1127 1173 1196 quomodo
1201 1127 1252 1179 in
1284 1124 1627 1195 sequentibus
1656 1137 1865 1178 rursum
1892 1121 2029 1175 dicis
2047 1162 2063 1185 ,
2096 1118 2219 1174 Glo-

631 1218 829 1285 riﬁcute
853 1215 1016 1271 Deum
1040 1217 1093 1270 in
1118 1231 1329 1285 corpore
1352 1224 1512 1269 vestro
1538 1223 1585 1267 et
1610 1214 1663 1266 in
1688 1213 1870 1282 spiritu
1894 1221 2056 1264 uestro
2072 1252 2087 1275 ,
2108 1224 2223 1280 quc

638 1308 732 1361 Dei
760 1318 896 1363 sunt.

708 1399 1025 1453 Facultatem
1060 1415 1161 1466 pou
1194 1396 1437 1467 peccandi
1464 1395 1609 1449 habet
1636 1396 1805 1448 homo.
1834 1423 1907 1435 —
1927 1393 2063 1460 Quid
2091 1408 2221 1462 ergo

637 1490 739 1545 sibi
772 1493 887 1545 vult
914 1490 1068 1555 illud,
1100 1487 1221 1543 Non
1247 1489 1363 1543 estis
1389 1492 1537 1542 vestri
1554 1487 1579 1541 7
1606 1496 1659 1541 et
1687 1486 1814 1557 quid
1846 1500 1941 1555 per
1970 1480 2073 1540 hoc
2109 1484 2219 1540 vult

634 1582 903 1656 probaret
931 1584 988 1639 In
1016 1583 1302 1637 securitate
1327 1581 1686 1640 constituere,
1719 1587 1778 1631 ut
1806 1594 1873 1633 ne
1902 1592 2221 1647 peccemus,

636 1689 737 1729 nec
762 1674 923 1728 animi
959 1671 1421 1742 concupiscentiae
1463 1671 1724 1725 absurdus
1753 1684 2057 1740 sequamur.
2091 1667 2223 1723 Nam

636 1765 799 1820 multa
829 1765 1071 1822 volumus
1115 1764 1346 1819 absurda
1375 1770 1432 1817 et
1465 1766 1643 1832 gravia
1669 1802 1684 1824 ,
1713 1760 1806 1815 sed
1836 1776 1898 1815 ea
1933 1760 2225 1828 reprimere

636 1866 883 1927 oportet;
929 1872 1050 1910 nam
1081 1853 1135 1911 id
1164 1869 1448 1925 possumus
1477 1872 1491 1906 :
1519 1855 1563 1907 si
1593 1855 1735 1909 enim
1767 1867 1873 1906 non
1905 1864 2183 1919 possemus
2204 1889 2222 1913 ,

638 1949 905 2019 superﬂua
931 1960 1074 2004 esset
1102 1948 1414 2002 admonitio.
1443 1944 1577 1999 Vide
1601 1960 1730 2013 ergo
1751 1941 2021 2012 quomodo
2047 1942 2227 1994 ﬁrmu-

641 2042 797 2094 vcrit.
820 2039 952 2093 Cum
974 2038 1196 2091 dixisset
1217 2036 1385 2100 enim,
1407 2034 1527 2087 Non
1547 2037 1664 2087 estis
1689 2034 1857 2095 vestri,
1879 2046 1987 2086 non
2008 2030 2224 2099 adjecit,

640 2130 746 2185 Sed
778 2129 877 2184 sub
902 2128 1218 2182 necessitate
1244 2128 1393 2191 estis,
1422 2124 1538 2189 sed,
1566 2124 1740 2179 Pretio
1766 2124 1920 2190 empti
1954 2123 2091 2176 estis.
2118 2118 2229 2173 Cur

645 2224 747 2277 hoc
774 2221 947 2277 dicis?
988 2236 1108 2274 nam
1139 2219 1354 2273 aliunde
1376 2260 1392 2284 ,
1432 2218 1625 2272 dixerit
1667 2216 1895 2271 fortasse
1929 2215 2191 2283 quispiam
2211 2251 2225 2275 ,

643 2311 925 2381 oportebat
956 2310 1177 2371 hortari,
1207 2307 1539 2363 ostendendo
1565 2322 1661 2360 nos
1693 2304 1892 2359 habere
1922 2303 2226 2358 Dominum.

644 2399 751 2455 Sed
798 2400 898 2454 hoc
940 2399 1155 2469 quidem
1196 2413 1317 2453 cum
1361 2397 1559 2452 Graecis
1597 2396 1752 2449 nobis
1787 2404 1872 2449 est
1908 2407 2226 2455 commune;

647 2492 776 2547 illud
797 2507 949 2556 vero,
972 2490 1145 2544 Pretio
1170 2490 1322 2559 empti
1342 2490 1481 2552 estis,
1507 2488 1658 2542 nobis
1680 2497 1762 2541 est
1796 2486 2141 2554 prmcipunm.
2172 2482 2228 2537 in

650 2587 961 2640 memoriam
986 2586 1128 2639 enim
1157 2592 1373 2638 revocat
1414 2582 1655 2637 beneficii
1687 2578 2104 2650 magnitudinem
2130 2618 2146 2640 ,
2178 2585 2233 2630 ct

649 2676 838 2729 salutis
859 2674 1095 2737 modum,
1113 2673 1403 2728 ostendens
1426 2687 1524 2726 nos
1542 2688 1662 2727 cum
1685 2671 1897 2725 alienati
1922 2669 2227 2731 fuissemus,

648 2777 859 2833 etiiptos
890 2765 1082 2829 fuisse;
1111 2772 1165 2819 et
1192 2779 1297 2817 non
1324 2763 1656 2833 simpliciter,
1682 2763 1775 2815 sed
1805 2762 1992 2830 pretio.
2025 2758 2233 2825 Cleri/i-

649 2865 761 2908 eate
782 2870 920 2924 ergo,
950 2863 1145 2921 portate
1169 2851 1334 2906 Deum
1357 2853 1410 2904 iu
1439 2868 1648 2921 corpore
1672 2863 1833 2905 oestro
1859 2859 1904 2905 et
1927 2852 1979 2903 iu
2028 2850 2231 2918 spiritu.

654 2946 767 2999 lloc
793 2959 949 3012 porro
975 2944 1134 3007 dicit,
1163 2952 1219 2996 ut
1249 2958 1353 2997 non
1383 2958 1609 3012 corpore
1635 2943 1809 2995 solum
1840 2941 2100 3011 fugiamus
2126 2938 2234 2993 for-

654 3035 1007 3098 nicationem;
1041 3034 1133 3087 sed
1172 3035 1331 3087 etiam
1377 3034 1430 3087 in
1475 3034 1663 3103 spiritu
1710 3036 1905 3088 auintze
1943 3033 2070 3086 nihil
2110 3032 2233 3085 mali

652 3127 968 3195 cogitemus.
993 3140 1090 3179 nec
1112 3126 1334 3195 gratiam
1355 3125 1649 3196 abigamus.
1676 3124 1803 3192 Qua:
1822 3134 1940 3179 sunt
1961 3122 2073 3177 Dei.
2100 3122 2232 3189 Quia

653 3219 795 3273 enim
822 3218 978 3279 dixit,
1016 3216 1211 3282 Vestro,
1242 3217 1362 3271 ideo
1390 3218 1601 3287 adjicit,
1633 3218 1760 3284 Qui:
1787 3227 1905 3272 sunt
1935 3216 2063 3278 Dei;
2092 3230 2235 3284 smpe

657 3312 808 3364 nobis
851 3313 899 3363 in
941 3311 1254 3364 memoriam
1296 3324 1585 3374 revocans,
1616 3310 1792 3363 omnia
1834 3308 2042 3364 Domini
2073 3322 2193 3361 esse
2218 3348 2233 3371 ,

657 3417 851 3469 corpus
874 3443 890 3466 ,
921 3404 1153 3456 animam
1186 3413 1239 3456 et
1269 3403 1534 3470 spiritum.
1583 3402 1867 3457 Enimvero
1896 3400 2109 3469 quidam
2150 3399 2234 3452 di-

658 3502 820 3556 cunt,
871 3493 999 3545 illud
1054 3492 1121 3545 In
1175 3494 1391 3559 spiritu,
1441 3493 1545 3547 dici
1593 3493 1743 3560 quasi
1794 3494 1845 3545 in
1893 3491 2235 3545 charismate.

658 3584 791 3639 Nam
821 3584 864 3636 si
910 3582 1036 3636 illud
1074 3583 1124 3635 in
1162 3582 1316 3637 nobis
1355 3583 1512 3637 fuerit
1536 3624 1551 3645 ,
1580 3583 1719 3637 Deus
1745 3583 2109 3651 gloriﬁcatur;
2139 3582 2241 3635 erit

660 3689 857 3738 amem,
883 3674 925 3729 si
951 3689 1043 3729 cor
1066 3674 1320 3728 mundum
1351 3673 1659 3728 habeamus.
1690 3674 1781 3728 Dei
1807 3683 1981 3729 autem
2012 3673 2097 3728 illi
2122 3686 2241 3728 esse

659 3766 811 3827 dixit,
837 3782 941 3819 lion
973 3766 1129 3821 modo
1153 3767 1273 3837 quia
1303 3766 1388 3820 illa
1418 3766 1685 3837 produxit,
1710 3766 1805 3822 sed
1831 3766 1949 3838 quia
1976 3766 2244 3822 abaliena—

664 3866 713 3907 Ia
756 3859 989 3912 secundo
1035 3874 1219 3912 rursus
1260 3859 1578 3926 acquisivit,
1611 3860 1837 3925 pretium
1883 3873 2085 3926 ponens
2113 3872 2240 3911 sau-

662 3946 874 4015 gninem
900 3946 1037 4000 Filii.
1060 3946 1189 3999 Vide
1210 3947 1478 4014 quomodo
1498 3947 1548 3999 in
1569 3946 1783 4000 Christo
1804 3955 1969 3998 totum
1994 3946 2237 4012 perfecit:

661 4037 929 4105 quomodo
958 4052 1055 4091 nos
1086 4037 1137 4089 in
1167 4037 1354 4091 ca-lum
1385 4036 1623 4091 adduxit.
1669 4036 1901 4091 Membra
1931 4036 2060 4090 estis
2089 4034 2244 4090 Chri-

662 4133 768 4199 sti,
819 4131 1024 4200 inquit,
1073 4129 1328 4199 templum
1373 4129 1504 4184 estis
1548 4129 1779 4197 Spiritus
1811 4146 1824 4183 :
1853 4145 1919 4183 ne
1962 4144 2090 4198 ergo
2128 4129 2244 4181 sitis

662 4225 899 4279 membra
934 4223 1229 4278 meretricis
1270 4240 1282 4276 :
1322 4237 1425 4275 non
1457 4222 1597 4276 enim
1628 4237 1822 4290 corpus
1851 4230 2085 4275 vestrum
2110 4235 2244 4274 cou-

664 4317 878 4370 tumelia
927 4315 1193 4375 afficitur;
1256 4328 1426 4380 neque
1472 4326 1666 4379 corpus
1705 4320 1938 4365 vestrum
1986 4320 2107 4376 est,
2150 4311 2242 4365 sed

662 4405 883 4458 Christi.
935 4405 1058 4456 llzec
1101 4416 1262 4469 porro
1303 4401 1473 4466 dixit,
1518 4401 1675 4453 simul
1716 4400 2094 4467 benignitatem
2131 4402 2246 4469 ejus

664 4495 956 4549 ostendens
977 4536 991 4557 ,
1024 4491 1163 4563 quod
1204 4507 1400 4561 corpus
1440 4501 1677 4544 nostrum
1718 4491 1785 4544 sit
1814 4505 1966 4543 suum
1992 4530 2007 4554 ,
2037 4500 2092 4543 et
2132 4499 2188 4542 ut
2216 4505 2243 4541 a

666 4587 893 4656 maligna
940 4592 1201 4655 potestate
1245 4599 1342 4639 nos
1381 4583 1590 4652 eripiat.
1633 4581 1764 4635 Nam
1804 4581 1848 4635 si
1890 4580 2122 4634 alienum
2165 4588 2249 4631 est

663 4691 861 4746 corpus
882 4718 898 4741 ,
930 4692 1035 4730 non
1069 4684 1385 4745 potestatem
1425 4675 1633 4730 habetis
1662 4676 1819 4729 alieni
1847 4673 2086 4742 corporis
2114 4687 2243 4724 con-

666 4769 882 4821 tuon-lia
912 4765 1175 4819 alliciendi
1200 4805 1215 4829 ,
1250 4766 1457 4833 inquit,
1486 4766 1716 4819 maxime
1741 4782 1867 4820 vero
1895 4781 2015 4818 cum
2045 4764 2114 4817 sit
2148 4763 2248 4816 Do-

667 4856 939 4917 minienm.
966 4871 1139 4925 neque
1162 4856 1417 4925 templum
1442 4856 1669 4924 Spiritus
1696 4856 2019 4924 inquinandi.
2050 4857 2104 4912 Si
2128 4856 2246 4925 quis

664 4954 807 5005 ciiim
857 4950 1110 5021 privatam
1149 4949 1367 5004 domum
1410 4949 1679 5019 ingressus
1701 4989 1716 5011 ,
1748 4948 2047 5017 petulanter
2082 4949 2248 5019 egerit

666 5046 717 5098 in
765 5044 851 5097 illa
878 5086 891 5107 ,
919 5053 1189 5097 extremas
1228 5041 1377 5095 dabit
1424 5056 1608 5109 pinnas
1637 5057 1651 5093 :
1679 5041 1766 5109 qui
1812 5040 2063 5107 templum
2110 5044 2247 5111 regis

666 5138 1058 5206 receptaculum
1088 5135 1311 5190 latronis
1341 5132 1546 5198 fecerit,
1572 5132 1744 5202 cogita
1770 5142 1963 5202 quanta
1992 5146 2246 5201 passurus

663 5230 735 5281 sit
761 5228 915 5280 mala.
949 5226 1072 5281 llaec
1100 5241 1227 5295 ergo
1250 5226 1519 5295 cogitans,
1555 5224 1934 5277 inbabitantem
1964 5239 2243 5287 reverere;

667 5322 711 5375 is
739 5320 881 5374 enim
914 5327 996 5373 est
1023 5317 1329 5373 Paracletns
1356 5335 1368 5371 :
1398 5318 1521 5371 time
1555 5316 1701 5370 illum
1728 5358 1743 5379 ,
1775 5315 1864 5385 qui
1894 5323 2066 5369 tecum
2094 5332 2245 5371 com-

668 5410 891 5478 plicatus
920 5415 1006 5463 est
1032 5415 1086 5460 et
1116 5408 1207 5461 tibi
1233 5407 1503 5469 adhmret;
1533 5407 1774 5461 Christus
1804 5406 1943 5460 enim
1975 5415 2075 5460 est.
2109 5406 2242 5460 Num

666 5510 720 5554 tn
754 5500 1048 5553 membrum
1075 5495 1273 5552 Christi
1305 5508 1357 5552 te
1388 5498 1500 5567 ipse
1530 5496 1736 5551 fecisti?
1764 5495 1851 5551 Sic
1874 5496 2049 5565 cogita
2076 5505 2131 5551 ct
2156 5511 2245 5549 ca—

666 5600 780 5643 stus
806 5604 962 5644 mane
986 5606 999 5641 :
1023 5586 1177 5657 cujus
1203 5586 1403 5643 fuerint
1432 5587 1666 5641 membra
1694 5596 1747 5640 et
1772 5586 1925 5655 cujus
1956 5588 2087 5641 facta
2118 5586 2239 5639 sint.

668 5679 958 5733 Meretricis
988 5688 1144 5732 antea
1174 5678 1413 5733 membra
1444 5688 1613 5736 erant.
1648 5688 1699 5730 et
1729 5676 1969 5729 Christus
2002 5678 2121 5731 fecit
2156 5678 2240 5730 illa

669 5772 904 5826 membra
932 5772 1014 5827 sui
1036 5769 1293 5839 corporis.
1328 5768 1442 5823 Non
1472 5785 1599 5837 ergo
1628 5770 1711 5821 illa
1741 5786 1876 5821 nunc
1906 5773 1953 5821 in
1986 5777 2242 5838 potestate

1390 371 1432 427 8
1485 368 1763 427 JOANNIS
1785 366 2255 424 οιιιιγδοδτοδιι
2295 367 2608 423 Αιιοιιιιιιι.
2646 370 3177 429 CONSTANTINOP.

3810 375 3911 433 tu

2318 485 2481 539 habes
2506 503 2519 538 :
2546 486 2618 539 illi
2646 488 2849 541 servias
2868 489 2958 558 qui
2985 497 3037 543 te
3056 488 3321 544 liberavit.
3346 490 3461 546 Non
3483 491 3651 555 estita,
3674 490 3724 544 si
3746 492 3914 545 tilia-

2319 574 2543 631 haberes
2563 587 2619 631 et
2641 593 2759 632 eam
2783 594 2893 648 prae
2917 579 3144 634 stultitia
3165 580 3416 637 mercede
3437 583 3678 637 locasses
3701 582 3913 647 lenoni,

2319 675 2377 717 ut
2408 665 2791 728 foruicarelur:
2834 670 3133 741 deindeque
3170 670 3313 726 illius
3346 673 3489 742 regis
3529 674 3803 727 transiens
3827 714 3847 739 ,
3880 690 3911 729 a

2319 757 2575 812 servitute
2605 759 2880 814 liberatam
2910 776 3131 815 uxorem
3167 760 3447 827 duxisset,
3477 777 3641 830 penes
3680 772 3735 817 te
3761 771 3918 815 esset

2323 856 2503 913 postea
2532 849 2673 902 illam
2712 850 2761 903 in
2799 852 3151 920 prostibulum
3179 852 3379 907 ducere
3406 869 3421 905 :
3448 854 3613 908 semel
3639 854 3791 909 enim
3816 853 3916 908 de-

2321 935 2445 991 disti
2471 947 2525 993 et
2554 940 2856 996 vendidisti.
2887 942 2992 997 lies
3017 953 3195 998 nostra
3222 944 3303 999 sic
3328 942 3491 997 habet
3516 964 3531 996 :
3560 958 3783 998 carnem
3812 958 3913 997 no-

2323 1036 2487 1081 stram
2532 1031 2780 1085 mercede
2822 1032 3179 1087 conduximus
3224 1032 3442 1087 diabolo
3487 1033 3635 1101 gravi
3684 1034 3859 1087 lenoni
3896 1052 3909 1086 :

2326 1117 2514 1175 videns
2542 1121 2786 1176 Christus
2816 1126 3011 1193 eripuit
3040 1126 3181 1179 illam
3211 1135 3266 1181 et
3292 1126 3538 1181 liberavit
3565 1141 3596 1179 a
3630 1126 3918 1197 tyrannide

2327 1206 2415 1261 illa
2441 1212 2651 1265 acerba.
2683 1212 2798 1267 Non
2824 1224 2908 1267 est
2934 1230 3064 1285 ergo
3086 1214 3198 1284 jam
3229 1226 3432 1282 nostra,
3462 1215 3556 1270 sed
3586 1216 3914 1271 liberatoris.

2326 1298 2385 1354 Si
2406 1303 2534 1356 velis
2561 1305 2634 1357 uti
2656 1306 2741 1359 illa
2765 1315 3030 1376 tamquam
3054 1309 3193 1378 regis
3212 1324 3431 1380 sponsa,
3450 1322 3610 1363 nemo
3631 1307 3881 1377 prohibet
3902 1324 3915 1369 :

2327 1390 2410 1445 sin
2448 1391 2514 1445 ad
2556 1394 2730 1461 priora
2770 1395 2991 1451 duxeris
3014 1438 3031 1462 ,
3061 1397 3248 1451 eadem
3288 1398 3541 1468 petieris,
3564 1412 3683 1466 qua
3713 1411 3811 1464 par
3835 1406 3919 1450 est

2329 1484 2435 1553 pati
2476 1486 2913 1543 contumeliosos.
2947 1488 3069 1544 Ideo
3110 1492 3284 1560 potius
3326 1490 3413 1546 illa
3450 1500 3534 1546 est
3562 1486 3913 1549 exornandn,

2326 1589 2485 1644 quam
2513 1576 2709 1646 probro
2731 1577 3008 1635 aflicienda
3056 1580 3240 1650 Neque
3260 1582 3400 1635 enim
3424 1580 3718 1651 potentiam
3739 1594 3861 1634 cara
3875 1578 3921 1631 is

2329 1665 2495 1721 habes
2531 1667 2583 1721 in
2613 1670 2790 1737 pravis
2812 1672 3291 1739 concupiscentiis,
3316 1672 3411 1728 sed
3443 1673 3496 1727 in
3523 1674 3588 1729 iis
3612 1672 3767 1733 solis.
3797 1686 3920 1741 qum

2329 1756 2470 1813 Deus
2496 1759 2833 1828 prmceperit.
2874 1756 3057 1829 Cogita
3086 1776 3217 1830 ergo
3249 1777 3280 1814 a
3319 1771 3514 1831 quanta
3552 1762 3696 1816 illam
3728 1768 3921 1815 contu-

2329 1854 2489 1909 melia
2534 1855 2838 1911 liberaverit
2882 1856 3023 1910 Deus
3050 1873 3063 1909 :
3092 1857 3279 1925 quavis
3311 1857 3453 1911 enim
3484 1855 3773 1910 meretrice
3803 1864 3920 1909 tur—

2331 1947 2451 2015 pior
2484 1947 2761 2019 prostabat
2789 1959 2943 2003 antea
2973 1958 3159 2003 natura
3197 1956 3399 2003 nostra.
3430 1946 3563 2002 Nam
3593 1946 3875 2001 latret-inin
3902 1986 3919 2009 ,

2331 2035 2637 2102 homicidia,
2667 2047 2722 2091 et
2754 2042 2955 2107 qumvis
2983 2039 3159 2108 iniqua
3188 2040 3443 2107 cogitatio
3472 2038 3523 2090 in
3555 2037 3702 2090 illam
3735 2036 3921 2105 ingue—

2330 2127 2504 2191 diens,
2534 2143 2654 2182 cum
2683 2130 2859 2183 anima
2890 2130 3275 2184 concumbebat
3300 2170 3317 2192 ,
3352 2143 3508 2198 parva
3540 2128 3741 2197 vilique
3772 2141 3919 2180 mer-

2330 2218 2505 2285 cede,
2551 2221 2831 2288 praiseutis
2877 2235 3069 2290 nempe
3120 2220 3426 2287 voluptatis.
3484 2220 3672 2273 Anima
3722 2217 3923 2287 quippe

2330 2310 2617 2365 commixta
2646 2326 2767 2363 cum
2801 2311 2955 2365 malis
2980 2311 3389 2381 cogitationibus
3417 2319 3473 2366 ct
3499 2309 3705 2365 actibus
3726 2348 3745 2373 ,
3782 2308 3923 2362 hanc

2331 2401 2504 2457 solum
2535 2404 2859 2472 percipiebat
2881 2404 3203 2458 mercedem.

2406 2494 2458 2549 3.
2505 2494 2612 2549 Sed
2641 2495 2755 2549 bazc
2783 2494 2997 2563 quidem
3042 2504 3202 2547 antea
3227 2493 3341 2550 fieri
3372 2509 3533 2565 grave
3576 2509 3699 2548 cum
3740 2502 3919 2557 esset,

2335 2600 2439 2638 non
2472 2594 2576 2637 tam
2601 2600 2762 2655 grave
2782 2594 2895 2638 erat
2916 2602 2928 2637 ε
2956 2593 3075 2653 post
3096 2586 3285 2639 Ctl'llllll
3312 2594 3513 2647 autem,
3529 2592 3653 2653 post
3672 2598 3921 2653 regitum.

2336 2685 2613 2746 postquam
2641 2675 2919 2750 tremenda
2962 2676 3271 2744 perceperis
3300 2676 3573 2746 mysteria,
3602 2688 3816 2729 rursum
3845 2673 3924 2727 in-

2333 2767 2564 2838 quinari,
2589 2783 2748 2837 quam
2770 2768 2985 2820 habebit
3014 2768 3262 2820 veniam?
3287 2767 3476 2821 Annon
3498 2767 3775 2821 existimas
3796 2779 3922 2818 eum

2334 2864 2509 2919 avaris
2521 2872 2575 2919 et
2590 2864 2707 2917 aliis
2722 2862 2970 2916 erunibus
2990 2877 3123 2931 quos
3140 2861 3490 2927 cnumcravit,
3514 2861 3687 2929 ipsum
3707 2873 3923 2913 accum-

2337 2955 2463 3009 bere
2510 2953 2818 3008 diabolum?
2863 2953 3112 3006 mulieres
3162 2962 3339 3006 autem
3387 2951 3455 3006 ad
3500 2950 3776 3006 libidinem
3831 2965 3924 3002 or-

2338 3054 2488 3099 natas
2516 3060 2618 3098 nou
2648 3059 2836 3099 censes
2876 3059 2995 3099 cum
3040 3044 3130 3098 illo
3165 3043 3538 3098 commisceri?
3577 3041 3763 3112 ecquis
3799 3040 3926 3096 huic

2338 3134 2570 3190 sermoni
2596 3134 3007 3189 contradixerit?
3033 3133 3184 3202 Quod
3210 3133 3257 3188 si
3282 3134 3401 3205 quis
3425 3134 3495 3187 sit
3521 3132 3890 3187 contentiosus
3908 3171 3922 3192 ,

2339 3236 2498 3282 exuat
2556 3228 2786 3281 animam
2846 3226 3128 3280 mulierum
3181 3240 3302 3293 quae
3374 3238 3436 3279 se
3485 3222 3622 3278 adeo
3672 3222 3929 3277 indecore

2340 3326 2551 3388 gerunt,
2569 3327 2621 3372 et
2642 3317 2841 3373 videbit
2863 3317 3148 3386 malignum
3175 3316 3324 3369 illum
3346 3314 3648 3369 daemonem
3674 3327 3793 3368 cum
3823 3311 3930 3365 illis

2342 3409 2495 3463 valde
2536 3408 2841 3478 complicari
2890 3417 2943 3462 et
2987 3405 3345 3462 commisceri.
3378 3405 3603 3459 Difﬁcile
3636 3404 3781 3459 enim
3824 3412 3927 3461 est.

2343 3499 2544 3560 dilecti,
2560 3497 2776 3551 difﬁcile
2795 3505 2894 3560 cst,
2920 3497 3030 3550 imo
3052 3494 3276 3549 fortasse
3302 3494 3653 3564 impossibile,
3671 3493 3827 3547 utsic
3845 3508 3933 3545 or-

2346 3598 2471 3642 nato
2497 3603 2744 3656 corpore,
2781 3586 2936 3641 simul
2968 3602 3178 3658 quoque
3216 3596 3439 3641 ornetur
3474 3586 3685 3650 anima;
3714 3586 3809 3640 sed
3840 3601 3932 3639 nc-

2344 3694 2494 3735 cesse
2529 3690 2608 3735 est
2650 3680 2873 3734 alterum
2924 3681 3189 3749 negligere
3216 3694 3336 3732 eum
3368 3678 3455 3749 qui
3482 3678 3702 3732 alterius
3744 3691 3932 3731 curam

2346 3773 2532 3829 habet:
2550 3789 2719 3842 neque
2744 3774 2886 3827 enim
2912 3790 2977 3827 ex
3007 3782 3189 3827 natura
3222 3787 3314 3826 sua
3343 3772 3457 3826 haec
3473 3770 3633 3825 simul
3662 3784 3785 3823 esse
3813 3782 3936 3831 pos-

2346 3874 2487 3919 sunt.
2516 3864 2643 3918 Ideo
2667 3865 2777 3917 ait:
2813 3864 2915 3928 Qui
2942 3864 3168 3915 adlici-et
3194 3861 3440 3913 meretrici
3458 3899 3472 3920 ,
3502 3867 3576 3909 est
3616 3872 3775 3908 unum
3814 3870 3932 3907 cor-

2349 3970 2444 4022 pus
2474 3969 2492 4006 :
2517 3955 2601 4020 qui
2628 3963 2795 4003 autem
2824 3954 3047 4002 adhaeret
3076 3950 3310 4011 Domino,
3339 3963 3471 3999 unus
3488 3947 3696 4014 spiritus
3716 3954 3809 3998 est.
3845 3944 3938 3998 Ille

2350 4055 2577 4111 namque
2604 4039 2818 4093 tandem
2873 4038 3089 4107 spiritus
3135 4035 3395 4099 eﬂicitnr,
3429 4035 3554 4089 licet
3598 4048 3829 4102 corpore
3872 4033 3939 4085 sit

2348 4130 2727 4189 circumdatus.
2767 4130 2990 4198 Quando
3038 4129 3180 4184 enim
3239 4129 3366 4183 nihil
3421 4143 3777 4196 corporeum,
3807 4126 3936 4179 nihil

2349 4241 2607 4290 crassum,
2639 4224 2766 4278 nihil
2812 4235 3079 4278 terrenqu
3124 4225 3264 4277 eirea
3309 4225 3481 4292 ipsum
3524 4221 3701 4287 fuerit,
3734 4221 3939 4289 simpli-

2349 4320 2485 4375 citer
2536 4332 2763 4386 corpore
2816 4317 3175 4370 circumdatur
3208 4335 3219 4372 :
3250 4332 3373 4370 cum
3414 4324 3555 4369 totus
3608 4314 3940 4384 principatus

2351 4411 2420 4465 sit
2444 4412 2635 4463 anima:
2662 4417 2717 4461 et
2741 4409 2977 4476 spiritus,
3009 4408 3085 4461 sic
3112 4408 3437 4476 glorificatur
3475 4408 3633 4462 Dens.
3663 4406 3939 4474 Quamob-

2352 4515 2464 4553 rem
2506 4501 2557 4551 in
2586 4499 2827 4551 oratione
2851 4498 3028 4550 dicere
3059 4496 3328 4563 juhemnr,
3360 4497 3721 4558 Sanctiﬁcetur
3759 4514 3939 4552 nomen

2353 4597 2524 4649 tuum;
2545 4595 2599 4640 et
2618 4585 2863 4639 Christus
2889 4584 2958 4637 ait
2980 4601 2995 4637 :
3018 4584 3203 4637 Luceat
3227 4585 3319 4637 (ua:
3344 4594 3505 4637 vestra
3530 4601 3702 4638 coram
3730 4587 3942 4640 homini-

2355 4679 2466 4741 bus,
2492 4687 2545 4729 ut
2572 4677 2770 4729 videant
2799 4693 2953 4743 opera
2978 4688 3141 4730 vestra
3169 4675 3321 4737 bona,
3340 4682 3387 4726 et
3415 4674 3696 4744 gloriﬁcent
3727 4674 3939 4732 Putrem

2352 4781 2570 4825 oestrum
2597 4770 2679 4839 qui
2708 4769 2759 4823 in
2788 4770 2925 4824 catis
2956 4779 3025 4823 est
3058 4768 3076 4840 (
3107 4765 3288 4820 Matth.
3345 4766 3399 4820 5.
3455 4763 3586 4832 l6).
3631 4764 3721 4819 Sic
3764 4766 3937 4835 ipsum

2353 4862 2653 4932 glorificant
2680 4862 2841 4915 etiam
2869 4860 3007 4926 cteli,
3034 4875 3138 4913 non
3161 4872 3344 4912 vocem
3367 4857 3696 4925 emittentes,
3720 4858 3817 4913 sed
3844 4873 3938 4930 per

2354 4964 2627 5023 aspectum
2681 4952 3089 5007 admirationem
3141 4960 3580 5015 commoventes,
3609 4961 3663 5006 et
3712 4950 3937 5021 gloriam

2352 5044 2588 5099 Creatori
2612 5045 2919 5099 referentes.
2939 5043 3029 5096 Sic
3051 5040 3408 5109 gloriﬁeemus
3430 5040 3574 5096 illum
3600 5051 3654 5098 et
3680 5057 3813 5109 nos;
3838 5043 3942 5098 imo

2354 5136 2520 5205 magis
2561 5150 2718 5204 quam
2765 5134 2872 5197 illi;
2904 5144 3183 5202 possumus
3218 5129 3360 5185 enim
3399 5131 3445 5186 si
3485 5133 3728 5191 velimus.
3758 5133 3940 5205 Neque

2354 5228 2494 5280 enim
2543 5228 2616 5281 ita
2660 5226 2850 5279 caelum
2876 5234 2931 5280 et
2956 5223 3070 5277 dics
3099 5230 3155 5275 et
3180 5236 3281 5276 nox
3329 5223 3495 5278 Deum
3547 5222 3814 5293 glorificat
3839 5266 3855 5289 ,
3885 5234 3939 5277 ut

2352 5317 2529 5370 anima
2560 5325 2765 5370 sancta.
2814 5314 2965 5370 Sicut
2999 5312 3141 5368 enim
3181 5312 3303 5381 quis
3329 5313 3446 5368 caeli
3487 5311 3933 5383 pulchritudinem

2353 5406 2647 5477 respiciens
2676 5404 2824 5465 dicit,
2849 5404 3027 5459 Gloria
3043 5401 3158 5470 tibi,
3178 5400 3320 5458 Deus
3348 5421 3362 5457 :
3394 5403 3552 5473 quale
3573 5418 3707 5473 opus
3728 5402 3900 5459 ficisti
3925 5406 3937 5458 l

2354 5497 2425 5550 ita
2453 5505 2507 5551 et
2530 5496 2626 5549 viri
2653 5494 2900 5548 virtutem
2928 5494 3159 5557 intuens,
3192 5491 3299 5547 imo
3326 5492 3417 5550 hic
3446 5493 3612 5548 multo
3639 5492 3828 5561 magis.
3855 5491 3932 5547 Ab

2354 5588 2458 5641 illis
2487 5600 2715 5655 namque
2743 5586 3002 5639 creaturis
3043 5600 3148 5639 non
3190 5598 3380 5640 omnes
3420 5584 3586 5639 Deum
3613 5582 3933 5654 gloriﬁcant,

2352 5678 2445 5731 sed
2474 5678 2631 5733 etiam
2660 5676 2811 5728 multi
2842 5676 2929 5729 illa
2957 5684 3228 5731 automata
3269 5690 3389 5731 esse
3428 5674 3645 5739 dicunt;
3695 5674 3782 5727 alii
3812 5689 3937 5727 vero

2355 5769 2684 5823 datmonibns
2707 5767 2997 5822 attribuunt
3019 5766 3197 5822 mundi
3222 5767 3547 5822 creationem
3573 5776 3625 5821 ct
3652 5761 3939 5833 [Inviden-
