4084 6328
195 387 296 443 N7
1224 386 1292 443 IN
1332 386 1558 446 EPIST.
1594 389 1614 446 l
1650 390 1744 446 AD

1850 388 1942 446 ιιι.
1983 389 2218 447 ηοιιιι.
2262 390 2446 447 XVIII.
3378 398 3486 456 “8

190 505 431 562 ἐνταῦθα
464 509 640 563 πάλιν
683 510 935 582 γράφων,
968 510 1052 564 δτι
1108 512 1231 565 Οὐκ
1268 509 1414 565 ἐστέ
1442 507 1694 573 ἑαυτῶν,
1725 508 1788 563 οὑ
1898 506 2000 558 ’σὺν
2028 506 2183 573 ἄγειν
2223 506 2398 577 αὑτὴν
2426 506 2521 559 ἐπὶ
2548 504 2610 558 τὸ
2635 510 2920 578 πει-νεῖον·
2951 507 3102 578 ἅπαξ
3144 512 3243 584 γὰρ
3272 512 3482 580 ἔδωκας

188 590 256 661 τῇ
286 590 615 662 προαιρέσει
643 591 991 663 λυμαίνεται,
1020 592 1158 647 ἀλλά
1180 592 1285 663 τῆς
1312 591 1512 658 κακίας
1554 591 1784 659 ἀπάγει,
1898 588 1987 640 καὶ
2013 587 2328 656 ἐπώλησας.
2346 587 2603 641 Τοιοῦτόν
2624 589 2739 642 ἐστι
2773 591 2870 643 καὶ
2889 590 2953 644 τὸ
2972 592 3240 664 ἡμέτερον
3258 612 3274 627 ·
3297 595 3482 666 ἐξεμι-

187 671 284 724 καὶ
326 671 425 724 τοῦ
470 675 750 728 Δεσπότου
791 675 890 745 τὴν
928 675 1257 747 κηδεμονίαν
1300 675 1658 730 ἐνδείκνυται.
1695 672 1789 726 Διὸ
1890 670 2181 739 σθώοαμεν
2230 671 2330 741 τὴν
2376 671 2560 741 σάρκα
2618 672 2960 740 τὴνὲαυτῶν
3001 674 3081 745 τῷ
3108 675 3364 749 διαϐόλῳ,
3398 678 3482 750 τῷ

187 754 282 806 καὶ
313 756 637 824 ἐπήγαγεν·
696 756 1103 825 ἰιτοράσθητε
1124 758 1238 828 γὰρ
1270 758 1467 827 τιμῆς.
1503 755 1566 810 El
1592 755 1651 809 δὲ
1687 756 1788 807 οὑκ
1886 752 2108 822 χαλεπῷ
2151 753 2508 824 πορνοϐοσκῷ
2534 772 2544 781 ·
2587 754 2713 807 ίδὼν
2739 757 2769 807 6
2799 756 3057 826 Χριστὸς,
3084 759 3356 829 ἐρρύσατο
3377 760 3479 813 αὑ-

185 836 305 904 είμὶ
325 836 595 905 ἐμαυτοῦ,
636 838 756 900 πῶς
786 856 855 909 με
873 841 1131 904 ἀπαιτεῖς
1158 842 1228 895 τά
1260 837 1543 912 πρακτέας
1578 838 1699 901 πῶς
1728 837 1785 891 δὲ
1884 837 1987 906 τὴν
2014 838 2108 889 καὶ
2137 836 2417 907 ἀπήλλαξε
2461 838 2561 907 τῆς
2600 841 2846 911 πονηρᾶς
2882 841 3195 910 τυραννίδος
3221 842 3475 913 ἐκείνης·

182 918 397 987 προῖὼν
422 920 605 986 λέγεις
633 921 816 985 πάλιν,
849 922 1159 987 Δοξάσατε
1185 923 1265 992 δὴ
1287 924 1397 977 τὸν
1431 921 1680 977 Θεὸν-’έν
1702 919 1785 985 τῷ
1883 919 1946 971 οὑ
1965 919 2147 972 τοίνυν
2172 922 2324 973 ἐστὶν
2349 920 2596 991 ἡμετέρα
2625 920 2835 983 λοιπὸν,
2863 921 3000 974 ἀλλά
3024 921 3118 975 τοῦ
3142 925 3473 995 ῥυσαμένου.

178 1000 417 1068 σώματι
449 1002 621 1071 ὑμῶν
659 1004 761 1059 καί
808 1004 881 1057 ἐν
910 1005 992 1071 τῷ
1029 1006 1325 1075 πνεύματι
1371 1002 1561 1075 ὑμῶν,
1606 1003 1784 1058 ἅτινά
1895 1002 2021 1055 Ἐἀν
2057 1003 2251 1075 ἐθέλῃς
2294 1004 2370 1068 ὼς
2414 1004 2606 1077 νύμφῃ
2634 1004 2904 1074 βασιλέως
2942 1007 3269 1079 κεχρῆσθαι,
3296 1008 3475 1073 οὐδεὶς

177 1085 314 1135 ἐστι
344 1084 455 1137 τοῦ
490 1086 639 1140 Θεοῦ
657 1103 676 1149 ;

250 1167 321 1218 Τί
358 1164 454 1221 οὖν
486 1170 604 1221 ἐστι
650 1171 731 1234 τὸ,
758 1172 883 1225 Οὐκ
908 1171 1053 1225 ἐστὲ
1084 1169 1347 1235 ἐαυτῶνς
1381 1170 1478 1247 καὶ
1506 1170 1560 1223 τί
1582 1170 1651 1223 δι’
1682 1170 1779 1223 αὐ-

175 1248 272 1303 τοῦ
309 1254 726 1307 κατασκευάσαι
758 1252 1039 1324 βούλεται;
1079 1255 1170 1307 Ἐν
1196 1252 1468 1324 ἀσφαλείᾳ
1493 1254 1777 1323 καταστῆ-

179 1349 272 1385 σαι
324 1333 425 1387 τοῦ
473 1336 549 1405 μὴ
589 1337 926 1407 ἁμαρτάνειν
962 1336 1097 1407 μηδὲ
1145 1339 1265 1400 ταῖς
1317 1336 1637 1405 ἐπιθυμίαις
1675 1339 1777 1407 τῆς

176 1416 366 1486 ψυχῆς
407 1416 721 1472 ἀκολουθεῖν
744 1422 866 1483 ταῖς
897 1421 1139 1482 ἀτόποις.
1165 1418 1277 1471 Καὶ
1314 1419 1423 1489 γὰρ
1455 1419 1627 1473 πολλά
1656 1418 1778 1489 βου-

177 1498 390 1569 λόμεθα
427 1500 626 1563 ἀτοπα,
661 1501 798 1555 ἀλλά
839 1501 1094 1571 κατέχειν
1140 1502 1252 1555 δεῖ·
1298 1501 1581 1573 δυνάμεθα
1626 1503 1770 1574 γάρ·

175 1581 224 1631 εί
250 1581 313 1632 δέ
340 1582 417 1653 μη
441 1583 740 1653 δυνάμεθα,
768 1585 1001 1656 περιττὴ
1028 1588 1063 1656 η
1091 1585 1440 1655 παραίνεσις.
1467 1586 1612 1656 Ὅρα
1642 1587 1773 1655 γοῦν

172 1662 295 1727 πῶς
350 1664 705 1733 ἠσφαλίσατο.
759 1666 947 1722 Είπὼν
988 1668 1120 1740 γάρ,
1171 1671 1294 1722 Οὐκ
1342 1668 1487 1723 ἐστέ
1513 1670 1767 1735 ἑαυτῶν,

170 1745 272 1797 οὑκ
295 1746 603 1817 ἐπήγαγεν,
648 1747 787 1802 Ἀλλ’
830 1750 924 1802 ὑπ’
958 1751 1207 1821 ἀνάγκην
1240 1751 1397 1815 ἐστὶ,
1426 1751 1564 1814 ἀλλ’.
1608 1753 1770 1823 Ἠνο-

164 1826 444 1894 ρὰσθητε
493 1830 689 1898 τιμῆς.
753 1831 855 1885 Διά
904 1833 959 1885 τί
1014 1833 1174 1886 τοῦτο
1236 1832 1454 1901 λέγεις;
1508 1834 1606 1888 καὶ
1658 1836 1768 1907 μὴν

170 1911 467 1982 ἑτέρωθεν,
510 1912 656 1968 είποι
698 1931 784 1974 τις
833 1915 901 1969 ἀν
944 1915 1097 1980 ἴσως,
1133 1915 1241 1969 εδει
1295 1916 1625 1988 προτρέψαι,
1657 1918 1766 1971 δεί-

170 1992 379 2045 κνύντα
412 1994 499 2047 δτι
540 1997 821 2066 Δεσπότην
865 1997 1083 2068 ἔχομεν.
1142 1998 1305 2052 Ἀλλὰ
1339 1999 1500 2052 τοῦτο
1530 1998 1632 2070 μέν
1671 2000 1767 2053 καὶ

168 2075 311 2145 πρὸς
332 2076 602 2148 Ἕλληνας
632 2080 765 2148 ἡμῖν
801 2080 1002 2145 κοινὸν,
1031 2080 1093 2133 τδ
1129 2081 1208 2141 δὲ,
1252 2081 1647 2151 Ἠτοράσθητε
1679 2101 1764 2136 τις

162 2155 310 2225 μῆς,
352 2159 512 2229 ἡμῶν
560 2160 859 2231 ἐξαίρετον.
905 2161 1343 2232 ’Δνομιμνήσκει
1392 2164 1502 2235 γάρ
1533 2165 1628 2217 τοῦ
1664 2184 1763 2236 με-

164 2247 363 2315 γέθους
386 2249 489 2319 τῆς
510 2252 829 2322 εὐεργεσίας
856 2254 952 2308 καὶ
975 2253 1070 2307 τοῦ
1098 2255 1302 2325 τρόπου
1334 2254 1436 2325 τῆς
1462 2260 1758 2327 σωτηρίας,

161 2331 386 2396 δεικνὺς
410 2334 494 2386 δτι
552 2335 1010 2407 ἀλλοτριωθέντες
1042 2337 1467 2410 ὴγοράσθημεν·
1519 2343 1614 2394 καὶ
1662 2340 1762 2412 οὑχ

163 2414 376 2477 ἀτελῶς,
403 2416 542 2470 ἀλλά
577 2418 765 2488 τιμῆς.
792 2419 1102 2484 Δοξὰσατε
1119 2420 1220 2489 δὴ,
1255 2421 1440 2488 ἄρατε
1466 2422 1575 2476 τὸν
1611 2425 1763 2477 Θεὸν

160 2496 232 2548 ἐν
265 2496 351 2563 τῷ
371 2498 601 2567 σώματι
625 2499 791 2570 ὑμῶν
814 2502 913 2555 καί
945 2503 1016 2556 ἐν
1042 2501 1122 2569 τῷ
1140 2505 1458 2573 inﬁgam.
1487 2506 1675 2561 Ταῦτα
1703 2507 1759 2561 δέ

161 2580 334 2647 λέγει,
367 2581 512 2636 ὥστε
554 2584 631 2654 μὴ
671 2583 753 2655 τῷ
781 2585 998 2655 σώματι
1030 2587 1193 2657 μόνον
1236 2587 1460 2656 φεύγειν
1487 2589 1588 2660 τὴν
1619 2608 1757 2661 πορν

159 2665 337 2725 νείαν,
380 2664 519 2719 ἀλλά
556 2668 650 2719 καὶ
691 2671 750 2719 ἐν
781 2667 939 2739 [154]
976 2669 1056 2739 τῷ
1108 2670 1385 2740 πνεύματι
1432 2671 1535 2740 τῆς
1577 2674 1757 2743 ψυχῆς

159 2747 333 2816 μηδὲν
390 2748 628 2817 πονηρὸν
667 2748 980 2817 λογίζεσθαι
1024 2751 1121 2804 καὶ
1167 2750 1415 2805 ἐλαύνειν
1444 2753 1547 2824 τὴν
1572 2757 1751 2824 χάριν.

157 2828 365 2882 Ἀτινά
389 2830 525 2883 ἐστι
562 2832 673 2885 τοῦ
712 2832 883 2887 Θεοῦ.
924 2833 1147 2906 Ἐπειδὴ
1175 2835 1287 2906 γάρ
1314 2832 1490 2901 εἷπεν,
1536 2836 1751 2907 ’Υμῶη

151 2912 240 2965 διά
268 2913 436 2966 τοῦτο
454 2915 758 2984 ἐπήγαγεν,
782 2916 984 2970 Ἀτινά
1009 2917 1143 2971 ἐστι
1170 2916 1280 2971 τοῦ
1311 2918 1484 2981 Θεοῦ,
1513 2922 1753 2992 συνεχῶς

150 2998 597 3068 ἀναμιμνήσκων
617 3001 789 3069 ημᾶς,
812 3000 895 3054 ὅτι
920 3001 1102 3055 πάντα
1121 3003 1448 3068 Δεσποτικά,
1474 3004 1570 3058 καὶ
1592 3004 1751 3076 σῶμα

149 3081 248 3132 καὶ
276 3079 432 3150 ψυχὴ
455 3083 546 3134 καὶ
571 3081 813 3151 πνεῦμα.
842 3084 954 3136 Kal
973 3085 1083 3153 γάρ
1111 3086 1256 3148 τινές
1276 3103 1432 3154 φασι,
1455 3086 1537 3152 Τῷ
1564 3089 1749 3143 πνεύ-

142 3176 313 3227 ματι,
352 3161 434 3231 τῷ
465 3164 766 3235 χαρίσματι
798 3164 998 3234 λέγειν.
1037 3168 1135 3219 “Av
1172 3167 1282 3237 γὰρ
1311 3171 1489 3223 ἐκεῖνο
1530 3165 1566 3241 ᾗ
1616 3173 1751 3242 παρ’

147 3247 308 3314 ἡμῖν,
359 3244 647 3311 δοξάζεται
687 3248 717 3299 6
740 3248 903 3313 Θεός·
937 3251 1089 3303 ἐσται
1122 3251 1204 3312 δὲ,
1238 3251 1305 3304 ἂν
1334 3252 1585 3323 καθαρὰν
1616 3271 1751 3324 καρ-

145 3326 268 3379 δίαν
308 3328 547 3399 ἔχωμεν.
580 3329 689 3384 Τοῦ
713 3329 851 3384 Θεοῦ
881 3331 938 3385 δέ
970 3333 1112 3387 αὑτά
1153 3333 1377 3403 ἔφησεν,
1419 3336 1521 3388 οὑκ
1559 3336 1749 3409 ἐπειδὴ

145 3411 480 3479 παρήγαγεν
531 3412 672 3467 αὑτά
709 3414 894 3483 μόνον,
940 3415 1056 3469 ἀλλ’
1102 3413 1295 3486 ἐπειδὴ
1328 3417 1422 3470 καὶ
1460 3417 1749 3490 ἀλλοτριω-

147 3490 335 3553 θέντα,
374 3494 442 3545 ἐκ
473 3494 730 3567 δευτέρου
763 3497 928 3551 πάλιν
961 3498 1254 3570 ἐκτήσατο,
1297 3501 1465 3571 τιμὴν
1505 3503 1567 3553 τὸ
1607 3498 1746 3574 αἷμα

144 3574 241 3625 τοῦ
277 3574 479 3637 Παιδὸς
515 3579 796 3642 καταθείς.
849 3579 993 3650 Ὅρα
1022 3580 1141 3644 πῶς
1168 3583 1249 3644 είς
1294 3582 1385 3635 τὸν
1414 3584 1652 3652 Χριστὸν
1685 3585 1746 3638 τδ

147 3657 259 3743 πάν
288 3658 566 3743 ἀπηρτισε
584 3676 599 3689 ·
632 3660 750 3723 πῶς
794 3664 943 3731 ἡμᾶς
973 3665 1053 3725 είς
1080 3664 1173 3716 τὸν
1201 3664 1433 3735 οὐρανὸν
1473 3666 1743 3743 ἀνήγαγε.

148 3739 305 3810 Μέλη
328 3741 426 3794 τοῦ
469 3743 711 3813 Χριστοῦ
753 3746 901 3807 ἐστε,
928 3747 1083 3815 φησὶ,
1121 3747 1251 3809 ναός
1283 3750 1407 3800 ἐστε
1445 3749 1541 3802 τοῦ
1568 3739 1740 3805 Πνεύο

148 3839 358 3892 ματος·
416 3826 492 3895 μὴ
535 3824 719 3880 τοίνυν
756 3828 973 3892 γίνεσθε
996 3828 1204 3899 πόρνης
1241 3828 1411 3901 μέλη·
1450 3833 1513 3884 οὑ
1544 3835 1655 3903 γάρ
1679 3836 1743 3888 τὸ

144 3906 311 3977 σῶμα
354 3907 419 3959 τὸ
466 3909 622 3980 ὑμῶν
673 3910 991 3980 ὑϐρίζεται·
1038 3910 1100 3964 οὑ
1137 3912 1249 3982 γάρ
1288 3912 1351 3965 τὺ
1380 3912 1543 3984 σῶμα
1586 3916 1742 3986 ὑμῶν

142 3990 316 4052 ἐστιν,
342 3990 483 4043 ἀλλά
520 3993 615 4046 τοῦ
640 3992 902 4064 Χριστοῦ.
943 3992 1129 4048 Ταῦτα
1151 3994 1209 4049 δέ
1242 3995 1450 4063 ἔλεγεν,
1474 3997 1610 4069 ὁμοῦ
1651 4002 1743 4054 καὶ

138 4074 241 4143 τὴν
280 4074 699 4145 φιλανθρωπίαν
729 4075 1161 4146 ἐνδεικνύμενος,
1187 4078 1270 4131 ὅτι
1294 4078 1462 4133 αὑτοῦ
1494 4081 1555 4134 τὸ
1581 4082 1740 4152 σῶμα

140 4157 205 4209 τὸ
248 4157 550 4228 ἡμέτερον,
591 4160 688 4211 καὶ
740 4159 840 4229 τῆς
880 4159 1131 4226 ἐξουσίας
1168 4160 1272 4231 τῆς
1313 4164 1559 4233 πονηρᾶς
1592 4166 1740 4235 ἡμᾶς

141 4239 574 4310 ἀφαιρούμενος.
625 4242 688 4294 El
732 4242 842 4310 γὰρ
875 4242 1158 4313 ἀλλότριόν
1199 4245 1314 4296 ἐστι
1336 4245 1399 4297 τὸ
1427 4246 1607 4316 σῶμα,
1638 4250 1739 4302 οὑκ

140 4322 301 4390 ἔχετε
342 4323 595 4387 ἐξουσίαν
620 4324 902 4396 ἀλλότριον
943 4324 1108 4395 σῶμα
1158 4326 1424 4397 ὑϐρίζειν,
1457 4329 1611 4397 φησὶ,
1645 4331 1741 4383 καὶ

142 4404 398 4472 μάλιστα
444 4407 575 4459 ὅταν
603 4401 1020 4479 ᾖΔεσποτικδν,
1050 4406 1171 4461 οὐδὲ
1200 4408 1327 4463 ναὸν
1361 4410 1613 4479 μολύνειν
1646 4408 1739 4465 τοῦ

141 4486 491 4557 Πνεύματος.
524 4489 587 4542 Εἰ
616 4490 725 4559 γάρ
755 4488 998 4560 ίδιωτικῇ
1035 4506 1120 4553 τις
1152 4491 1395 4543 ἐπελθὼν
1433 4494 1603 4565 οἰκίᾳ,
1646 4497 1740 4547 καὶ

143 4571 415 4640 κωμάσας
448 4573 529 4635 είς
562 4574 802 4643 ἐκείνην,
852 4574 954 4644 τὴν
1009 4575 1247 4644 ἐσχάτην
1280 4574 1441 4627 δώσει
1485 4576 1678 4647 δίκην·
1709 4578 1738 4629 6

142 4654 415 4723 βασιλέως
442 4656 573 4710 ναὸν
618 4656 819 4730 λῃστοῦ
860 4658 1031 4710 ποιῶν
1079 4656 1449 4726 καταγώγιον,
1482 4660 1737 4729 ἐννόησον

139 4738 288 4791 πόσα
318 4739 569 4793 πείσεται
598 4742 765 4794 κακά.
791 4740 981 4794 Ταῦτα
1011 4737 1106 4795 οὖν
1142 4744 1423 4812 ἐννοήσας,
1457 4743 1736 4815 αἰδέσθητι

136 4822 229 4874 τὸν
276 4819 639 4877 ἐνοικοῦντα·
694 4826 723 4876 6
777 4824 885 4897 γάρ
931 4825 1293 4895 Παράκλητός
1352 4826 1500 4877 ἐστιν
1546 4820 1733 4890 οὗτος·

137 4904 335 4974 φρῖξον
380 4905 472 4957 τὸν
520 4907 1018 4977 συμπεπλεγμένον
1051 4926 1134 4961 σοι
1173 4909 1269 4962 καὶ
1304 4908 1732 4975 κεκολλημένον·

135 4990 164 5040 6
192 4989 307 5060 γάρ
338 4990 577 5061 Χριστός
609 4994 747 5046 ἐστι.
776 4992 868 5063 Μὴ
914 4991 1022 5064 γάρ
1055 4992 1119 5045 σὺ
1151 4992 1285 5063 μέλη
1336 4991 1573 5061 Χριστοῦ
1604 4994 1731 5046 ἐαυ-

135 5070 230 5123 τὸν
257 5073 563 5143 ἐποίησαςς
607 5073 894 5144 Ἐννόησον
927 5074 1093 5137 οὕτω,
1125 5076 1218 5128 καὶ
1250 5075 1381 5144 μένε
1414 5075 1727 5145 σωφρονῶν,

137 5152 284 5217 τίνος
315 5150 385 5225 ἦν
416 5156 553 5226 μέλη
581 5168 628 5222 ι,
662 5157 758 5210 καὶ
801 5158 947 5221 τίνος
979 5158 1193 5227 γέγονε.
1226 5158 1444 5229 Πόρνης
1491 5153 1561 5226 ἦν
1593 5159 1731 5230 μέλη

139 5235 249 5305 πρὸ
286 5236 508 5302 τούτου,
539 5241 635 5293 καὶ
680 5243 709 5293 6
737 5241 975 5311 Χριστὸς
1005 5240 1262 5311 ἐποίησεν
1294 5238 1437 5293 αύτά
1467 5238 1606 5309 μέλη
1637 5240 1733 5293 τοῦ

140 5318 274 5372 ἰδίου
327 5318 605 5388 σώματος.
638 5323 754 5377 Οὐκ
784 5325 894 5390 άρα
939 5324 1121 5377 αὑτῶν
1150 5322 1401 5388 ἐξουσίαν
1443 5322 1587 5392 ἔχεις
1618 5322 1732 5377 λοι-

138 5401 272 5453 πόν·
299 5400 497 5470 ἐκείνῳ
516 5401 735 5456 δούλευε
768 5406 845 5476 τῷ
872 5405 1325 5477 ἐλευθερώσαντι.
1354 5404 1492 5459 υὺδὲ
1520 5405 1609 5475 γάί
1643 5451 1651 5468 ,
1684 5409 1733 5461 εί

140 5482 425 5555 θυγατέρα
454 5484 618 5555 ἔχων,
648 5488 713 5539 ἐκ
739 5489 942 5559 πολλῆς
985 5489 1086 5559 τῆς
1128 5488 1315 5552 ἀνοίας
1354 5488 1733 5558 ἐξεμίσθωσας

137 5565 315 5637 αὑτὴν
371 5566 764 5638 πορνοϐοσκῷ,
818 5571 1179 5642 πορνεύεσθαι
1243 5571 1543 5643 ἐποίησας,
1611 5570 1733 5628 εἶτα

143 5647 411 5713 βασιλέως
460 5651 576 5713 υίὸς
627 5648 841 5722 παριὼν
897 5652 1240 5725 ἠλευθέρωσέ
1297 5672 1355 5708 τε
1407 5655 1577 5726 αὐτὴν
1632 5660 1733 5727 τῆς

138 5728 385 5793 δουλείας
411 5735 627 5804 ἐκείνης
665 5735 760 5788 καὶ
803 5735 1040 5805 συνῆψεν
1078 5738 1277 5809 ἐαυτῷ,
1312 5738 1502 5807 κύριος
1532 5734 1583 5791 εἷ
1622 5739 1733 5791 λοι-

206 5896 231 5923 ⁸
264 5893 426 5945 lore]
453 5933 466 5957 ,
485 5899 610 5955 τίνος
634 5901 717 5949 οὖν
737 5901 874 5963 μέλη.

1879 1084 1910 1135 6
1952 1085 2208 1138 κωλύων·
2263 1086 2360 1139 ἐὰν
2400 1087 2458 1140 δὲ
2506 1089 2600 1141 ἐπὶ
2635 1087 2704 1141 τά
2744 1088 2989 1160 πρότερα
3033 1090 3268 1161 ἀγάγῃς,
3307 1091 3473 1163 πείσῃ

1878 1168 1947 1220 τὰ
2000 1170 2158 1234 αὐτὰ,
2212 1172 2250 1224 ἀ
2301 1172 2428 1242 τοὺς
2474 1172 2703 1224 τοιαῦτα
2753 1172 3081 1242 ὑϐρίζοντας
3133 1173 3301 1237 εἰκός.
3380 1175 3477 1227 Διὸ

1881 1250 2082 1319 μᾶλλον
2120 1252 2294 1322 αὐτὴν
2328 1239 2700 1326 κατακοσμεῖν
2730 1239 2860 1326 χρη,
2901 1255 3025 1325 οὐχὶ
3059 1254 3466 1325 καταισχύνειν.

1877 1336 1954 1387 Οὑ
1982 1336 2090 1407 γὰρ
2131 1336 2275 1406 ἔχεις
2306 1336 2557 1403 ἐξουσίαν
2584 1338 2687 1407 τῆς
2728 1338 2934 1408 σαρκὸς
2963 1340 3021 1389 ἐν
3058 1341 3178 1401 ταῖς
3205 1342 3471 1409 πονηραῖς

1875 1416 2222 1487 ἐπιθυμίαις,
2257 1419 2376 1470 ἀλλ’
2417 1420 2477 1471 ἐν
2525 1415 2606 1483 οἷς
2652 1419 2719 1473 ἀν
2749 1422 2778 1472 6
2822 1419 2955 1482 Θεὸς
2984 1420 3216 1492 ἐπιτάξῃ
3258 1421 3466 1488 μόνοις.

1886 1498 2171 1571 Ἐννόησον
2219 1499 2349 1568 γοῦν
2391 1502 2589 1572 ἡλίκης
2635 1502 2807 1572 αὑτὴν
2841 1501 3055 1573 ῦϐρεως
3092 1501 3405 1573 ἀπήλλαξεν
3435 1505 3469 1550 6

1871 1579 2034 1644 Θεός·
2091 1582 2185 1635 καὶ
2230 1584 2341 1655 γὰρ
2399 1586 2581 1654 πάσης
2635 1584 2841 1655 πόρνης
2874 1585 3228 1655 αἰσχρότερον
3277 1602 3465 1657 προει-

1872 1664 2063 1733 στήκει
2116 1665 2152 1734 η
2211 1664 2373 1733 φύσις
2430 1668 2466 1735 η
2514 1667 2764 1737 ἡμετέρα
2814 1666 2923 1738 πρὸ
2960 1666 3176 1720 τούτου.
3215 1668 3326 1719 Καὶ
3354 1666 3467 1739 γάρ

1867 1746 2111 1817 λῃστεῖαι
2156 1748 2253 1800 καὶ
2300 1748 2670 1820 ἀνδροφονίαι,
2722 1749 2817 1802 καὶ
2872 1750 3104 1814 ἕκαστος
3144 1750 3465 1821 παράνομος

1867 1825 2130 1898 λογισμὸς
2185 1829 2324 1900 πρὸς
2375 1828 2546 1899 αὐτὴν
2599 1832 2809 1895 είσιὼν,
2877 1832 3336 1894 συγκατεκλίνετο
3390 1834 3463 1901 τῇ

1863 1909 2031 1982 ψυχῇ,
2085 1912 2181 1965 καὶ¹
2232 1911 2590 1981 μισθώματος
2646 1913 2830 1981 ὀλίγου
2885 1915 2983 1968 καὶ
3030 1913 3128 1967 τοῦ
3182 1914 3461 1983 τυχόντος,

1864 1994 1963 2065 τῆς
2002 1994 2289 2067 παρούσης
2325 1996 2545 2065 ἡδονῆς.
2588 1996 2651 2051 Ἦ
2686 1997 2795 2069 γὰρ
2829 1996 2978 2068 ψυχὴ
3003 1997 3286 2068 φυρομένη
3320 1998 3463 2067 μετά

1862 2076 1974 2129 τῶν
2018 2077 2275 2149 πονηρῶν
2317 2077 2541 2131 ἐννοιῶν
2597 2079 2694 2133 καὶ
2738 2079 3015 2153 πράξεων,
3062 2080 3251 2133 τοῦτον
3294 2081 3466 2149 lup-

1865 2158 2032 2213 ποῦτο
2066 2160 2232 2231 μόνον
2250 2159 2346 2213 τὸν
2372 2160 2583 2231 μισθόν.

1929 2332 1999 2401 γ’.
2021 2332 2173 2406 [155]
2205 2334 2368 2391 Ἀλλά
2400 2336 2463 2389 τὸ
2494 2336 2596 2408 μὲν
2642 2338 2750 2407 πρὸ
2769 2339 2962 2392 τούτου
3000 2339 3174 2394 ταῦτα
3212 2342 3459 2412 γίνεσθαι

1858 2415 2036 2468 καίτοι
2063 2415 2237 2469 δεινὸν
2256 2416 2337 2481 δν,
2365 2418 2466 2488 οὑχ
2506 2417 2653 2473 οῦτω
2679 2420 2854 2475 δεινὸν
2879 2414 2949 2493 ἦν
2967 2438 2984 2455 ·
3021 2421 3085 2476 τὸ
3112 2423 3170 2477 δέ
3199 2423 3347 2495 μετᾶ
3360 2427 3459 2480 τὸν

1855 2498 2107 2567 οὐρανὸν,
2139 2498 2279 2569 μετά
2302 2500 2371 2553 τά
2401 2500 2670 2571 βασίλεια,
2714 2502 2855 2573 μετά
2891 2504 2952 2557 τὸ
2979 2504 3090 2559 τῶν
3131 2509 3455 2579 μυστηρίων

1855 2580 2163 2635 ἀπολαῦσαι
2221 2579 2334 2635 τῶν
2377 2583 2626 2652 φρικτῶν
2681 2584 2845 2638 πάλιν
2893 2585 3245 2656 μολύνεσθαι,
3293 2589 3459 2643 ποίαν

1856 2664 1967 2731 ἔξει
2010 2664 2377 2736 συγγνώμηνς
2424 2660 2502 2718 Ἥ
2546 2668 2649 2720 οὑκ
2682 2666 2789 2720 οῐει
2819 2669 2914 2721 καὶ
2957 2672 3070 2732 τοῖς
3102 2670 3456 2737 πλεονέκταις

1856 2750 1963 2821 καὶ,
1986 2749 2175 2811 πᾶσιν,
2215 2743 2298 2812 οἷς
2336 2747 2648 2820 ἐμπροσθεν
2692 2751 3118 2822 ἀπηρίθμησεν,
3158 2753 3324 2806 αὑτὸν
3357 2755 3455 2809 τὸν

1852 2829 2101 2883 διάϐολον
2130 2832 2699 2898 συγκατακλίνεσθαις
2733 2832 2831 2896 τὰς
2865 2833 2923 2887 δέ
2953 2834 3451 2907 καλλωπιζομένας

1853 2912 1989 2984 πρὸς
2017 2912 2315 2980 ἀσέλγειαν
2342 2916 2612 2979 γυναῖκας
2655 2915 2755 2984 οὑχ
2805 2918 2912 2986 ἡγῇ
2961 2916 3080 2986 μετ’
3121 2918 3332 2972 ἐκείνου
3360 2916 3450 2989 μίέ

1850 2994 2121 3064 γνυσθαι;
2174 2995 2270 3049 καὶ
2324 2996 2409 3059 τίς
2461 2996 2682 3066 ἀντερεῖ
2724 2997 2904 3068 τούτῳ
2953 2998 3033 3067 τῷ
3071 2997 3253 3068 λόγῳ;
3293 3000 3355 3054 El
3386 3000 3449 3054 δδ

1851 3078 1967 3132 ἐστι
1997 3095 2082 3142 τις
2134 3077 2477 3148 φιλονεικῶν,
2516 3078 2801 3133 ἀποδυέτω
2842 3080 2942 3151 τὴν
2990 3080 3170 3152 ψυχὴν
3213 3083 3324 3135 τῶν
3376 3084 3449 3137 τά

1847 3160 2076 3215 τοιαῦτα
2107 3161 2536 3233 ἀσχημονουσῶν
2561 3162 2861 3231 γυναικῶν,
2887 3164 2982 3216 καὶ
3009 3162 3197 3232 ὄψεται
3227 3164 3449 3229 πάντως

1847 3244 1939 3297 τὸν
1978 3246 2216 3315 πονηρὸν
2244 3245 2477 3315 δαίμονα
2506 3247 2715 3299 ἐκεῖνον
2738 3244 2985 3315 σφοδρῶς
3016 3247 3445 3319 συμπεπλεγμέ-

1847 3344 1938 3380 νον
1964 3328 2175 3389 αὑταῖς.
2207 3328 2477 3381 Δύσκολον
2499 3328 2631 3397 γάρ,
2657 3328 2957 3397 ἀγαπητοὶ,
2990 3328 3270 3394 δύσκολον,
3301 3332 3448 3401 τάχα

1846 3408 1904 3462 δὲ
1920 3410 2014 3463 καὶ
2040 3411 2341 3481 ἀμήχανον,
2368 3409 2463 3462 τοῦ
2488 3409 2741 3479 σώματος
2766 3408 3247 3478 καλλωπιζομένου
3277 3411 3443 3475 οὕτω,

1846 3493 1943 3546 καὶ
1978 3492 2077 3562 τὴν
2129 3493 2309 3564 ψυχὴν
2356 3491 2493 3563 ὁμοῦ
2537 3491 2979 3556 καλλωπίζεσθαι
3014 3510 3029 3523 ·
3071 3492 3185 3547 ἀλλ’
3225 3495 3443 3567 ἀνάγκη

1847 3574 2079 3647 θάτερον
2104 3574 2447 3647 ἀμελεῖσθαι,
2483 3575 2914 3646 ἐπιμελουμένου
2942 3576 3203 3647 θατέρου·
3239 3578 3300 3629 οὑ
3329 3577 3440 3650 γὰρ

1848 3659 1961 3727 ἔχει
1987 3660 2150 3728 φύσιν
2176 3660 2313 3729 ὁμοῦ
2348 3659 2523 3712 ταῦτα
2553 3659 2820 3727 γίνεσθαι.
2850 3660 2943 3711 Διό
2976 3678 3163 3730 φησιν·
3210 3660 3275 3714 '0
3300 3666 3442 3715 κολ-

1846 3742 2115 3810 λώμενος
2150 3742 2225 3810 τῇ
2256 3744 2473 3811 πόρνῃ,
2510 3742 2582 3795 ἐν
2608 3742 2782 3811 σῶμά
2817 3744 2993 3795 ἐστιν
3013 3762 3025 3774 ·
3060 3747 3093 3797 ό
3118 3743 3187 3796 δὲ
3220 3744 3443 3798 κολλώ-

1840 3842 2027 3893 μενος
2081 3824 2162 3889 τῷ
2204 3826 2423 3893 Κυρίῳ,
2475 3824 2547 3878 ἐν
2597 3824 2837 3894 πνεῦμά
2869 3825 3021 3878 ἐστι.
3054 3825 3279 3896 Πνεῦμα
3329 3827 3442 3898 γάρ

1843 3910 2054 3978 γίνεται
2102 3908 2293 3962 λοιπὸν
2331 3910 2359 3961 6
2408 3908 2674 3971 τοιοῦτος,
2730 3909 2832 3961 κᾶν
2882 3908 3045 3977 σῶμα
3099 3911 3435 3979 περίκειται.

1844 3992 2013 4045 Ὅταν
2038 3992 2147 4063 γὰρ
2181 3992 2348 4063 μηδὲν
2380 3991 2692 4061 σωματικὸν
2734 3990 2871 4061 μηδὲ
2904 3991 3050 4060 παχὺ
3082 3991 3217 4060 μηδὲ
3248 3992 3438 4061 γήϊνον

1840 4076 1970 4145 περὶ
2014 4076 2179 4128 αὑτὸν
2209 4070 2264 4146 ᾖ,
2298 4074 2486 4137 ἁπλῶς
2526 4075 2586 4127 τὸ
2636 4073 2797 4144 σῶμα
2854 4074 3163 4144 περίκειται
3198 4090 3211 4102 ·
3239 4075 3368 4125 ὅταν
3401 4078 3436 4144 ἡ

1842 4158 1993 4209 πάσα
2028 4155 2175 4227 ἀρχὴ
2216 4156 2317 4225 τῆς
2344 4155 2527 4225 ψυχῆς
2629 4158 2723 4208 καὶ
2770 4154 2865 4208 τοῦ
2909 4155 3244 4224 πνεύματος,
3290 4156 3436 4209 οὕτω

1840 4240 2122 4306 δοξάζεται
2152 4242 2181 4293 6
2213 4240 2368 4302 Θεός.
2417 4240 2508 4293 Διὸ
2553 4241 2646 4293 καὶ
2692 4243 2749 4292 ἐν
2788 4242 2854 4309 τῇ
2911 4240 3043 4309 εὑχῇ
3099 4239 3434 4308 κελευόμεθα

1842 4324 2041 4392 λέγειν·
2086 4324 2444 4393 Ἁγιασθήτω
2484 4323 2551 4377 τὸ
2578 4323 2765 4391 ὄνομά
2794 4339 2911 4375 σου
2939 4339 2954 4351 ·
2996 4322 3093 4375 καὶ
3134 4324 3166 4373 ό
3198 4322 3433 4391 Χριστός

1843 4422 1997 4475 φησι·
2030 4406 2333 4475 Λαμψάτω
2360 4406 2428 4459 τι)
2461 4405 2589 4472 φῶς
2616 4405 2785 4474 ὑμῶν
2811 4404 3155 4473 ἔμπροσθεν
3176 4404 3293 4457 τῶν
3324 4405 3433 4459 dr-

1841 4489 2111 4557 θρώπων,
2142 4489 2303 4554 ὅπως
2332 4488 2504 4542 ιδωσι
2536 4491 2610 4542 τὰ
2638 4490 2794 4542 καλὰ
2826 4489 2972 4557 ἔργα
2995 4485 3183 4555 ὑμῶν,
3217 4488 3314 4540 καὶ
3338 4488 3431 4541 δυο

1839 4571 2075 4634 ξάσωσι
2113 4571 2222 4623 τὸν
2263 4572 2497 4638 Πατέρα
2532 4569 2701 4639 ὑμῶν
2727 4571 2835 4623 τὸν
2878 4572 2947 4623 ἐν
2973 4570 3096 4635 τοῖς
3128 4570 3426 4637 οὐρανοῖς.

1839 4654 1998 4707 Οὕτω
2038 4652 2357 4718 δοξάζουσιν
2400 4655 2565 4708 αὑτὸν
2621 4655 2718 4706 καὶ
2755 4656 2804 4706 οί
2847 4655 3097 4725 οὐρανοὶ,
3139 4655 3200 4705 ού
3244 4653 3428 4724 φωνην

1837 4738 2113 4804 ἀφιέντες,
2144 4736 2281 4789 ἀλλά
2304 4736 2395 4789 διὰ
2429 4738 2524 4806 τῆς
2552 4736 2727 4805 ὅψεως
2761 4737 3185 4806 θαυμαζόμενοι,
3216 4738 3307 4788 καὶ
3329 4738 3428 4807 τὴν

1835 4818 1993 4885 δόξαν
2026 4820 2106 4881 είς
2142 4819 2235 4871 τὸν
2266 4819 2611 4889 Δημιουργὸν
2651 4820 3036 4888 ἀναφέροντες.
3076 4818 3233 4871 Οῦτω
3267 4818 3425 4885 605a-

1838 4916 2022 4970 σωμεν
2042 4900 2203 4953 αὑτὸν
2224 4901 2319 4952 καὶ
2347 4903 2529 4970 ἡμεῖς,
2552 4902 2752 4972 μᾶλλον
2781 4901 2837 4954 δὲ
2867 4903 2964 4955 καὶ
2986 4902 3147 4954 πλέον
3167 4900 3393 4954 ἐκείνων
3407 4919 3423 4935 ·

1836 4982 2115 5053 δυνάμεθα
2149 4983 2277 5054 γὰρ,
2313 4983 2380 5036 ἂν
2410 4983 2702 5054 ἐθέλωμεν.
2738 4986 2812 5037 Οὐ
2843 4984 2953 5055 γάρ
2980 4983 3153 5046 οὕτως
3195 4985 3426 5055 οὐρανὸς

1836 5066 1930 5119 καὶ
1952 5066 2137 5138 ἡμέρα
2161 5069 2256 5119 καὶ
2286 5066 2404 5131 νὺξ,
2436 5066 2513 5131 ὡς
2545 5069 2675 5135 ἀγία
2706 5068 2856 5139 ψυχὴ
2878 5068 3090 5133 δοξάζει
3114 5068 3263 5121 Θεόν.
3292 5069 3425 5122 Ὠσ-

1835 5163 1944 5221 περ
1966 5149 2075 5219 γάρ
2098 5150 2179 5211 είς
2207 5148 2267 5201 τὸ
2286 5148 2481 5211 κάλλος
2507 5151 2601 5203 τοῦ
2622 5153 2852 5223 ούρανοῦ
2880 5169 2962 5213 τις
2983 5150 3224 5221 ἀφορῶν,
3251 5150 3419 5219 λέγει·

1834 5232 1971 5295 Δόξα
2003 5248 2107 5294 σοι,
2136 5233 2166 5283 ὁ
2201 5230 2355 5295 Θεὸς,
2400 5233 2513 5285 οίον
2552 5232 2712 5303 ἔργον
2742 5234 2962 5296 ἔκτισας
2984 5248 2997 5260 ·
3027 5233 3173 5286 οῦτω
3214 5233 3279 5302 δὴ
3326 5235 3421 5286 καὶ

1835 5318 1914 5377 είς
1939 5313 2134 5384 ἀνδρὸς
2158 5314 2363 5385 ἀρετὴν
2390 5314 2625 5384 βλέπων,
2654 5315 2749 5369 καὶ
2779 5315 2958 5385 πολλῷ
2974 5315 3133 5368 πλέον
3161 5315 3415 5370 ἐνταῦθα.

1866 5398 1971 5449 Απ*
1999 5396 2225 5449 ἐκείνων
2252 5396 2351 5465 μέν
2383 5397 2494 5466 γὰρ
2517 5397 2625 5450 τῶν
2663 5398 2980 5468 κτισμάτων
3011 5398 3073 5449 οὑ
3110 5398 3313 5458 πάντες
3336 5397 3422 5448 δο-

1836 5478 2108 5543 ξάζουσιν,
2145 5477 2280 5530 ἀλλὰ
2309 5478 2493 5531 πολλοὶ
2519 5480 2612 5533 καὶ
2639 5481 2924 5549 αὐτόματα
2947 5475 3088 5532 εἶναι
3113 5479 3329 5546 λέγουσι
3350 5480 3421 5532 τά

1833 5564 1961 5615 ὄντα
1983 5577 1995 5590 ·
2032 5560 2181 5613 ἄλλοι
2216 5560 2275 5612 δέ
2306 5561 2401 5614 καὶ
2449 5562 2698 5631 δαίμοσιν
2738 5561 3057 5616 ἀνατιθέασι
3089 5559 3183 5613 τοῦ
3212 5558 3420 5629 κόσμου

1832 5646 1933 5714 τὴν
1966 5643 2329 5714 δημιουργίαν
2375 5648 2470 5698 καὶ
2520 5646 2617 5717 τὴν
2665 5647 2943 5715 πρόνοιαν,
2977 5646 3027 5698 οἶ
3074 5645 3168 5697 καὶ
3214 5643 3419 5716 σφόδρα

1835 5727 2201 5795 άσύγγνωστα
2230 5728 2634 5798 ἁμαρτάνουσιν
2659 5747 2673 5760 ·
2706 5732 2799 5783 ἐπὶ
2818 5731 2875 5783 δὲ
2893 5727 3186 5799 ’ἀνθρώπου
3216 5727 3420 5798 ἀρετῆς

1836 5810 2010 5871 οὐδεὶς
2036 5809 2262 5862 τοιαῦτα
2297 5813 2726 5883 ἀναισχυντῆσαι
2767 5813 3074 5881 δυνήσεται,
3105 5809 3242 5864 ἀλλά
3282 5813 3420 5865 πάνυ

1841 5912 1944 5957 τως
1986 5891 2198 5957 δοξάσει
2242 5893 2330 5945 τὸν
2379 5894 2533 5963 Θεὸν,
2584 5897 2675 5950 τὸν
2725 5894 3045 5949 δουλεύοντα
3088 5894 3235 5965 αὑτῷ
3283 5896 3421 5963 μετά
