4070 6322
320 314 418 369 ιω

315 433 461 499 tiam,
484 434 630 504 quod
657 442 937 504 peccatum
960 434 1049 490 vix
1076 434 1284 489 veniam
1312 434 1555 487 admittat
1586 452 1597 486 :
1629 435 1768 486 circa
1799 433 1906 486 vir-

312 535 479 579 tatem
519 534 707 581 autem
754 525 1023 591 hominis,
1058 542 1215 581 nemo
1250 528 1328 580 sic
1367 525 1703 594 impudenter
1748 539 1908 594 agere

314 617 531 684 poterit,
551 600 646 671 sed
669 620 890 671 omnino
910 618 1231 688 glorificahit
1254 618 1442 679 Deum,
1465 616 1590 669 dum
1616 616 1760 669 videt
1783 630 1905 669 eum

311 707 401 771 qui
436 707 547 760 Deo
577 708 743 761 servit
770 720 958 763 sancte
1004 713 1293 762 viventem.
1334 708 1464 775 Quis
1493 708 1632 761 enim
1672 722 1777 759 non
1806 706 1905 759 ob-

312 809 605 869 stupescet,
652 800 867 869 quando
908 802 1204 871 quispiam,
1238 800 1398 853 homo
1421 814 1540 853 cum
1569 800 1636 851 sit
1661 813 1902 851 commu-

313 889 503 956 nisque
526 900 732 944 natttrae
762 893 1051 960 particeps,
1079 892 1129 944 in
1160 892 1456 959 mediisque
1484 903 1702 943 versans
1733 888 1904 941 homi-

310 979 470 1033 nibus
496 1026 510 1045 ,
541 981 681 1034 sicut
708 982 947 1045 adamas,
998 1000 1102 1036 non
1147 982 1477 1035 convertitur
1503 979 1564 1032 ad
1597 980 1900 1047 passionum

308 1072 551 1139 agmen?
577 1090 699 1128 cum
732 1074 869 1127 inter
916 1075 1089 1143 ignem
1118 1086 1172 1129 et
1200 1074 1397 1127 ferrmn
1420 1084 1474 1127 et
1506 1072 1641 1125 feras
1683 1085 1901 1125 versans

307 1160 598 1216 adamante
640 1164 827 1218 fortior
866 1175 966 1227 est,
998 1174 1049 1219 et
1080 1180 1173 1233 per
1217 1164 1428 1233 pietatis
1473 1162 1692 1215 verbum
1735 1162 1898 1214 ratio-

306 1264 543 1320 nemque
570 1255 750 1307 omnia
778 1254 1139 1322 superaverit?
1164 1253 1376 1321 quando
1406 1252 1608 1319 probris
1644 1252 1893 1315 afficitur,

304 1354 362 1395 et
389 1343 702 1399 lienedicit?
732 1346 942 1415 quando
988 1348 1124 1400 male
1170 1346 1314 1398 attdit
1354 1355 1406 1397 et
1449 1345 1657 1397 laudat?
1686 1344 1896 1410 quando

305 1438 553 1491 molestia
586 1440 633 1492 ei
661 1450 893 1501 creatur,
918 1448 971 1491 et
994 1439 1081 1491 ille
1109 1448 1222 1489 orat
1252 1452 1347 1504 pro
1377 1437 1438 1488 iis
1468 1436 1555 1504 qui
1586 1451 1763 1489 secum
1791 1436 1894 1488 iui—

302 1542 412 1594 que
433 1530 635 1595 agunt?
656 1528 869 1597 quando
895 1530 1101 1582 insidiis
1121 1530 1405 1596 appetitur,
1426 1538 1476 1580 et
1501 1528 1612 1594 ipse
1639 1526 1892 1579 beneficia

303 1627 526 1685 prmsut
577 1619 975 1673 insidiatoribus
1002 1630 1055 1673 et
1080 1619 1433 1671 adversariis?
1476 1619 1596 1671 ||a~c
1621 1627 1673 1671 ct
1700 1618 1890 1669 similia

301 1706 477 1777 magis
512 1725 672 1776 quam
712 1711 828 1763 cadi
869 1709 1167 1779 gloriﬁcant
1210 1710 1394 1762 Deum.
1444 1709 1615 1762 Grmci
1663 1724 1892 1776 namque

298 1800 492 1853 cmlum
547 1800 824 1863 videntes,
855 1816 960 1854 non
1011 1800 1212 1869 pudore
1258 1798 1593 1859 afﬁciuntur;
1648 1809 1889 1853 Sanctum

296 1903 481 1945 autem
514 1892 686 1947 virum
720 1892 959 1947 videntes
1009 1903 1255 1947 accurate
1307 1892 1691 1959 philosophiam
1734 1891 1889 1945 exhi-

299 1985 545 2049 bentem,
579 1984 779 2053 pudore
806 1984 1431 2051 suffunduntur‘seseque
1456 1984 1729 2037 damnant.
1754 1983 1887 2038 Cum

293 2058 442 2127 enim
475 2078 539 2133 is.
571 2077 658 2140 qui
684 2074 922 2144 ejusdem
954 2086 1153 2129 natnrze
1182 2091 1405 2129 consors
1427 2087 1527 2138 est,
1552 2078 1619 2128 ita
1644 2079 1887 2145 superior

295 2166 405 2218 illis
433 2176 513 2219 est
539 2206 553 2229 ,
585 2175 639 2219 et
665 2167 830 2219 multo
869 2166 1033 2235 magis
1054 2206 1067 2227 ,
1100 2182 1255 2234 quam
1289 2165 1475 2219 caelum
1507 2176 1699 2219 terram
1730 2181 1886 2234 supc—

291 2267 410 2317 rat;
442 2254 525 2307 vel
558 2254 704 2308 inviti
752 2256 1021 2323 cogitant,
1051 2255 1331 2323 quamdam
1360 2254 1590 2307 divinam
1639 2256 1882 2309 virtutem

294 2348 415 2399 hate
444 2348 658 2414 operari
690 2364 704 2398 :
730 2346 849 2401 ideo
877 2348 983 2400 ait:
1012 2346 1074 2399 Et
1102 2347 1385 2415 gloriﬁcent
1435 2346 1638 2399 Putrem
1666 2356 1880 2400 vestrum

288 2442 382 2509 qui
419 2443 475 2493 iu
508 2442 644 2494 ralis
688 2450 779 2495 est.
823 2440 913 2493 Vis
944 2449 997 2494 et
1026 2440 1243 2494 aliunde
1286 2440 1522 2502 discere,
1550 2439 1815 2508 quomodo
1852 2454 1878 2491 a

288 2548 573 2586 servorum
620 2547 837 2587 suorum
886 2534 991 2585 vita
1039 2532 1365 2600 glorificctur
1412 2532 1572 2593 Deus,
1615 2533 1881 2601 quomodo

285 2626 455 2677 etiam
484 2640 510 2675 a
542 2623 852 2676 miraculis?
882 2622 1105 2675 ltntnisit
1132 2623 1416 2690 aliquando
1456 2623 1881 2676 Nabuchodono—

283 2729 383 2767 Sor
414 2723 521 2767 tres
550 2729 746 2781 pueros
774 2715 822 2766 in
854 2712 1143 2765 fornacem.
1178 2712 1376 2765 Deinde
1407 2713 1529 2780 quia
1554 2712 1679 2764 vidit
1704 2713 1877 2781 ignem

284 2820 398 2856 non
429 2805 548 2856 illos
574 2818 847 2871 superare,
872 2805 944 2855 ait
973 2822 985 2855 ε
1021 2803 1321 2854 Bcizedictus
1346 2800 1501 2865 Deus,
1523 2803 1608 2869 qui
1629 2804 1760 2856 misit
1783 2821 1875 2855 an-

280 2898 456 2965 gelum
480 2913 646 2958 suum,
677 2905 723 2947 et
743 2895 923 2961 eripuit
951 2910 1131 2963 pueros
1153 2910 1273 2946 suos
1300 2909 1327 2945 a
1360 2892 1592 2953 fornace,
1618 2898 1736 2959 quia
1757 2911 1877 2947 con-

280 2989 511 3055 Μίνωα
538 2989 587 3040 in
610 3005 722 3041 eum
756 2998 841 3041 :et
873 2987 1074 3039 verbum
1102 2988 1230 3056 regis
1262 2996 1575 3039 mutaverunt
1606 2985 1781 3055 (Dan.
1817 2988 1871 3040 3.

279 3082 355 3134 95
379 3079 419 3143 ).
446 3079 577 3143 Quid
604 3079 771 3132 dicis?
794 3088 1130 3146 contemptus
1159 3078 1321 3139 fuisti,
1348 3088 1401 3130 et
1428 3079 1635 3130 miraris
1664 3093 1757 3131 eos
1784 3079 1871 3147 qui

278 3173 643 3241 reSpuerunt?
693 3171 885 3234 Etiam,
936 3171 1125 3238 inquit,
1173 3180 1225 3224 et
1279 3178 1493 3238 propter
1544 3168 1643 3222 hoc
1700 3170 1870 3238 ipsum

276 3264 427 3332 quod
474 3265 804 3333 contemptui
831 3263 1041 3317 habitus
1068 3264 1203 3327 sim;
1242 3270 1296 3316 et
1324 3263 1560 3316 miraculi
1595 3262 1729 3317 hanc
1760 3276 1869 3317 sta-

276 3359 382 3412 tuit
407 3373 526 3412 esse
552 3373 785 3411 causam.
818 3358 998 3426 Itaque
1029 3372 1133 3410 non
1167 3364 1381 3425 propter
1419 3356 1627 3425 signum
1668 3366 1868 3410 tantum

277 3458 407 3503 tunc
432 3451 599 3517 gloria
629 3450 738 3503 Deo
765 3449 895 3511 fuit,
923 3449 1017 3502 sed
1051 3454 1268 3516 propter
1309 3447 1637 3514 propositum
1678 3463 1866 3501 eorum

272 3541 369 3607 qui
399 3542 490 3593 illo
520 3541 698 3608 injecti
729 3550 853 3594 sunt
922 3540 1072 3607 Quod
1104 3538 1149 3591 si
1182 3539 1299 3605 quis
1330 3538 1431 3591 hoc
1453 3549 1505 3592 et
1532 3539 1657 3591 illud
1691 3555 1785 3608 per
1809 3555 1867 3594 se

272 3630 563 3693 examinet,
597 3645 702 3683 non
732 3630 833 3684 hoc
864 3630 954 3683 illo
984 3630 1157 3683 minus
1184 3639 1287 3682 est.
1312 3630 1352 3681 Α
1388 3630 1600 3684 fornace
1630 3634 1769 3683 enim
1799 3631 1833 3684 li

274 3728 499 3782 hera-sse
519 3766 535 3791 ,
566 3741 670 3779 non
698 3735 778 3779 est
806 3724 976 3792 majus
1002 3726 1068 3778 ad
1095 3724 1352 3778 rationem
1399 3725 1671 3788 miraculi,
1706 3742 1861 3793 quam

270 3818 467 3870 animis
510 3816 847 3885 persuasisse
895 3827 952 3867 ut
997 3802 1404 3885 ingrederentur
1461 3816 1511 3882 in
1570 3815 1858 3871 fornacem.

270 3906 555 3973 Quomodo
580 3907 721 3959 enim
752 3920 855 3960 non
885 3906 1103 3975 dignum
1153 3915 1372 3975 stupore
1412 3905 1588 3970 fuerit,
1619 3924 1737 3961 cum
1768 3924 1859 3963 rex

270 3998 452 4059 orbis,
483 4006 588 4050 tam
619 3996 799 4050 multis
824 3997 987 4050 armis
1013 3996 1401 4065 circumseptus
1421 4038 1434 4053 .
1465 4002 1731 4052 exercitus
1762 3999 1857 4052 ha-

272 4089 429 4152 bens,
463 4088 647 4153 duces,
673 4087 953 4157 toparchas
975 4100 1027 4141 et
1053 4088 1321 4150 censules,
1348 4100 1501 4141 terrae
1528 4100 1578 4141 et
1608 4092 1737 4141 mari
1763 4090 1859 4143 im-

272 4196 489 4251 perans,
510 4197 539 4234 a
564 4182 742 4248 pueris
763 4180 986 4250 captivis
1011 4181 1304 4249 despicitur
1324 4222 1337 4245 ,
1366 4189 1419 4233 et
1443 4180 1599 4233 vincti
1622 4182 1859 4236 vincien-

270 4285 379 4327 tem
409 4281 663 4343 superant
690 4282 745 4328 et
768 4282 937 4327 totum
961 4273 1125 4342 ipsius
1149 4273 1367 4325 vincunt
1389 4274 1721 4327 exercitum?
1740 4273 1857 4327 Non

269 4364 413 4418 enim
463 4372 751 4433 potuerunt
780 4363 830 4417 id
852 4405 866 4423 ,
897 4362 1036 4432 quod
1083 4363 1392 4425 voluerunt,
1427 4379 1516 4415 rex
1550 4374 1601 4415 et
1633 4363 1857 4420 clientes

266 4456 407 4523 ejus,
430 4455 519 4524 qui
563 4465 618 4509 et
660 4454 779 4509 huic
819 4466 872 4508 ct
922 4454 1149 4507 fornacis
1191 4454 1397 4522 copiam
1436 4454 1729 4517 habebant;
1760 4456 1854 4509 sed

269 4546 421 4608 nudi,
455 4546 628 4609 servi,
659 4544 1196 4616 exteri,pauci(quid
1238 4546 1379 4598 enim
1423 4546 1589 4597 tribus
1634 4545 1856 4614 paucius

268 4637 405 4701 sit?)
448 4635 767 4690 immensum
804 4636 1098 4690 exercitum
1134 4636 1296 4689 vincti
1330 4636 1697 4704 proﬂigarunt.
1736 4636 1854 4691 Jam

267 4729 415 4782 enim
449 4742 594 4781 mors
613 4728 1028 4796 despiciebatur,
1052 4728 1173 4796 quia
1209 4731 1535 4781 adventuros
1557 4739 1671 4781 erat
1696 4728 1852 4783 Chri-

267 4830 384 4872 stus
411 4839 425 4874 :
452 4828 504 4874 ct
531 4820 667 4875 sicut
694 4818 803 4886 jam
829 4820 1035 4872 orituro
1061 4820 1198 4883 sole,
1218 4832 1502 4888 antequam
1532 4818 1664 4872 radii
1692 4833 1854 4887 appa-

268 4920 449 4974 reant,
468 4909 743 4980 splendida
772 4908 1001 4962 efﬁcitur
1028 4908 1115 4961 lux
1145 4909 1249 4962 diei
1280 4926 1293 4959 τ
1327 4910 1405 4961 sic
1434 4912 1592 4963 etiam
1626 4893 1852 4963 venturo

268 4998 487 5069 justitize
510 5002 625 5055 sole
652 5017 796 5056 mors
823 5000 1033 5054 tandem
1061 4998 1302 5052 cedebat.
1336 4999 1473 5065 Quid
1513 5001 1603 5054 illo
1644 5000 1853 5055 theatro

269 5090 603 5161 splendidius
631 5092 831 5146 fuerit?
869 5091 996 5161 quid
1026 5090 1245 5145 victoria
1270 5090 1509 5144 clarius?
1545 5090 1671 5159 quid
1701 5094 1852 5148 novis

270 5187 486 5256 tropzeis
516 5186 809 5254 insignius?
1754 5204 1757 5207 δ

347 5276 401 5334 ι.
455 5275 568 5333 Hoc
592 5273 653 5330 ﬁt
678 5275 843 5328 etiam
871 5286 1057 5331 nostro
1082 5286 1346 5345 tempore.
1392 5273 1459 5328 Et
1482 5289 1621 5349 nunc
1648 5290 1740 5329 rex
1770 5285 1852 5331 est

274 5370 615 5442 Babylonica:
656 5367 918 5432 fornacis,
950 5384 1093 5424 nunc
1116 5354 1277 5424 etiam
1302 5368 1576 5423 fornacem
1608 5368 1852 5423 accendit

272 5463 363 5519 illa
381 5463 685 5533 graviorem
716 5478 730 5515 :
760 5468 841 5515 est
868 5459 1025 5513 etiam
1051 5465 1137 5528 qui
1169 5476 1311 5515 nunc
1335 5460 1473 5513 illam
1497 5458 1648 5528 jubet
1674 5460 1847 5513 admi-

271 5558 381 5614 rari
430 5557 715 5629 imaginem
742 5573 756 5610 :
783 5552 979 5609 adsunt
1022 5551 1123 5622 ipsi
1162 5564 1215 5608 et
1241 5562 1467 5622 satrapa:
1493 5560 1548 5609 et
1574 5551 1770 5606 milites
1797 5562 1852 5606 et

270 5651 475 5717 musica
500 5647 869 5710 Ademulceos;
901 5643 1159 5713 multique
1186 5644 1332 5699 illam
1361 5642 1646 5715 Imaginem
1675 5642 1848 5698 admi-

275 5752 493 5808 rantur,
535 5739 770 5799 variam,
812 5750 1078 5805 magnam.
1126 5733 1256 5789 Tale
1282 5736 1425 5790 enim
1466 5726 1735 5803 quidpiam
1759 5742 1843 5787 est

582 5839 854 5898 Ριτιιοι..
902 5838 1019 5897 Gn.
1073 5836 1229 5897 LXI.

1343 317 1407 373 IN
1450 316 1664 373 EPIST.
1710 318 1724 371 I
1784 319 1881 373 ἈΒ
1919 318 2075 374 COR.
2119 318 2347 374 IIOMIL.
2395 321 2579 376 XVlll.

3500 330 3601 385 150

2013 432 2236 486 avaritia
2261 474 2274 495 ,
2304 434 2462 501 quale
2492 437 2665 503 imago
2696 435 2783 489 illa
2811 477 2825 500 ,
2863 452 2928 490 ne
2954 436 3155 491 ferrum
3184 439 3401 508 quidem
3432 441 3603 512 despi-

2012 523 2159 575 ciens
2184 564 2199 587 ,
2243 524 2336 577 sed
2364 540 2428 579 ex
2472 524 2821 581 dissimilibus
2848 529 3147 595 composita
3175 530 3336 585 rebus
3358 572 3377 597 ,
3420 537 3599 586 omnia
3681 567 3686 572 ι

2010 615 2262 670 admirari
2300 616 2495 684 jubens
2522 658 2537 679 .
2566 634 2641 672 aes
2666 660 2682 683 ,
2712 618 2910 673 ferrum
2934 661 2948 683 ,
2977 629 3030 672 et
3056 636 3173 689 quae
3199 632 3323 675 sunt
3365 622 3470 677 illis
3500 626 3599 678 ad-

2012 706 2225 761 modum
2276 709 2483 763 viliora.
2531 708 2635 763 Sed
2691 712 3143 780 quemadmodum
3174 713 3287 768 hzne
3316 721 3487 779 sunt’;
3527 717 3604 770 ita

2008 798 2167 850 etiam
2198 815 2339 853 nunc
2368 809 2492 853 sunt
2521 816 2809 869 puerorum
2839 802 3046 855 illorum
3078 805 3367 859 imitatores
3397 809 3484 873 qui
3514 808 3595 859 die

2008 900 2134 943 eunt
2158 908 2170 941 :
2206 892 2316 945 Diis
2344 893 2448 944 tuis
2474 907 2576 945 non
2602 894 2886 953 servimus,
2923 906 2974 947 et
3006 896 3290 964 imaginem
3320 907 3460 949 tuam
3488 915 3591 951 non

2007 982 2327 1047 adoramus;
2358 984 2451 1037 sed
2502 991 2558 1037 et
2603 987 2931 1053 paupertatis
2966 986 3235 1039 fornacem
3265 989 3593 1043 sustinemus

2006 1080 2060 1123 et
2100 1072 2256 1125 aliam
2306 1090 2518 1128 omnem
2568 1074 2835 1129 miseriam
2883 1092 2979 1144 pro
3013 1077 3102 1129 Dei
3149 1078 3369 1145 legibus.
3406 1079 3473 1134 Et
3518 1082 3588 1133 illi

2004 1162 2218 1230 quidem
2242 1165 2331 1233 qui
2355 1166 2517 1219 multa
2544 1165 2757 1231 habent,
2784 1176 2839 1218 ut
2860 1177 2911 1220 et
2936 1177 3146 1221 veteres
3170 1168 3264 1231 illi,
3293 1171 3427 1223 hanc
3450 1186 3591 1239 μέθυε

2003 1252 2229 1308 adorant
2272 1265 2326 1309 et
2352 1258 2770 1323 comburuntur;
2819 1259 2905 1326 qui
2953 1275 3080 1311 vero
3112 1259 3241 1311 nihil
3278 1261 3587 1327 possident,

2006 1342 2139 1397 hanc
2166 1346 2512 1414 despiciunt,
2539 1348 2666 1401 etin
2698 1356 3014 1416 paupertate
3046 1359 3340 1413 versantes,
3382 1352 3431 1402 in
3467 1368 3590 1405 rore

2002 1438 2170 1505 magis
2212 1439 2558 1507 delicianlur,
2605 1456 2763 1509 quam
2795 1441 2868 1494 illi
2900 1443 2988 1510 qui
3032 1444 3083 1495 in
3118 1459 3293 1497 rerum
3323 1446 3473 1512 copia
3507 1446 3575 1494 vi

2002 1536 2165 1579 vuut:
2196 1529 2335 1581 sicut
2360 1539 2415 1583 et
2446 1541 2571 1585 tunc
2595 1547 2842 1601 quoque,
2877 1534 2965 1600 qni
2997 1533 3293 1601 iujecerunt
3321 1535 3583 1587 combusti

1997 1626 2150 1678 sunt,
2176 1619 2263 1686 qui
2300 1629 2476 1674 autem
2507 1621 2559 1673 in
2588 1622 2767 1675 medio
2791 1632 2946 1676 erant
2970 1667 2983 1687 ,
3015 1639 3111 1677 ceu
3143 1625 3191 1676 in
3220 1640 3354 1693 aqua
3382 1637 3431 1677 ct
3462 1641 3585 1678 rure

1998 1708 2367 1765 versabantur.
2394 1712 2679 1783 Tyrannus
2706 1723 2885 1768 autem
2920 1716 3005 1767 ille
3035 1726 3159 1767 tunc
3176 1717 3353 1786 magis
3380 1735 3403 1765 ει
3436 1716 3584 1768 flam-

1996 1813 2083 1852 ma
2139 1801 2427 1866 urebatur,
2479 1803 2554 1856 ira
2603 1803 2973 1858 vehementius
3026 1805 3170 1857 illum
3222 1805 3579 1868 incendente,

1996 1902 2153 1959 quam
2180 1894 2326 1960 pueri
2359 1894 2433 1946 illi
2454 1894 2892 1948 incenderentur.
2922 1895 3050 1948 Nam
3095 1896 3307 1949 illorum
3338 1912 3403 1949 ne
3431 1912 3582 1948 sum-

1996 1997 2112 2036 mos
2138 1984 2350 2051 quidem
2380 1985 2602 2053 capillos
2631 1984 2801 2055 potuit
2841 1988 2977 2056 ignis
3020 1997 3269 2057 tangere;
3303 1988 3453 2054 husz
3483 2003 3580 2041 au-

1996 2081 2101 2125 tem
2149 2080 2381 2127 mentem
2412 2075 2531 2142 igne
2578 2075 2953 2129 vehementius
3001 2080 3075 2129 ira
3106 2075 3361 2131 incendit.
3398 2079 3579 2146 Cogita

1992 2165 2135 2218 enim
2165 2175 2420 2233 quantum
2452 2166 2579 2219 illttd
2606 2178 2780 2230 esset,
2812 2168 2861 2218 in
2898 2178 3003 2219 tam
3033 2168 3324 2224 multorum
3356 2185 3582 2233 conspe-

1990 2268 2079 2311 ctu
2125 2273 2154 2311 a
2204 2260 2383 2327 pueris
2428 2260 2651 2327 captivis
2691 2260 2864 2327 ipsum
2914 2260 3203 2314 Contemni.
3252 2261 3397 2313 Tunc
3436 2262 3577 2314 enim

1988 2350 2257 2413 ostendit,
2291 2367 2351 2404 se
2380 2351 2592 2405 illorum
2622 2352 2810 2407 urbem
2842 2354 3051 2421 cepisse
3071 2395 3085 2415 ,
3122 2368 3225 2407 neu
3254 2356 3302 2405 vi
3336 2370 3451 2415 sua,
3482 2355 3573 2407 sed

1989 2450 2209 2509 propter
2230 2442 2517 2495 multorum
2544 2453 2779 2509 peccata.
2814 2443 2942 2496 Nam
2966 2445 3009 2496 si
3039 2444 3244 2498 vinctos
3270 2461 3373 2497 non
3410 2445 3575 2513 petitit

1987 2546 2243 2596 superare
2263 2572 2275 2593 ,
2310 2532 2579 2600 etiamque
2630 2534 2681 2585 in
2709 2532 2979 2587 fornacem
3014 2534 3237 2603 injectus
3262 2575 3275 2595 ,
3306 2534 3576 2601 quomodo

1988 2622 2109 2675 illus
2141 2622 2255 2691 lege
2287 2622 2408 2675 belli
2450 2631 2791 2690 superasset,
2840 2624 2881 2675 si
2912 2638 3102 2677 omnes
3131 2624 3263 2675 tales
3309 2623 3578 2676 fuissent?

1987 2711 2139 2766 Unde
2170 2713 2510 2765 manifestum
2552 2724 2634 2766 cst
2663 2714 2952 2765 multorum
2982 2725 3197 2782 peccata
3245 2717 3428 2766 urbem
3463 2722 3573 2765 trao

1983 2801 2203 2855 didisse.
2240 2802 2371 2857 Vide
2410 2812 2588 2855 autem
2613 2820 2771 2870 quam
2801 2820 2829 2855 a
2866 2818 2995 2855 vana
3028 2803 3193 2873 gloria
3226 2804 3383 2857 alit-ni
3424 2806 3572 2872 pueri

1983 2904 2180 2947 essent.
2228 2894 2343 2947 Non
2372 2895 2513 2947 enim
2560 2895 2864 2949 insilierunt
2897 2897 2947 2948 in
2999 2895 3271 2949 fornacem
3298 2937 3313 2959 ,
3344 2896 3437 2949 sed
3464 2898 3570 2963 jam

1981 2985 2106 3038 olim
2158 2984 2357 3038 Chi-isti
2404 2999 2727 3054 prmceptum
2778 2987 3068 3044 servabant
3116 2987 3381 3040 dicentis:
3417 2986 3575 3041 Orate

1980 3093 2041 3128 ne
2067 3079 2261 3129 intretis
2291 3081 2343 3129 in
2372 3080 2695 3131 Imitationem
2740 3079 2956 3147 (Matth.
2986 3080 3074 3133 26.
3108 3079 3195 3151 il)
3230 3098 3241 3133 :
3274 3095 3448 3148 neque
3482 3081 3565 3133 fu-

1976 3178 2167 3236 gerunt
2220 3169 2435 3236 quando
2473 3169 2614 3221 ducti
2644 3179 2800 3232 sunt,
2846 3171 2939 3223 sed
2992 3182 3256 3224 steterunt
3308 3172 3357 3224 in
3394 3174 3571 3225 medio

1978 3257 2189 3313 fortiter
2215 3277 2227 3311 :
2263 3274 2436 3328 neque
2464 3275 2569 3313 non
2609 3271 2832 3313 vocante
2862 3261 3200 3313 decertantes
3220 3304 3234 3327 ,
3270 3278 3331 3313 nt,
3358 3280 3439 3329 ,εις
3472 3280 3568 3315 vo-

1974 3362 2130 3406 eante
2154 3353 2342 3405 molles
2369 3362 2424 3407 et
2453 3353 2647 3421 ignavi,
2677 3352 2770 3405 sed
2795 3353 2859 3403 ad
2890 3355 3064 3405 omnia
3092 3356 3259 3422 parati
3290 3366 3341 3407 et
3364 3359 3564 3409 suanm

1972 3444 2226 3513 omnique
2260 3443 2447 3498 fiducia
2479 3445 2642 3512 pleni.
2693 3446 2981 3497 Alldiﬂlll'h
3014 3447 3157 3499 enim
3188 3447 3311 3515 quiti
3344 3447 3521 3499 dicunt
3550 3491 3562 3507 ,

1974 3547 2028 3586 ιιι
2061 3535 2182 3589 inde
2222 3551 2407 3588 eorum
2436 3535 2814 3604 piliiOSOpilllﬂi
2850 3552 3064 3589 sensum
3096 3539 3396 3590 exfiscamus
3425 3556 3436 3590 :
3476 3538 3564 3592 Εει

1972 3625 2111 3698 ρεαδ
2162 3626 2213 3677 in
2257 3627 2396 3679 aclis
2445 3636 2620 3693 potens
2665 3627 2858 3693 eripere
2900 3644 2989 3680 nos
3017 3626 3178 3697 (Data.
3216 3631 3263 3683 5.
3304 3631 3413 3697 17).
3445 3630 3559 3683 Non

1970 3717 2110 3768 enim
2138 3716 2291 3770 (le/se
2319 3725 2443 3770 sunt
2481 3718 2727 3780 solliciti,
2773 3718 2867 3770 Sed
2914 3734 3033 3771 mox
3067 3719 3415 3773 cumburcntli
3447 3764 3461 3783 ,
3494 3722 3560 3774 de

1966 3807 2137 3875 gloria
2172 3808 2262 3860 Dei
2294 3808 2508 3861 solliciti
2555 3818 2697 3861 sum.
2732 3807 2797 3864 Ut
2828 3811 2965 3865 Ouini
2988 3849 3004 3873 ,
3036 3812 3187 3861 nobis
3215 3811 3509 3865 euxubustis
3541 3854 3555 3877 ,

1968 3899 2133 3951 Deum
2158 3914 2260 3952 non
2290 3899 2511 3952 damnes
2539 3894 2804 3954 imbeciliit
2827 3902 2933 3962 etis,
2965 3904 3071 3966 jam
3106 3902 3195 3953 tibi
3229 3912 3393 3955 totum
3423 3904 3556 3973 dog-

1967 4005 2049 4040 ma
2097 3998 2339 4042 nostrnm
2386 4001 2634 4044 accurate
2660 4007 2815 4043 anno:
2846 4004 3057 4043 llflltHlS.
3096 3993 3187 4044 Est
3217 3994 3350 4047 (θέω
3375 3996 3426 4047 iu
3458 4012 3555 4043 ιπικ

1965 4079 2057 4144 lis,
2104 4094 2207 4132 nou
2257 4083 2375 4133 talis
2406 4083 2577 4149 qualis
2608 4084 2719 4135 lucc
2750 4083 2924 4153 inago
2958 4086 3005 4133 in
3049 4094 3185 4137 terra
3216 4128 3227 4145 ,
3266 4087 3549 4139 inanimata

1964 4184 2017 4225 et
2050 4185 2228 4237 muta,
2272 4173 2363 4226 sed
2410 4175 2499 4243 qui
2532 4177 2699 4244 possit
2743 4192 2811 4228 ex
2860 4178 3033 4229 media
3087 4178 3301 4231 fornace
3344 4179 3551 4233 ardenti

1963 4262 2193 4330 eripere.
2226 4263 2303 4317 Ne
2335 4265 2514 4333 itaque
2544 4266 2690 4318 illum
2719 4266 2891 4319 damn.
2924 4284 2935 4317 ῖ
2971 4268 3379 4327 imbecillitatis,
3409 4273 3549 4338 quod

1964 4368 2063 4406 nos
2094 4355 2233 4407 sinat
2261 4355 2310 4408 in
2345 4371 2462 4409 eam
2495 4357 2729 4411 incidere
2761 4375 2771 4408 :
2810 4370 2913 4411 tam
2946 4370 3134 4426 potens
3161 4371 3241 4409 est
3267 4401 3281 4421 ,
3316 4370 3370 4411 nt
3400 4372 3547 4428 post.

1962 4462 2119 4515 quam
2153 4446 2501 4501 iuciderimus
2522 4490 2535 4510 ,
2568 4464 2665 4501 nos
2691 4464 2718 4501 a
2764 4448 2797 4502 il
2822 4465 2976 4501 rmma
3005 4452 3217 4518 eripere
3250 4453 3409 4518 possit
3437 4468 3451 4513 ς
3489 4453 3550 4503 ἢ(

1960 4539 2001 4591 si
2034 4555 2134 4591 non
2164 4540 2358 4609 faciat,
2387 4550 2561 4592 nolunt
2588 4540 2651 4593 sit
2680 4541 2767 4593 tibi
2790 4586 2799 4595 .
2838 4558 2866 4593 0
2894 4558 3001 4607 rex,
3032 4545 3165 4611 quasi
3196 4543 3294 4594 diis
3322 4545 3417 4592 tui:
3454 4560 3547 4593 νήπιε

1961 4633 2204 4685 servimus
2232 4674 2244 4694 ,
2276 4641 2321 4684 et
2352 4647 2563 4686 auream
2593 4649 2743 4701 quam
2773 4635 2989 4703 p'soish'
3018 4644 3237 4685 stutum
3271 4651 3369 4685 non
3416 4652 3443 4685 ε
3470 4634 3545 4687 ’e-

1959 4742 2131 4778 ramus
2177 4725 2337 4794 (Ibid.
2368 4741 2413 4777 υ.
2450 4726 2560 4793 18).
2600 4726 2731 4780 Vide
2776 4742 2870 4779 crs
2912 4738 3061 4779 certe
3104 4727 3327 4779 consilia
3362 4738 3409 4779 ei
3444 4744 3511 4777 mr
3538 4760 3549 4765 α

1960 4817 2277 4885 pensatione
2309 4832 2413 4870 non
2445 4832 2605 4870 nosse
2635 4820 2891 4871 futurum.
2938 4819 2990 4871 Si
3052 4822 3171 4871 eoi:-

1959 4907 2259 4962 admirandi
2308 4924 2413 4960 non
2466 4908 2697 4962 fuissent
2744 4909 3144 4964 ltarcfaeicnies
3186 4929 3196 4963 :
3231 4910 3354 4979 quid
3404 4910 3541 4961 Ialm

1960 4999 2193 5063 mirum,
2233 4998 2532 5069 sipignora
2560 5000 2751 5054 salutis
2794 5001 3083 5067 habentes,
3113 5005 3289 5071 gravia
3324 5002 3409 5057 itla
3454 5018 3544 5053 aii-

1958 5087 2145 5144 dacter
2189 5089 2489 5143 adiissent?
2538 5089 2633 5145 sed
2674 5092 2867 5166 gloriiit
2886 5106 3063 5143 aretur
3105 5091 3317 5155 qualem
3361 5091 3491 5145 [ito
3524 5132 3542 5157 ,

1958 5182 2046 5240 nui
2084 5180 2345 5247 potuisset
2391 5181 2602 5250 eripere
2639 5196 2708 5235 ex
2741 5184 2995 5240 tom-ce;
3027 5181 3126 5249 ipsi
3159 5196 3287 5235 vero
3316 5200 3419 5235 non
3450 5183 3545 5235 ael-

1960 5273 2233 5328 tnirabiles
2258 5273 2501 5338 fuissent,
2530 5280 2715 5340 utpote
2743 5273 2833 5341 qui
2863 5289 2965 5325 non
2999 5275 3050 5328 in
3082 5277 3309 5343 perlaeta
3340 5276 3543 5343 seipsns

1958 5365 2347 5434 coniecissent.
2384 5361 2511 5417 ideo
2556 5364 2829 5433 permisit,
2874 5376 2931 5419 ut
2974 5367 3073 5434 ipsi
3120 5366 3259 5435 quod
3308 5365 3538 5419 {tantum

1957 5467 2078 5513 erat
2119 5459 2460 5525 ignorarent,
2488 5465 2548 5510 ut
2576 5458 2745 5527 magis
2788 5473 2877 5511 ςοίτ
2905 5458 3247 5526 ειιιι-ἰίιςςιηι.
3298 5456 3359 5509 [ι
3407 5457 3545 5511 sicut

1958 5550 2057 5618 ipsi
2082 5548 2478 5603 conﬁrmabant
2508 5564 2688 5620 regem
2713 5589 2730 5615 ,
2762 5559 2824 5603 ut
2868 5566 2935 5603 ne
2965 5550 3130 5603 Deum
3163 5550 3540 5604 imbeciliitati:

1959 5641 2276 5707 damnaret,
2326 5641 2371 5695 si
2422 5641 2521 5710 ipsi
2570 5642 2835 5696 combusti
2883 5643 3107 5696 fuissent
3143 5660 3157 5696 :
3189 5642 3260 5697 ita
3305 5651 3360 5696 et
3404 5642 3542 5695 Deus

1962 5741 2250 5802 utrumque
2295 5732 2544 5803 prtestitit
2563 5771 2579 5796 ,
2616 5740 2670 5786 et
2698 5733 2985 5803 petentiam
3014 5745 3163 5785 suam
3193 5730 3459 5798 ostendit,
3487 5739 3539 5785 et

3125 5830 3199 5890 10

3226 4822 3317 4869 ςιρξη
3426 4839 3460 4867 ηε
3488 4830 3543 4880 ξ,
