4070 6322
607 330 626 383 l
644 330 697 385 Si
1307 332 1364 387 S.
1404 327 1681 388 JOANNIS
1702 326 2178 386 CHRYSOSTOMI
2209 326 2526 382 ARCIIIEP.
2556 324 3085 383 CONSTANTINOP.

604 456 889 511 puerorum
932 441 1169 496 animum
1215 444 1616 513 prmclariorem
1666 440 1858 497 effecit.
1912 439 2187 496 Undenam

601 548 731 603 ergo
758 533 865 588 illis
897 532 1010 587 haec
1047 532 1333 599 dubitatio,
1368 534 1598 605 inquies,
1630 542 1689 588 ut
1719 548 1825 588 non
1857 530 2190 586 conﬁderent

598 640 657 681 se
683 628 858 682 salvos
879 629 1118 682 exituros
1140 626 1303 682 esse?
1327 625 1482 694 Quod
1501 640 1558 681 se
1581 626 1798 681 viliores
1826 624 2045 679 omnino
2070 636 2190 678 esse

600 724 890 784 putarent,
918 726 974 773 et
1003 718 1095 772 tali
1122 717 1385 772 beneﬂcio
1414 716 1682 786 indignos.
1710 714 1861 781 Quod
1882 724 2058 769 autem
2082 728 2187 767 non

597 823 661 859 ex
694 808 1003 876 conjectura
1046 806 1151 862 hoc
1191 806 1397 871 dicam,
1449 806 1501 860 in
1545 804 1819 861 fornacem
1848 804 2077 875 conjecti
2108 804 2187 857 la-

600 901 1011 966 mentabantur,
1065 900 1182 955 haec
1231 901 1472 955 dicentes
1519 916 1532 953 :
1584 897 1953 964 Peccavimus,
2002 897 2191 966 injuste

594 994 787 1063 egimus
812 1009 831 1047 :
855 1010 959 1047 non
983 993 1099 1048 licet
1128 994 1270 1047 nobis
1305 1010 1361 1046 os
1405 991 1604 1061 aperire
1637 990 1800 1060 (Dan.
1829 990 1883 1046 '5.
1913 988 2031 1059 29).
2059 987 2189 1044 Pro.

599 1093 783 1152 pterea
818 1084 1103 1151 dicebant,
1140 1083 1207 1138 Et
1250 1085 1294 1139 si
1324 1100 1443 1139 non.
1479 1084 1536 1138 Si
1559 1083 1708 1138 enim
1737 1098 1844 1137 non
1872 1081 2017 1137 clare
2042 1079 2187 1136 diee-

596 1175 745 1239 bant,
781 1176 961 1231 Potest
988 1191 1085 1230 nos
1117 1174 1257 1231 Deus
1284 1176 1528 1245 eripere;
1556 1174 1601 1229 si
1626 1184 1807 1229 autem
1836 1187 1946 1227 non
1978 1172 2188 1241 eripue-

596 1268 698 1334 rit,
732 1277 953 1337 pr0pter
982 1278 1200 1339 peccata
1231 1278 1410 1322 nostra
1443 1283 1550 1321 non
1579 1266 1813 1337 eripiet,
1840 1280 1909 1321 ne
1936 1264 2145 1319 mireris
2170 1281 2184 1317 :

595 1358 693 1412 visi
722 1358 866 1413 enim
895 1368 1079 1415 essent
1123 1359 1262 1427 apud
1297 1359 1552 1413 barbaros
1596 1365 1938 1426 peccatorum
1966 1369 2185 1411 suorum

591 1448 813 1504 obtentu
860 1450 950 1504 Dei
983 1450 1404 1505 imbecillitatem
1433 1451 1707 1519 obtegere.
1740 1448 2026 1517 Pr0pterea
2057 1462 2184 1501 cum

598 1540 665 1595 de
695 1541 812 1610 ejus
840 1544 1073 1609 potentia
1117 1551 1321 1595 tantum
1354 1540 1559 1610 loquuti
1589 1548 1773 1595 essent
1794 1581 1810 1603 ,
1838 1553 2051 1593 causam
2078 1553 2184 1593 non

600 1639 826 1697 ponunt.
859 1631 1110 1701 Alioquin
1144 1642 1290 1686 recte
1320 1630 1515 1685 eruditi
1541 1638 1695 1684 erant
1734 1630 1825 1685 Dei
1847 1629 2046 1699 judicia
2077 1646 2182 1683 non

597 1722 810 1776 curiose
834 1720 1126 1791 inquirere.
1155 1723 1285 1776 Cum
1319 1722 1434 1777 haec
1454 1738 1581 1791 ergo
1607 1720 1889 1788 dixissent,
1925 1722 1976 1775 in
2004 1722 2181 1790 ignem

596 1815 821 1886 ingrcssi
844 1824 987 1882 sunt,
1008 1832 1108 1871 nec
1130 1831 1311 1886 regem
1333 1815 1656 1869 contumelia
1680 1813 1995 1879 affecerunt,
2012 1828 2184 1881 neque

600 1917 831 1963 statuam
878 1918 1145 1964 evertere.
1196 1908 1379 1962 Virum
1428 1906 1570 1960 enim
1621 1903 1813 1959 fortem
1863 1904 2023 1959 talem
2068 1917 2186 1958 esse

600 2008 849 2068 oportet,
883 1998 1219 2053 moderatum
1263 2006 1317 2050 et
1347 2004 1685 2050 mansuetum
1712 2036 1726 2060 ,
1758 1995 1988 2049 maxime
2016 1994 2067 2047 in
2096 2008 2185 2062 pe-

596 2090 817 2155 riculis,
853 2098 910 2145 ut
938 2105 1007 2145 ne
1036 2090 1284 2145 videatur
1330 2104 1396 2143 ex
1444 2089 1520 2142 ira
1566 2097 1620 2142 et
1666 2102 1798 2142 vana
1846 2087 2013 2157 gloria
2062 2084 2183 2140 talia

596 2181 747 2235 adire
775 2182 1066 2237 certamina
1087 2223 1103 2249 ,
1131 2181 1229 2236 sed
1262 2196 1334 2234 ex
1365 2178 1679 2235 fortitudine
1721 2188 1776 2233 et
1810 2178 2183 2249 temperantia.

594 2268 725 2323 Nam
757 2272 846 2341 qui
887 2270 1212 2326 contumelia
1254 2269 1454 2333 allicit,
1485 2270 1536 2321 in
1568 2268 1928 2337 suspicionem
1970 2267 2183 2322 illorum

593 2360 878 2415 criminum
899 2361 1046 2416 venit
1071 2377 1083 2413 :
1108 2360 1198 2428 qui
1226 2374 1357 2415 vero
1381 2358 1612 2412 sustinet
1633 2365 1688 2411 et
1716 2357 1947 2413 trahitur
1966 2372 2031 2412 ac
2058 2372 2179 2412 cum

3783 334 3889 390 ιω

2300 438 2702 494 mansuetudine
2740 439 3017 509 decertat,
3044 456 3151 498 non
3180 442 3339 499 modo
3364 450 3423 500 ut
3446 444 3600 503 fortis
3628 448 3681 503 in
3712 446 3890 504 admi-

2296 530 2503 583 ratione
2528 528 2754 585 habetur
2779 573 2791 596 ,
2818 532 2912 587 sed
2938 534 3099 589 etiam
3124 534 3193 590 ob
3214 536 3634 594 moderationem
3655 550 3712 596 et
3733 556 3888 595 man-

2296 620 2629 677 suetudinem
2683 638 2787 678 non
2839 625 3016 680 minus
3045 626 3368 687 celebratur.
3414 628 3469 684 ld
3495 631 3638 701 quod
3681 641 3740 687 et
3789 633 3890 702 ipsi

2297 722 2421 765 tunc
2467 711 2744 779 fecerunt,
2772 728 2894 767 cum
2925 722 2981 769 et
3024 714 3392 772 fortitudinem
3435 730 3487 773 et
3516 721 3891 776 mansuetudi-

2296 820 2419 859 nem
2449 819 2663 859 omnem
2695 806 3087 862 exbibuerunt:
3117 824 3216 864 nec
3242 810 3527 881 quidquam
3560 813 3736 871 fecere
3763 830 3890 883 pro-

2296 908 2413 966 pter
2441 898 2745 952 mercedem
2773 908 2828 952 et
2858 900 3157 968 praemium.
3180 900 3248 956 Et
3268 902 3312 955 si
3336 902 3587 971 noluerit,
3614 905 3885 975 inquiunt,

2295 1001 2392 1042 nos
2420 989 2629 1057 eripere
2650 1029 2665 1053 ,
2713 988 2817 1043 diis
2846 991 2950 1043 tuis
2981 1006 3085 1045 non
3116 992 3384 1047 servimus
3414 1009 3429 1048 :
3471 994 3583 1063 jam
3612 995 3759 1049 enim
3794 1012 3887 1049 re-

2294 1083 2715 1136 munerationem
2764 1083 3057 1147 habemus,
3119 1099 3177 1140 ut
3228 1084 3390 1155 digni.
3424 1086 3621 1152 habiti,
3671 1089 3764 1158 qui
3820 1090 3891 1141 ah

2296 1174 2566 1241 Impietate
2593 1174 2978 1239 liberaremur,
3024 1184 3079 1230 et
3119 1176 3262 1245 quod
3315 1188 3599 1246 propterea
3648 1193 3885 1247 corpora

2292 1272 2679 1317 cremarentur.
2712 1264 2778 1318 Et
2797 1280 2894 1319 nos
2920 1265 3079 1335 igitur
3108 1264 3366 1322 habentes
3389 1269 3497 1337 jam
3533 1270 3843 1324 mercedem
3868 1309 3884 1333 ,

2295 1370 2415 1408 nam
2439 1355 2698 1409 habemus
2719 1398 2732 1421 ,
2763 1356 2907 1426 digni
2934 1356 3100 1412 habiti
3118 1360 3207 1427 qui
3231 1359 3377 1413 illum
3401 1375 3882 1430 cognosceremus,

2292 1457 2346 1500 et
2370 1448 2458 1516 qui
2488 1448 2729 1503 membra
2756 1448 2954 1503 Christi
2984 1450 3353 1516 efﬁceremur,
3388 1468 3454 1507 ne
3482 1452 3746 1507 faciamus
3791 1453 3880 1506 illa

2293 1540 2528 1594 membra
2560 1541 2879 1596 meretricis.
2915 1542 2967 1596 In
2996 1542 3100 1599 hoc
3127 1544 3270 1599 enim
3300 1553 3407 1599 tam
3439 1530 3708 1601 horrendo
3738 1547 3889 1602 dicto

2295 1632 2523 1687 ﬁnienda
2554 1641 2639 1687 est
2664 1634 2837 1689 oratio
2878 1652 2891 1689 :
2919 1644 2978 1689 ut
3008 1635 3243 1691 validum
3290 1635 3553 1694 habentes
3580 1642 3887 1695 commina-

2296 1725 2457 1780 tiouis
2486 1726 2769 1792 timorem,
2806 1741 3117 1782 maneamus
3140 1744 3273 1783 auro
3318 1731 3561 1798 puriores
3607 1732 3711 1787 hoc
3740 1743 3887 1786 metu

2293 1814 2507 1870 redditi.
2561 1815 2651 1869 Sic
2702 1815 2845 1869 enim
2896 1816 3189 1885 poterimus
3234 1832 3264 1871 a
3308 1820 3665 1876 fornicatione
3712 1825 3887 1893 erepti

2294 1904 2564 1958 Christum
2598 1904 2782 1960 videre
2812 1923 2823 1958 :
2858 1922 3018 1977 quem
3065 1909 3268 1963 utinam
3298 1924 3419 1963 cum
3469 1910 3662 1966 fiducia
3706 1913 3890 1967 videa-

2296 2011 2413 2049 mus
2438 1995 2493 2048 in
2528 1995 2619 2050 illo
2646 1995 2763 2059 die,
2796 1998 2963 2069 gratia
2992 2006 3047 2053 et
3095 1998 3423 2072 benignitate
3465 2002 3678 2057 Domini
3712 2006 3884 2057 nostri

2292 2086 2419 2141 Jesu
2458 2086 2695 2153 Christi,
2738 2089 2952 2160 quicum
3000 2091 3144 2147 Patri
3184 2108 3394 2164 unaque
3441 2093 3666 2165 Spiritui
3697 2105 3886 2150 sancto

2291 2178 2456 2247 gloria
2479 2219 2494 2245 ,
2528 2178 2700 2234 honor
2718 2220 2737 2247 ,
2767 2180 3071 2251 imperium,
3102 2198 3246 2239 nunc
3273 2194 3326 2239 et
3353 2198 3589 2254 semper,
3618 2195 3675 2242 et
3701 2187 3755 2241 in
3783 2202 3885 2241 sa-

2293 2272 2407 2326 cula
2453 2274 2794 2329 szcculorum.
2830 2275 3020 2331 Amen.

590 2487 3875 2512 ww

1973 2544 2321 2607 HOMILIA
2365 2543 2543 2603 XIX.

594 2654 722 2708 Car.
755 2656 806 2708 7.
838 2671 887 2710 v.
922 2657 970 2709 Ι.
1003 2654 1078 2710 De
1121 2655 1301 2726 quibus
1346 2662 1514 2708 autem
1559 2652 1829 2719 scripsistis
1882 2650 2005 2701 mihi
2028 2664 2047 2702 :
2079 2647 2182 2701 Bo-

668 2764 787 2800 num
824 2757 895 2802 est
940 2749 1133 2802 homini
1171 2748 1432 2801 mulierem
1474 2761 1575 2800 non
1621 2752 1865 2813 tangere:
1891 2742 1943 2795 2.
1979 2751 2189 2809 propter

670 2840 1059 2906 fornicationem
1095 2847 1261 2892 autem
1302 2837 1648 2906 unusquisque
1671 2851 1818 2889 suain
1856 2849 2063 2887 uxorem
2090 2833 2185 2884 Im-

666 2932 797 2992 beat,
832 2938 877 2983 et
911 2943 1223 2998 unaqua'que
1248 2943 1393 2981 suum
1421 2928 1604 2980 virum.

674 3024 726 3073 t.
770 3020 1058 3090 Postquam
1091 3018 1405 3088 gravissima
1439 3018 1536 3069 tria
1563 3015 1798 3070 correxit
1826 3014 1953 3067 vitia
1976 3056 1990 3080 ,
2022 3027 2185 3067 unum

598 3113 815 3182 quidem
842 3113 983 3183 quod
1015 3111 1364 3166 divelleretur
1394 3109 1657 3171 Ecclesia,
1685 3107 1979 3163 secundum
2008 3116 2183 3162 autem

599 3204 941 3259 fornicatoris
966 3244 980 3268 ,
1012 3203 1228 3257 tertium
1259 3204 1405 3256 avari
1432 3216 1446 3266 ;
1478 3199 1674 3255 deinde
1702 3201 1913 3254 mitiore
1950 3214 2077 3254 usus
2104 3206 2188 3252 est

596 3295 840 3351 oratione
869 3312 882 3347 :
925 3302 981 3349 ct
1008 3292 1431 3349 admonitionem
1462 3292 1854 3359 consiliumque
1897 3289 2187 3359 interponit

599 3388 666 3440 ile
690 3386 1034 3440 matrimonio
1052 3395 1114 3440 et
1144 3383 1213 3439 de
1241 3373 1545 3452 virginitate
1563 3423 1577 3447 ,
1607 3397 1637 3435 a
1667 3380 2065 3435 molestioribus
2093 3394 2187 3433 au-

600 3481 830 3533 ilitorem
858 3478 923 3530 ad
948 3477 1131 3547 quieta
1159 3474 1382 3530 ducens.
1408 3474 1465 3527 ln
1492 3472 1730 3527 secunda
1755 3481 1935 3525 autem
1958 3470 2184 3542 epistola

596 3570 927 3624 contrarium
957 3566 1086 3623 facit
1122 3584 1135 3621 :
1186 3567 1373 3636 incipit
1398 3565 1541 3621 enim
1570 3580 1597 3617 a
1631 3564 1965 3627 mitioribus,
1991 3563 2187 3618 desinit

597 3670 779 3717 autem
808 3661 861 3716 in
892 3660 1147 3716 tristiora.
1181 3659 1279 3714 Hic
1302 3672 1433 3713 vero
1463 3667 1742 3727 postquam
1771 3656 1840 3711 de
1882 3656 2186 3725 virginitate

598 3766 909 3807 sermonem
955 3750 1215 3822 perfecit,
1245 3763 1434 3805 rursus
1482 3748 1593 3802 exit
1636 3745 1701 3801 ad
1747 3762 1807 3801 ea
1851 3762 1971 3816 quae
2017 3746 2188 3817 magis

597 3852 845 3915 pungunt
872 3857 935 3897 ac
964 3843 1195 3907 feriunt,
1216 3856 1323 3896 non
1354 3840 1534 3895 omnia
1565 3839 1907 3894 continenter
1937 3853 2143 3908 ponens
2167 3879 2183 3905 ,

600 3937 695 3991 sed
722 3950 1027 3992 sermonem
1056 3935 1109 3990 in
1134 3944 1371 4003 utroque
1398 3932 1642 3996 varians,
1673 3940 1731 3985 ut
1768 3940 1978 3998 tempus
2004 3933 2183 3999 exige-

602 4032 693 4082 bat
714 4069 729 4092 ,
780 4041 987 4081 necnon
1020 4024 1363 4096 praesentium
1408 4038 1586 4097 rerum
1616 4036 1762 4075 usus.
1805 4019 1936 4075 Ideo
1960 4020 2034 4075 ait
2063 4038 2077 4076 :
2113 4019 2189 4073 De

599 4120 778 4191 quibus
812 4130 978 4173 autem
1018 4118 1290 4187 scripsistis
1332 4116 1475 4171 mihi.
1519 4114 1856 4185 Scripseram
1884 4125 2064 4170 autem
2087 4114 2142 4170 ei
2166 4155 2183 4181 ,

597 4230 668 4268 an
706 4220 981 4282 oporteret
1024 4211 1093 4265 ab
1133 4224 1300 4264 uxore
1331 4209 1599 4264 abstinere
1626 4223 1692 4263 an
1737 4222 1866 4263 non.
1914 4208 1981 4261 Et
2010 4208 2077 4262 ad
2121 4223 2183 4261 ea

602 4304 906 4359 rescribeus
925 4344 940 4370 ,
981 4312 1038 4357 et
1063 4302 1132 4357 de
1164 4302 1504 4355 matrimonio
1529 4302 1697 4370 legem
1727 4300 1903 4353 ferens
1930 4340 1943 4364 ,
1976 4314 2183 4353 sermo-

606 4411 727 4450 nem
750 4395 824 4450 de
854 4394 1156 4464 virginitate
1182 4392 1386 4447 inducit
1419 4409 1431 4445 :
1465 4390 1662 4446 Bonum
1690 4401 1763 4445 est
1790 4392 1981 4445 homini
2008 4394 2185 4446 mulie—
2220 4419 2225 4425 -

601 4504 707 4539 rem
732 4503 833 4539 non
862 4496 1085 4556 tangere.
1118 4483 1247 4538 Nam
1269 4484 1317 4537 si
1344 4525 1360 4550 ,
1391 4482 1577 4551 inquit,
1612 4482 1754 4550 quod
1782 4482 1978 4535 bonum
2010 4492 2092 4536 est
2131 4492 2185 4536 et

600 4577 887 4631 admodum
915 4575 1183 4631 excellens
1213 4574 1410 4644 quaeris
1429 4615 1442 4637 ,
1484 4573 1673 4627 melius
1699 4582 1784 4627 est
1812 4588 1931 4625 cum
1960 4572 2183 4629 muliere

602 4667 801 4720 nullam
833 4666 1032 4720 habere
1061 4664 1544 4727 consuetudinem;
1592 4663 1634 4717 si
1663 4662 1803 4733 quod
1851 4671 2021 4716 tutum
2055 4674 2138 4718 est
2167 4706 2179 4728 ,

598 4771 649 4813 et
678 4758 819 4826 quod
842 4756 1213 4811 infirmitatem
1257 4765 1397 4807 tuam
1428 4755 1574 4821 jnvet
1600 4796 1613 4815 ,
1644 4755 1982 4808 matrimonio
2011 4765 2180 4812 utere.

601 4853 735 4919 Quia
764 4860 942 4903 autem
973 4847 1263 4901 verisimile
1293 4854 1440 4907 erat,
1468 4855 1524 4897 ut
1552 4846 1713 4897 etiam
1744 4860 1881 4897 nunc
1909 4846 2073 4909 solet,
2114 4847 2184 4899 vi-

603 4961 718 4998 rum
751 4958 851 4995 um.
880 4962 887 4972 -
915 4982 927 5004 ,
964 4938 1249 4992 mulierem
1284 4950 1414 4989 vero
1444 4949 1548 4987 non
1580 4936 1733 4999 item;
1767 4936 1844 4989 vel
1874 4939 2032 4990 etiam
2056 4952 2185 4989 con-

609 5048 687 5087 tra
712 5078 725 5097 ,
772 5038 894 5087 vitia
926 5030 1197 5103 quomodo
1236 5030 1303 5083 de
1333 5038 1560 5096 utroque
1588 5026 1834 5083 disserat.
1892 5030 1956 5081 Et
2001 5030 2183 5083 dicunt

604 5126 853 5194 quidam,
887 5126 988 5179 hoc
1013 5124 1081 5177 ab
1104 5121 1198 5176 illo
1224 5120 1423 5175 dictum
1453 5117 1818 5172 sacerdotibus
1850 5119 2010 5171 fuisse
2040 5136 2052 5172 ε
2083 5134 2182 5188 ego

604 5229 741 5270 vero
767 5229 833 5267 ex
859 5214 924 5267 iis
943 5220 1365 5281 quaesequuntur
1392 5224 1507 5263 rem
1533 5208 1846 5262 examinans
1864 5249 1879 5274 ,
1909 5222 2013 5263 non
2041 5206 2183 5262 dixe-

602 5308 705 5365 rim
734 5320 847 5361 rem
875 5305 947 5357 ita
981 5317 1039 5356 se
1070 5303 1267 5356 habere
1291 5319 1303 5354 :
1330 5314 1503 5369 neque
1529 5299 1672 5353 enim
1714 5299 1960 5352 universe
1993 5297 2181 5352 admo-

601 5402 859 5456 nitionem
883 5396 1265 5451 constituisset.
1295 5394 1348 5449 Si
1379 5404 1558 5447 autem
1583 5390 1952 5446 sacerdotibus
1978 5400 2181 5444 tantum

604 5495 719 5548 haec
762 5488 1103 5560 scripsisset,
1135 5485 1353 5539 dixisset
1382 5497 1510 5536 sane
1554 5500 1568 5535 :
1617 5482 1821 5534 Bonum
1862 5491 1946 5535 est
1974 5479 2180 5535 doctori

602 5599 823 5639 uxorem
854 5597 961 5636 non
997 5590 1215 5647 tangere
1240 5592 1253 5639 ;
1282 5591 1421 5629 nunc
1447 5584 1622 5627 autem
1648 5572 1934 5625 universim
1962 5572 2062 5625 hoc
2092 5586 2181 5639 po-

600 5677 709 5730 suit
752 5692 763 5726 :
808 5671 1003 5727 Bonum
1032 5680 1103 5724 est
1133 5666 1360 5731 homini,
1391 5666 1574 5719 dicens
1598 5706 1611 5729 ,
1643 5679 1747 5715 non
1778 5672 1977 5717 tantum
2007 5678 2183 5717 sacer—

600 5770 749 5831 doti;
798 5779 850 5823 ct
896 5782 1116 5831 rursus,
1150 5762 1360 5815 Solutus
1400 5776 1451 5812 es
1492 5758 1553 5813 ab
1600 5756 1798 5811 uxore?
1829 5758 1934 5811 noli
1960 5771 2181 5826 qua’rere

2295 2662 2523 2699 uxorem.
2555 2645 2668 2699 Non
2698 2644 2863 2708 dixit.
2899 2646 2975 2701 Tu
3004 2647 3258 2704 sacerdos
3286 2660 3338 2704 et
3362 2650 3571 2719 doctor,
3601 2654 3700 2710 sed
3729 2656 3882 2712 indc-

2296 2738 2478 2804 llnite;
2522 2748 2576 2793 et
2608 2747 2749 2793 totus
2792 2742 3015 2794 omnino
3044 2756 3224 2797 sermo
3252 2744 3331 2797 sic
3371 2745 3633 2813 procedit.
3666 2747 3730 2803 Et
3763 2764 3881 2803 cum

2293 2830 2462 2895 dixit,
2500 2829 2716 2899 Propter
2743 2833 3101 2901 fomicationes
3130 2837 3465 2903 unusquisque
3503 2854 3646 2891 suam
3675 2854 3881 2894 uxorem

2300 2923 2504 2987 habeat,
2550 2936 2616 2976 ex
2664 2923 2776 2991 ipsa
2807 2925 3173 2978 concessionis
3202 2939 3362 2979 causa
3393 2928 3459 2980 ad
3491 2930 3879 2983 continentiam

2298 3014 2463 3068 duxit.
2491 3015 2543 3067 ὅ.
2581 3012 2743 3068 Uxori
2767 3016 2843 3067 vir
2868 3014 3087 3069 debitum
3114 3019 3331 3083 reddat;
3355 3019 3587 3074 similiter
3620 3032 3669 3074 et
3704 3024 3883 3077 mulier

2294 3106 2418 3158 viro.
2450 3104 2587 3171 Quid
2616 3114 2700 3159 est
2737 3114 2915 3160 autem
2942 3106 3154 3162 debitus
3184 3109 3400 3163 honor?
3431 3110 3619 3166 Mulier
3645 3128 3757 3167 non
3786 3114 3882 3166 ha-

2295 3197 2382 3251 bet
2408 3206 2726 3267 potestatem
2753 3198 2835 3252 sui
2861 3200 3122 3270 corporis,
3154 3199 3249 3255 sed
3285 3212 3339 3255 et
3364 3202 3554 3256 ancilla
3582 3211 3637 3257 et
3662 3204 3879 3258 domina

2294 3289 2391 3341 viri
2423 3296 2526 3343 est.
2558 3288 2613 3345 Si
2650 3288 2916 3345 deieceris
2953 3291 3021 3346 ab
3049 3305 3111 3346 ea
3140 3307 3262 3361 qua:
3298 3296 3549 3349 convenit
3578 3297 3838 3353 servitute
3861 3338 3880 3363 ,

2296 3379 2460 3433 Deum
2488 3380 2756 3435 oﬂ'endis:
2789 3380 2835 3435 si
2860 3390 3039 3436 autem
3062 3381 3357 3439 abscedere
3386 3383 3496 3448 vis,
3519 3399 3641 3441 cum
3671 3388 3755 3441 vir
3781 3388 3881 3442 hoc

2293 3471 2633 3539 permiserit,
2677 3472 2867 3524 saltem
2894 3470 2960 3525 ad
2991 3472 3152 3527 breve
3180 3482 3387 3542 tempus
3433 3474 3545 3529 ﬂat.
3589 3475 3881 3547 Propterea

2292 3570 2347 3616 et
2374 3561 2609 3617 debitam
2654 3577 2766 3617 rem
2808 3565 3053 3629 vocavit,
3088 3574 3146 3619 ut
3187 3566 3498 3623 ostenderet
3524 3568 3730 3625 nullum
3762 3586 3881 3636 esse

2292 3652 2373 3705 sui
2400 3651 2696 3717 dominum,
2719 3652 2812 3707 sed
2840 3668 2960 3709 esse
2986 3654 3211 3711 alterum
3236 3657 3458 3715 alterius
3482 3675 3722 3717 servum.
3743 3663 3879 3719 Cum

2293 3758 2424 3815 ergo
2454 3744 2653 3799 videris
2678 3748 3016 3801 meretricem
3049 3757 3104 3804 te
3126 3749 3192 3803 ad
3225 3762 3500 3820 peccatum
3528 3755 3877 3821 atlicientem,

2293 3833 2380 3889 die
2410 3852 2424 3887 :
2451 3833 2568 3891 Non
2595 3843 2681 3890 est
2709 3851 2887 3889 meum
2915 3852 3145 3907 corpus,
3178 3841 3272 3893 sed
3302 3842 3505 3897 uxoris.
3548 3843 3751 3900 Eadem
3794 3849 3878 3899 di-

2292 3934 2381 3979 cat
2409 3940 2545 3979 uxor
2566 3925 2697 3991 illis,
2719 3925 2810 3993 qui
2846 3928 3145 3982 castitatem
3175 3941 3327 3983 suam
3355 3930 3558 3986 violare
3585 3942 3835 4005 satagunt
3863 3956 3877 3990 :

2293 4017 2502 4084 Corpus
2534 4032 2710 4070 meum
2738 4031 2844 4071 non
2871 4026 2955 4073 est
2996 4034 3173 4073 meum
3194 4061 3212 4088 ,
3255 4021 3348 4077 sed
3377 4023 3494 4078 viri.
3536 4023 3593 4081 Si
3620 4041 3753 4083 vero
3778 4043 3880 4085 nec

2292 4108 2517 4161 maritus
2545 4121 2645 4173 nec
2676 4122 2809 4161 uxor
2839 4118 3153 4179 potestatem
3178 4114 3420 4183 corporis
3447 4115 3669 4181 habent,
3709 4120 3880 4173 multo

2292 4198 2468 4251 minus
2509 4198 2873 4266 pecuniarum.
2914 4199 3110 4256 Audite
3136 4218 3483 4275 quiscumque
3524 4210 3747 4264 maritos
3783 4210 3878 4265 ha-

2291 4288 2452 4355 betis,
2471 4297 2527 4343 et
2550 4289 2870 4359 quicumque
2902 4306 3115 4347 uxores.
3149 4292 3205 4348 Si
3234 4294 3376 4349 enim
3403 4309 3603 4366 corpus
3627 4299 3730 4353 sibi
3755 4316 3880 4369 pro-

2292 4382 2468 4449 prium
2518 4378 2718 4433 habere
2772 4396 2880 4436 non
2928 4382 3101 4449 licet,
3150 4384 3321 4438 multo
3369 4386 3545 4439 minus
3596 4392 3874 4457 pecunias.

2292 4472 2430 4525 Alibi
2476 4486 2608 4526 sane
2653 4488 2899 4545 magnam
2928 4475 3023 4528 dat
3060 4476 3254 4531 marito
3287 4479 3693 4546 pmrogativam
3720 4491 3770 4537 et
3820 4484 3874 4537 in

2290 4562 2441 4615 Nnvo
2465 4572 2519 4614 et
2549 4563 2599 4615 in
2626 4562 2805 4619 Veteri
2832 4564 3177 4620 Testamento
3195 4565 3380 4621 dicens
3400 4607 3415 4631 ,
3440 4567 3521 4623 Ad
3539 4570 3703 4624 virum
3734 4583 3875 4625 tuum

2292 4656 2549 4707 conversio
2580 4665 2665 4708 tua
2686 4698 2700 4722 ,
2729 4667 2774 4709 et
2804 4659 2913 4725 ipse
2941 4658 3029 4710 tibi
3065 4657 3414 4711 dominabitur
3438 4659 3456 4729 (
3478 4658 3604 4715 Gen.
3635 4662 3690 4717 3.
3719 4663 3791 4718 16
3815 4665 3834 4734 )
3858 4682 3870 4728 ;

2295 4745 2487 4800 Paulus
2518 4756 2693 4800 autem
2724 4749 2800 4803 sic
2840 4748 3085 4803 dividens
3113 4758 3167 4802 et
3192 4748 3431 4803 scribens
3470 4768 3484 4802 :
3522 4751 3645 4819 Viri,
3676 4754 3876 4825 diligite

2291 4854 2476 4891 uxores
2500 4854 2515 4899 ;
2540 4854 2668 4891 uxor
2705 4850 2871 4893 autem
2901 4841 3072 4894 timeat
3101 4841 3264 4893 virum
3287 4840 3508 4910 (Ep/tes.
3535 4845 3590 4898 5.
3618 4846 3713 4915 25)
3739 4866 3750 4901 :
3790 4848 3875 4903 hic

2292 4944 2420 4995 vero
2450 4930 2733 4995 nonultra
2779 4932 2953 5000 majus
2982 4941 3072 4984 aut
3116 4931 3290 4984 minus
3338 4935 3519 5000 ponit,
3566 4938 3658 4991 sed
3707 4956 3872 4994 unam

2292 5029 2629 5089 potestatem.
2683 5022 2905 5089 Quare?
2947 5021 3080 5088 Quia
3127 5020 3196 5073 de
3242 5025 3488 5080 castitate
3533 5042 3712 5083 sermo
3766 5032 3872 5099 ipsi

2289 5121 2421 5165 erat.
2472 5111 2526 5163 lu
2571 5111 2691 5167 aliis
2717 5112 2929 5181 quidem
2960 5112 3399 5180 prmrogativam,
3434 5115 3603 5185 inquit
3625 5157 3639 5179 ,
3674 5117 3871 5171 habeat

2292 5203 2511 5257 maritus
2537 5223 2547 5255 :
2576 5204 2661 5258 ubi
2689 5213 2866 5258 autem
2894 5202 2963 5257 de
2985 5201 3307 5256 continentia
3330 5206 3507 5275 agitur
3525 5250 3539 5269 .
3570 5224 3673 5262 non
3713 5209 3867 5262 item.

2299 5294 2387 5347 Vir
2435 5306 2726 5363 potestatem
2762 5293 2840 5347 sui
2888 5294 3114 5361 corporis
3155 5310 3255 5347 non
3295 5297 3464 5363 habet,
3506 5312 3670 5366 neque
3711 5314 3867 5352 uror.

2290 5389 2447 5441 Multa
2477 5398 2559 5442 cst
2596 5388 2871 5457 aequalitas
2896 5427 2908 5449 ,
2940 5396 2993 5439 et
3039 5386 3180 5439 nulla
3214 5390 3585 5459 prerogativa.

2354 5474 2881 5550 Cunjugiijura.-7i.
2898 5476 3069 5529 Noi'ite
3095 5480 3337 5549 fraudare
3360 5481 3591 5543 inuicem,
3608 5479 3707 5532 nisi
3738 5481 3867 5547 fort;

2288 5558 2643 5623 εχέοηιυηδυ.
2674 5567 2812 5632 Quid
2860 5568 2957 5622 hoc
2988 5571 3112 5623 est?
3138 5570 3215 5624 Ne
3242 5586 3301 5625 se
3341 5570 3633 5632 contineat,
3669 5568 3863 5638 inquit,

2290 5677 2421 5713 nwr
2451 5662 2643 5714 marito
2685 5659 2903 5713 nolente
2928 5702 2941 5721 ,
2975 5676 3147 5730 neque
3190 5661 3419 5713 maritus
3464 5659 3627 5713 invita
3658 5675 3861 5719 uxore.

2287 5754 2495 5818 Quare?
2520 5752 2651 5818 Quia
2681 5764 2865 5819 magna
2884 5766 2945 5806 ex
2974 5752 3060 5808 tali
3084 5751 3407 5807 continentia
3430 5751 3671 5805 oriuntur
3703 5758 3861 5806 mata:

3242 5957 3265 5991 θ
