4070 6322
148 337 236 392 153

144 471 251 508 naut
279 461 332 507 et
357 451 650 519 adulteria,
674 457 729 506 et
757 447 1138 504 fornicationes
1165 455 1219 502 et
1242 447 1524 500 domorum
1556 458 1710 497 ever—

145 547 306 601 siones
327 561 476 617 sa-pe
502 544 627 600 inde
660 550 999 611 consequuta
1026 549 1168 595 sunt.
1199 538 1252 594 Si
1281 537 1422 593 enim
1441 554 1559 592 cum
1583 554 1717 591 uxo-

150 659 223 696 res
249 641 504 704 habeant,
539 637 892 702 fornicamur,
925 634 1091 689 multo
1117 633 1282 703 magis
1303 633 1347 686 si
1376 633 1493 687 illos
1520 633 1587 687 ab
1621 634 1719 687 hac

144 735 502 790 consolatione
554 730 864 803 privaveris.
897 732 963 786 Et
991 741 1136 787 recte
1183 733 1336 795 dixit,
1374 727 1549 782 Nolite
1573 729 1717 797 frau-

147 829 269 890 dare,
304 825 552 880 fraudem
582 824 667 879 hic
694 834 746 878 et
771 822 1010 878 debitum
1041 823 1287 892 superius
1313 820 1588 890 appellans
1612 861 1626 884 ,
1661 828 1716 872 ut

147 918 422 971 dominium
455 921 634 984 majus
667 917 994 971 ostenderet.
1024 917 1156 970 Nam
1193 916 1356 968 invito
1385 917 1552 968 altero
1577 914 1714 967 alle-

148 1025 249 1062 rum
271 1025 326 1062 sc
347 1011 629 1062 continere
651 1049 664 1071 ,
691 1009 816 1063 illud
836 1017 917 1064 est
934 1008 1209 1072 fraudare;
1235 1019 1458 1076 utroque
1480 1006 1713 1069 volante,

147 1116 236 1152 non
264 1100 411 1153 item.
447 1100 566 1153 Νοιι
597 1101 758 1163 enim,
784 1103 827 1154 si
857 1112 1136 1169 postquam
1188 1099 1316 1153 mihi
1362 1086 1710 1168 persuaseris,

147 1193 326 1262 aliquid
355 1209 424 1248 ex
449 1195 587 1248 meis
613 1196 861 1263 accipias,
899 1193 1130 1247 fraudari
1160 1209 1244 1248 me
1273 1193 1414 1247 dico.
1444 1191 1541 1256 Qui
1572 1191 1711 1243 enim

145 1284 203 1336 ab
230 1284 389 1337 invito
414 1296 470 1339 et
503 1301 599 1352 per
621 1288 723 1338 vim
749 1296 935 1340 coacto
964 1287 1174 1354 accipit,
1203 1286 1290 1338 ille
1309 1285 1537 1337 fraudat.
1561 1281 1716 1348 Quod

147 1376 308 1430 multa:
337 1377 592 1431 mulieres
625 1379 842 1440 faciunt,
873 1394 990 1449 quae
1020 1388 1292 1448 peccatum
1317 1377 1603 1430 admittunt
1623 1377 1710 1445 ju-

145 1466 324 1519 stitiam
357 1483 716 1538 exsuperans,
768 1480 823 1524 et
852 1470 951 1524 hac
1001 1471 1204 1525 ratione
1233 1469 1464 1525 libidinis
1492 1469 1713 1523 marito-

145 1573 248 1612 rum
287 1561 334 1612 in
364 1561 521 1630 culpa
551 1569 718 1628 sunt,
751 1563 1034 1631 omniaque
1071 1563 1123 1616 in
1172 1562 1558 1616 dissensionem
1592 1576 1710 1614 rer-

147 1659 263 1704 tunl.
289 1651 511 1720 Oportet
530 1663 706 1707 autem
729 1655 1068 1709 concordiam
1092 1655 1336 1708 omnibus
1361 1664 1709 1724 anteponere,

144 1745 249 1811 quia
300 1745 397 1799 hoc
438 1746 692 1800 omnibus
718 1755 798 1800 est
827 1746 1238 1814 prmfcrendum.
1266 1746 1332 1798 Et
1359 1748 1400 1799 si
1437 1747 1625 1814 placet,
1659 1748 1707 1799 id

146 1835 188 1885 in
216 1835 366 1888 rebus
397 1836 533 1903 ipsis
583 1836 967 1888 cxamiuemus.
998 1836 1116 1888 Sint
1145 1851 1277 1888 uxor
1303 1845 1356 1889 et
1384 1837 1626 1899 maritus,
1657 1847 1710 1890 et

145 1941 190 1978 se
211 1927 472 1980 contineat
507 1941 641 1980 uxor
669 1929 881 1981 nolente
909 1928 1102 1981 marito
1133 1947 1146 1981 :
1176 1927 1303 1997 quid
1332 1943 1458 1996 ergo
1479 1969 1493 1992 ,
1545 1929 1588 1982 si
1620 1929 1710 1980 ille

146 2015 253 2069 hinc
279 2015 342 2069 ad
371 2015 750 2070 fornicandum
783 2018 1102 2082 inducatur;
1149 2028 1240 2072 aut
1270 2034 1372 2072 non
1419 2020 1710 2074 fornicatur

143 2109 358 2177 quidem,
389 2112 485 2165 sed
516 2111 713 2174 doleat,
752 2111 993 2166 turbetur
1014 2154 1027 2174 ,
1062 2113 1392 2177 incendatur,
1425 2123 1620 2181 pugnet
1648 2128 1708 2165 ac

147 2203 316 2272 litiget,
345 2213 399 2256 et
426 2205 706 2257 innumera
738 2206 886 2257 uxori
918 2207 1126 2272 negotia
1153 2206 1443 2258 exhibeat?
1470 2205 1592 2274 quid
1621 2206 1700 2257 lu-

143 2293 206 2345 cri
234 2308 290 2346 ex
315 2294 522 2362 jejunio
551 2305 602 2348 et
631 2296 956 2350 continentia
981 2337 992 2360 ,
1023 2311 1142 2350 cum
1171 2299 1364 2350 caritas
1404 2298 1567 2350 hacta
1597 2298 1703 2350 sit?

144 2384 284 2438 Nihil.
321 2390 460 2451 Quot
505 2388 647 2440 enim
677 2388 800 2443 inde
826 2389 1084 2453 convicia,
1117 2400 1242 2458 quot
1275 2390 1502 2458 negotia,
1530 2405 1702 2459 quau-

145 2487 235 2529 tam
266 2479 458 2532 bellum
493 2480 794 2532 necessario
812 2479 1042 2533 oriatur!

202 2567 249 2620 9..
281 2567 412 2622 Cum
447 2571 591 2623 enim
648 2570 790 2623 domi
840 2571 1061 2624 maritus
1113 2579 1167 2624 et
1218 2586 1351 2624 uxor
1403 2571 1698 2636 dissident,

144 2674 232 2712 non
280 2661 468 2718 melius
513 2676 570 2714 se
603 2660 819 2716 habebit
862 2661 1073 2725 domus,
1125 2677 1282 2729 quam
1316 2663 1464 2715 navis
1508 2664 1699 2732 agitata

145 2761 457 2817 tempestate,
489 2752 845 2820 gubernatore
868 2755 954 2820 qui
987 2754 1052 2805 ab
1077 2769 1140 2806 eo
1166 2770 1376 2821 proratn
1411 2755 1544 2823 regit
1592 2756 1698 2809 dis—

140 2842 398 2894 sentiente.
460 2842 690 2910 ldeoque
719 2843 791 2895 ait
822 2860 833 2895 :
866 2841 1040 2894 Nolite
1067 2846 1308 2911 fraudare
1334 2846 1562 2910 invicem,
1602 2848 1698 2899 nisi

141 2932 326 2993 [orleex
345 2949 592 2984 consensu
615 2933 680 2984 ad
695 2942 888 2998 tempus
914 2943 967 2984 ut
993 2934 1172 2984 vacetis
1175 2935 1373 3004 jejunio
1398 2945 1440 2986 et
1459 2938 1695 2998 orationi;

139 3023 196 3076 de
232 3024 466 3076 oratione
501 3038 621 3075 cum
652 3022 839 3091 majori
879 3023 1055 3076 studio
1086 3022 1216 3076 facta
1240 3025 1323 3078 hic
1354 3026 1596 3094 loquens.
1639 3025 1695 3081 Si

138 3113 261 3166 enim
280 3129 429 3167 orare
455 3114 734 3183 prohibeat
750 3113 937 3182 eosqui
952 3113 1089 3168 inter
1105 3131 1162 3170 se
1179 3127 1390 3182 coeunt,
1413 3117 1696 3184 illud,Sine

139 3205 510 3260 intermissione
536 3221 711 3270 orare,
736 3206 1001 3275 quomodo
1030 3207 1199 3260 locum
1223 3217 1276 3260 et
1306 3218 1510 3276 tempus
1531 3209 1692 3262 habe-

138 3295 236 3348 bit?
265 3297 383 3350 licet
415 3311 542 3365 ergo
576 3306 628 3349 et
656 3311 776 3355 cum
813 3310 976 3348 uxore
1001 3297 1440 3350 coosuetudinem
1477 3299 1691 3362 hahere,

139 3397 183 3438 et
210 3388 426 3440 orationi
473 3374 822 3442 incumbere:
853 3387 944 3440 sed
979 3403 1071 3454 per
1098 3389 1479 3442 continentiam
1511 3407 1693 3458 preca-

141 3475 202 3528 tio
216 3476 504 3530 accuratior
534 3477 790 3531 redditur.
818 3477 929 3531 Non
951 3477 1092 3530 enim
1115 3478 1426 3545 simpliciter
1449 3479 1598 3545 dixit,
1625 3481 1695 3536 Ut

140 3567 314 3632 oretis;
366 3568 459 3621 sed
495 3567 564 3621 Ut
616 3570 817 3629 vacetis,
850 3577 1031 3636 utpote
1077 3584 1195 3622 cum
1245 3585 1330 3623 res
1363 3573 1691 3626 vocationem

142 3658 366 3724 praebeat,
401 3659 494 3713 sed
527 3673 631 3712 non
666 3659 1078 3714 immunditiam.
1108 3659 1172 3712 Et
1192 3663 1369 3714 iterum
1398 3664 1445 3714 in
1472 3663 1690 3732 idipsum

140 3751 385 3814 conuenite,
421 3765 482 3801 ne
509 3758 656 3801 tentet
698 3765 781 3802 vos
807 3759 1032 3805 satanas.
1063 3749 1140 3804 Nc
1189 3751 1458 3806 videretur
1508 3756 1647 3808 enim
1675 3798 1690 3821 ,

142 3851 236 3888 rem
262 3852 377 3892 esse
407 3838 523 3907 lege
563 3839 907 3892 constitutam
930 3879 943 3901 ,
974 3853 1189 3892 causam
1219 3841 1384 3895 addit.
1437 3842 1689 3909 Quantam

142 3929 214 3980 illa
239 3931 338 3983 est?
361 3929 442 3984 Ne
463 3939 614 3986 tentet
647 3946 729 3984 vos
747 3939 969 3984 satanas.
999 3931 1062 3984 Et
1089 3940 1147 3985 ut
1173 3932 1346 3986 discas
1375 3950 1477 3988 non
1504 3937 1689 3990 diabo-

142 4019 232 4072 lum
257 4030 450 4074 tantum
479 4022 725 4075 adulterii
773 4036 988 4075 causam
1031 4037 1170 4087 esse,
1199 4023 1473 4092 subjunxit
1508 4043 1521 4078 :
1555 4025 1689 4080 Pro-

143 4122 232 4175 pter
249 4114 653 4167 incontinentiam
679 4121 912 4167 vestram.
945 4115 997 4166 6.
1039 4113 1150 4166 Hoc
1174 4125 1340 4168 autem
1379 4118 1489 4170 dico
1516 4135 1688 4172 secun-

141 4207 242 4256 dum
265 4208 623 4277 indulgentiam
648 4249 662 4271 ,
696 4224 796 4260 non
834 4208 1108 4261 secundum
1157 4210 1441 4278 imperium.
1475 4212 1524 4267 7.
1566 4213 1692 4267 Volo

142 4309 287 4351 autem
315 4316 480 4353 omnes
515 4300 740 4353 homines
765 4316 872 4354 esse
900 4301 1029 4352 sicut
1057 4302 1321 4368 nteipsum,
1347 4303 1398 4354 in
1436 4306 1689 4358 continen-

143 4388 218 4440 tia.
250 4389 353 4443 lloc
389 4404 532 4458 saepe
559 4389 714 4454 facit,
743 4388 955 4459 quando
986 4403 1071 4443 res
1101 4389 1343 4444 difficiles
1375 4392 1562 4445 suadet
1589 4408 1602 4444 :
1632 4412 1689 4448 se

143 4479 186 4532 in
212 4483 370 4536 medio
399 4483 547 4553 ponit
567 4491 621 4536 et
645 4483 737 4544 ait,
765 4481 1047 4535 lmitatores
1075 4484 1168 4534 mei
1200 4491 1367 4536 estote.
1396 4484 1499 4537 Sed
1532 4502 1686 4538 unus-

142 4574 323 4638 quisque
368 4575 628 4643 proprium
675 4572 865 4625 donum
914 4573 1058 4625 habet
1087 4589 1149 4625 ea:
1174 4571 1302 4637 Deo,
1331 4573 1464 4627 alius
1491 4576 1688 4636 quidem

142 4662 218 4724 sic,
243 4665 365 4717 alius
391 4681 504 4718 vero
525 4665 598 4717 sic
629 4664 676 4734 (l
693 4706 704 4718 .
724 4663 842 4717 Cor.
863 4665 918 4718 4.
948 4662 1060 4733 16).
1084 4663 1212 4730 Quia
1236 4663 1375 4717 enim
1397 4665 1546 4718 valde
1571 4667 1690 4720 illos

143 4757 378 4809 accusavit
403 4757 606 4819 dicens,
635 4755 850 4824 PrOpler
873 4755 1285 4807 incontinentiam
1310 4766 1538 4818 vestram,
1567 4772 1687 4808 rur-

144 4859 220 4898 sus
245 4847 377 4914 ipsos
403 4848 710 4902 consolatus
729 4856 809 4901 est
827 4846 1170 4915 subjungens,
1196 4844 1540 4917 Unusquisque
1567 4865 1681 4916 pro-

145 4937 287 5001 prium
314 4939 495 4991 donum
535 4939 681 4991 habet
704 4954 766 4990 ex
789 4937 928 5000 Deo;
957 4952 1059 4990 non
1092 4939 1190 4989 hoc
1213 4936 1513 5002 declarans,
1547 4939 1686 5006 quod

147 5025 228 5080 hoc
255 5037 385 5083 recte
414 5029 606 5083 factum
638 5038 823 5082 nostro
853 5027 1026 5082 studio
1057 5042 1160 5080 non
1209 5038 1391 5097 egeat;
1446 5032 1539 5082 sed
1567 5071 1578 5092 ,
1636 5041 1688 5082 ut

148 5122 270 5184 prius
294 5120 416 5188 dixi,
445 5120 732 5175 Consolans
755 5120 893 5173 illos.
927 5119 1054 5172 Natu
1085 5120 1126 5171 si
1159 5119 1355 5172 donum
1389 5129 1490 5184 est,
1517 5129 1570 5174 et
1606 5122 1680 5172 ni-

146 5210 205 5264 hil
248 5212 394 5265 homo
440 5212 506 5266 ad
558 5215 657 5264 hoc
697 5212 870 5276 affert,
919 5209 1184 5280 quomodo
1237 5209 1408 5262 dicis?
1453 5210 1505 5262 8.
1563 5211 1687 5260 Dii-o

145 5313 284 5355 autem
306 5320 398 5356 non
425 5304 595 5373 nuptis
619 5313 662 5355 et
691 5303 852 5354 viduis
877 5319 896 5357 :
929 5305 1110 5356 bonum
1147 5311 1217 5356 est
1245 5302 1366 5366 illis,
1395 5301 1439 5354 si
1466 5302 1536 5354 sic
1578 5319 1689 5368 per—

146 5397 382 5448 manserint
410 5407 463 5447 ut
490 5411 602 5464 ego.
632 5395 683 5448 9.
719 5395 867 5458 Quod
893 5395 935 5448 si
963 5411 1014 5447 se
1045 5410 1142 5447 non
1166 5393 1438 5458 continent,
1475 5395 1683 5445 nubant.

151 5478 354 5538 Vidistin‘
391 5484 540 5539 Pauli
587 5483 902 5550 sapientiam
930 5526 944 5549 ,
990 5484 1257 5553 quomodo
1313 5495 1364 5538 et
1410 5484 1684 5538 meliorem

144 5576 355 5632 ostendat
379 5593 494 5634 esse
517 5576 919 5639 continentiam.
946 5586 998 5630 et
1029 5591 1132 5630 non
1159 5585 1313 5645 cogat
1332 5590 1448 5628 eum
1469 5576 1554 5644 qui
1581 5593 1682 5629 non

147 5666 426 5735 33aﬁ10illll',
459 5670 652 5723 timens
683 5684 749 5722 nc
776 5667 827 5721 in
857 5667 1059 5735 lapsum
1078 5667 1370 5720 incidatur?
1402 5664 1585 5718 Melius
1614 5678 1684 5718 est

144 5753 254 5806 enim
276 5759 466 5828 nubere,
499 5777 652 5830 quam
685 5759 780 5813 uri.
813 5759 1066 5816 lndicavit
1093 5767 1286 5828 quanta
1331 5757 1408 5815 sit‘
1425 5759 1680 5828 concUpi-

1184 329 1249 386 ΙΝ
1289 328 1498 386 EPIST.
1543 325 1560 381 1
1624 325 1716 380 AD
1755 325 1905 379 CUR.
1952 327 2155 385 IIOMIL
2216 330 2356 390 XlX.

1795 4569 1920 4622 ditia
1974 4570 2214 4624 mulieris
2266 4571 2360 4624 viri
2428 4573 2816 4626 immunditiam

3300 353 3398 410 ιδι

1830 448 2045 500 scentize
2075 448 2331 523 tyrannis.
2364 453 2472 509 Hoc
2501 468 2678 514 autent
2712 463 2820 516 vult
2843 466 3145 534 significare
3177 489 3186 521 :
3220 471 3273 525 Si
3299 474 3399 524 vim

1828 536 2048 592 multam
2101 550 2153 594 et
2196 551 2382 597 aestum
2437 552 2650 615 pateris,
2681 567 2709 604 a
2775 554 3045 612 laboribus
3095 567 3146 612 et
3186 562 3401 617 sudori—

1824 629 1921 683 bus
1971 640 2020 684 te
2050 633 2237 696 libera,
2287 651 2353 690 ne
2381 637 2514 694 forte
2561 644 2905 702 subvcrtaris.
2965 651 3049 706 10.
3106 654 3181 708 lis
3211 666 3396 712 autem.

1822 724 1905 787 qui
1956 726 2278 779 matrimonio
2313 731 2482 797 juncti
2523 745 2659 798 sunt,
2710 741 2965 808 prazcipio,
3007 761 3104 797 non
3158 762 3266 814 ego,
3313 749 3400 800 sed

1824 811 2090 869 Dominus.
2122 817 2254 884 Quia
2291 820 2459 891 legem
2498 825 2713 883 disertis
2742 831 2918 886 verbis
2945 850 2972 884 a
2997 811 3213 890 Christo
3238 840 3397 893 latam

1822 915 1899 958 est
1922 907 2174 974 lecturus,
2209 909 2274 964 de
2301 928 2462 969 uxore
2494 933 2599 971 non
2619 918 2931 975 dimittenda
2958 926 3058 978 nisi
3086 929 3153 980 sit
3174 929 3402 985 fornica.

1824 1004 1894 1061 ta,
1931 1009 2207 1067 propterea
2238 1002 2396 1067 dicit,
2449 1006 2570 1060 Non
2600 1026 2709 1079 ego.
2765 1013 2894 1065 Nam
2926 1031 3042 1082 quae
3073 1019 3216 1086 prius
3259 1021 3397 1075 dicta

1820 1095 1960 1156 sunt,
1990 1097 2195 1150 etiamsi
2227 1113 2332 1151 non
2378 1099 2588 1155 disertis
2631 1105 2805 1158 verbis
2852 1107 2986 1161 dicta
3021 1109 3125 1162 sint
3147 1151 3160 1173 ,
3197 1113 3292 1177 ipsi
3323 1126 3400 1167 ta-

1821 1201 1940 1240 men
1972 1201 2030 1240 ea
2080 1204 2199 1244 esse
2247 1190 2512 1244 videntur.
2569 1196 2633 1246 At
2663 1196 2762 1250 hoc
2789 1198 3002 1265 quidem
3051 1201 3140 1254 ille
3185 1203 3402 1258 disertis

1822 1279 1999 1333 verbis
2024 1281 2239 1337 tradidit
2272 1303 2283 1337 :
2319 1284 2494 1353 itaque
2527 1286 2677 1352 illud,
2712 1287 2852 1358 Ego,
2880 1303 2932 1345 ct
2974 1293 3089 1346 Non
3119 1313 3228 1363 ego,
3262 1298 3399 1352 hanc

1823 1371 2016 1426 habent
2046 1373 2423 1431 differentiam.
2457 1378 2533 1433 Ne
2555 1381 2695 1433 enim
2729 1398 2820 1435 sua
2852 1399 2969 1437 esse
3002 1386 3228 1442 humana
3255 1400 3398 1458 puta-

1819 1478 1923 1525 res,
1958 1463 2076 1518 ideo
2105 1465 2378 1534 subjunxit
2410 1486 2421 1520 :
2454 1469 2587 1522 Puto
2617 1473 2748 1526 enim
2773 1476 2908 1538 quod
2932 1487 2977 1527 et
3009 1494 3100 1547 ego
3145 1481 3398 1542 Spiritum

1818 1552 1912 1606 Dei
1942 1555 2173 1608 habeam.
2198 1557 2335 1623 Quid
2365 1567 2448 1612 est
2475 1575 2623 1629 ergo,
2654 1564 2792 1631 quod
2825 1565 3082 1621 Dominus
3101 1572 3396 1638 conjugatis

1818 1649 2069 1715 prmcepit
2090 1690 2103 1713 ,
2137 1649 2354 1703 Uxorem
2388 1668 2418 1704 a
2447 1654 2552 1704 viro
2599 1671 2699 1707 non
2725 1657 2977 1710 discedere
3003 1660 3028 1711 ?
3057 1661 3139 1713 ll.
3173 1665 3306 1727 quod
3355 1668 3397 1715 si

1815 1738 2115 1806 discesserit,
2148 1752 2343 1795 ntaneat
2374 1744 2606 1813 innupta,
2633 1757 2718 1798 aut
2760 1748 2863 1800 viro
2885 1766 2973 1801 stto
3005 1749 3386 1806 reconcilietur:

1815 1840 1858 1880 et
1885 1833 1956 1881 vir
1986 1847 2192 1884 uxorein
2221 1851 2321 1886 non
2348 1835 2584 1888 dimittat.
2613 1836 2743 1903 Quia
2777 1841 2916 1893 enim
2946 1850 2999 1894 et
3028 1855 3243 1910 prOpter
3267 1861 3395 1898 con.

1817 1923 2088 1976 tinentiam
2117 1933 2171 1977 et
2198 1935 2414 1993 propter
2435 1927 2569 1982 alios
2618 1929 2864 1984 obtentus
2911 1942 2961 1985 et.
3007 1932 3393 1999 dissensiones,

1814 2013 2238 2068 (1ᾱγίμίοιιεε1ὶοῐὶ
2266 2017 2641 2086 contingebat;
2677 2021 2862 2074 melius
2889 2024 3102 2090 quidem
3132 2042 3157 2076 a
3195 2029 3393 2094 princi-

1816 2105 1902 2172 pio
1944 2105 2150 2170 fuisset,
2184 2122 2288 2160 non
2321 2107 2407 2160 illa
2436 2106 2549 2162 ﬁeri
2576 2151 2593 2175 ,
2629 2111 2721 2163 sed
2751 2111 2792 2164 si
2825 2111 2961 2165 facta
2994 2122 3136 2177 sunt,
3180 2129 3395 2171 maneat

1816 2212 1947 2249 uxor
1986 2214 2106 2250 cum
2152 2199 2284 2259 viro,
2314 2200 2412 2252 etsi
2445 2217 2546 2254 non
2587 2202 2650 2254 ad
2699 2205 3063 2271 Concubitum,
3118 2216 3292 2263 Lumen
3339 2221 3398 2266 ut

1813 2290 2014 2342 nullum
2045 2291 2205 2343 alium
2239 2291 2453 2345 inducat
2478 2294 2668 2346 virmn.
2717 2295 2799 2347 l2.
2834 2295 3039 2350 Ca‘leris
3090 2309 3256 2352 autent
3303 2319 3392 2371 ego

1811 2380 1942 2444 dico,
1969 2398 2068 2432 non
2101 2381 2345 2434 Dominus
2373 2399 2389 2436 :
2429 2382 2487 2435 Si
2517 2385 2626 2452 quis
2669 2389 2826 2452 frater
2851 2404 3054 2440 uxorem
3084 2391 3263 2442 [tabent
3306 2396 3387 2446 in-

1812 2472 2029 2538 ﬁdelem,
2059 2483 2106 2526 et
2133 2474 2236 2526 ham
2258 2478 2500 2528 consentit
2530 2477 2754 2530 habitare
2782 2496 2893 2531 cum
2917 2481 3024 2544 illo,
3056 2500 3151 2535 non
3176 2485 3391 2538 dimittat

1810 2564 1970 2615 illam.
2009 2565 2092 2618 15.
2120 2564 2184 2616 Et
2205 2567 2247 2618 si
2267 2583 2364 2630 qua
2395 2569 2573 2620 mulier
2603 2570 2782 2622 habeat
2815 2571 2972 2622 virum
3019 2574 3270 2638 inﬁdelem
3300 2620 3310 2640 ,
3345 2589 3393 2630 et

1812 2655 1892 2706 hic
1939 2656 2178 2708 consentit
2206 2657 2430 2711 habitare
2468 2677 2579 2711 cum
2626 2660 2736 2726 illa,
2793 2679 2889 2713 non
2930 2666 3147 2717 dimittat
3203 2668 3386 2721 virum.

1808 2747 2265 2812 Quemadmmlum
2307 2750 2447 2802 enim
2475 2766 2593 2803 cum
2627 2751 2933 2820 loqueretur
2959 2755 3023 2807 de
3053 2760 3392 2823 separatione

1813 2852 1840 2888 a
1871 2837 2306 2906 l'ornicatoribus,
2337 2842 2677 2895 correctione
2720 2844 2944 2910 quadam
2977 2861 3086 2898 rem
3116 2846 3385 2902 difticilem

1809 2928 2037 2982 reddidit
2081 2929 2285 2995 dicens,
2332 2929 2396 2982 Et
2424 2948 2521 2985 non
2550 2934 2718 3002 utique
2758 2953 2788 2986 a
2818 2937 3206 3003 {ornicatoribus
3234 2942 3387 3008 hujus

1813 3020 1988 3070 mundi
2020 3036 2034 3070 :
2062 3021 2138 3073 sic
2167 3030 2218 3071 et
2245 3020 2345 3073 hoc
2374 3021 2491 3074 loco
2523 3037 2763 3092 magnam
2794 3027 3021 3093 providit
3070 3044 3186 3083 esse
3218 3032 3384 3084 facili—

1811 3116 1968 3162 tatem
2002 3125 2014 3161 :
2039 3109 2228 3178 Siquis
2245 3119 2334 3164 aut
2359 3126 2491 3164 uxor
2512 3114 2705 3177 virum,
2735 3125 2825 3168 aut
2853 3117 2932 3169 vir
2957 3135 3173 3172 uxorem
3196 3120 3388 3176 habent

1810 3200 2098 3266 infidelem,
2129 3217 2196 3255 ne
2217 3201 2448 3256 dimittat
2477 3219 2616 3258 eam.
2642 3205 2776 3271 Quid
2799 3207 2930 3260 dicis
2951 3208 2972 3259 ?
2997 3210 3038 3262 si
3069 3211 3277 3278 quidem
3305 3215 3385 3265 in-

1804 3293 1971 3348 fidelis
2015 3295 2122 3358 sit,
2169 3305 2380 3349 maneat
2423 3311 2541 3350 cum
2582 3313 2780 3360 uxore;
2831 3302 2874 3353 si
2922 3301 3228 3367 fornicator,
3284 3321 3388 3360 non

1803 3383 1970 3435 item?
2014 3399 2331 3453 quamquam
2388 3387 2560 3440 minus
2603 3399 2682 3442 est
2741 3401 3014 3458 peccatum
3064 3394 3379 3458 fornicatio;

1802 3475 1892 3525 sed
1912 3475 2046 3527 Deus
2077 3475 2180 3527 tuis
2217 3475 2373 3529 rebus
2397 3478 2549 3531 valde
2579 3481 2765 3546 parcit.
2798 3481 2908 3535 lloc
2936 3485 3093 3535 etiam
3123 3486 3172 3537 in
3219 3489 3387 3540 sacri-

1800 3561 1920 3615 ﬁcio
1953 3563 2096 3630 facit,
2128 3565 2309 3619 dicens
2341 3583 2352 3616 :
2388 3565 2596 3620 Dimitte
2620 3571 2944 3637 sacriﬁcium,
2982 3585 3024 3626 et
3070 3580 3396 3632 reconciliare

1799 3657 1948 3722 fratri
1972 3667 2057 3709 tuo
2104 3657 2314 3725 (Matth.
2345 3659 2394 3713 5.
2421 3660 2534 3727 94).
2567 3661 2638 3714 lta
2666 3663 2824 3716 etiam
2856 3665 3001 3718 illum
3032 3709 3043 3730 ,
3081 3671 3168 3736 qui
3198 3668 3391 3725 decem

1801 3749 1960 3800 tnillia
2015 3749 2206 3803 talenta
2253 3748 2480 3804 debebat
2531 3754 2668 3819 sibi,
2727 3769 2829 3809 non
2884 3759 3114 3824 punivit;
3166 3775 3386 3815 conser—

1800 3857 1920 3892 vum
1974 3850 2150 3894 autem
2216 3851 2426 3896 centum
2483 3844 2731 3898 denarios
2778 3847 3075 3915 exigentem
3118 3852 3385 3920 supplicio

1798 3931 1989 3985 affecit.
2015 3931 2230 3995 Deinde,
2269 3949 2333 3985 ne
2362 3935 2569 3988 timeret
2604 3937 2812 3999 mulier,
2844 3953 2910 3990 ne
2933 3951 3151 4008 prOpter
3178 3943 3373 3996 coitum

1797 4031 1940 4077 esset
1979 4020 2286 4087 immunda,
2336 4025 2464 4078 dicit
2514 4043 2525 4078 :
2582 4027 2669 4079 14.
2723 4029 3084 4095 Sanctiﬁcatus
3135 4046 3205 4086 est
3248 4038 3388 4088 enim

1798 4115 1871 4165 vir
1910 4113 2130 4180 inﬁdelis
2178 4130 2265 4181 per
2291 4116 2582 4179 mulierem,
2636 4128 2681 4168 et
2709 4120 3024 4186 sanctiﬁcata
3081 4133 3151 4175 est
3201 4127 3380 4178 mulier

1796 4204 2012 4270 inﬁdelis
2064 4221 2149 4273 per
2181 4207 2360 4258 virum.
2394 4207 2550 4275 Atqui
2578 4207 2620 4260 si
2674 4209 2736 4273 is,
2785 4211 2870 4276 qui
2900 4214 3166 4266 meretrici
3197 4216 3378 4268 adlim-

1796 4306 1896 4359 ret,
1931 4312 2089 4348 unum
2121 4312 2314 4364 corpus
2362 4307 2477 4362 est,
2528 4300 2699 4367 palam
2747 4309 2828 4354 est
2876 4316 3016 4366 eam,
3063 4319 3179 4371 qua:
3210 4305 3380 4359 idolo-

1797 4387 1944 4438 latrm
1991 4386 2250 4449 adhaeret,
2313 4405 2472 4441 unum
2521 4404 2715 4457 corpus
2754 4406 2872 4445 esse
2908 4411 2918 4444 :
2951 4409 3110 4447 unum
3163 4398 3377 4465 quidem

1796 4491 1875 4533 est
1903 4494 2124 4548 corpus,
2173 4491 2224 4533 at
2269 4495 2373 4535 non
2408 4482 2464 4534 lit
2510 4481 2816 4547 immunda,
2871 4486 2962 4538 sed
3011 4487 3171 4540 vincit
3226 4506 3375 4541 mun-

2872 4591 2888 4628 ς
2943 4577 3104 4630 vincit
3167 4595 3378 4647 quoque

1798 4662 2052 4714 munditia
2088 4663 2184 4715 viri
2213 4662 2386 4716 ﬁdelis
2419 4663 2805 4718 immunditiam
2840 4669 3077 4722 mulieris
3123 4669 3372 4725 infidelis.

1866 4755 1917 4806 3.
1943 4755 2049 4806 Cur
2076 4769 2202 4823 ergo
2236 4753 2320 4807 hic
2357 4755 2491 4806 victa
2518 4766 2598 4809 est
2619 4758 2968 4822 immunditia,
3001 4761 3220 4829 ideoque
3247 4777 3377 4816 con-

1795 4846 2004 4899 cubitus
2034 4845 2396 4913 permittitur;
2448 4848 2497 4899 in
2551 4849 2772 4902 muliere
2801 4861 2974 4903 autem
3007 4851 3241 4906 adultera
3273 4871 3381 4908 mn

1795 4938 1998 4992 crimini
2040 4938 2194 4992 datur
2229 4939 2377 5003 viro,
2421 4954 2540 4991 cum
2575 4940 2719 4993 illam
2750 4942 2929 5009 ejicit?
2957 4944 3086 5009 Quia
3116 4945 3209 4998 bic'
3255 4961 3382 5014 Spes

1795 5040 1875 5084 est
1903 5031 2014 5083 fore
2043 5038 2096 5082 ut
2126 5046 2218 5098 per
2245 5031 2641 5084 matrimonium
2674 5047 2792 5100 pars
2818 5033 2899 5084 illa
2925 5051 3038 5102 quae
3059 5035 3262 5102 peribat
3289 5052 3374 5089 sa-

1798 5123 1958 5175 lutem
1992 5131 2396 5190 consequatur;
2426 5123 2532 5175 illic
2572 5139 2694 5175 vero
2736 5125 3131 5180 mattimonium
3159 5127 3267 5195 jam
3294 5145 3378 5180 so-

1797 5211 1962 5263 lutum
2005 5218 2086 5264 cst
2119 5228 2127 5260 :
2155 5220 2206 5263 et
2237 5210 2342 5262 illic
2366 5211 2581 5279 quidem
2611 5213 2768 5264 ambo
2799 5227 3249 5282 cortttmpttntur,
3294 5218 3378 5269 hic

1796 5315 1922 5354 vero
1949 5301 2166 5354 alterius
2193 5301 2393 5355 crimen
2434 5312 2529 5354 est.
2563 5303 2799 5371 Exempli
2829 5320 2982 5356 causa
3019 5323 3028 5355 :
3059 5322 3178 5374 qum
3209 5310 3376 5360 torni-

1794 5401 1907 5444 cata
1939 5392 2031 5444 fuit
2055 5434 2069 5456 ,
2102 5392 2425 5446 exsecranda
2455 5403 2598 5447 certe
2625 5402 2723 5447 est.
2759 5394 2810 5447 Si
2841 5411 2965 5464 ergo
3007 5399 3090 5462 qui
3137 5398 3378 5452 adhreret

1797 5485 2059 5536 meretrici
2087 5524 2102 5547 ,
2142 5498 2303 5535 unum
2336 5498 2530 5552 corpus
2561 5492 2639 5536 est
2661 5526 2674 5549 ,
2701 5496 2754 5538 ct
2788 5487 3023 5551 impurus
3063 5488 3150 5540 ille
3183 5488 3240 5539 fit
3286 5492 3373 5553 qui

1794 5588 1913 5626 cum
1946 5574 2224 5628 meretrice
2251 5575 2538 5637 miscetur;
2585 5574 2702 5628 ideo
2757 5584 2902 5630 certe
2958 5585 3066 5629 tota
3108 5578 3370 5632 munditia

1794 5663 1990 5718 avolat.
2017 5664 2109 5718 llic
2140 5673 2312 5719 autem
2343 5679 2444 5716 non
2472 5665 2547 5718 sic
2573 5681 2585 5729 ;
2617 5665 2709 5719 sed
2736 5665 3037 5734 quomodo?
3067 5667 3371 5721 Immundas

1796 5767 1875 5812 cst
1906 5756 2180 5814 idololatra
2207 5798 2219 5824 ,
2255 5756 2345 5812 sed
2372 5757 2563 5812 mulier
2593 5773 2698 5813 non
2731 5769 2809 5814 est
2841 5759 3132 5814 immunda.
3165 5755 3304 5812 Nam
3331 5751 3382 5809 si.
