4070 6322
612 377 712 435 Ιῖίΰ

605 507 829 550 ευιιιυιιε
854 492 954 563 ipsi
975 499 1118 550 esset
1152 492 1203 548 in
1235 493 1324 549 illa
1353 492 1724 550 resecundum
1751 505 1910 562 quam
1954 488 2185 541 immun-

608 585 712 643 dtts
738 594 843 653 est,
873 584 925 640 in
951 585 1246 656 impietate,
1270 585 1508 656 inquam,
1537 585 1652 655 ipsa
1682 598 1895 655 quoque
1918 580 2187 636 immunda

608 678 746 736 foret
772 696 787 733 :
817 693 960 749 nunc
984 688 1162 735 autem
1198 679 1305 734 alio
1334 678 1496 733 modo
1524 666 1829 732 immundus
1856 685 1939 732 est
1963 674 2189 731 idolola-

607 778 719 835 tra;
761 770 815 824 in
856 770 961 825 alia
985 779 1165 825 autem
1191 786 1251 825 re
1278 770 1377 839 ipsi
1417 769 1659 841 jungitur
1688 784 1853 835 uxor,
1887 769 1936 822 in
1967 783 2069 838 qua
2102 767 2191 823 ille

608 862 917 919 immundus
938 879 1044 917 non
1069 872 1173 918 est.
1207 862 1541 918 Connubium
1563 862 1705 917 enim
1722 872 1804 917 est
1824 870 1879 917 et
1901 876 2189 931 corporum

605 955 816 1019 ntixtio,
846 955 899 1010 in
938 970 1042 1024 qua
1081 962 1165 1010 est
1209 956 1461 1011 societas.
1507 955 1588 1010 Ad
1630 954 1745 1009 haec
1792 970 1921 1009 vero
1959 969 2082 1023 spes
2108 960 2190 1007 est

605 1046 758 1102 ilum
807 1045 878 1101 ab
924 1060 1093 1101 uxore
1140 1055 1449 1101 revocatum
1498 1046 1599 1112 iri,
1648 1046 1733 1100 cui
1781 1045 2039 1100 adhteret.
2099 1044 2189 1097 Ille

607 1145 787 1191 autem
834 1136 971 1192 alius
1015 1152 1119 1191 non
1170 1136 1243 1191 ita
1282 1136 1438 1192 facile
1480 1134 1851 1207 (curabitur).
1905 1134 2189 1204 Quomodo

606 1228 697 1283 illa
741 1245 897 1296 uxor,
950 1244 1071 1299 quae
1100 1230 1272 1299 ipsum
1315 1230 1468 1301 prius
1517 1228 1779 1284 dedecore
1807 1228 2003 1290 alfecit.
2035 1236 2089 1282 et
2112 1228 2191 1282 al-

606 1320 709 1375 tcri
739 1335 799 1374 se
835 1319 1038 1375 dedidit
1074 1319 1302 1391 juraque
1338 1320 1660 1374 matrimonii
1691 1320 1962 1382 abolevit,
1996 1320 2185 1388 injuria

605 1408 855 1465 aﬂectnm
901 1425 1156 1466 revocare
1204 1411 1433 1481 poterit;
1466 1427 1586 1465 cum
1638 1412 1870 1466 maxime
1899 1411 1991 1467 ille
2034 1412 2186 1480 quasi

605 1504 918 1576 peregrinus
945 1504 1197 1559 maneat?
1228 1504 1495 1559 Praeterea
1522 1512 1699 1557 autem
1732 1512 1850 1573 post
1884 1502 2187 1558 fornicatio-

605 1610 727 1651 nem
752 1595 977 1650 maritus
999 1610 1103 1649 non
1120 1604 1205 1649 est
1226 1597 1359 1649 ultra
1387 1594 1641 1649 maritus:
1666 1594 1751 1649 hic
1769 1602 1947 1651 autem
1968 1594 2182 1661 mulier,

604 1686 729 1740 licet
756 1685 895 1740 idola
921 1684 1083 1748 colat,
1109 1684 1206 1738 viri
1232 1684 1320 1754 jus
1341 1699 1446 1740 non
1485 1685 1697 1740 amittit.
1727 1686 1835 1741 Nec
1863 1686 1982 1742 sine
2021 1702 2183 1743 causa

606 1791 729 1830 cum
756 1776 957 1832 infideli
985 1778 1208 1840 habitat,
1232 1778 1326 1832 sed
1355 1778 1473 1847 ipso
1496 1779 1743 1834 volente:
1774 1781 2000 1851 ideoque
2020 1782 2178 1838 dixit:

604 1866 669 1920 Et
695 1868 803 1935 ipse
828 1868 1070 1922 consentit
1097 1869 1324 1923 habitare
1352 1886 1467 1923 cum
1489 1871 1601 1924 illa.
1629 1870 1765 1937 Quid
1789 1872 1956 1939 enim,
1978 1888 2179 1942 quaeso,

602 1959 909 2015 detrimenti
936 1958 1115 2025 fuerit,
1135 1975 1256 2014 cum
1286 1976 1349 2016 ea
1371 1976 1491 2031 qua:
1512 1962 1577 2015 ad
1608 1963 1917 2033 religionem
1938 1976 2185 2035 spectant

604 2052 808 2121 integra
837 2058 1115 2118 maneant,
1156 2058 1211 2106 et
1257 2051 1324 2106 de
1350 2050 1548 2106 inlideli
1582 2055 1721 2108 bona
1747 2069 1872 2125 spes
1895 2057 1983 2121 sit,
2008 2060 2051 2111 si
2071 2059 2181 2127 jam

601 2150 728 2195 sunt
763 2142 1035 2212 conjugati
1074 2152 1362 2207 maneant,
1392 2159 1492 2200 nec
1520 2144 1775 2215 superflni
1820 2147 1941 2202 belli
1972 2152 2182 2206 occasio

602 2233 921 2288 inducatur?
938 2249 1109 2306 neque
1128 2235 1273 2290 enim
1292 2236 1378 2292 hic
1393 2236 1628 2307 loquitur
1652 2238 1720 2292 de
1736 2239 1801 2293 iis
1826 2242 1915 2310 qui
1946 2243 2181 2298 nondum

595 2318 767 2387 juncti
816 2326 961 2385 sunt,
992 2318 1089 2374 sed
1137 2319 1205 2379 de
1234 2321 1553 2391 coniugatis.
1604 2321 1719 2375 Non
1749 2325 1893 2378 enim
1916 2325 2051 2380 dixit
2080 2345 2094 2381 :
2125 2328 2179 2382 Si

596 2410 716 2478 quis
740 2409 1132 2478 velit-accipere
1152 2409 1420 2466 inﬁdelem
1446 2428 1461 2464 :
1492 2415 1608 2478 sed,
1627 2412 1689 2467 Si
1708 2414 1819 2480 quis
1834 2414 1979 2469 habet
2000 2417 2182 2485 inﬁde-

599 2500 732 2560 lem;
758 2499 809 2553 id
827 2508 933 2564 est,
958 2499 1003 2554 si
1025 2502 1143 2569 quis
1162 2510 1441 2570 postquam
1465 2504 1734 2559 connubio
1751 2506 1969 2573 junctus
1996 2506 2176 2578 fuerit,

599 2588 830 2658 accipiat
870 2590 1093 2644 verbum
1124 2593 1223 2661 pia:
1261 2593 1573 2664 religionis;
1625 2596 1820 2653 deinde
1846 2614 1969 2668 pars
2011 2602 2178 2655 altera

597 2682 855 2736 manserit
878 2682 932 2736 in
957 2680 1265 2740 inﬁdelitate
1288 2728 1303 2753 ,
1333 2686 1566 2757 velitque
1594 2700 1768 2744 tamen
1798 2705 1897 2745 una
1917 2689 2174 2758 habitare,

602 2785 671 2825 ne
699 2779 979 2839 separetur
1009 2788 1025 2825 :
1059 2772 1425 2842 Sanctificatus
1454 2779 1588 2831 enim
1612 2788 1719 2844 est,
1751 2780 1943 2851 inquit,
1989 2784 2064 2835 vir
2093 2783 2178 2837 in-

600 2863 767 2930 ﬁdelis
796 2880 886 2933 per
925 2878 1154 2919 uxorem.
1198 2866 1367 2923 Tanta
1399 2880 1483 2925 est
1525 2872 1801 2928 munditia:
1856 2883 1961 2929 tua:
2001 2877 2176 2944 copia.

598 2954 735 3023 Quid
766 2971 912 3026 ergo,
946 2967 1232 3013 sanctusne
1257 2971 1339 3015 est
1368 2964 1626 3033 gentilis?
1652 2964 1995 3038 Nequaquam
2023 2986 2035 3020 :
2071 2984 2176 3022 non

594 3046 737 3100 enim
766 3047 918 3115 dixit,
940 3046 1173 3105 Sanctus
1191 3059 1305 3118 est;
1332 3054 1449 3120 sed,
1474 3054 1925 3124 Sunctiﬁcatusest
1945 3074 2036 3127 per
2051 3075 2179 3112 uso-

595 3154 721 3190 rem.
756 3138 868 3194 Hoc
896 3155 1058 3208 porro
1080 3140 1233 3207 dixit,
1262 3158 1368 3197 non
1402 3154 1459 3198 ut
1482 3153 1723 3200 sanctum
1752 3147 1899 3202 illum
1929 3148 2175 3204 declara-

596 3240 697 3295 ret,
716 3230 810 3284 sed
831 3244 884 3283 ut
899 3230 1024 3287 hinc
1042 3236 1208 3305 magis
1221 3237 1402 3291 uxoris
1418 3247 1615 3294 metum
1632 3239 1945 3309 depelleret,
1960 3243 2144 3313 ipsum
2160 3275 2177 3287 -

595 3336 698 3389 que
718 3321 789 3376 ad
819 3324 1058 3379 veritatis
1097 3325 1421 3383 desiderium
1451 3329 1745 3386 induceret.
1776 3332 1891 3388 Non
1935 3335 2079 3388 enim
2125 3336 2175 3389 in

590 3412 908 3482 corporibus
936 3414 1236 3485 conjugatis
1259 3428 1342 3474 est
1370 3420 1701 3476 immunditia
1724 3463 1739 3489 ,
1790 3424 1885 3478 sed
1915 3424 1967 3478 in
2009 3427 2178 3480 libero

594 3504 816 3558 arbitrio
841 3513 895 3559 et
922 3506 1355 3577 cogitationibus.
1389 3510 1525 3566 ilinc
1546 3514 1787 3582 sequitur
1807 3514 2074 3583 probatio.
2120 3519 2177 3573 Si

596 3594 738 3647 enim
758 3594 1031 3651 immunda
1058 3611 1281 3653 manens
1301 3598 1509 3671 gignis;
1541 3602 1714 3657 infans
1740 3612 1918 3659 autem
1963 3621 2067 3660 non
2099 3618 2179 3663 est

596 3699 661 3741 ex
702 3696 754 3742 te
779 3688 927 3753 sola;
972 3689 1283 3747 immundus
1307 3708 1436 3762 ergo
1462 3704 1544 3749 est
1589 3695 1783 3761 infans,
1816 3707 1907 3752 aut
1930 3712 1992 3753 ex
2019 3699 2179 3754 dimi-

596 3778 681 3832 dia
714 3789 864 3848 parte
910 3782 1140 3841 mundus
1169 3801 1185 3842 ς
1216 3801 1355 3842 nunc
1383 3798 1559 3843 antem
1588 3805 1691 3843 non
1719 3800 1803 3846 est
1849 3793 2179 3852 immundus.

602 3870 833 3940 Ideoque
865 3872 1172 3945 subiungit:
1191 3875 1431 3946 Alioquin
1449 3879 1543 3947 ﬁlii
1560 3882 1708 3933 vestri
1730 3883 1975 3936 immundi
1993 3895 2175 3949 essent;

598 3978 730 4015 nunc
757 3971 925 4016 autem
950 3966 1115 4019 sancti
1138 3974 1292 4032 sunt;
1320 3966 1372 4021 id
1394 3977 1497 4034 est,
1517 3984 1624 4023 non
1641 3970 1919 4027 immundi.
1937 3973 2029 4029 IlIe
2052 3990 2179 4030 vero

597 4062 811 4107 sanctos
826 4054 970 4126 ipsos
985 4058 1217 4126 vocavit,
1233 4067 1290 4112 ut
1306 4059 1354 4113 vi
1374 4060 1655 4116 verborum
1677 4062 1976 4132 hujusmodi
2000 4069 2178 4137 suspi-

597 4145 768 4199 cionis
792 4155 989 4202 metum
1016 4148 1338 4207 eliminaret.
1372 4153 1458 4208 15.
1491 4154 1553 4208 Si
1577 4165 1742 4209 autem
1763 4158 1985 4225 inﬁdelis
2012 4159 2179 4213 disce-

600 4237 698 4304 dit,
728 4239 971 4293 discedat.
1000 4239 1098 4296 ilic
1119 4244 1262 4297 enim
1292 4244 1431 4298 nulla
1458 4255 1543 4300 est
1569 4247 1869 4303 fornicatio.
1916 4249 2051 4317 Quid
2079 4252 2177 4307 sibi

606 4328 718 4383 vult
745 4339 923 4385 autem
970 4331 1099 4386 illud
1129 4349 1142 4385 :
1174 4332 1408 4403 Inﬁdelis
1443 4337 1484 4390 si
1513 4337 1721 4390 discedit
1751 4348 1841 4392 aut
1873 4344 2180 4410 separatur?

610 4420 768 4476 Verbi
798 4423 965 4493 gratia
996 4424 1042 4478 si
1072 4434 1121 4478 Ie
1145 4425 1296 4494 jubet
1316 4428 1619 4484 sacrificare
1644 4438 1735 4483 aut
1760 4430 1960 4486 sociam
1993 4435 2183 4504 impie-

601 4513 728 4567 tatis
758 4528 880 4569 esse
906 4524 1126 4585 propter
1166 4518 1515 4587 connubium,
1543 4522 1626 4575 vel
1653 4521 1961 4588 discedere;
1992 4527 2181 4582 melius

602 4613 686 4656 est
723 4604 985 4675 disrumpi
1032 4609 1380 4678 connubium,
1434 4627 1594 4682 quam
1650 4613 1791 4683 piam
1842 4615 2179 4687 religionem.

602 4692 935 4762 Quapropter
984 4698 1167 4755 subdit
1194 4718 1208 4754 :
1243 4700 1365 4756 Non
1395 4705 1529 4758 enirn
1557 4706 1786 4760 servituti
1813 4706 2066 4771 subiectus
2104 4722 2181 4765 est

604 4786 764 4851 frater
789 4793 877 4836 aut
902 4802 1048 4840 soror
1069 4789 1123 4842 in
1158 4792 1407 4861 ejusmodi
1435 4797 1599 4850 rebus.
1630 4796 1686 4853 Si
1715 4799 1954 4869 quotidie
1999 4816 2062 4855 ea
2115 4804 2184 4859 de

604 4889 768 4930 causa
797 4884 998 4947 pugnet
1024 4887 1075 4932 et
1120 4878 1317 4935 bellum
1346 4896 1556 4940 moveat
1577 4928 1594 4951 ,
1625 4888 1822 4959 inquit,
1871 4894 2063 4949 melius
2100 4906 2184 4951 cst

604 4967 865 5035 separari.
905 4967 1019 5024 Hoc
1046 4970 1190 5025 enim
1220 4972 1518 5031 subindicat
1539 4992 1659 5033 cum
1702 4981 1866 5035 dicit:
1897 4984 1963 5038 In
2007 5004 2183 5055 pacem

603 5071 773 5113 autem
802 5063 993 5115 vocarit
1030 5079 1123 5119 nos
1151 5062 1311 5121 Deus.
1363 5066 1457 5124 Ille
1484 5070 1626 5126 enim
1664 5072 1775 5141 jam
1802 5090 2017 5131 cattsam
2045 5096 2183 5150 prat-

608 5146 742 5212 buit,
774 5161 830 5205 ut
856 5154 901 5207 is
925 5157 1013 5224 qui
1042 5155 1336 5215 fornicatus
1363 5168 1448 5214 est
1494 5161 1578 5216 I6.
1608 5163 1743 5229 Quid
1767 5167 1900 5221 enim
1917 5146 2181 5235 scissum-

606 5238 721 5301 lier,
762 5242 807 5295 si
845 5246 1004 5299 virum
1050 5249 1249 5303 salttum
1277 5251 1472 5322 facies?
1517 5253 1627 5308 Hoc
1676 5257 1907 5313 refertur
1934 5262 1999 5314 ad
2030 5263 2181 5329 illud,

612 5329 697 5385 Nc
724 5332 941 5387 dimittat
969 5337 1155 5403 ipsum.
1185 5340 1317 5397 Nam
1349 5344 1394 5398 si
1435 5343 1617 5399 turbas
1647 5362 1753 5403 non
1776 5360 1973 5418 movet,
2002 5368 2180 5419 mane,

604 5421 816 5493 inquit;
849 5424 972 5479 hinc
1019 5432 1158 5485 enim
1187 5433 1391 5490 lucrum
1423 5437 1683 5503 refertur;
1732 5458 1905 5509 mane,
1942 5443 2180 5513 hortare,

604 5516 886 5571 consilium
906 5516 1033 5573 dato
1046 5528 1100 5574 et
1118 5527 1403 5591 persuade:
1422 5530 1598 5586 nullus
1613 5533 1753 5589 enim
1775 5536 1963 5592 doctor
1981 5548 2181 5597 tantum

606 5706 738 5763 teni,
764 5716 936 5773 neque
959 5720 1070 5760 rem
1102 5710 1170 5759 ab
1202 5707 1287 5763 illa
1305 5715 1487 5784 exigit,
1519 5732 1585 5771 ne
1615 5720 1827 5789 gravius
1850 5738 1984 5776 onus
2012 5726 2182 5795 impo-

604 5796 711 5854 nat,
738 5789 992 5866 jubetque
1019 5814 1085 5853 ne
1124 5799 1405 5869 desperet;
1429 5808 1520 5862 sed
1556 5826 1666 5865 rem
1704 5812 1754 5866 in
1792 5811 1964 5871 futuro
1996 5789 2172 5873 incer~

1352 377 1407 435 8.
1445 375 1723 434 JOANNIS
1760 362 2232 430 CIIBYSOSTOII
2272 366 2586 431 ARCBIEP.
2631 376 3161 444 CONSTANTINOP.

3790 384 3897 441 156

2304 493 2424 588 tant
2438 503 2492 546 et
2521 510 2835 568 suspensam
2867 510 3136 587 relinquit,
3168 516 3351 575 dicens
3379 538 3393 575 :
3426 521 3568 588 Quid
3594 524 3730 578 enim
3764 525 3893 585 s63.

2297 582 2498 686 mulier,
2547 591 2594 642 si
2623 594 2782 649 uirum
2827 582 3033 656 salvum
3049 586 3207 673 facies
3231 609 3259 663 .’
3284 621 3372 665 aut
3398 582 3521 685 quid
3558 618 3679 682 scis,
3702 622 3783 673 vir
3803 662 3822 686 ,
3845 624 3897 674 si

2297 676 2556 733 mulierem
2580 684 2772 739 salsam
2801 688 2998 758 facies?
3021 705 3076 750 et
3113 714 3323 755 rursum
3356 720 3369 756 :
3403 676 3489 758 i7.
3522 705 3642 762 Nisi
3667 676 3892 763 unicui-

2294 780 2389 831 que
2431 770 2560 823 sicut
2586 774 2752 830 diuisit
2789 779 2948 850 Deus,
2979 802 3376 861 unumquemque
3402 796 3531 851 sicut
3557 800 3753 855 locavit
3777 799 3890 855 Do-

2296 858 2479 923 minus,
2504 864 2576 917 ita
2602 867 2710 935 ipse
2722 873 2960 930 ambulet.
2986 879 3072 934 i8.
3094 858 3432 941 Circumcisus
3453 902 3655 948 vocatus
3676 906 3751 948 est
3778 893 3887 949 cE-

2295 954 2446 1020 quis.’
2484 975 2584 1013 non
2638 963 2861 1020 adducat
2915 977 3237 1042 praeputium.
3288 979 3353 1034 In
3396 987 3643 1055 propqu
3689 988 3891 1056 aliquis

2295 1057 2497 1100 vocatus
2523 1053 2633 1105 est?
2656 1071 2758 1109 non
2799 1061 3208 1123 circumcidatur.
3256 1071 3341 1126 i9.
3372 1053 3701 1131 Circdmcisio
3749 1053 3893 1134 nihil

2293 1143 2387 1223 est,
2413 1147 2461 1189 et
2486 1144 2791 1209 praeputium
2814 1149 2945 1205 nihil
2962 1163 3071 1218 est;
3093 1158 3184 1211 sed
3219 1159 3497 1218 observatio
3516 1168 3892 1223 mandatorum

2298 1222 2407 1278 Dei.
2436 1228 2525 1282 ξι).
2571 1232 2928 1308 Unusquisque
2964 1245 3017 1297 in
3043 1262 3145 1315 qua
3169 1254 3426 1307 vocatione
3452 1267 3655 1314 uocatus
3681 1270 3779 1327 est,

2292 1332 2351 1409 ea
2378 1336 2685 1386 permaneat.
2714 1328 2800 1383 2|.
2828 1330 3017 1389 Servus
3042 1350 3243 1395 vocatus
3282 1345 3377 1397 es.’
3392 1362 3491 1400 non
3514 1350 3579 1402 sit
3599 1352 3690 1404 tibi
3713 1370 3887 1409 cure.

2294 1406 2420 1513 Haec
2447 1414 2511 1465 ad
2545 1414 2706 1471 ﬁdem
2731 1422 2860 1477 nihil
2883 1426 3201 1497 conferunt,
3234 1433 3405 1505 inquit
3441 1456 3456 1493 :
3498 1456 3565 1493 ne
3591 1459 3720 1513 ergo

2294 1501 2481 1608 tendus
2509 1514 2932 1608 aequeturberis
2963 1535 2976 1570 :
3007 1518 3138 1576 fides
3165 1501 3321 1579 enim
3336 1527 3450 1585 haec
3483 1501 3883 1608 witiavejecit.

2295 1588 2647 1665 Unusquisque
2674 1601 2726 1655 in
2754 1620 2855 1672 qua
2885 1612 3138 1666 vocatione
3164 1626 3368 1673 vocatus
3389 1631 3482 1684 est,
3505 1625 3558 1677 in
3589 1643 3649 1678 ea
3674 1588 3888 1697 perma-

2289 1693 2424 1736 neat.
2486 1686 2718 1745 Uxorem
2765 1696 2967 1754 habens
3016 1703 3283 1761 inﬁdelem
3326 1724 3541 1770 νοαιιιιε
3569 1686 3686 1772 εεί
3717 1737 3887 1777 mane

2288 1786 2411 1825 cum
2441 1775 2530 1830 illa
2562 1797 2576 1832 :
2604 1796 2672 1835 ne
2712 1796 2933 1854 propter
2962 1790 3118 1847 ﬁdem
3144 1796 3326 1864 ejicias
3375 1819 3619 1861 uxorem.
3673 1808 3887 1867 Servus

2288 1874 2506 1965 vocatus
2532 1872 2631 1923 es?
2661 1889 2728 1928 ne
2756 1876 2827 1930 sit
2875 1880 2968 1934 tibi
2996 1897 3141 1940 cura:
3168 1905 3181 1939 :
3207 1902 3395 1946 servus
3424 1910 3600 1951 mane.
3650 1900 3884 1970 Praepo-

2291 1954 2419 2009 tinm
2446 1957 2673 2052 habens
2724 1968 3034 2027 credidisti?
3079 1991 3200 2031 cum
3242 1987 3503 2052 prteputio
3540 1954 3883 2049 mane.irCrir-

2287 2050 2554 2105 cumcisus
2570 2056 2841 2114 credidisti
2862 2062 2885 2114 ι
2903 2079 3059 2121 mane
3079 2050 3445 2131 circumcisus.
3470 2078 3578 2133 Hoc
3604 2082 3751 2136 enim
3770 2085 3882 2139 sibi

2285 2139 2397 2193 vult
2414 2140 2542 2197 illud
2571 2160 2585 2197 :
2623 2145 2976 2221 Unusquisque
2994 2157 3122 2211 sicut
3139 2160 3307 2215 divisit
3332 2162 3487 2220 Deus.
3520 2168 3645 2225 Haec
3672 2172 3881 2242 quippe

2286 2248 2392 2286 non
2436 2247 2563 2291 sunt
2588 2240 2967 2311 impedimenta
3008 2250 3076 2303 ad
3115 2252 3385 2319 pietatem.
3419 2258 3497 2313 Tu
3530 2277 3655 2317 cum

2286 2336 2454 2388 esses,
2488 2340 2707 2386 vocatus
2743 2348 2802 2388 es
2836 2353 2848 2386 :
2891 2338 3030 2394 alius
3068 2356 3291 2399 uxorem
3321 2345 3525 2405 habens
3552 2352 3831 2411 inﬁdelem
3857 2396 3877 2424 ,

2285 2415 2420 2470 alius
2458 2420 2824 2481 circumcisus.

2352 2514 2407 2567 4.
2441 2517 2629 2585 Pap'e!
2657 2518 2867 2574 ubinam
2898 2527 3208 2583 servitutem
3238 2532 3452 2598 posuit?
3474 2532 3543 2589 Ut
3566 2534 3699 2590 nihil
3720 2537 3877 2607 juvat

2284 2605 2658 2673 circumcisio,
2705 2610 2943 2683 nihilque
2985 2627 3140 2671 nocet
3182 2622 3528 2689 praeputium,
3573 2627 3653 2682 sic
3696 2605 3877 2699 neque

2284 2696 2517 2752 servitus
2545 2714 2718 2769 neque
2746 2701 2983 2759 libertas.
3020 2705 3190 2777 thue
3218 2709 3345 2765 illud
3373 2714 3571 2770 clarius
3598 2732 3664 2772 ex
3691 2696 3874 2775 ut..-

2282 2784 2459 2841 dantia
2504 2791 2780 2855 ostendat,
2810 2794 2929 2847 ait:
2960 2795 3066 2849 Sed
3096 2798 3142 2850 si
3181 2811 3323 2867 potes
3360 2803 3474 2870 ﬁeri
3510 2804 3665 2871 liber,
3707 2811 3878 2880 magis

2282 2889 2460 2943 utere,-
2492 2879 2594 2933 hoc
2621 2891 2723 2944 est,
2756 2884 2922 2954 magis
2946 2890 3167 2943 servias.
3198 2889 3269 2944 Et
3288 2906 3385 2945 cur
3403 2908 3550 2959 eum,
3576 2898 3667 2965 qui
3702 2879 3876 2967 possit

2282 2969 2418 3025 liber
2446 2969 2585 3027 efﬁci
2610 3013 2626 3036 ,
2656 2973 2807 3041 jubet
2835 2990 3050 3031 servum
3091 2995 3309 3037 manere
3329 2982 3355 3035 ἲ
3384 2984 3447 3039 Ut
3476 2984 3730 3044 ostendat
3757 3006 3873 3045 scr-

2286 3070 2538 3127 virtutem
2566 3072 2701 3126 nihil
2722 3073 2934 3139 laedere,
2960 3074 3071 3129 imo
3094 3075 3369 3145 prodesse.
3394 3076 3503 3133 Nec
3530 3079 3727 3151 ignoro
3747 3085 3877 3153 qui-

2284 3162 2405 3217 dem
2437 3162 2703 3232 quosdam
2733 3178 2856 3219 esse
2881 3165 2975 3234 qui
3007 3164 3162 3229 illud,
3194 3163 3367 3233 Magis
3400 3177 3565 3233 utere,
3590 3169 3660 3225 de
3700 3172 3874 3229 liber—

2288 3261 2400 3307 tate
2428 3253 2633 3307 dictum
2664 3269 2789 3311 esse
2816 3263 3029 3325 putent,
3069 3255 3314 3311 dicentes
3341 3275 3354 3311 :
3392 3256 3448 3311 Si
3491 3269 3669 3327 potes,
3698 3263 3875 3318 liber-

2286 3352 2447 3397 tatem
2488 3345 2807 3415 adipiscere.
2839 3345 2943 3401 Sed
2976 3344 3127 3401 Pauli
3162 3361 3331 3415 scopo
3364 3349 3523 3403 valde
3546 3353 3869 3420 oppositum

2282 3444 2428 3490 esset
2464 3436 2567 3490 hoc
2589 3438 2816 3499 dictum,
2845 3438 2893 3492 si
2934 3436 3038 3490 hoc
3075 3436 3467 3493 subindicaret.
3498 3438 3687 3512 Neque
3715 3446 3867 3501 enim

2282 3525 2394 3587 ille,
2434 3527 2564 3579 dum
2613 3542 2831 3581 servum
2878 3527 3194 3582 consolatur
3232 3527 3473 3600 dicitque
3506 3531 3686 3602 ipsum
3726 3538 3864 3591 nihil

2284 3616 2425 3680 Imdi,
2452 3617 2665 3686 juberet
2692 3634 2815 3673 eum
2844 3618 3150 3674 libertatem
3183 3619 3438 3690 adipisci.
3472 3623 3691 3682 Diceret
3712 3629 3861 3684 enim

2282 3705 2515 3762 fortasse
2543 3709 2812 3779 quispiam
2846 3728 2858 3763 :
2893 3709 3035 3777 Quid
3067 3710 3255 3781 igitur,
3284 3713 3331 3767 si
3374 3729 3481 3771 non
3523 3720 3757 3791 possim,
3785 3736 3857 3776 au

2280 3794 2482 3865 injuria
2516 3798 2599 3853 vel
2624 3799 2823 3854 damno
2850 3800 3095 3855 amt-ior?

2353 3900 2420 3947 In
2444 3896 2525 3959 iis,
2547 3913 2659 3967 quis
2678 3898 2748 3951 ad
2769 3897 3023 3952 Christum
3048 3910 3276 3969 spectant
3302 3917 3474 3956 servus
3499 3911 3545 3955 et
3574 3903 3704 3958 liber
3725 3922 3875 3974 pares

2282 3998 2422 4044 sunt.
2449 4017 2522 4029 —-
2545 3988 2659 4043 Non
2687 3989 2791 4044 hoc
2816 4004 2945 4059 ergo
2973 3991 3137 4053 dicit;
3169 3991 3263 4046 sed
3293 4001 3352 4046 ut
3376 4007 3537 4064 supra
3567 3998 3835 4067 explicavi
3853 4035 3867 4057 .

2285 4080 2571 4136 ostenvlere
2598 4080 2801 4147 volens,
2834 4081 2963 4137 nihil
2989 4082 3107 4154 plus
3131 4084 3407 4145 accedere.
3440 4087 3484 4140 si
3518 4087 3654 4144 liber
3672 4088 3881 4146 efficia-

2289 4182 2396 4237 tur,
2424 4172 2497 4225 ait
2522 4189 2534 4225 :
2563 4171 2780 4228 Etiamsi
2808 4190 2974 4243 penes
2994 4183 3047 4231 te
3072 4186 3232 4242 esset,
3261 4185 3317 4232 ut
3341 4177 3641 4237 libertatem
3665 4183 3884 4251 accipe-

2288 4277 2395 4325 res,
2424 4277 2609 4317 servus
2638 4264 2810 4331 potius
2838 4275 3069 4322 maneto.
3099 4267 3299 4324 Deinde
3319 4283 3533 4324 causam
3554 4272 3874 4344 subjungit:

2286 4354 2376 4408 εξ.
2411 4356 2511 4424 Qui
2538 4358 2669 4410 enim
2697 4357 2749 4410 in
2778 4356 2999 4413 Domino
3028 4368 3231 4414 vocatus
3256 4371 3329 4415 est
3353 4378 3543 4428 servus,
3572 4364 3783 4421 libertus
3804 4374 3880 4420 est

2286 4447 2496 4503 Domini
2526 4469 2544 4504 :
2570 4451 2802 4505 similiter
2825 4453 2910 4520 qui
2942 4452 3067 4506 liber
3091 4463 3295 4512 vocatus
3318 4464 3411 4521 est,
3433 4472 3604 4512 servus
3624 4468 3700 4512 est
3719 4458 3871 4514 Chri-

2288 4544 2371 4597 sti.
2406 4542 2463 4597 In
2496 4544 2559 4599 iis
2586 4544 2728 4599 enim
2749 4585 2763 4610 ,
2793 4560 2913 4616 qua
2953 4546 3018 4600 ad
3046 4546 3314 4601 Christum
3355 4562 3633 4617 spectant,
3666 4556 3877 4625 inquit,

2288 4635 2447 4688 ambo
2476 4643 2601 4690 sunt
2630 4651 2784 4706 pares
2814 4654 2827 4692 :
2858 4637 3105 4693 similiter
3131 4644 3187 4691 et
3223 4645 3277 4692 tu
3310 4638 3509 4697 Christi
3541 4657 3762 4710 servus,
3798 4646 3878 4700 si—

2290 4725 2485 4781 militer
2506 4725 2669 4781 herus
2689 4735 2831 4783 tuus.
2851 4727 3131 4796 Quomodo
3158 4741 3288 4797 ergo
3302 4744 3487 4784 servus
3507 4741 3590 4787 est
3612 4732 3877 4791 libertus?

2292 4814 2423 4883 Quia
2463 4814 2706 4871 liberavit
2738 4827 2790 4872 te
2809 4859 2824 4881 ,
2858 4833 2963 4873 non
3006 4826 3208 4872 tantum
3239 4832 3269 4871 a
3298 4829 3516 4888 peccato
3538 4865 3553 4886 ,
3583 4826 3678 4880 sed
3710 4827 3875 4881 etiam

2288 4908 2357 4961 ab
2384 4916 2601 4961 externa
2632 4910 2912 4974 servitute,
2938 4910 3066 4965 dum
3092 4924 3279 4966 manes
3298 4927 3505 4969 servus.
3528 4915 3710 4987 Neque
3728 4918 3878 4973 enim

2290 5012 2516 5052 servum.
2533 4996 2658 5052 sinit
2680 5012 2801 5055 esse
2824 5015 3058 5059 servum.
3085 5016 3256 5069 neque
3277 5002 3546 5061 hominem
3568 5020 3878 5065 manentem

2292 5088 2345 5142 in
2376 5090 2631 5146 servitute
2654 5108 2668 5144 :
2693 5091 2797 5149 hoc
2819 5094 2961 5147 enim
2990 5092 3232 5148 mirabile
3253 5104 3357 5149 est.
3385 5096 3449 5151 Et
3469 5100 3739 5169 quomodo
3757 5115 3881 5157 ser-

2292 5195 2391 5235 vus
2418 5181 2554 5237 liber
2577 5192 2675 5247 est,
2707 5198 2931 5239 manens
2960 5184 3184 5238 servus?
3203 5186 3424 5252 Quando
3447 5190 3516 5244 ab
3539 5192 3702 5248 animi
3729 5207 3879 5248 mor-

2292 5270 2374 5326 bis
2392 5282 2447 5328 et
2464 5273 2745 5331 affectibus
2768 5275 3027 5330 liberatur
3043 5290 3059 5327 :
3078 5278 3291 5344 quando
3310 5279 3523 5337 divitias
3543 5286 3847 5340 contemnit
3868 5301 3880 5339 :

2292 5362 2425 5417 iram
2452 5376 2780 5437 canorosque
2805 5366 2971 5421 animi
2997 5374 3189 5422 motus.
3219 5369 3307 5426 23.
3345 5369 3516 5428 Pretio
3540 5376 3699 5445 empti
3715 5375 3877 5430 estis:

2292 5454 2447 5509 nolite
2470 5456 2583 5524 ﬁeri
2610 5457 2738 5510 seni
2764 5456 3042 5511 hominum.
3073 5457 3183 5514 Hoc
3207 5459 3405 5517 dictum
3433 5474 3536 5529 est,
3568 5477 3674 5518 non
3700 5465 3877 5519 servis

2293 5547 2470 5611 modo,
2502 5549 2597 5604 sed
2629 5550 2788 5604 etiam
2822 5550 3027 5605 liberis.
3071 5551 3252 5611 Potest
3278 5557 3419 5611 enim
3448 5558 3536 5624 qui
3558 5568 3753 5610 servus
3779 5557 3874 5621 sit,

2081 5633 2180 5688 ita-
2292 5655 2397 5695 non
2423 5656 2543 5697 esse
2572 5654 2763 5697 servus
2784 5683 2799 5707 ,
2832 5652 2887 5697 et
2921 5646 3009 5714 qui
3055 5646 3221 5715 liber,
3247 5663 3437 5704 servus
3464 5662 3605 5701 esse.
3642 5647 3708 5702 Et
3735 5666 3869 5720 quo-

2291 5732 2450 5786 modo
2472 5734 2558 5802 qui
2590 5748 2775 5787 servus
2804 5743 2905 5801 est,
2929 5752 3113 5791 servus
3143 5754 3249 5794 non
3277 5739 3384 5793 sit?
3407 5738 3632 5806 Quando
3658 5752 3875 5811 propter

2289 5824 2455 5882 Deum
2503 5841 2681 5882 omnia
2723 5825 2941 5897 fecerit,
2975 5830 3186 5905 quando
3230 5845 3334 5885 non
3375 5831 3622 5889 simulate
3661 5836 3833 5906 egerit
3858 5878 3871 5904 ,
