4070 6322
117 396 203 452 15Ἱ

115 505 304 580 quando
331 517 438 558 non
467 499 535 554 ad
565 497 780 554 oculum
810 493 1055 550 servierit
1082 511 1094 543 :
1124 492 1226 546 hoc
1255 498 1337 545 est
1376 483 1680 580 hominibus

115 573 299 654 servire
321 636 334 658 ,
366 601 422 648 et
466 605 590 645 esse
627 589 876 644 liberum.
908 585 973 639 Et
1009 580 1277 653 quomodo
1306 590 1517 634 rursum
1550 573 1685 628 liber

116 704 222 744 cum
245 686 311 740 sit
337 683 629 753 quispiam,
660 694 851 734 servus
878 675 1144 732 efﬁcitur?
1174 669 1397 740 Quando
1423 667 1559 737 apud
1591 666 1688 719 ho-

119 779 271 831 mines
298 773 501 829 malum
534 772 648 825 obit
677 769 1028 824 ministerium
1051 807 1065 830 ,
1101 773 1190 817 aut
1228 771 1447 832 pr0pter
1470 758 1684 827 gulam,

118 877 193 922 aut
222 873 437 935 propter
463 861 810 932 pecuniarum
840 856 1205 926 cupiditatem,
1238 862 1329 905 aut
1355 859 1572 920 prepter
1595 864 1684 916 po-

120 960 337 1014 tentiam.
363 957 498 1011 Nam
523 955 614 1025 qui
643 953 760 1007 talis
786 959 890 1014 est,
921 949 1019 1002 etsi
1051 948 1204 1010 liber,
1240 945 1410 1000 servis
1440 942 1691 995 omnibus

119 1053 384 1108 demissior
407 1059 512 1104 est.
551 1048 675 1101 Haec
700 1045 857 1098 ambo
884 1040 1163 1096 considera
1199 1059 1210 1093 :
1240 1053 1428 1093 servus
1453 1044 1566 1090 erat
1595 1034 1688 1088 Jo-

121 1144 257 1214 seph,
279 1143 369 1197 sed
403 1154 511 1195 non
543 1138 818 1192 hominum
845 1149 1034 1188 servus
1065 1151 1078 1186 :
1107 1131 1330 1197 ideoque
1358 1130 1408 1181 in
1437 1127 1693 1180 servitute

124 1238 392 1291 liberorum
421 1232 665 1287 omnium
701 1227 1002 1282 liberrimas
1029 1235 1163 1280 erat.
1195 1224 1348 1277 Hera:
1381 1223 1555 1290 itaque
1588 1236 1693 1273 non

122 1327 286 1384 cessit.
316 1325 381 1377 ad
409 1323 720 1393 cupidinem
753 1335 900 1374 suam
931 1318 1184 1371 famulum
1213 1314 1526 1381 impellenti.
1559 1312 1694 1364 Rur-

124 1433 225 1471 snm
255 1417 337 1468 illa
371 1415 540 1469 libera
578 1423 730 1477 erat,
774 1411 866 1466 sed
906 1409 1077 1463 servis
1106 1407 1354 1461 omnibus
1391 1406 1693 1470 demissior,

125 1523 231 1576 quae
273 1506 470 1560 famulo
519 1504 832 1560 adulabatur
875 1502 1155 1570 ipsumque
1201 1499 1557 1566 provocabat;
1603 1497 1697 1550 sed

125 1599 274 1653 libero
312 1613 418 1651 non
462 1595 730 1665 persuasit
759 1604 811 1646 ut
851 1592 900 1645 id
936 1592 1134 1644 faceret
1170 1589 1313 1658 quod
1355 1590 1539 1641 nollet.
1583 1587 1696 1640 Non

127 1704 237 1757 ergo
275 1690 508 1742 servitus
550 1686 637 1738 illa
673 1694 820 1745 erat,
853 1682 950 1738 sed
986 1696 1234 1751 suprema
1281 1682 1498 1733 libertas
1531 1695 1543 1731 :
1575 1679 1697 1748 quid

127 1782 251 1833 enim
284 1781 353 1832 illi
383 1781 449 1831 ad
483 1780 734 1833 virtutem
766 1775 1147 1845 impedimento
1179 1773 1276 1826 fuit
1307 1772 1570 1827 servitus?
1593 1772 1697 1824 Au.

128 1875 260 1926 diant
296 1873 435 1925 servi
465 1882 520 1924 et
563 1870 715 1925 liberi
748 1885 760 1920 :
789 1869 908 1937 quis
938 1866 1190 1932 servivit,
1225 1865 1311 1934 qui
1351 1872 1566 1934 rogatus
1595 1870 1697 1926 est,

129 1979 186 2015 an
211 1978 323 2034 qua:
355 1963 610 2032 rogavit?
636 1977 754 2030 quae
784 1959 1136 2027 supplicavit,
1166 1973 1234 2010 an
1265 1958 1352 2026 qui
1397 1956 1702 2026 supplican-

131 2064 221 2109 tem
243 2054 522 2122 despexit?
541 2053 676 2106 Sunt
697 2052 840 2104 enim
865 2050 1074 2103 termini
1106 2050 1275 2102 servis
1304 2065 1332 2100 a
1368 2049 1474 2103 Deo
1503 2047 1659 2116 positi
1687 2064 1699 2100 :

131 2159 174 2200 ct
199 2161 470 2215 quousque
499 2160 594 2199 eos
632 2142 846 2198 modum
878 2156 1092 2195 servare
1121 2150 1365 2209 oporteat
1391 2184 1404 2201 ,
1447 2150 1704 2194 statutum

131 2247 199 2289 est
228 2237 275 2288 in
307 2236 538 2303 legibus,
567 2247 701 2303 quas
730 2231 1074 2302 pra'tergredi
1098 2247 1204 2285 non
1238 2231 1380 2285 licet.
1405 2231 1537 2284 Cum
1560 2231 1704 2285 enim

133 2325 276 2380 herus
305 2327 435 2380 nihil
474 2327 713 2396 praecipit
739 2325 880 2396 quod
915 2325 1024 2378 Deo
1049 2324 1358 2394 displiceat,
1397 2333 1520 2377 tunc
1547 2324 1704 2377 obse-

132 2417 288 2486 quiet
318 2433 514 2486 parere
553 2417 629 2472 illi
671 2427 922 2486 Oportet;
959 2417 1182 2471 ulterius
1217 2426 1393 2469 autem
1439 2417 1658 2469 minime
1691 2433 1703 2469 :

132 2508 199 2561 sic
238 2509 372 2563 enim
421 2526 610 2564 servus
658 2508 791 2563 liber
833 2509 1077 2563 ellicitur.
1119 2509 1176 2563 Si
1230 2510 1364 2562 ultra
1413 2507 1705 2576 procedas,

133 2601 320 2655 etiamsi
350 2599 488 2654 liber
533 2600 632 2664 sis,
664 2612 851 2652 servus
877 2598 1095 2652 enectus
1125 2613 1202 2651 es.
1238 2599 1347 2652 Hoc
1378 2599 1553 2668 itaque
1582 2597 1708 2652 sub-

137 2693 317 2745 indicat
343 2706 465 2744 cum
497 2692 626 2742 dicit
661 2711 673 2742 :
710 2689 884 2742 Nolite
909 2690 1022 2755 ﬁeri
1053 2690 1181 2741 servi
1221 2689 1504 2742 hominum.
1534 2689 1588 2743 Si
1619 2704 1712 2743 au-

138 2792 227 2836 tem
257 2796 358 2835 non
391 2782 461 2833 ita
497 2781 597 2842 sit,
625 2787 677 2832 et
704 2778 746 2831 si
779 2778 937 2846 jussit
964 2777 1123 2832 herus
1155 2779 1458 2847 relinquere
1479 2820 1493 2840 ,
1527 2787 1581 2830 et
1618 2794 1712 2847 pro

135 2872 452 2942 assequenda
491 2871 733 2925 libertate
772 2869 1119 2933 contendere,
1150 2869 1418 2938 quomodo
1460 2870 1709 2924 Inoa-taba-

137 2973 213 3015 tur
235 2963 415 3018 dicens
441 2982 454 3016 :
486 2961 838 3029 Unusquisque
866 2962 918 3013 in
947 2962 1041 3014 hoc
1063 2970 1285 3026 maneat,
1310 2963 1362 3013 in
1384 2977 1482 3031 quo
1510 2972 1716 3014 vocatus

137 3054 241 3105 est!
267 3064 320 3107 et
347 3053 474 3106 alibi
512 3070 524 3082 ·
562 3051 872 3119 Quicumque
905 3061 1020 3105 sunt
1045 3050 1135 3104 sub
1157 3054 1285 3121 jugo
1314 3053 1462 3118 servi,
1487 3054 1717 3106 dominos

138 3161 244 3197 suos
275 3147 411 3198 omni
435 3146 627 3198 honore
652 3144 831 3212 dignos
851 3156 1104 3209 censeant,
1131 3153 1178 3197 et
1207 3162 1306 3199 non
1329 3146 1607 3214 despiciant
1633 3148 1718 3214 qui

139 3236 299 3302 ﬁdeles
324 3239 510 3290 habent
541 3237 791 3298 dominos,
823 3239 941 3304 quia
968 3238 1149 3304 fratres
1178 3249 1292 3290 sunt
1318 3239 1402 3304 qui
1426 3239 1719 3306 bene/icium

138 3338 498 3396 consequuntur
524 3330 597 3400 (1.
629 3327 766 3383 Tim.
793 3328 847 3383 6.
878 3329 926 3382 l.
951 3329 1044 3399 ‘2)?
1074 3330 1135 3383 Et
1165 3329 1411 3397 Ephesiis
1438 3340 1596 3400 atque
1621 3330 1722 3384 Co-

143 3421 463 3477 lossensibus
505 3423 748 3476 scribens
791 3422 976 3476 eadem
1024 3423 1133 3490 ipsa
1181 3423 1421 3490 praecipit
1451 3434 1501 3476 et
1539 3424 1724 3476 statuit

147 3510 345 3580 (Eplm.
380 3514 434 3569 6.
464 3515 521 3568 5.
550 3529 722 3582 σαιᾳά
754 3513 862 3566 Col.
895 3514 945 3568 5.
974 3512 1089 3578 22).
1121 3513 1272 3568 Unde
1304 3513 1475 3582 palam
1510 3523 1591 3567 est
1613 3556 1626 3578 ,
1659 3515 1722 3567 il-

148 3603 244 3657 lum
287 3606 422 3659 hanc
464 3607 776 3660 servitutem
825 3619 929 3658 non
967 3606 1180 3670 tollere,
1211 3604 1303 3658 sed
1333 3620 1449 3658 eam
1479 3619 1598 3672 quae
1630 3621 1725 3673 per

154 3695 261 3747 vitia
282 3697 440 3747 etiam
476 3696 673 3749 liberos
703 3695 923 3758 invadit,
955 3711 1072 3763 quae
1095 3703 1175 3747 est
1200 3695 1536 3763 gravissima,
1565 3695 1724 3749 etiam

151 3786 189 3839 si
216 3786 327 3854 quis
356 3787 492 3840 liber
521 3786 618 3853 ipsi
645 3785 857 3838 serviat.
885 3785 1019 3851 Quid
1046 3786 1186 3838 enim
1218 3785 1402 3837 lucrati
1431 3795 1552 3838 sunt
1578 3785 1728 3839 Jose-

153 3875 233 3942 phi
265 3878 478 3942 fratres,
514 3875 666 3931 liberi
697 3891 815 3931 cum
849 3876 1064 3930 essent?
1096 3892 1270 3929 annon
1301 3885 1453 3929 erant
1482 3877 1729 3929 omnibus

154 3969 310 4023 servis
347 3969 686 4032 serviliores,
722 3970 809 4036 qui
850 3969 988 4037 apud
1028 3976 1230 4036 patrem
1263 3969 1645 4033 mentirentur,
1676 3978 1729 4022 et

156 4061 532 4114 mercatoribus
558 4060 690 4114 falsa
713 4069 1012 4120 narrarent,
1043 4070 1096 4112 ttt
1124 4061 1282 4113 etiam
1318 4059 1502 4112 fratri?
1531 4063 1599 4113 At
1625 4076 1728 4111 non

159 4154 264 4205 talis
288 4163 400 4205 erat
432 4151 570 4205 liber
597 4151 705 4212 ille,
736 4150 829 4203 sed
862 4152 1057 4218 ubique
1082 4161 1134 4203 et
1166 4152 1214 4201 in
1248 4152 1497 4202 omnibus
1528 4165 1682 4201 verax
1715 4166 1727 4199 :

159 4243 377 4310 nihilque
399 4243 554 4295 illttm
581 4242 634 4294 in
665 4242 973 4293 servitutem
1002 4241 1244 4306 redigere
1269 4239 1458 4307 potuit,
1487 4254 1591 4292 non
1618 4241 1731 4291 vin-

158 4331 285 4394 cula,
318 4346 422 4384 non
455 4331 568 4398 ipso
599 4329 846 4389 servitus,
884 4344 987 4381 non
1013 4329 1155 4381 hera:
1183 4343 1352 4393 amor,
1387 4344 1490 4383 non
1514 4329 1652 4398 quod
1682 4330 1731 4382 in

160 4423 313 4474 aliena
337 4431 478 4476 terra
510 4429 653 4474 esset
677 4440 690 4474 :
715 4420 807 4474 sed
835 4420 1027 4489 ubique
1052 4420 1183 4473 liber
1210 4422 1420 4474 mansit.
1456 4421 1567 4475 lloc
1591 4421 1732 4477 enim

163 4516 376 4572 maxime
422 4515 648 4570 libertas
682 4521 763 4567 est
783 4557 799 4582 ,
830 4513 1043 4584 quando
1070 4530 1130 4567 ea
1164 4517 1213 4567 in
1244 4516 1499 4568 servitute
1527 4531 1738 4585 quoque

165 4609 333 4678 fulget.

228 4701 279 4756 5.
308 4700 454 4756 Talis
484 4714 573 4752 res
601 4707 682 4751 est
708 4697 1145 4750 Christianismus
1176 4712 1187 4747 :
1219 4696 1268 4748 in
1294 4697 1552 4752 servitute
1583 4699 1743 4753 liber-

169 4801 312 4844 tatem
341 4791 619 4858 elargitur.
651 4788 726 4839 Ac
760 4786 899 4838 sicut
929 4798 1123 4852 corpus
1161 4824 1175 4844 .
1222 4791 1365 4858 quod
1420 4803 1484 4840 ex
1542 4798 1735 4842 natura

179 4879 242 4932 sit
271 4878 619 4937 vulnerabile,
669 4885 794 4929 tunc
833 4875 1224 4928 invulnerabile
1254 4877 1584 4942 ostenditur,
1622 4895 1739 4933 cum

168 4977 371 5031 excepto
396 4966 506 5018 telo
536 4965 838 5034 nihilgrave
865 4966 1068 5034 patitur
1098 4968 1209 5019 :sic
1231 4968 1317 5035 qui
1340 4984 1462 5023 vere
1495 4971 1738 5036 liberest,

173 5063 282 5107 tunc
311 5056 429 5110 talis
463 5066 722 5125 apparet,
753 5056 967 5125 quando
994 5057 1152 5111 etiam
1184 5073 1303 5110 cum
1346 5059 1504 5115 heros
1545 5062 1700 5116 habet
1727 5103 1739 5126 ,

172 5158 265 5197 non
291 5149 338 5197 in
368 5149 686 5203 servitutem
733 5147 1011 5219 redigitur.
1055 5148 1179 5202 Ideo
1205 5149 1354 5216 jubet
1385 5167 1595 5206 servum
1629 5169 1741 5204 ma-

173 5251 302 5292 nere.
333 5237 385 5293 Si
413 5251 596 5294 autem
627 5241 736 5295 ﬂeri
764 5256 867 5295 non
899 5250 1075 5311 potest
1097 5251 1171 5304 ut,
1203 5257 1323 5297 cum
1350 5246 1418 5298 sit
1445 5261 1648 5309 servus,
1677 5248 1746 5300 sit

173 5329 491 5383 Christianus
513 5332 727 5399 qualem
747 5339 868 5386 eSSe
888 5343 1121 5402 oportet,
1149 5348 1350 5403 magnre
1371 5335 1746 5391 imbecillitatis

174 5421 298 5488 piam
334 5421 652 5492 religionem
688 5422 1013 5477 accusabunt
1052 5422 1260 5490 Grtcci;
1301 5426 1438 5493 quod
1470 5427 1514 5479 si
1543 5427 1749 5482 discant

175 5512 301 5568 illam
328 5516 457 5570 nihil
490 5531 521 5568 a
555 5517 811 5570 servitute
842 5514 982 5577 laedi,
1014 5517 1444 5584 praedicationem
1474 5518 1747 5572 mirabun-

177 5611 271 5656 tur.
297 5604 428 5659 Nam
461 5608 505 5660 si
539 5621 712 5674 neque
749 5620 894 5661 mors
937 5606 1088 5660 nobis
1131 5618 1288 5663 nocet
1333 5625 1503 5680 neque
1541 5611 1746 5679 ﬂagella

178 5707 334 5763 neque
369 5697 608 5765 vincula,
645 5697 813 5753 multo
842 5699 1018 5754 minus
1054 5701 1305 5766 servitus,
1340 5701 1492 5770 ignis,
1527 5700 1745 5768 ferrum,

181 5785 308 5841 mille
334 5790 670 5858 tyrannides,
699 5791 890 5858 morbi,
919 5802 1219 5862 paupertas,
1253 5794 1394 5857 ἴοι-ω,
1421 5803 1472 5848 et
1497 5803 1747 5849 sexcenta

1122 377 1186 434 IN
1226 373 1445 432 EPIST.
1488 369 1507 425 1
1570 368 1662 424 AD
1699 364 1857 423 COR.
1900 366 2125 422 llOMlL.
2169 366 2311 423 XIX.

3268 375 3373 431 158

1791 481 1872 534 his
1910 483 2148 549 graviora
2191 483 2374 537 fideles
2413 499 2516 537 non
2561 483 2850 552 l:eserunt,
2895 487 3003 543 imo
3048 493 3375 556 potentiores

1793 574 2052 630 fecerunt.
2094 576 2158 628 Et
2188 577 2455 644 quomodo
2487 578 2714 630 servitus
2754 593 2946 634 nocere
2987 582 3217 647 poterit?
3259 581 3375 637 Non

1795 669 1905 737 ipsa
1964 673 2193 722 servitus
2249 679 2424 733 nocet,
2455 669 2666 736 dilecte,
2712 670 2804 726 sed
2860 674 3059 739 peccati
3113 677 3367 743 servitus,

1793 778 1912 831 qua.-
1940 776 2062 815 vere
2089 760 2208 815 talis
2236 769 2337 815 est.
2387 761 2441 816 Si
2484 763 2619 817 hanc
2665 781 2768 816 non
2811 765 3003 820 subeas
3041 767 3374 832 servitutem,

1795 851 2004 906 confide
2039 860 2091 905 et
2134 853 2353 917 laetare;
2397 852 2571 906 nullus
2604 852 2694 920 tibi
2727 868 2919 908 nocere
2951 857 3176 924 poterit,
3209 866 3263 910 ut
3289 859 3380 926 qui

1799 959 1974 996 mores
2001 943 2194 996 habeas
2221 943 2287 998 ab
2308 945 2452 996 omni
2483 944 2746 998 servitute
2773 944 2970 1000 lLbe-ros
2997 964 3008 997 :
3035 949 3075 999 si
3105 961 3231 1002 vero
3259 963 3381 1015 pec-

1798 1035 1898 1086 cati
1925 1047 2109 1086 servus
2138 1033 2244 1096 sis,
2277 1035 2434 1087 etiam
2466 1035 2507 1086 si
2535 1034 2724 1087 millies
2754 1035 2890 1088 liber
2919 1037 3099 1101 fueris,
3130 1038 3257 1090 nihil
3287 1037 3380 1090 tibi

1801 1123 2016 1178 libertas
2063 1123 2148 1175 illa
2196 1124 2430 1192 prodest.
2476 1124 2602 1191 Quae
2648 1126 2789 1177 enim
2825 1126 3054 1190 utilitas,
3089 1143 3307 1194 qttarso,
3339 1129 3382 1182 si

1803 1214 2000 1266 homini
2032 1214 2240 1280 qttidem
2275 1229 2379 1267 non
2406 1215 2626 1274 servias,
2653 1216 2744 1269 sed
2775 1217 2934 1268 animi
2970 1219 3166 1271 morbis
3192 1229 3239 1271 te
3267 1219 3387 1272 sub.

1800 1305 1991 1371 jicias?
2014 1304 2265 1357 llomines
2293 1305 2486 1373 quippe
2512 1321 2655 1373 saepe
2686 1322 2901 1373 parcere
2929 1308 3123 1370 sciunt,
3156 1309 3228 1363 illi
3259 1323 3385 1364 vero

1802 1396 1999 1448 domini
2030 1411 2317 1464 numquam
2346 1407 2428 1448 tua
2459 1397 2692 1463 pernicie
2720 1398 2998 1451 satiantur.
3029 1398 3234 1452 llomini
3268 1415 3386 1452 ser-

1805 1487 1924 1539 vis?
1954 1487 2057 1542 Sed
2094 1489 2253 1540 herus
2278 1503 2488 1557 quoque
2514 1488 2604 1540 tibi
2634 1490 2816 1551 servit,
2841 1489 2929 1557 qui
2955 1489 3262 1544 alimentum
3294 1491 3386 1545 tibi

1806 1580 2092 1642 ministrat,
2129 1578 2482 1632 valetudinem
2516 1589 2655 1631 tuam
2683 1587 2857 1640 curat,
2881 1590 3077 1646 vestes,
3105 1580 3312 1635 calceos
3335 1591 3390 1634 ct

1805 1671 1905 1722 alia
1935 1672 2111 1723 omnia
2153 1670 2475 1738 suppeditat.
2504 1670 2686 1738 Neque
2719 1672 2789 1724 ita
2817 1682 2871 1724 ιιι
2906 1671 3077 1738 times,
3112 1684 3163 1726 ut
3194 1689 3259 1728 ne
3285 1673 3384 1726 do-

1807 1762 2007 1814 minum
2036 1761 2293 1826 ollendas,
2323 1771 2380 1815 ut
2409 1762 2497 1816 ille
2522 1773 2695 1826 curat,
2729 1780 2794 1818 ne
2818 1763 2941 1834 quid
2975 1766 3065 1817 tibi
3099 1781 3162 1819 ex
3196 1781 3385 1820 neces-

1807 1853 1965 1907 sariis
2007 1853 2163 1907 desit.
2206 1856 2275 1906 At
2315 1853 2406 1907 ille
2440 1855 2734 1919 accumbit,
2768 1865 2821 1907 tu
2853 1871 2980 1910 vero
3008 1865 3136 1912 stas.
3172 1857 3231 1911 Et
3261 1857 3390 1928 quid
3461 1849 3464 1854 ’

1811 1944 1951 1998 hoc?
1981 1959 2151 2013 neque
2179 1945 2318 1998 enim
2361 1945 2411 1999 id
2444 1947 2582 2014 apud
2624 1947 2770 1998 illum
2815 1957 3017 2001 tantum
3054 1949 3389 2015 observatur,

1809 2035 1904 2090 sed
1945 2038 2103 2090 etiam
2135 2036 2273 2105 apud
2317 2047 2388 2092 te.
2431 2037 2585 2106 δεῖρε
2617 2053 2844 2106 namque
2882 2049 2933 2092 te
2966 2039 3312 2093 recumbente
3341 2049 3394 2093 et

1811 2129 2048 2183 suaviter
2091 2128 2389 2182 dormiente
2413 2130 2441 2191 ,'
2472 2128 2558 2182 ille
2593 2144 2699 2182 non
2740 2128 2900 2182 modo
2929 2136 3067 2194 stat,
3103 2128 3196 2184 sed
3232 2132 3392 2184 etiam

1813 2220 1957 2273 mille
1996 2221 2170 2291 poenis
2209 2220 2435 2274 al‘licitur
2475 2218 2526 2273 in
2568 2220 2718 2285 foro,
2757 2229 2810 2274 et
2847 2219 3123 2275 molestius
3149 2237 3306 2291 quam
3341 2231 3396 2276 tu

1813 2312 2016 2381 vigilat.
2051 2313 2185 2380 Quid
2225 2329 2351 2383 ergo
2376 2357 2389 2375 ,
2423 2322 2510 2368 tan
2541 2328 2698 2368 umne
2725 2313 2930 2383 passus
2971 2325 3052 2368 est
3093 2313 3290 2385 Ioseph
3330 2315 3398 2369 ab

1814 2402 1975 2465 hera,
2011 2414 2264 2471 quantum
2310 2404 2399 2456 illa
2440 2419 2467 2454 a
2506 2403 2932 2471 concupiscentia
2963 2402 3097 2458 sua?
3132 2404 3226 2458 llic
3253 2405 3395 2459 enim

1817 2509 1935 2564 qua:
1965 2493 2050 2546 illa
2072 2493 2261 2561 jubere
2289 2495 2472 2560 voluit,
2499 2511 2603 2549 non
2634 2493 2756 2549 fecit
2780 2512 2794 2548 :
2819 2494 2906 2548 illa
2931 2510 3060 2550 vero
3078 2510 3197 2566 qua:
3221 2497 3398 2552 domi-

1820 2603 1883 2639 na
1931 2585 2044 2654 ejus
2090 2584 2254 2638 libido
2298 2587 2608 2655 imperavit,
2639 2587 2816 2641 omnia
2855 2585 3020 2652 fecit;
3055 2602 3225 2657 neque
3255 2589 3402 2656 prius

1819 2677 2042 2742 destitit,
2070 2677 2240 2730 donec
2266 2693 2383 2730 eam
2409 2676 2673 2732 dedecore
2701 2676 2900 2733 admit.
2926 2678 3107 2744 Qualis
3137 2681 3295 2734 herus
3325 2690 3403 2732 ta-

1820 2770 1886 2822 lia
1914 2768 2179 2837 imperat?
2208 2771 2384 2837 qualis
2414 2769 2658 2824 imn‘tanis
2686 2771 2984 2841 tyrannus?
3013 2770 3177 2840 Roga,
3211 2773 3399 2841 inquit,

1821 2874 2033 2914 servum
2074 2867 2261 2924 tuum,
2299 2859 2521 2913 adulare
2575 2860 2838 2928 emptitio,
2867 2860 3103 2930 supplica
3145 2864 3356 2931 captivo
3387 2883 3399 2916 :

1822 2953 2028 3007 etiamsi
2057 2954 2335 3020 respuerit,
2372 2967 2554 3006 rursus
2582 2953 2716 3006 insta
2743 2969 2757 3018 ;
2791 2955 2995 3008 etiamsi
3026 2956 3221 3022 sazpius
3250 2956 3402 3011 dixe-

1823 3045 1898 3098 ris
1923 3056 1976 3098 et
2007 3047 2091 3096 ille
2115 3059 2220 3098 non
2252 3059 2502 3098 assensus
2537 3044 2695 3099 fuerit
2715 3087 2730 3110 ,
2761 3045 2982 3099 observa
3023 3047 3402 3114 solitudinem,

1824 3144 1878 3190 et
1908 3136 2014 3189 vim
2046 3136 2203 3189 facito
2233 3144 2286 3188 et
2316 3145 2366 3190 te
2396 3139 2503 3190 risu
2532 3137 2744 3206 dignam
2779 3137 2976 3204 pra-be.
3011 3137 3145 3206 Quid
3177 3139 3404 3209 ignomi-

1827 3226 2059 3289 niosius,
2090 3226 2214 3294 qttid
2259 3226 2462 3296 turpius
2495 3225 2644 3281 hisce
2683 3226 2900 3280 verbis?
2940 3225 2995 3281 Si
3037 3239 3214 3282 autent
3244 3245 3308 3281 ne
3338 3230 3407 3281 ita

1828 3318 2041 3388 quidem
2069 3318 2265 3386 aliquid
2298 3318 2604 3387 perfeceris,
2631 3317 2774 3372 illum
2799 3320 3122 3375 calumniare
3147 3334 3197 3374 ct
3224 3320 3411 3389 decipe

1827 3411 2126 3478 conjugem.
2159 3409 2290 3462 Vide
2316 3425 2474 3478 quam
2501 3410 2798 3473 illiberalia,
2824 3425 2979 3478 qnam
3012 3411 3180 3480 turpia
3208 3427 3410 3480 praece-

1832 3509 1917 3567 pta
1945 3501 2082 3564 sint,
2114 3516 2270 3568 quam
2308 3501 2528 3554 immitia
2556 3541 2570 3566 ,
2602 3516 2760 3571 quam
2789 3517 2935 3556 sazva
2961 3546 2974 3569 ,
3007 3519 3166 3572 quam
3195 3506 3409 3562 furiosa.

1832 3583 1964 3657 Quid
1996 3600 2195 3644 tantum
2227 3594 2537 3662 prmceperit
2569 3593 2731 3648 herus
2754 3594 2946 3663 quivis,
2972 3607 3224 3666 quantum
3255 3597 3409 3653 lasci-

1832 3688 1915 3737 via
1949 3692 2072 3736 tunc
2101 3685 2352 3751 prmcepit
2390 3687 2546 3752 regia:
2583 3686 2834 3739 mulieri"
2863 3697 2913 3740 et
2947 3696 3121 3740 tamen
3153 3704 3255 3742 non
3289 3704 3415 3743 ausa

1834 3783 1916 3828 est
1960 3790 2062 3827 non
2105 3775 2342 3843 obsequi.
2375 3774 2571 3844 Joseph
2615 3792 2742 3830 vero
2778 3777 2905 3830 nihil
2937 3779 3037 3833 tale
3065 3795 3251 3848 passus
3276 3823 3288 3844 ,
3323 3784 3437 3836 sed“

1835 3870 2098 3921 contraria
2129 3869 2326 3930 omnia,
2359 3884 2476 3937 qua:
2517 3870 2738 3939 gloriam
2770 3879 2823 3924 et
2854 3871 3111 3926 honorem
3143 3873 3416 3929 afferrent.

1842 3959 1930 4012 \‘is
1960 3960 2118 4012 alium
2150 3959 2330 4015 videre
2364 3963 2532 4015 virum
2559 4004 2570 4022 ,
2601 3964 2686 4015 cui
2718 3977 2855 4016 szeva
2887 3964 3096 4018 domina
3125 3967 3288 4021 multa
3317 3970 3415 4022 im-
3477 4007 3480 4010 ς

1839 4050 2059 4116 peravit,
2093 4068 2190 4103 nec
2217 4068 2379 4105 ausus
2408 4062 2490 4106 est
2521 4054 2608 4108 ille
2637 4070 2742 4108 non
2771 4055 3032 4125 obsequi?

1907 4137 2123 4191 Invidia:
2162 4143 2367 4192 malum.
2401 4172 2471 4180 —
2499 4143 2720 4195 Cainnm
2750 4147 2920 4211 cogita
2946 4185 2960 4207 ,
2993 4157 3186 4214 quanta
3231 4164 3422 4218 nempe

1837 4229 1904 4280 ab
1932 4229 2123 4281 invidia
2164 4231 2310 4298 jussa
2352 4234 2638 4299 acceperit.
2671 4232 2741 4288 Ut
2768 4233 2987 4289 fratrem
3020 4237 3287 4295 occideret
3320 4242 3421 4294 im-

1842 4321 2077 4389 peravit,
2111 4335 2164 4375 ut
2197 4322 2303 4376 Deo
2334 4325 2673 4389 mentiretur,
2705 4335 2906 4394 patrem
2939 4329 3124 4386 dolore
3151 4332 3421 4398 alliceret,

1844 4411 2180 4482 impudenter
2201 4429 2380 4482 ageret
2409 4435 2419 4469 :
2451 4426 2502 4469 et
2530 4418 2705 4471 omnia
2731 4429 3055 4488 exsequutus
3081 4431 3180 4483 est,
3207 4437 3269 4476 ac
3297 4426 3426 4480 nihil

1847 4497 2204 4575 prmtermisit.
2241 4508 2443 4576 Ecquid
2485 4509 2730 4570 miraris,
2759 4509 2801 4560 si
2836 4508 2949 4562 lucc
2978 4508 3191 4564 dutnina
3227 4525 3425 4568 tantam

1846 4599 1950 4650 vim
1979 4597 2170 4652 habeat
2199 4599 2249 4652 in
2278 4614 2400 4661 uno,
2435 4614 2551 4666 qua:
2579 4599 2814 4667 integros
2838 4614 2979 4668 smpe
3009 4603 3231 4670 populos
3256 4605 3430 4672 pcrdi-

1847 4689 1966 4743 dit?
1994 4690 2206 4743 Judasos
2238 4699 2382 4742 certe
2420 4689 2824 4745 Madianitarum
2869 4695 3118 4748 mulieres
3146 4697 3350 4751 vinctos
3379 4708 3433 4753 et

1850 4780 1958 4833 fere.
1988 4781 2226 4848 captivos
2252 4780 2626 4847 abduxerunt,
2654 4799 2772 4837 cum
2817 4782 2999 4837 luran
3035 4801 3144 4838 sua:
3175 4792 3430 4858 concupi-

1849 4872 2050 4925 scentia
2089 4872 2207 4925 illos
2238 4889 2425 4927 omnes
2455 4875 2703 4928 allexcre.
2740 4871 2885 4926 lianc
2917 4876 3094 4943 itaque
3122 4881 3427 4934 servitutem

1848 4962 2067 5029 ejicicns
2099 4962 2293 5018 Paulus
2315 5007 2329 5030 ,
2363 4965 2572 5019 dicebat
2605 4982 2617 5014 :
2654 4962 2733 5017 Ne
2760 4966 2868 5017 sitis
2898 4968 3025 5019 «arvi
3054 4969 3352 5035 hominum;
3382 4973 3431 5026 id

1850 5063 1965 5120 est,
2004 5072 2069 5110 ne
2110 5057 2472 5125 obsequamini
2520 5056 2824 5112 hominibus
2861 5059 3086 5111 absurda
3122 5061 3430 5129 imperanti-

1851 5152 1980 5215 bus;
2010 5153 2115 5207 imo
2146 5170 2208 5205 ne
2238 5154 2388 5206 vobis
2413 5154 2625 5223 quidem
2656 5155 2802 5224 ipsis.
2832 5153 3031 5207 Deinde
3057 5169 3178 5208 cum
3203 5169 3431 5210 mentem

1852 5247 2132 5309 erexisset,
2164 5245 2552 5316 sublimemque
2584 5246 2816 5309 fecisset,
2849 5245 2922 5298 ait
2955 5265 2966 5298 :
3001 5247 3088 5300 2.3.
3126 5247 3200 5300 De
3227 5250 3427 5316 virgini

1853 5338 1943 5389 bus
1983 5348 2148 5390 autem
2196 5348 2505 5405 prwceptum
2552 5337 2754 5389 Domini
2795 5352 2893 5389 non
2935 5336 3090 5389 habeo
3127 5339 3436 5391 :consilium

1853 5439 2020 5481 autem
2050 5429 2114 5480 do
2135 5469 2149 5492 ,
2179 5439 2437 5495 tamquam
2474 5428 2867 5480 misericordiam
2903 5438 3235 5497 consequutus
3263 5446 3293 5479 α
3325 5428 3434 5482 Do-

1856 5520 2014 5583 mino,
2044 5529 2097 5570 ut
2124 5519 2220 5570 sim
2245 5519 2427 5585 ﬁdelis.
2460 5517 2625 5571 Recto
2650 5518 2836 5571 ordine
2868 5517 3160 5585 procedens
3186 5518 3252 5571 de
3277 5518 3435 5588 virgi—

1857 5613 2020 5666 nitate
2045 5611 2295 5679 deinceps
2326 5610 2649 5664 mentionem
2680 5609 2825 5665 facit.
2861 5610 3144 5678 Postquam
3174 5610 3314 5663 enini
3345 5626 3437 5664 eos

1858 5702 1924 5755 de
1952 5703 2276 5757 continentia
2309 5703 2557 5771 loquutus
2582 5701 2822 5754 exercuit
2849 5709 2903 5754 et
2934 5701 3262 5768 composuit,
3288 5700 3354 5754 ad
3387 5702 3435 5755 id

1860 5798 1999 5870 quod
2042 5798 2212 5868 majus
2257 5807 2334 5852 est
2374 5796 2672 5867 egreditur,
2718 5794 3064 5865 Prwceptum,
3108 5793 3306 5865 inquit,
3340 5811 3437 5848 non
