4070 6322
580 322 682 381 159

587 440 745 492 habeo
766 450 787 501 ;
812 433 907 490 sed
936 434 1128 488 bonam
1159 449 1270 489 rem
1297 448 1418 488 esse
1445 442 1593 504 puto.
1623 431 1844 501 Quare?
1872 430 2073 486 Eadem
2099 429 2170 484 de

586 540 748 582 causa
771 566 785 587 .
809 540 961 595 quam
1004 523 1074 580 de
1108 525 1434 581 continentia
1475 524 1673 594 posuit.
1704 522 1794 576 27.
1837 522 2092 592 Alligatus
2116 537 2170 574 es

584 616 737 672 uxori
753 617 780 672 2
805 614 915 671 noli
936 631 1164 683 querere
1194 615 1519 670 solutionem.
1560 612 1775 669 Solutus
1803 628 1855 666 es
1882 612 1946 667 ab
1972 612 2173 667 uxore!

582 708 693 761 noli
718 722 942 778 querere
970 722 1200 761 uxorem.
1228 705 1353 760 llaec
1383 719 1487 760 non
1513 712 1640 759 sunt
1663 704 2006 773 repugnantis
2032 703 2174 773 prio-

584 799 767 865 ribus;
792 800 899 853 imo
920 799 1071 853 valde
1093 799 1158 853 iis
1178 797 1539 852 assentientis.
1558 796 1691 852 Nam
1714 809 1766 851 et
1790 797 1897 850 illic
1916 796 1992 852 ait
2015 814 2029 851 :
2054 794 2175 850 Nisi

584 894 716 961 forte
741 905 806 944 ea:
827 905 1074 944 consensu
1096 904 1117 953 ;
1144 888 1231 944 hic
1258 905 1386 944 vero
1408 887 1539 943 dicit
1566 904 1582 943 :
1612 888 1862 964 Alligatus
1897 904 1951 944 es
1985 889 2132 943 uxori
2149 889 2175 941 7

585 980 691 1035 noli
718 996 943 1051 querere
979 981 1303 1035 solutionem.
1354 980 1469 1036 Hoc
1507 994 1668 1049 porro
1707 980 2035 1034 contrarium
2065 994 2171 1033 non

581 1082 660 1127 est
687 1088 702 1125 :
727 1086 849 1128 nam
876 1071 1019 1142 quod
1049 1080 1241 1141 printer
1267 1078 1501 1126 mentem
1526 1080 1608 1124 est
1633 1080 1689 1125 et
1714 1070 2063 1133 voluntatem,
2089 1078 2175 1124 est

582 1162 816 1229 solutio;
848 1163 891 1217 si
932 1172 1112 1218 autem
1140 1162 1510 1218 continuerint
1535 1176 1599 1217 cx
1633 1161 1910 1232 utriusque
1938 1176 2169 1217 consen-

584 1271 671 1319 su,
702 1270 807 1310 non
832 1266 911 1310 est
940 1255 1158 1311 solutio.

650 1345 704 1400 ϐ.
739 1344 975 1410 Deinde,
1016 1360 1085 1399 ne
1124 1344 1230 1399 hoc
1260 1343 1503 1399 videatur
1530 1343 1616 1399 lex
1644 1358 1796 1408 esse,
1841 1343 2163 1414 subjnnxit:

581 1433 668 1490 28.
701 1434 761 1489 Si
787 1444 956 1489 autem
981 1435 1233 1502 acceperis
1262 1443 1492 1500 mrem,
1522 1450 1623 1487 non
1652 1433 1890 1503 peccasti.
1917 1432 2031 1488 Sub
2058 1434 2172 1487 haec

582 1526 928 1596 pmentium
956 1539 1171 1580 causam
1202 1523 1390 1588 aﬂ‘ert,
1422 1526 1711 1577 instantem
1756 1522 2131 1577 necessitatem
2150 1563 2168 1587 ,

581 1628 793 1689 tempus
828 1625 1163 1673 contractum
1190 1624 1247 1671 et
1286 1615 1706 1685 tribulationem.
1750 1614 1912 1669 Multa
1942 1628 2172 1685 namque

580 1706 906 1764 connubium
931 1721 1115 1762 secum
1144 1706 1327 1772 trahit,
1358 1721 1478 1777 quae
1507 1715 1564 1761 et
1593 1705 1679 1761 hic
1705 1705 2082 1769 subindicavit,
2112 1715 2168 1761 et

574 1803 635 1856 in
663 1793 913 1859 sermone
938 1799 1008 1856 de
1025 1797 1355 1855 continentia
1382 1817 1395 1853 :
1426 1799 1538 1854 illic
1561 1797 1773 1868 quidem
1795 1797 1982 1853 dicens
2001 1840 2016 1863 ,
2043 1813 2165 1852 mu-

580 1894 763 1949 lierem
788 1908 894 1947 non
916 1892 995 1946 sui
1020 1900 1334 1962 potestatem
1354 1890 1584 1953 habere;
1612 1890 1698 1943 hic
1724 1900 1924 1956 autem,
1954 1887 2169 1944 Solutus

579 2003 653 2041 es.
688 1984 749 2040 Si
785 1994 955 2039 autem
980 2000 1191 2038 mrem
1216 1983 1504 2051 acceperis,
1536 1997 1638 2035 non
1680 1981 1932 2049 peccasti;
1961 1995 2069 2035 non
2098 1980 2168 2033 de

576 2093 642 2135 ea
672 2077 896 2149 loquens
939 2092 1061 2148 quze
1103 2075 1462 2147 virginitatem
1497 2074 1693 2144 elegit;
1726 2075 1841 2144 ipsa
1870 2073 2015 2129 enim
2054 2074 2165 2144 jam

580 2168 838 2239 peccavit.
866 2167 1001 2224 Nam
1027 2166 1071 2222 si
1100 2167 1274 2222 vidua:
1304 2166 1356 2220 in
1383 2166 1588 2221 crimen
1620 2174 1899 2229 vocantur,
1926 2180 2049 2219 cum
2073 2179 2165 2220 se-

580 2259 786 2315 cundas
824 2259 1039 2329 nuptias
1063 2256 1471 2323 contraxerint,
1512 2256 1559 2310 si
1586 2244 1755 2310 semel
1793 2254 2056 2326 elegerint
2083 2255 2165 2309 vi-

579 2351 872 2415 duitatem;
899 2347 1070 2404 multo
1095 2348 1266 2419 magis
1286 2347 1537 2418 virgines.
1571 2344 1971 2399 Tribulatiouem
1998 2354 2169 2399 um

579 2442 747 2497 carnis
770 2440 1021 2497 habebant
1047 2439 1361 2510 hujusmodi.
1392 2438 1554 2509 Atqui
1594 2441 1755 2493 etiam
1795 2438 2125 2507 voluptatem
2147 2478 2165 2505 ,

581 2533 809 2602 inquies.
835 2531 943 2590 Sed
983 2531 1104 2587 vide
1128 2532 1402 2601 quomodo
1441 2530 1587 2585 illam
1615 2530 1872 2599 temporis
1908 2530 2169 2585 brevitate

582 2623 928 2689 contraxerit,
955 2622 1171 2678 dicens:
1200 2620 1292 2676 29.
1314 2618 1536 2692 Tempus
1564 2624 1706 2674 breve
1731 2631 1824 2675 est.
1850 2620 1909 2675 ld
1935 2629 2049 2685 est,
2075 2620 2165 2690 ju-

583 2715 773 2779 bemur
791 2714 1117 2786 peregrinari
1138 2721 1194 2768 et
1220 2711 1481 2767 excedere
1508 2711 1725 2765 domum
1750 2728 1765 2775 ;
1796 2720 1851 2765 tu
1874 2726 2007 2767 vero
2032 2710 2169 2766 inte~

583 2808 697 2865 rius
738 2806 930 2863 curris.
976 2806 1137 2875 Atqui
1185 2804 1394 2858 etiamsi
1441 2802 1573 2857 nihil
1619 2803 1902 2858 molestum
1947 2802 2168 2859 haberet

585 2897 1013 2959 matrimonium,
1043 2895 1110 2951 ad
1150 2895 1327 2950 futura
1369 2904 1545 2950 tamen
1577 2893 1827 2949 festinare
1855 2902 2164 2965 oporteret;

580 3005 703 3045 cum
730 3000 909 3045 autem
949 2986 1247 3043 molestiam
1287 3001 1471 3042 secum
1512 2986 1720 3051 trahat,
1748 2986 1875 3056 quid
1913 3001 2050 3056 opus
2085 2995 2170 3041 est

580 3098 721 3139 onus
738 3078 1049 3137 attrahere?
1068 3094 1165 3135 cur
1191 3087 1391 3133 tantam
1413 3078 1691 3145 suscipere
1712 3078 1932 3140 molem,
1954 3075 2170 3146 quando

583 3185 865 3247 postquam
904 3172 1246 3241 susceperis,
1288 3171 1360 3225 ita
1388 3170 1463 3224 uti
1513 3170 1601 3224 illa
1627 3158 1842 3239 oportet
1882 3184 1948 3223 ac
1985 3168 2032 3224 si
2061 3183 2167 3223 non

584 3267 845 3324 haberes?
882 3267 1084 3322 etenim
1122 3266 1196 3319 ait
1229 3285 1243 3320 :
1288 3264 1390 3331 Qui
1428 3262 1613 3316 habent
1657 3278 1872 3325 uxores,
1912 3270 2169 3332 tamquam

582 3377 684 3414 non
711 3358 948 3413 habentes
969 3357 1090 3412 sint.
1120 3354 1323 3409 Deinde
1342 3396 1359 3420 ,
1388 3369 1511 3409 cum
1533 3353 1602 3407 de
1626 3351 1818 3406 futuris
1843 3350 1971 3421 quid
2000 3352 2168 3405 inter-

584 3449 883 3522 posuisset,
924 3462 1110 3503 rursus
1148 3445 1219 3501 ad
1244 3460 1485 3516 praesens
1511 3455 1723 3513 tempus
1748 3456 2057 3497 sermonem
2087 3456 2171 3495 re-

584 3542 752 3598 ducit.
783 3540 995 3596 Etenim
1032 3539 1138 3593 alia
1163 3546 1290 3593 sunt
1314 3534 1613 3606 spiritualia
1638 3550 1655 3587 :
1705 3533 1794 3588 illa
1822 3532 2021 3602 quippe
2050 3546 2171 3600 qum

584 3635 685 3689 viri
728 3640 884 3693 sunt,
918 3629 1035 3685 haec
1060 3637 1238 3683 autem
1268 3641 1388 3697 qua:
1412 3633 1540 3680 sunt
1571 3623 1664 3679 Dei
1692 3634 1883 3687 curat;
1910 3620 2013 3675 alia
2042 3635 2172 3675 vero

587 3734 711 3779 sunt
736 3721 1018 3795 praesentis
1041 3719 1198 3786 vitae;
1227 3716 1354 3774 illud
1379 3721 1590 3786 nempe,
1617 3712 1707 3770 32.
1739 3711 1870 3768 Volo
1894 3722 2061 3767 autem
2086 3727 2173 3765 vos

587 3820 697 3873 sine
719 3814 1057 3871 sollicitudine
1079 3829 1205 3868 esse.
1237 3815 1488 3867 Attamen
1514 3809 1645 3864 illud
1668 3824 1881 3879 quoque
1908 3811 1959 3862 in
1980 3821 2169 3862 eorum

590 3914 907 3980 potestatem
951 3904 1195 3958 remittit.
1223 3901 1356 3955 Nam
1383 3899 1473 3968 qui
1517 3908 1799 3967 postquam
1838 3896 2074 3951 ostendit
2119 3896 2170 3948 id

1254 318 1313 375 S.
1350 317 1629 375 JOANNIS
1655 317 2128 376 CHRYSOS'I‘OMI
2166 315 2483 374 ARCHIEP.
2523 317 3051 375 CONSTANTINOP.

3775 325 3879 380 {60

2272 429 2413 497 qnod
2440 440 2522 486 est
2561 429 2866 500 eligendum
2888 474 2904 497 ,
2946 448 3134 488 rursus
3170 435 3311 505 cegit
3332 477 3347 502 ,
3381 434 3592 492 videtur
3618 451 3729 493 non
3763 452 3878 494 suis

2277 522 2441 579 fidere
2470 523 2665 578 verbis.
2696 524 3036 595 Quapropter
3053 528 3400 582 concessione
3422 529 3589 599 magis
3610 528 3766 599 ipsos
3796 531 3876 584 in-

2274 612 2427 667 duxit
2460 626 2513 668 et
2553 614 2807 680 retinuit,
2850 614 3037 670 dicens
3066 633 3081 670 :
3112 615 3201 671 35.
3254 616 3417 673 Porro
3445 621 3539 674 hoc
3567 621 3636 674 ad
3661 620 3875 675 utilita-

2276 715 2374 760 tem
2401 717 2616 763 uestram
2642 709 2756 762 dico
2773 750 2787 774 ,
2833 726 2935 765 non
2960 720 3015 764 ut
3042 709 3276 782 laqueum
3317 714 3453 768 vobis
3476 714 3706 786 injiciam
3728 756 3748 783 ,
3783 716 3884 769 sed

2275 798 2346 851 ad
2369 799 2425 853 id
2445 799 2582 869 quod
2608 800 2874 855 honestum
2898 811 3009 867 est,
3051 812 3099 855 et
3123 802 3259 869 quod
3298 804 3589 868 facultatem
3616 806 3870 872 prebeat.

2277 888 2511 944 Audiant
2535 890 2796 960 virgines,
2827 890 2969 962 quod
2999 891 3276 962 virginitas
3307 893 3359 947 in
3399 891 3502 948 hoc
3527 909 3633 949 non
3674 896 3873 951 termi-

2279 988 2470 1034 netur:
2504 994 2627 1033 nam
2666 994 2789 1049 quae
2825 994 2912 1035 res
2950 982 3131 1041 mundi
3161 991 3345 1047 curat,
3390 997 3489 1039 nec
3515 984 3665 1054 virgo
3708 984 3873 1039 luerit

2278 1083 2376 1121 nec
2404 1067 2649 1123 honesta.
2680 1068 2814 1123 Cum
2840 1069 3067 1127 dixisset
3091 1072 3271 1139 enim,
3297 1070 3475 1128 Divisa
3501 1083 3576 1130 est
3604 1075 3797 1129 mulier
3825 1085 3876 1129 et

2276 1160 2436 1229 virgo,
2466 1160 2607 1215 hanc
2633 1160 2989 1217 differentiam
3021 1165 3233 1232 posuit,
3260 1175 3317 1221 ct
3353 1182 3456 1235 qua
3483 1167 3538 1221 in
3566 1183 3626 1222 re
3654 1166 3875 1223 discre-

2277 1260 2404 1319 pent
2429 1250 2586 1305 dixit.
2610 1252 2689 1307 Ac
2713 1267 2835 1307 cum
2862 1252 3231 1309 definitionem
3258 1254 3415 1310 dedit
3434 1256 3651 1328 virginis
3675 1268 3735 1314 et
3761 1273 3873 1313 non

2276 1343 2531 1413 virginis,
2573 1360 2678 1399 non
2709 1345 2956 1415 nuptias,
2999 1360 3106 1401 non
3139 1347 3522 1402 continentiam
3555 1349 3723 1414 dixit,
3773 1352 3873 1405 sed

2274 1435 2655 1492 sollicitudinis
2680 1440 3004 1494 vacuitatem
3045 1450 3100 1496 et
3126 1456 3374 1512 magnam
3418 1442 3872 1498 sollicitudinem.

2272 1525 2389 1580 Non
2420 1528 2562 1582 enim
2597 1530 2771 1585 coitus
2801 1530 2973 1585 malus
3014 1543 3135 1598 est,
3176 1532 3270 1587 sed
3314 1532 3758 1603 impedimentum
3801 1536 3887 1589 ιά-

2272 1614 2664 1687 philosophiam
2692 1619 2913 1674 malum.
2945 1621 3035 1675 56.
3066 1620 3130 1676 Si
3151 1623 3265 1691 quis
3292 1634 3463 1679 autem
3486 1633 3687 1694 turpem
3710 1641 3770 1679 se
3794 1626 3872 1678 si.

2275 1708 2385 1761 deri
2429 1709 2684 1764 existimat
2710 1726 2866 1779 super
2892 1712 3086 1782 uirgine
3118 1730 3232 1767 sua.
3274 1714 3373 1770 Hic
3411 1715 3622 1775 videtur
3646 1717 3872 1786 quidem

2274 1799 2343 1854 de
2383 1799 2724 1853 matrimonio
2750 1800 2930 1871 loqui;
2971 1809 3141 1857 totum
3164 1811 3343 1856 autem
3388 1804 3517 1858 dicit
3539 1806 3609 1859 de
3640 1806 3871 1875 virgini-

2278 1898 2385 1945 tate
2413 1909 2426 1944 :
2458 1905 2583 1945 nam
2609 1902 2662 1945 et
2697 1892 2990 1948 secundum
3014 1893 3261 1949 concedit
3284 1895 3687 1950 matrimonium
3706 1938 3722 1961 ,
3752 1906 3877 1951 tan-7

2276 1990 2387 2035 tum
2425 1979 2493 2037 In
2528 1976 2769 2039 Domino.
2809 1982 2947 2053 Quid
2974 1992 3056 2040 est
3094 1984 3263 2053 illud,
3308 1984 3377 2040 is
3419 1984 3689 2041 Domino!
3728 1986 3866 2042 Cum

2273 2075 2521 2130 castitate
2538 2115 2555 2141 ,
2577 2091 2698 2133 cum
2728 2075 3028 2133 honestate.
3058 2077 3171 2133 Hac
3197 2078 3343 2134 enim
3372 2078 3571 2149 ubique
3596 2088 3681 2135 est
3707 2095 3865 2149 opus,

2276 2168 2554 2237 ipsamque
2578 2167 2785 2239 insequi
2827 2179 3040 2240 oportet
3069 2187 3086 2225 :
3116 2170 3354 2242 alioquin
3382 2187 3450 2227 ne
3476 2172 3606 2228 licet
3642 2172 3867 2243 quidem

2278 2256 2445 2312 Deum
2468 2258 2671 2316 videre.
2697 2260 2756 2316 Si
2776 2269 2955 2316 autem
2978 2262 3368 2333 prteterivimns
3384 2277 3468 2326 ea,
3495 2277 3615 2333 quae
3634 2264 3877 2319 dicenda

2275 2359 2429 2405 erant
2445 2349 2511 2405 de
2527 2351 2850 2421 virginitate,
2871 2368 3029 2407 nemo
3050 2367 3148 2407 nos
3162 2353 3498 2424 negligentia:
3518 2353 3865 2409 condemriet.

2276 2440 2495 2496 Librum
2523 2442 2668 2497 enim
2701 2443 2967 2512 integrum
3001 2444 3053 2497 in
3096 2459 3215 2499 eam
3245 2461 3359 2499 rem
3389 2443 3654 2499 edidimus
3686 2444 3784 2512 (a),
3816 2455 3879 2498 es

2274 2548 2395 2587 cum
2427 2532 2500 2588 ibi
2524 2542 2777 2589 accurate
2796 2545 3053 2604 quantum
3078 2537 3347 2605 potuimus
3372 2536 3515 2590 illam
3532 2551 3647 2592 nem
3673 2546 3867 2591 tracta.-

2276 2624 2545 2691 verimus,
2574 2638 3032 2695 supervacaneum
3074 2640 3195 2681 esse
3234 2626 3486 2683 duximus
3527 2626 3718 2682 eadem
3751 2627 3864 2695 ipsa

2277 2715 2363 2771 hic
2412 2725 2675 2787 repetere.
2727 2718 3089 2787 Quamobrem
3137 2718 3231 2775 illo
3274 2722 3608 2776 remittentes
3648 2719 3863 2775 audito—

2275 2822 2390 2861 rem
2412 2848 2428 2871 ,
2468 2808 2556 2863 hic
2585 2807 2715 2861 illud
2744 2808 3021 2875 dicemus,
3053 2809 3439 2865 continentiam
3480 2826 3603 2867 esse
3646 2818 3863 2864 sectati.-

2274 2896 2398 2953 dam
2428 2916 2441 2951 :
2474 2913 2599 2953 nam
2624 2899 2701 2952 ait
2730 2896 2819 2953 ille
2845 2916 2860 2953 :
2892 2896 3082 2952 Pacem
3112 2900 3468 2972 persequimiui
3494 2910 3542 2954 et
3568 2903 3865 2973 sanctiﬁca-

2275 2990 2493 3055 tiouem,
2519 2991 2628 3045 sine
2653 3007 2753 3060 qua
2788 3007 2933 3044 nemo
2956 2990 3142 3044 uidebit
3173 2989 3466 3044 Dominum.
3495 2990 3563 3049 Ut
3586 3008 3716 3064 ergo
3740 3010 3875 3051 eum

2276 3080 2461 3137 videre
2488 3081 2801 3152 dignemur;
2835 3083 2948 3137 sive
2986 3081 3038 3136 in
3084 3082 3390 3151 virginitate
3429 3081 3718 3153 degamus,
3751 3084 3867 3139 sive

2274 3176 2329 3229 in
2353 3174 2538 3243 primis
2556 3176 2668 3230 sive
2689 3176 2739 3229 in
2766 3175 3018 3231 secundis
3036 3177 3253 3245 nuptiis,
3281 3177 3420 3231 hanc
3440 3191 3857 3250 persequamur,

2278 3275 2336 3319 ut
2363 3280 2587 3335 regnum
2614 3265 2869 3321 czulorum
2911 3264 3296 3337 adipiscamur,
3327 3268 3496 3338 gratia
3526 3276 3582 3323 et
3617 3268 3865 3341 benigni-

2278 3366 2387 3412 tate
2417 3358 2625 3412 Domini
2657 3358 2826 3413 nostri
2855 3357 2983 3413 Jesu
3021 3357 3253 3424 Christi,
3294 3361 3511 3430 quicum
3550 3360 3692 3416 Patri
3734 3377 3865 3416 una-

2275 3464 2382 3520 que
2409 3451 2627 3520 Spiritui
2650 3460 2838 3507 sancto
2864 3445 3058 3522 gloria,
3092 3452 3395 3520 imperium,
3425 3453 3619 3521 honor,
3650 3467 3794 3510 nunc
3812 3462 3865 3509 et

2277 3555 2511 3611 semper,
2546 3550 2603 3597 et
2631 3540 2684 3596 in
2711 3542 2909 3597 secula
2940 3540 3284 3597 seculorum.
3318 3544 3510 3597 Amen.

2339 3718 2415 3781 (α)
2437 3717 2532 3771 Hic
2554 3717 2731 3783 librum
2748 3716 2982 3783 ξυμπιρθ
3002 3716 3300 3783 Virsinitate
3323 3723 3581 3783 memoret.
3599 3733 3752 3783 quan
3767 3721 3864 3770 edi-

2277 3779 2547 3843 mus‘t'omo
2569 3780 2616 3839 i,
2631 3780 2723 3829 col.
2746 3779 2973 3843 εει-δελ
2986 3779 3117 3842 Lege
3142 3780 3366 3829 Montium
3381 3780 3523 3842 Operi
3544 3779 3863 3843 prauis-tim.

2279 3844 2361 3904 ubi
2387 3842 2519 3891 clare
2543 3838 2786 3904 prebatui;
2794 3842 2926 3891 idem
2959 3838 3120 3904 ipsum
3140 3853 3266 3904 Opus
3309 3846 3362 3888 et
3406 3838 3510 3904 non
3540 3838 3673 3891 aliud
3696 3844 3748 3891 in
3770 3838 3866 3891 ﬁne

2279 3903 2426 3965 hujus
2439 3900 2653 3951 tioniil'ue
2675 3901 2727 3950 in
2749 3900 2904 3963 Epist.
2930 3900 2994 3949 ad
3012 3900 3227 3951 Corinth.
3253 3900 3534 3949 memorari.

610 4009 3866 4042 W

2014 4098 2360 4161 HOMILIA
2400 4098 2551 4160 XX.

587 4260 716 4316 Car.
748 4261 803 4315 8.
836 4275 887 4312 ν.
923 4261 975 4314 ι.
1009 4258 1088 4313 De
1128 4259 1192 4312 iis
1234 4266 1425 4321 autem,
1471 4268 1587 4325 qua
1628 4251 1781 4307 idolis
1814 4250 2168 4317 immolantur,

662 4354 849 4408 scimus
871 4348 1006 4416 quod
1042 4362 1216 4401 omnes
1240 4344 1503 4399 scientiam
1532 4342 1790 4399 habentes.
1836 4341 2066 4399 Scientia
2093 4343 2172 4396 in-

661 4444 784 4515 ﬂat,
811 4440 997 4496 caritas
1022 4452 1137 4492 vero
1165 4435 1407 4500 cedi/ica.

664 4539 715 4590 ί.
746 4534 978 4590 Necesse
1014 4540 1099 4587 est
1124 4531 1299 4602 primo
1322 4528 1504 4584 dicere
1527 4523 1657 4597 quid
1685 4522 1789 4579 sibi
1821 4522 1951 4579 velit
1977 4524 2065 4578 hic
2091 4524 2177 4577 lo-

592 4643 690 4683 cus
719 4644 733 4681 :
765 4630 843 4681 sic
877 4639 1109 4695 namque
1136 4622 1292 4678 facile
1320 4620 1652 4691 intelligetur
1679 4615 1824 4687 quod
1858 4614 2053 4670 dicturi
2081 4627 2175 4668 su-

595 4734 733 4775 mus.
774 4716 878 4785 Qui
916 4715 1061 4770 enim
1097 4713 1325 4783 aliquem
1365 4710 1604 4767 accusari
1644 4708 1829 4774 videt,
1880 4706 1984 4763 nisi
2032 4704 2179 4776 prius

595 4806 800 4876 peccati
823 4813 1068 4858 naturam
1097 4812 1306 4867 noscat,
1332 4815 1453 4870 qua:
1477 4800 1727 4855 dicentur
1754 4814 1861 4855 non
1890 4797 2174 4869 intelliget.

594 4902 707 4967 Qua
736 4910 863 4965 ergo
890 4892 960 4949 de
1001 4908 1063 4949 re
1106 4901 1234 4947 tunc
1266 4889 1575 4946 Corinthios
1602 4890 1923 4945 accusabat?
1957 4889 2175 4945 Crimen

592 4998 709 5045 erat
743 5001 1029 5060 magnum,
1060 5001 1123 5040 ac
1149 4984 1443 5040 multorum
1482 4996 1645 5037 causa
1682 4982 1965 5036 malorum.
2008 4981 2177 5049 Quale

594 5083 761 5137 illud?
786 5081 933 5137 Multi
960 5096 1026 5135 ex
1056 5079 1163 5134 illis
1187 5092 1309 5134 cum
1334 5074 1670 5141 didicissent,
1700 5088 1806 5128 non
1835 5088 1955 5143 qua:
1975 5073 2178 5127 intrant

593 5172 875 5241 inquinare
904 5169 1196 5235 hominem,
1218 5166 1313 5222 sed
1332 5180 1453 5238 qua:
1472 5172 1670 5221 exeunt
1691 5180 1705 5217 :
1727 5173 1779 5218 et
1802 5160 1965 5225 idola,
1984 5176 2178 5230 nempe

592 5264 770 5330 ligna,
814 5259 1019 5329 lapides
1064 5269 1121 5314 et
1161 5258 1580 5320 dzemonesmec
1618 5270 1816 5312 nocere
1861 5268 1960 5309 nec
1981 5252 2177 5323 iuvare

596 5366 787 5421 posse,
830 5350 945 5405 sine
990 5349 1151 5405 modo
1192 5350 1302 5405 ullo
1345 5348 1447 5404 hac
1486 5347 1724 5418 perfecta
1756 5346 1835 5402 rei
1871 5344 2177 5416 cognitione

596 5442 903 5507 utebantur,
932 5448 988 5496 et
1026 5443 1081 5494 in
1120 5454 1276 5497 suum
1316 5449 1371 5497 et
1409 5441 1462 5495 in
1507 5440 1735 5496 aliorum
1772 5436 2175 5494 detrimentum.

595 5534 728 5591 Nam
768 5532 837 5589 ad
871 5532 1014 5590 idola
1049 5532 1505 5605 ingrediebantur,
1551 5540 1608 5588 et
1643 5546 1948 5588 mensarum
1976 5527 2174 5585 ibidem

598 5628 884 5699 participes
907 5634 1099 5693 erant,
1132 5625 1361 5697 hincque
1391 5641 1636 5697 magnam
1665 5624 1962 5681 inferebant
1988 5622 2173 5694 perni-

596 5720 755 5775 ciem.
792 5719 923 5776 Nam
963 5720 1057 5791 qui
1079 5718 1253 5775 adhuc
1281 5718 1420 5778 idola
1463 5718 1755 5784 timebant,
1795 5732 1893 5774 nec
1936 5727 2176 5775 contem-

2279 4248 2455 4305 nenda
2482 4247 2570 4304 illa
2602 4262 2722 4304 esse
2748 4248 3079 4317 didicerant,
3104 4266 3380 4311 omnarum
3406 4256 3710 4327 hujusmodi
3744 4273 3861 4328 par-

2281 4341 2470 4413 ticipes
2495 4348 2648 4395 erant
2667 4380 2683 4407 ,
2714 4353 2836 4395 cum
2880 4339 3231 4410 perfectiores
3259 4344 3505 4401 viderent
3532 4347 3762 4417 idipsum
3792 4348 3861 4402 fa-

2279 4437 2517 4501 cientes,
2565 4442 2621 4489 et
2660 4432 2784 4488 hinc
2829 4433 3067 4487 maxime
3110 4432 3444 4488 lasdebantur
3475 4434 3690 4505 (neque
3723 4439 3868 4504 enim

2279 4527 2468 4583 eadem
2497 4542 2599 4598 qua
2632 4527 2712 4583 illi
2743 4532 2924 4582 mente
2955 4524 3198 4596 apposita
3217 4564 3236 4591 ,
3265 4524 3359 4581 sed
3389 4526 3543 4596 quasi
3583 4526 3742 4582 idolis
3770 4527 3863 4581 im-

2280 4617 2476 4671 molata
2502 4619 2805 4674 habebant:
2835 4627 2891 4673 et
2910 4632 2974 4673 ea
2994 4632 3083 4673 res
3104 4617 3187 4672 via
3208 4624 3325 4673 erat
3343 4615 3411 4671 ad
3438 4615 3821 4687 idololatriam)
3842 4632 3854 4669 :

2281 4713 2338 4761 et
2365 4706 2439 4760 illi
2465 4724 2677 4779 quoque
2705 4710 2795 4780 qui
2825 4708 3177 4780 perfectiores
3203 4717 3380 4777 erant,
3407 4724 3515 4765 non
3540 4708 3642 4766 levi
3665 4708 3866 4765 damno

2280 4795 2673 4865 efﬁciebantur,
2704 4799 2833 4854 dum
2862 4800 3067 4857 mensis
3091 4800 3403 4857 daemonicis
3438 4802 3765 4859 fruerentur.
3798 4799 3862 4855 Et

2284 4890 2387 4947 hoc
2412 4890 2632 4962 quidem
2671 4891 2874 4946 crimen
2902 4899 3037 4947 erat.
3069 4891 3266 4948 Beatus
3294 4903 3473 4947 autem
3498 4893 3603 4970 vir,
3636 4904 3693 4950 at
3735 4891 3860 4950 illud

2281 4985 2624 5051 emendaret,
2655 4997 2765 5038 non
2806 4982 2990 5037 statim
3018 4982 3325 5039 vehementi
3369 4982 3538 5039 utitur
3577 4985 3857 5041 oratione:

2282 5092 2405 5132 nam
2435 5093 2502 5132 ex
2543 5072 2848 5146 insipientia
2878 5074 3049 5145 magis
3068 5116 3084 5138 ,
3114 5088 3273 5144 quam
3302 5088 3369 5129 ex
3399 5072 3601 5129 malitia
3637 5074 3690 5129 id
3719 5073 3857 5131 desi-

2278 5168 2561 5237 gnabatur.
2590 5165 2768 5234 Quare
2796 5163 2949 5219 initio
2974 5162 3349 5219 adhortatione
3369 5164 3542 5235 magis
3566 5179 3701 5236 opus
3724 5173 3857 5225 erat,

2279 5275 2438 5329 quam
2483 5258 2787 5315 vehementi
2830 5257 3192 5325 increpatione
3230 5267 3285 5313 et
3310 5257 3693 5330 indignatione.
3736 5256 3857 5311 Ani-

2284 5350 2555 5406 madverte
2582 5350 2741 5421 igitur
2776 5349 2893 5418 ejus
2948 5347 3318 5418 prudentiam,
3362 5351 3635 5422 quomodo
3684 5347 3861 5402 statim

2279 5440 2699 5496 admonitionem
2730 5438 2985 5508 incipiat:
3020 5438 3095 5493 De
3119 5441 3181 5494 iis
3209 5452 3413 5509 autern,
3442 5455 3560 5510 qua
3586 5437 3740 5505 idolis
3768 5438 3857 5491 im-

2280 5530 2555 5598 molantur,
2581 5534 2767 5587 scimus
2792 5530 2930 5602 quod
2952 5548 3123 5587 omnes
3146 5534 3409 5587 scientiam
3429 5529 3691 5586 habemus.
3719 5527 3858 5584 lnﬂr—

2280 5623 2538 5679 mioribus
2586 5624 2828 5689 relictis,
2885 5622 3026 5692 quod
3072 5640 3290 5695 semper
3337 5624 3497 5689 facit,
3545 5622 3858 5679 valentiores

2278 5715 2509 5787 primum
2545 5715 2868 5786 aggreditur.
2916 5714 3028 5772 lloc
3070 5718 3214 5772 cnim
3246 5716 3406 5773 etiam
3455 5714 3509 5771 in
3548 5714 3773 5785 epistola
3801 5711 3864 5769 ad-
