4070 6322
293 391 393 448 161

288 506 563 560 Romanos
587 501 740 565 fecit,
776 500 961 554 dicens
992 517 1004 552 :
1040 501 1119 555 Tu
1152 515 1264 554 vero
1294 501 1416 570 quid
1437 503 1645 570 judicas
1673 503 1881 570 fratrem

286 610 435 650 tuum
463 595 636 662 (Rom.
674 594 760 647 Η.
787 593 912 661 10)?
942 592 1027 646 hic
1052 593 1195 646 enim
1227 601 1330 655 est,
1364 594 1451 661 qui
1488 592 1691 646 facilius
1719 592 1885 659 possit

285 682 714 754 increpationem
756 684 1021 752 accipere.
1054 683 1207 748 Quod
1253 683 1336 736 hic
1375 699 1588 751 quoque
1630 682 1754 735 facit
1786 700 1798 736 :
1830 693 1884 736 et

285 777 466 843 primo
497 773 693 828 fastum
736 788 921 827 eorum
963 782 1220 833 cvacuat,
1254 773 1379 826 dum
1415 773 1556 842 quod
1590 774 1662 826 illi
1697 775 1880 841 przrci-

286 880 455 933 puum
479 865 738 934 putabant
759 874 807 918 et
833 865 1124 933 perfectam
1151 865 1450 925 scientiam,
1477 865 1577 916 hoc
1597 878 1882 919 commune

281 972 414 1011 esse
444 957 804 1026 pronuntiavit
833 975 845 1008 :
879 957 1082 1011 Scimus
1112 956 1275 1017 enim,
1314 956 1513 1026 inquit,
1543 957 1677 1024 quod
1709 972 1881 1008 omnes

282 1049 553 1102 scientiam
579 1050 840 1102 habemus.
871 1048 1003 1102 Nam
1031 1050 1073 1101 si
1105 1048 1223 1101 illos
1249 1049 1413 1102 altum
1442 1063 1631 1117 sapere
1666 1048 1875 1111 sinens,

282 1142 469 1210 primo
497 1141 822 1196 ostendisset
849 1156 960 1194 rem
985 1156 1104 1194 esse
1125 1141 1244 1194 aliis
1272 1142 1506 1206 noxiam,
1543 1155 1644 1193 non
1675 1149 1876 1192 tantum

281 1234 573 1299 utilitatis,
633 1242 892 1303 quantum
956 1233 1481 1287 damui'attulisset.
1548 1232 1880 1286 Ambitiosus

280 1325 487 1394 quippe
511 1324 741 1386 animus,
763 1340 882 1377 cum
909 1325 1084 1392 aliqua
1114 1341 1170 1376 re
1192 1340 1248 1376 se
1270 1325 1448 1376 ornari
1470 1332 1636 1391 putat.
1666 1325 1877 1378 etiamsi

281 1417 411 1470 aliis
434 1416 502 1468 sit
529 1417 705 1480 noxia,
731 1432 848 1469 eam
875 1417 1176 1470 accuratius
1204 1415 1392 1468 retinet
1424 1417 1492 1469 ob
1523 1432 1671 1469 rana:
1693 1417 1877 1483 gloria:

281 1509 650 1578 tyrannidem.
698 1509 826 1561 ldco
873 1508 1066 1560 Paulus
1116 1509 1286 1575 primo
1334 1523 1443 1562 rem
1497 1517 1554 1562 ut
1602 1509 1652 1561 in
1697 1524 1752 1561 se
1797 1518 1879 1560 est

279 1601 590 1663 examinat,
624 1609 680 1652 ut
709 1600 848 1660 circa
880 1605 1154 1651 externam
1185 1601 1495 1667 sapientiam
1528 1601 1772 1666 superius
1800 1601 1876 1651 fe-

276 1690 395 1750 cit,
431 1689 571 1741 illam
601 1691 820 1742 omnino
849 1689 1130 1756 dejiciens.
1171 1689 1273 1744 Sed
1305 1691 1411 1743 illic
1438 1691 1650 1760 quidem
1685 1689 1733 1743 id
1755 1689 1876 1757 jure

276 1778 548 1842 faciebat;
583 1789 750 1833 totum
787 1781 927 1832 enim
959 1782 1377 1849 reprehensione
1403 1782 1620 1852 dignum
1649 1791 1793 1847 erat,
1823 1791 1876 1835 et

276 1869 456 1924 facilis
484 1885 569 1923 res
596 1878 750 1924 erat:
780 1882 1107 1939 quapropter
1136 1871 1187 1924 id
1217 1887 1321 1926 non
1363 1873 1524 1926 modo
1550 1885 1873 1939 supervaca-

279 1976 476 2026 neum,
511 1960 603 2015 sed
627 1962 788 2014 etiam
821 1963 1179 2029 prtedicatioui
1211 1964 1537 2016 contrarium
1567 1977 1684 2015 esse
1719 1962 1871 2016 dixit.

277 2052 385 2105 Ilic
410 2062 584 2104 autem
618 2067 722 2104 non
762 2053 920 2105 liceat
952 2053 1019 2104 ita
1046 2052 1223 2105 facere
1250 2069 1260 2103 :
1297 2067 1417 2114 nam
1450 2053 1498 2105 id
1524 2053 1591 2106 de
1617 2067 1722 2120 quo
1753 2069 1876 2121 age-

277 2143 442 2196 batur
467 2142 687 2195 scientia
720 2149 874 2207 erat,
909 2149 962 2194 et
990 2142 1214 2196 scientia
1246 2143 1498 2208 perfecta.
1534 2142 1715 2211 Neque
1744 2158 1872 2212 ergo

274 2248 400 2286 eam
439 2233 671 2301 dejicere
704 2240 873 2286 tutum
915 2241 1064 2298 erat,
1099 2249 1196 2288 nec
1243 2234 1399 2288 aliter
1443 2234 1637 2290 licebat
1681 2235 1870 2288 fastum

273 2340 348 2377 ex
378 2325 466 2378 illa
496 2334 814 2394 conceptum
858 2325 1110 2394 dejicere.
1148 2325 1284 2394 Quid
1323 2342 1451 2396 ergo
1501 2326 1658 2381 facit?
1688 2329 1871 2381 Primo

276 2416 430 2469 illam
461 2417 754 2470 ostendens
781 2431 900 2472 esse
921 2432 1283 2482 communem,
1320 2419 1529 2471 illorum
1554 2418 1746 2472 fastum
1775 2420 1868 2472 de-

276 2509 482 2575 primit.
514 2509 612 2575 Qui
644 2511 785 2563 enim
808 2525 1059 2578 magnum
1085 2511 1356 2579 quidpiam
1386 2521 1440 2565 et
1469 2512 1747 2582 pulchrum
1779 2511 1871 2564 ha-

278 2600 448 2663 bent,
479 2601 521 2652 si
552 2600 650 2652 soli
684 2599 944 2663 habeant,
977 2604 1144 2670 magis
1171 2602 1495 2665 eﬂ'eruntur;
1526 2603 1569 2655 si
1596 2617 1721 2656 vero
1751 2618 1873 2656 cunt

274 2690 402 2743 aliis
426 2689 474 2742 id
496 2690 768 2757 possidere
789 2691 1282 2757 deprehendantur,
1308 2708 1411 2748 non
1437 2695 1547 2761 pari
1574 2705 1696 2747 tunc
1715 2696 1872 2748 modo

274 2779 459 2833 aﬂ'ecti
502 2789 642 2833 sunt.
691 2781 926 2834 Primum
962 2783 1119 2851 igitur
1158 2783 1259 2838 hoc
1290 2799 1575 2839 commune
1602 2787 1869 2851 ostendit,

274 2872 534 2940 quoniam
584 2873 683 2942 ipsi
731 2873 986 2942 putabant
1027 2875 1078 2929 id
1123 2875 1223 2929 sibi
1268 2885 1473 2932 tantum
1515 2891 1821 2945 competere
1857 2898 1870 2933 :

275 2962 480 3017 deinde
507 2973 786 3032 postquam
821 2965 949 3018 iilud
981 2981 1266 3022 commune
1299 2968 1444 3034 fecit,
1477 2985 1581 3023 non
1613 2987 1670 3024 se
1699 2973 1870 3025 solum

278 3055 598 3124 participem
625 3056 755 3109 dicit
785 3074 798 3110 :
829 3057 904 3110 sic
934 3058 1076 3112 enim
1107 3059 1222 3112 illos
1251 3061 1419 3130 magis
1457 3063 1755 3116 extulisset.
1806 3064 1873 3118 Ut

277 3145 331 3197 si
361 3161 492 3198 unus
535 3155 740 3199 tantum
769 3146 976 3207 habeat,
1001 3149 1280 3202 seextollit
1313 3166 1325 3202 :
1362 3150 1432 3203 ita
1470 3152 1512 3204 si
1556 3169 1715 3206 unum
1759 3164 1875 3206 tan-

283 3244 400 3290 tum
429 3237 508 3290 rel
534 3237 757 3290 alterum
791 3253 855 3292 ex
885 3239 1163 3308 prmcipuis
1189 3251 1492 3296 consortem
1520 3243 1729 3307 habeat,
1765 3261 1871 3300 non

281 3327 510 3383 minoris
534 3344 644 3381 rem
679 3328 822 3382 facit.
851 3329 972 3383 ideo
1000 3346 1102 3382 non
1136 3345 1192 3384 se
1219 3333 1391 3384 solum
1425 3336 1602 3400 ponit,
1631 3336 1724 3390 scd
1753 3354 1871 3391 om-

282 3436 423 3473 nes:
455 3436 559 3474 non
588 3423 730 3474 enim
756 3422 910 3485 dixit,
943 3424 1051 3491 Ego
1078 3424 1353 3477 scientiam
1387 3427 1585 3492 habet);
1617 3431 1728 3492 sed,
1758 3431 1875 3485 Sci-

282 3529 402 3564 mus
432 3513 564 3584 quod
581 3531 750 3568 omnes
781 3515 1042 3567 scientiam
1075 3515 1330 3569 habemus.
1367 3517 1478 3571 lloc
1512 3519 1668 3586 igitur
1698 3523 1873 3589 priore

279 3603 432 3654 dicto
467 3617 652 3656 eorum
698 3602 889 3656 fastum
931 3605 1151 3672 dejeeit;
1197 3609 1434 3660 secundo
1482 3621 1661 3664 autem
1707 3613 1873 3668 vehe-

283 3692 537 3745 mentius.
568 3693 844 3758 Quodnam
874 3693 998 3746 illud
1021 3698 1141 3747 cSt?
1172 3698 1321 3762 Quod
1352 3702 1598 3753 ostendat
1631 3718 1740 3756 rem
1768 3720 1873 3758 non

284 3783 611 3853 perfectam.
649 3784 755 3840 imo
780 3783 1064 3836 admodum
1104 3785 1472 3853 imperfectam
1502 3806 1620 3845 esse
1648 3810 1659 3852 ;
1699 3809 1873 3863 neque

283 3876 448 3927 modo
480 3874 879 3940 imperfectam,
910 3877 1002 3928 sed
1035 3887 1087 3928 et
1117 3881 1350 3942 noxiam,
1383 3882 1480 3932 nisi
1514 3884 1580 3935 sit
1607 3884 1748 3936 aliud
1773 3886 1870 3939 ad-

276 3967 548 4034 junctum.
578 3967 708 4020 Cum
739 3965 962 4021 dixisset
998 3971 1138 4022 enim
1159 4013 1172 4034 ,
1211 3971 1488 4026 Scientiam
1521 3991 1690 4028 omnes
1723 3978 1876 4031 habe-

283 4075 427 4121 mus,
457 4058 729 4125 subjunxit
757 4073 772 4116 :
818 4057 1043 4112 Scientia
1071 4062 1217 4129 inﬂat
1238 4103 1250 4125 ,
1285 4066 1470 4118 caritas
1501 4079 1666 4119 autent
1706 4071 1869 4136 (ediﬁ-

280 4157 384 4200 cat.
419 4147 599 4214 Itaque
638 4164 761 4201 cum
801 4160 885 4204 est
934 4152 1050 4203 sine
1100 4155 1355 4214 caritate,
1405 4157 1467 4206 ad
1512 4161 1870 4225 arrogantiam

281 4237 514 4292 extollit.
549 4242 613 4289 At
646 4253 818 4306 neque
863 4240 1092 4305 caritas,
1126 4242 1366 4310 inquies,
1400 4245 1602 4313 absque
1648 4250 1869 4302 scientia

280 4327 482 4396 aliquid
509 4328 638 4381 lucri
663 4327 842 4382 habet.
870 4328 1062 4382 Verum
1091 4347 1196 4383 non
1225 4331 1324 4386 hoc
1348 4334 1498 4398 dixit,
1532 4337 1622 4390 sed
1651 4340 1790 4407 quod
1818 4339 1868 4393 in

281 4419 532 4472 confesso
553 4432 634 4473 est
658 4421 985 4490 relinquens,
1015 4426 1247 4479 ostendit
1271 4428 1369 4482 hoc
1393 4431 1483 4484 ille
1508 4432 1660 4485 valde
1690 4449 1866 4502 egere.

279 4510 416 4565 Nam
444 4509 530 4582 qui
561 4511 764 4583 diligit,
800 4524 981 4585 utpote
1020 4519 1107 4587 qui
1158 4533 1478 4589 praeceptum
1515 4525 1729 4592 impleit
1758 4543 1871 4580 om-

282 4603 432 4657 nium
467 4606 1002 4671 prteSIantissimum,
1049 4612 1254 4664 etiamsi
1302 4614 1426 4682 quid
1473 4615 1570 4684 ipsi
1617 4616 1866 4682 deﬁciat,

281 4695 392 4747 cito
421 4710 517 4763 per
562 4697 836 4751 caritatem
872 4699 1093 4753 scicntia
1142 4701 1366 4768 fruetur,
1413 4714 1468 4758 ut
1512 4708 1788 4761 Carm-Eius
1819 4720 1870 4761 et

281 4786 372 4838 alii
408 4786 558 4838 multi
588 4804 601 4837 :
632 4787 718 4856 qui
750 4797 930 4842 autem
968 4791 1246 4844 scientiam
1288 4796 1502 4864 quidem
1551 4798 1740 4862 habet,
1776 4798 1868 4851 sed

284 4893 391 4930 non
420 4879 737 4944 caritatem,
773 4895 877 4934 non
908 4881 1068 4935 modo
1099 4882 1231 4936 nihil
1257 4897 1496 4943 assumet
1516 4930 1529 4949 ,
1563 4890 1655 4943 sed
1690 4891 1755 4944 ab
1784 4892 1869 4944 iila

283 4982 443 5032 quam
469 4966 630 5022 habet
651 4970 881 5035 excidet,
909 4986 1052 5042 saepe
1075 4972 1124 5026 in
1155 4980 1510 5045 arrogantiam
1543 4981 1744 5035 labens.
1771 4983 1873 5034 lla-

282 5073 389 5126 que
421 5057 643 5113 scientia
690 5065 967 5118 caritatem
1000 5081 1104 5118 non
1149 5066 1313 5134 parit,
1347 5068 1453 5122 imo
1485 5081 1671 5124 contra
1713 5072 1779 5125 ab
1809 5088 1868 5125 ea

285 5149 555 5204 abscindit
580 5165 702 5204 eum
734 5156 823 5221 qui
857 5171 962 5209 non
994 5157 1249 5224 attendit,
1280 5158 1406 5212 dum
1449 5162 1600 5216 illum
1633 5163 1780 5216 inflat
1821 5173 1874 5217 et

283 5241 515 5296 extollit.
568 5240 777 5296 Etenim
824 5250 1126 5316 arrogantia
1172 5250 1412 5305 dividere
1459 5254 1628 5318 solet;
1677 5255 1872 5310 caritas

285 5349 418 5388 vero
443 5333 718 5404 conjungit
742 5344 798 5390 et
820 5336 886 5391 ad
914 5341 1192 5396 scientiam
1220 5343 1454 5398 adducit.
1485 5346 1635 5412 Quod
1664 5349 1870 5417 sigpil‘t-

283 5440 416 5478 caus
445 5427 535 5481 ille
559 5426 771 5482 dicebat
794 5446 807 5484 :
840 5429 902 5484 Si
926 5433 1038 5500 quis
1061 5446 1226 5489 autem
1253 5436 1417 5507 diligit
1448 5436 1612 5491 Deum
1632 5483 1644 5503 ,
1676 5442 1755 5493 hic
1785 5458 1872 5495 co-

283 5517 456 5584 gnitus
487 5527 562 5573 est
596 5519 656 5572 ab
684 5520 795 5589 ipso
824 5522 902 5590 (l.
933 5521 1048 5575 Cor.
1082 5525 1133 5578 8.
1158 5527 1237 5597 ὅ).
1270 5527 1450 5597 Itaque
1481 5544 1585 5583 non
1619 5531 1870 5600 impedio,

284 5605 496 5675 inquit,
537 5614 825 5679 quominus
854 5615 1082 5682 perfecta
1112 5619 1332 5674 scientia
1366 5620 1655 5689 habeatur;
1697 5625 1788 5678 sed
1821 5635 1877 5678 ut

283 5709 411 5751 cum
452 5701 678 5757 caritate
725 5703 1010 5770 habeatur,
1052 5705 1154 5762 hoc
1202 5712 1455 5783 praecipio
1487 5729 1500 5766 :
1534 5713 1766 5782 alioquin
1798 5715 1876 5768 lu-

280 5802 439 5845 crum
467 5796 691 5860 nuttum,
715 5794 808 5851 sed
833 5795 1234 5854 detrimentum.

1354 387 1420 442 IN
1461 386 1672 443 EPIST.
1715 386 1755 441 l.
1798 388 1889 442 AD
1927 385 2082 440 COR.
2127 386 2356 442 IIOMIL.
2403 387 2519 443 XX.

3489 400 3587 454 {62

2063 499 2114 551 2.
2165 497 2347 553 Viden'
2375 501 2642 570 quomodo
2662 501 2770 571 jam
2801 505 2937 558 viam
2973 518 3121 574 parat
3151 510 3216 563 ad
3247 525 3576 582 sermonem,

1991 602 2149 655 quem
2177 589 2245 643 de
2289 593 2513 647 caritate
2544 603 2626 648 est
2656 592 2976 651 habiturus?
3003 598 3132 653 Nam
3162 605 3284 672 quia
3321 606 3435 661 lucc
3457 623 3576 664 om-

1993 679 2076 732 nia
2110 684 2248 733 mala
2282 683 2407 736 hinc
2445 685 2800 750 accidebant,
2851 704 2956 742 non
3005 701 3182 745 autem
3232 710 3296 749 cx
3344 699 3580 764 perfecta

1990 771 2237 835 scientia,
2268 774 2362 828 sed
2391 777 2533 843 quod
2568 792 2673 830 non
2699 778 2985 834 admodum
3019 781 3323 854 diligerent,
3359 803 3458 842 nec
3493 808 3573 846 re-

1992 862 2085 916 bus
2118 866 2343 932 proximi
2380 880 2682 934 parcerent;
2719 871 2858 925 unde
2891 875 3236 941 contingebat
3263 878 3382 932 illos
3413 879 3579 935 (lissi-

1989 954 2114 1008 dere
2141 997 2152 1016 ,
2177 956 2353 1010 efferri
2379 998 2393 1021 ,
2437 968 2735 1029 ceteraque
2782 969 2957 1018 omnia
2989 970 3206 1022 evenire
3231 1012 3246 1035 ,
3292 971 3359 1024 de
3386 973 3580 1041 quibus

1989 1045 2076 1098 ille
2104 1056 2157 1098 et
2184 1056 2306 1100 ante
2334 1058 2386 1101 et
2415 1061 2534 1118 post
2575 1050 2689 1104 lucc
2719 1054 2992 1123 redarguit
3018 1073 3030 1109 :
3060 1059 3366 1127 frequenter
3396 1062 3463 1115 de
3491 1079 3580 1114 ca-

1989 1137 2143 1189 ritate
2190 1149 2409 1204 tractat,
2462 1141 2662 1194 fontem
2705 1147 2943 1197 omnium
2991 1148 3251 1203 bonorum
3306 1154 3576 1220 puriorem

1987 1227 2238 1282 reddens.
2269 1229 2404 1296 Quid
2431 1247 2558 1300 ergo
2587 1234 2750 1287 inﬂati
2782 1237 2911 1288 esus
2932 1278 2947 1302 ,
2983 1238 3186 1307 inquit,
3219 1241 3284 1296 de
3311 1246 3578 1299 scientia?

1985 1316 2038 1370 Si
2063 1320 2202 1370 enim
2232 1321 2510 1375 caritatem
2538 1339 2642 1376 non
2694 1325 3012 1394 habueritis,
3048 1329 3171 1384 hinc
3198 1333 3450 1386 damnum
3478 1352 3569 1390 ac-

1985 1408 2194 1475 cipietis
2221 1426 2234 1462 :
2265 1412 2390 1479 quid
2437 1415 2578 1466 enim
2622 1421 2925 1483 arrogantia
2977 1422 3170 1489 pejus?
3207 1425 3249 1476 si
3285 1439 3412 1479 vero
3443 1427 3572 1482 illud

1985 1499 2157 1562 adsit,
2199 1503 2357 1556 etiam
2390 1505 2491 1558 hoc
2523 1508 2574 1560 in
2625 1515 2737 1560 tuto
2761 1510 2883 1561 erit.
2922 1511 3145 1566 Etiamsi
3192 1517 3332 1569 enim
3371 1519 3570 1586 aliquid

1983 1593 2213 1660 amplius
2241 1598 2383 1650 scias
2406 1639 2420 1659 ,
2454 1614 2610 1666 quam
2643 1602 2949 1670 proximus;
2985 1606 3028 1658 si
3070 1621 3218 1660 ames
3246 1609 3428 1675 illum,
3465 1628 3570 1665 non

1984 1684 2278 1748 extollet-is,
2311 1687 2403 1740 sed
2437 1689 2607 1756 ipsmn
2633 1708 2849 1759 quoque
2877 1696 2940 1747 ad
2967 1694 3068 1750 hoc
3092 1697 3342 1753 deduces.
3372 1703 3572 1767 Quam-

1983 1773 2167 1826 obrem
2197 1792 2316 1829 cum
2350 1779 2609 1841 dixisset,
2645 1781 2873 1837 Scientia
2917 1789 3081 1856 inﬂat,
3118 1791 3339 1856 addidit,
3372 1792 3571 1849 Caritas

1983 1877 2150 1918 autem
2179 1870 2420 1936 wtii/icat.
2452 1872 2564 1927 Non
2594 1874 2726 1929 dixit
2753 1920 2765 1941 ,
2797 1878 3034 1935 Modesto
3060 1899 3116 1936 se
3139 1887 3277 1953 gerit
3302 1927 3317 1950 ,
3342 1888 3432 1940 sed
3465 1890 3569 1942 ali-

1982 1958 2106 2024 quid
2141 1959 2298 2029 longe
2329 1964 2497 2029 majus
2526 1975 2576 2019 et
2609 1968 2826 2021 utilius:
2860 1973 3081 2025 scientia
3111 1979 3252 2029 enini
3276 1994 3378 2031 non
3411 1981 3570 2034 modo

1984 2049 2218 2114 inflabat,
2253 2053 2343 2105 sed
2374 2055 2533 2108 etiam
2563 2058 2915 2128 disjungebat.
2951 2063 3180 2132 ideoque.
3228 2071 3326 2122 hoc
3357 2071 3426 2124 illi
3475 2087 3570 2140 0p-

1982 2146 2181 2210 posuit.
2212 2146 2412 2200 Deinde
2438 2152 2650 2203 tertium
2684 2169 2897 2222 quoque
2931 2160 3097 2224 ponit,
3127 2161 3266 2227 quod
3299 2165 3417 2216 illos
3445 2180 3568 2234 pos-

1981 2234 2046 2286 sit
2075 2235 2328 2303 dejicere.
2359 2239 2638 2305 Quodnam
2674 2243 2802 2296 illud
2852 2249 2972 2298 est?
3011 2249 3160 2312 Quod
3196 2252 3405 2306 ctimnsi
3436 2271 3567 2309 cou-

1975 2323 2155 2391 juucta
2181 2329 2248 2381 sit
2270 2333 2484 2397 caritas,
2518 2349 2582 2386 ne
2605 2336 2681 2388 sic
2702 2336 2918 2405 quidem
2952 2339 3187 2407 perfecta
3217 2344 3561 2401 sitscientia:

1981 2415 2204 2486 ideoque
2233 2420 2509 2487 subjunxit
2536 2442 2548 2476 :
2582 2424 2636 2476 2.
2670 2426 2730 2480 Si
2751 2430 2862 2496 quis
2889 2441 3055 2483 autem
3084 2434 3336 2488 existimat
3366 2456 3416 2491 se
3445 2441 3571 2493 scire

1978 2505 2172 2571 aliquid
2189 2549 2203 2571 ,
2230 2510 2456 2562 nondum
2480 2517 2710 2582 cognovit
2726 2522 3004 2584 -quonwdo
3029 2534 3256 2590 oporteat
3284 2542 3398 2579 eum
3420 2531 3568 2584 scire.

1982 2595 2106 2650 litec
2134 2600 2369 2652 maxima
2406 2602 2556 2672 plaga
2592 2605 2865 2674 infligitur.
2897 2611 3009 2664 Non
3040 2614 3158 2668 dico
3182 2617 3345 2681 enim,
3379 2621 3568 2689 inquit,

1979 2688 2258 2743 scientiam
2303 2706 2642 2748 communem
2691 2713 2809 2752 esse
2856 2704 3138 2756 omnibus:
3170 2723 3277 2763 non
3317 2688 3569 2777 dicoito,

1979 2781 2068 2846 qui
2101 2781 2224 2832 odio
2258 2784 2425 2837 babes
2469 2789 2770 2853 proximum
2817 2801 2869 2845 et
2914 2810 3169 2865 arrogans
3214 2815 3305 2865 es,
3341 2801 3430 2854 tibi
3467 2804 3567 2872 ipsi

1979 2873 2210 2926 maxime
2238 2889 2451 2929 nocere.
2483 2878 2703 2933 Etiamsi
2731 2884 2870 2937 enim
2905 2888 3050 2940 solus
3081 2887 3326 2955 haberes,
3356 2895 3566 2949 etiamsi

1979 2966 2217 3020 modeste
2247 2983 2434 3036 ageres
2461 3013 2473 3035 ,
2506 2973 2714 3028 etiamsi
2761 2976 2977 3033 fratrem
3009 2982 3264 3051 diliget-es
3288 3027 3303 3051 ,
3335 2987 3412 3040 sic
3438 3004 3568 3056 quo~

1978 3070 2082 3122 que
2112 3057 2453 3125 imperfectus
2484 3078 2634 3118 esses
2657 3069 2950 3122 secundum
2982 3075 3260 3128 scientiam
3287 3094 3300 3128 :
3330 3079 3564 3133 nondum

1980 3147 2120 3199 enim
2153 3150 2257 3203 seis
2283 3153 2576 3220 quidpiam,
2609 3165 2664 3209 ut
2691 3158 2830 3212 scire
2861 3172 3089 3228 oportet.
3120 3163 3253 3232 Quid
3281 3167 3322 3219 si
3367 3169 3565 3223 nullam

1979 3235 2152 3290 adhuc
2175 3251 2476 3295 accuratam
2500 3247 2776 3300 scientiam
2803 3248 3093 3304 habeamus
3117 3271 3128 3317 ;
3159 3256 3426 3324 quomodo
3450 3259 3566 3325 qui-

1977 3327 2100 3380 dam
2133 3329 2181 3380 in
2212 3338 2410 3384 tantam
2441 3334 2699 3389 insaniam
2733 3352 3132 3408 processerunt,
3162 3356 3216 3399 ut
3246 3348 3485 3403 dicereut
3507 3366 3566 3405 se

1980 3418 2143 3472 Deum
2165 3438 2283 3474 rum
2312 3426 2457 3478 omni
2480 3430 2821 3483 aceuratione
2843 3441 3206 3499 cognoscere?
3225 3455 3345 3493 nam
3375 3447 3566 3495 etiam-

1979 3513 2022 3565 si
2078 3516 2314 3569 omnium
2378 3518 2599 3573 aliarum
2660 3537 2839 3576 rerum
2917 3539 3220 3583 accuratam
3285 3535 3564 3588 scientiam

1980 3605 2334 3674 haberemus,
2370 3627 2541 3680 neque
2596 3614 2672 3666 sic
2704 3614 2816 3669 tieri
2858 3631 3064 3684 posset,
3116 3630 3167 3674 ut
3223 3621 3358 3676 hanc
3408 3627 3566 3679 etiam

1981 3694 2317 3753 haberemus.
2357 3700 2620 3764 Quantum
2644 3705 2784 3757 enim
2813 3707 2880 3758 sit
2904 3709 3129 3776 spatium
3163 3713 3297 3765 inter
3327 3714 3488 3766 Deum
3513 3726 3569 3769 et

1979 3788 2080 3841 alia
2109 3792 2284 3842 omnia
2310 3833 2324 3856 ,
2355 3808 2420 3846 ne
2450 3793 2553 3847 dici
2581 3797 2794 3864 quidem
2827 3810 3018 3866 potest.
3053 3801 3118 3854 Et
3150 3803 3267 3857 vide
3293 3807 3564 3874 quomodo

1981 3880 2190 3935 illot'um
2227 3883 2418 3938 fastum
2462 3879 2698 3956 dejiciat.
2744 3890 2856 3943 Non
2891 3893 3030 3946 enim
3066 3894 3240 3961 dixit,
3291 3898 3362 3951 De
3406 3899 3564 3953 rebus

1979 3977 2267 4045 propositis
2294 3989 2676 4048 congruentem
2724 3985 3000 4037 scientiam
3045 4003 3148 4039 non
3187 3989 3425 4058 habetis,
3470 3995 3565 4048 sed

1972 4069 2046 4120 De
2074 4081 2130 4119 re
2159 4069 2418 4134 qualibet.
2448 4071 2633 4140 Neque
2657 4074 2790 4127 dixit
2815 4117 2827 4139 ,
2866 4076 2971 4127 Vos.
3017 4088 3255 4144 tantum,
3289 4083 3380 4135 sed
3404 4081 3565 4145 ,Qui—

1979 4169 2206 4222 cumque
2235 4157 2301 4208 sit
2327 4174 2340 4207 :
2368 4160 2578 4211 etiarnsi
2628 4162 2816 4215 Petrus
2850 4164 3007 4216 fuerit
3034 4207 3046 4227 ,
3080 4169 3289 4221 etiamsi
3335 4172 3527 4227 Paulus
3549 4216 3564 4239 ,

1977 4246 2184 4298 etiamsi
2214 4248 2385 4315 quivis
2418 4249 2571 4303 alius.
2610 4251 2718 4304 llo-c
2745 4255 2887 4305 enim
2917 4255 3061 4308 dicto
3096 4259 3210 4311 illos
3243 4274 3490 4319 accurate
3513 4276 3568 4320 et

1976 4338 2282 4391 consolatus
2314 4350 2395 4393 est
2440 4350 2493 4393 et
2540 4344 2817 4410 repressit.
2869 4346 2920 4398 5.
2960 4346 3020 4400 Si
3048 4349 3157 4416 quis
3186 4361 3351 4402 autem
3400 4356 3566 4423 diligit

1979 4428 2165 4496 Deum,
2203 4432 2281 4484 hic
2311 4437 2539 4504 cognitus
2568 4447 2637 4488 est
2662 4438 2721 4489 ab
2768 4455 2845 4490 eo.
2879 4439 2994 4492 Non
3023 4441 3187 4501 dixit,
3220 4442 3375 4498 Novit
3404 4462 3525 4500 eum
3548 4489 3564 4514 ,

1979 4524 2094 4589 sed,
2127 4526 2368 4594 (Inguinis
2410 4535 2480 4579 est
2510 4531 2570 4578 ab
2602 4521 2690 4579 co.‘
2729 4529 2841 4580 Non
2891 4531 3030 4581 enim
3064 4547 3159 4583 nos
3209 4534 3379 4601 ipsum
3414 4545 3564 4592 novi-

1980 4631 2118 4680 mus,
2155 4617 2244 4669 sed
2276 4619 2388 4684 ipse
2420 4633 2514 4669 nos
2545 4618 2690 4670 nm-‘t
2727 4618 2823 4687 (α).
2864 4619 2984 4671 ldco
3033 4622 3245 4677 dicebat
3275 4625 3521 4683 Christus
3550 4648 3560 4681 :

1983 4708 2100 4760 Non
2135 4724 2216 4759 vos
2247 4724 2321 4758 me
2351 4708 2590 4776 elegistis,
2624 4710 2712 4761 sed
2739 4727 2828 4780 ego
2859 4713 2984 4782 elegi
3012 4729 3093 4766 vos
3121 4715 3299 4782 (Joan.
3331 4719 3411 4772 15.
3453 4721 3562 4792 lii);

1980 4808 2028 4852 et
2060 4798 2256 4851 Paulus
2287 4799 2412 4852 alibi
2447 4817 2457 4851 :
2491 4799 2634 4853 Tunc
2665 4813 2830 4856 autem
2869 4821 3166 4874 cognoscam
3212 4811 3339 4861 sicut
3383 4823 3430 4864 et
3475 4829 3562 4866 εοε-

1979 4891 2147 4958 gnitus
2193 4906 2304 4941 sum
2352 4893 2366 4958 ί
2397 4892 2444 4945 l.
2479 4893 2596 4946 Cor.
2632 4895 2718 4947 l5.
2765 4896 2888 4966 12).
2926 4897 3204 4966 Perpende
3252 4903 3412 4970 igitur
3439 4915 3564 4974 quot

1978 4980 2133 5034 dictis
2167 4982 2376 5036 illorum
2412 4984 2604 5038 fastum
2638 4987 2921 5054 deprimat.
2971 4990 3152 5043 Primo
3181 4995 3416 5048 ostendit
3448 4997 3565 5053 illos

1979 5087 2085 5125 non
2115 5074 2262 5127 solos
2289 5075 2427 5128 scire
2460 5090 2522 5128 ea
2548 5093 2666 5144 qua:
2691 5079 2897 5140 sciant;
2936 5079 3123 5134 Omnes
3153 5086 3292 5138 enim
3317 5127 3329 5148 ,
3363 5087 3565 5156 inquit,

1980 5163 2238 5216 scientiam
2286 5165 2561 5218 habemus:
2603 5167 2795 5220 deinde
2840 5183 2952 5221 rem
2987 5185 3108 5226 esse
3140 5175 3358 5229 noxiam
3383 5219 3397 5243 ,
3427 5179 3470 5231 si
3499 5181 3568 5235 sit

1982 5257 2098 5310 sine
2125 5259 2386 5321 caritate;
2436 5273 2556 5310 nam
2609 5257 2835 5312 Scientia
2878 5262 3025 5331 inﬂat
3049 5305 3064 5327 ,
3100 5266 3270 5334 inquit
3300 5287 3313 5321 :
3347 5282 3528 5338 postea
3550 5315 3570 5338 ,

1982 5348 2123 5416 quod
2152 5348 2362 5402 etiamsi
2405 5349 2473 5402 sit
2503 5364 2622 5402 cum
2666 5351 2920 5417 caritate,
2955 5352 3006 5408 id
3037 5372 3140 5408 non
3169 5358 3473 5416 absolutum
3501 5366 3572 5420 sit

1984 5453 2156 5507 neque
2185 5438 2478 5507 perfectum
2510 5456 2523 5495 :
2551 5439 2612 5494 Si
2636 5441 2778 5496 enim
2808 5443 2918 5511 quis
2947 5454 3090 5512 putat
3120 5462 3174 5500 se
3197 5450 3326 5502 scire
3352 5452 3569 5522 aliquid,

1983 5529 2208 5582 nondum
2239 5529 2332 5583 scit
2413 5533 2842 5600 quemadmodum
2896 5548 3096 5604 oportet
3136 5542 3284 5595 scire.
3329 5544 3410 5598 Ad
3458 5545 3572 5602 haec

1984 5637 2113 5681 vero
2139 5664 2153 5687 ,
2183 5623 2324 5691 quod
2355 5639 2459 5677 non
2491 5623 2594 5677 hoc
2619 5640 2685 5679 ex
2717 5641 2777 5680 se
2806 5627 3081 5693 habeant,
3115 5632 3208 5684 sed
3239 5632 3347 5688 Deo
3375 5635 3571 5703 dante;

2048 5758 2126 5830 (a)_
2149 5759 2201 5807 1.)
2227 5760 2556 5830 sequentibus
2580 5763 2779 5824 Regium
2798 5763 3022 5816 Codicem
3045 5769 3317 5830 sequimur.
3343 5769 3397 5820 In
3422 5770 3574 5822 Editis

1986 5821 2207 5880 quaedam
2228 5824 2504 5870 necessaria
2527 5821 2753 5874 deerant.
