4070 6322
579 319 682 377 163

572 449 585 483 ι
612 444 684 483 on
711 427 851 483 enim
870 425 1034 488 dixit,
1062 421 1220 477 Novit
1249 420 1437 484 Deum,
1464 419 1579 482 sed,
1604 416 1846 487 Cognitus
1870 425 1943 469 est
1969 415 2031 468 ab
2051 430 2109 468 eo
2137 430 2153 467 :

576 518 772 576 deinde
794 557 811 581 ,
838 516 977 586 quod
1007 514 1107 568 hoc
1129 528 1159 567 a
1185 512 1409 566 caritate
1456 508 1550 563 ﬂat
1571 549 1589 573 ,
1615 521 1775 576 quam
1806 521 1912 560 non
1958 504 2157 558 habent

578 620 639 665 ut
667 616 962 679 oporteret.
991 604 1122 658 Nam
1150 603 1211 658 Si
1234 602 1348 672 quis
1374 640 1390 661 .
1422 600 1491 652 ait
1512 640 1530 663 ,
1559 598 1724 669 ditigit
1751 596 1945 663 Deum,
1967 596 2049 648 Iu'c
2073 609 2155 647 co-

576 700 746 771 gnitus
773 707 846 751 est
873 697 935 749 ab
961 712 1039 750 eo.
1086 693 1221 749 Cum
1272 705 1365 759 per
1406 689 1519 743 haec
1548 690 1789 743 leniisset
1819 687 2032 739 illorum
2068 694 2156 737 tu-

579 804 809 853 morem,
831 786 1015 854 incipit
1036 785 1333 836 doctrinam
1356 781 1634 834 instituere
1663 778 1746 831 bis
1766 778 1941 831 verbis
1968 794 1981 827 :
2007 775 2061 829 4.
2084 772 2163 826 De

576 897 687 935 esca
708 878 867 950 igitur
884 891 999 947 qua
1018 875 1117 927 diis
1140 872 1437 925 immolatur
1456 910 1471 933 ,
1502 870 1689 924 scimus
1712 866 1847 937 quod
1873 865 2074 920 nullum
2098 865 2162 916 sit

578 972 775 1026 idolum
803 973 856 1023 in
886 968 1075 1021 mundo
1096 1008 1110 1031 ,
1138 976 1184 1018 et
1209 965 1341 1033 quod
1364 962 1539 1015 nullus
1565 959 1704 1013 Deus
1727 961 1860 1013 alius
1889 958 1988 1010 nisi
2009 972 2161 1009 unus.

586 1060 718 1115 Vide
768 1062 818 1112 in
862 1068 1114 1129 quantum
1173 1054 1473 1123 angustiam
1521 1050 1791 1104 inciderit.
1842 1047 1969 1101 Vult
2019 1047 2163 1100 enim

587 1165 871 1222 ntrntnque
890 1150 1139 1220 probare,
1158 1145 1301 1216 quod
1328 1162 1355 1195 ιι
1381 1144 1471 1196 tali
1500 1156 1683 1196 mensa
1705 1141 1976 1194 abstinere
2002 1152 2164 1207 opor-

590 1253 720 1305 teat,
753 1252 807 1296 ct
832 1240 975 1311 quod
1014 1240 1118 1292 vim
1163 1253 1267 1289 non
1308 1234 1502 1288 habeat
1544 1231 1612 1285 ad
1642 1229 1911 1285 ladendos
1952 1243 2047 1282 eos
2075 1226 2165 1296 qui

586 1345 710 1387 sunt
738 1333 854 1401 ejus
882 1329 1205 1401 participes:
1233 1341 1354 1394 quae
1380 1323 1594 1393 quidem
1622 1336 1727 1377 non
1766 1320 2055 1374 admodum
2086 1319 2137 1370 in

587 1435 666 1477 ter
693 1438 751 1478 se
778 1421 1187 1476 conveniebant.
1221 1417 1351 1471 Nam
1374 1431 1495 1470 cum
1522 1414 1837 1469 didicissent
1865 1426 1929 1466 ea
1959 1426 2064 1464 non
2092 1409 2173 1464 ai-

585 1517 726 1570 fcrre
773 1514 1072 1577 damnum,
1126 1526 1188 1565 ea
1244 1518 1512 1576 tamquam
1569 1504 1923 1558 indiﬂ'ereutia
1977 1502 2170 1556 adituri

588 1615 744 1660 crant
783 1620 797 1656 :
841 1619 962 1657 cum
1005 1617 1135 1656 vero
1178 1598 1564 1668 impedirentur
1608 1611 1673 1649 ne
1719 1596 1804 1647 illa
1851 1602 2132 1661 tangerent
2153 1633 2176 1674 ,I

587 1711 773 1751 rursus
806 1694 1249 1763 suspicabantur,
1288 1690 1430 1759 quod
1484 1687 1735 1757 prohibiti
1789 1694 1973 1739 essent
2020 1683 2170 1752 quasi

591 1787 680 1840 illa
713 1787 821 1840 vim
866 1784 1127 1839 baberent
1156 1780 1409 1835 lazdendi.
1442 1779 1567 1833 Ideo
1615 1794 1734 1832 cum
1768 1778 2028 1831 idolorum
2055 1777 2174 1842 opi-

589 1879 805 1930 nionem
831 1875 1162 1938 sustulisset,
1187 1872 1492 1925 abstinendi
1518 1869 1741 1939 primam
1773 1881 1988 1920 causam
2020 1865 2197 1931 alfcrt"

589 1968 811 2022 fratrum
843 1965 1197 2029 oﬂ'endicula,
1224 1963 1304 2017 sic
1344 1961 1567 2015 dicens:
1594 1959 1673 2013 De
1698 1975 1810 2012 esca
1838 1958 1993 2026 igitur
2020 1997 2034 2018 ,
2067 1970 2180 2022 qua

590 2060 688 2110 diis
716 2057 1026 2117 immolatur,
1051 2057 1237 2107 scimus
1256 2052 1392 2123 quod
1421 2049 1619 2104 nullum
1644 2050 1709 2102 sit
1733 2046 1928 2100 idolum
1955 2047 2008 2099 in
2029 2062 2178 2097 mun-

590 2151 678 2202 do.
714 2149 917 2203 Rursus
945 2148 1116 2216 ipsum
1146 2160 1430 2198 connuune
1480 2142 1604 2196 facit
1623 2182 1639 2206 ,
1674 2154 1772 2194 nec
1798 2138 2049 2194 concedit
2079 2136 2181 2190 hoc

596 2241 807 2295 illorum
848 2254 969 2293 esse
1010 2238 1213 2301 solum,
1260 2234 1353 2289 sed
1396 2232 1637 2289 extrudit
1674 2230 2038 2301 cognitionem
2091 2243 2184 2295 per

599 2342 770 2386 totum
796 2332 984 2384 orbem
1012 2340 1188 2383 terrm.
1234 2328 1416 2396 Neque
1455 2326 1597 2380 enim
1638 2324 1776 2393 apud
1806 2338 1900 2376 vos
1940 2330 2181 2382 tantum,

600 2425 794 2495 inquit,
828 2422 922 2477 sed
952 2424 1145 2491 ubique
1176 2429 1438 2473 terrarum
1472 2418 1572 2472 huc
1596 2416 1790 2485 dogma
1823 2416 1927 2468 vim
1957 2414 2180 2466 obtinet.

603 2515 883 2581 Quodnam
916 2513 1042 2566 illud
1063 2512 1088 2564 Ἰ
1135 2510 1285 2574 Quod
1329 2509 1525 2561 nullum
1553 2509 1617 2561 sit
1661 2506 1852 2559 idolum
1882 2506 1934 2556 in
1962 2503 2149 2555 mundo
2168 2540 2184 2567 ,

604 2617 651 2658 et
680 2604 812 2673 quod
851 2619 953 2656 non
980 2601 1044 2657 sit
1087 2598 1227 2653 Deus
1256 2599 1389 2652 alius
1433 2598 1529 2650 nisi
1568 2612 1717 2650 unus.
1764 2593 1879 2648 Non
1912 2603 2035 2645 sunt
2059 2607 2187 2659 ergo

608 2696 786 2748 idola?
809 2711 914 2751 non
936 2701 1059 2747 sunt
1080 2690 1459 2748 statumTSunt
1480 2688 1715 2758 quidem,
1742 2686 1834 2740 sed
1866 2685 2059 2738 nullam
2084 2685 2187 2735 vim

614 2787 838 2847 habent;
869 2800 1041 2855 neque
1067 2770 1139 2838 dii
1171 2791 1316 2849 sunt,
1345 2782 1440 2837 sed
1470 2778 1674 2848 lapides
1703 2786 1757 2830 et
1784 2776 2077 2830 daemones.
2110 2772 2188 2827 Ad

611 2887 863 2947 utrosque
882 2879 1025 2932 enim
1054 2892 1195 2931 nunc
1218 2877 1513 2930 orationem
1544 2872 1716 2942 dirigit
1747 2913 1762 2936 ,
1786 2879 1838 2925 et
1864 2869 1927 2922 ad
1957 2868 2191 2923 crassio-

611 2984 696 3023 rcs
721 2978 773 3023 et
803 2968 867 3020 ad
894 2984 990 3023 eos
1032 2968 1123 3038 qui
1163 2966 1529 3037 philosophari
1559 2965 1823 3018 videntur.
1871 2962 2004 3028 Quia
2047 2960 2189 3013 enim

613 3060 700 3112 alii
735 3060 863 3111 nihil
895 3059 1014 3128 plus
1058 3059 1238 3112 sciunt
1281 3072 1437 3127 quam
1475 3054 1709 3125 lapides,
1743 3054 1831 3107 alii
1858 3067 1984 3106 vero
2012 3051 2194 3104 dicunt

618 3156 837 3205 virtutes
856 3149 1109 3220 quasdam
1134 3149 1186 3203 in
1216 3149 1321 3202 illis
1336 3146 1598 3211 habitare,
1618 3161 1748 3215 quas
1772 3146 1930 3198 etiam
1952 3143 2083 3198 deos
2103 3157 2197 3194 vo-

612 3251 767 3299 rant:
794 3240 897 3295 illis
918 3240 1132 3310 quidem
1154 3238 1284 3295 dicit
1306 3236 1507 3291 nullum
1534 3251 1654 3291 esse
1681 3236 1879 3289 idolum
1906 3233 2192 3297 inmundo,

616 3332 734 3385 aliis
778 3346 947 3396 vero,
980 3346 1086 3386 non
1114 3344 1235 3385 esse
1265 3329 1435 3384 Deum
1484 3330 1536 3381 in
1581 3327 1778 3380 mundo
1823 3326 2131 3378 uisittnutn.

690 3425 741 3477 3.
779 3424 961 3478 Vidcn'
988 3422 1257 3495 quomodo
1285 3436 1391 3474 non
1417 3420 1611 3473 frustra
1641 3418 1833 3487 dogma
1861 3418 2197 3471 constituens

619 3515 732 3569 lu-c
764 3515 959 3568 scribat
983 3554 1001 3580 ,
1043 3513 1137 3567 scd
1165 3513 1230 3565 ad
1258 3510 1611 3565 diil'erentiam
1659 3509 2043 3562 externorum?
2075 3522 2196 3560 nam

618 3606 743 3661 illud
773 3605 968 3675 ubique
993 3602 1424 3665 observandum,
1456 3602 1571 3654 sive
1610 3600 1856 3653 absolute
1870 3599 2156 3669 quiddicat
2175 3637 2192 3662 ,

620 3697 731 3751 sive
770 3698 892 3750 aliis
918 3696 1205 3749 obsistens.
1257 3692 1442 3762 Neque
1485 3691 1629 3745 enim
1672 3690 1775 3744 hoc
1814 3706 1999 3759 parum
2044 3689 2199 3744 nobis

627 3787 841 3839 confert
868 3786 932 3839 ad
962 3787 1271 3852 dogmatum
1315 3784 1710 3837 accurationem
1731 3791 1787 3836 et
1825 3782 1893 3834 ad
1936 3782 2198 3835 dictorum

626 3874 1053 3940 intelligentiam.
1087 3874 1142 3927 5.
1180 3871 1319 3923 Nam
1345 3872 1440 3924 etsi
1464 3880 1578 3921 sunt
1603 3873 1689 3936 qui
1717 3871 1957 3919 dicuntur
1983 3869 2076 3930 dii,
2101 3869 2203 3919 sive

625 3966 679 4018 in
697 3961 958 4027 σκιαδῆα
980 3962 1030 4012 in
1054 3970 1219 4023 terra;
1248 3968 1305 4012 ut
1324 3966 1440 4010 sunt
1462 3958 1536 4010 dii
1565 3956 1713 4009 multi
1730 3965 1778 4007 et
1804 3956 1998 4008 domini
2020 3956 2201 4009 multi:

624 4053 679 4109 6.
714 4052 854 4106 nobis
878 4062 1044 4104 tamen
1067 4065 1196 4104 unus
1226 4047 1361 4102 Deus
1392 4047 1546 4101 Pater
1562 4088 1578 4114 ,
1606 4062 1668 4102 at:
1690 4063 1788 4117 quo
1812 4046 1982 4099 omnia
2002 4087 2017 4110 ,
2045 4055 2091 4099 et
2114 4061 2205 4099 nos

629 4144 681 4196 in
697 4144 828 4212 ipso;
844 4151 891 4195 et
909 4159 1038 4195 unus
1063 4140 1309 4194 Dominus
1324 4138 1473 4194 Iesus
1490 4138 1736 4205 Christus,
1756 4154 1998 4210 per-quem
2011 4140 2200 4205 omnia,

631 4243 679 4284 et
707 4248 798 4284 nos
842 4249 929 4299 per
953 4233 1140 4300 ipsum.
1172 4229 1304 4298 Quia
1332 4231 1499 4294 dixit,
1532 4230 1736 4283 nullum
1774 4244 1894 4285 esse
1925 4231 2123 4284 idolum
2149 4239 2205 4285 et

631 4321 834 4374 nullum
870 4320 1034 4374 Deum
1068 4320 1263 4383 alium;
1294 4329 1552 4385 erantque
1578 4328 1753 4372 tamen
1784 4320 1945 4383 idola,
1974 4331 2031 4374 et
2054 4333 2207 4377 erant

630 4415 719 4485 qui
746 4413 817 4467 dii
852 4413 1215 4468 vocabantur:
1248 4427 1315 4466 ne
1354 4410 1598 4464 videatur
1621 4419 1809 4463 contra
1838 4424 1948 4462 rem
1984 4412 2208 4465 manife-

631 4518 767 4562 stam
813 4521 1064 4576 pugnare,
1095 4504 1367 4575 subjungit
1410 4502 1499 4577 (sl
1549 4511 1675 4557 sunt
1715 4502 1783 4554 ita
1820 4502 2067 4569 appellati
2107 4502 2201 4567 dii,

634 4608 689 4650 ut
741 4613 926 4653 revera
975 4606 1123 4660 sunt,
1155 4612 1259 4649 non
1313 4610 1439 4650 vere
1471 4606 1613 4656 sunt,
1658 4593 1752 4647 sed
1803 4594 1876 4647 ita
1925 4592 2207 4653 dicuntur;

636 4705 743 4741 non
798 4688 852 4741 in
903 4702 997 4747 re,
1040 4686 1133 4739 sed
1176 4686 1231 4738 in
1259 4686 1424 4738 verbo
1466 4686 1564 4737 boc
1615 4683 1917 4755 habentes)
1951 4704 1962 4739 :
1994 4684 2113 4737 Sive
2158 4684 2210 4737 in

636 4779 796 4842 ceto,
829 4777 932 4831 sive
958 4776 1011 4829 in
1042 4785 1211 4839 terra;
1238 4774 1291 4828 in
1339 4775 1471 4827 ezclo
1515 4775 1700 4827 dicens
1742 4776 1909 4829 solem
1936 4787 1988 4829 ct
2033 4777 2209 4830 lunam

636 4880 691 4925 et
730 4870 990 4940 reliquum
1022 4878 1286 4922 astrorum
1315 4867 1572 4928 chorum;
1606 4882 1727 4918 ιιιιιιι
1762 4867 1874 4921 hrcc
1900 4871 2058 4922 etiam
2086 4871 2213 4925 ado-

638 4962 830 5016 rabant
854 4961 1116 5031 gentiles;
1151 4960 1202 5013 in
1236 4967 1398 5023 terra,
1431 4957 1722 5019 dmmonas,
1751 4965 1804 5009 et
1824 4972 1919 5011 eos
1950 4972 2012 5010 ex
2037 4957 2210 5013 homi-

640 5052 795 5104 nibus
822 5054 911 5118 qui
952 5052 1004 5103 in
1033 5050 1165 5106 deos
1193 5050 1345 5104 relati
1392 5058 1536 5104 sunt.
1587 5046 1693 5101 Sed
1716 5045 1861 5098 nobis
1900 5062 2030 5098 unus
2076 5046 2215 5101 Deus

646 5141 815 5193 Pater.
853 5141 985 5194 Cum
1014 5144 1161 5211 prius
1201 5142 1468 5211 posuisset
1506 5140 1706 5208 absque
1754 5139 1841 5191 illa
1871 5153 2001 5190 vocc
2027 5137 2212 5203 Pater,

642 5243 695 5285 el
723 5232 961 5293 dixisset,
994 5229 1190 5284 Nullus
1222 5242 1293 5284 est
1320 5232 1450 5284 alius
1486 5229 1617 5283 Deus
1641 5230 1737 5280 nisi
1765 5246 1925 5287 unus:
1953 5244 2093 5285 nunc
2116 5229 2216 5284 hoc

643 5324 822 5386 addit,
855 5330 1132 5391 postquam
1165 5324 1283 5375 illos
1311 5324 1531 5375 omnino
1557 5320 1810 5388 ejecerat.
1849 5321 2047 5375 Deinde
2075 5320 2216 5389 quod

646 5429 723 5468 εει
750 5415 1037 5467 maximum
1070 5415 1359 5468 divinitatis
1384 5414 1641 5483 judicium
1672 5413 1817 5464 addit
1844 5430 1856 5464 :
1890 5413 1970 5466 Ex
1992 5431 2091 5483 quo
2112 5432 2219 5466 om-

646 5505 751 5558 nia.
786 5506 892 5559 Hoc
914 5508 1053 5559 enim
1078 5506 1313 5559 ostendit
1344 5506 1466 5559 illos
1497 5521 1601 5560 non
1625 5520 1743 5558 esse
1764 5505 1912 5557 deos.
1944 5506 2021 5558 Dii
2048 5506 2214 5571 enim,

648 5596 837 5662 inquit,
869 5600 956 5664 qui
988 5599 1177 5651 cadum
1207 5607 1262 5651 et
1290 5609 1485 5652 terram
1521 5614 1625 5651 non
1669 5598 1907 5651 fecerunt
1930 5639 1945 5662 ,
1975 5611 2214 5668 pereant.

651 5686 873 5753 Deinde,
905 5690 1045 5762 quod
1078 5706 1182 5745 non
1215 5689 1390 5744 minus
1420 5700 1522 5757 est,
1553 5689 1732 5758 adjicit
1763 5708 1771 5740 :
1807 5686 1870 5741 Et
1893 5706 1983 5743 nos
2013 5692 2063 5743 in
2086 5693 2213 5761 ipso.

1317 304 1375 363 ε.
1414 302 1688 361 JOANNIS
1732 296 2203 355 CHRYSOSTOMI
2244 295 2563 353 ARCHIEP.
2602 294 3131 354 CONSTANTINOP.

3742 299 3849 356 ιω

2265 412 2490 480 Quando
2508 413 2651 465 enim
2668 410 2823 475 dixit,
2842 411 3039 481 Exquo
3064 414 3234 466 opinio
3254 456 3270 479 ,
3286 414 3612 471 creationem
3640 431 3859 472 memo-

2266 510 2350 556 rat
2370 510 2426 556 et
2442 501 2845 571 productionem
2863 516 2928 555 ex
2947 500 3116 556 nihilo
3134 502 3200 557 ad
3221 505 3559 561 existentiam
3579 524 3594 570 ;
3618 520 3743 563 cuin
3762 523 3857 561 au-

2268 604 2373 647 tem
2393 594 2546 655 dicit,
2565 593 2631 647 Et
2652 610 2744 647 nos
2766 593 2820 646 in
2835 594 2967 660 ipso,
2999 593 3120 648 ﬂdei
3140 603 3195 649 et
3208 596 3601 664 coniunctionis
3621 601 3856 654 verbum

2268 683 2470 753 profert
2492 701 2506 735 :
2530 683 2672 754 quod
2694 695 2849 737 antea
2871 700 3082 753 quoque
3103 684 3353 739 dicebat:
3379 685 3462 740 Ea:
3478 690 3590 757 ipso
3610 699 3785 743 autem
3811 696 3862 741 et

2269 791 2354 829 vos
2380 780 2497 830 estis
2529 776 2582 829 in
2597 775 2933 829 Christolesu
2952 776 3027 844 (1.
3044 775 3162 830 Cor.
3180 776 3231 830 1.
3252 775 3367 848 30).
3389 779 3591 847 Duplici
3608 781 3756 835 enim
3777 796 3864 833 η’

2271 866 2414 919 tione
2427 881 2493 919 ex
2518 866 2634 933 ipso
2650 881 2855 930 smnus,
2874 866 3083 935 etquod
3098 881 3220 920 cum
3240 882 3344 921 non
3362 881 3626 934 essemus,
3644 870 3773 924 facti
3792 869 3864 923 si.

2271 970 2407 1021 mus,
2432 966 2484 1010 et
2503 956 2645 1025 quod
2684 956 2867 1010 ﬁdeles
2896 958 3017 1011 iacti
3047 957 3387 1010 simus:nam
3421 958 3521 1011 hoc
3535 972 3753 1027 quoque
3774 968 3865 1011 est

2272 1049 2475 1101 creatio
2495 1066 2507 1100 :
2528 1048 2667 1117 quod
2685 1049 2847 1101 etiam
2864 1049 2989 1103 alibi
3005 1049 3163 1103 dicit:
3186 1045 3254 1103 Ut
3270 1050 3398 1101 duos
3413 1062 3602 1103 cremet
3618 1055 3671 1102 in
3688 1051 3866 1111 seipso

2274 1145 2326 1191 in
2343 1157 2494 1192 unum
2516 1156 2697 1193 novum
2717 1140 2968 1193 hominem
2985 1138 3055 1211 (Ε
3058 1142 3199 1209 pltes.
3221 1141 3277 1195 2.
3298 1138 3411 1212 16).
3432 1139 3500 1194 Et
3519 1157 3650 1195 unus
3670 1140 3866 1195 Domi-

2274 1246 2370 1282 nus
2393 1230 2426 1282 J
2432 1248 2545 1284 esus
2574 1231 2826 1297 Christus,
2873 1248 2961 1301 per
2984 1248 3129 1301 quem
3164 1234 3335 1287 omnia
3354 1242 3400 1287 et
3428 1250 3520 1287 nos
3554 1249 3645 1301 pa
3661 1234 3863 1305 ipsum.

2277 1324 2342 1375 Et
2384 1324 2545 1376 etiam
2575 1321 2644 1376 de
2673 1322 2887 1377 Christo
2926 1322 3174 1377 siunl.ter
3220 1323 3322 1377 hoc
3360 1325 3718 1395 cogitzmdum.
3754 1326 3867 1383 Per

2277 1416 2448 1485 ipsum
2476 1415 2619 1469 enim
2645 1430 2711 1469 ex
2739 1414 2909 1469 nihilo
2937 1416 3249 1485 productum
3278 1426 3361 1470 est
3389 1432 3557 1486 genus
3580 1418 3866 1473 hominum

2276 1510 2341 1562 ad
2382 1508 2720 1563 existentiam
2742 1546 2757 1572 ,
2785 1519 2842 1562 et
2867 1523 2929 1562 ex
2960 1523 3148 1562 errore
3180 1508 3245 1562 ad
3279 1509 3552 1564 veritatem
3601 1511 3867 1565 reductus

2278 1609 2378 1654 est.
2412 1599 2596 1668 Itaque
2626 1600 2756 1653 illud
2776 1639 2790 1662 ,
2822 1599 2905 1653 Ea:
2932 1616 3050 1668 quo,
3080 1616 3186 1654 non
3215 1610 3299 1655 est
3317 1642 3332 1665 ,
3359 1603 3477 1657 sine
3516 1602 3676 1657 Chris
3700 1618 3734 1657 ο
3760 1624 3773 1657 :
3800 1621 3869 1659 ex

2279 1691 2397 1759 ipso
2422 1691 2565 1744 enim
2598 1704 2695 1757 per
2720 1689 2992 1744 Christum
3041 1692 3207 1743 creati
3254 1706 3460 1746 sumus.
3504 1693 3688 1763 Neque
3732 1710 3873 1762 ergo

2282 1780 2499 1833 nomina
2532 1789 2804 1848 tamquam
2828 1788 2974 1833 sorte
3016 1778 3301 1835 distributa
3340 1781 3554 1849 divisit,
3585 1784 3725 1839 Filio
3749 1789 3874 1855 qui—

2280 1870 2403 1925 dem
2437 1871 2712 1935 Dominus,
2745 1870 2886 1923 Patri
2918 1884 3046 1924 vero
3072 1869 3247 1935 Deus,
3274 1872 3595 1927 attribuens.
3635 1873 3771 1927 Nam
3804 1891 3871 1930 ea

2282 1976 2497 2030 quoque
2528 1962 2667 2016 solet
2694 1976 2839 2030 saepe
2869 1971 3078 2016 mutare
3103 1961 3379 2032 Scriptura
3402 2004 3417 2028 ,
3449 1973 3504 2019 ut
3532 1980 3653 2019 cum
3683 1965 3822 2019 dicit
3849 2008 3864 2030 ,

2284 2054 2427 2107 Dixit
2473 2053 2722 2106 Dominus
2772 2052 2995 2106 Domino
3023 2069 3167 2116 meo;
3214 2063 3271 2109 et
3316 2070 3540 2119 rursus,
3583 2055 3873 2128 Propterea

2284 2148 2432 2198 unxit
2458 2155 2505 2197 te
2552 2144 2686 2198 Deus
2704 2186 2719 2208 ,
2747 2144 2882 2198 Deus
2909 2155 3025 2199 tuus
3046 2144 3067 2214 (
3085 2144 3366 2200 Psal.109.
3385 2145 3497 2201 Let
3537 2148 3625 2202 ιι.
3655 2149 3744 2219 8);
3778 2162 3831 2205 et
3854 2192 3869 2212 .

2292 2235 2372 2287 Ea:
2420 2236 2596 2299 quibus
2622 2235 2853 2291 Christus
2891 2237 3168 2290 secundum
3212 2252 3446 2300 carnem,
3473 2239 3563 2303 qui
3605 2249 3680 2292 est
3716 2258 3877 2310 super

2287 2327 2457 2378 omnia
2488 2325 2620 2380 Deus
2663 2326 2841 2397 (Rom.
2872 2327 2928 2381 9.
2957 2325 3037 2397 5).
3070 2325 3133 2379 Et
3181 2340 3327 2394 saepe
3356 2325 3555 2380 videris
3599 2327 3717 2383 haec
3755 2344 3882 2383 mu-

2291 2425 2394 2468 tata
2422 2419 2657 2470 nomina.
2701 2417 2757 2471 Si
2783 2428 2962 2471 autem
3006 2426 3189 2469 essent
3229 2418 3379 2486 quasi
3421 2430 3567 2473 sorte
3595 2421 3877 2490 assignat:

2294 2506 2583 2575 unicuique
2637 2515 2842 2561 natura:
2862 2547 2877 2569 ,
2911 2521 3084 2576 neque
3132 2506 3273 2561 Deus
3292 2517 3439 2562 esset
3466 2506 3667 2571 Filius,
3698 2525 3878 2577 neque

2295 2596 2436 2651 Deus
2463 2607 2521 2650 ut
2552 2598 2739 2661 Pater,
2770 2612 2995 2653 manens
3021 2597 3220 2663 Filius;
3247 2613 3370 2653 cum
3400 2600 3564 2665 dixit,
3591 2601 3702 2655 Sed
3732 2603 3880 2656 nobis

2293 2708 2424 2744 unus
2458 2688 2622 2755 Deus,
2654 2689 2927 2761 sumrﬂue
2954 2690 3244 2746 addidisset
3275 2691 3402 2746 illud
3425 2732 3439 2753 ,
3462 2690 3653 2759 Pater,
3689 2694 3881 2748 volens

2292 2781 2597 2851 signiﬁcare
2624 2784 2919 2851 ingenitum
2948 2800 2966 2836 ς
2997 2784 3129 2838 satis
3152 2784 3296 2837 enim
3324 2782 3510 2839 fuisset
3530 2784 3683 2848 illud,
3711 2784 3878 2849 Deus,

2294 2876 2337 2926 si
2365 2873 2481 2941 ejus
2520 2874 2688 2927 solius
2717 2873 2996 2929 exhiberet
3030 2874 3394 2943 cognitionem
3417 2915 3431 2938 ,
3462 2874 3527 2928 ad
3575 2874 3625 2929 id
3676 2876 3886 2945 signiti-

2292 2964 2545 3019 mndum.
2579 2964 2695 3019 Non
2747 2964 2849 3018 hoc
2894 2974 3072 3018 autem
3114 2964 3324 3030 solum,
3355 2963 3451 3018 sed
3494 2964 3636 3018 aliud
3665 2979 3886 3037 quoque

2296 3055 2399 3108 dici
2436 3064 2631 3125 potest.
2684 3055 2739 3109 Si
2766 3055 2911 3109 enim
2942 3055 3144 3109 dixeris
3167 3095 3184 3120 ,
3212 3054 3335 3124 quia
3365 3054 3505 3110 Deus
3534 3072 3671 3109 unus
3706 3057 3887 3111 dictus

2297 3157 2379 3201 est
2398 3190 2413 3210 ,
2446 3147 2572 3201 illud
2598 3190 2613 3214 ,
2663 3146 2803 3201 Deus
2822 3187 2842 3213 ,
2880 3162 2987 3203 non
3016 3147 3265 3203 convenit
3291 3147 3459 3214 Filio;
3485 3149 3713 3204 observa
3741 3152 3885 3219 quod

2300 3241 2402 3296 hoc
2431 3243 2594 3296 etiam
2638 3241 2705 3295 de
2740 3241 2877 3296 Filio
2900 3240 3007 3295 dici
3049 3241 3233 3311 possit.
3270 3240 3479 3295 Etenim
3510 3240 3677 3295 Filius
3700 3283 3716 3307 ,
3744 3256 3887 3297 unus

2302 3332 2563 3387 Dominus
2595 3332 2773 3387 dictus
2802 3342 2919 3396 est;
2947 3346 3124 3401 neque
3149 3340 3326 3387 tamen
3356 3332 3479 3387 ideo
3509 3334 3634 3386 illud
3655 3375 3671 3399 ,
3702 3332 3886 3389 Domi-

2300 3440 2395 3475 nus
2415 3464 2430 3484 ,
2461 3424 2559 3491 ipsi
2590 3423 2693 3477 soli
2735 3433 3048 3490 competere
3083 3421 3329 3476 dicimus.
3357 3422 3699 3491 Quapropter
3723 3442 3886 3494 quam

2304 3517 2415 3569 vim
2445 3516 2605 3569 habet
2633 3515 2761 3569 illud
2784 3556 2798 3577 ,
2832 3513 2979 3569 Unus
2998 3556 3015 3580 ,
3042 3529 3166 3583 erga
3190 3513 3381 3569 Filium
3402 3555 3416 3578 ,
3446 3515 3691 3572 eamdem
3727 3519 3889 3575 habet

2302 3624 2426 3678 erga
2480 3609 2690 3662 Patrem
2721 3625 2736 3662 :
2765 3623 2829 3662 ac
2867 3605 3318 3676 quemadmodum
3368 3607 3457 3662 ille
3503 3623 3609 3664 non
3661 3611 3890 3682 impedit

2302 3699 2590 3768 quominus
2618 3698 2777 3753 Pater
2801 3698 3064 3752 Dominus
3086 3698 3177 3764 sit,
3205 3711 3272 3752 eo
3296 3698 3457 3753 modo
3484 3714 3589 3768 quo
3610 3700 3781 3756 Filius
3806 3713 3889 3756 est

2308 3792 2583 3855 Dominus,
2610 3806 2680 3844 en
2705 3789 2848 3858 quod
2876 3788 3047 3842 Filius
3066 3804 3206 3842 unus
3250 3789 3509 3853 Dominus
3534 3788 3785 3844 dicatur:
3817 3792 3887 3843 ita

2308 3895 2480 3946 neque
2506 3878 2699 3931 Filium
2746 3877 2971 3943 impedit
3006 3876 3295 3941 quominus
3329 3877 3399 3929 sit
3430 3877 3566 3931 Deus
3586 3916 3604 3941 ,
3632 3893 3703 3933 eo
3732 3880 3893 3935 modo

2306 3981 2414 4035 quo
2438 3966 2597 4019 Pater
2626 3974 2709 4019 est
2753 3965 2924 4028 Deus,
2955 3964 3097 4032 quod
3126 3963 3283 4018 Pater
3309 3964 3517 4019 dicatur
3544 3982 3683 4021 unus
3727 3968 3888 4025 Deus.

2306 4054 2459 4122 Quod
2486 4056 2531 4108 si
2561 4054 2777 4123 quidam
2811 4053 3045 4108 dixernt
3068 4088 3084 4119 ,
3112 4069 3207 4108 cur
3244 4053 3499 4125 Spiritum
3547 4072 3653 4111 non
3685 4074 3887 4115 memo-

2307 4146 2477 4202 ravit?
2507 4146 2635 4199 illud
2664 4146 2989 4211 dixerimus,
3012 4146 3183 4215 ipsum
3207 4161 3399 4216 nempe
3428 4146 3739 4206 idololatras
3762 4152 3894 4206 allo.

2307 4241 2397 4311 qui
2418 4283 2433 4307 ,
2453 4250 2509 4295 et
2531 4239 2599 4294 de
2626 4238 2730 4294 diis
2755 4239 2942 4294 multis
2960 4238 3135 4310 deque
3156 4238 3392 4294 dominis
3420 4241 3600 4297 multis
3623 4256 3749 4297 esse
3775 4258 3893 4298 cer-

2311 4342 2509 4386 tamen.
2544 4329 2669 4384 ldeo
2695 4345 2816 4384 cum
2854 4330 3071 4384 Patrem
3097 4331 3261 4383 Deum
3290 4330 3535 4395 dixisset,
3561 4332 3757 4388 Filium
3790 4334 3892 4388 Do-

2312 4422 2515 4476 minum
2563 4421 2871 4489 appellavit.
2914 4420 2971 4473 Si
3012 4434 3143 4487 ergo
3186 4420 3396 4475 Patrem
3443 4437 3551 4476 non
3600 4439 3768 4480 ausus
3813 4437 3893 4481 est

2320 4524 2458 4563 nunc
2487 4510 2757 4577 appellare
2788 4508 3070 4561 Dominum
3094 4520 3213 4560 cum
3244 4506 3401 4573 Filio,
3430 4525 3498 4564 ne
3525 4513 3579 4563 in
3621 4516 3890 4584 suspicio-

2315 4614 2437 4651 nem
2468 4599 2677 4651 veniret
2701 4596 2842 4665 quod
2871 4596 3007 4650 duos
3032 4596 3237 4651 diceret
3264 4596 3550 4662 Domitios,
3602 4617 3781 4670 neque
3805 4604 3891 4657 ιη.

2318 4689 2447 4742 lium
2496 4687 2665 4742 Deum
2707 4702 2829 4742 cum
2872 4687 3062 4752 Patre,
3109 4702 3177 4741 ne
3211 4695 3490 4757 putaretur
3531 4688 3668 4745 duos
3713 4693 3892 4747 dicere

2319 4778 2456 4833 Deos
2477 4816 2491 4841 ,
2509 4777 2633 4844 quid
2652 4778 2882 4844 miraris,
2902 4780 2947 4833 si
2964 4778 3218 4849 Spiritum
3238 4793 3345 4832 non
3363 4784 3780 4837 memoraverit?
3805 4783 3894 4837 ad-

2317 4885 2505 4924 versus
2534 4870 2654 4925 illos
2678 4873 2821 4924 enim
2850 4879 2960 4926 tum
2986 4869 3350 4935 ooneertabat,
3378 4878 3435 4924 ut
3454 4874 3769 4931 ostenderet
3790 4892 3890 4933 non

2316 4978 2436 5017 csse
2465 4963 2602 5031 apud
2645 4979 2743 5017 nos
2790 4963 3231 5031 multiplicitatem
3273 4960 3517 5016 deorum.
3560 4962 3686 5021 Ideo
3729 4968 3888 5033 illud,

2323 5052 2488 5117 Unus,
2518 5054 2734 5113 assidue
2764 5056 2959 5110 retinet
2988 5053 3195 5117 dicens,
3230 5050 3351 5106 Non
3379 5065 3452 5109 est
3473 5055 3613 5114 Deus
3640 5060 3779 5117 alius
3801 5064 3901 5117 nisi

2319 5158 2479 5208 unus;
2503 5156 2577 5207 et,
2615 5145 2775 5200 Nobis
2802 5164 2932 5199 unus
2959 5154 3032 5197 est
3061 5144 3197 5199 Deus
3216 5155 3265 5199 et
3290 5162 3422 5203 unus
3446 5149 3715 5208 Dominus.
3750 5154 3891 5210 Unde

2323 5235 2662 5289 manifestum
2691 5248 2775 5291 est
2808 5238 2953 5290 illum
2973 5276 2991 5298 ,
3020 5235 3319 5293 auditorum
3345 5240 3638 5296 inﬁrmitati
3672 5260 3889 5313 parcen-

2325 5334 2452 5390 tem,
2486 5327 2587 5381 hoc
2612 5329 2867 5398 arguendi
2896 5325 3055 5391 modo
3083 5343 3233 5383 usum
3261 5346 3383 5387 esse
3403 5374 3418 5396 ,
3467 5333 3695 5402 ideoque
3727 5334 3889 5403 Spiri-

2322 5427 2432 5469 tum
2463 5432 2566 5472 nou
2598 5420 2999 5473 memoravisse.
3048 5419 3183 5475 Nam
3231 5422 3275 5477 si
3320 5423 3426 5479 hoc
3471 5440 3575 5476 non
3605 5436 3773 5487 esset,
3802 5442 3889 5480 nec

2323 5507 2445 5560 alibi
2473 5511 2799 5579 oportuisset
2845 5508 3100 5577 Spiritum
3152 5528 3484 5576 memorare,
3530 5527 3709 5582 neque
3750 5516 3888 5571 illum

2325 5615 2443 5652 cum
2480 5600 2638 5655 Patre
2679 5611 2733 5654 et
2778 5601 2915 5653 Filio
2941 5604 3285 5673 conjungere.
3332 5604 3465 5658 Nam
3511 5604 3555 5657 si
3600 5619 3631 5657 a
3663 5606 3820 5663 Patre
3843 5620 3888 5663 et

2330 5689 2463 5746 Filio
2491 5704 2631 5748 esset
2657 5692 2906 5749 exclusus
2930 5735 2943 5760 ,
2976 5697 3142 5750 multo
3167 5696 3335 5766 magis
3376 5695 3525 5752 illum
3549 5697 3605 5754 in
3634 5698 3887 5773 baptismo
