4070 6322
281 332 390 389 [65

274 461 404 504 eum
432 443 564 515 ipsis
586 439 913 510 conjungere
952 447 1058 489 non
1099 428 1463 503 oportuisset,
1496 426 1584 481 ubi
1626 424 1861 481 maxime

273 536 573 594 divinitatis
600 532 834 602 dignitas
858 532 1117 598 apparet,
1142 531 1198 579 et
1219 520 1359 577 dona
1388 519 1585 575 dantur
1608 531 1728 587 qua:
1753 516 1863 569 Deo

271 628 385 684 soli
412 627 543 680 dare
568 620 848 690 competit.

355 718 410 772 ι.
441 717 550 784 Ego
572 714 730 783 igitur
750 722 966 764 causam
1004 704 1137 771 dixi,
1163 716 1262 758 cur
1281 700 1371 755 hic
1400 698 1616 755 silentio
1637 704 1858 767 practer-

274 812 483 865 missus
508 807 578 861 sit
606 792 711 859 :tu
737 817 890 867 vero,
923 802 969 855 si
992 814 1083 855 res
1110 812 1215 853 non
1247 796 1318 850 ita
1350 809 1408 849 se
1438 794 1624 859 habet,
1653 792 1741 847 die
1766 804 1862 845 cur

276 902 339 955 in
364 900 627 969 baptismo
648 892 1012 964 conjungitur.
1040 888 1147 945 Sed
1190 902 1298 943 non
1336 885 1494 939 aliam
1538 882 1712 954 possis
1738 896 1866 937 cau-

276 1009 398 1049 sam
433 991 632 1054 dicere,
680 1001 839 1059 quam
881 982 1025 1054 quod
1053 982 1124 1039 sit
1164 980 1369 1035 honore
1407 993 1524 1047 par.
1562 977 1693 1031 Cum
1737 988 1868 1043 ergo

278 1084 483 1140 nullam
534 1080 694 1135 talem
745 1077 909 1132 habet
960 1073 1371 1137 necessitatem,
1432 1068 1553 1123 vide
1598 1065 1869 1137 quomodo

279 1177 459 1246 ipsum
498 1169 794 1240 conjungit,
844 1167 916 1222 ita
956 1164 1139 1219 dicens
1182 1180 1196 1218 :
1238 1161 1418 1217 Gratia
1462 1159 1666 1214 Domini
1709 1157 1869 1212 nostri

279 1269 412 1324 Jesu
436 1265 648 1331 Christi,
674 1272 723 1317 et
755 1261 942 1315 caritas
968 1256 1066 1311 Dei
1096 1266 1146 1310 et
1182 1254 1376 1317 Patris,
1405 1262 1452 1308 et
1476 1249 1869 1306 communicatio

284 1359 516 1427 Spiritus
543 1356 707 1412 sancti
728 1335 930 1409 sitcum
955 1348 1184 1404 omnibus
1206 1347 1346 1402 vobis
1374 1345 1450 1415 (ε.
1481 1345 1601 1399 Cor.
1632 1345 1722 1399 ts.
1745 1343 1867 1412 l5);

285 1463 343 1508 ct
384 1465 620 1516 rursum,
665 1445 951 1502 Divisiones
996 1441 1278 1512 gratiarum
1327 1447 1465 1503 sunt,
1523 1437 1659 1491 idem
1700 1444 1869 1488 autem

289 1545 557 1615 Spiritus;
582 1551 633 1596 et
661 1539 934 1593 divisiones
963 1533 1392 1588 ministrationum
1429 1539 1566 1593 sunt,
1610 1527 1746 1581 idem
1772 1543 1868 1578 au-

285 1649 385 1692 tem
414 1634 704 1695 Dominus;
742 1638 788 1683 et
826 1627 1094 1681 divisiones
1140 1624 1498 1695 operationum
1546 1627 1687 1687 sunt,
1736 1617 1875 1672 idem

287 1737 457 1781 autent
491 1721 681 1792 Deus'(
708 1721 760 1775 l.
797 1717 917 1774 Cor.
950 1716 1038 1772 12.
1063 1715 1165 1771 4-6
1194 1713 1236 1785 ).
1286 1712 1392 1769 Sed
1416 1712 1535 1782 quia
1591 1724 1732 1765 nunc
1780 1706 1874 1762 ad-

289 1836 475 1877 versus
500 1818 719 1875 Grtecos
749 1827 931 1870 sermo
957 1816 1096 1877 erat,
1135 1816 1192 1864 et
1218 1820 1314 1862 eos
1341 1805 1433 1876 qui
1463 1802 1666 1859 Graecis
1701 1800 1872 1855 imbe-

287 1913 525 1968 cilliores
568 1914 746 1973 erant,
785 1911 1070 1975 propterea
1116 1899 1170 1954 id
1215 1897 1431 1953 interim
1476 1900 1785 1948 reservatur
1821 1899 1876 1944 et

291 2013 521 2058 tacetur.
553 1998 613 2053 ld
651 1994 793 2068 quod
832 1994 995 2048 etiam
1033 1988 1313 2061 prophetae
1355 1984 1555 2040 faciunt
1594 1982 1663 2037 de
1715 1981 1870 2049 Filio,

291 2110 449 2167 quem
481 2104 742 2160 nusquam
771 2092 956 2157 aperte
983 2082 1265 2138 nominant
1288 2077 1359 2132 ob
1384 2075 1691 2167 auditorum
1714 2072 1877 2167 imbe-

290 2164 586 2243 cillitatem.
618 2181 672 2235 7.
707 2178 812 2235 Sed
840 2192 941 2231 non
968 2176 1020 2229 in
1050 2172 1281 2227 omnibus
1305 2178 1379 2223 est
1407 2167 1641 2231 scientia,
1680 2164 1873 2234 inquit.

290 2280 549 2346 Qumnam
577 2271 706 2327 illa?
734 2286 801 2325 an
832 2284 917 2335 ea,
950 2280 1070 2337 quae
1093 2272 1178 2319 est
1202 2262 1269 2317 de
1301 2262 1433 2323 Deo,
1463 2273 1532 2311 an
1558 2272 1642 2319 ea,
1668 2254 1878 2346 quaede

292 2345 358 2429 iis
386 2385 509 2440 qua:
533 2365 806 2423 immolata
857 2366 988 2417 sunt
1009 2358 1165 2414 idolis
1185 2357 1210 2409 Υ
1235 2360 1339 2410 Aut
1365 2362 1514 2409 certe
1537 2350 1755 2440 Graecos
1791 2345 1879 2401 hic

291 2439 619 2525 subindieat,
641 2456 732 2527 qui
758 2452 1007 2510 dicebant
1026 2449 1226 2505 multos
1244 2460 1364 2502 esse
1380 2445 1511 2499 deos
1533 2450 1588 2497 et
1607 2439 1874 2503 dominos,

292 2570 394 2611 nec
418 2552 663 2609 sciebant
698 2548 863 2603 Deum
895 2545 986 2615 qui
1028 2556 1159 2597 vere
1196 2548 1278 2594 est
1307 2552 1325 2595 ι
1354 2546 1447 2592 aut
1499 2549 1595 2591 eos
1620 2532 1709 2604 qui
1743 2533 1880 2586 inter

291 2647 525 2719 gentiles
547 2638 929 2697 imbecilliores
958 2642 1136 2700 erant,
1157 2631 1249 2700 qui
1267 2628 1503 2683 nondum
1519 2622 1882 2719 clare‘scirent

292 2713 438 2795 idola
468 2750 577 2791 non
621 2745 741 2787 esse
786 2726 1043 2791 timenda,
1078 2733 1135 2780 et
1176 2721 1380 2777 nullum
1421 2732 1545 2773 esse
1578 2714 1780 2770 idolum
1826 2713 1880 2767 in

295 2827 521 2885 mundo.
554 2825 690 2880 Cum
718 2822 818 2877 hoc
845 2828 1025 2873 autem
1050 2815 1298 2877 dixisset,
1327 2810 1581 2882 paulatim
1609 2807 1729 2862 illos
1752 2820 1882 2861 con-

295 2921 503 2977 solatus
537 2924 621 2972 est
663 2923 719 2971 et
762 2911 953 2969 erexit.
986 2908 1173 2977 Neque
1218 2903 1363 2961 enim
1402 2900 1582 2957 omnia
1633 2896 1882 2953 insectari

297 3011 606 3085 oportebat,
634 3022 754 3064 cum
805 3004 1039 3060 maxime
1087 3000 1207 3055 illos
1251 3011 1464 3053 rursum
1515 2990 1883 3049 vehementius

296 3112 448 3160 esset
476 3087 838 3170 itnpetiturus.

372 3192 455 3248 De
502 3183 1149 3259 idolothytis—Quidam
1198 3192 1369 3237 autem
1420 3195 1533 3234 cum
1579 3175 1885 3232 conscientia

296 3286 430 3340 idoli
456 3299 617 3354 usque
642 3297 778 3335 nunc
796 3279 944 3349 quasi
962 3274 1303 3344 idolothytum
1325 3270 1633 3325 manducant
1656 3282 1675 3322 :
1694 3277 1739 3321 et
1764 3283 1887 3320 con-

299 3378 515 3432 scientia
541 3390 717 3429 eorum
744 3387 860 3425 cum
888 3371 953 3424 sit
989 3368 1216 3436 inﬁrma,
1248 3365 1514 3433 polluitur.
1554 3360 1745 3416 Adhuc
1776 3369 1889 3415 trc¢

300 3477 476 3535 munt,
502 3466 690 3538 inquit,
722 3472 778 3519 et
807 3468 1052 3518 metuunt
1084 3457 1243 3512 idola.
1284 3454 1361 3510 Ne
1397 3453 1528 3507 mihi
1564 3451 1707 3507 cnim
1745 3465 1887 3520 prte-

302 3573 511 3619 sentem
542 3575 719 3617 rerum
751 3564 949 3613 statum
975 3552 1196 3618 dixeris,
1225 3560 1280 3606 et
1322 3546 1463 3619 quod
1503 3546 1645 3617 piam
1672 3542 1889 3614 religio-

304 3670 429 3711 nem
480 3669 510 3709 a
566 3650 857 3722 majoribus
918 3645 1241 3717 acceperis;
1308 3641 1403 3697 sed
1460 3648 1697 3695 mentem
1745 3647 1890 3692 tuam

304 3746 542 3803 transfer
567 3744 619 3799 in
644 3742 732 3809 illa
760 3749 1024 3810 tempora,
1053 3746 1108 3791 et
1132 3735 1329 3804 cogita,
1357 3747 1479 3786 cum
1507 3730 1669 3785 modo
1694 3730 1895 3784 consti-

305 3854 420 3899 tuta
445 3850 588 3897 ess-et
612 3836 940 3910 praedicatio,
968 3842 1024 3889 et
1053 3831 1299 3902 impietas
1324 3827 1500 3883 adhuc
1534 3833 1783 3896 regnaret
1806 3838 1895 3877 ar-

306 3937 607 4005 derentque
645 3946 754 3987 arte
780 3938 833 3984 et
871 3924 1153 3991 sacrificia,
1190 3920 1444 3977 libamina
1485 3921 1895 3989 peragerentur,

306 4040 364 4086 et
388 4029 569 4100 plures
599 4031 779 4081 essent
798 4020 1046 4092 gentiles,
1073 4018 1163 4089 qui
1190 4030 1220 4069 a
1244 4012 1538 4084 majoribus
1566 4009 1895 4079 impietatem

308 4125 653 4191 acceperant,
694 4131 724 4169 a
765 4113 1024 4185 patribus,
1070 4110 1185 4163 avis
1227 4117 1283 4163 et
1318 4104 1493 4161 atavis
1534 4103 1730 4158 talibus
1769 4100 1895 4191 orti,

309 4190 475 4282 atque
496 4224 524 4263 a
553 4204 886 4263 daemonibus
925 4201 1065 4256 mala
1112 4198 1276 4255 multa
1315 4195 1459 4267 passi
1490 4202 1675 4249 essent
1706 4210 1720 4246 :
1754 4190 1894 4254 illos,

312 4307 555 4373 inquam,
591 4305 814 4367 repente
856 4302 1109 4357 mutatos,
1156 4285 1427 4360 quomodo
1462 4282 1756 4373 verisimile
1784 4289 1900 4334 erat

312 4372 458 4451 afﬁci
489 4411 502 4447 :
531 4388 799 4461 quomodo
827 4382 1079 4441 timendas
1105 4378 1505 4447 tremendreque
1527 4383 1681 4430 erant
1701 4372 1902 4426 daemo-

307 4503 447 4545 num
488 4484 696 4541 insidia:
724 4500 739 4535 :
768 4488 987 4551 propter
1037 4489 1172 4546 quos
1209 4472 1372 4529 etiam
1413 4468 1467 4524 id
1513 4463 1902 4522 subindicando

315 4580 551 4643 dicebat,
595 4575 816 4642 Quidam
858 4579 1029 4624 autem
1077 4582 1196 4619 cum
1244 4560 1554 4617 conscientia
1605 4555 1896 4626 idolothyti.

316 4673 505 4742 Neque
531 4669 675 4725 enim
706 4673 891 4736 aperte
925 4662 1165 4717 declarat
1198 4655 1342 4721 illos,
1384 4668 1453 4709 ne
1496 4648 1773 4722 percellat,
1804 4661 1903 4700 ne-

317 4778 429 4834 que
454 4762 673 4821 omnino
704 4751 1088 4827 pmtercurrit,
1118 4746 1215 4803 sed
1258 4742 1538 4800 indeﬁnite
1556 4753 1755 4834 eorum
1783 4752 1907 4834 me-

320 4828 499 4916 minit,
525 4850 713 4906 dicens
744 4864 757 4899 :
789 4842 1015 4909 Quidam
1040 4848 1211 4894 autem
1238 4852 1356 4890 cum
1394 4830 1701 4888 conscientia
1738 4828 1905 4882 idolo-

323 4943 457 5015 thyti
478 4956 633 5009 usque
657 4952 789 4993 nunc
812 4932 961 5006 quasi
983 4930 1322 4998 idolothytum
1347 4925 1698 4987 manducant;
1726 4921 1778 4976 id
1801 4928 1904 4985 est,

322 5048 453 5091 cum
486 5029 676 5087 eadem
718 5034 901 5084 mente
937 5036 1039 5095 qua
1074 5020 1258 5092 prius;
1298 5026 1346 5072 et
1389 5015 1697 5072 conscientia
1731 5028 1909 5068 eorum

323 5140 444 5181 cum
479 5122 543 5176 sit
583 5120 807 5188 inﬁma,
849 5114 1098 5190 polluitur
1129 5126 1150 5165 :
1177 5124 1300 5165 cum
1329 5105 1566 5162 nondum
1602 5104 1771 5175 possit
1810 5103 1908 5157 dc-

326 5218 563 5290 spioere,
610 5224 786 5280 neque
814 5210 1035 5265 omnino
1082 5205 1176 5262 illa
1219 5199 1467 5265 irridere,
1498 5198 1594 5254 sed
1638 5198 1815 5252 adhuc
1856 5195 1909 5251 in

327 5309 497 5367 dubio
522 5310 787 5362 versetur.
814 5301 893 5355 Ac
923 5300 973 5356 si
994 5298 1135 5370 quis,
1160 5296 1205 5352 si
1232 5300 1416 5364 tangat
1445 5299 1736 5355 mortuum,
1762 5296 1913 5358 putet

331 5406 571 5474 seipsum
602 5394 865 5470 polluere,
906 5390 1201 5446 secundum
1245 5383 1522 5443 Judaicam
1568 5378 1916 5435 consuetudi-

333 5508 499 5555 nem;
541 5486 841 5557 deindeque
880 5480 1016 5535 alios
1056 5478 1242 5534 videns
1294 5480 1575 5546 tangentes
1612 5485 1734 5524 cum
1783 5484 1915 5540 pura

337 5583 686 5649 conscientia,
722 5592 833 5635 non
871 5588 994 5631 cum
1018 5570 1207 5627 eadem
1238 5578 1415 5627 mente
1441 5576 1685 5636 tangens,
1713 5564 1919 5635 pollue-

338 5689 489 5734 retur
515 5692 536 5743 ;
566 5674 645 5731 sic
668 5681 725 5729 et
750 5669 829 5726 illi
852 5676 981 5724 tunc
998 5670 1151 5719 erant
1174 5660 1373 5717 aﬂ'ecti.
1402 5658 1627 5727 Quidam
1650 5656 1806 5721 enim,
1834 5655 1918 5711 in-

335 5772 475 5844 quit,
496 5783 614 5825 cum
633 5764 938 5820 conscientia
960 5757 1085 5816 idoli
1109 5770 1267 5825 usque
1285 5770 1439 5810 nunc.
1466 5752 1582 5810 Non
1612 5750 1728 5807 sine
1755 5762 1916 5805 causa

644 5852 915 5915 Ρλτιοι..
959 5848 1076 5912 Gn.
1124 5844 1287 5907 LXI.

1343 314 1409 371 IN
1446 311 1663 370 EPIST.
1702 311 1725 367 ι
1785 310 1881 365 AD
1918 297 2075 366 (ΞΟΠ.
2117 306 2349 363 ΗΟΜΙΙ..
2390 306 2513 363 XX.

3451 305 3553 360 168

1971 420 2128 485 illud,
2162 419 2335 490 Usque
2358 437 2513 490 nunc,
2540 421 2737 490 posuit,
2767 419 2861 497 sed
2887 428 2946 475 ut
2971 418 3241 487 ostendat,
3272 419 3394 473 illos
3425 421 3555 474 nihil

1970 512 2264 583 profecisse
2291 527 2398 566 non
2419 525 2541 567 sese
2566 511 3056 566 accommodantes.
3089 509 3272 582 Neque
3300 512 3443 566 cnim
3480 512 3557 565 sic

1971 602 2095 658 illos
2142 602 2397 658 inducere
2438 603 2744 673 oportebat,
2797 606 2892 657 sed
2936 602 3046 656 alio
3088 604 3268 669 modo,
3312 601 3478 657 verbo
3506 612 3561 656 et

1970 693 2215 749 doctrina
2266 709 2573 763 persuasos.
2620 692 2688 748 Et
2737 694 3043 747 conscientia
3092 694 3298 755 iilarum
3336 710 3450 747 cum
3494 694 3561 748 sit

1971 786 2199 853 infirma,
2221 784 2488 854 polluitur.
2521 785 2791 856 Nusquam
2820 785 2994 840 adhuc
3024 786 3168 840 circa
3203 786 3278 840 rei
3317 794 3559 839 naturam

1974 876 2134 931 verba
2162 875 2309 944 facit,
2338 878 2433 932 sed
2462 891 2680 947 semper
2707 886 2763 931 et
2790 877 2986 945 ubique
3007 877 3148 931 circa
3172 876 3558 931 conscientiam

1972 968 2285 1037 accipientis
2312 978 2579 1022 versatur.
2602 967 2781 1021 Timet
2802 968 2945 1022 enim
2980 983 3073 1033 nc,
3102 968 3228 1021 dum
3266 967 3379 1020 vult
3416 968 3563 1020 inlir-

1974 1074 2122 1114 mum
2163 1059 2454 1129 corrigere,
2499 1059 2689 1114 fortem
2718 1060 3083 1130 perstringat,
3134 1060 3391 1130 illumque
3418 1059 3563 1113 inﬁr-

1972 1169 2119 1207 mum
2166 1154 2376 1209 reddat.
2423 1153 2761 1222 Quapropter
2790 1154 2917 1207 ‘non
2969 1153 3145 1206 minus
3198 1152 3562 1223 huic-parcit,

1973 1261 2133 1316 quam
2180 1246 2277 1301 illi.
2327 1245 2513 1316 Neque
2552 1245 2679 1300 sinit
2727 1245 2855 1315 quid
2893 1245 3068 1300 simile
3114 1245 3435 1310 existimari,
3468 1247 3561 1299 sed

1974 1352 2225 1394 sermone
2250 1340 2422 1394 utitur
2447 1338 2676 1409 prolixo,
2717 1349 2776 1393 ut
2802 1354 2871 1394 ne
2903 1338 3010 1394 tale
3036 1338 3162 1411 quid
3206 1335 3257 1392 in
3296 1339 3563 1408 suspicio-

1976 1443 2099 1483 nem
2128 1430 2327 1484 veniat.
2354 1429 2411 1485 8.
2449 1428 2581 1483 Esca
2610 1438 2776 1483 autent
2819 1445 2911 1483 nos
2951 1445 3052 1482 non
3081 1430 3396 1483 commendat
3431 1429 3562 1483 Deo.

1979 1517 2159 1589 Neque
2176 1521 2312 1574 enim
2336 1523 2381 1574 si
2401 1519 2893 1587 manducauerimus,
2922 1520 3278 1584 abundamus;
3321 1536 3479 1589 neque
3520 1524 3565 1573 si

1977 1628 2078 1665 non
2103 1613 2595 1678 manducaverimus,
2619 1612 2904 1680 deﬁcimus.
2934 1611 3121 1666 Viden’
3148 1612 3417 1681 quomodo
3449 1628 3568 1666 rur-

1976 1717 2069 1757 sus
2096 1719 2281 1758 eorum
2313 1703 2507 1757 fastum
2536 1703 2842 1773 deprimat?
2871 1702 3003 1757 Nam
3034 1716 3158 1757 cum
3185 1703 3431 1769 dixisset,
3458 1719 3565 1758 non

1977 1794 2139 1849 modo
2180 1795 2321 1860 illos,
2361 1794 2457 1849 sed
2487 1794 2647 1849 etiam
2688 1809 2878 1849 omnes
2917 1794 3197 1848 scientiam
3248 1794 3481 1861 habere;
3512 1806 3569 1850 et

1978 1886 2248 1941 nemiuem
2273 1886 2413 1940 scire
2434 1884 2889 1956 quemadmodum
2919 1887 3058 1940 scire
3084 1894 3327 1956 oportet;
3351 1894 3403 1940 et
3425 1886 3567 1955 quod

1978 1979 2200 2034 scientia
2236 1976 2418 2043 inﬂet;
2452 1977 2647 2033 deinde
2678 1992 2800 2031 cum
2831 1978 2950 2031 illos
2978 1988 3125 2031 esset
3152 1977 3477 2040 consolatus,
3507 1991 3569 2031 ac

1979 2068 2222 2133 dixisset,
2253 2084 2359 2123 non
2388 2069 2442 2122 in
2472 2068 2724 2123 omnibus
2752 2084 2875 2123 esse
2900 2069 3203 2135 scientiam,
3246 2076 3301 2124 et
3330 2068 3429 2123 bos
3451 2069 3569 2138 pol-

1979 2159 2053 2214 lut
2081 2168 2301 2230 propter
2328 2159 2785 2224 imbecillitatem;
2817 2175 2885 2213 nc
2912 2160 3155 2214 dicerent
3184 2160 3258 2213 illi
3294 2177 3307 2215 :
3341 2158 3411 2215 Et
3444 2160 3569 2229 quid

1979 2249 2043 2305 ad
2074 2265 2197 2313 nos,
2253 2250 2300 2306 si
2338 2264 2443 2304 non
2485 2260 2569 2305 est
2613 2250 2664 2305 in
2703 2250 2953 2305 omnibus
2994 2250 3259 2305 scientia?
3286 2265 3382 2305 cur
3428 2253 3570 2305 enim

1982 2340 2069 2394 ille
2099 2342 2221 2395 talis
2250 2356 2354 2395 non
2392 2339 2555 2395 habet
2598 2339 2919 2396 scientiam?
2945 2356 3040 2395 cur
3067 2349 3150 2396 est
3195 2340 3480 2395 inﬁrmus?
3507 2357 3573 2396 ne

1982 2429 2099 2485 hanc
2126 2431 2439 2500 objicerent,
2471 2447 2578 2485 non
2608 2432 2786 2486 statim
2816 2432 2880 2486 ad
2908 2432 3107 2487 claram
3144 2432 3573 2488 demonstratio—-

1984 2538 2107 2577 nem
2135 2522 2305 2588 venit,
2334 2523 2476 2593 quod
2506 2539 2573 2577 nc
2598 2524 2825 2577 laedatur
2852 2525 2963 2590 ille,
2994 2524 3269 2580 abstinere
3290 2536 3532 2597 oporteat
3556 2542 3571 2590 ;

1984 2616 2078 2672 sed
2099 2616 2332 2685 primum
2359 2615 2587 2686 quadam
2613 2615 2929 2670 vclitatione
2958 2616 3215 2671 adversus
3250 2618 3397 2671 illum
3427 2632 3572 2679 usus,

1984 2708 2220 2763 ostendit
2258 2708 2330 2773 id,
2355 2707 2498 2778 quod
2525 2717 2609 2763 est
2635 2708 2725 2762 illo
2760 2708 2953 2776 majus.
3003 2706 3283 2773 Quodnam
3320 2716 3404 2763 est
3432 2708 3575 2763 hoc?

1985 2798 2137 2867 Quod
2167 2800 2375 2855 etiamsi
2413 2813 2572 2853 nemo
2617 2798 2926 2864 lmderetur,
2955 2814 3135 2869 neque
3180 2800 3409 2869 proximi
3455 2815 3575 2870 per-

1986 2890 2165 2945 versio
2192 2888 2478 2945 metuenda
2509 2899 2673 2954 esset,
2703 2904 2772 2945 ne
2803 2890 2883 2945 sic
2909 2891 3130 2960 quidem
3168 2890 3272 2946 hoc
3312 2894 3575 2961 agendum

1986 2992 2131 3040 esset
2160 3000 2174 3036 :
2203 2996 2372 3044 vanus
2416 2981 2612 3052 quippe
2645 2981 2798 3035 labor
2828 2980 2919 3036 ille
2948 2989 3114 3036 esset.
3146 2982 3279 3037 Nam
3309 2982 3400 3053 qui
3426 2984 3579 3038 audi-

1986 3077 2064 3130 vit
2081 3075 2244 3130 alium
2266 3072 2518 3139 laedi,sed
2546 3072 2646 3127 sibi
2668 3072 2874 3127 lucrum
2898 3086 3038 3138 esse,
3069 3086 3176 3126 non
3202 3073 3425 3127 multum
3449 3073 3577 3130 abs-

1988 3169 2154 3234 tinet;
2178 3164 2275 3222 sed
2300 3174 2426 3219 tunc
2451 3164 2618 3234 magis
2643 3177 2764 3217 cum
2796 3162 3063 3231 didicerit,
3091 3163 3224 3217 nihil
3251 3178 3313 3219 se
3338 3164 3405 3219 ab
3430 3179 3494 3219 ea
3520 3180 3579 3221 re

1984 3259 2179 3330 juvari.
2218 3257 2342 3313 ldeo
2386 3256 2487 3310 hoc
2526 3256 2754 3323 primum
2792 3254 2942 3323 ponit
2975 3253 3201 3310 dicens:
3244 3253 3378 3308 Esca
3414 3265 3581 3311 autem

1990 3369 2082 3408 nos
2112 3367 2215 3405 non
2239 3348 2561 3404 commendat
2599 3347 2725 3401 Deo.
2762 3346 2950 3401 Viden‘
2978 3355 3237 3417 quantum
3268 3346 3321 3401 id
3358 3348 3583 3418 viltpen-

1991 3446 2103 3509 dat,
2134 3442 2275 3512 quod
2302 3439 2583 3495 videbatur
2611 3453 2640 3492 a
2674 3436 2907 3509 perfecta
2933 3438 3153 3493 scientia
3184 3436 3367 3494 effici?
3404 3437 3584 3511 Neque

1992 3538 2126 3592 enim
2164 3536 2209 3590 si
2248 3532 2742 3598 manducaverimus,
2792 3530 3144 3595 abundamus;
3196 3529 3249 3585 id
3294 3538 3397 3597 est,
3444 3531 3581 3600 apud

1994 3630 2163 3685 Deum
2199 3626 2404 3695 probati
2453 3638 2662 3689 sumus,
2699 3632 2758 3676 ut
2787 3621 2912 3690 quid
2956 3621 3153 3675 bonum
3199 3623 3283 3675 vel
3331 3638 3582 3692 magnum

1994 3717 2233 3789 operati;
2265 3732 2426 3785 neque
2449 3715 2493 3768 si
2519 3730 2619 3767 non
2664 3714 3155 3779 manducauerimus,
3206 3713 3500 3782 deﬁcimus;
3532 3715 3584 3769 id

1994 3822 2097 3879 est,
2129 3812 2305 3865 minus
2330 3807 2455 3879 quid
2488 3808 2768 3861 habemus.
2808 3805 3025 3861 Interim
3059 3806 3218 3876 igitur
3239 3808 3368 3861 illud
3400 3817 3583 3863 osten-

1996 3902 2430 3975 dit‘superﬂuum
2460 3910 2513 3956 et
2542 3899 2673 3954 nihil
2723 3913 2842 3953 esse
2875 3917 2888 3952 :
2922 3913 3046 3953 nam
3077 3898 3166 3964 id,
3219 3899 3359 3968 quod
3414 3914 3587 3969 neque

1999 4001 2043 4056 si
2091 3998 2185 4054 ﬂat
2224 3994 2463 4065 prodest,
2497 4006 2672 4063 neque
2698 3991 2741 4045 si
2770 4005 2875 4045 non
2908 3990 3001 4045 fiat
3029 3997 3207 4057 nocet,
3255 3990 3581 4060 superﬂuum

2000 4100 2149 4146 certe
2187 4087 2366 4142 fuerit.
3431 4137 3435 4141 _

2072 4182 2127 4237 5.
2148 4180 2467 4250 Progressus
2482 4184 2658 4231 autem
2678 4182 2845 4229 totum
2865 4174 2940 4228 rei
2960 4173 3210 4228 damnum
3229 4175 3416 4243 aperit.
3438 4176 3590 4233 Nunc

2002 4281 2182 4327 autem
2198 4269 2348 4331 dicit,
2368 4267 2419 4323 id
2446 4266 2588 4337 quod
2616 4264 2873 4319 fratribus
2887 4264 3083 4319 accidit
3106 4281 3121 4319 :
3154 4265 3207 4319 9.
3248 4265 3419 4321 Videte
3433 4269 3587 4335 enim,

2003 4363 2195 4434 inquit,
2214 4378 2277 4416 ne
2290 4361 2421 4431 forte
2437 4354 2756 4413 Itwclicentia
2776 4364 2939 4409 uestra
2958 4354 3320 4421 oﬂ'endiculum
3337 4358 3429 4426 ﬁat
3450 4346 3589 4429 inﬁr.

2004 4458 2098 4510 mis
2116 4452 2378 4525 fratribus.
2405 4449 2521 4505 Non
2536 4449 2689 4513 dixut,
2720 4446 2870 4514 Quod
2897 4444 3109 4500 licentia
3133 4456 3309 4501 vestra
3340 4448 3594 4505 sitollen-

2005 4546 2262 4611 diculum,
2309 4555 2483 4612 neque
2506 4538 2557 4594 id
2587 4535 2970 4609 pronuntiavit,
2995 4543 3051 4589 ut
3078 4550 3146 4589 ne
3171 4536 3592 4606 impudentiores

2008 4639 2129 4694 illos
2145 4635 2434 4699 redderet;
2468 4630 2561 4687 sed
2580 4627 2892 4701 quomodo?
2932 4625 3126 4693 Videte,
3158 4635 3364 4682 terrens
3385 4629 3503 4685 illos
3533 4645 3593 4685 ac

2007 4730 2213 4802 pudore
2237 4726 2478 4782 afficiens
2519 4735 2575 4779 et
2602 4720 2669 4776 ad
2693 4718 2922 4775 faciendi
2951 4718 3287 4787 negationem
3316 4718 3589 4779 inducens.

2009 4823 2195 4892 Neque
2222 4817 2378 4883 dixit,
2410 4815 2538 4870 Hmc
2576 4821 2754 4868 vestra
2796 4809 3039 4875 scientia,
3081 4808 3221 4878 quod
3252 4811 3420 4879 magis
3448 4811 3592 4867 laudi

2010 4921 2194 4977 esset;
2237 4924 2432 4979 neque,
2475 4906 2601 4961 Haec
2631 4913 2811 4959 vestra
2846 4900 3137 4973 perfectio;
3187 4901 3281 4956 sed
3321 4900 3547 4956 Licentia
3574 4921 3595 4960 :

2012 5006 2155 5079 quod
2183 5003 2353 5075 magis
2373 4996 2713 5060 temeritatis,
2737 4992 3042 5063 petulantiae
3063 5002 3117 5046 et
3141 4993 3458 5063 arrogantia:
3477 5008 3599 5052 esse

2016 5100 2314 5156 videbatur.
2343 5092 2455 5148 Nec
2494 5088 2648 5153 dixit,
2687 5085 3004 5152 Fratribus;
3047 5085 3143 5141 sed
3170 5084 3403 5151 Inﬁrmi:
3429 5087 3602 5156 (ram.

2013 5192 2124 5258 bus,
2156 5188 2360 5245 crimen
2399 5195 2621 5253 augens,
2654 5176 2795 5249 quod
2836 5193 2908 5234 ne
2948 5176 3186 5233 inﬁrmis.
3221 5175 3436 5246 quidem
3475 5196 3599 5250 par-

2016 5291 2160 5349 cant,
2190 5281 2298 5334 imo
2341 5275 2616 5332 fratribus.
2664 5273 2796 5329 Esto
2842 5272 3006 5334 enim,
3038 5282 3143 5323 non
3169 5270 3395 5341 corrigis
3426 5287 3599 5342 neque

2019 5375 2221 5433 excitas
2244 5380 2277 5437 ;'
2299 5385 2395 5426 cur
2440 5366 2752 5436 supplantas
2799 5374 2852 5419 et
2898 5360 3108 5429 dejicis,
3158 5374 3283 5415 cum
3328 5371 3599 5430 oporteret

2019 5479 2239 5523 manum
2279 5461 2554 5533 porrigere
2577 5456 2601 5510 τ
2625 5455 2732 5511 Sed
2780 5455 2885 5509 hoc
2917 5466 3022 5506 non
3055 5450 3136 5505 vis
3165 5470 3180 5507 :
3209 5465 3338 5522 ergo
3367 5466 3438 5505 ne
3466 5452 3602 5523 deji-

2019 5561 2150 5615 cias.
2180 5556 2313 5611 Nam
2338 5552 2384 5607 si
2410 5550 2583 5605 malus
2607 5558 2769 5615 esset,
2811 5543 3142 5601 correctione
3178 5556 3313 5613 Opus
3344 5541 3599 5609 haberet;

2021 5653 2065 5707 si
2096 5658 2274 5705 autem
2301 5642 2562 5708 inﬁmus,
2595 5640 2876 5698 medicina.
2917 5634 3069 5692 Nunc
3092 5644 3271 5691 autem
3302 5649 3409 5690 non
3446 5634 3604 5689 modo

2027 5744 2269 5803 inﬁmus
2306 5747 2410 5807 est,
2450 5737 2545 5795 sed
2567 5736 2734 5795 etiam
2764 5732 2949 5791 frater.
2981 5732 3067 5788 10.
3098 5730 3224 5783 Cum
3262 5731 3375 5801 quis
3401 5732 3530 5782 enim
3560 5741 3607 5787 te

3168 5828 3231 5887 11
