4070 6322
545 316 643 374 16⁸1

546 432 721 487 viderit
743 433 1004 486 scientiam
1028 434 1291 491 habentem
1313 433 1365 485 in
1385 433 1543 486 idolio
1563 432 1948 489 recunibentetn.
1965 449 2134 485 nonne

540 527 851 582 conscientia
881 528 1009 595 ejus,
1037 541 1151 578 cum
1172 527 1235 579 sit
1254 526 1511 594 inﬁrmus,
1540 527 1880 595 wdificabitur
1906 525 1975 579 ad
1998 543 2135 579 man-

539 617 831 673 ducandum
858 617 1186 688 idolothyla.’
1208 616 1341 672 Cum
1367 618 1609 682 dixisset,
1652 618 1825 672 Videte
1847 636 1911 672 ne
1928 618 2132 672 licentia

535 718 700 763 vestra
725 710 792 763 sit
812 707 1196 774 oﬂ'endiculum,
1229 708 1359 762 dicit
1378 708 1646 777 quomodo
1673 710 1773 763 hoc
1800 708 1911 772 ﬁat,
1939 716 1994 762 et
2016 708 2133 763 ubi-

532 816 636 868 que
667 799 1033 854 inﬁrmitatem
1072 800 1241 868 ponit,
1276 814 1345 853 ne
1383 784 1628 875 videatur
1651 798 1903 852 damnum
1934 813 2001 852 ex
2029 813 2128 852 na-

530 900 650 949 tura
694 891 775 947 rei
820 905 959 955 esse,
988 900 1042 945 et
1081 890 1349 945 terribiles
1378 904 1497 944 esse
1528 889 1807 944 videantur
1832 889 2125 944 daemones.

530 983 682 1039 Nunc
709 984 853 1039 enim
891 998 1058 1053 prope
1098 993 1200 1048 est,
1236 982 1427 1052 inquit,
1470 992 1529 1036 ut
1554 987 1773 1037 omnino
1805 983 2022 1038 deﬁciat
2059 982 2128 1037 ab

532 1072 691 1128 idolis
725 1090 740 1125 :
769 1081 825 1126 te
851 1081 1029 1126 autem
1058 1072 1245 1126 videns
1275 1088 1394 1125 cum
1426 1073 1528 1126 illis
1554 1073 1784 1127 libenter
1799 1081 2122 1137 versantem,

531 1178 644 1217 rem
696 1163 889 1231 accipit.
918 1177 1014 1231 pro
1054 1163 1438 1227 admonitione,
1481 1170 1533 1216 et
1571 1161 1624 1214 in
1665 1162 1752 1214 illa
1782 1177 1843 1216 re
1880 1171 2125 1216 versatur

526 1258 687 1311 etiam
719 1257 854 1326 ipse.
886 1255 1071 1325 Itaque
1102 1272 1208 1309 non
1240 1255 1415 1309 solum
1446 1269 1508 1307 ex
1550 1254 1693 1308 illius
1734 1254 2118 1316 imbecillitate,

526 1347 622 1401 sed
651 1363 716 1401 ex
752 1347 1134 1413 intempestivo
1174 1354 1267 1398 tuo
1294 1360 1459 1413 opere
1500 1344 1706 1399 insidiae
1746 1344 2033 1399 oriuntur:
2065 1352 2119 1399 tu

524 1440 669 1497 enim
697 1439 846 1493 illum
875 1437 1227 1491 inﬁrmiorem
1252 1435 1452 1489 reddis.
1481 1436 1565 1489 Η.
1595 1432 1660 1487 Et
1684 1434 1864 1505 peribit
1888 1435 2121 1503 inﬁrmus

524 1535 691 1601 frater
716 1529 771 1592 in
800 1543 915 1582 esca
943 1536 1049 1589 tua,
1079 1534 1287 1596 propter
1315 1541 1460 1593 quem
1493 1524 1724 1579 Christus
1758 1534 1985 1579 mortuus
2022 1535 2115 1580 est.

524 1621 643 1673 Duo
674 1632 906 1688 namque
934 1626 1077 1679 sunt,
1103 1632 1221 1689 quae
1253 1624 1303 1669 te
1329 1615 1482 1669 venia
1514 1616 1731 1684 privant
1755 1615 1826 1669 ob
1861 1614 1964 1669 hoc
1992 1615 2114 1669 illa-

524 1720 633 1763 tum
659 1707 936 1768 damnum,
971 1714 1026 1761 et
1061 1705 1202 1774 quod
1243 1705 1507 1771 inﬁrmus,
1540 1714 1593 1759 et
1629 1705 1771 1775 quod
1805 1705 1971 1760 frater
2004 1706 2111 1768 sit;

524 1804 631 1856 imo
661 1800 876 1855 tertium
908 1813 1120 1868 quoque
1159 1796 1391 1861 additur,
1437 1795 1580 1865 quod
1629 1796 1868 1849 omnium
1905 1795 2117 1850 terribi-

522 1894 785 1948 lissimum
807 1899 909 1946 est.
950 1888 1231 1955 Quodnam
1266 1887 1394 1940 illud
1422 1887 1545 1940 est?
1567 1886 1720 1952 Quod
1743 1885 1992 1939 Christus
2017 1900 2114 1954 pro

517 1985 621 2039 illo’
640 1983 775 2038 mori
806 1997 910 2034 non
941 1978 1305 2038 recusaverit;
1340 1987 1394 2031 tu
1425 1991 1555 2031 vero
1582 1992 1648 2030 ne
1667 1976 1882 2047 quidem
1909 1976 1974 2029 ad
1996 1975 2112 2044 ejus

517 2074 937 2130 imbecillitatem
969 2079 1020 2125 te
1049 2079 1391 2138 attemperas.
1424 2068 1524 2122 Per
1563 2068 1678 2122 bare
1714 2078 1892 2122 autem
1929 2067 2107 2138 perfe-

514 2175 661 2221 ctum
704 2164 975 2227 admonet,
1008 2160 1176 2231 qualis
1210 2160 1323 2228 ipse
1354 2158 1499 2227 prius
1537 2168 1697 2219 esset.
1732 2166 1788 2214 et
1828 2158 1970 2228 quod
2013 2172 2109 2228 pro

514 2259 607 2313 illo
627 2258 784 2313 etiam
816 2264 1062 2309 mortuus
1084 2253 1173 2307 sit.
1220 2253 1287 2307 Et
1320 2268 1423 2306 non
1467 2251 1601 2306 dixit
1632 2268 1644 2305 :
1680 2251 1784 2305 Pro
1808 2266 1916 2320 quo
1946 2250 2105 2304 etiam

517 2350 651 2405 mori
680 2359 731 2404 te
757 2346 1067 2417 oportebat;
1097 2343 1192 2398 scd
1222 2342 1361 2412 quod
1397 2343 1565 2397 multo
1602 2341 1773 2411 majus
1800 2349 1936 2407 erat,
1964 2342 2105 2410 quod

510 2447 672 2503 etiam
698 2444 946 2501 Christus
973 2448 1195 2512 promer
1216 2440 1388 2510 ipsum
1414 2448 1496 2493 est
1516 2446 1776 2492 mortuus.
1806 2436 1894 2491 Sic
1924 2436 2105 2490 Domi-

511 2554 612 2593 nus
641 2536 857 2607 quidem
882 2546 1002 2589 tuus
1026 2548 1124 2602 pro
1152 2531 1247 2585 illo
1267 2530 1403 2585 mori
1429 2545 1531 2584 non
1552 2530 1857 2593 recusavit;
1889 2538 1943 2583 tu
1972 2542 2103 2583 vero

510 2630 624 2701 ejus
653 2627 853 2683 nullam
880 2626 1140 2681 rationem
1174 2624 1360 2688 habes,
1394 2633 1449 2676 nt
1482 2636 1581 2675 nec
1617 2629 1835 2690 propter
1872 2619 2045 2688 ipsum
2072 2635 2100 2672 a

508 2723 738 2778 scelesta
759 2735 943 2773 mensa
964 2704 1271 2780 abstineas;
1300 2714 1393 2768 sed
1423 2714 1555 2767 sinis
1584 2713 1755 2781 ipsum
1779 2710 1956 2780 perire
1983 2719 2103 2779 post

508 2814 737 2870 salutem
766 2812 838 2865 ita
871 2816 1110 2879 partam;
1154 2805 1401 2875 quodque
1438 2803 1813 2873 gravissimum
1854 2809 1956 2865 est,
2004 2816 2101 2871 per

505 2900 939 2970 escam‘lNeque
975 2898 1117 2952 enim
1163 2895 1315 2960 dixit,
1361 2893 1585 2961 Promer
1624 2902 1766 2945 tuam
1808 2890 2097 2960 perfectio-

508 3009 651 3056 nem,
693 2994 775 3046 vel
809 2998 1027 3059 propter
1061 2996 1205 3041 tuam
1236 2978 1539 3049 scientiam,
1566 2983 1661 3037 sed
1700 2982 1921 3052 Propter
1954 2991 2096 3034 tuam

500 3105 688 3144 escam.
712 3086 852 3139 Sunt
872 3085 1053 3151 itaque
1076 3091 1306 3152 quatuor
1325 3078 1572 3143 crimina,
1605 3076 1801 3145 illaque
1824 3075 2053 3129 maxima
2077 3091 2092 3127 :

500 3178 643 3250 quod
673 3185 727 3231 et
754 3176 917 3229 frater
945 3173 1033 3237 sit,
1060 3180 1115 3226 et.
1141 3169 1405 3229 inﬁrmus.
1440 3178 1496 3221 et
1522 3168 1677 3235 cujus
1707 3164 1952 3221 Christus
1979 3174 2096 3219 tan-

502 3280 609 3326 tam
638 3265 823 3322 habuit
851 3264 1135 3327 rationem,
1168 3269 1226 3315 ut
1254 3276 1349 3329 pro
1380 3259 1473 3313 illo
1513 3268 1840 3320 moreretur;
1868 3266 1919 3311 et
1950 3254 2092 3327 quod

501 3370 621 3432 pust
666 3358 781 3413 btec
823 3355 1004 3411 omnia
1058 3360 1281 3423 propter
1310 3366 1486 3406 eseam
1522 3358 1722 3419 pereat.
1755 3349 1839 3403 12.
1874 3348 1966 3404 Sic
2000 3363 2093 3401 att-

500 3463 598 3505 tem
626 3457 891 3520 peccantes
929 3446 983 3499 in
1028 3446 1229 3513 fratres,
1275 3452 1320 3495 et
1364 3442 1694 3511 percutientes
1733 3441 2092 3493 conscientiam

498 3560 673 3597 eorum
703 3541 983 3611 infirmam,
1017 3538 1071 3591 in
1114 3534 1371 3591 Christum
1418 3534 1655 3602 peccatis.
1702 3532 1890 3587 Viden’
1930 3547 2088 3603 quam

496 3638 697 3694 sensim
719 3645 774 3691 et
803 3635 1055 3706 paulatim
1086 3640 1363 3702 peccatum
1397 3630 1527 3684 illud
1552 3629 1616 3683 ad
1646 3629 1858 3692 culmen
1895 3628 2089 3697 iniqui-

497 3732 621 3785 tatis
648 3726 975 3785 deduxerit?
1006 3725 1318 3794 Rursusque
1356 3720 1683 3776 inﬁrmitatis
1724 3720 1934 3774 illorum
1973 3735 2089 3778 me-

499 3823 672 3878 minit.
704 3819 837 3875 Nam
879 3816 1029 3888 quod
1052 3816 1151 3885 ipsi
1182 3830 1280 3883 pro
1307 3828 1367 3867 se
1392 3827 1512 3867 esse
1553 3810 1950 3876 existimabant,
1984 3809 2087 3909 hoc

498 3914 696 3983 ubique
724 3913 775 3965 in
809 3910 1021 3966 illorum
1042 3913 1203 3976 caput
1228 3904 1512 3959 convertit.
1536 3902 1718 3972 Neque
1745 3902 1898 3967 dixit,
1921 3902 2087 3956 Scan-

497 4008 817 4067 dalizantes,
848 4002 942 4056 sed
973 3999 1341 4062 Percutientes,
1374 4006 1432 4050 ut
1459 4011 1556 4066 per
1583 3994 1830 4050 dictionis
1859 3995 2084 4063 empha-

496 4101 577 4153 sin
610 4096 980 4153 crudelitatem
1008 4090 1339 4146 ostenderet.
1362 4087 1499 4154 Quid
1527 4089 1669 4142 enim
1695 4088 1888 4142 stcvius
1924 4086 2085 4141 fuerit

496 4189 734 4253 homine,
766 4187 854 4257 qui
885 4199 1087 4255 a‘grum
1127 4180 1429 4251 percutiat?
1474 4180 1686 4235 Etenim
1730 4178 1919 4247 quovis
1960 4179 2082 4232 vul-

494 4296 629 4338 nere
662 4280 880 4350 gravius
905 4284 989 4332 est
1026 4274 1410 4334 seandalizare,
1442 4288 1535 4326 seu
1571 4271 1951 4325 oﬂ‘endiculum
1984 4286 2082 4340 po-

494 4391 624 4431 nere
651 4391 666 4427 :
695 4387 840 4441 smpe
881 4382 1109 4438 namque
1142 4367 1244 4421 hoc
1290 4373 1517 4418 mortem
1559 4363 1786 4417 induxit.
1841 4363 1906 4417 Et
1948 4380 2084 4434 quo-

492 4466 654 4521 modo
680 4465 734 4518 in
763 4462 1037 4517 Christum
1070 4455 1335 4529 peccant?
1360 4454 1479 4511 Uno
1506 4454 1719 4523 quidem
1747 4453 1930 4521 modo,
1958 4456 2081 4525 quia

491 4573 610 4626 quae
650 4562 774 4610 sunt
817 4551 1137 4607 famulorum
1180 4558 1240 4603 ut
1286 4547 1500 4617 propria
1530 4545 1630 4599 sibi
1671 4545 1949 4611 attribuit;
1997 4562 2082 4601 se-

490 4647 686 4713 cundo,
727 4644 870 4716 quod
912 4643 1003 4714 qui
1033 4640 1412 4703 verberantur,
1442 4638 1509 4692 ad
1538 4652 1733 4708 corpus
1761 4648 1815 4692 et
1840 4635 2080 4693 membra

488 4740 659 4812 ipsius
683 4737 1019 4807 pertineant;
1047 4733 1227 4797 tertio,
1253 4731 1394 4801 quod
1424 4745 1560 4800 opus
1580 4746 1733 4786 suum
1762 4746 1777 4784 :
1806 4746 1902 4801 per
1927 4745 2081 4787 suam

490 4833 696 4889 caedem
734 4827 1003 4899 propriam
1050 4822 1404 4887 aediﬁcatum,
1449 4822 1549 4891 ipsi
1591 4836 1686 4891 per
1731 4823 2079 4878 ambitionem

490 4941 638 4980 suam
691 4923 930 4979 diruant.
975 4919 1068 4975 1'5.
1125 4915 1468 4985 Quapropter,
1516 4914 1559 4967 si
1604 4930 1717 4967 esca
1764 4915 2079 4969 scandalizat

492 5017 699 5085 fratrem
729 5028 930 5077 meum,
969 5025 1071 5063 non
1105 5005 1422 5061 ntanducabo
1470 5020 1674 5059 carnem
1712 5005 1767 5058 in
1810 5014 2072 5061 (sternunt.

491 5106 607 5162 Hoc
651 5116 919 5175 tamquam
967 5102 1205 5173 Optimus
1250 5098 1529 5169 magister,
1572 5097 1727 5169 cujus
1768 5105 1852 5153 est
1886 5113 1982 5167 per
2018 5113 2078 5155 se

492 5198 687 5254 docere
716 5212 832 5266 qua:
856 5195 1006 5251 dicit.
1025 5193 1209 5265 Neque
1229 5191 1382 5255 dixit,
1402 5191 1525 5246 Sive
1547 5190 1689 5260 juste
1710 5188 1824 5246 sive
1844 5189 2073 5259 injuste;

491 5287 586 5344 sed
618 5286 1134 5359 quomodocumque.
1165 5280 1273 5338 Nec
1302 5282 1448 5345 dico,
1478 5281 1671 5351 inquit,
1701 5280 1847 5337 idolo
1877 5282 2075 5337 immo-

492 5381 676 5448 latum,
710 5376 853 5449 quod
882 5377 1039 5431 etiam
1077 5384 1297 5446 prepter
1327 5373 1485 5427 aliam
1524 5387 1740 5427 causam
1779 5376 1865 5428 εει
1896 5372 2076 5442 prohi-

491 5472 696 5538 bitum;
721 5467 815 5524 sed
843 5466 886 5522 si
916 5466 1044 5537 quid
1071 5467 1233 5522 etiam
1258 5478 1468 5529 eorum,
1492 5479 1614 5533 quae
1639 5464 1692 5518 in
1723 5471 1989 5534 potestate
2021 5471 2077 5519 et

493 5578 753 5621 concessa
799 5568 929 5618 sunt
973 5557 1226 5625 offendat,
1269 5556 1337 5611 ab
1373 5555 1483 5609 illis
1517 5569 1730 5627 quoque
1770 5554 2072 5622 abstinebo,

488 5671 599 5713 non
626 5669 733 5710 uno
758 5655 841 5710 vel
867 5653 1040 5710 altero
1063 5646 1173 5717 die,
1205 5648 1300 5705 sed
1332 5657 1447 5703 toto
1471 5648 1596 5701 vita:
1626 5663 1760 5704 mea:
1780 5657 2027 5720 tempore
2056 5664 2071 5700 :

501 5741 620 5803 Non
643 5745 956 5801 manducabo
987 5741 1153 5809 enim,
1182 5740 1373 5811 inquit,
1400 5753 1583 5795 carnes
1601 5738 1654 5793 in
1680 5748 1941 5795 (sternunt.
1964 5738 2074 5795 Nec

1282 320 1337 375 S.
1380 319 1656 378 JOANNIS
1690 319 2166 377 CHRYSOSTOMI
2206 320 2521 378 AR’CIIIEP.
2562 322 3094 388 CONSTANTINOP.

3731 347 3835 401 188

2243 432 2397 495 dixit,
2423 434 2501 488 Ne
2524 436 2744 504 perdam
2772 438 3013 505 fratrem,
3057 444 3153 499 sed
3192 450 3531 519 simpliciter.
3570 454 3653 512 Ne
3681 460 3835 526 fratri

2241 521 2551 588 offendicula
2577 528 2693 581 sint.
2723 528 2936 585 Etenim
2968 544 3226 591 extremae
3251 540 3540 600 dementia:
3574 521 3739 603 fuerit
3767 566 3830 605 ea

2238 628 2358 683 quae
2393 615 2608 671 Christo
2648 622 2719 674 ita
2756 621 2907 677 cordi
2948 623 3118 691 fuere,
3156 637 3211 681 et
3240 631 3363 685 talia
3409 643 3467 688 ut
3508 646 3728 705 propter
3766 656 3830 695 es

2237 714 2463 761 mortem
2489 708 2734 779 elegerit,
2773 727 2871 767 nos
2903 714 2972 768 ita
3011 719 3157 785 parvi
3189 718 3386 786 facere,
3420 732 3476 779 ut
3503 742 3571 781 ne
3600 739 3828 798 propter

2234 792 2327 848 illa
2355 796 2572 866 quidem
2615 800 2683 854 ab
2725 804 2863 856 escis
2908 804 3014 859 illis
3058 806 3447 867 abstineamus.
3492 792 3621 871 ne;

2234 904 2340 943 non
2366 890 2471 945 illis
2508 893 2705 961 solum,
2728 896 2823 951 sed
2846 896 3009 952 etiam
3041 901 3195 956 nobis
3215 913 3519 973 opportune
3552 910 3822 978 dicantur,

2233 982 2323 1050 qui
2346 983 2574 1050 proximi
2596 986 2823 1041 salutem
2845 988 3192 1060 despicimus,
3215 1002 3271 1048 et
3290 997 3526 1052 satanica
3550 1000 3636 1056 illa
3658 1003 3823 1058 verba

2234 1074 2578 1142 proferimus.
2612 1078 2742 1134 Nam
2773 1080 2976 1149 dicere,
3007 1083 3143 1150 Quid
3181 1088 3309 1142 mihi
3348 1104 3497 1146 cura:
3527 1104 3632 1156 est,
3661 1096 3707 1149 si
3734 1098 3825 1152 ille

2228 1165 2531 1224 oll‘endatur
2564 1180 2620 1226 et
2664 1173 2755 1227 ille
2797 1177 3029 1243 pereat?
3067 1181 3322 1235 satanicae
3364 1193 3451 1237 est
3485 1186 3824 1246 crudelitatis

2228 1266 2281 1310 et
2324 1258 2746 1317 inbumanitatis.
2780 1265 2944 1335 Atqui
2977 1276 3105 1324 tunc
3131 1270 3348 1338 quidem
3390 1274 3607 1331 illorum
3648 1278 3824 1336 imbe-

2226 1347 2463 1405 cillitatis
2489 1362 2626 1417 erat,
2670 1355 2864 1424 quibus
2906 1356 3021 1413 haec
3066 1357 3393 1419 oﬂendieulo
3439 1376 3628 1433 erant;
3680 1372 3820 1439 apud

2227 1454 2325 1502 nos
2350 1455 2478 1496 vero
2505 1456 2610 1497 non
2637 1444 2785 1499 item.
2808 1446 2941 1501 Nam
2970 1448 3055 1502 illa
3079 1461 3296 1518 peccata
3323 1453 3675 1526 admittimus,
3702 1477 3823 1529 qua:

2226 1529 2451 1587 fortibus
2489 1535 2651 1589 etiam
2697 1534 3025 1595 oﬂ‘endiculo
3052 1541 3181 1596 sint.
3223 1543 3358 1599 Cum
3403 1547 3547 1603 enim
3585 1553 3819 1619 percuti-

2222 1636 2362 1688 mus,
2395 1626 2630 1694 rapimus
2663 1636 2718 1682 et
2756 1630 2996 1685 avaritia:
3023 1633 3327 1702 studemus,
3364 1638 3661 1710 liberisque
3683 1650 3818 1697 tam-

2220 1728 2379 1783 quam
2411 1718 2695 1787 mancipiis
2723 1720 3013 1788 abutimur,
3040 1726 3254 1782 cuinam
3285 1728 3401 1784 haec
3435 1746 3541 1787 non
3579 1733 3810 1792 oﬂeudi-

2220 1806 2342 1861 culo
2367 1806 2603 1867 fuerint?
2640 1810 2771 1865 Nam
2804 1827 2871 1867 ne
2896 1813 3123 1882 dixeris,
3152 1817 3251 1873 ille
3275 1832 3450 1886 sutor,
3488 1824 3591 1880 iste
3618 1827 3817 1883 tinctor

2218 1907 2336 1962 est;
2371 1914 2545 1965 neque
2579 1900 2800 1969 dixeris,
2829 1904 3074 1961 )Erarius
3102 1907 3253 1964 faber
3276 1912 3414 1966 alius
3438 1922 3520 1968 est
3550 1933 3563 1966 :
3599 1917 3696 1971 sed
3726 1934 3816 1972 co-

2216 1986 2323 2056 gita
2349 1988 2499 2042 illum
2526 2005 2647 2045 esse
2670 1991 2880 2048 ﬁdelem
2906 2004 2961 2049 et
2981 1994 3226 2052 fratrem.
3250 1998 3465 2056 Illorum
3485 2004 3628 2059 enim
3654 2006 3813 2063 disci-

2214 2081 2325 2150 puli
2372 2098 2577 2149 snmus,
2612 2084 2957 2154 piscatorum,
3011 2090 3443 2157 publicanorum.
3484 2096 3809 2154 tabernacu-

2216 2171 2388 2229 lorum
2441 2177 2695 2247 opiﬁcum
2730 2195 2744 2230 :
2774 2178 2918 2234 illius
2944 2182 3033 2250 qui
3066 2184 3117 2237 in
3167 2186 3327 2239 domo
3380 2187 3515 2243 fabri
3570 2192 3807 2248 nutritus

2213 2263 2332 2332 fuit,
2365 2266 2453 2336 qui
2491 2282 2749 2336 sponsam
2777 2268 2894 2338 ejus
2924 2281 3151 2327 matrem
3183 2274 3385 2333 habere
3412 2278 3666 2349 dignatus
3700 2293 3804 2349 est,

2211 2355 2299 2424 qui
2333 2357 2523 2425 pannis
2564 2356 2835 2413 involutus
2880 2360 2932 2413 in
2979 2365 3206 2432 prtesepi
3255 2366 3522 2435 recubuit,
3560 2371 3654 2439 qui
3698 2389 3805 2428 non

2211 2445 2443 2500 habebat
2471 2447 2560 2501 ubi
2590 2458 2753 2518 caput
2797 2451 3108 2516 reclinaret,
3139 2455 3229 2522 qui
3257 2464 3401 2511 tanta
3442 2462 3680 2530 suscepit
3720 2463 3807 2518 ili-

2208 2553 2358 2602 nera,
2385 2548 2442 2591 ut
2464 2554 2529 2593 ex
2561 2539 2644 2593 via
2675 2539 2850 2597 fessus
2876 2554 3037 2609 esset,
3069 2545 3159 2613 qui
3190 2545 3260 2599 ab
3284 2547 3407 2603 aliis
3441 2551 3799 2609 nutriebatur.

2279 2630 2331 2683 6.
2376 2628 2566 2693 Festus
2586 2632 2843 2687 humanus
2867 2635 2999 2690 nihil
3025 2646 3120 2692 est.
3140 2638 3355 2696 —H:ec
3386 2644 3584 2712 cogita,
3615 2655 3670 2701 et
3698 2646 3798 2703 bn-

2204 2735 2421 2774 manum
2443 2720 2639 2776 fastum
2669 2723 2800 2777 nihil
2834 2739 2954 2780 esse
2981 2737 3137 2795 putes
3162 2745 3178 2793 ;
3208 2730 3302 2785 sed
3334 2740 3388 2786 et
3419 2733 3797 2794 tabernaculo-

2203 2825 2325 2863 rum
2364 2810 2637 2881 opiﬁcem,
2681 2822 2739 2868 et
2768 2830 2890 2869 eum
2931 2817 3020 2886 qui
3063 2832 3224 2874 curru
3268 2821 3504 2888 vehitur,
3550 2837 3609 2881 et
3640 2829 3793 2885 mille

2202 2901 2435 2958 famulos
2464 2903 2643 2971 habet,
2668 2914 2722 2960 et
2744 2905 2864 2961 foro
2890 2908 3081 2964 obvios
3100 2919 3270 2979 arcet,
3294 2912 3514 2970 fratrem
3538 2931 3662 2974 esse
3681 2922 3797 2975 exi-

2201 2992 2356 3046 stima
2383 3010 2397 3059 ;
2430 2994 2538 3049 imo
2568 2996 2719 3050 illum
2750 2999 2921 3068 magis
2947 3016 3107 3069 quam
3133 3002 3294 3059 hunc.
3324 3004 3456 3061 Nam
3488 3008 3576 3064 ille
3599 3025 3795 3081 Oppor-

2200 3086 2382 3153 tuuius
2412 3084 2577 3142 frater
2596 3088 2826 3149 dicatur.
2860 3092 2950 3161 qui
2980 3096 3149 3165 magis
3172 3097 3363 3154 similis
3382 3108 3486 3156 est.
3511 3102 3646 3169 Quis
3664 3120 3792 3176 ergo

2198 3176 2390 3233 similis
2415 3188 2497 3264 est
2526 3179 2922 3248 piscatoribus?
2949 3185 3038 3253 qui
3068 3187 3384 3256 quotidiano
3410 3192 3572 3247 alitur
3599 3210 3787 3264 opere,

2210 3281 2320 3322 non
2345 3260 2553 3324 habens
2578 3267 2839 3324 famulum
2874 3286 3049 3342 neque
3071 3274 3435 3346 domicilium;
3460 3280 3555 3336 sed
3586 3260 3786 3339 intom-

2210 3360 2372 3415 nibus
2388 3361 2713 3421 cruciﬁxus:
2737 3376 2804 3417 an
2820 3363 2928 3423 ille.
2947 3365 3039 3433 qui
3054 3362 3206 3421 tanto
3224 3367 3367 3424 fastu
3387 3372 3781 3441 circumdatur,

2206 3459 2262 3507 et
2278 3449 2779 3521 contrarialegibus
2799 3451 3000 3508 divinis
3024 3456 3317 3524 operatur?
3335 3457 3414 3514 Ne
3440 3474 3572 3532 ergo
3599 3462 3784 3534 despio

2202 3544 2317 3597 cias
2343 3539 2518 3605 illum,
2543 3540 2636 3609 qui
2664 3542 2839 3611 magis
2861 3540 3027 3599 frater
3054 3552 3181 3601 tuus
3205 3553 3290 3602 est
3314 3561 3327 3597 :
3354 3562 3478 3603 nam
3498 3550 3587 3606 ille
3610 3554 3783 3625 magis

2193 3631 2383 3686 similis
2412 3641 2495 3686 est
2522 3635 2831 3703 apostolica:
2861 3638 3097 3708 imagini.
3138 3642 3207 3695 At
3253 3657 3357 3697 non
3400 3644 3650 3710 libenter,
3691 3650 3784 3704 sed

2193 3722 2412 3784 invitus.
2444 3724 2651 3794 inquies
2683 3743 2697 3780 :
2727 3741 2834 3781 non
2880 3731 3022 3784 enim
3068 3746 3133 3786 ex
3178 3733 3341 3787 animi
3386 3738 3652 3791 sententia
3684 3738 3785 3795 hoe

2192 3811 2336 3866 facit.
2375 3812 2651 3868 Undenam
2686 3814 2821 3871 hoc?
2844 3833 2947 3872 non
2974 3820 3217 3887 audistis,
3244 3821 3423 3877 Nolite
3440 3825 3702 3893 judicare,
3730 3840 3784 3883 ut

2191 3921 2290 3958 non
2309 3906 2610 3973 judicemini
2640 3906 2854 3975 (Matth.
2889 3911 2941 3962 7.
2986 3910 3036 3981 1)
3061 3913 3085 3965 ?
3111 3912 3179 3967 Ut
3208 3923 3386 3968 autem
3415 3916 3593 3972 discas
3633 3919 3780 3975 illum

2190 4010 2296 4050 non
2331 3997 2552 4050 invitum
2578 4000 2820 4065 operari.
2854 4001 3051 4056 accede
3090 4012 3143 4057 et
3189 4002 3255 4059 da
3306 4006 3381 4060 illi
3424 4006 3608 4065 decies
3634 4013 3782 4068 mille

2190 4088 2307 4141 auri
2338 4087 2560 4155 talenta,
2594 4098 2647 4143 et
2691 4091 2899 4147 videbis
2932 4094 3080 4148 illum
3126 4095 3242 4152 hinc
3275 4112 3545 4157 recnsare.
3598 4101 3781 4177 itaque

2189 4178 2401 4234 etiamsi
2447 4196 2476 4235 a
2518 4182 2809 4251 majoribus
2849 4185 3063 4242 divitias
3102 4206 3207 4245 non
3248 4195 3534 4263 acceperit,
3583 4198 3678 4253 sed
3726 4211 3781 4256 et

2188 4284 2309 4322 cum
2337 4271 2581 4341 accipere
2611 4272 2817 4339 liceret,
2849 4291 2954 4331 non
2986 4281 3275 4350 acceperit,
3305 4297 3404 4339 nec
3429 4284 3540 4340 suis
3560 4287 3781 4345 addide-

2188 4361 2278 4427 rit,
2310 4377 2561 4433 magnum
2589 4364 2744 4420 aﬁ'ert
2770 4367 3023 4424 indicium
3055 4372 3196 4441 quod
3219 4375 3473 4442 pecunias
3494 4375 3773 4447 despiciat.

2187 4454 2319 4509 Nam
2350 4464 2405 4510 et
2433 4456 2673 4511 Joannes
2701 4457 2946 4515 Zebedasi
2993 4462 3280 4520 admodum
3336 4469 3587 4538 pauperis
3634 4470 3776 4527 ﬁlius

2186 4557 2301 4602 erat
2324 4563 2338 4613 ;
2368 4547 2462 4602 sed
2487 4564 2590 4602 non
2619 4560 2900 4620 propterea
2921 4564 3158 4611 coactam
3185 4557 3348 4613 fuisse
3369 4559 3611 4614 dicemus
3635 4561 3776 4618 illius

2187 4647 2579 4709 paupertatem.
2627 4641 2759 4698 Cum
2810 4660 2940 4715 ergo
3002 4648 3205 4705 videris
3258 4651 3398 4723 ligna
3444 4650 3771 4721 euadentem,

2187 4730 2385 4785 malleo
2427 4731 2761 4801 tundentem,
2795 4736 3013 4809 fuligine
3062 4740 3310 4811 tinctum,
3365 4758 3433 4799 ne
3476 4742 3599 4800 ideo
3641 4762 3771 4803 con-

2184 4825 2414 4888 temnas,
2446 4820 2539 4877 sed
2586 4823 2707 4880 ideo
2736 4828 2967 4884 mireris.
3009 4829 3140 4885 Nam
3170 4842 3226 4888 et
3253 4834 3444 4889 Petrus
3470 4837 3773 4895 succinctus

2184 4919 2322 4976 erat,
2349 4925 2601 4981 sagenam
2631 4918 2896 4973 tractabat
2933 4927 2989 4975 et
3031 4922 3339 4990 piscabatur
3373 4934 3493 4993 post
3523 4942 3772 4985 resurre-

2183 5004 2417 5057 ctionem
2448 5003 2681 5061 Domini.
2713 5008 2915 5079 Ecquid
2957 5010 3080 5067 dico
3122 5012 3385 5067 Petrum?
3417 5013 3617 5073 Paulus
3657 5019 3772 5088 ipse

2182 5102 2306 5163 post
2336 5108 2554 5150 emensa
2600 5106 2747 5153 tanta
2779 5109 3041 5154 terrarum
3084 5101 3277 5171 spatia,
3324 5112 3448 5175 post
3501 5114 3581 5163 tot
3628 5108 3770 5165 edita

2183 5183 2460 5252 miracula,
2497 5187 2552 5242 in
2589 5191 2943 5245 tentoriorum
2970 5190 3187 5253 ofﬁcina
3228 5203 3399 5263 stans,
3436 5198 3607 5269 pelles
3643 5214 3773 5256 con-

2182 5278 2389 5344 suebat,
2420 5288 2475 5334 et
2502 5281 2891 5337 reverebantur
2912 5296 3035 5336 eum
3065 5286 3238 5356 angeli
3259 5296 3314 5345 et
3337 5298 3635 5347 trementes
3657 5289 3769 5344 da:-

2182 5382 2370 5424 mones
2392 5368 2753 5426 formidabant
2786 5388 2800 5425 :
2830 5386 2932 5427 nec
2960 5372 3193 5443 pudebat
3212 5377 3394 5436 dicere
3422 5397 3439 5435 :
3473 5378 3767 5433 Necessita-

2181 5461 2310 5515 tibas
2353 5478 2495 5529 mets,
2544 5471 2594 5517 et
2635 5464 2701 5517 iis
2737 5464 2826 5533 qui
2873 5481 3071 5522 mecum
3119 5479 3298 5537 erant,
3354 5471 3766 5526 ministrareruttt

2180 5569 2359 5612 manus
2384 5558 2495 5613 ista
2528 5557 2664 5629 (Act.
2692 5557 2782 5613 20.
2824 5560 2939 5632 δι).
2980 5562 3186 5637 Ecquid
3217 5566 3360 5633 dico,
3398 5580 3504 5621 non
3535 5565 3767 5636 pudebat

2179 5650 2343 5705 eum?
2372 5651 2430 5706 In
2472 5651 2576 5707 hoc
2603 5657 2753 5708 certe
2789 5652 2883 5709 ille
2910 5656 3262 5728 gloriaba'ur.
3303 5657 3500 5731 Ecquis
3538 5669 3643 5725 est,
3681 5659 3766 5713 in-

2178 5742 2354 5813 quies,
2385 5756 2531 5799 nnnc
2570 5740 2737 5800 Paulo
2760 5744 2957 5805 virtute
3005 5749 3142 5821 par?
3166 5749 3294 5807 Scio
3329 5758 3386 5807 et
3420 5764 3520 5824 ego
3558 5749 3763 5807 nullum
