4084 6328
552 377 632 436 δέ,
668 373 876 437 δίκαιος
910 372 977 427 ἀν
1006 372 1091 443 εἴη
1125 372 1409 441 τιμᾶσθαι.
1441 371 1553 424 Καὶ
1584 368 1695 439 γάρ
1731 370 1780 421 εἰ
1817 368 2128 440 στρατηγοῦ

554 459 648 512 καὶ
695 455 1027 529 στρατιώτου
1080 455 1239 526 ψιλοῦ
1280 456 1745 525 παραγενομένων
1782 452 2131 523 ἀμφοτέρων,

557 540 768 609 βασιλεῖ
779 540 949 610 φίλων
961 540 1153 601 ὄντων,
1170 541 1233 591 σὺ
1252 539 1349 608 τὴν
1360 536 1540 589 οἰκίαν
1563 536 1845 607 ἑκατέροις
1865 536 2131 605 ἀνέῳξας,

553 625 641 678 διὰ
678 625 824 687 τίνος
866 625 1066 693 μᾶλλον
1100 622 1284 686 ἐδοξας
1308 621 1374 674 ἂν
1398 621 1493 673 τὸν
1530 618 1753 689 βασιλέα
1791 621 1990 690 τιμᾷνς
2029 619 2135 673 Εὗ-

554 708 711 780 δηλον
741 706 929 761 ὅτιδιά
962 706 1057 761 τοῦ
1083 702 1437 777 στρατιώτου.
1474 704 1533 756 ’0
1570 703 1670 775 μὲν
1692 704 1803 773 γὰρ
1827 704 2135 775 στρατηγὸς

554 788 689 862 εἶχε,
704 791 923 862 καὶτῆς
945 790 1041 843 τοῦ
1070 789 1335 859 βασιλέως
1356 789 1542 859 φιλίας
1564 788 1755 859 χωρὶς,
1784 787 2138 844 πολλάὼιανά

554 876 744 927 πεῖσαι
766 872 970 943 ταύτην
994 874 1295 942 παρασχεῖν
1318 871 1467 942 αὑτῷ
1492 872 1591 942 τὴν
1617 872 1785 942 τιμήν
1804 887 1817 900 ·
1840 873 1867 925 ό
1882 871 1939 924 δέ
1966 888 2135 942 στρα-

554 973 756 1026 τιωτης
780 956 932 1010 οὐδὲν
962 957 1167 1028 ἕτερον,
1200 957 1233 1027 ἢ
1260 956 1359 1025 τὴν
1385 954 1477 1008 τοῦ
1510 954 1776 1024 βασιλέως
1801 954 2006 1024 φιλίαν.
2037 954 2137 1007 Διά

555 1039 713 1091 τοῦτο
742 1040 836 1092 καί
862 1040 1068 1109 χωλοὺς
1098 1040 1193 1093 καὶ
1223 1038 1543 1108 ἀναπήρους
1572 1037 1668 1090 καὶ
1694 1039 1821 1101 τοὺς
1850 1038 1951 1090 οὐκ
1985 1036 2136 1107 ἔχον-

555 1140 654 1186 τας
676 1121 1001 1187 ἀντιδοῦναι,
1033 1121 1317 1175 καλεῖσθαι
1345 1121 1438 1173 ἐπὶ
1464 1120 1533 1174 τά
1559 1120 1751 1175 δεῖπνα
1775 1120 1870 1174 καὶ
1899 1120 1966 1174 τὰ
1996 1134 2137 1188 cup-

557 1208 723 1261 πόσια
744 1206 905 1277 ἡμῶν
925 1205 1213 1258 ἐκέλευσεν
1238 1205 1268 1256 ό
1294 1204 1448 1267 Θεὸς,
1473 1204 1555 1256 ὅτι
1581 1199 1743 1257 αὗται
1772 1202 2008 1273 μάλιστα
2035 1221 2138 1256 κυ-

560 1291 691 1363 ρίως
734 1290 874 1344 εἰσὶν
909 1289 966 1341 αἰ
998 1287 1087 1341 διά
1119 1288 1213 1340 τὸν
1245 1287 1378 1339 Θεὸν
1412 1287 1699 1357 γινόμεναι
1736 1287 1999 1340 εὑποιίαι.
2040 1288 2138 1342 Ἀν

556 1376 613 1428 δὲ
641 1373 813 1443 μέγαν
834 1372 956 1426 τινὰ
976 1370 1073 1424 καὶ
1095 1369 1457 1441 περίϐλεπτον
1479 1369 1718 1439 ξενίσης,
1742 1370 1841 1439 οὑχ
1869 1370 2012 1423 οὕτω
2039 1388 2137 1425 κα-

558 1456 701 1527 Θαρὰ
741 1454 1082 1525 ἐλεημοσύνη
1127 1451 1190 1503 τὸ
1230 1452 1537 1521 γινόμενον
1577 1449 1715 1505 ἀλλὰ
1759 1451 2044 1523 μερίζεται
2084 1470 2140 1505 τι

554 1541 700 1608 πρὸς
745 1539 805 1591 σέ
836 1538 932 1590 καὶ
960 1534 1235 1598 κενοδοξία
1280 1533 1572 1597 πολλάκις,
1619 1534 1715 1587 καὶ
1758 1534 1819 1587 τὸ
1848 1535 2043 1589 παθεῖν
2074 1531 2137 1589 εὖ

558 1621 654 1675 καὶ
683 1620 1084 1692 ἐπισημότερον
1113 1617 1326 1680 πολλοῖς
1354 1618 1421 1671 δι’
1453 1617 1663 1671 ἐκεῖνον
1693 1618 1963 1685 γίνεσθαι.
2002 1618 2140 1671 Πολ-

558 1705 684 1769 λοὺς
712 1703 844 1772 γοῦν
874 1703 1051 1774 ἔχοιμι
1078 1701 1142 1755 ἂν
1170 1700 1434 1766 ἐπιδεῖξαι
1458 1699 1552 1752 καὶ
1575 1698 1662 1752 διὰ
1684 1698 1841 1753 τοῦτο
1865 1699 1994 1763 τοὺς
2019 1703 2142 1753 ἐπι-

562 1791 899 1860 σημοτέρους
925 1787 1035 1841 τῶν
1070 1787 1241 1851 ἁγίων
1280 1782 1709 1855 θεραπεύοντας,
1742 1784 1830 1836 ινα
1860 1784 1957 1836 καὶ
1990 1784 2143 1855 παρά

560 1875 786 1944 ἄρχουσι
809 1872 1053 1934 πλείονος
1072 1870 1139 1923 δι’
1170 1869 1394 1922 ἐκείνων
1420 1866 1778 1921 ἀπολαύσωσι
1802 1868 2140 1939 παρρησίας,

561 1958 654 2011 καὶ
684 1958 797 2020 τοῖς
837 1955 1016 2009 αὐτῶν
1051 1954 1342 2024 πράγμασι
1384 1952 1480 2006 καὶ
1510 1953 1634 2015 ταῖς
1663 1951 1865 2014 οἰκίαις
1893 1949 2143 2007 ἐντεῦθεν

561 2040 969 2112 χρησιμώτεροι
1008 2036 1291 2107 γίνωνται·
1335 2034 1432 2089 καὶ
1478 2033 1679 2098 πολλὰς
1730 2032 1989 2098 τοιαύτας
2018 2036 2147 2098 τοὺς

564 2123 751 2190 ἁγίους
780 2122 1023 2185 ἐκείνους
1053 2118 1347 2174 ἀπαιτοῦσι
1378 2116 1631 2188 χάριτας·
1661 2118 1800 2189 ὅπερ
1834 2118 2019 2181 αὐτοῖς
2048 2117 2145 2171 λυ·

566 2206 816 2273 μαίνεται
844 2206 941 2273 τῆς
987 2202 1294 2273 φιλοξενίας
1327 2199 1425 2265 τὴν
1472 2199 1739 2253 ἀντίδοσιν
1762 2239 1777 2263 ,
1803 2200 1932 2254 ὅταν
1972 2199 2147 2269 αὑτὴν

1229 256 1285 309 S.
1324 249 1611 310 JOANNIS
1648 247 2135 308 CHRYSOSTOIII
2176 247 2500 304 ARCHIEP.
2540 247 3100 305 CONSTANTINOP.

3711 255 3737 309 Ι
3750 257 3821 310 ’ῖο

2234 369 2429 440 γνώμῃ
2452 366 2679 440 τοιαύτῃ
2712 366 2963 435 μετίωσι.
2989 365 3103 420 Καὶ
3127 366 3179 419 τί
3204 364 3311 438 χρὴ
3338 366 3523 435 λέγειν
3553 371 3688 438 περὶ
3718 370 3833 423 τῶν

2233 451 2406 518 ἁγίων
2446 449 2647 516 τοῦτο;
2691 449 2753 501 '0
2794 448 2905 519 7&9
2938 448 3092 519 παρά
3124 448 3219 502 τοῦ
3270 448 3407 503 Θεοῦ
3452 450 3555 510 τὰς
3588 451 3833 521 ἀμοιϐὰς

2236 533 2346 587 τῶν
2375 532 2554 586 πόνων
2586 531 2825 586 ἐνταῦθα
2850 531 3056 602 ζητῶν,
3086 531 3185 585 καὶ
3209 532 3302 586 διά
3325 533 3397 585 τά
3424 534 3675 605 παρόντα
3706 551 3838 605 μετ-

2239 616 2333 668 ιὼν
2360 616 2597 687 ἀρετὴν,
2618 616 2938 685 ἠλάττωσεν
2964 613 3135 669 αὑτοῦ
3169 614 3263 669 τὸν
3306 615 3501 685 μισθόν
3520 634 3535 647 ·
3564 619 3593 671 δ
3616 619 3677 671 δὲ
3717 618 3842 671 ὀλο-

2236 699 2472 770 κλήρους
2496 698 2747 752 ἀπαιτῶν
2795 700 2914 752 ἐκεῖ
2960 698 3089 762 τοὺς
3125 700 3463 768 στεφάνους,
3512 701 3652 756 πολὺ
3705 703 3845 755 θαυ-

2239 785 2577 854 μαστότερος
2613 784 2889 852 φαίνεται,
2923 783 3067 838 κατά
3093 782 3189 837 τὸν
3218 782 3470 855 Λάζαρον
3498 785 3715 839 ἐκεῖνον
3741 784 3844 839 τὸν

2238 867 2419 922 πάντα
2478 868 2596 921 ἐκεῖ
2646 866 3113 937 ἀπολαμϐάνοντα
3153 865 3225 920 τά
3261 866 3480 935 ἀγαθά,
3527 870 3672 923 κατά
3708 870 3845 932 τοὺς

2239 951 2433 1015 παῖδας
2457 952 2587 1014 τοὺς
2617 952 2791 1022 τρεῖς,
2833 951 2883 1004 οἰ
2922 951 3211 1021 μέλλοντες
3236 951 3317 1015 εἰς
3349 950 3450 1020 τὴν
3473 951 3710 1021 κάμινον
3732 953 3843 1021 ἐμ-

2239 1036 2482 1097 πίπτειν,
2514 1034 2725 1104 ἔλεγον,
2749 1035 2833 1088 ὃτι
2862 1033 3039 1088 Ἔστι
3061 1034 3209 1101 Θεὸς
3230 1034 3300 1088 ἐν
3321 1035 3603 1103 οὐρανοῖς
3627 1036 3848 1101 ἱκανὸς

2238 1117 2556 1181 ἐξελέσθαι
2585 1117 2764 1186 ἡμᾶς·
2799 1118 2899 1172 καὶ
2927 1117 3037 1171 ἐὰν
3062 1118 3152 1186 μὴ
3172 1159 3187 1183 ,
3216 1116 3493 1186 γνωστὸν
3521 1117 3680 1171 ἔστω
3711 1133 3844 1178 σοι,

2234 1200 2525 1264 βασιλεῦ.
2557 1199 2644 1253 ὅτι
2678 1200 2803 1267 τοῖς
2836 1200 2997 1267 θοοῖς
3041 1215 3161 1254 σου
3206 1202 3281 1255 οὐ
3308 1202 3707 1270 λατρεύομεν,
3736 1196 3846 1253 καὶ

2239 1283 2315 1353 τῇ
2338 1285 2529 1337 εἰκόνι
2548 1282 2622 1351 τῇ
2647 1283 2851 1352 χρυσῇ
2876 1280 2917 1357 ᾔ
2933 1284 3226 1353 έοτησας,
3250 1286 3322 1339 οὐ
3344 1272 3842 1352 ἑροσκννοῦμεν

2241 1368 2383 1421 κατά
2424 1366 2516 1421 τὸν
2568 1366 2852 1437 Ἀϐραάμ,
2895 1368 2956 1432 ὃς
2998 1369 3094 1422 καὶ
3141 1369 3390 1439 ἀνήγαγε
3442 1368 3535 1421 τὸν
3581 1367 3701 1420 υἰὸν
3743 1367 3848 1421 καὶ

2242 1450 2480 1519 ἔσφαξε,
2516 1451 2612 1505 καὶ
2649 1448 2824 1503 ταῦτα
2855 1451 2956 1503 οὐκ
3003 1452 3098 1506 ἐπὶ
3150 1451 3330 1522 μισθῷ
3376 1466 3486 1505 τινι
3542 1450 3845 1523 ἔπραττεν,

2242 1533 2381 1588 ἀλλά
2406 1533 2535 1604 μίαν
2562 1531 2869 1603 ἡγούμενος
2889 1532 3153 1603 μεγίστην
3174 1530 3437 1604 ἀμοιϐὴν,
3461 1534 3523 1587 τὸ
3541 1534 3851 1588 ὑπακούειν

2240 1616 2321 1687 τῷ
2357 1614 2624 1687 Δεσπότῃ.
2674 1615 2917 1679 Τούτους
2958 1615 3054 1668 καὶ
3092 1616 3257 1684 ἡμεῖς
3312 1616 3635 1687 μιμώμεθα.
3683 1615 3852 1670 Οὕτω

2239 1700 2350 1771 γὰρ
2376 1700 2470 1752 καὶ
2503 1698 2733 1768 δαψιλης
2764 1700 2797 1769 ή
2830 1696 3112 1760 ἀντίδοσις
3142 1700 3277 1767 ἡμῖν
3304 1697 3426 1768 ἥξει
3451 1696 3561 1753 τῶν
3588 1699 3845 1768 ἀγαθῶν.

2241 1782 2325 1834 ὅτι
2361 1779 2500 1850 μετά
2528 1780 2784 1851 τοιαύτης
2830 1781 3049 1835 ἅπαντα
3092 1779 3411 1851 πράττομεν
3451 1780 3726 1851 γνώμης,
3752 1783 3853 1834 καὶ

2242 1863 2649 1935 λαμπροτέρων
2697 1862 3103 1933 ἐπιτευξόμεθα
3156 1866 3468 1933 στεφάνων·
3514 1857 3590 1918 ὧν
3633 1865 3855 1933 γένοιτο

2244 1947 2459 2009 πάντας
2486 1947 2635 2018 ἡμᾶς
2656 1949 2962 2017 ἐπιτυχεῖν,
2986 1946 3175 2018 χάριτι
3204 1950 3301 2001 καὶ
3331 1946 3524 2016 φιλανθ
3536 1947 3724 2018 ρωπίᾳ
3751 1946 3851 1999 τοῦ

2244 2029 2455 2099 Κυρίου
2489 2029 2651 2099 ἡμῶν
2717 2030 2896 2101 Ἰησοῦ
2929 2030 3210 2100 Χριστοῦ,
3268 2031 3388 2102 μεθ’
3431 2023 3493 2085 οὗ
3542 2030 3624 2101 τῷ
3670 2030 3854 2101 lla-:91

2250 2114 2370 2183 ἅμα
2400 2112 2480 2182 τῷ
2513 2114 2655 2185 ἀγίῳ
2686 2112 2970 2183 Πνεύματι
2994 2112 3142 2179 δόξα,
3173 2114 3399 2185 κράτος,
3427 2114 3595 2185 τιμὴ,
3633 2112 3734 2169 νῦν
3757 2112 3855 2167 καὶ

2250 2196 2361 2261 ἀεὶ,
2398 2196 2493 2249 καὶ
2519 2197 2603 2261 εἰς
2626 2196 2755 2261 τοὺς
2784 2194 2988 2260 αἰῶνας
3018 2196 3127 2249 τῶν
3155 2196 3391 2252 αἰώνων.
3428 2197 3627 2267 ’Δμήν.

1978 2405 2130 2481 [179]
2166 2409 2411 2465 OMI’AIA
2446 2412 2589 2466 κεν.

570 2506 692 2559 Οὐκ
734 2504 851 2574 εἰμί
894 2503 1271 2574 ἁπόστοῇλοςί
1311 2504 1428 2574 οὐκ
1470 2502 1980 2574 εἰμίγὲνζεύθεροα
2012 2503 2149 2572 οὺχί

650 2570 893 2641 Ἰησοῦν
917 2572 1183 2641 Χριστὸν
1204 2572 1313 2641 τὸν
1350 2570 1569 2640 Κύριον
1585 2570 1755 2641 ἡμῶν
1780 2571 2012 2641 ἑώρακα
2025 2590 2045 2638 ;
2076 2570 2148 2627 οὖ

642 2640 917 2712 τὸέργον
941 2640 1062 2712 μου
1096 2640 1266 2711 ὑμεῖς
1292 2641 1434 2697 ἐστε
1456 2642 1526 2696 έν
1548 2640 1782 2710 Κύρίῳς

647 2762 717 2810 α’.
737 2752 955 2824 Ἐπειδὴ
980 2747 1151 2818 εῖπεν,
1168 2751 1250 2805 ὅτι
1278 2752 1416 2806 Ἐὰν
1434 2751 1645 2822 ,βρῶμα
1661 2752 2028 2827 σκανδαλίῲ
2046 2756 2154 2809 τὸν

568 2838 839 2906 ἀδελφόν
875 2854 1018 2907 μου,
1051 2837 1123 2890 οὐ
1152 2835 1238 2904 μὴ
1270 2833 1438 2904 φάγω
1479 2832 1623 2903 κρέα
1655 2837 1741 2901 είς
1791 2835 1900 2891 τὸν
1943 2836 2148 2903 αἰῶνα,

569 2924 707 2993 ὅπερ
725 2935 751 2962 ι
769 2920 868 2974 οὐκ
895 2915 964 2989 ἦν
996 2919 1094 2990 μὲν
1127 2915 1470 2989 πεποιηκὼς,
1489 2917 1760 2989 ὑπέσχετο
1789 2919 1847 2971 δέ
1878 2921 2157 2990 ποιήσειν,

571 3006 621 3058 εἰ
655 3002 813 3075 χρεία
845 3002 1136 3069 άπαιτοίτγ
1171 3002 1259 3054 ῖνα
1293 3001 1367 3072 μή
1399 3018 1481 3065 τις
1514 3000 1670 3072 λέγῃ,
1702 3001 1785 3054 ὅτι
1830 3002 2155 3071 Κομπάζεις

571 3089 719 3158 εἰκῆ,
754 3088 848 3142 καὶ
886 3085 1201 3157 φιλοσοφεῖς
1226 3085 1284 3136 ἐν
1312 3084 1521 3153 λόγοις,
1550 3084 1647 3137 καὶ
1673 3084 1907 3157 ὑπισχνῇ
1943 3086 2032 3140 διὰ
2059 3088 2159 3159 ρη-

575 3169 839 3244 μάτων,’δ
864 3170 958 3225 καὶ
989 3169 1114 3239 ἐμοὶ
1141 3168 1237 3225 καὶ
1264 3167 1344 3238 τῷ
1379 3167 1513 3221 δεῖνι
1554 3166 1775 3222 εὔκολον
1797 3181 1813 3196 ’
1840 3170 1889 3223 εἰ
1915 3169 2023 3243 γὰρ
2049 3171 2156 3225 ἀπὸ

572 3256 752 3327 ψυχῆς
805 3251 979 3307 ταῦτα
1025 3252 1228 3321 λέγεις,
1274 3250 1446 3315 δεῖξον
1488 3250 1577 3304 διὰ
1627 3250 1736 3305 τῶν
1782 3252 1962 3323 ἔργων
2012 3255 2157 3319 τίνος

573 3336 989 3409 κατεφρόνησας
1018 3335 1162 3406 ὑπὲρ
1184 3333 1278 3388 τοῦ
1310 3335 1384 3404 μὴ
1416 3333 1766 3389 σκανδαλίσαι
1791 3336 1883 3390 τὸν
1905 3337 2153 3409 ἀδελφόν·

573 3421 661 3475 διὰ
690 3414 848 3474 τοῦτο
878 3417 1250 3487 ἀναγκάζεται
1275 3416 1462 3469 λοιπὸν
1484 3419 1563 3480 εἰς
1591 3419 1689 3487 τὴν
1718 3419 1995 3486 ἀπόδειξιν
2035 3422 2158 3475 τού-

574 3521 683 3557 των
705 3503 973 3568 καθεῖναι,
999 3502 1094 3555 καὶ
1118 3500 1290 3566 δεῖξαι
1323 3500 1439 3563 πῶς
1466 3501 1562 3555 καὶ
1594 3499 1704 3555 τῶν
1727 3516 1790 3557 συ
1802 3506 2159 3577 γκεχωρημέ..

576 3600 683 3640 νων
722 3584 981 3656 ἀπείχετο
1022 3584 1162 3656 ὑπὲρ
1206 3581 1301 3636 τοῦ
1331 3582 1405 3655 μὴ
1440 3584 1826 3642 σκανδαλίσαι.
1874 3588 2052 3643 καίτοι
2093 3608 2157 3660 γε

577 3669 789 3733 οὐδενὸς
822 3669 985 3721 αὑτὸν
1012 3666 1171 3721 τοῦτο
1197 3668 1709 3737 καταναγκάζοντος
1739 3671 1927 3741 νόμου.
1957 3674 2065 3729 Καὶ
2096 3673 2159 3727 οὑ

578 3748 737 3803 τοῦτό
758 3767 845 3801 πω
876 3749 1211 3817 θαυμαστὸν,
1239 3750 1444 3819 καίπερ
1469 3750 1527 3802 ὂν
1557 3751 1873 3820 θαυμαστὸν
1892 3792 1907 3815 ,
1934 3754 2016 3807 ὅτι
2047 3750 2156 3809 τῶν

583 3829 1090 3900 συγκεχωρημένων
1138 3829 1417 3898 ἀπείχετο,
1465 3830 1525 3881 οὑ
1553 3831 1723 3899 ,μόνον
1766 3832 1907 3903 ὑπὲρ
1944 3830 2039 3886 τοῦ
2075 3835 2159 3904 ,μὴ

582 3912 955 3975 σκανδαλίσαι,
985 3910 1098 3965 ἀλλ’
1121 3912 1205 3964 ὅτι
1229 3914 1323 3964 καὶ
1352 3910 1492 3983 μετά
1522 3913 1717 3967 πολλοῦ
1746 3915 1839 3969 τοῦ
1875 3916 2040 3969 πόνου
2064 3918 2160 3971 καὶ

579 3999 674 4052 τοῦ
707 3996 954 4051 κινδύνου
983 3993 1141 4049 τοῦτο
1170 3996 1369 4049 ἐποίει.
1407 3995 1473 4049 Τί
1499 3996 1606 4070 γὰρ
1625 3996 1653 4037 δ
1686 3999 1794 4070 χρὴ
1824 3999 2003 4070 λέγειν
2033 4002 2161 4073 περὶ

579 4082 691 4136 τῶν
714 4078 1081 4134 εἰδωλοθύτων
1106 4095 1120 4143 ;
1152 4079 1305 4150 φησί’
1332 4077 1439 4133 Τοῦ
1467 4079 1577 4153 γὰρ
1600 4080 1837 4153 Χριστοῦ
1868 4082 2162 4152 ἐπιτάξαν-

583 4182 672 4227 τος
708 4165 835 4226 τοὺς
872 4163 929 4215 τὸ
960 4161 1295 4229 Εὑαγγέλιον
1332 4162 1698 4232 κηρύττοντας
1743 4168 1807 4221 ἐκ
1834 4164 1943 4222 τῶν
1985 4169 2161 4243 μαθη-

581 4246 887 4315 τευομένων
910 4246 1030 4316 ζῇν,
1056 4244 1165 4314 ἐγὼ
1192 4244 1350 4296 τοῦτο
1373 4246 1474 4298 οὐκ
1500 4248 1753 4317 ἐποίησα’
1780 4250 1895 4303 ἀλλ’
1914 4253 2157 4325 εἱλόμην,

583 4328 637 4382 εἰ
655 4327 781 4392 δέοι,
815 4330 908 4382 καὶ
936 4327 1079 4400 λιμῷ
1109 4326 1413 4381 καταλῦσαι
1444 4326 1537 4381 τὸν
1574 4329 1709 4400 βίον,
1744 4332 1839 4384 καὶ
1872 4334 1961 4387 τὸν
1997 4337 2159 4405 χαλε-

584 4410 834 4467 πώτατον
868 4410 1096 4465 θάνατον
1138 4411 1451 4477 ἀποθανεῖν,
1495 4411 1636 4466 ὥστε
1679 4412 1755 4484 μὴ
1787 4412 1970 4468 λαϐεῖν
2013 4418 2164 4489 παρά

584 4493 694 4549 τῶν
713 4488 1159 4563 κατηχουμένων·
1190 4494 1289 4547 οὐκ
1313 4496 1501 4566 ἐπειδὴ
1530 4496 1977 4562 σκανδαλίζεσθαι
2005 4488 2165 4568 ἐμελ-

586 4579 696 4637 λον,
731 4578 779 4629 εἰ
818 4575 891 4647 μὴ
926 4573 1099 4637 λάϐοι,
1126 4576 1239 4626 ἀλλ’
1263 4578 1454 4648 ἐπειδὴ
1472 4579 1893 4651 οἰκοδομεῖσθαι,
1927 4581 1955 4634 ὃ
1982 4581 2164 4653 πολλῷ

589 4660 749 4712 πλέον
798 4655 886 4730 ῆν.
924 4656 1036 4711 και
1076 4656 1268 4737 τούτου
1316 4660 1598 4730 μάρτυρας
1640 4665 1838 4729 αὐτοὺς
1873 4668 1953 4729 είς
2000 4667 2165 4737 μέσον

590 4744 852 4823 παράγει,
906 4740 1037 4813 παρ’
1084 4736 1163 4804 οἷς
1208 4741 1303 4794 καὶ
1350 4743 1719 4814 ἐργαζόμενος
1756 4751 1849 4802 καὶ
1880 4736 2165 4823 λιμώττων

587 4822 707 4893 ἔζη,
868 4826 998 4895 παρ’
1028 4825 1242 4908 ἐτέρωνῄ
1271 4826 1624 4896 τρεφόμενος,
1662 4829 1757 4882 καὶ
1802 4822 2167 4908 στενοχωρού-

590 4924 774 4979 μενος,
812 4904 952 4991 ῶστε
982 4906 1058 4977 μὴ
1094 4906 1456 4991 σκανδαλίσαι
1480 4909 1696 4974 αὐτούς·
1730 4915 1909 4969 καίτοι
1937 4904 2002 4985 γε
2041 4904 2164 4991 εἰκῆ

587 4986 1053 5055 ἐσκανδαλίζοντο’
1076 4989 1241 5074 νόμον
1265 4991 1375 5064 γάρ
1401 4986 1553 5058 οὗτος
1579 4992 1817 5066 ἐπλήρου
1838 5014 1850 5027 ·
1878 5000 1992 5053 ἀλλ’
2016 4986 2166 5074 ὅμως

587 5076 654 5158 ἐκ
683 5074 998 5158 περιουσίας
1028 5072 1208 5158 αὐτῶν
1239 5075 1501 5158 ἐφείδετο.
1530 5078 1593 5131 Εἰ
1627 5078 1683 5131 δέ
1712 5080 1852 5151 ὑπὲρ
1880 5084 1971 5136 τὸν
2003 5072 2167 5158 νόμον

584 5156 849 5237 ,ἐποίησεν
877 5156 1059 5220 αὐτὸς,
1088 5155 1176 5211 ἵνα
1204 5155 1282 5228 μὴ
1311 5158 1761 5227 σκανδαλισθῶσι,
1789 5164 1884 5217 καὶ
1909 5166 2015 5221 τῶν
2044 5155 2169 5222 ἐπι-

591 5239 985 5321 τετραμμένων
1020 5239 1283 5321 ἀπείχετο
1310 5243 1390 5306 εἰς
1424 5243 1713 5317 οἰκοδομὴν
1747 5248 1984 5321 ἐτέρων,
2023 5254 2169 5319 τίνος

588 5320 656 5373 ἂν
686 5318 797 5375 εἷεν
828 5320 967 5408 ἄξιοι
990 5319 1133 5408 οῦτοι
1157 5324 1213 5408 ,οἱ
1245 5324 1354 5377 τῶν
1383 5324 1747 5384 εἰδωλοθύτων
1781 5318 1857 5404 μῆ
1891 5318 2168 5408 ἀπεχόμεῤ

588 5422 691 5467 νοι,
728 5407 825 5460 καὶ
851 5404 1023 5459 ταῦτα
1054 5406 1265 5461 πολλῶν
1291 5408 1541 5464 ἐντεῦθεν
1572 5413 1980 5488 ἀπολλυμένων,
2001 5404 2040 5473 -δ
2070 5404 2169 5478 καὶ

590 5487 759 5558 χωρὶς
785 5487 878 5541 τοῦ
920 5488 1220 5545 σκανδάλου
1254 5496 1445 5563 φυγεῖν
1478 5494 1585 5549 ἔδει
1614 5496 1703 5553 διά
1745 5487 1807 5555 τδ
1838 5500 1945 5555 τῶν
1980 5503 2172 5577 δαιμόο

652 5620 1101 5703 ἒίιξγέξξ-οςορ.
1118 5625 1175 5675 In
1197 5627 1354 5703 ξάίιίε
1384 5630 1498 5703 ὅπερ
1516 5631 1677 5703 ῥοθεῖ.
1725 5634 1873 5703 ,δια
1889 5636 2010 5703 Reg.
2036 5641 2166 5692 Editi

594 5692 727 5761 νοτε),
743 5686 975 5758 “instiget?
993 5686 1111 5750 ὑπὲρ
1142 5688 1228 5761 τοῦ
1255 5692 1319 5761 μή
1349 5686 1694 5761 σκανδαλίσαι·Δ
1717 5686 1823 5747 ἀλλ’
1849 5686 1925 5748 δτι
1942 5686 2167 5760 Eii—“EE

593 5743 769 5794 πολλοῦ
802 5743 893 5797 τοῦ
910 5747 1055 5797 πόνου
1076 5743 1156 5797 καὶ
1197 5743 1282 5800 τοῦ
1305 5743 1531 5804 κινδύνου.
1559 5756 1615 5805 Τί
1640 5743 1742 5821 γάρ.

2250 2523 2358 2559 νων
2379 2500 2519 2560 εἶναι
2546 2507 2647 2577 τὴν
2674 2505 2957 2577 τράπεζαν
2981 2523 2996 2573 ;
3024 2507 3098 2561 Τὸ
3128 2505 3229 2577 μὲν
3252 2501 3347 2561 οῦν
3373 2506 3672 2575 κεφάλαιον
3698 2507 3853 2563 ἅπαν

2250 2589 2410 2643 τοῦτό
2442 2591 2612 2654 ἐστιν,
2644 2590 2672 2643 ὃ
2700 2589 2790 2644 διὰ
2820 2590 3034 2645 πολλῶν
3067 2590 3365 2662 ἐργάζεται
3409 2591 3628 2661 στίχων.
3664 2595 3763 2645 Δεῖ
3786 2593 3849 2646 δέ

2252 2672 2461 2726 ἀνωθεν
2492 2671 2808 2737 ἐπεξελθεῖν
2840 2677 2955 2737 τοῖς
2988 2674 3394 2746 προκειμένοις.
3430 2675 3567 2728 Ούδέ
3598 2674 3709 2745 7&9
3745 2693 3850 2728 σα-

2253 2755 2370 2824 φῶς
2398 2756 2533 2811 αύτὺ
2557 2756 2751 2821 οὕτως,
2777 2757 2969 2828 ὥσπερ
3003 2751 3178 2823 εἷπον,
3199 2757 3466 2823 τέθεικεν,
3490 2756 3612 2809 ούδέ
3637 2756 3852 2821 εὑθέως

2252 2837 2403 2909 αὐτῷ
2423 2839 2689 2910 ἐπιπηδᾷ,
2721 2840 2836 2893 ἀλλ’
2868 2837 3136 2911 ἑτέρωθεν
3159 2839 3450 2911 ἄρχεταιο,
3480 2839 3624 2892 οὑτω
3644 2840 3851 2909 λέγων’

2258 2924 2380 2976 Οὐκ
2409 2921 2526 2991 εῖμί
2551 2923 2938 2989 ἀπόστολος;
2966 2921 3121 2976 Μετά
3146 2923 3256 2993 γὰρ
3286 2922 3396 2975 τῶν
3422 2920 3734 2993 εἰρημένων
3756 2922 3856 2976 καὶ

2254 3002 2397 3078 αὕτη
2441 3006 2503 3059 ού
2543 3005 2721 3076 μικρά
2751 3005 3019 3077 διαφορὰ,
3049 3005 3115 3059 τὸ
3156 3005 3254 3059 καὶ
3303 3004 3519 3060 Παῦλον
3566 3000 3709 3059 εἶναι
3757 3006 3856 3059 τὸν

2255 3086 2429 3140 ταῦτα
2463 3088 2741 3143 ποιοῦντα.
2766 3090 2886 3143 Ἵνα
2918 3088 3028 3161 7&9
3060 3087 3136 3159 μὴ
3164 3087 3401 3157 λέγωσιν
3422 3129 3437 3154 ,
3466 3089 3549 3141 ὅτι
3595 3088 3855 3151 Ἔξεστιν

2216 3190 2225 3198 ·
2257 3169 2632 3240 ἀπογεύεσθαι
2660 3170 3041 3242 σφραγιζοντι,
3063 3170 3201 3234 τέως
3223 3170 3323 3239 μὲν
3344 3171 3445 3241 οὐχ
3472 3170 3689 3223 ἵσταται
3712 3171 3860 3241 πρὸς

2256 3253 2436 3318 τοῦτο,
2468 3254 2607 3308 ἀλλά
2636 3254 2809 3324 λέγει,
2846 3256 2930 3309 ὅτι
2968 3256 3033 3308 Εἰ
3067 3255 3162 3309 καὶ
3183 3254 3332 3325 ἐξῆν,
3369 3255 3472 3308 οὐκ
3502 3250 3609 3307 ἔδει
3637 3252 3728 3308 διὰ
3753 3256 3860 3326 τὴν

2262 3335 2470 3409 βλάϐην
2496 3338 2607 3392 τῶν
2637 3338 2885 3408 ἀδελφῶν
2908 3336 3067 3390 τοῦτο
3094 3338 3289 3390 ποιεῖν’
3314 3336 3541 3408 ὕστερον
3564 3336 3621 3390 δέ
3644 3337 3863 3393 δείκνυ-

2262 3438 2345 3473 σιν
2392 3421 2475 3473 δτι
2508 3421 2632 3474 οὐδὲ
2680 3421 2882 3485 ἔξεστι.
2917 3419 3036 3473 Νῦν
3071 3420 3257 3492 μέντοι
3291 3420 3353 3473 τὸ
3382 3420 3646 3491 πρότερον
3681 3438 3862 3476 κατα·

2262 3503 2516 3569 σκευάζει
2540 3503 2649 3557 ἀπὸ
2676 3502 2785 3565 τῶν
2806 3502 2933 3558 καθ’
2954 3503 3169 3558 ἐαυτόν·
3190 3502 3285 3558 καὶ
3307 3502 3517 3575 μέλλων
3541 3504 3747 3573 λέγειν,
3774 3507 3862 3560 ἂτι

2259 3586 2411 3641 οὐδὲν
2462 3588 2593 3659 παρ’
2633 3587 2813 3641 αὐτῶν
2866 3585 3016 3661 [180]
3060 3584 3275 3655 ἔλαϐεν,
3324 3589 3426 3641 οὐκ
3469 3587 3675 3650 εὐθέως
3722 3589 3866 3641 αὑτδ

2259 3670 2496 3739 τίθησιν,
2529 3671 2668 3725 ἀλλά
2694 3670 2759 3724 τὸ
2800 3670 3021 3742 ἀξίωμα
3058 3669 3225 3723 αὑτοῦ
3262 3670 3480 3743 πρῶτον
3510 3671 3695 3737 λέγει·
3735 3674 3865 3724 Οὐκ

2267 3755 2383 3822 εἰμί
2411 3756 2758 3819 ἀπόστολος
2774 3769 2793 3816 ;
2817 3755 2929 3806 οὐκ
2958 3753 3075 3820 εἰμὶ
3097 3753 3453 3818 ἐλεύθερος
3487 3751 3607 3803 Ἵνα
3639 3751 3752 3821 γὰρ
3784 3752 3864 3820 μὴ

2265 3834 2499 3901 λέγωσιν
2519 3873 2535 3897 ,
2567 3835 2650 3885 ὃτι
2686 3835 2752 3885 Εἰ
2799 3834 2894 3886 καὶ
2935 3834 3009 3901 μὴ
3043 3832 3257 3896 ἔλαϐες,
3286 3832 3480 3901 ἐπειδὴ
3507 3831 3626 3895 ἐξὸν
3661 3833 3739 3903 μὴ
3768 3829 3863 3905 ἦν,

2267 3916 2369 3968 οὑκ
2397 3914 2610 3977 ἔλαϐες,
2645 3913 2735 3967 διὰ
2756 3913 2919 3966 τοῦτο
2945 3911 3161 3983 πρῶτον
3188 3912 3373 3984 τίθησι
3408 3913 3511 3977 τὰς
3545 3914 3729 3979 αἰτίας
3752 3956 3769 3981 ,
3795 3917 3865 3970 δι’

2268 3997 2334 4063 ἃς
2364 3996 2601 4065 εὐλόγως
2625 3996 2691 4050 ἂν
2721 3995 2935 4061 ἐλαϐεν,
2965 3996 3126 4069 είπερ
3160 3996 3414 4051 ἐϐούλετο
3437 3996 3642 4053 λαϐεῖν.

2340 4077 2475 4136 Εἶτα
2492 4081 2578 4134 ἵνα
2602 4081 2676 4152 μὴ
2697 4080 2823 4154 δόξῃ
2844 4081 2969 4146 τοὺς
2993 4098 3057 4134 πε
3067 4081 3119 4153 ρὶ
3142 4081 3350 4155 Πέτρον
3364 4081 3671 4137 διαϐάλλων
3687 4082 3866 4139 ταῦτα

2269 4167 2449 4236 λέγειν
2474 4168 2491 4238 (
2513 4166 2608 4221 καὶ
2632 4166 2742 4238 7&9
2756 4164 3075 4238 ἐλάμϐανον
3099 4167 3344 4238 ἐκεῖνοι),
3363 4166 3628 4240 πρότερον
3649 4166 3867 4221 δείκνυ-

2272 4270 2376 4316 σιν,
2404 4251 2455 4304 τί
2479 4247 2607 4321 ἐξῆν
2632 4251 2864 4313 ἐκείνοις
2890 4248 3213 4321 λαμϐάνεινο
3238 4245 3358 4303 εἶτα
3386 4251 3473 4304 ἵνα
3502 4253 3576 4321 μή
3598 4268 3682 4315 τις
3703 4252 3861 4322 εἴπῃ,

2268 4336 2350 4388 ὅτι
2384 4334 2578 4404 Πέτρῳ
2608 4333 2706 4403 μέν
2733 4332 2860 4402 ἐξῆν
2885 4330 3209 4402 λαμϐάνειν,
3234 4332 3318 4385 σοὶ
3344 4332 3402 4385 δέ
3420 4334 3523 4387 οὑκ
3549 4333 3695 4403 ἐξῆν,
3721 4348 3865 4401 προ-

2270 4415 2685 4487 καταλαμϐάνει
2708 4415 2799 4468 τὸν
2820 4414 3099 4488 ἀκροατὴν
3119 4417 3233 4477 τοῖς
3261 4417 3561 4486 ἐγκωμίοις
3591 4418 3704 4480 τοῖς
3729 4418 3865 4488 περὶ

2272 4501 2486 4556 ἐαυτοῦ.
2518 4502 2631 4555 Καὶ
2649 4500 2790 4572 ὁρῶν
2816 4500 3067 4572 ἀνάγκην
3092 4494 3261 4553 οὖσαν
3287 4500 3483 4553 ἐαυτὸν
3509 4501 3862 4569 ἐγκωμιάσαι

2274 4583 2291 4650 (
2313 4582 2456 4636 οὕτω
2500 4584 2609 4654 γάρ
2646 4584 2927 4654 Κορίνθιοι
2958 4579 3345 4656 διωρθοῦντο),
3384 4582 3481 4636 καὶ
3523 4582 3693 4655 μηδὲν
3732 4584 3863 4655 βου-

2273 4663 2497 4734 λόμενος
2537 4666 2681 4735 μέγα
2710 4668 2838 4737 περὶ
2863 4667 3061 4722 ἑαυτοῦ
3090 4665 3299 4729 εἰπεῖν,
3332 4664 3437 4737 δρα
3470 4666 3587 4732 πῶς
3613 4668 3865 4740 ἀμφοτέ-

2277 4765 2389 4817 ροις
2434 4748 2515 4811 εἰς
2548 4745 2667 4801 δέον
2699 4749 2984 4821 κέχρηται,
3038 4746 3293 4803 τοσοῦτον
3342 4751 3536 4806 ἐαυτὸν
3590 4753 3859 4818 ἐπαινῶν,

2272 4832 2371 4903 οὑχ
2400 4832 2523 4885 ὅσον
2554 4832 2731 4902 ἐαυτῷ
2771 4834 3010 4905 συνῄδει,
3041 4832 3160 4886 ἀλλ’
3199 4832 3325 4887 ὅσον
3361 4835 3563 4908 ἀπῄτει
3598 4839 3700 4909 τῆς
3725 4856 3862 4910 προ-

2275 4914 2536 4987 κειμένης
2563 4916 2872 4980 ὑποθέσεως
2901 4919 2935 4985 ή
2966 4914 3147 4987 χρεία.
3183 4917 3492 4988 Δυνάμενος
3521 4920 3631 4992 7&9
3660 4923 3860 4989 εἰπεῖν,

2274 4999 2354 5053 ὅτι
2386 4998 2518 5070 Ἑμέ
2548 4999 2785 5070 μάλιστα
2803 4999 3023 5054 πάντων
3047 4995 3219 5070 ἐχρῆν
3248 5000 3570 5075 λαμϐάνειν·
3600 5003 3694 5055 καὶ
3718 5004 3861 5074 μᾶλ-

2264 5081 2355 5134 λον
2402 5082 2435 5153 ἢ
2483 5082 2762 5148 ἐκείνους,
2796 5084 2879 5137 δτι
2918 5082 3309 5158 περισσότερον
3344 5086 3526 5143 αὐτῶν
3559 5085 3856 5152 ἐκοπίασα,

2266 5165 2423 5220 τοῦτο
2458 5166 2557 5237 μὲν
2588 5168 2648 5220 οὐ
2676 5168 2848 5237 λέγει,
2878 5165 3016 5237 ὅπερ
3049 5163 3209 5240 εἶχεν*
3239 5173 3536 5243 ὑπεροχήν’
3570 5169 3664 5241 ἀφ’
3688 5164 3765 5225 ὧν
3798 5171 3857 5227 δὲ

2266 5247 2407 5321 ἦσαν
2428 5252 2626 5305 ἐκεῖνοι
2654 5250 2909 5323 μεγάλοι,
2944 5251 3040 5304 καὶ
3064 5255 3157 5323 ἀφ’
3187 5249 3264 5310 ὧν
3286 5255 3507 5318 δικαίως
3527 5254 3856 5326 ἐλάμϐανον,

2267 5334 2441 5389 ταῦτα
2469 5335 2654 5406 τίθησι
2686 5336 2844 5405 μόνα,
2874 5333 3050 5402 λέγων
3070 5337 3268 5405 οὕτως·
3296 5341 3423 5393 οὐκ
3448 5337 3567 5408 είμί
3593 5340 3862 5397 ἀπόστο-

2274 5420 2419 5484 λος;
2447 5418 2557 5472 οὐκ
2580 5418 2699 5483 εἰμί
2734 5417 3084 5487 ἐλεύθεροςς
3121 5422 3413 5476 Τουτέστιν
3431 5460 3448 5487 ,
3480 5422 3581 5475 οὑκ
3607 5421 3859 5489 ἐξουσίαν

2275 5501 2382 5571 ἔχω
2418 5501 2659 5572 ἐμαυτοῦ
2683 5519 2698 5565 ;
2728 5499 2804 5572 μὴ
2833 5500 2937 5556 ὑπό
2963 5506 3085 5559 τινά
3112 5507 3230 5576 εἰμι
3258 5505 3351 5558 τὸν
3376 5504 3760 5574 ἀναγκάζοντά
3785 5526 3855 5581 με

2274 5585 2368 5639 καὶ
2400 5586 2678 5639 κωλύοντα
2708 5582 2927 5654 λαϐεῖν;
2968 5587 3108 5641 Ἀλλ’
3138 5586 3323 5659 ἔχουσί
3352 5604 3405 5643 τι
3434 5588 3599 5644 πλέον
3629 5593 3853 5660 ἐκεῖνοι,

2337 5771 2361 5800 ο
2386 5769 2533 5830 Ηθιξη
2558 5771 2772 5833 ἄρχεται,
2796 5785 2906 5836 qua
2929 5774 3081 5824 lectio
3100 5786 3219 5824 vera
3259 5780 3354 5825 est.
3382 5773 3512 5825 Ediu
3556 5776 3742 5841 ἔρχεται
