4070 6322
1232 413 1297 471 ΙΝ
1337 410 1551 469 EPiST.
1591 408 1614 465 1
1677 410 1771 467 AD
1807 407 1967 467 COR.
2008 400 2242 461 HOMlL.
2283 397 2423 455 XXI.
3365 394 3459 451 rm

1875 517 2021 575 modi
2054 516 2269 587 exigunt
2305 509 2595 576 beneficia;
2628 524 2735 580 quo
2764 509 2826 564 fit
2846 516 2904 565 ut
2933 509 3038 565 illis
3062 515 3252 579 pereat-
3280 512 3462 580 hospi-

163 598 227 692 si
242 598 253 600 ἡ
271 598 496 705 propter
544 631 823 688 Christum
887 625 1124 682 honores
1186 598 1273 677 vel
1328 618 1575 675 ultimum
1603 656 1619 682 ,
1675 613 1771 668 sed
1880 608 2099 664 talitatis
2129 620 2358 669 merces,
2382 602 2597 674 quando
2625 601 2717 705 tali
2746 610 2944 705 mente:
2940 600 3221 656 accedunt.
3244 598 3313 659 Et
3331 600 3463 669 quid

170 690 418 797 adt-leni,
468 726 662 798 dignus
700 738 833 780 sane
875 730 960 777 est
985 717 1084 789 qui
1116 714 1439 770 honoretur.
1490 707 1700 764 Etenim
1728 705 1773 759 si
1877 716 2012 772 opus
2042 698 2255 756 esthoc
2290 696 2359 751 de
2396 697 2596 798 sanctis
2644 692 2864 798 dicere?
2903 690 3114 747 Etenim
3152 691 3240 761 qui
3274 705 3307 745 ιι
3344 695 3461 793 Βιῗο

170 781 567 877 accedentibus
592 816 718 873 duci
744 812 976 883 cuipiam
992 781 1046 865 et
1066 806 1244 870 militi,
1276 804 1621 874 Imperatoris
1642 796 1775 851 ami-
1878 794 2120 849 laborum
2168 789 2391 883 praemia
2438 786 2783 883 hic_qua:rit,
2815 794 2869 839 et
2916 792 3131 883 propter
3177 781 3463 882 praesentia

169 871 613 978 eis-,na'mbobus
644 871 862 963 domum
889 899 1209 973 aperueris;
1256 871 1375 967 per—
1397 905 1557 963 quem
1605 884 1777 957 magis
1880 887 2130 939 virtutem
2172 882 2303 946 adit,
2345 876 2655 933 mercedem
2702 890 2853 930 suam
2892 874 3120 929 minuit:
3151 871 3241 943 qui
3281 881 3460 927 autem

175 964 877 1076 lmpeiaioremihonerare
908 964 1185 1050 videaris?
1215 964 1379 1045 Plane
1408 998 1502 1055 per
1529 980 1774 1035 militem.
1882 977 2114 1047 integras
2146 973 2253 1029 illic
2291 971 2491 1040 expetit
2526 982 2776 1034 coronas,
2819 968 2975 1037 longe
3014 964 3311 1021 mirabilior
3335 979 3465 1019 eva-

486 1102 679 1165 praeter
705 1086 1055 1161 imperatoris
1089 1080 1379 1139 amicitiam
1419 1075 1646 1148 plurima
1685 1072 1779 1126 ha—
1883 1068 2004 1133 dit;
2034 1066 2172 1121 sicut
2197 1061 2562 1165 Lazarus‘ille,
2594 1062 2684 1132 qui
2706 1059 2845 1114 bona
3073 1057 3471 1165 accipitisicnt

176 1146 459 1260 (ιῖιέ
481 1146 844 1242 suadere
874 1187 1119 1251 possunt,
1146 1184 1205 1230 ut
1231 1173 1391 1229 talem
1420 1146 1508 1224 illi
1534 1164 1781 1223 conferas
1886 1169 1995 1260 tres
2020 1156 2205 1260 pueri,
2228 1156 2317 1225 qui
2428 1152 2698 1257 fornacem
2716 1165 2861 1254 .mox.
2880 1147 3153 1219 injiciendi
3180 1146 3469 1252 dicebant:

180 1239 453 1336 ξιξ,ῌοῖᾆῇ
480 1239 684 1344 miles
711 1288 843 1330 vero
876 1239 1015 1327 'nihil
1058 1239 1203 1324 aliud
1240 1279 1400 1337 quam
1439 1257 1783 1331 imperatoris
1886 1250 1980 1305 Est
2007 1248 2144 1303 Deus
2186 1249 2241 1301 in
2284 1247 2444 1313 caelis,
2481 1246 2565 1315 qui
2593 1243 2748 1313 possit
2790 1241 2983 1311 eripere
3006 1256 3098 1295 nos
3122 1256 3141 1307 ;
3284 1239 3471 1300 minus,

181 1374 503 1429 amicitiam.
560 1370 687 1426 ldeo
738 1365 980 1429 claudos,
1022 1362 1260 1426 mutilos,
1304 1366 1360 1413 et
1395 1370 1490 1412 eos
1537 1352 1628 1427 qui
1676 1364 1783 1403 non

184 1465 401 1535 possint
427 1462 654 1534 gratiam
684 1457 908 1522 referre,
939 1455 1003 1509 ad
1033 1466 1216 1508 ctenas
1242 1460 1297 1505 et
1326 1445 1572 1502 convivia
1600 1451 1783 1495 nostra

183 1570 385 1612 vocare
418 1554 579 1625 jussit
618 1552 780 1611 Deus,
808 1548 933 1619 quia
975 1546 1090 1599 haec
1128 1540 1298 1612 magis
1324 1537 1540 1608 proprie
1569 1541 1786 1604 propter

187 1650 360 1706 Deum
420 1645 660 1717 praestita
725 1649 852 1697 sunt
904 1636 1184 1695 beneﬁcia.
1242 1632 1297 1689 Si
1351 1644 1481 1685 vero
1532 1640 1786 1696 magnum

186 1737 501 1810 quempiam
527 1744 582 1791 et
623 1734 888 1789 illustrem
932 1726 1234 1797 exceperis,
1268 1723 1386 1778 haec
1422 1733 1529 1775 non
1555 1717 1627 1771 ita
1659 1729 1785 1784 pura

186 1838 272 1886 est
300 1830 651 1899 eleemosyna
680 1843 695 1891 ;
742 1822 843 1879 sed
882 1830 1089 1892 partem
1119 1816 1354 1887 aliquam
1398 1809 1540 1882 apud
1565 1816 1618 1864 te
1645 1821 1790 1899 serpe

188 1913 567 1976 sibivindicat
592 1917 768 1971 inanis
789 1913 979 1987 gloria,
1013 1920 1069 1968 et
1097 1908 1241 1981 quod
1268 1904 1533 1962 beneﬁcio
1558 1901 1632 1957 sis
1656 1898 1792 1954 alle-

189 2022 335 2078 ctus,
382 2019 438 2066 et
482 2017 703 2079 propter
730 2005 878 2060 illum
906 2001 1049 2073 apud
1092 2001 1289 2055 multos
1313 1995 1576 2065 insignior
1601 1993 1675 2047 sis
1718 1989 1796 2045 ef-

190 2104 396 2160 fectus.
429 2101 624 2156 Multos
645 2106 793 2153 certe
823 2093 1111 2150 ostendere
1132 2090 1357 2162 possim,
1391 2086 1481 2157 qui
1509 2092 1795 2154 propterea

194 2195 583 2267 insignioribus
609 2200 916 2247 sanctorum
940 2186 1283 2248 famulantur,
1308 2192 1365 2235 ut
1390 2195 1487 2250 per
1508 2178 1628 2232 illos
1654 2172 1796 2244 apud

194 2266 476 2358 principes
520 2283 713 2353 majori
761 2280 1004 2335 fruantur
1050 2273 1266 2337 ﬁducia,
1313 2286 1376 2325 ac
1411 2269 1573 2324 rebus
1602 2266 1714 2321 suis
1743 2272 1800 2319 et

195 2354 411 2435 milibus
438 2374 681 2431 utiliores
709 2372 840 2426 fiant
866 2388 880 2425 :
912 2379 967 2423 et
994 2383 1024 2421 a
1050 2372 1253 2421 sanctis
1279 2360 1387 2417 illis
1415 2360 1583 2413 multa
1612 2354 1798 2423 hujus-

1887 1351 2061 1396 notum
2089 1340 2153 1393 sit
2197 1337 2305 1405 tibi,
2348 1352 2457 1402 rex,
2504 1334 2642 1407 quod
2683 1333 2805 1387 deos
2832 1341 2945 1391 tuos
2976 1346 3079 1385 non
3118 1330 3354 1393 colimus,
3384 1341 3475 1382 nec

1887 1440 2108 1486 statuam
2133 1445 2345 1483 auream
2370 1442 2523 1494 quam
2562 1424 2765 1481 ενοι-ἰεῦ
2807 1424 3076 1477 adoramus
3108 1419 3267 1492 (Dan.
3299 1420 3353 1475 3.
3387 1421 3475 1473 17.

1883 1522 1993 1591 18)
2020 1537 2035 1586 ;
2068 1520 2209 1575 sicut
2235 1517 2529 1583 Abraham,
2559 1516 2650 1587 qui
2674 1514 2841 1569 filium
2860 1528 3016 1568 suum
3046 1512 3263 1566 adduxit
3288 1521 3342 1566 et
3368 1526 3481 1565 ma-

1890 1611 2071 1675 ctavit,
2116 1619 2173 1665 et
2216 1608 2333 1665 haec
2364 1624 2468 1663 non
2501 1623 2600 1679 pro
2629 1605 2881 1665 mercede
2922 1605 3070 1671 fecit,
3100 1603 3196 1660 sed
3226 1618 3473 1673 magnam

1892 1704 2207 1760 existimans
2242 1705 2757 1766 remunerationem,
2790 1699 2933 1768 quod
2962 1699 3189 1753 Domino
3216 1696 3479 1752 obediret.

1895 1796 2004 1851 llos
2030 1805 2083 1850 et
2118 1809 2218 1850 nos
2242 1808 2452 1865 quoque
2477 1794 2773 1851 imitemur.
2804 1791 2895 1847 Sic
2919 1792 3063 1846 enim
3090 1795 3304 1862 copiosa
3331 1790 3485 1846 nobis

1894 1889 2158 1945 bonorum
2195 1887 2480 1942 retributio
2519 1886 2722 1953 veniet,
2771 1884 2915 1956 quod
2961 1884 3051 1938 tali
3092 1884 3277 1938 animo
3305 1884 3485 1938 omnia

1897 1980 2176 2047 faciamus,
2200 1989 2256 2035 et
2283 1978 2679 2048 splendidiores
2705 1991 3054 2047 assequemur
3076 1988 3331 2039 coronas;
3355 1988 3489 2044 quas

1898 2073 2099 2126 utinam
2129 2086 2227 2127 nos
2255 2086 2446 2127 omnes
2488 2072 2851 2141 adipiscamur
2876 2069 3047 2140 gratia
3073 2076 3129 2123 et
3160 2068 3489 2138 benignitate

1904 2165 2113 2220 Domini
2169 2165 2338 2219 nostri
2386 2163 2514 2219 Jesu
2563 2164 2786 2231 Christi,
2833 2164 3048 2231 quinum
3084 2161 3228 2216 Patri
3274 2175 3490 2230 unaque

1899 2257 2120 2329 Spiritui
2144 2267 2330 2313 sancto
2354 2258 2543 2328 gloria,
2568 2258 2880 2328 imperium,
2899 2257 3093 2325 honor,
3118 2272 3268 2313 nune
3279 2266 3337 2313 et
3357 2273 3491 2313 sem-

1903 2365 2021 2420 per,
2049 2359 2103 2404 et
2134 2350 2187 2404 in
2218 2350 2416 2405 saecula
2438 2348 2782 2404 saeculorum.
2810 2349 3005 2405 Amen.

1158 2532 1161 2537 ’
1608 2562 1955 2626 HOMILIA
1984 2561 2163 2625 XXI.

202 2738 342 2796 Car.
373 2735 426 2792 9.
457 2750 507 2787 υ.
538 2736 591 2787 l.
622 2730 676 2786 Ν
681 2747 748 2784 on
770 2746 883 2784 sum
908 2726 1214 2798 apostolus?
1233 2739 1336 2777 non
1355 2737 1465 2776 sum
1487 2719 1649 2773 liber?
1673 2731 1801 2770 non-

288 2845 351 2882 ne
380 2826 637 2881 Christum
674 2821 853 2877 Jcsum
888 2818 1167 2873 Dominum
1193 2824 1422 2869 nostrum
1456 2810 1601 2865 vidi?
1639 2824 1805 2863 nonne

295 2936 424 2990 opus
460 2932 627 2971 meum
656 2930 745 2969 vos
774 2915 892 2967 estis
915 2913 969 2966 in
994 2908 1257 2965 Domino?

288 3014 342 3068 l.
372 3010 507 3077 Quia
532 3024 657 3064 cum
696 3006 958 3072 dixisset,
1004 3003 1066 3059 Si
1110 3017 1225 3057 esca
1250 2998 1565 3055 scandalizat
1599 2999 1807 3067 fratrem

210 3116 511 3169 mentiamur:
519 3097 778 3152 comedam
794 3110 972 3150 carnes
986 3095 1039 3147 in
1055 3089 1471 3157 sarculum;un
1488 3103 1593 3142 non
1612 3085 1809 3140 fecerat

212 3192 465 3266 quidem,
495 3188 590 3244 sed
620 3201 680 3242 se
704 3188 970 3241 facturum
998 3183 1352 3254 promiserat,
1383 3182 1429 3234 si
1458 3192 1592 3248 opus
1620 3183 1803 3231 esset:

212 3302 289 3342 ne
316 3285 437 3355 quis
465 3281 673 3336 diceret
696 3319 712 3345 ,
757 3277 980 3332 Frustra
1008 3274 1256 3346 gloriaris
1280 3282 1332 3328 et
1354 3272 1535 3328 verbis
1570 3269 1811 3339 philoso-

216 3377 403 3448 pharis
427 3387 627 3443 oreque
659 3369 929 3441 promittis
949 3409 964 3433 ,
996 3366 1139 3437 quod
1171 3374 1224 3421 et
1251 3364 1383 3420 mihi
1412 3371 1469 3418 et-
1511 3362 1682 3417 cuivis
1728 3359 1811 3414 fa-

215 3470 326 3525 cile
351 3476 473 3523 est:
506 3481 628 3520 nam
652 3465 696 3519 si
716 3478 778 3519 ex
812 3462 992 3516 animo
1009 3460 1125 3515 haec
1151 3458 1308 3525 dicis,
1332 3471 1393 3512 re
1410 3456 1523 3527 ipsa
1550 3454 1771 3509 ostende
1789 3494 1806 3520 ,

217 3558 345 3630 quid
376 3556 696 3626 despexeris
717 3597 732 3621 ,
761 3562 914 3608 utne
937 3551 1089 3607 fratri
1119 3549 1443 3607 oll'endiculo
1464 3560 1613 3603 esses
1639 3563 1653 3597 :
1687 3545 1807 3600 ideo

215 3653 431 3724 cogitur
449 3650 703 3717 deinceps
730 3649 781 3701 in
811 3646 1003 3701 borum
1032 3642 1553 3723 demonstrationem
1578 3641 1807 3695 descen-

223 3742 391 3808 dere,
442 3739 875 3807 ostendereque,
925 3734 1196 3805 quomodo
1251 3750 1282 3788 a
1330 3733 1491 3787 rebus
1539 3731 1810 3787 concessis

218 3833 574 3899 abstinuerit,
607 3829 750 3883 nulla
782 3828 901 3899 lege
934 3826 1110 3897 ipsum
1138 3830 1390 3895 cogente.
1424 3821 1608 3891 Neque
1636 3820 1811 3877 adhuc

220 3927 417 3981 mirum
445 3924 549 3979 hoe
574 3930 689 3989 est,
717 3919 927 3976 etiamsi
949 3919 1027 3975 sit
1069 3916 1368 3972 mirandum
1388 3956 1403 3979 ,
1447 3914 1588 3985 quod
1618 3929 1649 3968 a
1676 3928 1811 3969 con-

221 4018 392 4073 cessis
419 4013 765 4079 abstinuerit,
795 4027 907 4066 non
940 4009 1101 4065 modo
1131 4017 1190 4063 ut
1225 4024 1331 4063 non
1363 4006 1687 4062 oﬂendiculo
1713 4021 1805 4062 es-

220 4118 327 4175 set,
358 4106 455 4163 sed
481 4106 640 4162 etiam
667 4102 809 4174 quod
830 4117 951 4157 cum
969 4100 1135 4156 multo
1158 4099 1343 4154 labore
1362 4107 1415 4153 et
1442 4097 1680 4167 periculo
1710 4096 1811 4152 hoc

224 4202 450 4257 faceret.
475 4197 611 4267 Quid
638 4196 781 4252 enim
808 4195 988 4250 dicere
1016 4200 1244 4264 Oportet,
1278 4192 1470 4261 inquit,
1503 4190 1571 4246 de
1597 4190 1661 4244 iis
1691 4205 1810 4260 quae

224 4293 501 4349 immolata
526 4298 654 4346 sunt
682 4288 875 4343 idolis?
892 4285 1027 4341 Nam
1047 4301 1168 4341 cum
1196 4284 1441 4339 Christus
1463 4282 1727 4348 statuerit,
1753 4292 1812 4336 ut

225 4390 299 4455 ii,
330 4388 420 4459 qui
448 4384 786 4455 evangelium
828 4380 1160 4453 praedicant,
1192 4392 1258 4433 ex
1284 4377 1541 4433 doctrinae
1570 4376 1810 4430 ministe-

230 4480 315 4535 rio
345 4479 557 4544 vivant,
590 4476 692 4530 hoc
715 4489 817 4545 ego
843 4488 949 4528 non
979 4471 1120 4537 feci;
1145 4470 1426 4525 sedstatui
1449 4510 1463 4534 ,
1492 4468 1534 4522 si
1566 4483 1700 4538 opus
1720 4482 1811 4522 es-

226 4583 341 4638 set,
373 4572 533 4625 etiam
563 4567 704 4622 fame
731 4567 895 4620 vitam
927 4564 1083 4619 linire
1111 4570 1166 4617 et
1201 4571 1427 4616 mortem
1458 4561 1639 4617 subire
1661 4575 1814 4616 acer-

227 4664 525 4725 bissimam,
548 4675 615 4715 ne
630 4657 755 4728 quid
773 4657 1071 4726 acciperem
1089 4655 1157 4710 ab
1174 4654 1238 4709 iis
1253 4654 1340 4724 qui
1359 4653 1774 4708 instituebantur
1795 4671 1806 4707 :

227 4772 335 4810 non
362 4752 506 4825 quod
536 4752 590 4806 id
616 4752 718 4806 illis
747 4747 1070 4805 oﬁ‘endiculo
1097 4746 1272 4813 foret,
1301 4746 1345 4799 si
1372 4760 1477 4799 non
1508 4746 1805 4814 acciperet,

235 4846 331 4901 sed
374 4846 495 4916 quia
544 4839 839 4896 aedificandi
870 4847 1059 4902 erant;
1100 4837 1243 4905 quod
1289 4836 1445 4906 longe
1473 4836 1645 4903 majus
1672 4842 1808 4888 erat.

228 4936 300 4992 Et
326 4937 483 5005 hujus
526 4932 604 4988 rei
634 4940 799 4986 testes
828 4930 974 4998 ipsos
1004 4928 1056 4981 in
1107 4928 1343 4981 medium
1370 4926 1622 4991 adducit,
1670 4922 1812 4993 apud

226 5043 367 5101 quos
387 5041 617 5096 Operans
636 5034 692 5080 et
709 5023 954 5079 esuriens
978 5020 1139 5073 vixit:
1164 5029 1217 5073 et
1237 5018 1375 5086 apud
1399 5018 1533 5072 alios
1554 5019 1806 5081 nutritus,

226 5125 283 5180 in
331 5120 579 5189 angustia
621 5117 794 5180 vixit,
852 5121 910 5168 ut
964 5125 1030 5165 ne
1098 5109 1203 5164 illis
1254 5106 1579 5161 oll‘endiculo
1632 5106 1807 5161 foret:

227 5210 447 5273 etiamsi
465 5208 656 5263 frustra
695 5206 886 5263 oﬁ'ensi
932 5203 1194 5267 fuissent;
1227 5202 1340 5269 ipse
1367 5214 1599 5269 namque
1638 5199 1811 5267 legem

227 5304 507 5378 implebat,
539 5308 774 5353 attamen
806 5313 873 5353 ex
902 5294 1193 5351 abundanti
1226 5294 1331 5347 illis
1357 5291 1630 5361 parcebat.
1656 5289 1809 5357 Quod

224 5404 270 5456 si
302 5411 471 5470 supra
495 5393 663 5463 legem
694 5390 800 5444 hoc
827 5391 1052 5444 faciebat
1077 5390 1186 5454 ille,
1210 5395 1268 5441 ut
1293 5384 1613 5440 oﬂ‘endiculo
1641 5392 1804 5452 esset,

229 5503 279 5550 ει
304 5492 377 5547 ab
398 5491 465 5545 iis
483 5501 602 5558 qua:
620 5482 884 5554 permissa
911 5480 1013 5535 sibi
1038 5490 1190 5535 erant
1216 5478 1472 5533 abstinuit
1492 5475 1556 5529 ad
1579 5474 1807 5529 aliorum

226 5580 675 5641 adiﬁcationem;
707 5572 840 5644 quid
860 5578 1137 5625 merentur
1155 5570 1267 5636 isti,
1285 5566 1377 5636 qui
1398 5568 1469 5623 ab
1498 5566 1811 5637 idolothytis

225 5690 331 5731 non
367 5668 678 5727 abstinent?
720 5664 881 5732 idque
922 5675 1042 5715 cum
1072 5661 1225 5713 multi
1252 5675 1319 5715 ex
1349 5673 1411 5713 ea
1454 5672 1512 5712 re
1544 5665 1804 5725 pereant,

222 5764 369 5837 quod
384 5772 535 5819 certe
552 5762 713 5816 etiam
736 5756 936 5825 absque
955 5750 1280 5808 oﬂ’eudiculo
1297 5748 1483 5821 fugere
1509 5755 1804 5817 oporteret,

224 5874 290 5917 eo
317 5856 466 5929 quod
494 5855 568 5912 sit
605 5852 907 5911 daemonum
956 5859 1167 5903 mensa.
1212 5843 1388 5915 Caput
1430 5842 1588 5914 igitur
1636 5850 1806 5896 totum

1916 2719 2020 2774 hoc
2047 2724 2130 2773 eSt
2148 2758 2165 2784 ,
2196 2720 2338 2790 quod
2370 2721 2551 2775 multis
2579 2727 2769 2775 tractat
2788 2717 3054 2775 versibus.
3079 2718 3496 2787 Oportetautem

1916 2826 2033 2865 rem
2083 2811 2411 2880 prOpositam
2464 2812 2626 2865 altius
2671 2819 2933 2881 repetere.
2984 2808 3168 2880 Neque
3206 2809 3348 2864 enim
3399 2809 3500 2864 hoc

1915 2901 2059 2957 clare
2084 2901 2359 2970 exposuit,
2394 2909 2452 2956 ut
2473 2902 2584 2972 jam
2616 2902 2756 2964 dixi;
2790 2915 2962 2969 neque
2998 2902 3064 2955 ad
3096 2900 3147 2955 id
3189 2902 3372 2957 statim
3414 2916 3500 2956 re-

1915 2994 2058 3059 silit,
2091 2995 2185 3049 sed
2219 2994 2432 3049 aliunde
2461 2995 2645 3065 incipit
2692 2994 2777 3048 bis
2803 2993 3021 3049 verbis:
3057 2990 3181 3046 Non
3219 3009 3335 3047 sum
3374 3007 3499 3061 apo-

1915 3085 2113 3140 stolus?
2134 3086 2263 3140 Nam
2289 3102 2412 3142 cum
2437 3086 2520 3151 iis,
2549 3102 2668 3157 quae
2695 3086 2835 3141 dicta
2863 3094 2987 3141 sunt
3011 3084 3257 3153 ,multnm
3278 3098 3491 3155 quoque

1916 3176 2243 3232 discriminis
2286 3180 2542 3243 interest,
2576 3177 2720 3249 quod
2745 3176 2943 3233 Paulus
2974 3178 3041 3231 sit
3070 3176 3161 3247 qui
3205 3176 3319 3230 haec
3344 3173 3495 3232 facit.

1915 3269 1993 3323 Ne
2016 3268 2257 3325 dicerent
2284 3269 2450 3337 enim,
2481 3268 2633 3325 Licet
2660 3285 2719 3326 se
2748 3269 2980 3341 signanti
3008 3278 3247 3339 gustare,
3278 3268 3495 3323 interim

1916 3360 2129 3430 quidem
2152 3360 2277 3414 huic
2301 3360 2379 3415 rei
2412 3374 2520 3414 non
2554 3360 2780 3425 insistit;
2812 3360 2909 3416 sed
2935 3361 3083 3429 dicit,
3114 3360 3338 3419 Etiamsi
3368 3360 3501 3421 lice-

1916 3463 2040 3518 ret,
2076 3451 2146 3505 ob
2174 3450 2396 3505 fratrum
2421 3450 2677 3506 damnum
2713 3464 2822 3507 non
2850 3460 3125 3521 oporteret
3152 3453 3256 3509 hoc
3284 3455 3460 3511 facere
3479 3498 3498 3524 ,

1917 3541 2247 3612 demumque
2266 3542 2504 3598 ostendit
2530 3557 2637 3597 non
2664 3543 2851 3599 licere.
2877 3542 3032 3599 Nunc
3058 3554 3234 3601 autem
3264 3547 3498 3617 primum

1916 3634 2045 3688 illud
2077 3635 2266 3705 prohat
2292 3650 2357 3689 ex
2379 3634 2447 3690 iis
2470 3650 2589 3705 qua:
2615 3634 2683 3689 ad
2710 3649 2771 3692 se
2797 3647 3071 3708 spectant;
3102 3648 3157 3693 et
3175 3638 3414 3697 dicturus
3438 3656 3499 3699 se

1917 3724 2053 3781 nihil
2081 3725 2149 3780 ab
2174 3725 2279 3781 illis
2322 3727 2628 3797 accepisse,
2671 3741 2779 3783 non
2808 3729 2987 3783 Statim
3016 3729 3145 3785 illud
3176 3733 3362 3800 ponit,
3395 3735 3491 3789 sed

1916 3815 2227 3887 dignitatem
2272 3831 2422 3872 suam
2453 3817 2629 3888 primo
2659 3817 2827 3872 dicit:
2870 3817 2992 3872 Non
3038 3836 3150 3874 sum
3196 3824 3501 3893 apostolus?

1916 3924 2019 3962 non
2041 3925 2155 3962 sum
2184 3908 2308 3964 liber
2324 3908 2351 3963 Ρ
2375 3909 2454 3965 Ne
2481 3909 2725 3965 dicereut
2749 3908 2892 3966 enim
2920 3928 2934 3965 :
2962 3911 3183 3969 Etiamsi
3208 3929 3314 3968 non
3338 3931 3496 3971 acce.

1918 4002 2093 4072 peris,
2122 4002 2265 4071 quod
2314 4016 2420 4057 non
2468 4001 2658 4057 liceret
2685 4010 2794 4057 non
2821 4005 3117 4074 accepisti;
3150 4004 3274 4060 ideo
3321 4007 3496 4077 primo

1917 4094 2068 4165 ponit
2089 4109 2301 4160 causas,
2329 4102 2551 4165 prapter
2576 4109 2710 4167 quas
2733 4095 2858 4167 jure
2882 4098 3196 4167 accepisset,
3225 4098 3270 4153 si
3297 4099 3499 4153 voluis-

1916 4192 1999 4239 set
2023 4184 2291 4254 accipere.

1989 4273 2189 4329 Paulus
2227 4292 2319 4329 cur
2343 4276 2567 4346 seipsum
2588 4276 2790 4331 laudet.
2807 4304 2883 4317 —
2912 4276 3111 4332 Deinde
3132 4290 3199 4331 ne
3218 4275 3498 4336 videretur

1917 4364 2034 4421 haec
2049 4366 2233 4421 dicens
2256 4367 2471 4423 Petrum
2485 4377 2541 4424 et
2556 4382 2682 4423 suos
2694 4367 2962 4423 criminari
2983 4368 3126 4439 (nam
3152 4367 3226 4424 illi
3256 4370 3489 4441 accipie-

1921 4457 2079 4533 bant)
2102 4478 2116 4515 :
2133 4460 2303 4530 primo
2323 4461 2557 4516 ostendit
2574 4460 2678 4516 illis
2690 4461 2933 4532 accipere
2951 4460 3192 4516 licuisse:
3210 4461 3492 4518 deindene

1916 4551 2038 4622 quis
2062 4550 2265 4607 diceret
2289 4568 2301 4605 :
2332 4552 2491 4606 Petro
2512 4551 2729 4623 quidem
2754 4551 3000 4619 accipere
3030 4550 3214 4619 licuit,
3245 4551 3338 4606 tibi
3364 4566 3495 4607 vero

1918 4659 2025 4699 non
2069 4644 2252 4712 licuit;
2296 4646 2596 4700 auditorem
2637 4645 2915 4716 praivertit
2950 4643 3197 4699 laudibus
3225 4645 3376 4699 suis:
3412 4646 3491 4700 vi-

1917 4740 2157 4810 densque
2197 4741 2557 4794 necessarium
2582 4752 2704 4793 esse
2765 4748 2825 4793 ιιι
2853 4752 2913 4792 se
2943 4737 3184 4793 laudaret
3215 4735 3327 4808 (sic
3348 4739 3495 4794 enim

1917 4832 2182 4887 Corinthii
2212 4831 2686 4901 corrigebantur);
2727 4830 2979 4900 nihilque
3004 4840 3179 4884 tamen
3215 4829 3401 4885 volens
3428 4831 3496 4887 de

1918 4939 1975 4979 se
1998 4937 2244 4993 magnum
2266 4922 2445 4977 dicere
2462 4965 2475 4986 ,
2511 4922 2607 4977 sed
2630 4931 2887 4992 quantum
2918 4920 3167 4991 exigebat
3194 4937 3323 4977 usus
3352 4938 3491 4991 pra:-

1918 5015 2084 5070 sentis
2114 5013 2366 5083 propositi
2393 5032 2404 5065 :
2447 5012 2564 5067 vide
2593 5012 2863 5083 quomodo
2890 5012 3133 5083 utrisque
3165 5022 3222 5067 ut
3255 5028 3286 5067 e
3308 5028 3365 5066 re
3392 5011 3493 5068 fuit

1920 5120 2047 5159 usus
2075 5114 2186 5171 est,
2216 5113 2418 5158 tantum
2441 5118 2500 5158 se
2530 5102 2752 5158 laudans
2771 5142 2787 5168 ,
2825 5116 2933 5156 non
2960 5112 3219 5173 quantum
3246 5103 3362 5171 ipse
3392 5104 3493 5159 sibi

1916 5194 2163 5251 conscius
2184 5203 2300 5249 erat
2318 5235 2333 5258 ,
2362 5193 2457 5246 sed
2484 5200 2739 5261 quantum
2766 5192 3012 5262 exigebat
3036 5207 3273 5262 praesens
3296 5209 3489 5249 neces-

1916 5286 2064 5340 sitas.
2094 5282 2223 5338 Cum
2253 5290 2432 5351 posset
2456 5281 2600 5335 enim
2630 5280 2833 5349 dicere,
2856 5283 2939 5337 Me
2964 5283 3083 5351 plus
3120 5297 3279 5352 quam
3304 5298 3494 5348 omnes

1916 5387 1967 5433 et
1996 5392 2152 5445 quam
2182 5375 2301 5427 illos
2324 5373 2605 5444 Oportebat
2629 5376 2905 5444 accipere,
2936 5374 3056 5443 quia
3082 5373 3198 5444 plus
3226 5390 3385 5445 quam
3415 5374 3491 5429 illi

1916 5468 2181 5531 laboravi;
2212 5468 2314 5522 hoc
2341 5468 2553 5537 quidem
2577 5483 2683 5522 non
2706 5465 2854 5533 dicit,
2879 5465 3025 5535 quod
3052 5467 3331 5523 sublimius
3355 5467 3489 5523 fuis-

1916 5570 2028 5627 set;
2069 5559 2163 5614 sed
2190 5576 2251 5615 ea
2291 5559 2403 5615 sola
2433 5560 2619 5629 ponit,
2649 5573 2718 5612 ex
2744 5557 2939 5627 quibus
2967 5557 3044 5612 illi
3088 5558 3267 5627 magni
3289 5572 3481 5625 erant,

1914 5664 1968 5709 et
1994 5652 2133 5708 unde
2152 5652 2273 5722 jure
2293 5651 2660 5722 accipiebant,
2686 5650 2767 5705 sic
2793 5648 3019 5719 loquens
3043 5668 3059 5705 :
3087 5647 3211 5704 Non
3234 5666 3348 5705 sum
3366 5666 3493 5719 apo—

1915 5746 2108 5801 stolas?
2135 5762 2236 5799 non
2262 5763 2376 5799 sum
2402 5743 2562 5799 liber?
2584 5742 2640 5797 Id
2684 5750 2767 5798 est
2790 5759 2804 5795 :
2835 5758 3015 5798 annon
3044 5740 3151 5797 mei
3195 5742 3362 5811 ipsius
3388 5757 3487 5812 po-

1915 5847 2161 5894 testatein
2189 5835 2402 5893 habeo?
2430 5850 2501 5891 an
2536 5836 2768 5905 cuipiam
2812 5832 3058 5889 subditus
3097 5847 3215 5891 sum
3234 5872 3250 5904 ,
3280 5832 3373 5903 qui
3404 5846 3489 5889 me
