4070 6322
558 365 650 417 171
1257 361 1312 416 8.
1353 361 1631 418 JOANNIS
1665 362 2143 420 CHRYSOSTOMI
2182 364 2499 424 ARCHIEP.
2539 370 3071 433 CONSTANTINOP.

563 486 717 547 cogat
742 485 796 530 et
822 483 966 530 vetet
1005 476 1290 545 accipere?
1316 477 1384 530 At
1419 476 1492 530 illi
1516 476 1718 547 aliquid
1750 478 1871 548 plus
1901 478 2135 545 habent",

561 566 701 638 quod
735 566 931 621 fuerint
958 580 1080 620 cum
1108 565 1342 621 Christo.
1365 566 1563 621 Verum
1590 582 1658 623 ne
1681 567 1774 622 illo
1803 569 2016 637 quidem
2044 584 2111 624 ex
2129 595 2143 607 -

559 675 680 727 pcrs
705 659 776 713 ftti
801 678 817 714 :
848 657 970 713 ideo
997 658 1127 712 dicit
1152 676 1164 711 :
1198 656 1385 712 Nonne
1408 659 1687 713 Dominum
1712 668 1937 714 nostrum
1963 659 2145 714 Iesum

552 752 811 807 Christum
847 751 998 807 vidi?
1044 750 1335 806 Nouissime
1376 753 1564 823 quippe
1608 753 1874 820 omnium,
1931 752 2144 823 inquit,

551 856 806 914 tamquam
848 844 1077 897 abortivo
1112 844 1247 898 uisus
1288 853 1362 897 est
1412 853 1461 896 et
1498 843 1623 897 mihi
1643 843 1664 915 (
1694 844 1748 899 1.
1775 842 1895 898 Cor.
1931 844 2017 899 15.
2046 843 2140 914 8).

551 936 664 991 Non
694 951 855 1006 parva
886 943 1068 990 autem
1101 935 1215 990 haec
1242 944 1359 990 erat
1383 935 1635 1005 dignitas.
1666 934 1823 989 Multi
1842 936 1987 990 enim
2018 951 2144 1003 pro-

554 1031 717 1097 phetia
736 1038 785 1083 et
804 1028 957 1097 justi,
985 1028 1175 1097 inquit,
1210 1029 1469 1083 voluerunt
1495 1028 1663 1081 videre
1684 1044 1800 1097 qua:
1829 1045 1916 1081 vos
1938 1028 2141 1091 videtis,

552 1130 599 1173 et
649 1135 753 1174 non
806 1119 1044 1173 viderunt
1091 1118 1323 1193 (Matth.
1358 1120 1443 1173 l5.
1488 1118 1749 1188 l7);et,
1794 1117 1999 1171 Venieut
2036 1119 2143 1173 dies

550 1211 755 1277 quando
780 1210 957 1264 voletis
978 1210 1149 1265 ridere
1168 1226 1327 1264 unum
1344 1226 1407 1264 ea:
1435 1210 1514 1263 his
1535 1210 1710 1265 diebus
1737 1208 1891 1279 (Luc.
1914 1210 2002 1263 l7.
2024 1208 2138 1278 22).

550 1301 688 1370 Quid
717 1311 851 1367 tum,
877 1302 1088 1358 etiamsi
1114 1300 1190 1356 sis
1214 1302 1494 1373 apostolus
1519 1312 1575 1355 et
1602 1301 1758 1366 liber,
1786 1310 1841 1356 et
1870 1300 2139 1356 Christum

549 1394 787 1461 videris;
819 1393 867 1450 si
896 1394 1101 1448 nullum
1126 1392 1436 1449 exhibueris
1463 1392 1691 1462 apostoli
1716 1408 1850 1461 opus
1876 1432 1891 1455 ,
1916 1406 2142 1462 quomo-

550 1486 620 1540 do
649 1485 816 1541 debes
861 1485 1152 1554 accipere?
1202 1483 1325 1539 Ideo
1377 1494 1565 1554 postea
1612 1483 1921 1553 subjunxit:
1953 1483 2142 1541 Nonne

546 1593 675 1647 opus
697 1592 864 1629 meum
892 1591 982 1629 vos
1002 1575 1118 1629 estis
1143 1576 1196 1627 in
1227 1567 1429 1631 Christo
1452 1575 1481 1630 ἓ
1517 1574 1633 1630 Hoc
1659 1576 1856 1647 quippe
1880 1591 2139 1647 magnum

547 1678 629 1724 cst
654 1686 668 1722 :
700 1682 824 1723 nam
842 1667 942 1722 “illa
972 1666 1175 1737 absque
1202 1668 1306 1722 hoc
1334 1666 1469 1722 nihil
1502 1665 1708 1737 juvant.
1737 1667 1947 1722 Etenim
1973 1666 2140 1723 ludas

548 1758 825 1830 apostolus
848 1766 965 1815 erat
986 1768 1041 1813 et
1072 1758 1245 1825 liber,
1275 1766 1438 1829 atque
1465 1757 1739 1814 Christum
1768 1760 2007 1825 viderat;
2038 1758 2137 1815 sed

546 1852 671 1923 quia
709 1853 937 1923 apostoli
967 1867 1102 1921 opus
1144 1867 1253 1907 non
1284 1851 1500 1917 habuit,
1547 1851 1681 1905 nihil
1712 1850 1829 1906 haec
1878 1852 1978 1921 ipsi
2008 1865 2137 1920 pro-

547 1946 779 2001 fuerunt.
823 1944 1117 2015 Pmpterea
1159 1952 1218 2000 et
1259 1943 1364 1998 hoc
1405 1942 1623 2012 adjicit,
1670 1943 1922 2014 ipsosque
1968 1950 2138 1998 testes

546 2051 720 2100 vocat.
750 2044 819 2098 Et
840 2042 964 2113 quia
992 2056 1245 2113 maguum
1270 2040 1522 2110 loquutus
1547 2046 1683 2103 erat,
1715 2037 1840 2094 vide
1864 2036 2137 2105 quomodo

547 2136 675 2192 illud
719 2135 947 2206 castiget
976 2134 1197 2196 dicens,
1231 2130 1298 2185 In
1344 2130 1562 2185 Domino
1589 2145 1610 2185 :
1645 2129 1700 2185 id
1724 2138 1849 2196 est,
1880 2131 1975 2186 Dei
2002 2146 2138 2200 opus

543 2237 626 2284 est
648 2267 666 2295 ,
698 2241 805 2283 non
835 2242 1033 2281 meum.
1063 2224 1119 2278 2.
1154 2223 1219 2278 Si
1261 2224 1377 2277 aliis
1419 2238 1524 2278 non
1560 2238 1675 2276 sum
1700 2222 1999 2292 apostolus,
2045 2222 2137 2277 sed

547 2330 717 2375 tamen
757 2318 896 2373 vobis
933 2332 1069 2371 sum.

583 2408 671 2477 _2.
698 2409 863 2463 Vides
884 2406 1156 2479 quomodo
1198 2419 1306 2459 non
1346 2420 1780 2476 supervacaneus
1822 2405 1931 2459 sit?
1974 2404 2135 2475 Atqui

544 2510 754 2571 poterat
794 2498 975 2555 dicere
1019 2498 1205 2553 orbem
1258 2507 1415 2551 terrae
1460 2507 1514 2552 et
1559 2506 1748 2566 gentes
1787 2496 2043 2550 barbaras
2080 2506 2135 2549 et

544 2606 742 2651 terram
766 2600 823 2648 et
847 2607 1029 2657 mare;
1058 2591 1155 2646 sed
1176 2590 1309 2646 nihil
1339 2589 1529 2644 borum
1561 2589 1694 2643 dicit
1719 2628 1737 2652 ,
1780 2587 1877 2642 sed
1917 2603 1984 2640 ex
2005 2601 2135 2639 cou-

540 2686 787 2741 cessione
812 2692 867 2740 et
895 2699 963 2738 ex
988 2682 1315 2739 abundantia
1342 2680 1527 2734 vincit.
1559 2679 1697 2745 Quid
1724 2678 1869 2733 enim
1890 2719 1906 2743 ,
1933 2679 2131 2747 inquit,

541 2776 673 2833 mihi
700 2789 837 2846 opus
862 2783 946 2830 est
974 2772 1429 2841 supervacaneis,
1460 2785 1582 2826 cum
1614 2770 1729 2825 haec
1758 2769 2026 2825 sufficiant
2065 2769 2134 2824 ad

452 2854 459 2857 ⁵
541 2881 783 2938 praesens
809 2871 1181 2937 argumentum
1201 2864 1228 2916 ‘t-
1256 2862 1372 2918 Non
1398 2863 1519 2919 dico
1545 2864 1705 2932 igitur
1730 2863 1819 2917 illa
1848 2862 2132 2935 praeclara,

540 2975 662 3030 quae
685 2958 827 3027 apud
854 2957 992 3014 alios
1012 2971 1043 3011 a
1066 2972 1154 3010 me
1175 2955 1314 3012 facta
1335 2965 1480 3019 sunt,
1520 2956 1615 3010 sed
1655 2970 1719 3010 ea
1762 2971 1992 3024 quorum
2038 2970 2135 3010 vos

542 3059 708 3106 testes
735 3049 890 3105 estis.
921 3047 1261 3120 Quapropter
1289 3045 1504 3101 etiamsi
1530 3060 1635 3100 non
1666 3045 1903 3112 aliunde,
1924 3060 1954 3100 a
1981 3045 2135 3101 vobis

543 3142 781 3199 maxime
807 3139 1127 3209 oportebat,
1156 3151 1243 3192 me
1273 3139 1518 3208 accipere
1546 3153 1559 3188 :
1591 3145 1827 3191 attamen
1859 3151 1890 3190 a
1939 3137 2133 3207 quibus

543 3248 630 3289 me
656 3233 886 3287 maxime
912 3229 1195 3301 oportebat
1224 3229 1471 3299 accipere
1498 3226 1729 3297 (doctor
1764 3228 1910 3282 enim
1955 3234 2138 3283 vester

543 3323 657 3398 Sui)
682 3367 696 3391 ,
725 3323 793 3378 ab
821 3324 884 3379 iis
912 3337 1020 3377 uou
1046 3319 1250 3390 accepi.
1284 3317 1347 3374 Si
1382 3319 1498 3373 aliis
1540 3334 1641 3372 non
1678 3334 1793 3371 sum
1834 3318 2133 3388 apostolus,

542 3418 631 3473 sed
678 3415 817 3471 vobis
867 3430 1002 3468 sum.
1053 3411 1260 3466 Rursus
1301 3426 1365 3466 cx
1398 3410 1671 3466 concessis
1702 3410 1935 3480 loquitur
1963 3425 1978 3463 :
2008 3425 2132 3465 nam

542 3509 691 3565 orbis
716 3506 993 3578 apostolus
1022 3512 1160 3559 erat.
1190 3504 1442 3557 Attamen
1472 3502 1576 3557 hoc
1604 3517 1707 3555 non
1740 3501 1861 3559 dico
1880 3544 1897 3565 ,
1928 3501 2129 3573 inquit,

546 3614 717 3672 neque
745 3614 923 3669 pugno
970 3605 1026 3652 ct
1066 3593 1376 3658 contendo,
1428 3592 1526 3647 sed
1573 3594 1716 3662 quod
1762 3603 1999 3648 vestrum
2051 3604 2133 3649 est

545 3709 704 3764 pono.
737 3691 876 3747 Nam
900 3688 1221 3763 signaculum
1258 3686 1575 3757 apostolatus
1617 3687 1714 3739 mei
1756 3701 1843 3740 vos
1884 3687 2005 3741 estis
2039 3686 2127 3757 (2.

544 3789 663 3844 Cor.
693 3785 783 3845 12.
814 3785 923 3855 12)
953 3800 967 3838 :
1001 3783 1056 3837 id
1085 3793 1187 3847 est,
1215 3778 1625 3836 demonstratio.
1654 3780 1721 3833 Et
1759 3779 1805 3833 si
1834 3781 1955 3849 quis
1994 3781 2133 3834 scire

543 3882 673 3937 vclit
721 3878 866 3937 unde
914 3877 1014 3932 sim
1062 3873 1383 3945 apostolus,
1453 3884 1553 3925 vos
1604 3869 1824 3939 profero
1882 3886 1897 3923 :
1950 3872 2131 3924 omnia

543 3975 687 4030 etaim
731 3987 854 4041 qua:
892 3975 1021 4024 sunt
1060 3965 1327 4036 apostoli,
1378 3963 1434 4018 in
1475 3962 1631 4017 vobis
1670 3960 1883 4018 ostendi
1914 3969 1971 4017 et
1999 3960 2131 4016 nihil

544 4060 892 4135 praatermisi;
939 4069 997 4116 ut
1042 4059 1097 4113 in
1144 4055 1381 4112 secunda
1446 4069 1662 4126 quoque
1709 4054 1936 4125 epistola
1977 4053 2130 4120 dicit,

546 4157 759 4217 Etiamsi
816 4153 949 4211 nihil
998 4168 1146 4219 sum,
1220 4150 1505 4220 inquiens,
1557 4149 1703 4219 signa
1770 4158 1938 4203 tamen
2003 4166 2131 4219 apo-

543 4249 659 4307 stoli
696 4248 751 4303 in
788 4246 926 4301 vobis
978 4246 1115 4315 facta
1154 4252 1271 4296 sunt
1294 4243 1350 4295 in
1375 4242 1515 4295 omni
1564 4241 1822 4310 potentia,
1868 4241 1921 4293 in
1971 4242 2130 4312 signis

542 4352 589 4398 et
620 4338 868 4411 prodigiis
909 4345 958 4390 et
998 4335 1257 4388 virtutibus
1290 4331 1468 4403 (Ibid.
1496 4346 1555 4387 v.
1609 4332 1693 4385 l-l.
1741 4338 1797 4385 et
1842 4330 1967 4403 η).
1990 4332 2131 4397 Quid

548 4443 632 4488 est
672 4431 852 4495 enim,
904 4426 1048 4498 quod
1092 4425 1267 4480 minus
1308 4422 1566 4476 habuistis
1610 4436 1719 4491 prae
1764 4423 1971 4476 caeteris
2021 4422 2128 4478 Ec-

545 4512 763 4579 clesiis?
808 4520 931 4575 Ideo
974 4519 1049 4573 ait
1103 4532 1115 4567 :
1170 4514 1506 4587 Signaculum
1547 4512 1862 4583 apostolatus
1904 4515 2000 4567 mei
2044 4530 2129 4568 ιόε

553 4620 688 4676 estis.
718 4616 854 4675 Nam
878 4624 932 4671 et
958 4615 1108 4685 signa
1135 4610 1369 4678 ostendi,
1398 4618 1453 4664 et
1483 4606 1653 4663 verbo
1673 4606 1861 4673 docui,
1888 4617 1942 4663 et
1983 4607 2126 4677 peri-

553 4712 671 4767 cula
700 4710 856 4777 subii,
885 4719 939 4764 et
965 4707 1127 4762 vitam
1156 4704 1478 4773 inculpatum
1506 4701 1658 4757 duxi.
1693 4703 1760 4757 Et
1793 4702 1907 4756 haec
1949 4703 2127 4756 omnia

553 4810 737 4867 videre
762 4805 886 4859 licet
909 4816 1005 4871 per
1032 4799 1191 4853 hasce
1216 4796 1348 4851 duas
1378 4795 1662 4865 epismlas,
1691 4811 1847 4865 quam
1880 4806 2127 4849 accurate

555 4915 749 4973 nempe
767 4897 883 4951 haec
899 4890 1104 4963 singula
1130 4890 1483 4945 demonstret.
1513 4888 1567 4941 ὅ.
1606 4886 1724 4940 Mea
1771 4887 1993 4955 defensio
2028 4887 2124 4950 iis,

547 4998 636 5068 qui
662 5009 740 5050 me
766 4993 1119 5058 interrogant,
1148 4982 1255 5036 ha-c
1274 4990 1367 5035 est.
1399 4977 1539 5046 Quid
1574 4986 1689 5041 est,
1741 4977 1857 5031 Mea
1902 4979 2126 5049 defensio

548 5088 614 5143 iis
637 5128 652 5151 ,
681 5084 765 5157 qui
788 5097 869 5137 me
894 5081 1243 5147 interrogant,
1276 5074 1382 5127 ἠως
1402 5072 1519 5126 est?
1548 5068 1616 5125 lis
1645 5070 1733 5141 qui
1782 5068 1989 5125 discere
2034 5087 2127 5126 vo-

549 5178 667 5234 lunt
695 5175 960 5233 undeuam
981 5170 1082 5226 sim
1103 5166 1409 5239 apostolus,
1438 5173 1530 5220 aut
1559 5165 1623 5219 iis
1666 5164 1757 5234 qui
1809 5179 1896 5219 me
1942 5165 2125 5219 crimi-

543 5278 738 5328 nantur
767 5275 824 5321 ut
853 5266 942 5335 qui
967 5263 1219 5336 pecunias
1244 5260 1503 5328 accipiam
1530 5301 1546 5324 ,
1576 5268 1667 5312 aut
1697 5258 1760 5313 iis
1789 5258 1877 5328 qui
1904 5273 2120 5312 causam

542 5341 791 5435 quaerunt
812 5371 908 5411 cur
932 5371 1037 5410 non
1058 5352 1313 5423 accipiam
1333 5391 1350 5417 ,
1386 5358 1479 5404 aut
1504 5351 1567 5405 iis
1596 5352 1687 5419 qui
1712 5350 1895 5405 volunt
1940 5360 2122 5405 osten-

544 5455 705 5519 dere,
735 5462 827 5505 me
851 5462 959 5502 non
985 5460 1107 5502 esse
1131 5443 1433 5516 apostolum
1463 5482 1477 5506 ,
1512 5452 1687 5496 vestra
1719 5441 1980 5498 institutio
2003 5484 2017 5505 ,
2069 5450 2123 5496 ct

542 5560 605 5601 ea
632 5559 753 5615 qua:
776 5541 1017 5598 dicturus
1044 5552 1164 5593 sum
1182 5578 1197 5603 ,
1234 5536 1289 5591 in
1316 5534 1828 5590 demonstrationem
1854 5545 1907 5588 et
1935 5534 2120 5589 defen-

540 5633 747 5692 sionem
776 5633 1089 5691 alferuntur.
1120 5629 1373 5697 Quaenam
1399 5634 1578 5680 autem
1606 5626 1733 5680 illa?
1767 5627 1819 5681 4.
1855 5625 2119 5694 Numquid

542 5743 643 5783 non
686 5726 923 5781 habemus
965 5730 1259 5794 potestatem
1306 5718 1650 5773 manducandi
1693 5726 1740 5772 et
1778 5718 2024 5773 bibendi?
2060 5719 2113 5773 5.

537 5816 780 5883 numquid
815 5833 915 5873 non
962 5813 1201 5872 habemus
1251 5820 1543 5881 potestatem
1589 5807 1849 5864 mulierem
1885 5826 2109 5865 sororem

3744 391 3849 450 £72

2251 482 2667 541 circumducendi
2688 487 2715 546 1’
2736 488 3090 561 thuomodo
3104 494 3219 551 inec
3234 496 3478 556 defensio
3498 514 3625 558 sunt
3638 505 3664 558 ἲ
3682 508 3845 577 Quia,

2250 589 2371 629 cum
2400 580 2711 649 apparuerit
2736 598 2823 637 me
2846 584 3007 639 etiam
3032 600 3064 640 a
3091 592 3362 646 concessis
3387 592 3694 663 abstinere,
3729 615 3843 655 non

2245 670 2366 739 jure
2393 671 2447 726 in
2476 674 2836 743 suspicionem
2878 681 3118 736 venerim
3162 684 3304 753 quod
3350 685 3509 743 fallax
3559 690 3663 747 sim
3691 734 3708 757 ,
3757 694 3846 749 vel

2248 761 2392 829 quod
2419 766 2658 832 pecuuize
2686 781 2848 824 causa
2891 770 3095 842 aliquid
3139 770 3351 830 faciam.
3399 779 3475 834 Ea
3515 780 3675 851 igitur
3718 800 3849 856 qua

2250 852 2398 921 prius
2424 855 2568 946 dicta
2596 868 2741 926 sunt,
2773 868 2828 915 et
2854 872 3031 918 vestra
3060 864 3325 933 doctrina,
3348 878 3402 924 et
3425 886 3544 941 qua:
3568 875 3679 943 jam
3700 852 3845 946 dixi,

2248 943 2314 996 ad
2343 943 2711 1005 defensionem
2737 950 2889 1006 vobis
2914 953 3226 1023 sufficiunt;
3255 966 3311 1013 et
3355 959 3613 1019 adversus
3647 943 3846 1023 osunes

2248 1033 2336 1101 qui
2360 1034 2689 1107 interrogant
2715 1056 2803 1096 me
2827 1081 2842 1108 ,
2875 1041 2964 1099 hic
2984 1044 3094 1112 jam
3126 1056 3249 1116 sto,
3280 1058 3336 1105 et
3363 1050 3481 1108 haec
3516 1064 3571 1109 et
3614 1056 3704 1111 illa
3751 1058 3844 1113 di—

2247 1137 2375 1178 cens
2406 1143 2421 1180 :
2450 1127 2634 1182 Annon
2659 1129 2899 1186 habemus
2948 1145 3248 1203 potestatem
3288 1142 3636 1199 manducandi
3674 1156 3725 1200 et
3765 1149 3849 1202 bi-

2246 1214 2395 1270 bendi
2415 1218 2441 1271 ?
2465 1235 2636 1275 annon
2671 1223 2914 1279 habemus
2956 1235 3253 1293 potestatem
3302 1248 3525 1289 sororem
3568 1238 3847 1294 mulierem

2247 1307 2697 1368 circumducendi?
2746 1318 2995 1373 Attamen
3039 1319 3167 1377 licet
3225 1322 3487 1391 habeam,
3565 1329 3842 1389 abstineo.

2245 1396 2384 1463 Quid
2414 1403 2581 1472 ergo?
2624 1418 2731 1459 non
2774 1408 3167 1466 manducabat?
3218 1430 3323 1469 non
3375 1418 3636 1475 bibebat?
3681 1421 3846 1493 Sat-pc

2244 1499 2393 1546 certe
2440 1508 2539 1548 nec
2578 1496 2966 1568 manducabat,
3014 1518 3113 1558 nec
3158 1505 3419 1564 bibebat:
3450 1527 3574 1568 nam
3621 1515 3741 1569 ait:
3774 1516 3846 1571 In

2244 1584 2381 1651 fame
2403 1594 2450 1678 et
2476 1586 2596 1655 siti,
2638 1587 2692 1643 in
2740 1592 2933 1663 frigore
2972 1605 3019 1650 et
3068 1600 3295 1654 nuditate
3348 1602 3423 1669 (2
3448 1604 3567 1659 Cor.
3604 1606 3690 1663 11.
3724 1609 3840 1678 27)

2245 1674 2608 1768 versabamur.
2638 1678 2738 1735 Hic
2770 1691 2950 1739 autem
2994 1702 3102 1743 non
3156 1689 3262 1746 hoc
3304 1690 3472 1760 dicit;
3524 1695 3621 1753 sed
3669 1674 3845 1768 quid?

2243 1767 2360 1823 Non
2392 1771 2777 1828 manducamus
2801 1790 2902 1831 nec
2928 1777 3180 1847 bibimus,
3210 1798 3243 1838 a
3270 1783 3547 1856 discipulis
3567 1767 3845 1861 accipien-

2246 1868 2360 1927 tes,
2388 1863 2597 1919 etiamsi
2626 1874 2941 1933 potestatem
2974 1869 3266 1928 habeamus
3302 1877 3623 1946 accipiendi.
3666 1881 3845 1937 Num-

2244 1950 2367 2020 quid
2395 1969 2497 2007 non
2532 1954 2772 2010 habemus
2811 1969 3108 2027 potestatem
3154 1979 3381 2019 sororem
3429 1969 3691 2025 mulierem
3734 1976 3844 2027 cin-

2242 2043 2609 2112 cumdueendi,
2640 2049 2772 2102 sicut
2801 2060 2848 2104 et
2882 2051 3051 2106 ceteri
3086 2054 3309 2120 apostoli
3330 2065 3378 2111 et
3402 2062 3586 2127 fratres
3620 2061 3841 2119 Domini

2240 2140 2290 2184 et
2314 2131 2511 2203 Cephas
2527 2136 2555 2189 .’

2314 2222 2473 2280 Pauli
2510 2231 3024 2299 sapientia.——Vide
3072 2238 3389 2308 sapientiam
3436 2258 3451 2294 :
3486 2244 3837 2315 curypbatum

2239 2316 2487 2373 ultimum
2511 2322 2692 2389 posuit
2724 2340 2740 2377 :
2770 2340 2893 2379 nam
2922 2327 3069 2396 quod
3098 2329 3239 2384 inter
3262 2332 3437 2401 capita
3470 2332 3664 2392 fortius
3707 2350 3796 2394 est
3818 2381 3837 2404 ,

2240 2417 2368 2464 tunc
2393 2412 2564 2480 ponit.
2588 2412 2777 2484 Neque
2803 2416 2949 2471 enim
2975 2419 3047 2472 ita
3072 2420 3376 2476 mirandum
3402 2435 3555 2492 erat,
3580 2427 3717 2482 alios
3744 2444 3841 2483 os.

2242 2501 2461 2559 tendere
2489 2503 2590 2560 hoc
2614 2506 2891 2573 facientes,
2923 2517 2981 2562 ut
3010 2512 3240 2579 primum
3268 2524 3322 2568 et
3347 2530 3471 2570 eum
3501 2518 3588 2572 cui
3618 2520 3833 2574 traditas

2239 2603 2364 2648 sunt
2392 2594 2574 2651 claves
2600 2598 2748 2667 regni
2774 2600 3051 2655 caelorum.
3084 2600 3350 2659 Caeterum
3379 2621 3485 2661 non
3523 2606 3698 2663 solum
3734 2626 3838 2679 po-

2240 2687 2317 2741 nit
2336 2728 2352 2753 ,
2381 2686 2477 2741 sed
2501 2702 2690 2744 omnes
2713 2732 2730 2757 ,
2759 2704 2825 2746 ac
2839 2691 2887 2746 si
2915 2691 3120 2749 diceret
3146 2710 3163 2749 :
3193 2694 3321 2751 Sive
3365 2697 3649 2755 inferiores
3686 2718 3839 2771 qum-

2239 2792 2327 2832 ras
2351 2778 2465 2834 sive
2492 2780 2800 2849 superiores
2824 2823 2841 2848 ,
2873 2784 3116 2839 omnium
3169 2787 3341 2854 posita
3391 2798 3518 2843 sunt
3558 2795 3835 2861 exempla.

2242 2869 2450 2924 Etcnim
2482 2870 2679 2927 fratres
2706 2873 2920 2930 Domini
2950 2892 2979 2929 a
3004 2877 3182 2945 priore
3200 2879 3574 2937 incredulitate
3596 2883 3834 2954 liberati,

2240 2960 2377 3015 inter
2398 2960 2654 3018 clariores
2682 2974 2864 3029 erant,
2895 2966 2995 3021 etsi
3023 2967 3090 3022 ad
3117 2971 3391 3039 apostolos
3417 2988 3524 3028 non
3572 2989 3837 3043 pervene-

2239 3058 2399 3104 rant:
2432 3050 2664 3122 ideoque
2686 3053 2738 3108 iu
2764 3056 2943 3110 medio
2970 3056 3096 3113 illos
3126 3060 3305 3128 posuit
3330 3101 3345 3123 ,
3378 3064 3605 3118 suiumis
3658 3072 3837 3121 utrin-

2237 3149 2343 3204 que
2375 3136 2584 3204 positis.
2619 3138 2673 3191 6.
2705 3139 2807 3192 Δία
2837 3156 2929 3211 ego
2955 3143 3095 3197 solus
3122 3153 3169 3199 et
3208 3143 3476 3217 Barnabas
3519 3164 3621 3202 non
3669 3152 3835 3207 habe-

2238 3243 2351 3283 mus
2376 3239 2676 3298 potestatem
2704 3247 2805 3285 non
2827 3235 3075 3303 operandi
3097 3234 3172 3309 (α)
3193 3237 3218 3289 ,9
3247 3237 3379 3293 Vide
3398 3240 3759 3299 humilitatem
3781 3254 3837 3299 et

2235 3320 2471 3374 animam
2501 3321 2648 3376 omni
2676 3322 2870 3379 invidia
2902 3325 3151 3393 liberam,
3179 3328 3451 3397 quomodo
3473 3345 3597 3385 eum
3622 3372 3639 3398 ,
3669 3349 3833 3404 quem

2237 3425 2490 3466 curarum
2516 3414 2719 3468 socium
2753 3415 2995 3483 sciebat,
3028 3432 3136 3472 non
3165 3420 3411 3474 tacuerit.
3446 3421 3503 3475 Si
3532 3424 3678 3477 enim
3723 3426 3832 3481 alia

2236 3504 2541 3559 communia
2566 3544 2581 3569 ,
2610 3520 2709 3560 cur
2738 3506 2840 3561 hoc
2865 3524 2972 3562 non
3003 3524 3290 3565 commune
3339 3511 3543 3567 fuerit?
3584 3517 3834 3585 Apostoli

2236 3603 2363 3651 sunt
2390 3604 2445 3650 et
2470 3594 2543 3649 illi
2576 3607 2631 3650 et
2657 3612 2755 3650 nos
2775 3638 2791 3661 ,
2822 3606 2877 3653 et
2902 3599 3055 3654 liberi
3082 3617 3098 3665 ;
3125 3609 3181 3656 et
3204 3598 3477 3658 Christum
3505 3605 3739 3663 vidimus
3776 3620 3834 3664 et

2236 3702 2358 3758 qua:
2382 3687 2744 3757 apostolorum
2771 3698 2927 3746 erant
2948 3690 3311 3747 exhibuimus.
3328 3693 3473 3765 Ergo
3494 3711 3595 3752 nos
3611 3714 3833 3768 quoque

2238 3790 2558 3851 potestatem
2592 3783 2850 3838 habemus
2879 3784 2929 3837 in
2957 3786 3069 3840 otio
3111 3786 3357 3855 vivendi,
3408 3797 3465 3842 et
3498 3790 3756 3847 alimenta
3800 3810 3831 3847 a

2236 3871 2517 3941 discipulis
2561 3873 2881 3942 accipiendi.
2913 3876 2966 3927 7.
3018 3875 3146 3941 Quis
3179 3878 3366 3931 militat
3410 3881 3515 3933 suis
3558 3882 3833 3947 stipendiis

2236 3964 2517 4034 umquam?
2545 3962 2679 4029 Quia
2704 3968 2846 4018 enim
2872 4005 2888 4032 ,
2937 3966 3081 4035 quod
3118 3967 3505 4024 validissimum
3554 3982 3673 4027 erat
3695 4015 3710 4039 ,
3762 3990 3829 4030 ex

2235 4055 2493 4127 apostolis
2523 4056 2797 4121 ostendit,
2829 4058 2973 4128 quod
3017 4074 3213 4130 nempe
3240 4060 3401 4118 liceat
3450 4064 3553 4120 hoc
3599 4065 3828 4136 facere;

2236 4148 2303 4201 ad
2334 4146 2579 4217 exempla
2604 4146 2819 4202 demum
2850 4150 2999 4204 venit
3026 4160 3081 4205 et
3128 4151 3195 4206 ad
3240 4166 3581 4210 communem
3628 4174 3787 4214 usum
3809 4202 3825 4227 ,

2238 4248 2295 4293 ut
2317 4253 2434 4293 mos
2455 4247 2541 4293 est
2565 4236 2638 4291 illi
2660 4236 2854 4296 facere.
2888 4240 3013 4307 Quis
3038 4243 3221 4296 militat
3260 4245 3370 4299 suis
3407 4246 3715 4315 stipendiis?
3746 4250 3830 4303 in-

2240 4332 2372 4401 quit.
2404 4332 2483 4390 Tu
2504 4346 2633 4387 vero
2656 4333 2782 4387 mihi
2814 4336 3112 4405 perpendas
3131 4337 3313 4405 velim,
3343 4353 3501 4408 quam
3521 4352 3826 4408 opportuna

2236 4426 2341 4480 sint
2394 4423 2685 4496 proposita:
2730 4425 2803 4480 rei
2853 4427 3096 4494 exempla
3147 4427 3267 4494 illa,
3321 4438 3375 4483 et
3397 4431 3668 4497 quomodo
3714 4434 3828 4502 pri-

2234 4532 2380 4571 mum
2437 4514 2743 4571 meminerit
2810 4518 3122 4587 perimiosa:
3177 4519 3291 4585 rei,
3346 4519 3582 4585 militiae,
3634 4537 3826 4578 armo-

2235 4625 2353 4665 rum
2383 4618 2439 4666 et
2475 4607 2620 4662 belli.
2663 4607 2973 4679 Huiusmodi
3020 4609 3162 4664 enim
3210 4624 3298 4664 res
3343 4618 3426 4664 est
3465 4616 3824 4681 apostolatus,

2238 4707 2345 4757 imo
2374 4701 2457 4755 his
2483 4701 2649 4755 multo
2674 4702 2864 4771 major.
2903 4701 3085 4772 Neque
3109 4701 3251 4755 enim
3281 4702 3536 4759 adversus
3562 4705 3819 4761 homines

2238 4804 2443 4850 tantum
2472 4792 2672 4848 bellum
2702 4795 2832 4866 ipsis
2859 4804 3013 4860 erat,
3043 4791 3138 4847 sed
3166 4804 3221 4847 et
3246 4792 3500 4850 adversus
3541 4796 3823 4855 dmmones

2236 4899 2289 4943 et
2325 4887 2616 4957 principem
2640 4888 2851 4947 illorum
2876 4889 3138 4945 instructa
3173 4885 3335 4944 acies.
3364 4887 3477 4945 Hoc
3501 4901 3587 4947 est
3612 4904 3822 4958 autem,

2233 4980 2377 5053 quod
2422 4982 2592 5039 dicit:
2625 4984 2808 5055 Neque
2850 4981 3059 5039 externi
3104 4981 3372 5051 principes
3417 4984 3519 5039 hoc
3559 4986 3823 5057 exigunt,

2236 5080 2364 5134 saevi
2392 5078 2515 5134 licet
2539 5088 2592 5135 et
2620 5079 2786 5149 iniqui
2806 5118 2821 5141 .
2852 5086 2909 5132 ut
2934 5074 3129 5129 milites
3158 5074 3357 5129 bellum
3384 5088 3571 5145 gerant
3595 5087 3648 5133 et
3671 5079 3823 5148 peri-

2231 5172 2355 5228 cula
2374 5172 2570 5229 adeant
2592 5214 2607 5239 ,
2639 5186 2813 5242 exque
2861 5170 2974 5225 suis
3020 5166 3361 5224 facultatibus
3396 5172 3609 5226 alantur
3638 5189 3651 5223 :
3684 5186 3826 5238 quo-

2233 5267 2391 5323 modo
2431 5283 2560 5338 ergo
2602 5266 2849 5321 Christus
2881 5262 2985 5317 hoc
3012 5276 3261 5331 umquam
3311 5264 3595 5335 exegerit?
3630 5263 3823 5331 Neque
3932 5338 3935 5341 ι

2232 5374 2337 5415 uno
2360 5369 2643 5416 contentus
2668 5365 2749 5412 est
2773 5352 3042 5424 exemplo.
3081 5352 3212 5409 Nam
3242 5354 3321 5410 vel
3352 5355 3731 5426 simpliciorem
3758 5362 3823 5407 et

2230 5456 2548 5510 crassiorem
2576 5452 2678 5506 hoc
2721 5448 2957 5502 maxime
2984 5446 3136 5502 sedat
3180 5458 3234 5504 et
3280 5448 3475 5518 placat.
3510 5461 3630 5499 cum
3660 5441 3816 5499 videt

2227 5561 2564 5602 communem
2602 5539 3044 5598 consuetudinem
3073 5555 3192 5597 cum
3224 5540 3315 5595 Dei
3354 5536 3561 5605 legibus
3576 5548 3817 5589 consen-

2229 5653 2343 5696 ΕΓΒ.

2287 5757 2359 5817 (α)
2384 5756 2439 5805 ιη
2463 5752 2668 5819 vagata
2684 5748 2865 5819 legite?
2891 5754 3011 5819 aut
3032 5741 3565 5819 canerecanere

2225 5803 2498 5884 potestdtem
2514 5803 2601 5864 Ιιόὶ
2626 5803 2860 5875 operandt'
2889 5809 2913 5861 Σ)
2936 5810 2988 5861 Id
3008 5803 3134 5872 qtiod
3148 5806 3416 5856 etiamcum
3438 5806 3571 5855 serie
3583 5803 3811 5867 quibus.
