4084 6328
513 358 619 415 175

574 472 750 541 γ’.Διδ
773 471 866 525 καὶ
890 470 975 539 ἐφ’
998 470 1184 541 ἕτερον
1208 469 1719 540 πρόεισι,καίφησι·
1746 468 1841 535 Τίς
1855 466 2094 537 φυτεύει

508 555 855 627 ἀμπελῶνα,
886 556 985 608 καί
1013 556 1083 608 ἐκ
1116 554 1224 608 τοῦ
1255 553 1492 621 καρποῦ
1520 552 1707 607 αὐτοῦ
1741 554 1852 605 οὐκ
1878 550 2083 612 ἐσθίει,

513 643 593 694 Δι’
627 640 838 693 ἐκείνου
875 638 975 709 μὲν
1030 638 1141 708 γάρ
1171 635 1299 698 τοὺς
1329 635 1631 701 κινδύνους,
1658 635 1747 688 διά
1793 635 1849 688 δὲ
1896 632 2091 687 τούτου

511 726 602 778 τὸν
632 724 796 777 πόνον
822 724 917 775 καὶ
953 722 1052 793 τὴν
1104 720 1310 791 πολλὴν
1356 720 1736 791 ταλαιπωρίαν
1772 719 1867 773 καὶ
1897 717 2093 787 ἐπιμέ-

510 814 661 865 λειαν
700 808 954 876 ἐνέφηνε.
991 802 1105 857 Kal
1128 804 1308 873 τρίτον
1343 801 1505 858 πάλιν
1531 803 1837 874 ὑπόδειγμα
1868 800 2094 872 προστί-

511 894 661 961 θησι,
690 891 866 959 λέγων
886 907 899 919 ·
961 888 1057 952 Τίς
1093 888 1393 957 ποιμαίνει
1435 887 1719 955 ποίμνην,
1768 886 1866 939 καὶ
1893 885 1963 938 ἐκ
1986 883 2092 937 τοῦ

510 977 815 1046 ⁸γάλακτος
849 971 1041 1039 αὐτῆς
1070 972 1181 1024 οὐκ
1212 972 1439 1034 ἐσθίει;
1485 970 1594 1040 Τὴν
1630 969 1957 1039 κηδεμονίαν
1995 966 2093 1037 τὴν

512 1060 716 1130 πολλὴν
764 1058 864 1127 τὴν
915 1056 1222 1126 διδασκάλῳ
1257 1056 1577 1125 πρέπουσαν
1609 1054 1737 1124 περὶ
1766 1056 1891 1117 τοὺς
1930 1054 2093 1123 ἀρχο-

515 1144 711 1213 μένους
763 1140 1155 1194 ὲπιδείκνυται.
1205 1139 1313 1191 Kal
1343 1138 1453 1209 γάρ
1504 1137 1598 1189 καὶ
1634 1136 1968 1209 στρατιῶται
1999 1134 2094 1191 καὶ

510 1226 747 1296 γεωργοὶ
782 1226 875 1277 καὶ
932 1224 1189 1292 ποιμένες
1235 1218 1375 1293 ἦσαν
1420 1224 1468 1275 οί
1515 1221 1826 1283 ἀπόστολοι,
1877 1220 1939 1271 οὑ
1986 1219 2093 1287 γῆς

509 1311 630 1363 οὐδὲ
670 1309 880 1376 ἀλόγων
916 1306 1037 1358 οὑδὲ
1070 1305 1323 1375 πολέμων
1351 1304 1629 1376 αἰσθητῶν
1669 1313 1712 1367 ⁸,
1741 1300 1879 1354 ἀλλὰ
1906 1300 2093 1372 ψυχῶν

510 1392 744 1461 λογικῶν
774 1392 869 1443 καὶ
917 1390 1016 1459 τῆς
1052 1389 1189 1459 πρὸς
1221 1389 1347 1451 τοὺς
1394 1387 1657 1456 δαίμονας
1708 1384 2091 1455 παρατάξεως.

510 1472 940 1547 Παρατηρητέον
988 1472 1045 1524 δὲ
1094 1473 1336 1536 κάκεῖνο,
1362 1472 1513 1533 ὅπως
1540 1468 1812 1539 πανταχοῦ
1838 1467 1936 1539 τὴν
1965 1486 2028 1521 συ
2037 1486 2096 1537 μ·

511 1561 740 1631 μετρίαν
780 1554 1040 1626 ἐφύλαξε,
1074 1556 1136 1607 τὸ
1166 1554 1424 1623 χρειῶδες
1462 1552 1640 1623 ζητῶν
1672 1552 1853 1623 μόνον,
1887 1550 2005 1621 οὐχὶ
2034 1550 2095 1603 τὸ

509 1644 788 1716 περιττόν.
845 1642 921 1693 Οὑ
972 1639 1083 1709 γὰρ
1128 1634 1272 1699 εἷπε,
1326 1638 1421 1700 Τίς
1480 1637 1856 1707 στρατεύεται,
1895 1636 1989 1687 καὶ
2031 1635 2093 1687 οὑ

510 1728 763 1782 πλουτεῖ·
802 1724 962 1787 ἀλλά,
1001 1722 1095 1786 Τίς
1147 1722 1536 1790 στρατεύεται
1587 1720 1761 1783 ἰδίοις
1811 1716 2095 1786 ὀψωνίοις

510 1811 697 1874 ποτές
740 1808 865 1862 οὑδὲ
919 1803 1066 1867 εἷπε,
1103 1805 1199 1867 Τίς
1253 1803 1476 1873 φυτεύει
1514 1801 1835 1870 ἀμπελῶνα,
1886 1800 1981 1853 καὶ¹
2032 1802 2092 1852 οὐ

510 1896 734 1962 συνάγει
758 1890 1003 1962 χρυσίον,
1035 1890 1067 1958 ἢ
1099 1890 1189 1941 τὸν
1226 1888 1438 1957 καρπὸν
1468 1886 1761 1956 ὁλόκληρον
1786 1886 1846 1937 οὑ
1884 1885 2093 1955 τρυγᾷ;

510 1979 648 2041 ἀλλ’,
680 1978 776 2029 Ἐκ
809 1974 915 2027 τοῦ
935 1972 1169 2040 καρποῦ
1193 1970 1380 2024 αὑτοῦ
1404 1971 1516 2023 οὐκ
1540 1970 1767 2031 ἐσθίει;
1801 1967 1922 2021 οὺδέ
1950 1965 2094 2032 εἷπε,

511 2064 607 2125 Τίς
658 2058 936 2129 ποιμαίνει
996 2056 1255 2125 ποίμνην,
1287 2054 1381 2107 καὶ
1430 2052 1529 2107 οὑκ
1563 2052 1929 2123 ἐμπορεύεται
1971 2054 2097 2116 τοὺς

512 2150 713 2219 ἅρνας;
767 2142 906 2197 ἀλλὰ
957 2142 1113 2205 πῶς;
1163 2139 1272 2194 Καὶ
1314 2139 1387 2190 ἐκ
1435 2136 1543 2191 τοῦ
1573 2140 1877 2219 γάλακτος
1904 2134 2097 2219 αὐτῆς

511 2218 624 2284 οὐκ
658 2228 881 2288 ἐσθίει;
918 2225 1017 2277 οὑκ
1067 2226 1131 2275 ἐκ
1161 2222 1269 2274 τῶν
1308 2221 1512 2291 ἀρνῶν,
1548 2220 1663 2272 ἀλλ’
1698 2218 1801 2272 Ἐκ
1837 2218 1949 2273 τοῦ
1995 2219 2095 2289 τᾴ-

514 2314 767 2373 λακτος·
809 2309 1024 2370 δεικνὺς
1079 2304 1351 2376 [185]ὅτι
1404 2304 1576 2373 μικρᾷ
1626 2301 1954 2373 παραμυθίᾳ
2007 2300 2098 2354 τὸν

512 2392 834 2448 διδάσκαλον
891 2388 1177 2460 ἀρκεῖσθαι
1218 2386 1319 2451 δεῖ,
1372 2386 1470 2439 καὶ
1519 2388 1584 2456 τῆ
1633 2384 1908 2455 ἀναγκαίᾳ
1962 2384 2097 2453 μόνῃ

512 2480 713 2547 τροφῇ.
740 2474 926 2526 Ταῦτα
969 2471 1107 2542 πρὸς
1154 2472 1282 2533 τοὺς
1329 2469 1690 2540 βουλομένους
1731 2469 1909 2522 πάντα
1970 2484 2101 2520 κατ-

514 2561 714 2616 εσθίειν
750 2557 843 2611 xal
869 2556 961 2609 τὸν
992 2555 1203 2624 καρπὸν
1230 2554 1521 2624 ὁλόκληρον
1551 2554 1780 2623 τρυγᾷν.
1804 2550 1960 2603 Οὑτω
2005 2550 2100 2602 καὶ

514 2648 543 2697 δ
576 2644 795 2713 ,Κύριος
849 2639 1228 2710 ἐνομοθέτησε,
1265 2636 1460 2704 λέγων·
1513 2635 1708 2701 Ἄξιος
1766 2637 1799 2687 ό
1848 2634 2101 2702 ἐργάτης

516 2725 625 2794 τῆς
662 2723 891 2794 τροφῆς
948 2723 1137 2778 αὑτοῦ
1176 2722 1367 2773 ἐστιν.
1404 2718 1479 2771 Οὑ
1513 2717 1673 2770 τοῦτο
1725 2718 1782 2770 6%
1828 2719 1989 2786 μόνον
2012 2717 2101 2769 διὰ

515 2811 624 2864 τῶν
650 2806 1066 2877 ὑποδειγμάτων
1089 2802 1513 2865 κατασκευάζει,
1545 2800 1679 2854 ἀλλά
1711 2800 1805 2853 καὶ
1829 2800 2101 2854 δείκνυσιν

515 2895 699 2949 ὁποῖον
728 2886 867 2944 εἶναι
904 2889 1010 2960 χρὴ
1050 2887 1140 2940 τὸν
1174 2888 1343 2958 ἱερέα.
1380 2886 1491 2937 Καὶ
1516 2884 1624 2955 γάρ
1658 2882 1990 2953 στρατιώτου
2015 2884 2104 2937 ἀν-

515 2976 697 3049 δρείαν
742 2973 1042 3041 κεκτῆσθαι
1079 2970 1161 3022 δεῖ
1189 2971 1284 3023 καὶ
1332 2967 1581 3037 γεωργοῦ
1637 2966 1957 3035 ἐπιμέλειαν
2007 2968 2102 3020 καὶ

517 3058 777 3129 ποιμένος
818 3054 1171 3126 κηδεμονίαν,
1216 3053 1311 3105 καὶ
1356 3051 1497 3121 μετά
1518 3050 1693 3102 ταῦτα
1721 3050 1899 3102 πάντα
1936 3050 2101 3119 μηδὲν

517 3144 680 3200 πλέον
701 3142 811 3196 τῶν
835 3138 1153 3207 ἀναγκαίων
1191 3135 1394 3206 ζητεῖν.
1438 3135 1630 3201 Δείξας
1662 3136 1843 3188 τοίνυν
1871 3135 1966 3188 καὶ
1993 3135 2103 3186 ἀπὸ

517 3227 630 3282 τῶν
656 3222 993 3287 ἀποστόλων,
1026 3222 1108 3273 ὅτι
1139 3220 1198 3271 οὑ
1228 3217 1536 3270 κεκώλυται
1566 3217 1864 3285 λαμϐάνειν
1896 3216 1988 3269 τὸν
2020 3216 2100 3268 δι-

518 3309 807 3371 δάσκαλον,
860 3309 954 3359 καὶ
996 3305 1105 3357 ἀπὸ
1134 3304 1242 3355 τῶν
1270 3301 1414 3355 κατά
1445 3302 1540 3354 τὸν
1573 3301 1687 3371 βίον
1722 3301 2101 3371 παραδειγμά-

519 3410 653 3456 των,
705 3392 802 3444 καὶ
853 3390 947 3441 ἐπὶ
996 3388 1182 3457 τρίτον
1249 3385 1277 3423 δ
1327 3385 1623 3453 κεφάλαιον
1669 3383 1908 3455 ἔρχεται,
1958 3384 2103 3436 οὑτω

519 3476 715 3546 λέγων·
750 3473 847 3542 Μὴ
875 3470 1026 3525 κατὰ
1065 3468 1382 3535 ἄνθρωπον
1414 3467 1603 3520 ταῦτα
1631 3466 1837 3531 ,καλῶς
1880 3469 1919 3535 ἦ
1963 3467 2100 3536 οὐχί

518 3560 619 3615 καὶ
653 3563 684 3612 ό
722 3558 908 3625 νόμος
944 3553 1132 3607 ταῦτα
1164 3549 1366 3619 λέγεις
1411 3549 1630 3617 Ἐπειδὴ
1678 3550 1785 3621 γὰρ
1828 3551 1966 3605 τέως
1994 3552 2101 3603 ἀπὸ

520 3642 755 3715 Γραφῶν
806 3638 961 3692 οὐδὲν
1019 3630 1193 3696 εἶπεν,
1243 3632 1378 3687 ἀλλὰ
1422 3633 1521 3701 τὴν
1574 3632 1758 3702 κοινὴν
1816 3634 2102 3702 συνήθειαν

522 3725 880 3796 προεϐάλετο,
924 3718 1016 3790 Μὴ
1059 3716 1337 3796 νομίσητέῌ
1356 3732 1445 3785 με,
1471 3716 1627 3785 φησὶ,
1654 3715 1863 3779 τούτοις
1891 3718 2103 3787 ἰσχυρί-

524 3794 713 3876 ζεσθαι
760 3807 961 3875 μόνοις,
1016 3802 1148 3872 μηδέ
1178 3802 1271 3868 ἀφ’
1304 3794 1380 3854 ὧν
1428 3803 1541 3862 τοῖς
1570 3799 1880 3868 ἀνθρώποις
1930 3801 2099 3865 δοκεῖ,

524 3893 698 3947 ταῦτα
727 3888 1059 3958 νομοθετεῖν.
1088 3886 1237 3951 Ἐχω
1280 3883 1387 3950 γάρ
1429 3882 1620 3944 δεῖξαι,
1655 3883 1735 3932 ὅτι
1765 3884 1857 3933 καὶ
1885 3882 1963 3949 τῷ
1984 3882 2106 3950 Θεῷ

524 3974 699 4029 ταῦτα
733 3971 901 4033 δοκεῖ,
952 3967 1045 4019 καὶ
1077 3965 1308 4016 παλαιὸν
1352 3960 1713 4029 ἀναγινώσκω
1739 3961 1903 4030 νόμον
1933 3961 2108 4016 ταῦτα

524 4055 836 4113 κελεύοντα.
870 4049 959 4102 Διὸ
985 4048 1080 4102 καὶ
1106 4046 1226 4100 κατ’
1257 4044 1525 4115 ἐρώτησιν
1556 4043 1786 4113 προάγει
1812 4042 1904 4096 τὸν
1925 4043 2103 4112 λόγον,

523 4145 661 4209 ὅπερ
704 4137 798 4190 ἐπὶ
830 4134 939 4188 τῶν
968 4132 1174 4202 σφόδρα
1216 4128 1657 4201 ὡμολογημένων
1694 4127 1929 4196 γίνεται,
1964 4128 2107 4183 οὕτω

526 4226 736 4291 λέγων·
780 4218 876 4286 Μὴ
928 4215 1079 4270 κατὰ
1125 4216 1441 4281 ἄνθρωπον
1473 4212 1662 4266 ταῦτα
1706 4212 1901 4281 λέγως
1934 4214 2106 4268 Τουτ-

528 4305 669 4366 έστι,
740 4302 833 4369 Μὴ
888 4299 947 4361 ἐξ
995 4297 1353 4365 ἀνθρωπίνων
1419 4295 1597 4363 μόνων
1643 4295 2105 4366 παραδειγμάτων

532 4383 914 4458 ἰσχυρίζομαι;
952 4376 1030 4432 'B
1089 4376 1227 4445 οὐχὶ
1267 4376 1367 4458 καὶ
1415 4380 1447 4429 ό
1483 4379 1669 4443 νόμος
1698 4379 1886 4431 ταῦτα
1909 4381 2104 4451 λέγει;

543 4457 645 4527 Ἑν
677 4470 787 4538 γὰρ
820 4464 900 4530 τῷ
930 4463 1091 4531 νόμῳ
1135 4457 1432 4524 Μωῦσέως
1486 4458 1841 4526 γέγραπται·
1887 4464 1968 4513 Οὐ
2014 4481 2106 4529 φι-

525 4555 748 4626 μώσεις
778 4549 940 4615 ,βοῦν⁹
970 4545 1264 4602 ἀλοῶντα.
1312 4542 1422 4626 Καὶ
1461 4540 1607 4626 τίνος⁵
1642 4539 1838 4626 ἕνεκεν
1859 4542 2106 4626 ἐμνήσθη

530 4621 743 4698 τούτου,
771 4633 832 4687 τὸ
879 4630 986 4684 τῶν
1010 4628 1199 4698 ἱερέων
1220 4624 1530 4694 ὑπόδειγμα
1573 4622 1746 4693 ἐχων;
1784 4621 1878 4675 Ἐκ
1903 4625 2108 4694 πολλῆς

532 4724 629 4792 τῆς
650 4714 967 4787 περιουσίας
992 4711 1123 4763 αὐτὸ
1150 4709 1561 4792 κατασκευάσαι
1586 4706 1922 4777 βουλόμενος.
1952 4702 2104 4792 Εἶτα,

534 4791 624 4858 ἵνα
652 4802 726 4872 μή
752 4815 835 4861 τις
866 4795 1021 4865 λέγῃ,
1048 4794 1157 4845 Καὶ
1181 4791 1235 4842 τί
1263 4791 1399 4861 πρὸς
1423 4792 1570 4861 ἡμᾶς
1594 4793 1656 4844 τὸ
1687 4793 1813 4863 περὶ
1839 4792 1947 4844 τῶν
1971 4791 2108 4862 βοῶν

533 4885 855 4959 εἰρημένον;
902 4876 1490 4959 ἐπεξεργάζεταιᾼαὺτὸ
1526 4876 1662 4959 μετά
1702 4878 1987 4959 ἀκριϐείας
2017 4876 2106 4929 λέ-

533 4956 679 5041 ww}
726 4967 823 5035 Μὴ
882 4962 1001 5018 τῶν
1052 4958 1221 5024 ,βοῶν
1270 4956 1441 5027 μέλει
1487 4957 1567 5041 τῷ
1612 4958 1769 5024 Θεῷ;
1822 4961 1895 5013 Οὑ
1958 4960 2107 5031 μέλει

532 5040 627 5109 οὖν
655 5052 785 5121 περὶ
817 5048 927 5102 τῶν
963 5044 1122 5116 βοῶν,
1173 5042 1296 5095 εἰπέ
1334 5058 1444 5110 μοι.
1475 5040 1552 5110 τῷ
1597 5042 1753 5111 Θεῷς
1807 5044 1973 5096 Μέλει
2011 5044 2107 5113 μὲν

533 5132 648 5200 οὖν,
683 5137 781 5204 οὐχ
805 5132 947 5185 οὑτω
982 5130 1058 5193 δὲ,
1094 5128 1168 5189 ώς
1199 5127 1292 5178 καὶ
1331 5124 1494 5193 νόμον
1523 5124 1691 5178 θεῖναι
1724 5127 1864 5197 ὑπὲρ
1891 5126 2103 5201 τούτου.

540 5222 707 5273 Ὥστε
750 5202 811 5267 έι
861 5214 935 5283 μὴ
974 5213 1117 5283 μέγα
1168 5228 1221 5262 τι
1282 5209 1547 5279 ᾐνίττετο,
1607 5202 1968 5280 ἐγγυμνάξων
1997 5214 2107 5274 τοῖς

535 5304 751 5371 ἀλόγοις
808 5299 933 5359 τοὺς
982 5294 1267 5355 Ἰουδαίους
1301 5294 1381 5355 εἰς
1412 5292 1471 5343 τὸ
1498 5288 1635 5343 εἶναι
1668 5292 2102 5365 φιλανθρώπους,

536 5388 629 5439 καὶ
680 5382 791 5439 ἀπὸ
838 5379 1044 5432 τούτων
1074 5376 1332 5445 καὶπερὶ
1379 5375 1487 5427 τῶν
1537 5374 1874 5427 διδασκάλων
1923 5377 2108 5439 αὐτοῖς

532 5468 937 5536 διαλεγόμενος,
976 5461 1077 5513 οὐκ
1106 5460 1170 5513 ῖιν
1207 5459 1479 5529 τοσαύτην
1522 5460 1812 5527 ἐποιήσατο
1849 5460 2105 5530 σπουδὴν,

532 5554 608 5616 ὡς
636 5550 732 5604 καὶ
760 5549 922 5617 νόμον
945 5542 1155 5614 γράψαι
1194 5545 1334 5615 ὑπὲρ
1365 5542 1459 5596 τοῦ
1514 5544 1589 5613 μὴ
1634 5541 1940 5613 κημοῦσθαι
1982 5548 2107 5609 τοὺς

537 5634 683 5697 ϐοῦς.
722 5628 1003 5685 Ἐντεῦθεν
1050 5627 1142 5680 καὶ
1185 5626 1369 5696 ἔτερόν
1414 5644 1466 5678 τι
1510 5626 1773 5691 δείκνυσι,
1819 5626 1984 5681 πολὺν
2016 5628 2107 5680 τὸν

597 5808 622 5837 ⁸
638 5807 783 5867 Reg.,
798 5804 853 5851 οὐ
879 5805 929 5852 6%
951 5804 1135 5864 ἀλόγων
1156 5806 1263 5853 οὐδὲ
1283 5806 1503 5865 πολέμων
1526 5806 1779 5866 αἰσθητῶν,
1798 5814 1954 5855 reclc.
1983 5809 2105 5860 Edlli

537 5882 680 5934 vero,
710 5868 822 5918 οὐδὲ
844 5867 1065 5926 πολέμων
1083 5868 1285 5929 ἀλόγων.
1356 5869 1380 5904 δ
1407 5868 1553 5930 Reg.,
1589 5870 1828 5931 τέταρτον,
1860 5870 2003 5919 male.

1207 350 1265 405 S.
1304 348 1591 406 JOANNIS
1628 346 2116 404 CHRYSOSTOMI
2151 345 2474 405 ARCHIEP.
2513 347 3061 406 CONSTANTINOP.

3612 352 3621 360 ’
3684 352 3789 408 I75

2203 466 2363 522 πόνον
2390 468 2498 523 τῶν
2536 470 2874 525 διδασκάλων
2892 473 2987 525 καὶ
3017 472 3166 538 δντα,
3190 474 3282 526 καὶ
3308 469 3448 526 εἶναι
3473 472 3788 542 ὀφείλοντα·

2204 552 2299 603 καὶ
2329 552 2517 624 ἕτερον
2551 554 2733 610 πάλιν.
2784 554 2943 609 Ποῖον
2976 555 3040 625 δὴ
3072 554 3265 623 τοῦτο;
3300 558 3425 609 Ὀτι
3468 557 3686 624 ὅσαπερ
3718 556 3789 608 ἂν

2201 634 2343 704 ὑπὲρ
2371 636 2471 706 τῆς
2503 639 2609 690 τῶν
2636 639 2847 707 ἀλόγων
2871 639 3191 709 ἐπιμελείας
3218 640 3369 709 παρά
3404 640 3506 710 τῆς
3537 640 3791 702 Παλαιᾶις

2203 717 2453 787 λέγηται,
2490 722 2925 793 προηγουμένως
2950 723 3032 784 είς
3059 722 3158 792 τὴν
3182 722 3293 774 τῶν
3316 722 3624 792 ἀνθρώπιον
3656 740 3791 775 συν⁹

2201 804 2345 857 τελεί
2370 805 2718 859 διδασκαλίαν
2742 823 2757 837 ·
2794 806 2984 874 ὥσπερ
3013 802 3107 859 οῦν
3140 807 3236 860 καὶ
3267 805 3335 859 τὰ
3362 806 3499 861 ἀλλα
3546 808 3787 871 ἅπαντα,

2201 881 2312 941 οἷον
2342 888 2412 941 τὰ
2460 890 2587 960 περὶ
2640 889 2870 960 ἱματίων
2899 889 3182 966 ποικίλων,
3216 889 3313 942 καὶ
3339 887 3408 941 τὰ
3436 890 3565 959 περὶ
3598 891 3788 960 ἀμπι-

2202 968 2387 1025 λώνων
2434 972 2528 1025 καὶ
2559 974 2894 1042 σπερμάτων
2929 974 3023 1026 καὶ
3050 971 3144 1025 τοῦ
3190 972 3267 1043 μὴ
3309 971 3565 1041 διάφορον
3610 974 3789 1026 ποιεῖν

2200 1052 2301 1125 τὴν
2342 1054 2467 1125 γῆν,
2502 1056 2573 1108 τά
2625 1056 2757 1125 περὶ
2799 1055 3029 1125 λέπρας,
3065 1054 3161 1108 καὶ
3188 1054 3257 1108 τά
3284 1053 3443 1117 ἀλλα,
3470 1054 3547 1116 ὼς
3586 1053 3786 1118 εἰπεῖν,

2204 1136 2440 1193 ἅπαντα.
2491 1141 2827 1211 Παχυτέροις
2854 1140 2964 1210 γάρ
3013 1136 3161 1194 οὖσιν
3202 1138 3452 1193 ἐντεῦθεν
3492 1135 3789 1204 διελέγετο,

2204 1221 2344 1273 κατὰ
2374 1223 2573 1294 μικρὸν
2613 1222 2963 1287 ἀναϐιϐάζων
2994 1220 3210 1285 αὑτούς.
3239 1222 3351 1275 Kal
3376 1222 3479 1292 ὅρα
3503 1219 3623 1283 πῶς
3651 1220 3791 1274 αὐτὸ

2201 1306 2321 1360 οὑδέ
2355 1308 2756 1373 κατασκευάζει
2784 1307 2990 1370 λοιπὸν,
3020 1306 3116 1359 ἀτε
3147 1306 3383 1375 φανερὸν
3413 1306 3472 1359 δν
3505 1304 3789 1358 καὶαίηό-

2204 1389 2295 1441 θεν
2323 1389 2503 1457 δῆλον.
2561 1390 2903 1461 Είπὼνγάρ,
2952 1388 3048 1457 Μὴ
3095 1388 3216 1442 τῶν
3258 1387 3430 1453 ,Βοῶν
3487 1388 3657 1457 μέλει
3704 1384 3792 1450 τῷ

2206 1470 2369 1537 dati);
2400 1474 2704 1544 ἐπήγαγεν,
2740 1470 2817 1529 Ἦ
2847 1474 2923 1527 δι’
2954 1472 3113 1543 ἡμᾶς
3156 1471 3400 1537 πάντως
3428 1472 3590 1541 λέγει
3616 1488 3631 1534 ;
3666 1469 3793 1524 οὑδὲ.

2203 1557 2283 1618 τὸ,
2319 1557 2582 1622 Πάντως,
2616 1558 2803 1620 ἁπλῶς
2843 1558 3129 1627 προσθεὶς,
3171 1556 3287 1610 ἀλλ’
3334 1557 3422 1608 ἵνα
3460 1556 3535 1626 μὴ
3571 1572 3794 1624 συγχω-

2206 1642 2351 1711 ρήσῃ
2384 1641 2507 1709 μηδ’
2533 1642 2711 1694 ὁτιοῦν
2736 1644 3011 1694 ἀντειπεῖν
3037 1642 3115 1711 τῷ
3146 1643 3414 1713 ἀκροατῇ.
3446 1641 3558 1693 Kal
3589 1638 3795 1709 ἐπιμέ-

2203 1740 2284 1775 νει
2332 1725 2398 1793 τῇ
2451 1725 2736 1793 μεταφορᾷ
2798 1722 2973 1790 λέγων
3006 1728 3121 1776 -καὶ
3175 1724 3651 1793 ἀποφαινόμενος·
3710 1720 3793 1773 Δι’

2204 1802 2365 1872 ἡμᾶς
2396 1805 2507 1875 γὰρ
2533 1805 2783 1875 ἐγράφη,
2828 1806 2919 1859 ὅτι
2967 1805 3059 1859 ἐπ’
3103 1805 3306 1858 ἐλπίδι
3337 1807 3569 1874 ὀφείλει
3597 1807 3629 1857 ὀ
3652 1804 3795 1871 dpo-

2204 1887 2383 1954 τριῶν
2442 1887 2762 1956 ἀροτριᾷν·
2820 1888 3189 1958 τουτέστιν,,ὁ
3231 1886 3550 1947 διδάσκαλος
3584 1885 3797 1953 ὀφείλει

2203 1974 2313 2024 τῶν
2342 1973 2519 2026 πόνων
2569 1972 2668 2036 τάς
2720 1973 2957 2044 ἀμοιϐὰς
2993 1974 3167 2043 ἔχειν·
3220 1972 3320 2026 καί
3362 1975 3395 2025 ὁ
3448 1971 3650 2025 ἀλοῶν
3682 1969 3796 2036 τῆς

2205 2054 2456 2122 ἐλπίδος
2506 2057 2696 2111 αὐτοῦ
2745 2057 3026 2128 μετέχειν
3065 2054 3216 2128 [18η
3266 2055 3360 2108 ἐπ’
3414 2054 3641 2109 ἐλπίδι.
3682 2055 3797 2109 Καὶ

2209 2136 2307 2189 θέα
2343 2139 2577 2193 σύνεσιν.
2617 2140 2751 2192 Ἀπὸ
2791 2141 2899 2209 γὰρ
2930 2126 3026 2192 τοῦ
3060 2126 3261 2211 σπόρου
3307 2139 3401 2191 ἐπὶ
3437 2138 3537 2208 τὴν
3578 2136 3693 2191 ἅλω
3731 2136 3797 2189 τὸ

2208 2223 2442 2291 πρᾶγμα
2490 2224 2813 2293 μετήνεγκε,
2864 2222 3029 2276 πάλιν
3062 2220 3345 2276 κάνταῦθα
3389 2223 3518 2284 τοὺς
3562 2221 3794 2283 πολλοὺς

2211 2304 2442 2374 ἱδρῶτας
2491 2305 2598 2358 τῶν
2630 2305 2970 2359 διδασκάλων
3022 2306 3331 2376 ἐμφαίνων,
3363 2305 3446 2357 ὅτι
3496 2305 3654 2357 αὐτοὶ
3697 2304 3797 2356 καὶ

2208 2389 2508 2458 ἀροτριῶσι
2545 2388 2639 2441 xal
2686 2389 2787 2457 τὴν
2820 2388 2933 2442 am
2967 2390 3235 2459 τρίϐουσι.
3284 2387 3397 2440 Kal
3441 2383 3536 2439 ἐπὶ
3564 2388 3666 2456 μὲν
3696 2386 3795 2439 τοῦ

2208 2470 2490 2540 ἀροτριᾷν,
2538 2470 2728 2541 ἐπειδὴ
2764 2471 2918 2524 οὐδὲν
2954 2468 3023 2542 ἦν
3074 2470 3500 2542 καρπώσασθαι,
3536 2469 3672 2523 ἀλλά
3697 2470 3795 2521 πό-

2210 2569 2318 2614 νον,
2378 2551 2477 2621 τὴν
2526 2552 2718 2605 ἐλπίδα
2747 2553 3031 2607 τέθεικεν·
3068 2555 3161 2607 ἐπὶ
3212 2553 3271 2606 δὲ
3319 2551 3414 2606 τοῦ
3458 2552 3669 2623 τρίϐειν
3693 2551 3796 2623 τὴν

2212 2636 2346 2700 ἅλω,
2377 2636 2477 2707 ήδη
2530 2637 2632 2708 τὴν
2683 2638 2986 2691 ἀπόλαυσιν
3042 2639 3337 2710 ἐχαρίσατο
3386 2635 3580 2695 λέγων·
3615 2638 3725 2690 Καὶ
3762 2637 3796 2691 ό

2209 2719 2411 2774 ἀλοῶν
2446 2720 2558 2790 τῆς
2588 2721 2842 2787 ἐλπίδος
2870 2722 3061 2776 αὑτοῦ
3087 2722 3343 2791 μετέχει.

2280 2800 2344 2857 6'.
2375 2798 2527 2866 Εῐτα,
2548 2804 2635 2857 ἵνα
2672 2806 2747 2875 μὴ
2768 2806 2899 2876 λέγῃ
2916 2822 3023 2869 τις,
3046 2805 3192 2874 Αὕτη
3222 2802 3361 2875 οὖνὴ
3389 2804 3495 2856 τῶν
3521 2803 3797 2857 τοσούτων

2215 2886 2455 2958 ἱδρώτων
2491 2889 2741 2959 ἀμοιϐή;
2784 2890 3149 2960 προσέθηκεν,
3192 2890 3310 2941 Ἐπ’
3362 2888 3585 2953 ἐλπίδι,
3637 2905 3797 2940 τουτο

2211 2971 2349 3037 ἐστι,
2378 2974 2442 3041 τῇ
2481 2971 2771 3044 μελλούσῃ.
2819 2971 2987 3024 Οὐδὲν
3015 2968 3107 3025 οὖν
3138 2972 3327 3042 ἕτερον
3356 2972 3417 3024 τὸ
3453 2973 3627 3042 στόμα
3657 2972 3796 3041 ἀκή-

2215 3073 2393 3125 μωτον
2418 3055 2477 3108 ὃν
2508 3056 2601 3107 τοῦ
2647 3054 2787 3118 ζώου
2832 3055 3021 3108 τούτου
3064 3056 3238 3127 βοᾷ,ῆ
3269 3058 3348 3110 ὄτι
3386 3058 3512 3119 τοὺς
3539 3055 3800 3109 διδασκά-

2212 3138 2337 3199 λους
2364 3139 2491 3201 τοὺς
2529 3137 2829 3201 πονοῦντας
2878 3138 2958 3190 δεῖ
2987 3140 3082 3191 καὶ
3107 3139 3346 3209 ἀμοιϐῆς
3371 3138 3690 3193 ἀπολαύειν.
3723 3140 3799 3191 El

2212 3220 2382 3288 ἡμεῖς
2421 3221 2565 3290 ὑμῖν
2602 3223 2675 3274 τὰ
2715 3226 3089 3290 πνευματικὰ
3119 3223 3505 3292 ἐσπείραμεν,
3536 3221 3711 3289 μέγα,
3744 3222 3800 3274 εί

2213 3302 2385 3368 ’ἡμεῖς
2411 3300 2579 3368 ὑμῶν
2602 3301 2674 3353 τὰ
2711 3302 2973 3367 σαρκικὰ
3001 3302 3356 3370 θερίσομεν;
3406 3302 3539 3354 Ἰδοὺ
3587 3299 3682 3352 καὶ
3708 3300 3800 3352 τί·

2210 3400 2409 3452 ταρτον
2444 3382 3046 3455 προστίθηοιλογισμδν
3078 3385 3217 3454 ὑπὲρ
3246 3384 3341 3438 τοῦ
3368 3383 3480 3436 δεῖν
3511 3383 3799 3453 παρέχειν.

2226 3465 2443 3537 Ἐπειδὴ
2504 3467 2617 3537 γὰρ
2663 3462 2807 3529 εἷπε,
2849 3466 2945 3531 Τίς
2980 3467 3369 3533 στρατεύεται
3423 3465 3595 3530 ἰδίοις
3638 3467 3801 3534 ὀψω-

2212 3548 2368 3614 νίοις
2426 3549 2601 3613 ποτέ;
2649 3550 2763 3613 καὶ,
2820 3550 2916 3615 Τίς
2966 3550 3211 3617 φυτεύει
3264 3547 3595 3618 ἀμπελῶνα
3608 3564 3627 3613 ;
3677 3550 3797 3610 καὶ,

2219 3634 2317 3699 Τίς
2356 3633 2658 3702 ποιμαίνει
2705 3633 3012 3701 anan-nr;
3056 3634 3150 3688 καὶ
3206 3635 3499 3704 παρήγαγε
3528 3635 3621 3686 τὸν
3668 3632 3800 3704 βοῦν

2213 3718 2302 3771 τὸν
2330 3717 2596 3778 ἀλοῶντα,
2653 3716 2893 3771 δείκνυσι
2928 3717 3023 3770 καὶ
3062 3717 3230 3788 ἀλλην
3275 3718 3454 3771 αἰτίαν
3488 3716 3799 3784 εὑλογωτά-

2213 3819 2335 3871 την,
2369 3802 2435 3854 δι’
2480 3801 2547 3870 ἢν
2588 3796 2731 3871 ἦσαν
2769 3800 2970 3853 δίκαιοι
3004 3800 3210 3864 λαϐεῖν,
3243 3799 3319 3862 ὡς
3352 3799 3534 3867 πολλῴ
3571 3797 3799 3866 μείζονα

2214 3885 2645 3953 παρεσχηκότες,
2701 3882 2886 3934 οὐκέτι
2939 3884 3015 3943 ὡς
3060 3882 3328 3950 καμόντες
3363 3881 3541 3950 μόνον.
3572 3881 3667 3944 Τίς
3701 3878 3800 3937 οὖν

2216 3968 2364 4016 ἐστιν
2389 3982 2403 4029 ;
2440 3966 2510 4017 El
2537 3963 2709 4030 ἡμεῖς
2735 3961 2880 4029 ὑμῖν
2903 3963 2976 4014 τὰ
2999 3966 3372 4031 πνευματικὰ
3408 3965 3799 4033 ἐσπείραμεν,

2210 4047 2385 4116 μέγα,
2442 4050 2493 4099 εί
2544 4046 2713 4113 ἡμεῖς
2764 4045 2932 4113 ὑμῶν
2988 4046 3066 4099 τὰ
3129 4047 3386 4115 σαρκικὰ
3442 4050 3801 4118 θερίσομεν;

2217 4128 2369 4195 Εἶδες
2406 4129 2755 4198 δικαιοτάτην
2788 4128 2969 4183 αἰτίαν
2996 4130 3090 4183 καὶ
3117 4131 3225 4185 τῶν
3253 4133 3535 4205 προτέρων
3564 4134 3801 4203 εὐλογω-

2215 4218 2420 4291 τέραν;
2469 4216 2615 4269 Ἐκεῖ
2663 4216 2760 4285 μὲν
2813 4216 2946 4285 γάρ,
3000 4217 3157 4287 φησὶ,
3199 4218 3461 4290 σαρκικὺς
3507 4221 3535 4272 ὁ
3572 4220 3797 4291 σπόρος,

2217 4300 2479 4371 σαρκικὸς
2508 4301 2602 4353 καὶ
2628 4300 2658 4352 ό
2688 4301 2899 4369 καρπός
2923 4318 2937 4333 ·
2973 4302 3210 4355 ἐνταῦθα
3234 4303 3290 4355 δὲ
3323 4303 3421 4372 οὐχ
3454 4302 3649 4367 οὕτως,
3681 4303 3797 4355 ἀλλ’

2215 4388 2242 4438 ὁ
2282 4385 2381 4456 μὲν
2424 4384 2621 4452 σπόρος
2668 4383 3054 4452 πνευματικὸς,
3082 4385 3116 4453 ἡ
3145 4385 3203 4437 6%
3233 4385 3506 4447 ἀντίδοσις
3534 4385 3795 4457 σαρκική.

2217 4467 2337 4521 Ἵνα
2368 4466 2479 4535 γὰρ
2517 4466 2592 4535 μὴ
2626 4466 2769 4535 μέγα
2800 4464 3071 4534 φρονῶσιν
3118 4467 3168 4517 οἱ
3212 4467 3546 4535 παρέχοντες
3574 4470 3689 4529 τοῖς
3715 4468 3796 4518 δι-

2215 4552 2525 4613 δασκάλοις,
2559 4548 2761 4613 ἔδειξεν
2783 4550 2866 4601 ὅτι
2897 4547 3121 4618 μείζονα
3147 4548 3536 4618 λαμϐάνουσιν,
3563 4550 3596 4619 ἢ
3620 4550 3793 4602 61.66a-

2218 4650 2323 4685 σιν.
2368 4634 2431 4685 Ol
2496 4633 2595 4702 μὲν
2643 4634 2751 4701 γὰρ
2781 4631 3038 4703 γεωργοὶ,
3069 4629 3215 4700 άπερ
3254 4629 3319 4682 ἂν
3364 4632 3795 4703 κατασπείρωσι,

2216 4717 2390 4769 ταῦτα
2416 4717 2510 4769 καὶ
2539 4717 2927 4785 λαμϐάνουσιν·
2962 4717 3122 4784 ἡμεῖς
3152 4713 3209 4765 6%
3238 4715 3553 4786 σπείροντες
3581 4718 3663 4781 είς
3696 4716 3797 4781 τάς

2220 4800 2489 4870 ὑμετέρας
2544 4800 2722 4869 ψυχὰς
2768 4797 3136 4869 πνευματικά,
3174 4796 3463 4868 θερίξομεν
3519 4801 3797 4871 σαρκικὰ·

2218 4882 2458 4936 τοιοῦτον
2502 4885 2610 4951 γάρ
2660 4883 2692 4951 ἡ
2745 4882 2875 4951 παρ’
2910 4879 3089 4935 αὑτῶν
3118 4878 3369 4949 διδομένη
3420 4886 3616 4956 τροφή.
3668 4882 3802 4939 Εἶτα

2219 4969 2315 5021 καὶ
2340 4967 2859 5039 ἐντρεπτικώτερον·
2891 4967 2962 5018 Εί
2992 4964 3168 5017 ἄλλοι
3193 4962 3302 5031 τῆς
3320 4966 3610 5035 ἐξουσίας
3630 4969 3799 5039 ὑμῶν

2213 5050 2596 5119 μετέχουσιν,
2642 5052 2714 5104 οὐ
2748 5047 2958 5112 πολλῷ
2984 5043 3225 5115 μᾶλλον
3277 5048 3450 5116 ἡμεῖς
3471 5070 3490 5114 ;
3533 5052 3670 5106 Ἰδοὺ
3702 5053 3799 5106 καὶ

2219 5136 2403 5205 ἕτερος
2459 5135 2620 5187 πάλιν
2667 5132 2947 5201 λογισμὸς,
2980 5131 3074 5183 καὶ
3104 5130 3265 5193 αὐτὸς
3308 5133 3372 5184 ἐκ
3419 5137 3799 5207 παραδειγμά-

2219 5236 2349 5283 των,
2396 5219 2511 5272 ἀλλ’
2559 5220 2658 5290 οὑχ
2690 5217 2910 5288 ὁμοίων.
2940 5213 3074 5267 Οὐδὲ
3127 5214 3233 5286 γάρ
3263 5216 3471 5288 Πέτρου
3521 5220 3796 5290 μέμνηται

2218 5303 2472 5365 ἐνταῦθα,
2523 5304 2645 5356 οὔτε
2696 5301 2805 5353 τῶν
2855 5297 3193 5359 ἀποστόλων,
3228 5301 3345 5354 ἀλλ’
3379 5304 3584 5374 ἐτέρων
3635 5305 3796 5357 τινῶν

2219 5387 2408 5452 νόθων,
2452 5389 2589 5457 πρὸς
2638 5386 2731 5447 οὓς
2776 5382 3009 5452 ὕστερον
3057 5383 3372 5451 ἀποδύεται,
3417 5390 3510 5441 καὶ
3555 5388 3686 5457 περὶ
3722 5380 3794 5440 ὧν

2219 5487 2405 5541 φησιν·
2436 5472 2511 5525 Εἴ
2539 5489 2630 5537 τις
2660 5466 2816 5539 ὑμᾶς
2848 5466 3171 5529 κατεσθίει,
3198 5468 3253 5522 ετ
3282 5487 3373 5534 τις
3407 5468 3709 5538 λαμϐάνει,
3739 5470 3794 5523 ετ

2219 5570 2306 5618 τις
2332 5554 2661 5619 ἐπαίρεται,
2690 5551 2746 5604 εί
2777 5568 2867 5616 τις
2899 5554 2986 5616 είς
3024 5552 3352 5618 πρόσωπον
3379 5549 3536 5619 ὑμᾶς
3568 5549 3787 5620 δαίρει·

2218 5638 2311 5689 καὶ
2338 5646 2429 5689 τὸν
2460 5636 2595 5706 πρὸς
2624 5634 2865 5696 ἐκείνους
2893 5634 2995 5705 ήδη
3028 5634 3499 5705 προανακρούεται
3531 5632 3786 5705 πόλεμον.

2220 5721 2309 5775 Διὸ
2335 5722 2456 5774 οὐδὲ
2486 5716 2661 5784 εἶπεν,
2706 5718 2767 5770 El
2809 5718 2959 5771 ἄλλοι
3012 5718 3349 5788 λαμϐάνουσι
3383 5728 3406 5756 ο
3452 5716 3584 5789 παρ’
3613 5717 3784 5789 ὑμῶν,

2282 5878 2301 5905 ε
2333 5875 2479 5932 Rem.
2506 5876 2544 5921 εἰ
2568 5872 2702 5922 ἄλλοι
2723 5870 2778 5919 οὐ
2798 5870 3108 5931 λαμϐάνουσι.
