4070 6322
152 417 260 473 Πὸ

223 531 287 586 3.
343 528 577 599 Ideoque
623 525 692 582 ad
735 522 877 591 aliud
921 521 1131 596 pergit,
1178 530 1235 578 et
1277 521 1396 575 ait:
1433 518 1561 585 Quis
1597 518 1747 586 plau-

148 631 227 677 tat
282 622 527 683 vineam,
581 627 629 673 et
683 633 748 673 es
788 616 958 687 fructu
998 616 1109 685 ejus
1145 631 1248 668 non
1287 612 1428 669 edit?
1462 612 1568 667 Per
1621 609 1751 665 illud

148 714 305 769 enim
358 711 594 783 pericula
618 752 634 777 ,
686 724 782 779 per
831 707 934 764 hoc
987 720 1116 762 vero
1163 706 1401 761 laborem
1426 744 1442 765 .
1495 702 1753 772 defatiga-

149 807 365 860 tionem
417 804 641 859 multam
695 811 750 857 et
798 814 983 855 curam
1031 797 1345 853 declaravit.
1392 796 1747 866 Tertiumque

147 912 349 953 rursus
379 895 604 968 apponit
636 892 944 964 exemplum
990 891 1177 947 dicens
1210 909 1224 945 :
1260 890 1386 958 Quis
1431 890 1593 961 pascit
1636 906 1753 962 gre-

147 1003 305 1059 gem,
332 998 379 1041 et
405 989 468 1041 de
501 986 629 1040 lacte
657 987 768 1057 ejus
794 1001 896 1038 non
920 983 1064 1037 edit?
1087 981 1281 1039 Curam
1310 981 1544 1037 multam
1569 1022 1585 1047 ,
1631 997 1751 1052 qua:

147 1079 441 1134 doctorem
465 1078 517 1132 in
542 1074 846 1147 erudiendis
864 1073 1139 1145 discipulis
1175 1072 1353 1141 decet,
1380 1073 1469 1129 hic
1495 1072 1748 1130 ostendit.

148 1169 288 1225 Nam
311 1179 369 1225 et
393 1169 592 1225 milites
615 1177 669 1224 et
689 1167 936 1239 agricolas
959 1174 1014 1221 et
1035 1174 1280 1235 pastores
1304 1164 1535 1235 apostoli
1565 1174 1747 1232 erant;

148 1278 261 1318 non
287 1271 453 1317 terrm
476 1275 650 1331 neque
671 1259 948 1314 brutorum
971 1272 1145 1329 neque
1161 1256 1425 1312 bellorum
1444 1256 1747 1321 sensilium,

149 1354 250 1411 sed
280 1355 588 1410 animarum
617 1351 957 1407 rationalium
1000 1360 1057 1405 et
1101 1348 1275 1416 aciei,
1323 1364 1444 1420 que
1491 1348 1751 1405 adversus

150 1448 442 1504 daemonas
464 1447 765 1503 instruitur.
798 1444 934 1499 illud
964 1458 1177 1515 quoque
1202 1442 1597 1500 observandum
1627 1451 1748 1509 est,

150 1541 439 1612 quomodo
464 1539 662 1610 ubique
688 1536 1108 1594 moderationem
1126 1534 1447 1603 adhibuerit,
1467 1535 1750 1590 utilitatem

150 1633 331 1689 solum
361 1646 615 1705 quaerens
633 1673 649 1699 ,
681 1645 789 1686 non
821 1644 911 1685 res
936 1629 1255 1700 superfluas.
1283 1627 1400 1683 Non
1428 1629 1572 1685 enim
1593 1629 1744 1694 dixit,

150 1727 288 1796 Quis
312 1734 519 1798 pugnat
536 1732 593 1782 et
617 1740 725 1780 non
746 1723 899 1778 dives
922 1724 1047 1778 est?
1078 1721 1173 1777 sed
1192 1763 1208 1789 ,
1242 1720 1369 1787 Quis
1413 1720 1599 1775 militat
1642 1722 1747 1775 suis

149 1819 427 1889 stipendiis
454 1815 731 1887 umquam?
764 1814 883 1870 Non
908 1813 1063 1878 dixit,
1088 1812 1220 1880 Quis
1241 1812 1449 1882 plantat
1466 1812 1673 1866 vineam
1696 1820 1750 1866 et

151 1925 263 1966 non
285 1909 494 1981 colligit
517 1922 730 1973 aurum,
760 1915 853 1961 aut
875 1903 1109 1961 fructum
1137 1912 1306 1958 totum
1331 1918 1437 1958 non
1467 1902 1750 1973 decerpit?

151 2002 277 2069 sed,
307 2001 397 2058 Ex
421 2006 592 2073 {ructu
618 2002 726 2072 ejus
752 2015 853 2053 non
886 1996 1144 2053 comedit?
1169 1996 1354 2067 Neque
1396 1995 1568 2063 dixit,
1615 1994 1747 2064 Quis

150 2095 327 2165 pascit
353 2108 573 2165 gregem
604 2104 660 2148 et
686 2091 754 2149 de
782 2092 935 2160 agnis
962 2105 1070 2144 non
1099 2097 1315 2144 exercet
1344 2097 1699 2143 mercaturam
1724 2087 1749 2141 ?

151 2184 248 2241 sed
275 2183 594 2258 quomodo?
621 2181 688 2236 Et
722 2198 784 2236 es;
812 2181 920 2251 ejus
948 2180 1077 2235 lacte
1102 2196 1201 2233 non
1224 2178 1479 2232 comedit?
1521 2178 1635 2234 Non
1680 2194 1747 2234 ex

150 2278 331 2349 agnis,
356 2276 456 2334 sed
481 2275 565 2335 Ea:
583 2275 748 2340 lacte;
777 2272 1067 2328 ostendens
1083 2272 1356 2327 doctorem
1374 2280 1537 2341 parvo
1557 2270 1748 2327 solatio

148 2375 473 2427 contentum
499 2381 618 2423 esse
642 2375 926 2438 oportere,
972 2365 1196 2435 soloque
1248 2364 1553 2419 necessario
1604 2363 1744 2417 cibo.

148 2458 280 2514 Hec
305 2457 376 2512 ad
404 2471 499 2512 eos
521 2497 535 2521 ,
564 2456 654 2527 qui
685 2455 868 2512 volunt
886 2454 1064 2510 omnia
1090 2445 1375 2510 comedere
1396 2492 1410 2515 ,
1439 2461 1493 2507 et
1516 2451 1744 2507 fructum

148 2559 326 2622 totum
358 2548 672 2622 decerpere.
720 2547 869 2603 Hanc
912 2554 968 2600 et
1012 2545 1269 2600 Dominus
1314 2544 1486 2614 legem
1532 2544 1743 2613 posuit,

146 2614 339 2695 didens
370 2620 393 2693 :i
424 2614 620 2710 Dignus
650 2648 723 2693 est
766 2637 1031 2707 operarius
1072 2637 1183 2690 cibo
1237 2653 1329 2690 suo
1381 2635 1608 2705 (Matth.
1653 2637 1743 2691 10.

147 2732 285 2802 10).
314 2731 438 2787 Νοη
478 2733 581 2786 hoc
619 2740 800 2785 autem
846 2730 1021 2785 solum
1067 2729 1329 2801 exemplis
1380 2728 1603 2797 probat,
1652 2728 1745 2781 sed

147 2824 317 2878 etiam
368 2820 609 2879 ostendit
654 2820 869 2890 qualem
920 2827 1170 2889 oporteat
1218 2833 1339 2873 esse
1388 2818 1742 2872 sacerdotem.

148 2915 373 2970 Etenim
403 2914 557 2969 militi
583 2913 781 2969 habere
806 2912 1171 2968 fortitudinem
1201 2927 1337 2983 opus
1361 2920 1465 2978 est,
1498 2912 1747 2984 agricolae

148 3020 364 3073 curam,
399 3005 602 3076 pastori
628 3002 1045 3060 sollicitudinem
1081 3020 1095 3057 :
1126 3018 1189 3058 ac
1240 3012 1362 3073 post
1409 3005 1525 3057 haec
1567 3003 1745 3057 omnia

147 3094 285 3149 nihil
312 3094 548 3166 amplius
574 3109 817 3166 quaerere
844 3109 1003 3165 quam
1034 3094 1355 3151 necessaria.
1398 3092 1531 3147 Cum
1560 3101 1745 3148 osten-

149 3186 325 3242 disset
351 3201 505 3258 ergo,
533 3203 640 3243 non
665 3201 788 3244 esse
807 3187 1031 3242 vetitum
1058 3186 1266 3243 doctori
1297 3187 1563 3254 accipere,
1596 3197 1649 3242 et
1679 3200 1747 3241 ex

150 3279 470 3337 doctoribus
498 3289 552 3335 et
577 3294 643 3335 ex
673 3280 798 3334 vitae
827 3279 1153 3350 quotidianae
1178 3277 1441 3348 exemplis
1467 3318 1482 3339 ,
1513 3276 1582 3331 ad
1633 3286 1744 3332 ter-

151 3372 289 3426 tium
319 3380 485 3441 caput
508 3371 681 3438 venit,
710 3372 787 3425 sic
821 3370 1007 3425 dicens
1035 3387 1049 3422 :
1079 3363 1133 3423 8.
1173 3367 1435 3437 Numquid
1471 3368 1748 3420 secundum

154 3464 417 3517 hominem
442 3464 548 3517 hac
570 3463 681 3516 dico
701 3462 809 3516 ?an
832 3471 878 3516 et
903 3463 988 3516 lex
1004 3460 1111 3513 lucc
1136 3474 1239 3513 non
1266 3460 1387 3511 dicit
1406 3459 1431 3513 ?
1448 3457 1581 3524 Quia
1603 3457 1749 3511 enim

151 3554 423 3611 hactenus
450 3570 516 3610 ex
538 3554 829 3624 Scripturis
872 3550 1003 3607 nihil
1042 3551 1206 3615 dixit,
1260 3549 1355 3605 sed
1407 3563 1747 3604 communem

153 3648 379 3721 protulit
428 3645 870 3700 consuetudinem
898 3683 914 3708 ,
962 3642 1039 3697 Ne
1086 3642 1285 3713 putetis
1332 3654 1421 3695 me
1462 3682 1476 3705 ,
1536 3639 1745 3708 inquit,

157 3737 306 3792 hisee
338 3735 440 3791 niti
466 3736 597 3789 solis
618 3775 634 3801 ,
667 3747 844 3803 neque
872 3747 939 3786 ex
966 3731 1241 3785 hominum
1272 3730 1464 3799 placito
1492 3730 1607 3784 haec
1635 3736 1749 3782 sta-

157 3838 309 3884 tuere
340 3845 355 3880 :
385 3840 602 3896 possum
648 3825 791 3879 enim
837 3822 1161 3899 ostendere,
1210 3821 1326 3875 hate
1376 3821 1487 3875 Deo
1535 3833 1749 3888 quoque

157 3920 349 3989 placita
369 3933 507 3982 esse,
527 3926 582 3972 et
603 3925 835 3973 veterem
853 3914 973 3985 lego
996 3914 1165 3984 legem
1190 3911 1305 3967 haec
1326 3911 1747 3982 praecipientem.

160 4012 284 4066 Ideo
319 4025 417 4080 per
446 4008 919 4077 interrogationem
952 4003 1292 4074 progreditur
1315 4044 1331 4067 ,
1362 4001 1436 4055 uti
1465 4001 1604 4056 solet
1632 3999 1750 4055 fieri

159 4102 213 4157 in
259 4102 326 4156 iis
353 4142 369 4165 ,
415 4114 535 4168 quae
580 4099 799 4153 omnino
839 4098 894 4150 in
941 4096 1189 4149 confesso
1232 4102 1376 4155 sunt,
1407 4093 1485 4147 sic
1514 4091 1746 4145 dicens:

164 4192 435 4263 Numquid
454 4192 730 4246 secundum
758 4190 1010 4243 hominem
1046 4189 1152 4241 quc
1182 4186 1337 4239 dico?
1362 4183 1416 4239 id
1444 4193 1527 4239 est
1556 4226 1570 4251 ,
1610 4182 1749 4237 Num

162 4284 414 4338 humanis
436 4291 638 4336 tantum
666 4280 927 4349 exemplis
958 4279 1131 4333 nitor?
1156 4279 1337 4331 Annon
1365 4278 1516 4331 etiam
1548 4275 1753 4329 (emittet:

164 4374 328 4427 dicit?
366 4372 422 4428 9.
457 4372 720 4440 Scriptum
749 4378 821 4423 est
851 4369 983 4423 enim
1006 4369 1060 4420 in
1084 4369 1192 4437 lege
1217 4367 1411 4436 Μουκία
1441 4382 1459 4419 :
1482 4363 1603 4418 Non
1632 4363 1752 4416 alli-

164 4462 306 4534 gabis
332 4479 391 4517 os
416 4463 529 4516 bovi
558 4460 839 4515 trituranti.
873 4459 941 4514 Et
968 4473 1064 4514 cur
1112 4458 1226 4512 lure
1276 4463 1575 4518 memorat,
1628 4444 1749 4508 cum

167 4552 395 4607 haberet
430 4550 735 4619 exemplum
766 4548 1146 4605 sacerdotum?
1174 4545 1477 4601 Admodum
1518 4543 1750 4597 ubertim

166 4643 279 4699 hsce
309 4643 545 4714 probare
572 4640 779 4697 volens.
796 4640 1020 4705 Deinde,
1044 4655 1112 4694 ne
1133 4639 1253 4710 quis
1273 4637 1478 4691 diceret
1507 4654 1521 4690 :
1551 4634 1753 4704 Ecquid

167 4736 230 4789 ad
261 4752 386 4801 nos,
405 4734 549 4806 quod
577 4734 644 4788 de
668 4733 839 4788 bobus
867 4733 1070 4787 dictum
1100 4732 1221 4785 est?
1242 4732 1341 4785 hoc
1358 4738 1605 4783 accurate
1632 4726 1752 4781 dis-

164 4826 295 4881 cutit
318 4825 512 4881 dicens
538 4840 553 4878 :
587 4821 850 4891 Numquid
879 4828 943 4874 de
992 4821 1145 4876 bobus
1166 4838 1288 4875 cura
1317 4830 1390 4875 est
1411 4818 1560 4873 Deo?
1585 4818 1755 4874 Boves

169 4931 294 4987 ergo
322 4929 437 4970 non
467 4922 640 4979 curat,
663 4926 846 4982 quaeso
873 4920 947 4977 te,
971 4910 1153 4965 Deus?
1178 4908 1345 4965 Curat
1389 4910 1573 4978 utique
1598 4948 1613 4974 ,
1658 4907 1753 4962 sed

173 5023 278 5062 non
300 5009 400 5072 ita,
434 5016 495 5061 ut
518 5004 587 5060 de
613 5005 698 5058 illa
723 5019 783 5059 re
813 5002 982 5073 legem
1011 5002 1212 5056 tulerit.
1247 5002 1584 5071 Quapropter
1608 5042 1622 5064 ,
1652 5000 1755 5053 nisi

171 5114 426 5170 magnum
457 5097 584 5168 quid
612 5095 995 5160 subindicaret,
1021 5091 1234 5148 Judaeos
1264 5108 1359 5162 per
1405 5094 1557 5146 bruta
1602 5106 1756 5145 exer-

172 5208 297 5249 cens
325 5191 398 5246 ad
430 5191 812 5260 benignitatem
833 5229 848 5253 ,
871 5196 1032 5256 atque
1055 5186 1215 5239 etiam
1256 5183 1376 5238 illos
1404 5200 1498 5253 per
1537 5184 1653 5237 haec
1688 5183 1759 5240 de

175 5283 488 5340 doctoribus
518 5281 819 5348 alloquens,
844 5292 951 5333 non
983 5277 1088 5330 tale
1116 5274 1440 5342 suscepisset
1486 5272 1719 5327 studium
1739 5312 1755 5339 ,

178 5388 302 5433 utet
332 5377 509 5445 legem
533 5372 791 5427 scriberet
832 5370 901 5424 de
945 5368 1116 5423 bobus
1153 5382 1309 5422 camo
1354 5382 1459 5419 non
1510 5365 1753 5435 ligandis.

180 5467 301 5523 inde
326 5475 509 5521 autem
532 5461 674 5516 aliud
695 5460 952 5525 ostendit,
980 5460 1203 5514 multum
1225 5472 1346 5513 esse
1371 5456 1649 5512 doctorum
1680 5457 1757 5511 la-

181 5560 364 5613 borem
394 5564 452 5611 et
479 5568 602 5608 esse
628 5551 863 5615 debere;
909 5549 1159 5618 aliudque
1206 5560 1438 5602 rursum.
1478 5546 1756 5612 Quodnam

182 5648 351 5703 illud?
376 5644 530 5713 Quod
562 5653 914 5712 quacumque
934 5638 987 5693 in
1014 5637 1184 5693 veteri
1212 5638 1326 5707 lege
1368 5637 1437 5692 de
1482 5638 1758 5691 brutorum

181 5753 302 5793 cura
329 5738 605 5799 dicuntur,
636 5731 703 5786 ad
723 5731 997 5786 hominum
1020 5729 1315 5786 doctrinam
1339 5728 1604 5800 prmcipue
1632 5742 1763 5781 con-

183 5830 389 5895 lerant;
425 5836 483 5883 ut
512 5832 569 5882 ct
589 5821 692 5879 alia
711 5823 891 5881 omnia
921 5839 935 5877 :
964 5821 1110 5879 verbi
1135 5820 1323 5891 gratia,
1357 5834 1475 5889 qua:
1500 5818 1569 5874 de
1593 5816 1755 5874 variis

1190 407 1256 463 IN
1294 405 1510 463 EPIST.
1556 403 1574 457 l
1639 400 1730 459 AD
1765 398 1922 461 βοιί.
1960 398 2193 455 HOMIL.
2236 399 2380 460 XXI.

3347 404 3447 458 175

1855 510 2116 582 vestibus,
2144 528 2266 584 qua:
2277 512 2346 569 de
2360 514 2551 579 vineis,
2576 514 2645 569 de
2666 514 2980 583 seminibus,
3005 513 3074 572 de
3104 524 3241 572 terra
3264 557 3280 581 ,
3303 519 3447 589 quod

1860 618 1967 659 non
1996 602 2206 659 diversa
2233 602 2477 660 facienda
2503 604 2609 673 sit,
2637 604 2707 661 de
2731 605 2917 679 lepra;
2964 606 3139 677 deque
3181 607 3301 663 aliis
3323 648 3341 674 ,
3388 617 3448 662 ut

1859 691 1932 746 ita
1952 690 2127 747 dicam
2145 733 2162 759 ,
2184 694 2459 749 omnibus.
2488 693 2621 750 Cum
2652 695 2794 752 enim
2817 697 2893 752 illi
2918 699 3213 755 crassiores
3242 711 3444 763 essent,

1859 779 1985 838 hinc
2009 782 2310 839 disserebat
2332 800 2457 840 cum
2488 786 2612 853 illis,
2645 786 2901 856 paulatim
2928 788 3073 858 ipsos
3098 790 3331 860 erigens.
3376 789 3449 845 Et

1856 871 1979 929 vide
2018 874 2291 946 quomodo
2334 874 2439 931 hoc
2476 892 2585 933 non
2628 877 2768 933 ultra
2808 880 3031 950 probet,
3080 890 3263 951 utpote
3300 881 3446 951 quod

1857 963 2075 1032 planum
2104 973 2159 1018 et
2185 979 2251 1024 ex
2280 979 2340 1020 se
2368 965 2706 1022 manifestum
2736 969 2825 1023 sit.
2854 966 2990 1024 Cum
3021 969 3246 1027 dixisset
3273 972 3444 1037 enim,

1858 1052 2125 1125 Numquid
2169 1057 2232 1111 de
2272 1056 2430 1112 bobus
2449 1074 2573 1112 cura
2595 1069 2667 1114 est
2693 1059 2845 1117 Deo?
2879 1062 3154 1133 subjunxit
3182 1080 3196 1116 :
3228 1064 3315 1120 10.
3365 1066 3445 1121 An

1857 1153 2061 1214 propter
2088 1162 2181 1200 nos
2200 1147 2408 1203 omnino
2428 1149 2523 1203 hoc
2547 1150 2716 1205 dicit?
2755 1151 2866 1207 Nec
2904 1154 3023 1210 sine
3070 1170 3229 1211 causa
3272 1158 3398 1213 illud
3422 1199 3439 1223 ,

1860 1233 2101 1304 Omnino,
2126 1239 2297 1308 ponit,
2323 1241 2415 1296 sed
2454 1258 2521 1297 ne
2550 1243 2735 1299 liceret
2760 1245 2991 1301 auditori
3041 1247 3127 1303 vel
3173 1250 3441 1304 tantillum

1855 1327 2250 1385 contradicere.
2285 1332 2458 1400 Atque
2482 1334 2535 1387 in
2567 1337 2881 1405 metaphora
2915 1349 3114 1407 perstat
3158 1340 3341 1395 dicens
3390 1351 3445 1397 et

1856 1422 2209 1489 pronuntians
2238 1440 2253 1474 :
2286 1423 2424 1479 Nam
2450 1437 2656 1496 prapter
2681 1444 2772 1484 nos
2807 1430 2996 1498 scripta
3037 1440 3186 1496 sunt;
3227 1434 3347 1503 quia
3389 1434 3444 1487 in

1855 1529 1944 1585 spe
1971 1514 2114 1569 debet
2137 1517 2227 1583 qui
2245 1528 2357 1570 arat
2382 1534 2531 1573 arare
2558 1535 2578 1573 :
2600 1519 2653 1574 id
2678 1529 2779 1585 est,
2807 1520 2997 1577 doctor
3020 1522 3178 1579 debet
3198 1510 3442 1581 laborum

1856 1604 2162 1661 mercedem
2192 1607 2391 1664 habere
2423 1626 2437 1664 :
2467 1620 2513 1665 et
2533 1612 2620 1680 qui
2646 1613 2869 1678 triturat,
2902 1614 2955 1667 in
2989 1630 3079 1684 spe
3104 1617 3299 1686 {ructus
3327 1634 3444 1687 per-

1854 1696 2076 1765 cipiendi
2100 1716 2225 1754 esse.
2250 1701 2317 1756 Et
2342 1702 2463 1757 vide
2492 1703 2850 1772 prudentiam.
2877 1708 2922 1760 A
2948 1707 3153 1761 semine
3188 1708 3331 1763 enim
3373 1710 3441 1763 ad

1853 1802 2033 1841 aream
2068 1804 2178 1844 rem
2213 1791 2484 1858 traduxit;
2532 1793 2620 1848 hic
2660 1810 2872 1849 rursum
2922 1797 3118 1852 multos
3160 1797 3440 1853 doctorum

1854 1878 2078 1934 sudores
2107 1882 2418 1950 ostendens,
2446 1886 2696 1956 quoniam
2729 1888 2827 1956 ipsi
2858 1897 2913 1941 et
2954 1896 3112 1942 arant
3150 1898 3205 1944 et
3252 1904 3435 1945 aream

1855 1979 2053 2027 terunt.
2096 1973 2163 2028 Et
2202 1975 2258 2030 in
2292 1976 2496 2031 arando
2530 1978 2767 2047 quidem,
2797 1981 2920 2049 quia
2949 1981 3124 2036 nullus
3140 1984 3441 2054 percipien-

1852 2062 1951 2117 dus
1978 2064 2183 2121 fructus
2204 2076 2355 2134 erat,
2384 2068 2479 2123 sed
2504 2069 2656 2124 labor
2678 2078 2881 2125 tantum
2910 2072 3129 2139 aderat,
3160 2088 3309 2144 spem
3346 2089 3441 2143 po-

1851 2154 1959 2206 suit
1989 2170 2004 2206 :
2035 2154 2087 2208 in
2119 2157 2339 2211 terenda
2367 2172 2498 2213 vero
2522 2174 2667 2226 area,
2694 2160 2802 2228 jam
2831 2176 2986 2214 usum
3029 2164 3259 2218 fructum
3306 2178 3438 2219 con-

1852 2244 2017 2299 cessit
2040 2245 2225 2303 dicens
2249 2262 2262 2300 :
2290 2247 2358 2301 Et
2391 2251 2477 2319 qui
2498 2251 2720 2318 triturat,
2750 2252 2861 2321 ejus
2888 2254 2993 2323 spei
3020 2255 3273 2326 particeps
3303 2267 3396 2311 est.

1922 2335 1976 2389 4.
2006 2335 2230 2404 Deinde,
2276 2354 2345 2394 ne
2383 2343 2504 2417 quis
2546 2340 2706 2408 dicat,
2753 2343 3003 2399 Haeccine
3042 2355 3125 2401 est
3169 2356 3436 2403 tantorum

1851 2438 2060 2480 merces
2103 2427 2384 2484 laborum?
2426 2430 2647 2500 adjecit,
2690 2431 2758 2487 In
2804 2451 2932 2505 spe,
2985 2436 3192 2494 scilicet
3234 2436 3435 2497 futura.

1802 2532 1805 2535 π
1851 2515 1991 2571 Nihil
2021 2532 2151 2588 ergo
2177 2520 2322 2575 aliud
2357 2521 2555 2578 clamat
2580 2539 2640 2578 os
2681 2523 2835 2594 hujus
2864 2527 3111 2583 animalis
3135 2544 3289 2584 camo
3333 2548 3436 2588 non

1852 2609 2093 2680 ligatum,
2137 2629 2294 2683 quam
2342 2615 2486 2685 quod
2534 2627 2780 2687 oporteat
2830 2619 3083 2675 doctores
3130 2622 3438 2679 laborantes

1851 2702 2100 2758 mercede
2128 2705 2251 2759 frui.
2281 2707 2367 2760 il.
2395 2706 2457 2762 Si
2482 2724 2573 2761 nos
2593 2708 2730 2762 vobis
2750 2710 3040 2777 spiritualia
3059 2714 3435 2780 seminavimus,

1850 2810 2090 2864 magnum
2133 2806 2227 2861 est,
2270 2798 2314 2850 si
2361 2814 2452 2852 nos
2491 2800 2721 2852 carnalia
2762 2811 2925 2863 uestra
2966 2803 3253 2857 metamus?
3298 2804 3438 2861 Ecce

1849 2894 2097 2952 quartum
2126 2887 2285 2941 etiam
2317 2886 2465 2942 addit
2490 2889 2828 2945 ratiocinium
2853 2931 2868 2955 ,
2896 2890 3037 2961 quod
3067 2901 3311 2959 oporteat
3336 2894 3439 2948 ali-

1850 2983 2030 3029 menta
2056 2976 2316 3045 praebere.
2341 2977 2477 3043 Quia
2498 2978 2641 3033 enim
2669 2978 2824 3043 dixit,
2852 2980 2980 3047 Quis
3005 2982 3191 3035 militat
3216 2985 3439 3054 propriis

1850 3067 2115 3135 stipendiis
2143 3070 2423 3138 umquam?
2445 3078 2520 3130 et,
2553 3069 2681 3134 Quis
2707 3072 2902 3139 plantat
2931 3073 3127 3127 vineam
3147 3074 3173 3127 ?
3199 3083 3273 3141 et,
3310 3075 3437 3140 Quis

1850 3160 2010 3229 pascit
2049 3162 2289 3229 gregem?
2332 3168 2387 3214 et
2415 3160 2634 3215 adduxit
2675 3161 2866 3217 bovem
2889 3164 3435 3230 triturantem;aliam

1852 3251 2053 3320 profert
2070 3267 2288 3307 causam
2309 3252 2504 3306 rationi
2524 3252 2679 3307 valde
2699 3268 3013 3322 consonam,
3036 3267 3256 3327 propter
3276 3274 3436 3328 quam

1848 3345 1968 3413 jure
2012 3344 2289 3412 accepturi
2332 3354 2521 3409 erant;
2553 3344 2698 3413 quod
2725 3360 2831 3400 non
2872 3346 3033 3402 modo
3078 3348 3435 3415 laborassent,

1852 3435 1946 3489 sed
1972 3444 2025 3490 et
2046 3435 2202 3504 longe
2225 3435 2429 3504 majora
2458 3436 2832 3504 praebuissent.
2861 3438 3119 3506 Quaenam
3159 3455 3288 3511 ergo
3317 3442 3437 3495 est?

1855 3529 1916 3585 Si
1942 3546 2033 3584 nos
2053 3517 2190 3585 vobis
2216 3531 2507 3599 spiritualia
2529 3532 2887 3586 seminavimus
2906 3574 2920 3599 ,
2954 3547 3195 3603 magnum
3243 3543 3314 3588 est
3337 3574 3352 3600 ,
3393 3535 3437 3588 si

1852 3637 1943 3674 nos
1972 3622 2201 3674 carnalia
2229 3632 2394 3675 vestra
2414 3630 2661 3675 metamus
2683 3621 2711 3675 ?
2735 3622 2979 3677 Vidistin‘
3007 3638 3223 3678 causam
3245 3624 3437 3691 justis-

1852 3712 2064 3777 simam,
2088 3722 2140 3765 et
2162 3712 2330 3781 magis
2350 3727 2509 3782 quam
2538 3714 2747 3781 priores
2771 3712 2963 3767 rationi
2988 3716 3437 3769 consentaneam?

1855 3804 1969 3857 lllic
1998 3818 2228 3873 namque
2272 3805 2420 3869 dicit,
2465 3804 2692 3859 Carnale
2740 3818 2923 3859 semen
2971 3815 3073 3871 est,
3122 3806 3353 3859 carnalis
3383 3817 3439 3861 et

1853 3892 2097 3947 fructus?
2126 3893 2213 3947 hic
2257 3903 2433 3948 autem
2480 3908 2587 3948 non
2629 3893 2726 3959 sic,
2772 3894 2865 3948 sed
2892 3909 3077 3949 semen
3117 3895 3433 3963 spirituale,

1856 4001 2066 4042 merces
2090 4000 2220 4040 vero
2246 3986 2497 4040 carnalis.
2530 3985 2659 4039 Nam
2689 4001 2757 4041 ne
2787 3985 3012 4041 multum
3039 3987 3139 4041 sibi
3166 3987 3440 4055 placerent

1855 4077 1928 4142 ii,
1958 4076 2048 4144 qui
2090 4076 2291 4144 aliquid
2316 4068 2629 4131 doctoribud
2663 4076 2967 4145 prteberent
2989 4116 3005 4142 ,
3049 4076 3281 4130 ostendit
3312 4075 3434 4130 illos

1855 4167 2058 4236 majora
2086 4181 2245 4236 quam
2272 4167 2401 4221 dent
2427 4169 2691 4237 accipere.
2723 4168 2988 4237 Agricola:
3014 4182 3244 4237 namque
3267 4208 3283 4232 ,
3313 4182 3433 4237 qua:

1856 4258 2152 4324 seminant,
2181 4256 2369 4312 eadem
2399 4258 2515 4326 ipsa
2543 4258 2807 4327 accipiunt
2839 4276 2864 4311 ε.
2886 4274 2985 4313 nos
3013 4268 3190 4313 autem
3210 4300 3227 4327 ,
3259 4259 3350 4328 qui
3379 4259 3434 4313 in

1855 4348 2132 4417 animabus
2166 4347 2369 4401 vestris
2412 4346 2707 4417 spiritualia
2738 4348 2966 4403 serimus
2986 4388 3002 4414 ,
3031 4350 3280 4404 metimus
3310 4363 3433 4404 car—

1858 4440 1994 4493 nalia
2035 4457 2049 4493 :
2091 4439 2195 4493 tale
2238 4453 2467 4508 namque
2509 4448 2593 4493 est
2627 4438 2937 4493 alimentum
2986 4438 3055 4493 ab
3092 4438 3198 4513 illis
3231 4438 3438 4493 datum.

1860 4530 2061 4585 Deinde
2091 4529 2348 4600 majorem
2375 4528 2535 4583 infert
2559 4529 2819 4599 pudorem
2848 4546 2864 4587 ;
2890 4529 2977 4583 12.
3008 4529 3071 4584 Si
3096 4529 3186 4583 alii
3212 4540 3434 4599 potesta.

1859 4622 1922 4675 tis
1950 4630 2128 4674 vestrm
2152 4621 2426 4689 participes
2450 4628 2607 4685 sunt,
2640 4635 2797 4687 quare
2820 4635 2922 4673 non
2948 4621 3116 4689 potius
3140 4635 3232 4673 nos
3250 4621 3275 4673 ?
3298 4621 3439 4675 Ecce

1858 4713 2019 4768 aliam
2058 4713 2356 4773 rationem,
2399 4726 2519 4780 quae
2546 4719 2599 4763 et
2628 4709 2740 4778 ipsa
2783 4709 2851 4764 ab
2878 4709 3137 4778 exemplis
3163 4710 3394 4764 sumitur
3417 4750 3435 4775 ,

1858 4805 1953 4861 sed
2002 4820 2105 4860 non
2152 4818 2181 4857 a
2222 4802 2504 4871 similibus.
2546 4800 2730 4871 Neque
2770 4801 2914 4855 enim
2962 4799 3048 4855 hic
3093 4800 3309 4855 Petrum
3341 4815 3440 4855 nec

1861 4898 2131 4969 apostolos
2159 4900 2455 4959 memorat,
2485 4893 2581 4949 sed
2623 4893 2759 4947 alios
2799 4892 3055 4962 quosdam
3085 4892 3437 4958 adulterinos,

1861 4998 2047 5044 contra
2075 5002 2207 5057 quos
2232 4987 2487 5054 deinceps
2516 4999 2744 5055 pugnam
2779 4985 2996 5038 instruit
3016 5024 3030 5047 ,
3063 4997 3125 5036 ac
3150 4982 3218 5035 de
3242 4984 3438 5052 quibus

1863 5082 1991 5136 dicit
2017 5099 2030 5135 :
2060 5078 2122 5134 Si
2147 5080 2258 5146 quis
2289 5093 2374 5131 vos
2399 5076 2632 5141 devorat,
2660 5076 2706 5129 si
2738 5076 2847 5145 quis
2876 5074 3058 5142 accipit
3077 5114 3092 5138 ,
3137 5074 3180 5124 si
3208 5075 3321 5141 quis
3346 5090 3439 5126 ea:-

1864 5174 2079 5236 tollitur,
2101 5172 2144 5226 si
2171 5170 2282 5238 quis
2312 5174 2363 5222 in
2390 5170 2572 5239 faciem
2600 5183 2687 5221 vos
2715 5168 2863 5221 credit
2890 5165 2908 5234 (
2929 5163 2983 5217 2.
3018 5165 3134 5217 Cor.
3167 5165 3254 5219 ll.
3281 5164 3353 5219 20
3376 5165 3396 5235 )
3420 5181 3439 5230 ;

1863 5275 1917 5318 et
1944 5263 2065 5317 belli
2093 5269 2275 5315 contra
2299 5273 2393 5312 eos
2413 5257 2630 5328 gerendi
2649 5257 2761 5327 jam
2782 5255 2907 5310 facit
2927 5254 3263 5323 praeludium.
3294 5253 3444 5308 Ideo-

1863 5371 1970 5426 que
1997 5370 2102 5409 non
2125 5352 2285 5418 dixit,
2315 5350 2372 5406 Si
2412 5350 2499 5404 alii
2530 5365 2559 5403 a
2587 5350 2738 5405 vobis
2777 5347 3087 5416 accipiunt;
3129 5346 3223 5400 sed
3264 5356 3445 5400 osten-

1865 5447 1999 5502 dens
2039 5447 2254 5500 illorum
2296 5433 2679 5513 artiogantiam,
2719 5438 3060 5511 tyrannidem
3096 5445 3151 5491 et
3177 5450 3445 5491 commer-

1866 5542 2005 5595 cium
2026 5582 2040 5608 ,
2064 5539 2192 5594 dicit
2225 5556 2239 5594 :
2268 5538 2331 5593 Si
2358 5538 2450 5592 alii
2476 5534 2734 5605 potestatis
2773 5544 2949 5588 vestrm
2987 5531 3257 5603 participes
3284 5539 3445 5593 sunt;

1868 5633 2058 5698 idest,
2088 5632 2133 5686 si
2164 5632 2430 5701 imperant
2450 5629 2602 5684 vobis
2624 5669 2642 5694 ,
2666 5628 2712 5682 si
2734 5635 3055 5697 potestatem
3084 5631 3372 5688 exercent,
3401 5624 3447 5677 si

1868 5731 1929 5778 ut
1964 5723 2173 5778 famulis
2197 5730 2421 5777 utuntur
2443 5760 2460 5786 ,
2487 5735 2593 5774 non
2624 5718 2786 5774 modo
2812 5716 3137 5785 accipientes
3159 5755 3176 5781 ,
3208 5714 3301 5768 sed
3327 5728 3449 5768 cum

1870 5814 2033 5870 multa
2050 5812 2396 5869 accuratione
2420 5820 2474 5868 ct
2499 5810 2842 5867 auctoritate.
2888 5806 3012 5862 Ideo
3052 5804 3296 5872 addidit,
3325 5802 3447 5859 Non
