4070 6322
652 385 752 441 175

650 498 820 565 potius
845 497 980 553 uos!
1004 497 1145 570 quod
1182 513 1288 555 non
1315 498 1571 570 dixisset,
1599 505 1645 555 sl
1667 502 1737 558 de
1765 502 2025 573 apostolis
2061 516 2243 558 sermo

648 598 814 645 esset.
858 589 965 645 Sed
1011 591 1186 661 palam
1231 600 1348 655 est,
1398 592 1546 647 illum
1592 593 1852 663 quosdam
1900 594 2239 651 subindicare

652 681 1019 749 perniciosos,
1074 684 1371 757 qnlipsos
1417 684 1751 755 deciperent.
1801 684 1982 757 Itaque
2042 696 2240 756 praeter

648 770 845 842 Μοῖείδ
868 772 1040 842 Ιθεειιι
1081 755 1426 845 νοέριιοςυθ
1462 773 1634 845 legem
1662 774 1874 840 tulistis,
1896 755 2057 847 quod
2094 794 2237 848 prm-

651 862 778 917 bere
796 872 1063 935 oporteat.
1084 862 1219 919 Cum
1241 864 1374 919 dixit
1394 874 1571 919 autem
1586 905 1601 929 ,
1628 862 1749 920 Non
1776 870 1941 935 potius
1965 882 2056 920 nos
2075 866 2101 919 2
2127 882 2234 921 non

648 954 839 1022 probat
878 968 976 1010 cur
1021 956 1188 1011 multo
1214 955 1383 1026 magis
1408 963 1678 1026 oporteat,
1719 959 1813 1013 sed
1863 958 2075 1012 illorum
2106 972 2237 1015 con-

646 1046 892 1101 scientia
920 1045 1256 1115 probandum
1302 1047 1594 1119 relinquit,
1626 1048 1896 1119 simulque
1934 1058 1989 1105 et
2032 1059 2236 1105 terrere

646 1139 836 1193 volens
864 1146 921 1194 et
953 1139 1209 1209 majorem
1258 1140 1501 1197 incutere
1544 1138 1828 1209 pudorem.
1872 1140 1979 1196 Sed
2013 1157 2115 1195 non
2155 1142 2237 1194 usi

644 1246 822 1284 sumus
871 1228 963 1283 tali
1007 1240 1269 1303 potestate.
1303 1231 1358 1287 ld
1383 1242 1503 1297 est,
1531 1231 1648 1287 Non
1686 1233 2013 1302 accepimus.
2045 1232 2235 1287 Viden‘

644 1321 936 1390 quomodo,
980 1338 1105 1378 cum
1146 1323 1296 1393 prius
1340 1332 1418 1377 tot
1462 1322 1755 1380 rationibus
1780 1325 2094 1395 probasset,
2127 1340 2231 1379 non

644 1428 766 1468 esse
795 1422 983 1469 contra
1011 1414 1184 1482 legem
1210 1455 1227 1479 ,
1258 1414 1505 1484 accipere
1530 1456 1544 1477 ,
1577 1424 1702 1471 tunc
1739 1416 1873 1471 dixit
1906 1436 1919 1469 :
1947 1415 2063 1470 Non
2094 1417 2235 1471 acci-

647 1507 845 1573 pimus,
889 1522 959 1562 ne
999 1505 1242 1561 videatur
1280 1506 1549 1561 abstinere
1582 1517 1850 1576 tamquam
1881 1521 1913 1560 a
1942 1506 2231 1576 prohibito.

642 1599 761 1654 Non
790 1599 957 1665 enim,
986 1598 1178 1670 inquit,
1204 1599 1347 1668 quod
1371 1615 1477 1655 non
1504 1600 1682 1661 liceat,
1714 1614 1820 1655 non
1846 1600 2085 1670 accipio;
2112 1601 2236 1656 licet

641 1691 809 1752 enim,
833 1688 1013 1745 ethoc
1036 1705 1099 1744 es
1120 1690 1303 1745 multis
1324 1690 1835 1756 demonstravimus;
1864 1705 1929 1747 ex
1951 1691 2232 1761 apostolis,

642 1798 711 1837 ex
740 1781 899 1837 rebus
925 1797 1044 1852 qua:
1075 1780 1129 1836 in
1158 1782 1264 1836 vita
1305 1781 1469 1847 ﬁunt,
1501 1797 1566 1835 ex
1597 1782 1799 1847 milite,
1831 1782 2100 1852 agricola,
2131 1796 2234 1853 pa-

644 1882 827 1935 store,
859 1887 887 1925 a
918 1872 1038 1941 lege
1067 1872 1287 1941 Moysis,
1321 1871 1388 1926 ab
1416 1872 1527 1941 ipsa
1554 1876 1632 1926 rei
1662 1880 1849 1925 natura
1876 1914 1889 1937 ,
1920 1872 2041 1941 quia
2069 1872 2231 1927 semi-

642 1964 888 2018 navimus
926 1962 1079 2017 vobis
1117 1961 1449 2031 Spiritualia;
1493 1976 1559 2015 ex
1591 1960 1657 2015 iis
1680 2002 1697 2027 ,
1742 1976 1861 2031 qua:
1893 1975 1987 2015 vos
2031 1961 2233 2015 fecistis

641 2069 765 2124 erga
805 2054 942 2109 alios
974 2071 988 2108 ς
1017 2052 1113 2108 sed
1142 2053 1281 2107 sicut
1305 2093 1322 2118 ,
1364 2066 1433 2106 ne
1464 2050 1733 2105 videretur
1772 2050 1975 2122 pudore
2016 2050 2233 2105 afﬁcere

639 2146 936 2213 apostolos.
965 2143 1055 2213 qui
1082 2143 1442 2213 accipiebant,
1472 2140 1589 2198 hac
1614 2142 1813 2212 posuit,
1842 2142 2099 2217 pudorem
2127 2142 2233 2196 illis

644 2237 915 2292 incutiens
942 2245 998 2291 et
1018 2234 1311 2291 ostendens
1350 2249 1409 2288 se
1435 2249 1544 2289 non
1573 2249 1605 2289 a
1631 2249 1692 2288 re
1718 2242 1776 2287 ut
1808 2233 2072 2302 prohibita
2101 2233 2229 2287 abs-

642 2330 813 2384 tinere
843 2346 859 2384 :
889 2328 963 2384 ita
992 2343 1203 2383 rursum
1230 2368 1247 2394 ,
1289 2341 1359 2382 ne
1387 2341 1483 2398 per
1517 2325 1741 2383 multam
1786 2325 1928 2380 illam
1959 2324 2231 2394 probatio-

641 2435 764 2474 nem
804 2428 860 2475 et
898 2418 1196 2488 frequentia
1224 2418 1493 2488 exempla,
1525 2418 1680 2488 queis
1706 2416 1945 2472 ostendit
1984 2416 2232 2484 accipere

639 2520 911 2583 oportere,
936 2511 1212 2567 videretur
1235 2519 1293 2566 ut
1308 2512 1538 2581 accipiat
1556 2524 1824 2581 quaerere,
1852 2509 2081 2581 ideoque
2108 2511 2231 2564 talia

640 2603 912 2673 proferre;
936 2604 1049 2674 jam
1089 2604 1223 2660 illud
1266 2604 1518 2675 corrigit;
1561 2612 1615 2659 et
1643 2603 1842 2659 clarius
1880 2604 2099 2659 demum
2127 2602 2231 2657 hoc

642 2695 841 2764 posuit,
873 2709 996 2751 cum
1026 2694 1155 2750 dicit
1180 2713 1196 2748 :
1228 2694 1351 2749 Non
1388 2696 1570 2766 scripsi
1597 2704 1769 2749 autem
1806 2697 1918 2749 hac
1940 2736 1955 2761 ,
1997 2704 2051 2749 ut
2075 2696 2147 2750 sic
2176 2697 2231 2749 in

645 2802 727 2839 me
750 2786 842 2853 ﬁat
871 2801 889 2839 :
917 2785 1005 2841 hic
1033 2799 1195 2854 porro
1216 2784 1367 2852 dicit,
1387 2786 1507 2839 Non
1531 2786 1611 2840 usi
1639 2801 1813 2839 sumus
1838 2787 1934 2840 hac
1960 2796 2225 2858 potestate.

640 2876 900 2945 Quodque
925 2875 1097 2943 majus
1116 2884 1220 2944 est,
1242 2876 1319 2931 Ne
1340 2876 1470 2932 illud
1490 2876 1707 2947 quidem
1729 2876 1925 2948 poterit
1946 2879 2230 2949 quisquam

643 2968 843 3034 dicere,
874 2967 1015 3039 quod
1039 2983 1158 3024 cum
1185 2969 1341 3024 nobis
1365 2970 1560 3041 ampla:
1584 2969 1870 3028 facultates
1893 2981 2075 3027 essent
2098 3013 2113 3039 ,
2142 2971 2231 3026 his

647 3075 753 3113 non
781 3059 864 3113 usi
892 3060 1091 3124 simus;
1130 3059 1392 3129 siquidem
1441 3071 1667 3131 urgente
1710 3065 2069 3133 necessitate,
2118 3080 2228 3120 non

642 3150 901 3205 cessimus
928 3151 1233 3206 necessitati
1266 3169 1279 3205 :
1314 3151 1366 3207 id
1392 3154 1534 3221 quod
1562 3154 1722 3209 etiam
1754 3157 1807 3210 in
1835 3158 2072 3213 secunda
2096 3158 2172 3214 ait
2208 3178 2220 3214 :

643 3242 787 3295 Alias
813 3241 1069 3296 Ecclesiae
1092 3245 1366 3312 exspoliari
1383 3284 1400 3306 ,
1423 3246 1677 3314 accipiens
1704 3249 1956 3319 stipendia
1976 3251 2049 3304 ad
2072 3252 2226 3305 mini-

645 3332 850 3385 sterium
879 3341 1138 3395 uestrum;
1176 3344 1221 3386 et
1258 3350 1370 3387 cum
1409 3352 1565 3390 essem
1594 3340 1735 3406 apud
1776 3356 1862 3394 vos
1899 3351 1947 3395 et
1986 3358 2181 3412 egerem
2203 3382 2223 3410 ,

644 3423 772 3475 uutti
798 3439 1035 3479 onerosus
1063 3426 1140 3496 fui
1168 3424 1246 3492 (2.
1276 3426 1393 3479 Cor.
1425 3428 1511 3483 ll.
1546 3428 1604 3498 8)
1633 3446 1649 3493 ;
1693 3438 1747 3485 et
1787 3432 1839 3486 in
1870 3432 1971 3489 hac
1999 3450 2223 3491 rursus:

646 3515 714 3568 Et
752 3516 999 3570 esurimus
1032 3526 1078 3571 et
1109 3517 1309 3571 sitimus
1332 3529 1375 3571 et
1397 3519 1523 3573 nudi
1550 3536 1725 3577 sumus
1749 3533 1796 3577 et
1818 3526 2048 3595 colaphis
2072 3528 2227 3582 credi-

645 3622 758 3660 mur
784 3606 859 3679 (l.
895 3606 1013 3662 Cor.
1054 3610 1108 3664 4.
1152 3610 1255 3678 ll).
1288 3610 1352 3664 Et
1389 3611 1477 3667 hic
1514 3627 1698 3670 rursus
1724 3615 1955 3687 idipsum
1978 3619 2224 3675 subindi-

643 3709 767 3763 cat,
816 3699 1041 3764 dicens,
1082 3702 1189 3757 Sed
1232 3704 1403 3757 omnia
1439 3705 1761 3768 sustinemus,
1809 3708 2002 3765 Dicens
2046 3712 2222 3780 enim,

647 3786 831 3843 Omnia
871 3791 1193 3859 sustinemus,
1242 3792 1435 3850 famem
1480 3795 1781 3853 snbindicat
1821 3808 1875 3857 et
1919 3803 2221 3873 angustiam

642 3881 885 3948 multam,
908 3884 1118 3956 aliaque
1143 3889 1343 3943 omnia.
1368 3888 1474 3945 Sed
1506 3906 1680 3960 neque
1706 3893 1803 3955 sic,
1839 3893 2029 3965 inquit,
2052 3900 2223 3953 coacti

641 3987 829 4027 sumus
852 3974 1063 4030 solvere
1088 3977 1281 4045 legem,
1314 3992 1473 4046 quam
1507 3979 1661 4034 nobis
1687 3980 1817 4049 ipsis
1843 3983 2218 4053 imposuimus.

640 4066 816 4133 Quare
837 4066 860 4120 ἲ
881 4064 965 4120 Ne
989 4067 1127 4136 quod
1152 4065 1515 4133 o/j'eudiculum
1536 4068 1713 4125 demus
1732 4072 1989 4143 euangelio
2013 4072 2220 4129 Cltristi.

638 4160 772 4237 Quia
796 4158 939 4216 enim
963 4158 1286 4215 inﬁrmiores
1316 4160 1576 4216 Corinthii
1596 4173 1767 4231 erant,
1791 4163 1867 4218 Ne
1892 4180 2004 4234 vos,
2030 4166 2221 4237 inquit,

639 4253 1031 4309 radenderemus
1063 4252 1411 4324 accipientes,
1440 4254 1728 4311 maluimus
1754 4256 1872 4327 plus
1898 4273 2058 4329 quam
2087 4274 2224 4329 pra:-

634 4354 848 4413 ceptnm
875 4354 992 4400 erat
1026 4345 1223 4411 facere,
1255 4362 1414 4415 quam
1449 4347 1657 4403 obicem
1686 4352 1993 4419 quempiam
2026 4351 2221 4410 aﬂ'erre

636 4435 945 4505 evangelio;
974 4433 1027 4488 id
1058 4444 1161 4498 est,
1196 4436 1517 4491 institutioni
1544 4449 1758 4491 vestras.
1803 4439 1861 4494 Si
1888 4449 2067 4496 autem
2096 4458 2217 4511 nos,

634 4526 850 4584 etiamsi
876 4527 1067 4583 liceret
1103 4526 1257 4582 nobis
1284 4536 1339 4583 et
1365 4528 1585 4583 multam
1626 4529 1734 4584 vim
1766 4541 2092 4599 pateremur,
2121 4552 2221 4591 ex-

633 4624 977 4692 emplumque
1008 4620 1329 4677 haberemus
1355 4621 1649 4691 apostolos,
1672 4621 1723 4676 id
1750 4636 1855 4678 non
1875 4622 2119 4691 fecimus,
2140 4625 2223 4681 Ne

633 4713 1003 4781 olfendiculum
1029 4714 1204 4766 demus
1232 4716 1355 4784 (nec
1379 4714 1513 4769 dixit
1537 4716 1869 4771 eversionem
1894 4764 1907 4783 ,
1932 4718 2025 4773 sed
2052 4718 2225 4774 oll'en-

631 4807 894 4870 diculum,
944 4818 1046 4859 nec
1090 4804 1405 4871 simpliciter
1430 4805 1809 4862 odendiculum
1834 4850 1847 4873 ,
1877 4808 1968 4864 sed
1996 4808 2223 4863 oﬂendi-

633 4897 812 4951 culum
843 4894 1110 4965 quoddam
1136 4934 1152 4957 ,
1186 4902 1335 4947 utne
1354 4894 1438 4947 vel
1466 4895 1791 4953 levnssimam
1831 4914 2041 4955 moram
2072 4900 2219 4955 verbi

626 4988 812 5044 cursui
843 4985 1184 5047 inferremus)
1210 5002 1223 5038 :
1254 4985 1297 5039 si
1328 5000 1456 5055 ergo
1484 5001 1585 5041 nos
1611 4996 1755 5043 tanta
1778 4992 1856 5045 usi
1884 5006 2068 5047 sumus
2098 4992 2222 5047 dili-

626 5083 840 5153 gentia,
874 5080 1076 5150 inquit,
1113 5088 1316 5150 quanto
1355 5078 1525 5150 magis
1556 5094 1681 5147 vos,
1715 5086 1806 5152 qui
1852 5086 1921 5139 ab
1960 5085 2219 5156 apostolis

628 5174 788 5244 longe
826 5172 1046 5236 abestis,
1094 5186 1268 5242 neque
1310 5170 1482 5242 legem
1513 5173 1735 5240 potestis
1776 5174 1957 5232 dicere
2001 5194 2121 5250 quae
2168 5180 2217 5234 id

631 5264 942 5335 permittat:
969 5263 1064 5320 sed
1091 5273 1278 5319 contra
1304 5264 1464 5319 etiam
1495 5262 1758 5333 prohibita
1789 5269 2022 5338 tangitis,
2055 5281 2217 5341 atque

628 5361 791 5414 etiam
813 5372 933 5428 quae
958 5357 1211 5413 damnum
1240 5373 1488 5429 magnum
1516 5357 1744 5414 afferunt
1769 5365 2071 5432 evangelio;
2105 5384 2215 5422 non

627 5450 938 5507 offendiculi
977 5450 1137 5505 modo
1166 5452 1365 5505 vitandi
1404 5465 1587 5518 causa,
1614 5452 1708 5506 sed
1738 5454 1942 5509 nullam
1970 5458 2214 5516 videntes

628 5548 917 5601 instantem
966 5543 1383 5611 necessitatem,
1441 5543 1713 5603 abstinere
1770 5557 2002 5618 oportet.
2064 5552 2213 5608 Hanc

629 5642 770 5695 enim
814 5646 981 5693 totam
1026 5637 1193 5693 movit
1218 5638 1515 5694 orationem
1548 5650 1768 5711 propter
1807 5643 1928 5700 illos
1954 5686 1967 5708 .
1997 5646 2084 5715 qui
2116 5663 2211 5718 per

630 5731 805 5785 cibum
838 5729 1261 5801 idolothytorum
1287 5726 1731 5792 imbecillioribus
1760 5735 2016 5796 fratribus
2046 5739 2210 5797 ollen-

631 5824 804 5881 uliculo
830 5831 1004 5879 erant;

1390 386 1449 443 S.
1487 386 1766 446 JOANNlS
1799 387 2272 447 CHRYSUSTOMI
2300 390 2615 452 ARCHIEP.
2653 398 3187 475 CONS‘I‘ANTINOP.

3827 426 3930 480 £76

2414 508 2469 562 5.
2496 508 2622 591 Haec
2648 528 2747 569 nos
2770 522 3302 594 quoqueaudiamus,
3333 526 3537 599 dilecti,
3571 542 3629 588 ut
3658 550 3727 590 ne
3750 536 3930 607 despi-

2340 598 2545 655 ciamus
2581 609 2803 697 eosiqui
2826 608 3208 697 roﬁenduntor.
3241 631 3308 671 ne
3350 619 3729 679 oll‘endiculum
3762 598 3930 697 pons.

2338 702 2459 743 mus
2488 695 2764 763 evangelio
2801 696 3023 765 Christi,
3063 718 3166 758 neu
3197 716 3434 765 nostram
3468 695 3930 781 prodamusvsalu-

2338 785 2465 832 tem.
2495 781 2571 836 Ne
2598 786 2728 840 mihi
2755 789 2898 843 enim
2921 791 3090 858 dicas,
3113 809 3236 849 cum
3260 797 3427 853 frater
3443 802 3737 862 oﬁ'cuditur
3762 826 3777 861 :
3801 808 3924 863 Non

2337 872 2647 938 prohibetur
2672 876 2771 932 hoc
2793 881 2878 935 vel
2910 883 3037 937 illud
3067 885 3117 938 in
3144 902 3251 955 quo
3279 889 3369 944 ille
3399 892 3704 961 olTenditnr,
3735 910 3791 954 et
3813 902 3930 955 licia

2338 972 2447 1062 tum
2493 976 2595 1021 est.
2638 969 2753 1041 Ego
2798 974 2941 1028 enim
2990 978 3081 1032 tibi
3132 981 3335 1049 majora
3380 982 3657 1043 dicozvel
3702 993 3750 1044 si
3801 994 3926 1062 ipse

2333 1053 2579 1112 Christus
2622 1065 2954 1130 permiserit,
2992 1069 3298 1141 viderisque
3329 1072 3525 1128 oll‘endi
3569 1053 3881 1147 quempiam
3912 1126 3927 1147 ,

2333 1147 2542 1205 abstine
2569 1163 2623 1206 et
2636 1148 2721 1208 'ne
2748 1156 3100 1224 pet-missione
3124 1163 3314 1217 utaris.
3344 1164 3457 1219 Hoc
3480 1168 3621 1221 enim
3650 1179 3704 1224 et
3727 1170 3931 1227 Paulus

2338 1238 2461 1295 fecit
2489 1259 2504 1295 :
2531 1244 2622 1312 qui
2660 1260 2780 1299 eum
2811 1249 3152 1315 permittente
3173 1254 3383 1309 Christo
3423 1257 3605 1315 liceret
3648 1263 3927 1331 accipere,

2337 1343 2445 1384 non
2480 1335 2705 1402 accepit.
2739 1333 2870 1390 Cum
2898 1339 3039 1393 enim
3082 1341 3339 1413 benignus
3365 1348 3433 1401 sit
3462 1349 3715 1404 Dominus
3738 1394 3753 1415 ,
3786 1354 3930 1406 Inul-

2336 1428 2440 1472 tam
2485 1426 2767 1492 praeceptis
2806 1428 2919 1482 suis
2959 1430 3167 1486 miscuit
3199 1438 3695 1505 mansuetudinem,
3726 1454 3785 1495 ut
3814 1460 3927 1497 non

2334 1512 2507 1566 solum
2539 1530 2603 1568 ex
2625 1514 2779 1584 jussu
2801 1557 2817 1582 ,
2857 1520 2951 1573 sed
2982 1522 3143 1576 etiam
3175 1525 3342 1581 multa
3371 1544 3437 1583 ex
3463 1530 3633 1585 libera
3657 1530 3928 1588 faciamus

2334 1603 2496 1656 animi
2537 1610 2822 1660 sententia.
2858 1609 3073 1666 Poterat
3117 1614 3292 1679 enim,
3331 1619 3431 1673 nisi
3478 1620 3578 1676 hoc
3619 1622 3931 1688 voluisset,

2336 1702 2599 1763 praecepta
2629 1700 2796 1767 magis
2834 1715 3031 1770 augere
3068 1719 3132 1759 ac
3167 1705 3390 1765 dicere:
3420 1710 3518 1777 Qui
3560 1729 3665 1767 non
3709 1730 3932 1784 semper

2329 1782 2569 1851 jejunat,
2602 1789 2889 1855 puniatur;
2924 1794 3013 1861 qui
3044 1795 3403 1865 virginitatem
3431 1816 3536 1856 non
3566 1815 3769 1870 servat,
3793 1782 3931 1875 sup-

2334 1874 2493 1942 plicio
2518 1874 2811 1945 afﬁciatur;
2851 1882 2941 1951 qui
2970 1899 3074 1938 non
3104 1900 3163 1939 se
3191 1888 3443 1943 omnibus
3474 1895 3620 1946 exuit
3656 1874 3929 1950 facultati.

2335 1966 2434 2020 bus
2456 2009 2472 2033 ,
2506 1976 2773 2024 extremas
2816 1971 2906 2026 det
2935 1988 3142 2044 pmnas.
3175 1977 3282 2033 Sed
3315 1994 3421 2035 non
3455 1981 3556 2037 hoc
3585 1985 3730 2050 fecit,
3757 1988 3928 2041 licen-

2336 2057 2461 2111 tiam
2493 2061 2586 2114 tibi
2611 2061 2745 2116 dans
2771 2103 2787 2128 ,
2820 2065 2863 2116 si
2892 2067 3044 2132 velis,
3077 2068 3282 2137 majora
3319 2074 3667 2141 suscipiendi.
3712 2076 3930 2134 Idcirco

2333 2166 2455 2205 cum
2498 2153 2566 2207 de
2606 2154 2915 2222 virginitate
2957 2158 3302 2229 loqueretur,
3347 2162 3561 2220 dicebat
3588 2186 3601 2221 :
3631 2170 3730 2234 Qui
3762 2181 3937 2239 potest

2333 2261 2533 2314 capere,
2557 2248 2724 2314 capiat
2747 2247 2962 2315 (Matth.
2985 2250 3074 2305 19.
3102 2251 3233 2321 12);
3264 2262 3320 2307 et
3343 2254 3493 2310 diviti
3514 2258 3616 2312 alia
3644 2263 3930 2331 prrcepit,

2333 2335 2433 2387 alia
2465 2334 2581 2404 ejus
2601 2338 2858 2393 voluntati
2890 2341 3148 2409 permisit.
3172 2342 3357 2415 Neque
3380 2349 3524 2404 enim
3544 2349 3701 2418 dixit,
3726 2353 3928 2409 Vende

2332 2440 2451 2493 qua:
2482 2425 2679 2494 babes;
2704 2429 2821 2492 sed,
2841 2430 2903 2485 Si
2926 2432 2999 2485 uis
3028 2437 3280 2505 perfectus
3295 2444 3712 2517 esse,ueade(lb.
3729 2462 3779 2498 υ.
3800 2446 3867 2501 2|
3882 2448 3927 2519 ).

2334 2520 2405 2572 At
2443 2532 2544 2573 nos
2578 2534 2687 2574 non
2730 2521 2892 2576 modo
2921 2539 3030 2579 non
3065 2526 3269 2594 majora
3295 2532 3615 2599 suscipimus
3643 2551 3820 2605 neque
3862 2556 3936 2595 ea

2330 2624 2452 2679 quae
2483 2619 2745 2680 praecepta
2771 2620 2897 2666 sunt
2919 2629 3255 2683 superamus,
3284 2619 3381 2673 sed
3410 2622 3634 2677 multum
3663 2625 3841 2691 abest,
3868 2641 3930 2684 ut

2332 2710 2727 2773 praeceptorum
2757 2719 3063 2760 mensuram
3103 2708 3440 2780 impleamus.
3477 2716 3540 2771 Et
3577 2717 3775 2773 Paulus
3802 2724 3927 2788 qui-

2331 2792 2454 2848 dem
2482 2794 2773 2863 esuriebat,
2803 2811 2874 2851 ne
2898 2796 3282 2857 oﬁ‘endiculum
3309 2804 3569 2872 prmberet
3599 2810 3929 2880 evangelio;

2332 2901 2430 2942 nos
2456 2895 2633 2942 autem
2659 2902 2727 2942 ne
2746 2887 3020 2943 recondita
3045 2891 3258 2960 quidem
3290 2896 3729 2967 nobisattingere
3758 2902 3929 2958 aude-

2330 2995 2491 3046 mus,
2544 2979 2858 3035 innumeras
2903 2978 3145 3034 videntes
3200 2984 3411 3039 animus
3460 3002 3701 3042 eversas.
3751 2990 3932 3050 Rodat

2329 3070 2472 3125 enim
2492 3111 2508 3135 ,
2540 3071 2713 3141 inquit
2751 3070 2874 3136 ille,
2906 3070 3043 3134 tinea
3068 3112 3086 3138 ,
3112 3070 3301 3127 etnon
3332 3076 3487 3132 rodat
3526 3094 3770 3149 pauper;
3802 3086 3930 3140 edat

2329 3166 2528 3219 vermis
2545 3204 2563 3230 ,
2588 3174 2644 3220 et
2670 3179 2777 3218 non
2804 3163 3056 3218 induatur
3091 3164 3289 3220 nudus.
3311 3165 3501 3223 Omnia
3535 3186 3929 3231 consumantur

2332 3268 2595 3326 tempore,
2623 3266 2678 3311 et
2707 3270 2815 3310 non
2835 3257 3010 3309 alatur
3038 3256 3302 3322 Christus,
3333 3258 3461 3313 dum
3489 3264 3677 3318 esurit.

2399 3347 2590 3403 Contra
2630 3363 2831 3401 auaros.
2858 3374 2933 3387 --·
2957 3346 3157 3416 Ecquis
3202 3348 3303 3404 hoc
3330 3349 3498 3405 dicit?
3532 3354 3766 3424 inquies.
3815 3358 3929 3414 llou

2330 3441 2474 3496 enim
2506 3455 2669 3511 grave
2695 3439 2983 3494 admodum
3006 3449 3088 3493 est
3108 3479 3123 3503 ,
3152 3441 3294 3509 quod
3326 3457 3441 3497 non
3465 3446 3643 3502 verbis
3669 3489 3684 3513 ,
3717 3451 3818 3505 sed
3849 3452 3930 3511 fa-

2327 3536 2429 3589 ctis
2458 3535 2572 3588 lucc
2611 3533 2875 3589 dicantur.
2907 3530 3037 3585 Nam
3068 3532 3243 3586 minus
3269 3548 3434 3601 grave
3473 3548 3615 3591 esset
3657 3542 3705 3594 si
3743 3542 3929 3599 verbis

2326 3627 2635 3692 diceretur,
2675 3639 2835 3694 quam
2866 3638 2990 3679 cum
3029 3625 3205 3692 reipsa
3236 3621 3487 3680 efﬁcitur.
3534 3629 3725 3685 Annon
3780 3637 3928 3692 enim

2328 3719 2445 3775 lucc
2490 3717 2731 3789 quotidie
2770 3716 2969 3772 clamat
2996 3716 3259 3783 avaritia,
3290 3718 3538 3774 immanis
3574 3720 3663 3777 illa
3695 3734 3752 3780 et
3780 3742 3927 3783 sana

2331 3811 2593 3882 tyrannis,
2642 3809 2871 3878 captivis
2912 3808 3067 3864 suis?
3113 3809 3466 3879 Apponantur
3516 3824 3696 3869 vestra
3738 3833 3927 3873 come.

2326 3902 2503 3958 denda
2534 3900 2881 3973 sycophantis
2901 3940 2917 3966 ,
2948 3900 3245 3954 latronibus
3271 3908 3327 3954 et
3352 3901 3787 3971 insidiatoribus,
3818 3924 3933 3962 non

2326 4003 2505 4048 autem
2527 3992 2786 4046 famelicis
2811 4000 2867 4045 et
2896 3992 3102 4058 egenis.
3126 3991 3317 4042 Annon
3340 4006 3440 4045 vos
3458 3990 3627 4047 facitis
3645 3996 3928 4055 latrones?

2327 4098 2508 4137 annon
2553 4096 2648 4135 vos
2692 4095 2872 4135 escam
2920 4080 3172 4148 praebetis
3213 4079 3319 4149 igni
3365 4082 3716 4143 invidorum?
3742 4106 3925 4150 annon

2326 4188 2424 4228 vos
2450 4171 2625 4225 facitis
2653 4170 2906 4240 fugitivos
2931 4179 2985 4225 et
3015 4169 3375 4239 insidiatores,
3405 4171 3529 4229 dum
3554 4180 3707 4247 quasi
3732 4196 3923 4243 escam

2327 4264 2433 4319 illis
2455 4262 2668 4321 divitias
2691 4272 2897 4316 vestras
2930 4259 3240 4330 apponitlsl’
3264 4276 3383 4332 quae
3406 4274 3490 4321 est
3518 4266 3632 4323 haec
3660 4268 3874 4333 insania
3898 4281 3921 4333 τ

2327 4355 2537 4411 Insania
2572 4354 2769 4424 quippe
2810 4360 2867 4408 et
2896 4350 3175 4408 manifesta
3207 4357 3438 4409 amentia
3468 4365 3587 4423 est,
3620 4374 3778 4420 arcas
3810 4370 3919 4423 im-

2327 4449 2475 4517 plere
2510 4446 2772 4509 vestibus,
2805 4452 2862 4498 et
2888 4458 3036 4508 eum,
3065 4444 3154 4513 qui
3180 4443 3247 4497 ad
3272 4445 3556 4515 imaginem
3584 4460 3638 4505 et
3664 4456 3921 4515 similitu-

2325 4538 2504 4593 dinem
2550 4537 2642 4591 Dei
2691 4536 2860 4589 iactus
2890 4544 2973 4588 est
2999 4576 3014 4600 ,
3043 4534 3241 4589 nodum
3262 4574 3280 4600 .
3306 4547 3339 4587 ε
3369 4533 3565 4607 frigore
3592 4551 3917 4607 trementem

2324 4645 2388 4685 ac
2424 4632 2512 4683 vix
2542 4638 2746 4683 rectum
2791 4634 3023 4681 stantem
3052 4626 3350 4696 despicere.
3390 4632 3460 4687 At
3490 4633 3578 4689 ille
3603 4679 3617 4704 ,
3666 4639 3879 4712 inquies
3900 4688 3915 4710 ,

2327 4728 2617 4772 tremorem
2646 4725 2701 4771 et
2730 4716 3094 4773 inﬁrmitatem
3138 4717 3399 4772 simulat?
3428 4725 3620 4782 Annon
3654 4732 3818 4790 times
3849 4754 3917 4793 ne

2327 4809 2530 4863 fulmen
2579 4808 2647 4860 ab
2691 4809 2791 4863 'noc
2836 4812 2995 4865 verbo
3042 4826 3326 4869 accensum
3356 4828 3421 4868 ex
3450 4817 3557 4873 alto
3586 4822 3918 4893 tlejiciatur?

2326 4901 2401 4955 ira
2434 4900 2579 4953 enim
2607 4900 2946 4971 disrumpor,
2979 4904 3257 4973 ignoscite.
3291 4903 3371 4958 Tu
3400 4909 3596 4979 quippe
3624 4922 3802 4975 ventri
3835 4924 3917 4978 in.

2324 4995 2547 5065 dulgens
2572 5005 2622 5051 et
2654 4996 2862 5066 pinguis
2882 5038 2897 5064 ,
2926 5006 2981 5053 et
3005 4998 3071 5052 ad
3102 4995 3415 5067 profundam
3440 5016 3606 5072 usque
3628 5023 3913 5080 vesperam

2323 5092 2770 5161 compotationem
2784 5089 3462 5161 extendens,mollibusque
3482 5094 3623 5155 fotus
3637 5108 3910 5175 stragulis,

2325 5197 2428 5235 non
2449 5198 2639 5238 censes
2667 5193 2718 5237 te
2738 5196 2925 5253 poenas
2947 5180 3214 5243 daturum,
3237 5197 3359 5239 cum
3381 5193 3485 5242 tam
3508 5189 3687 5263 inique
3706 5196 3802 5252 Dei
3820 5200 3916 5254 do-

2322 5275 2405 5329 nis
2435 5277 2604 5331 utaris
2624 5276 2817 5346 (neque
2836 5274 2978 5327 enim
3003 5274 3182 5328 vinum
3199 5275 3379 5334 datum
3398 5292 3547 5338 estut
3561 5286 3905 5355 inebriemur,

2322 5383 2495 5440 neque
2537 5382 2826 5425 concessus
2872 5367 3025 5422 cibus
3072 5378 3128 5423 ut
3168 5380 3405 5429 ventrem
3446 5376 3817 5434 distendamus
3858 5392 3911 5437 et

2319 5460 2705 5533 dirumpamus)
2736 5478 2749 5513 :
2785 5475 3070 5531 pauperem
3096 5477 3241 5528 vero,
3264 5465 3541 5536 miserum,
3562 5486 3664 5526 non
3684 5472 3910 5529 meliore

2302 5555 2627 5613 conditione
2666 5568 2825 5625 quam
2859 5564 3156 5621 mortuum,
3192 5557 3373 5624 illum,
3401 5560 3650 5631 inquam,
3679 5561 3743 5616 ad
3774 5579 3907 5621 exa-

2317 5659 2458 5703 ctam
2488 5649 2752 5704 rationcm
2780 5644 3104 5703 reddendam
3135 5649 3281 5717 cogis
3308 5668 3323 5716 ;
3352 5667 3451 5707 nec
3484 5654 3676 5708 metuis
3703 5655 3907 5715 Christi

2318 5739 2550 5794 tribunal
2588 5738 2715 5795 illud
2742 5737 3069 5795 horrendum
3094 5751 3149 5797 et
3178 5740 3560 5798 formidabile?
3583 5744 3716 5802 Nam
3749 5751 3797 5805 si
3828 5753 3903 5807 si-

2319 5833 2483 5889 mulat
2503 5874 2518 5900 ,
2549 5848 2614 5892 ex
2640 5832 2964 5890 necessitate
2992 5844 3045 5890 et
3071 5844 3309 5907 egestate
3339 5834 3588 5906 simulat,
3616 5840 3686 5896 ob
3714 5841 3900 5899 imma-
