4066 6332
200 398 304 454 Πῦ

197 512 334 565 ἀλλὰ
360 512 584 576 δεικνὺς
606 512 790 566 αὑτῶν
810 512 909 585 τὴν
934 513 1228 567 αὐθάδειαν
1251 515 1345 569 καί⁹
1362 514 1464 585 τὴν
1491 514 1789 587 τυραννίδα

198 595 294 647 καὶ
316 594 420 663 τὴν
448 595 747 667 ἐμπορίαν,
784 596 968 666 φησίν·
1003 600 1073 653 El
1101 596 1280 651 ἄλλοι
1316 595 1429 665 τῆς
1476 597 1647 666 ὑμῶν
1682 597 1777 662 ἐξ-

197 680 417 744 ουσίας
437 681 786 751 μετέχουσι·
821 686 1092 743 τουτέστι,
1136 680 1430 753 κρατοῦσιν
1469 683 1647 753 ὑμῶν,
1699 683 1792 749 ἐξ·

194 763 569 831 ουσιάζουσιν,
601 765 679 828 ὡς
717 766 961 830 οἰκέταις
1002 765 1434 837 ἀποκέχρηνται,
1467 768 1530 819 οὑ
1568 766 1789 838 λαμϐά-

196 864 386 910 νοντες
420 849 604 916 μόνον,
633 848 769 904 ἀλλά
815 852 911 903 καὶ
961 850 1101 920 μετά
1149 848 1351 919 πολλῆς
1405 850 1645 920 σπουδῆς
1695 853 1791 904 καὶ

195 932 298 1001 τῆς
325 930 618 995 αὑθεντίας
651 944 702 985 ι.
743 932 837 986 Διὸ
875 933 1245 1003 προσέθηκεν,
1292 935 1377 986 Οὐ
1406 932 1620 998 πολλῷ
1647 932 1789 1003 μᾶλ-

193 1017 317 1067 λον
371 1013 544 1082 ἡμεῖς
560 1031 582 1078 ;
610 1013 749 1084 ὅπερ
796 1014 897 1068 οὑκ
926 1013 1014 1075 ἀν,
1050 1016 1099 1067 εἰ
1129 1015 1389 1085 περὶτῶν
1418 1016 1734 1071 ἀποστόλων
1760 1019 1790 1071 6

192 1097 358 1165 λόγος
384 1094 476 1169 ἦν,
508 1093 662 1152 εἶπεν
688 1097 776 1151 ἀν.
818 1098 958 1151 Ἀλλ’
993 1098 1223 1170 εὑδηλον
1255 1100 1339 1152 ότι
1371 1099 1527 1163 τινὰς
1555 1101 1791 1155 αἰνίττε-

193 1194 287 1231 ται
326 1179 618 1251 λυμεῶνας
664 1182 758 1235 καὶ
802 1180 1133 1245 ἀπατῶντας
1174 1182 1396 1247 αὑτούς.
1434 1183 1599 1236 Ὥστε
1648 1183 1789 1254 μετά

197 1261 295 1314 τοῦ
322 1262 492 1331 νόμου
539 1263 634 1315 τοῦ
688 1264 970 1328 Μωῦσέως
1002 1266 1096 1317 καὶ
1136 1266 1298 1335 ὑμεῖς
1324 1266 1478 1319 αὑτοί
1512 1267 1677 1333 νόμον
1699 1283 1788 1320 τε·

196 1344 425 1398 θείκατε
475 1345 617 1417 ὑπὲρ
650 1345 745 1398 τοῦ
798 1345 910 1399 δεῖν
959 1347 1245 1419 παρέχειν.
1290 1347 1478 1402 Εἰπὼν
1524 1348 1603 1413 δὲ,
1634 1347 1785 1420 [185]

198 1429 289 1481 οὐ
317 1426 525 1493 πολλῷ
559 1427 804 1496 μᾶλλον
824 1429 996 1497 ἡμεῖς
1016 1446 1036 1492 ;
1060 1433 1121 1483 οὑ
1160 1430 1568 1495 κατασκευάζει
1613 1430 1702 1483 διὰ
1734 1430 1788 1483 τί

195 1512 261 1565 οὐ
296 1510 480 1574 πολλῷ
517 1512 737 1582 μᾶλλον,
782 1511 899 1565 ἀλλ’
923 1513 1151 1584 ἀφίησιν
1180 1514 1362 1569 αὑτῶν
1403 1514 1484 1585 τῷ
1517 1513 1785 1567 συνειδότι

194 1596 291 1648 τὸν
324 1594 567 1665 ἔλεγχον,
595 1595 729 1665 ὁμοῦ
755 1597 849 1649 καὶ
873 1597 1107 1667 φοϐῆσαι
1139 1596 1462 1668 βουλόμενος
1490 1599 1585 1651 καὶ
1604 1598 1793 1668 ἐντρέ-

194 1678 300 1748 («at
334 1680 620 1750 μειζόνως.
660 1679 813 1733 Ἀλλ’
844 1682 957 1735 οὐκ
999 1680 1387 1751 ἐχρησάμεθα
1428 1680 1506 1749 τῇ
1534 1681 1789 1749 ἐξουσίᾳ

195 1762 409 1831 ταύτῃ.
449 1762 760 1824 Τουτέστιν,
796 1763 913 1816 Οὑκ
942 1763 1231 1833 ἐλάϐομεν.
1272 1764 1437 1834 Ὁρᾷς
1480 1763 1568 1819 διὰ
1603 1763 1789 1817 πόσων

196 1846 624 1909 κατασκευάσας
652 1846 937 1919 πρότερον,
974 1848 1057 1899 ὅτι
1104 1847 1165 1899 οὐ
1214 1847 1533 1917 παράνομον
1556 1847 1620 1900 τὸ
1647 1846 1789 1917 λαμο

194 1929 408 1990 ϐἀνειν,
435 1930 557 1983 τότε
585 1926 761 1993 εἶπεν,
790 1931 875 1983 ὅτι
909 1930 985 1983 Οὑ
1014 1929 1387 2000 λαμϐάνομεν,
1423 1932 1513 1984 ῖνα
1548 1931 1624 2002 μὴ
1660 1931 1787 2003 δόξῃ

193 2011 270 2077 ὥς
328 2012 716 2083 κεκωλυμένου
775 2012 1116 2082 ἀπέχεσθαι;
1166 2014 1245 2065 Οὑ
1298 2014 1431 2084 γὰρ,
1466 2014 1657 2084 ἐπειδὴ
1712 2014 1788 2084 μὴ

194 2096 401 2163 ἔξεστι,
434 2096 626 2164 φησὶν,
678 2094 737 2147 οὑ
793 2094 1088 2164 λαμϐάνω·
1134 2094 1312 2159 ἔξεστι
1344 2098 1475 2166 γὰρ,
1506 2098 1601 2149 καὶ
1630 2096 1789 2149 τοῦτο

193 2179 304 2235 ἀπὸ
330 2177 547 2231 πολλῶν
578 2176 969 2246 ἀπεδείξαμεν,
1003 2177 1114 2230 ἀπὸ
1157 2176 1267 2230 τῶν
1303 2178 1643 2243 ἀποστόλων,
1677 2178 1788 2232 ἀπὸ

198 2264 301 2316 τῶν
336 2263 396 2314 ἐν
445 2260 544 2331 βίῳ
602 2259 969 2329 πραγμάτων,
1020 2257 1114 2312 τοῦ
1166 2262 1502 2329 στρατιώτου
1556 2258 1650 2315 καὶ
1692 2259 1787 2314 τοῦ

197 2342 449 2414 γεωργοῦ
480 2344 575 2395 καὶ
606 2341 700 2394 τοῦ
728 2341 1006 2410 ποιμένος,
1033 2342 1142 2395 ἀπὸ
1168 2342 1264 2395 τοῦ
1285 2344 1451 2415 νόμου
1480 2343 1788 2408 Μωῦσέως,

193 2428 285 2483 ἀπ’
327 2426 502 2495 αὑτῆς
535 2424 630 2477 τοῦ
662 2424 988 2494 πράγματος
1015 2425 1112 2496 τῆς
1142 2425 1381 2495 φύσεως,
1406 2428 1488 2483 ὅτι
1522 2426 1786 2496 ἐσπείραο

196 2528 295 2581 μεν
326 2510 461 2580 ὑμῖν
487 2507 856 2577 πνευματικὰ,
889 2508 983 2576 ἀφ’
1012 2500 1085 2561 ὧν
1104 2509 1262 2578 ὑμεῖς
1290 2511 1421 2581 περὶ
1440 2511 1567 2573 τοὺς
1597 2509 1790 2572 ἄλλους

194 2596 539 2663 πεποιήκατε
564 2608 577 2620 ·
618 2591 734 2645 ἀλλ’
761 2590 973 2661 ὥσπερ,
1017 2591 1107 2644 ῖνα
1144 2591 1219 2662 μὴ
1247 2591 1375 2663 δόξῃ
1402 2593 1669 2662 καταισχτ⁸
1693 2610 1790 2645 25w

200 2677 323 2737 τοὺς
354 2675 692 2736 ἀποστόλους
720 2674 846 2735 τοὺς
890 2673 1292 2742 λαμϐάνοντας,
1317 2674 1496 2727 ταῦτα
1522 2675 1662 2728 τέθττ
1712 2693 1733 2711 ι
1782 2721 1788 2728 ,

194 2758 478 2830 ἐντρέπων
530 2757 727 2819 αὑτοὺς
775 2755 869 2808 καὶ
896 2754 1131 2819 δεικνὺς,
1174 2757 1258 2809 ὅτι
1297 2757 1357 2809 οὑ
1401 2756 1789 2827 κεκωλυμένου

194 2843 532 2914 πράγματος
573 2839 877 2910 ἀπέχεται·
925 2838 1072 2892 οὑτω
1102 2840 1285 2906 πάλιν,
1325 2840 1415 2894 ἵνα
1457 2840 1531 2911 μὴ
1568 2841 1657 2894 διὰ
1690 2842 1793 2909 τῆς

194 2927 404 2995 πολλῆς
466 2924 817 2994 κατασκευῆς
872 2924 966 2978 καὶ
1004 2923 1116 2977 τῶν
1167 2924 1632 2996 παραδειγμάτων
1681 2926 1794 2979 τῶν

200 3011 440 3076 πολλῶν,
482 3009 550 3062 δι’
593 3001 671 3062 ὧν
702 3006 905 3071 ἔδειξεν
937 3008 1019 3061 ὅτι
1044 3006 1125 3060 δεῖ
1158 3006 1477 3077 λαμϐάνειν,
1514 3009 1639 3080 δόξῃ
1669 3010 1791 3062 ἐπι-

196 3095 383 3168 ζητεῖν
409 3093 473 3147 τὸ
494 3092 796 3163 λαμϐάνειν
826 3092 922 3144 καὶ
957 3090 1048 3145 διὰ
1071 3090 1231 3144 τοῦτο
1258 3092 1433 3145 ταῦτα
1461 3093 1661 3162 λέγειν,
1690 3092 1791 3164 ήδη

195 3178 512 3251 διορθοῦται
548 3177 713 3230 αὑτό·
772 3177 868 3229 καὶ
897 3175 1231 3247 σαφέστερον
1267 3177 1367 3246 μὲν
1401 3176 1631 3247 ὕστερον
1660 3176 1795 3231 αὑτὸ

197 3264 473 3322 τέθεικεν,
529 3261 658 3314 ὅταν
701 3257 839 3328 λέγῃ
861 3272 875 3286 ·
930 3261 1054 3313 Οὐκ
1084 3258 1321 3329 ἔγραψα
1350 3259 1419 3312 δὲ
1452 3260 1660 3319 ταῦτα,
1692 3262 1795 3314 ἵνα

197 3346 357 3400 οὕτω
386 3343 631 3411 γένηται
668 3343 740 3396 ἐν
765 3341 928 3411 ἐμοί·
968 3341 1205 3396 ἐνταῦθα
1234 3342 1294 3396 δέ
1323 3360 1513 3410 φησιν,
1546 3344 1631 3397 ὅτι
1670 3345 1793 3398 οὐκ

198 3427 592 3498 ἐχρησάμεθα
624 3425 698 3493 τῇ
725 3424 980 3492 ἐξουσίᾳ
1014 3425 1222 3493 ταύτῃ.
1266 3427 1378 3478 Καὶ
1402 3427 1465 3478 τὸ
1490 3425 1555 3497 δὴ
1585 3425 1792 3497 μεῖζον,

199 3515 283 3567 δτι
305 3512 433 3567 οὐδὲ
464 3513 640 3564 ἐκεῖνο
670 3510 783 3581 ἔχοι
814 3526 899 3573 τις
930 3509 997 3564 ἀν
1026 3510 1222 3574 εἰπεῖν,
1252 3511 1333 3563 ὄτι
1375 3510 1797 3582 Ἐνεὺρυχωρίᾳ

200 3597 360 3659 ὖντες
395 3595 498 3647 οὑκ
549 3593 923 3664 ἐχρησάμεθα,
960 3592 1097 3647 ἀλλά
1131 3593 1225 3646 καὶ
1253 3593 1501 3663 ἀνάγκης
1538 3609 1797 3647 κατεπει-

203 3678 434 3746 γοὺσης,
468 3678 570 3730 οὑκ
594 3677 820 3747 εἴξαμεν
849 3678 917 3749 τῇ
942 3677 1176 3749 ἀνάγκη·
1212 3676 1241 3729 ὂ
1265 3677 1359 3729 καὶ
1390 3678 1448 3729 ἐν
1477 3679 1542 3747 τῇ
1570 3677 1797 3747 δευτέρᾳ

205 3764 397 3832 φησίν·
426 3762 649 3827 Ἄλλος
684 3762 1053 3829 Ἐκκλησίας
1078 3760 1381 3827 ἐσύλησα,
1416 3761 1618 3813 λαϐὼν
1645 3759 1800 3828 ὀψώ-

205 3864 307 3901 νια
358 3846 509 3916 πρὸς
537 3844 655 3913 τὴν
703 3843 872 3914 ὑμῶν
913 3843 1252 3898 διακονίαν·
1282 3844 1380 3897 καὶ
1414 3843 1620 3911 παρὼν
1647 3844 1798 3911 πρὸς

206 3930 369 4000 ὑμᾶς
402 3928 502 3983 καί
542 3928 918 3997 ὑστερηθεὶς,
946 3929 1016 3981 οὐ
1059 3927 1482 3997 κατενάρκησα
1510 3926 1793 3992 οὐδενός·

206 4016 308 4069 καὶ
357 4015 417 4067 ἐν
463 4012 640 4085 ταύτῃ
689 4012 874 4065 πάλιν·
915 4010 1025 4065 Καὶ
1062 4010 1361 4079 πεινῶμεν
1397 4011 1495 4065 καί
1528 4011 1801 4081 διψῶμεν

205 4100 309 4153 καὶ
337 4099 792 4167 γυμνητεύομεν
823 4097 924 4149 καὶ
966 4095 1424 4165 κολαφιζόμεθα.
1456 4098 1565 4150 Καὶ
1613 4096 1801 4150 ἐνταῦ-

208 4182 278 4237 θα
318 4184 484 4237 πάλιν
515 4183 577 4236 τὸ
606 4182 738 4235 αὑτὸ
782 4180 1081 4235 αἰνίττεται
1135 4179 1333 4249 λέγων,
1374 4180 1551 4234 Ἀλλὰ
1602 4180 1801 4235 πάντα

209 4266 531 4336 στέγομεν.
568 4265 753 4322 Εἰπὼν
803 4266 933 4336 γὰρ,
977 4266 1059 4318 ὅτι
1102 4264 1307 4319 Πάντα
1359 4265 1672 4334 στέγομεν,
1708 4267 1801 4320 καὶ

209 4353 369 4418 λιμὸν
392 4350 690 4403 αἰνίττεται
714 4350 810 4403 καὶ
839 4348 1203 4419 στενοχωρίαν
1232 4347 1434 4418 πολλὴν
1458 4348 1552 4401 καὶ
1578 4348 1646 4401 τά
1669 4348 1803 4402 ἄλλα

214 4434 417 4488 πάντα.
456 4432 596 4486 Ἀλλ’
628 4432 750 4485 οὑδὲ
781 4432 955 4495 οὕτως
982 4430 1432 4501 ἠναγκάσθημεν,
1460 4432 1611 4501 φησί,
1643 4432 1815 4485 λῦσαι·

212 4519 306 4570 τὸν
338 4519 526 4587 νόμον,
566 4516 626 4569 ὃν
659 4516 873 4579 ἑαυτοῖς
898 4515 1246 4585 τεθείκαμεν.
1284 4515 1381 4567 Διά
1414 4514 1466 4567 τί
1492 4534 1505 4581 ;
1546 4515 1673 4569 Ἵνα
1714 4516 1801 4586 μὴ

212 4598 485 4668 ἐγκοπήν
508 4615 645 4653 τινα
672 4597 868 4667 δῶμεν
901 4596 980 4661 τῷ
1017 4599 1348 4667 εὐαγγελίῳ
1381 4598 1487 4651 τοῦ
1521 4600 1800 4665 Χριστοῦ.

227 4682 454 4751 Ἐπειδὴ
494 4682 607 4752 γὰρ
636 4679 1027 4750 ἀσθενέστερον
1062 4679 1341 4751 Κορίνθιοι
1373 4680 1658 4742 διέκειντο,
1686 4682 1805 4735 Ἵνα

209 4768 297 4837 μὴ
329 4767 628 4836 πλήξωμεν
658 4764 825 4834 ὑμᾶς,
851 4763 1006 4834 φησί,
1027 4761 1417 4833 λαμϐάνοντες,
1437 4764 1692 4834 εἱλόμεθα
1712 4767 1805 4821 καὶ

217 4852 359 4923 ὑπὲρ
386 4851 457 4903 τά
482 4846 889 4916 ἐπιτεταγμένα
921 4850 1166 4917 ποιῆσαι,
1198 4846 1231 4915 ἢ
1269 4848 1512 4915 ἐγκοπήν
1540 4864 1662 4901 τινα
1689 4849 1808 4902 δοῦ-

219 4950 307 4987 ναι
339 4934 424 5005 τῷ
461 4926 791 5000 εὐαγγελίῳ,
839 4930 1112 4996 τουτέστι,
1157 4933 1224 5001 τῇ
1276 4933 1579 5002 κατηχήσει
1625 4934 1801 5003 ὑμῶν.

220 5016 283 5069 Εἰ
317 5018 377 5073 δέ
401 5018 584 5089 ἡμεῖς,
622 5012 722 5069 καὶ
766 5013 1234 5083 ἐπιτετραμμένον
1280 5015 1432 5084 ἡμῖν,
1459 5016 1557 5068 καὶ
1606 5016 1808 5087 πολλὴν

222 5099 529 5170 πάσχοντες
574 5098 716 5169 βίαν.
746 5095 843 5151 καὶ
875 5096 1215 5159 ἀποστόλους
1241 5096 1453 5167 ἔχοντες
1480 5100 1807 5170 ὑπόδειγμα,

222 5185 323 5239 οὐκ
345 5184 711 5253 ἐποιήσαμεν,
740 5182 864 5235 Ἵνα
898 5178 985 5249 μὴ
1033 5179 1305 5249 ἐγκοπὴν
1335 5180 1531 5249 δῶμεν
1565 5182 1680 5252 (καὶ
1709 5185 1810 5238 οὑκ

226 5265 401 5331 εἶπεν,
461 5266 800 5336 ἀνατροπὴν,
842 5264 958 5320 ἀλλ’
989 5261 1309 5333 Ἑτκοπὴν,
1344 5264 1441 5316 καὶ
1488 5265 1585 5333 οὐχ
1623 5266 1811 5332 ἁπλῶς

227 5349 493 5422 ἐγκοπὴν,
541 5346 679 5412 ἀλλ’,
724 5349 1033 5418 Ἐγκοπήν
1068 5363 1219 5401 τινα·
1261 5346 1350 5399 ἴνα
1385 5346 1521 5416 μηδὲ
1566 5347 1666 5418 τὴν
1716 5368 1812 5403 τυ..

229 5436 455 5509 χοῦσαν,
482 5431 559 5495 ὡς
582 5430 647 5484 ἂν
675 5429 821 5483 εἴποι
848 5448 953 5496 τις,
986 5431 1246 5503 μέλλησιν
1283 5432 1378 5482 καὶ
1405 5430 1675 5502 ἀναϐολὴν
1712 5436 1813 5505 ὲμ-

230 5522 552 5591 ποιήσωμεν
582 5513 658 5585 τῷ
693 5512 877 5585 δρόμῳ
916 5515 1010 5567 τοῦ
1065 5514 1281 5585 λόγων
1340 5514 1391 5566 εἰ
1427 5513 1608 5567 τοίνυν
1651 5519 1813 5589 ἡμεῖς

228 5603 473 5677 τοσαύτῃ
499 5596 858 5672 ἐχρησάμεθα
879 5600 947 5669 τῇ
980 5599 1206 5670 σπουδῇ,
1235 5598 1389 5669 φησί,
1426 5599 1577 5670 πόσῳ
1613 5603 1814 5670 μᾶλλον

231 5687 380 5756 ὑμᾶς
437 5688 566 5749 τοὺς
615 5684 710 5737 καὶ
754 5681 888 5734 πολὺ
944 5681 1054 5734 τῶν
1099 5684 1414 5736 ἀποστόλων
1462 5684 1811 5751 ἀποδέοντας,

232 5772 327 5824 καὶ
386 5770 513 5823 οὑδὲ
567 5769 733 5839 νόμον
783 5766 1007 5836 ἔχοντας
1060 5769 1235 5820 εἰπεῖν
1288 5768 1379 5821 τὸν
1428 5768 1813 5837 ἐπιτρέποντα,

298 5880 321 5906 ⁴
351 5874 880 5937 Μοτοί-Ἷμετάπολλῆς
899 5878 985 5932 τῆς
1002 5872 1258 5934 αὑθεντίας,
1281 5872 1475 5924 omissis
1510 5874 1815 5937 interpositis

237 5955 346 5990 sua:
378 5942 431 5989 in
457 5937 575 5999 Reg.
622 5936 885 5986 habemur.

1230 399 1298 457 IN
1336 398 1556 457 EPIST.
1595 399 1619 455 Ι
1672 401 1764 456 AD
1800 401 1962 459 COR.
2005 403 2249 462 HOMIL.
2292 405 2436 461 XXI.

3373 420 3481 473 Πὸ

1894 519 2033 573 ἀλλά
2064 521 2160 574 καὶ
2201 522 2516 577 τούναντίον
2544 523 2656 577 τῶν
2698 527 3099 597 κεκωλυμένων
3142 528 3481 599 ἁπτομένους

1896 602 1993 656 καὶ
2024 601 2134 657 τῶν
2156 604 2251 657 ἐπὶ
2284 604 2460 679 βλάϐῃ
2494 606 2711 680 μεγάλῃ
2747 608 2844 662 τοῦ
2887 610 3230 679 εὐαγγελίου,
3260 614 3362 667 οὑκ
3391 616 3482 667 ἐπὶ

1892 684 1954 737 τὸ
1987 684 2061 755 μὴ
2117 686 2365 757 ἐγκοπὴν
2429 686 2593 757 μόνον
2648 688 2855 754 δοῦναι,
2902 692 3020 745 ἀλλ’
3066 693 3190 747 οὑδέ
3234 694 3486 764 ἀνάγκην

1890 767 2135 836 ὁρῶντας
2187 768 2572 840 ἐπικειμένην,
2624 771 2927 842 ἀπέχεσθαι
2979 775 3090 841 δεῖ;
3144 776 3347 829 Τοῦτον
3375 779 3485 849 γάρ

1890 849 2111 903 ἅπαντα
2150 851 2244 905 τὸν
2275 851 2436 921 λόγον
2473 854 2542 908 δι’
2575 854 2822 919 ἐκείνους
2868 857 3090 927 ἐκίνησε
3115 860 3240 922 τοὺς
3258 859 3351 912 ςδιὰ
3382 861 3484 930 τῆς

1893 930 2153 1002 βρώσεως
2229 933 2341 987 τῶν
2409 935 2781 991 εἰδωλοθύτων
2848 939 3301 1005 σκανδαλίζοντας
3358 942 3485 1005 τοὺς

1891 1016 2322 1088 ἀσθενεστέρους
2348 1017 2640 1087 ἀδελφούς.

1963 1099 2112 1173 [186]
2138 1100 2327 1155 Ταῦτα
2359 1102 2417 1155 δὲ
2450 1103 2545 1157 καὶ
2584 1105 2747 1175 ἡμεῖς
2801 1104 3117 1176 ἀκούωμεν,
3166 1108 3479 1179 ἀγαπητοί·

1890 1183 2088 1256 ἵναμὴ
2130 1186 2565 1257 καταφρονῶμεν
2604 1187 2716 1240 τῶν
2761 1186 3306 1263 σκανδαλιζομένων,
3348 1192 3485 1261 μηδὲ
3564 1228 3565 1231 η

1888 1270 2137 1340 ἐγκοπήν
2156 1286 2281 1323 τινα
2315 1269 2565 1341 ποιῶμεν
2586 1270 2665 1340 τῷ
2713 1269 3023 1342 εὐαγγελίῳ
3062 1272 3158 1325 τοῦ
3196 1274 3438 1345 Χριστοῦ
3467 1291 3483 1305 ·
3524 1340 3529 1349 ἱ

1890 1350 1979 1403 ἵνα
2020 1352 2097 1423 μὴ
2124 1352 2470 1424 προδιδῶμεν
2495 1356 2596 1424 τὴν
2622 1354 2903 1424 ἡμετέραν
2932 1354 3230 1425 σωτηρίαν.
3260 1357 3354 1427 Μὴ
3379 1359 3485 1428 γάρ

1893 1451 1983 1503 μοι
2015 1433 2163 1503 λέγε,
2203 1436 2334 1489 ὅταν
2363 1436 2790 1507 σκανδαλίζηται
2822 1438 2852 1489 6
2883 1436 3134 1506 ἀδελφὸς,
3164 1438 3248 1490 ὅτι
3283 1439 3358 1492 Οὑ
3387 1456 3484 1491 κε-

1890 1515 2133 1570 κώλυται
2147 1517 2210 1571 τὸ
2236 1519 2332 1571 καὶ
2350 1519 2433 1583 τὺ,
2461 1519 2552 1587 ἐφ’
2571 1512 2615 1586 ᾧ
2643 1517 3081 1582 σκανδαλίζεται,
3112 1521 3206 1572 καὶ
3232 1521 3314 1573 ὅτι
3338 1522 3486 1589 ἐφεῖ-

1888 1616 2002 1652 ται.
2054 1599 2196 1668 Ἐγὼ
2227 1602 2337 1672 γάρ
2369 1619 2452 1656 σοι
2496 1601 2724 1671 μείζονα
2761 1600 2944 1669 λέγω,
2990 1603 3075 1656 ὅτι
3120 1605 3224 1656 κᾶν
3262 1604 3425 1667 αὐτὸς
3456 1607 3489 1657 6

1889 1682 2127 1751 Χριστὸς
2153 1684 2537 1754 ἐπιτετραφὼς
2578 1681 2638 1755 ᾖ,
2672 1686 2791 1758 ἴδῃς
2817 1686 2875 1738 δέ
2910 1703 3034 1739 τινα
3082 1686 3486 1756 βλαπτόμενον,

1889 1764 2117 1835 ἐπίσχες
2146 1766 2240 1819 καὶ
2270 1766 2345 1837 μὴ
2379 1768 2559 1838 χρήσῃ
2594 1770 2660 1837 τῇ
2697 1770 2990 1839 ἐπιτροπῇ.
3028 1768 3209 1822 Τοῦτο
3250 1770 3359 1841 γὰρ
3390 1772 3486 1823 καὶ

1892 1848 2102 1912 Παῦλος
2136 1850 2413 1919 ἐποίησεν,
2447 1850 2569 1914 ἐξὸν
2596 1851 2783 1903 λαϐεῖν
2817 1851 3055 1922 Χριστοῦ
3088 1856 3486 1923 συγχωρήσαν-

1890 1947 2005 1995 τος,
2036 1931 2111 2001 μὴ
2147 1931 2350 1986 λαϐὼν.
2398 1933 2509 1985 Καὶ
2540 1932 2651 2003 γάρ
2686 1934 3074 2002 φιλάνθρωπος
3103 1933 3178 1986 ὣν
3221 1935 3249 1986 6
3280 1934 3488 1987 Δεσπό-

1889 2031 2010 2083 της,
2050 2014 2250 2085 πολλὴν
2280 2018 2393 2079 τοῖς
2438 2016 2812 2086 ἐπιτάγμασιν
2857 2016 3124 2087 ἐκέρασεν
3166 2017 3485 2087 ἡμερότητα

1890 2101 2004 2160 τοῖς
2028 2097 2217 2161 αὑτοῦ,
2252 2098 2339 2151 ἵνα
2372 2099 2451 2167 μὴ
2488 2099 2652 2167 μόνον
2682 2099 2741 2162 ἐξ
2766 2099 3059 2169 ἐπιταγῆς,
3097 2099 3237 2153 ἀλλά
3288 2100 3384 2153 καὶ
3426 2098 3488 2164 ἐξ

1889 2183 2097 2244 οἰκείας
2127 2183 2298 2235 πολλά
2341 2182 2585 2252 ποιῶμεν
2627 2182 2875 2253 γνώμης.
2917 2184 3028 2236 Καὶ
3072 2184 3182 2252 γὰρ
3226 2182 3483 2251 ἠδύνατο,

1890 2266 1939 2316 εἰ
1995 2264 2071 2334 μὴ
2106 2265 2269 2317 τοῦτο
2312 2264 2585 2329 ἐϐούλετο,
2630 2264 2833 2335 μᾶλλον
2868 2267 3139 2317 ἐπιτεῖναι
3182 2267 3250 2319 τὰ
3292 2266 3487 2318 ἐπιτά-

1888 2363 2099 2417 γματα,
2117 2350 2210 2401 καὶ
2229 2349 2425 2401 εἰπεῖν·
2441 2348 2500 2400 '0
2522 2347 2596 2418 μὴ
2623 2347 2802 2399 διόλου
2822 2347 3127 2417 νηστεύων,
3152 2348 3484 2412 κολαζέσθω·

1890 2431 1919 2480 6
1950 2429 2026 2499 μὴ
2067 2430 2444 2501 παρθενεὺων,
2470 2430 2846 2501 τιμωρείσθω·
2878 2432 2906 2482 6
2936 2430 3011 2501 μὴ
3043 2432 3220 2484 πάντα
3253 2431 3488 2485 ἀποδυό-

1895 2529 2055 2582 μενος
2079 2513 2147 2565 τά
2171 2513 2320 2573 ὅντα,
2360 2514 2518 2584 δίκην
2555 2513 2746 2567 διδότω
2774 2515 2875 2581 τὴν
2911 2514 3174 2585 ἐσχάτην.
3217 2514 3359 2566 Ἀλλ’
3389 2516 3490 2568 οὑκ

1892 2596 2119 2667 ἐποίησε
2152 2597 2332 2659 τοῦτο,
2369 2598 2452 2648 σοὶ
2493 2598 2774 2667 παρέχων,
2805 2600 2855 2651 εί
2887 2598 3235 2669 βουληθείης,
3278 2601 3489 2667 φιλοτι-

1897 2682 2136 2751 μεῖσθαι.
2171 2681 2270 2734 Διά
2293 2681 2450 2734 τοῦτο
2476 2683 2569 2734 καὶ
2598 2683 2685 2734 ὅτε
2716 2682 2846 2751 περὶ
2867 2682 3169 2754 παρθενίας
3191 2683 3485 2749 διελέγετο,

1893 2764 2079 2832 ἔλεγεν
2106 2781 2119 2795 ·
2169 2766 2231 2817 '0
2263 2764 2601 2833 δυνάμενος
2646 2765 2894 2834 χωρεῖν,
2934 2766 3221 2833 χωρείτω·
3258 2767 3353 2817 καὶ
3394 2769 3488 2820 ἐπὶ

1892 2846 1987 2898 τοῦ
2024 2846 2282 2901 πλουσίου
2316 2846 2385 2899 τὰ
2438 2849 2537 2916 μὲν
2584 2848 2837 2911 ἐπέταξε,
2886 2849 2958 2902 τὰ
3004 2850 3059 2902 δὲ
3111 2848 3379 2918 ἐπέτρεψε
3417 2852 3486 2921 τῇ

1893 2935 2113 3004 ἐξουσίᾳ
2288 2935 2552 2999 διανοίας.
2615 2937 2690 2989 υὺ
2749 2938 2859 3005 γὰρ
2893 2933 3057 2997 εἷπε,
3106 2938 3369 3006 Πὼλησον
3418 2938 3489 2989 τὰ

1896 3017 2230 3087 ὑπάρχοντα,
2258 3017 2396 3082 ἀλλ’,
2414 3020 2483 3072 Εἰ
2504 3018 2701 3084 θέλεις
2723 3018 2954 3083 τέλειος
2978 3016 3150 3081 εἶναι,
3169 3018 3483 3092 πώλησον.

1909 3102 2049 3157 Ἀλλ’
2084 3104 2245 3173 ἡμεῖς
2274 3102 2336 3155 οὑ
2382 3105 2543 3173 μόνον
2577 3103 2637 3155 οὑ
2675 3101 3109 3171 φιλοτιμούμεθα
3150 3100 3269 3154 οὑδὲ
3314 3103 3487 3171 ὑπερ-

1896 3183 2153 3254 ϐαίνομεν
2185 3185 2255 3237 τὰ
2285 3185 2708 3253 προστάγματα,
2728 3185 2863 3237 ἀλλά
2886 3186 2981 3238 καὶ
3014 3184 3108 3237 τοῦ
3144 3183 3346 3255 μέτρου
3376 3183 3488 3237 τῶν

1897 3267 2299 3321 κελευσθέντων
2331 3268 2537 3340 σφόδρα
2582 3268 3092 3337 ἀπολιμπανόμεθα.
3133 3267 3244 3320 Καὶ
3277 3266 3488 3328 Παῦλος

1901 3352 2000 3420 μὲν
2036 3350 2365 3419 ἐλίμωττεν,
2410 3350 2496 3403 ἵνα
2544 3351 2618 3421 μὴ
2659 3351 2901 3420 ἐγκοπὴν
2940 3349 3019 3419 τῷ
3053 3350 3357 3419 εὐαγγελίῳ
3389 3350 3485 3420 δῷ·

1897 3420 2059 3503 ἡμεῖς
2102 3432 2158 3486 δὲ
2195 3432 2316 3483 οὑδέ
2349 3432 2459 3485 τῶν
2492 3420 2875 3501 ἀποκειμένων
2917 3433 3048 3501 ἡμῖν
3092 3431 3334 3500 ἀψασθαι
3364 3432 3488 3484 τολ-

1903 3517 2117 3587 μῶμεν,
2150 3515 2351 3587 μυρίας
2377 3516 2616 3588 ὁρῶντες
2636 3517 3088 3586 ἀνατρεπομένας
3108 3516 3307 3585 ψυχάς.
3330 3516 3489 3585 Τρω-

1899 3601 2047 3669 γέτω
2078 3600 2210 3671 γὰρ,
2239 3601 2425 3671 φησιν,
2458 3601 2486 3652 6
2518 3601 2638 3671 σὴς,
2677 3600 2772 3652 καὶ
2811 3600 2884 3670 μὴ
2934 3600 3194 3669 τρωγέτω
3226 3601 3254 3653 6
3294 3600 3486 3667 πένης·

1898 3682 2238 3738 κατεσθιέτω
2256 3685 2284 3735 6
2307 3682 2545 3753 σκώληξ,
2566 3685 2660 3737 καὶ
2680 3683 2754 3753 μὴ
2780 3682 3194 3755 περιϐαλλέσθω
3209 3684 3236 3734 6
3260 3685 3492 3752 γυμνός·

1898 3765 2273 3819 ἀναλισκέσθω
2303 3766 2484 3819 πάντα
2514 3765 2593 3835 τῷ
2641 3768 2842 3835 χρόνῳ,
2891 3765 2989 3819 καὶ
3029 3766 3106 3837 μὴ
3147 3766 3434 3837 τρεφέσθω
3460 3768 3493 3819 6

1898 3848 2158 3919 Χριστὸς,
2188 3848 2287 3901 καὶ
2311 3846 2485 3902 ταῦτα
2516 3846 2737 3900 πεινῶν.

1972 3934 2083 3986 Καὶ
2105 3932 2189 3996 τίς
2216 3930 2375 3985 τοῦτο
2414 3926 2536 3984 εἶπε
2560 3948 2576 3998 ;
2603 3931 2755 4001 φησί.
2794 3928 2967 3984 Τοῦτο
2999 3930 3108 4000 γάρ
3139 3932 3255 3985 ἐστι
3286 3930 3487 4001 σφόδρα

1899 4016 1962 4068 τὸ
1999 4014 2194 4080 δεινὸν,
2251 4014 2333 4067 ὅτι
2379 4015 2480 4067 οὑκ
2525 4014 2583 4066 ἐν
2635 4016 2747 4075 τοῖς
2784 4014 3062 4082 ῥήμασιν,
3109 4014 3224 4065 ἀλλ’
3271 4016 3490 4076 ἐντοῖς

1902 4100 2191 4169 πράγμασι
2246 4097 2415 4152 ταῦτα
2466 4098 2706 4166 λέγεται.
2774 4097 2883 4149 Καὶ
2936 4094 3047 4165 γάρ
3094 4091 3258 4168 ἦττον
3313 4095 3378 4149 ἂν
3420 4091 3489 4167 ἦν

1901 4182 2071 4235 δεινὸν
2100 4182 2194 4233 ἐπὶ
2229 4181 2338 4234 τῶν
2366 4180 2630 4251 ῥημάτων
2653 4178 2970 4247 λεγόμενον,
2993 4179 3027 4246 ἢ
3058 4180 3150 4231 ἐπὶ
3182 4178 3293 4232 τῶν
3313 4179 3491 4246 ἔργων

1903 4265 2207 4333 γινόμενον.
2243 4258 2321 4315 ῩΗ
2345 4264 2454 4333 γάρ
2484 4263 2544 4315 οὑ
2578 4262 2751 4314 ταῦτα
2790 4261 2890 4332 βοᾷ
2926 4260 3045 4314 καθ’
3081 4261 3319 4330 ἑκάστην
3349 4261 3489 4331 ήμέο

1905 4363 2004 4417 ραν
2028 4349 2061 4416 ἡ
2098 4344 2470 4416 ἀπάνθρωπος
2508 4346 2600 4399 καὶ
2634 4344 2760 4413 ὠμὴ
2789 4346 3065 4413 τυραννὶς,
3099 4346 3131 4415 ἡ
3159 4342 3495 4415 φιλαργυρία

1902 4430 2017 4490 τοῖς
2044 4429 2214 4499 αὑτῆς
2237 4427 2638 4499 αἰχμαλώτοις-ς
2667 4427 2986 4497 Προκείσθω
3013 4428 3104 4481 καί
3126 4428 3493 4495 συκοφάνταις

1905 4514 2000 4567 καὶ
2025 4512 2251 4583 λῃσταῖς
2283 4512 2377 4565 καὶ
2414 4511 2721 4573 ἐπιϐούλοις
2761 4509 2899 4581 πρὸς
2926 4509 3138 4581 τρυφὴν
3170 4512 3198 4551 ι)
3248 4512 3317 4564 τὰ
3358 4508 3493 4579 ὑμέέ

1905 4612 2062 4665 τερα,
2091 4596 2186 4649 καὶ
2230 4595 2304 4666 μὴ
2337 4596 2449 4657 τοῖς
2480 4593 2704 4646 πεινῶσι
2753 4592 2886 4664 μηδὲ
2918 4596 3033 4657 τοῖς
3070 4594 3346 4664 δεομένοις
3377 4592 3495 4645 δια-

1906 4680 2103 4750 τροφὴ.
2134 4680 2207 4731 Οὑ
2245 4682 2353 4748 γὰρ
2389 4679 2549 4746 ὑμεῖς
2586 4679 2787 4729 ποιεῖτε
2826 4676 2954 4739 τοὺς
2994 4677 3235 4748 λῃστάς
3278 4676 3338 4728 οὑ
3384 4674 3494 4747 γὰρ

1909 4762 2068 4831 ὑμεῖς
2101 4760 2181 4830 τῷ
2207 4764 2339 4830 πυρὶ
2372 4762 2481 4811 τῶν
2514 4760 2801 4828 βασκάνων
2840 4758 3111 4828 παρέχετε
3156 4760 3396 4829 τροφήν;
3429 4759 3497 4812 οὑ

1907 4843 2017 4911 γλιρ
2035 4845 2192 4912 ὑμεῖς
2216 4846 2417 4895 ποιεῖιε
2440 4842 2566 4903 τοὺς
2588 4840 2858 4912 δραπέτας
2882 4841 2977 4893 καὶ
3002 4844 3127 4904 τοὺς
3152 4842 3492 4903 ἐπιϐούλους,

1910 4927 2163 4995 καθάπερ
2212 4926 2403 4993 δέλεαρ
2449 4926 2632 4987 αὑτοῖς
2677 4925 2767 4977 τὸν
2825 4924 3090 4995 ὑμέτερον
3148 4925 3496 4997 προτιθέντες

1913 5010 2181 5075 πλοῦτον;
2215 5008 2356 5080 τίςή
2393 5010 2563 5078 μανία
2592 5008 2766 5077 αὑτη;
2813 5008 2992 5060 Μανία
3026 5009 3135 5078 γὰρ
3177 5010 3267 5060 καὶ
3318 5023 3494 5077 παρα-

1912 5092 2113 5163 πληξία
2143 5090 2340 5161 σαφὴς,
2368 5092 2437 5143 τά
2462 5093 2559 5161 μὲν
2590 5090 2820 5144 κιϐώτια
2845 5091 3017 5159 μεστά
3038 5090 3273 5157 ίματίων
3298 5093 3495 5155 ποιεῖν,

1912 5180 2004 5231 τὸν
2027 5176 2085 5230 δὲ
2113 5174 2232 5228 κατ’
2256 5175 2443 5226 εἰκόνα
2471 5172 2606 5226 Θεοῦ
2634 5175 2928 5242 γενόμενον
2954 5172 3047 5225 καὶ
3073 5171 3197 5224 καθ’
3213 5172 3493 5242 ὁμοίωσιν,

1912 5261 2121 5331 γυμνὸν
2149 5258 2244 5312 καὶ
2276 5258 2550 5327 τρέμοντα
2583 5257 2689 5308 ὑπὸ
2716 5255 2811 5308 τοῦ
2842 5255 3055 5325 κρυμοῦ
3087 5258 3371 5327 περιορᾷν,
3400 5257 3496 5309 καὶ

1918 5344 2070 5415 μόλις
2116 5340 2471 5412 ὀρθούμενον.
2532 5339 2694 5392 Ἀλλά
2738 5338 3158 5409 προφασίζεται,
3206 5340 3359 5410 φησί,
3400 5338 3495 5391 τὸν

1913 5428 2117 5499 τρόμον
2166 5425 2260 5479 καὶ
2311 5424 2410 5494 τὴν
2468 5423 2771 5477 ἀσθένειαν.
2827 5418 2960 5473 Εἶτα
3011 5424 3072 5475 οὑ
3124 5423 3366 5485 δέδοικας
3418 5422 3494 5492 μὴ

1918 5509 2159 5578 σκηπτὸς
2198 5507 2402 5561 ἄνωθεν
2434 5506 2544 5561 ἀπὸ
2572 5505 2666 5557 τοῦ
2708 5504 2949 5572 ῥήματος
2993 5505 3255 5574 ἀναφθείς
3299 5504 3494 5559 τούτου

1917 5592 2253 5663 κατενεχθῇ;
2284 5592 2687 5662 διαρῤήγνυμαι
2716 5589 2822 5659 γὰρ
2861 5590 2965 5642 ὑπὸ
3004 5590 3099 5642 τοῦ
3138 5589 3332 5659 θυμοῦ·
3366 5590 3493 5659 σύγ-

1916 5695 2111 5747 γνωτε.
2148 5678 2221 5729 Σὺ
2257 5677 2352 5744 μὲν
2381 5677 2489 5745 γὰρ
2518 5672 2945 5743 γαστριζόμενος
2996 5674 3091 5725 καὶ
3126 5674 3493 5741 πιαινόμενος,

1918 5763 2013 5815 καὶ
2042 5763 2120 5823 εἰς
2150 5761 2388 5829 ἑσπέραν
2409 5758 2627 5824 βαθεῖαν
2656 5756 2747 5808 τὸν
2772 5755 2931 5808 πότον
2956 5758 3318 5826 παρατείνων,
3346 5754 3494 5827 [187]

1920 5846 2013 5898 καὶ
2049 5844 2313 5912 μαλακοῖς
2354 5839 2753 5909 ἐνθαλπὸμενος
2798 5837 3130 5909 στρώμασιν,
3183 5841 3282 5895 οὐκ
3324 5841 3500 5908 ἀξιοῖς

1988 5935 2013 5975 δ
2041 5935 2185 5997 Reg,
2212 5934 2326 5997 πρὸς
2361 5934 2553 5996 τρυφήν.
2600 5930 2749 5993 Edili,
2790 5931 2904 5994 πρὸς
2930 5935 3122 5997 τροφήν.
