4066 6332
559 409 660 464 I77

552 520 735 576 δοῦναι
763 517 939 588 δίκην,
972 516 1119 572 οὑτω
1159 519 1496 590 παρανόμως
1535 520 1653 582 τοῖς
1688 514 1793 571 τοῦ
1826 516 1972 570 Θεοῦ
1994 512 2136 590 χρώο

557 619 716 677 μενος
740 600 931 672 δώροις
962 599 1104 673 (οὑδδ
1140 602 1251 670 7&9
1297 602 1389 656 ῖνα
1427 600 1739 671 μεθύωμεν,
1761 601 1791 653 δ
1822 593 1987 661 οἶνοςο
2022 596 2133 649 οὐδ’

551 687 641 740 ῖνα
669 683 1115 755 γαστριζώμεθα,
1131 686 1174 756 η
1188 683 1363 755 τροφὴ
1388 684 1635 752 γέγονεν·
1656 682 1767 737 οὐδ’
1794 681 1881 736 ῖνα
1900 679 2142 737 διασπῶ-

553 784 655 839 μεν
681 766 781 837 τὴν
830 765 1096 837 γαστέρα,
1147 767 1219 821 τά
1269 767 1461 837 σιτία)·
1515 766 1609 821 τὸν
1643 766 1703 821 δδ
1752 765 1999 836 πένητα,
2046 762 2141 816 τὸν

548 849 756 915 ἀθλιον,
784 849 879 903 τδν
914 849 1067 903 οὐδὲν
1101 847 1326 920 ἄμεινον
1366 849 1566 922 νεκροῦ
1606 847 1981 918 διακείμενον,
2014 845 2143 901 τοῦ·

549 950 643 990 τον
674 932 902 998 εὐθύνας
930 935 1186 995 ἀπαιτεῖς
1214 933 1490 1003 ἀκριϐεῖς,
1522 934 1618 988 καὶ
1660 934 1723 987 οὐ
1769 931 2015 995 δέδοικας
2047 931 2143 984 τοῦ

549 1016 791 1089 Χριστοῦ
816 1016 879 1069 τὸ
903 1017 1253 1086 δικαστήριον
1279 1016 1341 1069 τὸ
1381 1015 1610 1087 φρικτὸν
1645 1016 1821 1069 ἐκεῖνο
1844 1014 1950 1075 ,καὶ
1979 1014 2145 1084 (906a-

554 1101 647 1171 ρόν
667 1118 684 1167 ;
709 1100 823 1154 Καὶ
836 1100 945 1169 γὰρ
974 1101 1023 1152 εῖ
1050 1099 1427 1170 ὑποκρίνεται,
1446 1099 1507 1166 ἐξ
1523 1100 1771 1167 ἀνάγκης
1790 1096 2144 1167 ὑποκρίνεται

551 1185 651 1239 καὶ.
676 1183 885 1245 ἐνδείας
918 1182 1006 1236 διὰ
1031 1182 1131 1254 τὴν
1158 1183 1422 1254 ὠμότητα
1449 1182 1549 1254 τὴν
1577 1181 1677 1251 σὴν
1704 1184 1801 1236 καὶ
1828 1182 1929 1253 τὴν
1971 1182 2147 1234 ἀπαν-

553 1266 799 1337 θρωπίαν
830 1266 927 1337 τὴν
952 1266 1212 1325 τοιούτων
1241 1266 1505 1337 δεομένην
1529 1265 1917 1339 προσωπείων,
1942 1265 2044 1335 τὴν
2069 1264 2143 1335 μὴ

552 1348 937 1421 ἐπικλωμένην
973 1347 1109 1421 πρὸς
1140 1350 1313 1404 ἔλεον.
1357 1350 1455 1413 Τίς
1481 1348 1592 1421 γάρ
1628 1349 1801 1411 οὑτως
1830 1346 2015 1411 ἄθλιος
2051 1349 2146 1400 καὶ

551 1432 919 1502 ταλαίπωρος,
947 1432 1022 1495 ὡς
1052 1433 1325 1504 μηδεμιᾶς
1346 1432 1596 1502 ἀνάγκης
1621 1430 1984 1501 ἐπικειμένης
2006 1429 2147 1501 ὑπὲρ

552 1516 671 1580 ἐνὸς
697 1516 869 1587 ἄρτου.
885 1514 1116 1569 τοιαῦτα
1134 1516 1467 1585 ἀσχημονεῖν
1485 1515 1581 1573 καὶ
1592 1515 1889 1571 κόπτεσθαι
1902 1515 1997 1569 καὶ
2019 1531 2148 1567 τοσ-

550 1601 725 1671 αύτην
755 1600 1051 1670 ὑπομένειν
1099 1598 1285 1665 δίκην;
1315 1599 1479 1650 Ὥστε
1503 1600 1536 1668 ή
1555 1598 1846 1670 ὑπόκρισις
1879 1601 1912 1669 ή
1936 1600 2147 1652 ἐκείνου

551 1684 655 1753 τῆς
686 1683 786 1750 σῆς
812 1681 1214 1751 ἀπανθρωπίας
1243 1681 1595 1751 περιέρχεται
1626 1683 1924 1752 γιγνομένη
1949 1680 2144 1751 κήρυξ.

567 1765 787 1835 Ἐπειδὴ
813 1763 925 1835 γὰρ
949 1764 1213 1819 ῖκετεύων
1244 1765 1337 1819 καὶ
1356 1764 1605 1835 λιπαρῶν
1628 1767 1720 1819 καὶ⁵
1739 1764 1951 1818 ἐλεεινὰ
1971 1764 2151 1834 προϊέ-

558 1866 722 1914 μενος
751 1850 998 1919 ρήματα,
1041 1850 1136 1901 καλ⁵
1164 1848 1493 1919 ὀδυρόμενος
1522 1848 1616 1903 καὶ
1647 1847 1898 1918 δακρύων
1944 1849 2040 1900 καὶ
2082 1846 2150 1899 δι’

556 1932 685 2002 ὅλης
710 1931 940 2002 περιιὼν
978 1931 1078 2001 τῆς
1110 1931 1348 2002 ἡμέρας,
1371 1930 1495 1983 οὐδὲ
1524 1932 1625 2000 τῆς
1648 1930 1957 1997 ἀναγκαίας
1984 1930 2151 1982 εὐπο-

558 2017 644 2084 ρεῖ
660 2015 899 2084 τροφῆς,
919 2013 1215 2081 ἐπενόησεν
1241 2012 1372 2076 ῐσως
1402 2012 1498 2065 καὶ
1524 2012 1725 2083 ταύτην
1753 2012 1852 2083 τὴν
1879 2014 2151 2081 μηχανὴν,

555 2099 658 2151 οὐκ
694 2098 888 2167 ἐκείνῳ
917 2095 1213 2164 τοσαύτην,
1239 2095 1373 2165 ὅσην
1405 2095 1518 2159 σοὶ,
1541 2095 1817 2165 φέρουσαν
1845 2094 1943 2164 τὴν
1977 2097 2152 2163 ἀσχη-

560 2181 805 2253 μοσύνην
823 2182 919 2234 καὶ
943 2181 1041 2250 τὴν
1058 2181 1415 2251 κατηγορίαν.
1450 2181 1691 2243 Ἐκεῖνος
1718 2182 1815 2250 μὲν
1848 2181 1957 2249 7&9
1980 2179 2152 2232 ἐλεεῖ-

559 2264 686 2318 σθαι
724 2264 953 2327 δίκαιος,
986 2263 1070 2315 ὅτι
1125 2264 1205 2325 είς
1253 2262 1525 2332 τοσαύτην
1563 2263 1830 2335 κατῆλθεν
1870 2264 2150 2331 ἀνάγκην·

556 2349 725 2417 ἡμεῖς
750 2346 808 2398 δὲ
844 2345 1055 2415 μυρίων
1096 2344 1237 2411 ἄξιοι
1270 2345 1580 2415 τιμωριῶν,
1616 2347 1699 2399 ὅτι
1743 2346 1869 2407 τοὺς
1914 2345 2154 2415 πένητας

557 2430 784 2484 τοιαῦτα
816 2428 1112 2500 βιαζόμεθα
1153 2429 1402 2498 πάσχειν.
1433 2429 1497 2483 Εί
1526 2429 1635 2500 γὰρ
1664 2428 1722 2495 ἐξ
1754 2428 2003 2490 εὐκολίας
2027 2431 2155 2483 ἐπε-

560 2511 843 2583 κλώμεθα,
876 2513 977 2566 οὑκ
1003 2512 1067 2566 ἀν
1095 2528 1223 2564 ποτε
1248 2511 1423 2563 είλετο
1453 2515 1661 2576 ἐκεῖνος
1690 2511 1913 2565 τοιαῦτα
1944 2513 2153 2581 ὑπομέ-

559 2613 693 2651 νειν.
732 2596 841 2649 Καὶ
874 2596 928 2648 τί
958 2594 1103 2663 λέγω
1123 2594 1403 2664 γύμνωσιν
1422 2596 1517 2648 καὶ
1540 2596 1777 2665 τρόμον;
1808 2595 1881 2648 Τὸ
1908 2596 2016 2663 γὰρ
2035 2594 2158 2646 τού-

558 2696 654 2732 του
681 2678 1119 2749 φρικωδέστερον
1136 2678 1266 2744 ἐρῶ,
1285 2679 1367 2729 ὅτι
1390 2678 1484 2733 καὶ¹
1505 2677 1703 2739 παῖδας
1729 2678 2157 2746 ἡναγκάσθησαν

561 2781 637 2835 πη
648 2763 818 2834 ρῶσαί
844 2779 988 2824 τινες
1016 2762 1194 2832 ἀωρον
1213 2763 1448 2828 ἄγοντας
1466 2761 1716 2830 ἠλικίαν,¹
1733 2760 1824 2811 ἵνα
1840 2763 1939 2830 τῆς
1959 2761 2158 2831 ἡμετέ-

566 2864 664 2917 ρας
693 2845 1056 2915 ἀναισθησίας
1081 2844 1436 2897 καθίκωνται.
1477 2844 1695 2913 Ἐπειδὴ
1725 2845 1833 2914 7&9
1866 2845 2173 2913 βλέποντες·

563 2928 659 2981 καὶ
690 2928 890 2995 γυμνοὶ
944 2926 1283 2995 περιιόντες,
1326 2924 1448 2981 οὔτε
1489 2927 1597 2979 ἀπὸ
1636 2931 1733 2996 τῆς
1773 2920 1989 2995 ἡλικίας
2032 2926 2157 2983 οὐτε

564 3009 672 3063 ἀπὸ
694 3010 793 3080 τῆς
821 3010 1106 3080 συμφορᾶς
1134 3010 1517 3062 ἐπεσπάσαντο
1546 3011 1671 3071 τοὺς
1702 3010 1972 3079 ἀνηλεεῖς,
1990 3025 2161 3077 προσ-

565 3094 770 3165 έθηκαν
806 3096 917 3156 τοῖς
958 3092 1236 3154 τοσούτοις
1282 3094 1474 3154 κακοῖς
1522 3092 1717 3162 ἑτέραν
1770 3092 2160 3161 χαλεπωτέραν

563 3177 897 3249 τραγῳδίαν,
937 3176 1025 3228 ἴνα
1054 3175 1256 3227 λύσωσι
1297 3175 1389 3226 τὸν
1431 3173 1607 3245 λιμὸν,
1643 3173 1975 3245 κουφότερον
2020 3171 2161 3229 εἶναι

566 3261 883 3329 νομίζοντες
917 3257 1328 3328 ἀπεστερῆσθαι
1376 3256 1470 3310 τοῦ
1522 3256 1703 3310 κοινοῦ
1747 3256 1939 3309 τούτου
1982 3258 2160 3325 φωτὸς

568 3346 665 3398 καὶ
693 3343 792 3411 τῆς
825 3343 960 3394 πᾶσι
1007 3342 1299 3411 δεδομένης
1344 3341 1584 3403 ἀκτῖνος,
1642 3341 1674 3411 ἢ
1723 3340 1867 3411 λιμῷ
1909 3339 2163 3393 παλαίειν

568 3426 811 3498 διηνεκεῖ
832 3425 925 3478 καὶ
954 3425 1045 3476 τὸν
1063 3426 1335 3477 οῖκτιστον
1358 3423 1653 3492 ὑπομένειν
1672 3423 1923 3477 θάνατον.
1941 3422 2163 3492 Ἐπειδὴ

570 3511 680 3581 γὰρ
710 3509 771 3562 οὑ
808 3507 1000 3560 πενίαν
1028 3506 1263 3575 ἐμάθετε
1294 3506 1485 3568 ἐλεεῖν,
1516 3505 1654 3557 ἀλλά
1686 3506 1984 3574 τέρπεσθαι
2018 3523 2155 3575 συμ-

573 3596 789 3663 φοραῖς.
810 3590 1110 3660 πληροῦσιν
1128 3588 1282 3659 ὑμῶν
1298 3589 1399 3657 τὴν
1415 3588 1712 3658 ἀκόρεστον
1733 3588 1892 3640 ἐπιθυ
1901 3588 2051 3657 μίαν,
2070 3588 2166 3641 καὶ

575 3678 786 3737 ἑαυτοῖς
808 3677 902 3727 καὶ
924 3675 1054 3743 ὑμῖν
1080 3682 1097 3703 ⁸
1116 3670 1512 3742 χαλεπωτέραν
1533 3670 1632 3739 τῆς
1655 3671 1881 3741 γεέννης
1902 3671 2168 3723 ἀνάπτονο

573 3777 664 3821 τες
690 3761 787 3828 τὴν
814 3756 1007 3825 φλόγα.
1042 3757 1150 3809 Καὶ
1184 3756 1272 3809 ἵνα
1312 3755 1524 3824 μάθητε
1558 3755 1639 3807 ὅτι
1674 3754 1761 3807 διὰ
1802 3754 1960 3807 τοῦτο
1992 3754 2167 3807 ταῦτα

574 3842 785 3910 γίνεται
808 3840 903 3892 καὶ
931 3838 998 3891 τά
1020 3838 1266 3903 τοιαῦτα,
1296 3840 1598 3907 τεκμήριον
1642 3837 1772 3907 ὑμῖν
1802 3836 2165 3907 ὡμολογημέ-

577 3916 666 3978 νον
694 3923 825 3995 ἐρῶ,
857 3922 995 3992 πρὸς
1021 3922 1049 3975 δ
1080 3922 1265 3992 μηδεὶς
1287 3921 1523 3991 ἀντερεῖ.
1556 3920 1713 3974 Εἰσὶν
1735 3918 1913 3988 ἐτεροι
1936 3920 2167 3989 πένητες

576 4005 768 4073 κοῦφοι
795 4006 888 4057 καὶ
926 4005 1190 4074 μετέωροι
1221 4004 1317 4065 τάς
1339 4002 1537 4072 ψυχὰς,
1564 4001 1658 4054 καὶ
1682 4002 1784 4053 οὑκ
1823 4000 2026 4063 εἰδότες
2065 4002 2166 4069 φέ-

580 4108 696 4162 ρειν
722 4090 898 4159 λιμὸν.
925 4088 1061 4141 ἀλλά
1082 4088 1259 4139 πάντα
1288 4086 1505 4157 μᾶλλον,
1533 4086 1563 4155 ἢ
1594 4084 1752 4139 τοῦτο
1777 4084 2164 4154 ὑπομένοντες.

577 4169 737 4229 Οὗτοι
769 4171 1029 4233 πολλάκις
1053 4170 1179 4239 ὑμῖν
1209 4170 1458 4231 ἐλεεινοῖς
1486 4170 1579 4221 καὶ
1604 4170 1846 4239 σχήμασι
1872 4168 1964 4221 καὶ
1990 4170 2168 4238 ῥήμα-

580 4273 664 4310 σιν
702 4255 1037 4326 ἐντυχόντες.
1083 4254 1269 4322 ἐπειδὴ
1298 4254 1452 4307 οὐδὲν
1499 4252 1715 4321 ὤνησαν
1748 4252 1847 4314 τὰς
1886 4253 2168 4324 ἱκετηρίας

578 4338 809 4407 ἀφέντες
863 4336 1095 4399 ἐκείνας,
1147 4337 1273 4399 τοὺς
1321 4335 1763 4403 θαυματοποιοὺς
1808 4334 1940 4397 ὑμῖν
1979 4334 2165 4387 λοιπὸν

580 4422 928 4492 παρήλασαν,
954 4422 1001 4473 οῖ
1043 4419 1141 4487 μὲν
1176 4420 1424 4488 δέρματα
1453 4417 1818 4485 ὑποδημάτων
1849 4417 2166 4487 μασώμενοι

581 4524 707 4559 πεπ‹
748 4504 993 4575 ιηκότων,
1012 4503 1063 4554 οἱ
1084 4501 1140 4555 δὲ
1159 4502 1300 4554 κατά
1314 4501 1415 4569 τῆς
1442 4500 1686 4570 κεφαλῆς
1708 4500 1871 4569 ήλους
1891 4500 2034 4565 ὀξεῖς
2053 4502 2167 4554 δια-

582 4590 885 4659 πείροντες,
914 4587 1091 4657 ἕτεροι
1127 4585 1435 4654 πεπηγόσιν
1467 4584 1653 4636 ῦδασιν
1687 4583 1795 4637 ὑπὸ
1819 4584 1914 4637 τοῦ
1952 4586 2165 4656 κρυμοῦ

581 4674 761 4742 γυμνῇ
809 4674 874 4742 τῇ
912 4673 1113 4740 γαστρὶ
1162 4667 1649 4738 προσομιλοῦντες,
1707 4666 1856 4721 ἄλλοι
1899 4668 1956 4720 δὲ
2002 4668 2167 4739 ἔτερα

580 4754 905 4824 ἀτοπώτερα
932 4751 1137 4804 τούτων
1173 4751 1555 4819 ὑπομένοντες,
1598 4751 1685 4804 ἴνα
1716 4750 1777 4803 τὸ
1806 4752 2041 4823 πονηρὸν
2070 4768 2169 4803 πε-

585 4838 885 4909 ριστήσωσι
915 4834 1160 4902 θέατρον.

656 4926 728 4985 ς’,
765 4918 837 4971 Σὺ
866 4916 945 4979 δέ,
979 4915 1187 4967 τούτων
1217 4914 1539 4984 γινομένων,
1569 4916 1806 4985 ἕστηκας
1850 4916 2025 4983 γελῶν
2074 4917 2168 4970 καὶ

590 5001 904 5073 θαυμάζων,
936 4998 1030 5052 καὶ
1055 4998 1430 5068 έμπομπεύων
1453 5002 1565 5061 τοῖς
1610 5000 1810 5067 ἐτέρων
1838 5002 2047 5061 κακοῖς,
2068 5003 2168 5069 τῆς

586 5088 769 5152 κοινῆς
797 5082 953 5158 [188]
986 5079 1204 5153 φύσεως
1236 5080 1671 5151 ἀσχημονούσης.
1695 5082 1805 5133 Καὶ⁵
1844 5081 2074 5133 τίπλέον
2105 5081 2171 5135 ἂν

584 5167 877 5237 ἐργάσαιτο
895 5166 1102 5219 τούτων
1133 5164 1343 5233 δαίμων
1369 5164 1594 5233 ἀγριος;
1621 5158 1752 5215 Εἶτα
1786 5163 1871 5215 ἴνα
1896 5163 2170 5233 προθυμό⁴

585 5265 743 5319 τερον
781 5251 980 5320 ποιήσῃ
1010 5248 1185 5302 ταῦτα
1207 5290 1221 5313 ,
1266 5245 1652 5315 δαψιλέστερον
1694 5245 1851 5307 δίδως
1883 5245 2165 5315 ἀργύριον.

585 5332 698 5387 Καὶ
717 5330 794 5401 τῷ
822 5332 917 5399 μὲν
943 5334 1220 5402 εὐχομένω
1248 5330 1452 5383 καὶτὸν
1472 5330 1605 5381 Θεὸν
1632 5327 1907 5391 καλοῦντι,
1932 5332 2023 5382 καὶ
2052 5330 2169 5399 μετ’

586 5414 891 5477 ἐπιεικείας
932 5415 1211 5481 προσιόντι
1245 5414 1389 5479 οὑδὲ,
1424 5411 1815 5483 ἀποκρίνεσθαι
1850 5413 2017 5477 ἀξιοῖς
2050 5414 2171 5467 οὐδὲ

588 5496 879 5566 ἐμϐλέψαι,
923 5496 1059 5549 ἀλλὰ
1102 5499 1196 5550 καὶ
1240 5498 1309 5550 τά
1352 5496 1587 5567 φορτικά
1628 5498 1810 5549 ἐκεῖνα
1842 5496 1978 5565 πρὸς
2008 5495 2169 5548 αὑτὸν

590 5581 804 5654 φθέγγῃ
834 5580 1076 5651 ῥήματα.
1108 5581 1235 5632 ὅταν
1261 5582 1499 5651 συνεχῶς
1543 5581 1806 5651 ἐνοχλήσῃ
1825 5597 1838 5610 ’
1877 5580 2079 5633 Τοῦτον
2114 5580 2171 5632 δέ

588 5663 671 5715 δεῖ
692 5663 823 5733 ζῇν;
852 5664 1111 5718 ἀναπνεῖν
1132 5663 1189 5715 δὲ
1218 5663 1379 5728 ὅλως,
1416 5664 1447 5733 ἢ
1479 5664 1571 5717 τὸν
1596 5665 1745 5733 ἥλιον
1779 5663 1971 5717 τοῦτον
1998 5664 2168 5735 ὀρςίιις

592 5747 727 5815 πρὸς
759 5748 835 5800 δὲ’
864 5748 1105 5811 ἐκείνους
1156 5746 1251 5799 καὶ
1298 5747 1519 5815 φαιδρὸς
1576 5748 1670 5801 καὶ
1720 5748 2020 5817 φιλότιμος,
2074 5746 2171 5801 άτε

591 5830 934 5899 ἀγωνοθέτης
965 5849 1049 5897 τις
1076 5828 1154 5885 ὣν
1191 5832 1290 5900 τῆς
1314 5830 1719 5898 καταγελάστου
1753 5833 1847 5887 καὶ
1877 5831 2172 5903 σατανικῆς

650 5923 671 5947 ⁸
692 5924 839 5987 Βοεο,
863 5933 941 5975 καὶ
961 5938 1090 5989 ἡμιν.

1282 402 1343 460 S.
1384 398 1676 460 JOANNIS
1713 393 2213 458 CHRYSOSTOMI
2252 396 2576 460 ARCHIEP.
2614 397 3176 463 CONSTANHNOP.

3723 394 3827 452 [‘78

2242 515 2633 593 ἀσχημοσύνης
2657 520 2893 590 ἐκείνης.
2916 517 3009 572 Διὸ
3028 518 3125 571 καὶ
3150 514 3520 583 εὐλογώτερον
3544 512 3679 582 πρὸς
3701 514 3834 575 τοὺς

2242 600 2488 667 τιθέντας
2514 604 2644 669 τοὺς
2691 604 2911 673 ἀγῶνας
2949 602 3194 665 τούτους,
3232 600 3325 653 καὶ
3354 597 3431 669 μὴ
3472 595 3836 667 προϊεμένους

2243 685 2411 754 μηδὲν
2434 686 2544 751 ἕως
2566 687 2633 741 ἀν
2666 688 2827 741 ῐδωσιρ
2842 685 3241 755 κολαζομένους
3268 683 3518 753 ἑτέρους,
3548 679 3723 734 ταῦτα
3763 681 3839 731 ἂν

2241 766 2457 841 λεχθείη
2501 770 2569 824 τά
2626 773 2871 843 ρήματω
2907 771 3017 840 Ζῇν
3052 769 3110 821 δὲ
3165 766 3391 831 τούτους
3415 805 3430 827 ,
3470 766 3731 818 ἀναπνεῖν
3778 764 3841 815 δὲ

2242 851 2413 917 ὃλως;
2441 853 2534 906 τὸν
2558 853 2617 906 δὲ
2648 854 2802 925 ἥλιον
2832 852 3023 906 τοῦτον
3050 852 3185 923 ὀρᾷν
3217 851 3345 912 τοὺς
3390 850 3473 913 είς
3516 848 3617 919 τὴν
3645 847 3844 917 κοινὴν

2244 934 2702 1006 παρανομοῦντας
2731 936 2917 1005 φύσιν,
2945 935 3075 996 τοὺς
3098 937 3179 997 είς
3203 933 3296 985 τὸν
3314 932 3447 984 Θεὸν
3474 929 3843 1002 ὑδρίξοντας;

2244 1019 2361 1071 Καὶ
2385 1019 2480 1072 τοῦ
2524 1019 2623 1091 μὲν
2657 1018 2795 1072 Θεοῦ
2833 1018 3124 1086 λέγοντος,
3154 1016 3254 1079 Δὸς
3296 1013 3691 1084 ἐλεημοσύνην,
3739 1012 3848 1063 καὶ

2243 1099 2439 1185 δίδωμί
2488 1118 2572 1154 σοι
2614 1101 2894 1185 βασιλείαν
2940 1098 3227 1185 οὐρανῶν,
3269 1098 3377 1185 οὑκ
3420 1098 3707 1185 ηκουσαςί
3730 1094 3849 1185 τοῦ

2245 1182 2496 1237 διαϐόλου
2524 1185 2581 1238 δέ
2611 1184 2854 1254 κεφαλὴν
2883 1179 3281 1253 καθηλωμένην
3318 1180 3625 1243 δεικνύντος
3643 1222 3657 1245 ,
3693 1179 3851 1242 ἐξαί-

2247 1282 2385 1335 φνης
2416 1267 2696 1337 φιλότιμος
2725 1267 2957 1335 γέγονας
2983 1284 2997 1296 ·
3048 1268 3142 1319 καὶ
3191 1264 3395 1337 μᾶλλον
3439 1262 3762 1331 ἐπέκαμψεν
3815 1263 3851 1328 ή

2243 1346 2338 1401 τοῦ
2369 1350 2608 1420 πονηροῦ
2633 1349 2889 1419 δαίμονος
2927 1353 3149 1420 μηχανὴ
3180 1347 3449 1418 τοσαύτην
3483 1348 3684 1417 ἔχουσα
3713 1345 3855 1415 βλά-

2248 1430 2435 1503 6ην,ἧ
2481 1436 2515 1503 ἡ
2554 1433 2649 1487 τοῦ
2683 1433 2823 1487 Θεοῦ
2876 1434 3173 1503 ὑπόσχεσις
3220 1433 3385 1504 μυρία
3435 1431 3740 1495 κομίζουσα
3772 1429 3869 1480 τάι

2248 1516 2453 1584 ἀγαθά⁶
2482 1517 2624 1582 δέον,
2673 1518 2723 1570 εί
2754 1520 2849 1571 καὶ
2877 1517 3100 1587 χρυσίον
3129 1516 3457 1569 καταϐαλεῖν
3492 1514 3660 1585 ἐχρῆν
3700 1514 3854 1583 ὑπὲρ

2246 1601 2342 1655 τοῦ
2372 1600 2549 1655 ταῦτα
2588 1600 2665 1671 μὴ
2694 1600 2966 1669 γίνεσθαι,
3014 1599 3151 1669 μηδὲ
3177 1600 3443 1671 γινόμενα
3472 1601 3627 1669 ὀρᾷν,
3660 1598 3854 1650 πάντα

2250 1687 2425 1738 ποιεῖν
2454 1686 2549 1737 καὶ
2580 1684 2903 1754 ὑπομένειν,
2933 1683 3075 1736 ὥστε
3109 1684 3317 1736 ἀνελεῖν
3349 1684 3451 1754 τὴν
3479 1683 3683 1753 πολλὴν
3714 1680 3854 1734 ταύ-

2248 1788 2350 1839 την
2382 1769 2619 1839 μανίαν·
2669 1771 2829 1840 ὑμεῖς
2861 1770 2919 1823 δὲ
2970 1769 3113 1838 ὑπὲρ
3168 1768 3262 1821 τοῦ
3308 1770 3403 1821 καὶ
3450 1768 3703 1836 γίνεσθαι
3756 1767 3856 1819 καὶ

2251 1853 2514 1921 γινόμενα
2554 1854 2689 1923 ὀρᾷν
2712 1893 2727 1915 ,
2760 1853 2939 1907 πάντα
2968 1854 3173 1905 ποιεῖτε
3221 1853 3316 1905 καὶ
3359 1849 3853 1921 πραγματεύεσθε.

2256 1937 2379 1989 Ἐτι
2412 1932 2506 1989 οῦν
2553 1937 2787 2006 ἐρωτᾷς,
2845 1935 2969 1988 εἰπέ
3012 1952 3124 2006 μοι,
3175 1935 3265 1988 διά
3308 1933 3360 1988 τί
3403 1935 3634 2001 γέεννα;
3686 1932 3860 1985 Ἀλλά

2258 2019 2457 2088 μηκέτι
2504 2019 2664 2072 τοῦτο
2716 2018 2918 2090 ἐρώτα,
2952 2018 3090 2072 ἀλλά
3128 2018 3247 2083 πῶς
3297 2019 3395 2088 μία
3446 2018 3647 2085 γέεννα
3689 2016 3856 2086 μόνη.

2257 2101 2444 2154 Πόσων
2498 2101 2605 2173 7&9
2639 2101 2741 2153 οὐκ
2797 2100 2939 2166 ἄξιοι
2991 2101 3271 2155 κολάσεων
3302 2095 3446 2154 οὗτοι
3500 2101 3551 2151 οἱ
3597 2099 3659 2151 τὸ
3702 2098 3861 2168 ὠμὸν

2254 2182 2413 2236 τοῦτο
2434 2184 2528 2237 καὶ
2556 2185 2765 2253 ἀπηνὲς
2798 2184 3229 2254 συγκροτοῦντες
3253 2183 3500 2254 θέατρον,
3524 2182 3621 2234 καὶ
3645 2180 3857 2249 γελῶν-

2254 2282 2347 2329 τες
2374 2267 2459 2336 ἐφ“
2484 2261 2563 2329 οἷς
2591 2266 2851 2336 δακρύειν
2878 2267 2987 2319 ἐδει
3014 2265 3303 2329 κάκείνους
3330 2266 3425 2317 καὶ
3451 2267 3597 2333 ὑμᾶς
3619 2263 3859 2327 αὑτούςς

2258 2348 2461 2418 μᾶλλον
2492 2348 2550 2401 δὲ
2582 2351 2727 2419 ὑμᾶς
2747 2352 2874 2413 τοὺς
2899 2350 2969 2403 τά
2991 2348 3221 2402 τοιαῦτα
3244 2348 3660 2414 ἀναγκάζοντας
3692 2349 3863 2416 ἀσχη-

2260 2434 2441 2500 μονεῖν
2468 2449 2484 2497 ;
2514 2432 2775 2484 Ἀλλνοὺκ
2798 2432 3118 2499 ἀναγκάζω,
3150 2430 3283 2499 φησί
3292 2470 3310 2488 .
3338 2430 3462 2491 Πῶς
3489 2430 3591 2482 οὐκ
3613 2420 3864 2494 ἀναγκᾶ-

2258 2514 2394 2579 ζεις,
2425 2516 2548 2568 είπέ
2578 2532 2690 2585 μοι,
2720 2518 2831 2575 τοῖς
2858 2514 2959 2584 μὲν
2981 2514 3416 2583 ἐπιεικεστέροις
3438 2512 3531 2564 καὶ
3560 2511 3863 2581 δακρύουσι

2259 2598 2355 2651 καὶ
2409 2596 2503 2649 τὸν
2538 2596 2670 2649 Θεὸν
2710 2595 3127 2667 παρακαλοῦσιν
3169 2597 3293 2649 οὑδὲ
3333 2594 3627 2665 προσέχειν
3664 2594 3862 2662 ἀνεχό-

2264 2694 2449 2749 μενος-η
2477 2680 2690 2741 τούτοις
2740 2679 2797 2731 δὲ
2852 2681 2946 2731 καὶ
2987 2678 3253 2749 ἀργύριον
3300 2678 3555 2748 παρέχων
3600 2676 3864 2743 δαψιλὲς,

2260 2766 2351 2819 καὶ
2386 2766 2614 2828 πολλοὺς
2644 2764 2942 2835 περιιστῶν
2968 2768 3095 2828 τοὺς
3128 2764 3543 2833 θαυμάζονταςς
3579 2762 3695 2813 Καὶ
3721 2762 3863 2812 ἀπο-

2261 2850 2495 2920 στῶμεν,
2533 2851 2721 2920 φησὶν,
2756 2849 3033 2912 ἐλεοῦντες
3069 2849 3291 2911 αὐτούς.
3325 2847 3437 2899 Καὶ
3475 2846 3539 2897 σὺ
3579 2843 3743 2896 τοῦτο
3771 2859 3866 2894 κε-

2260 2932 2466 2996 λεύεις;
2501 2934 2615 2989 Οὐκ
2638 2933 2754 2985 ἐστι
2780 2933 2940 2984 τοῦτο
2970 2931 3159 2992 ἐλεεῖν,
3190 2930 3466 2998 ἄνθρωπε,
3492 2927 3555 2979 τὸ
3584 2925 3867 2996 τοσαύτην

2262 3017 2514 3070 ἀπαιτεῖν
2540 3016 2699 3083 δίκην
2729 3014 2870 3083 ὑπὲρ
2899 3013 3095 3079 ὀλίγων
3114 3011 3339 3074 ὀϐολῶν,
3363 3010 3425 3062 τὸ
3449 3008 3696 3062 κελεύειν
3718 3009 3867 3076 ὑπὲρ

2262 3098 2567 3164 ἀναγκαίας
2623 3094 3069 3151 κατακόπτεσθαι
3119 3097 3347 3165 τροφῆς,
3403 3092 3498 3145 καὶ
3551 3094 3633 3154 είς
3688 3090 3865 3143 πολλὰ

2261 3181 2569 3251 διατέμνειν
2596 3180 2698 3249 τῆς
2730 3179 2975 3248 κεφαλῆς
3000 3178 3101 3246 τῆν
3133 3176 3295 3248 δοράν
3325 3174 3469 3229 οὕτω
3511 3172 3734 3244 πικρῶς
3771 3176 3870 3226 καὶ⁵

2263 3264 2535 3327 ἐλεεινῶς.
2591 3264 2869 3334 Εὐφήμει,
2908 3262 3094 3333 φησίν·
3133 3262 3193 3314 ού
3248 3260 3358 3331 γὰρ
3391 3260 3554 3329 ἡμεῖς
3605 3259 3781 3325 ἐσμεν
3816 3256 3869 3308 οἱ

2263 3348 2361 3409 τὰς
2389 3345 2633 3415 κεφαλὰς
2662 3344 3030 3416 καθηλοῦντες
3071 3344 3308 3407 ὲκείνας.
3352 3342 3478 3399 Εἴθε
3512 3340 3597 3394 σύο
3636 3340 3735 3393 καὶ
3764 3340 3867 3392 οὐκ

2264 3427 2331 3501 ἦν
2364 3431 2507 3483 οὑτω
2534 3430 2707 3483 δεινὸν
2740 3428 2802 3481 τὸ
2843 3429 3036 3481 δεινόν.
3082 3428 3139 3479 '0
3172 3428 3282 3497 7&9
3319 3427 3571 3494 σφάττων
3600 3424 3727 3477 τινὰ
3768 3421 3868 3474 τοῦ

2266 3514 2579 3574 κελεύοντος
2601 3511 2793 3564 ἑαυτὸν
2812 3511 3069 3580 σφάττειν
3086 3509 3268 3578 πολλῷ
3284 3506 3665 3578 χαλεπώτερον
3692 3506 3867 3557 ποιεῖ·

2264 3596 2293 3648 ὃ
2323 3596 2387 3666 δὴ
2419 3595 2515 3648 καὶ
2540 3594 2634 3647 ἐπὶ
2662 3593 2870 3647 τούτων
2907 3592 3219 3664 συμϐαίνει.
3255 3593 3364 3647 Καὶ
3391 3590 3501 3661 γάρ
3526 3589 3867 3660 δριμυτέρας

2269 3678 2600 3747 ὑπομένουσι
2629 3676 2727 3740 τὰς
2748 3676 2961 3742 ὀδύνας,
2990 3677 3120 3729 ὅταν
3150 3676 3245 3729 καὶ
3270 3675 3569 3746 αὐτουργοὶ
3593 3672 3864 3726 κελεύων.

2266 3780 2355 3814 ται
2387 3761 2633 3829 γίνεσθαι
2662 3760 2771 3814 τῶν
2803 3759 3061 3831 πονηρῶν
3089 3759 3296 3813 τούτων
3321 3758 3739 3826 ἐπιταγμάτων,
3768 3756 3866 3809 καὶ

2266 3844 2438 3898 ταῦτα
2495 3847 2553 3897 ἐν
2617 3844 2953 3913 Ἀντιοχείᾳ,
3004 3845 3065 3895 ὲν
3202 3842 3423 3914 πρῶτον
3478 3840 3868 3909 ἐχρημάτισαν

2267 3930 2617 4000 Χριστιανοὶ,
2663 3922 2790 3998 ἐνῇ
2846 3927 3107 3979 ἁπάντων
3163 3924 3466 3995 ἀνθρώπων
3516 3920 3867 3992 ἡμερώτεροι

2266 4016 2576 4082 γεγόνασιν,
2610 4013 2669 4063 ἐν
2776 4010 2944 4072 πολὺς
2970 4010 3073 4078 τῆς
3108 4006 3479 4079 ἐλεημοσύνης
3525 4006 3585 4064 τὸ
3628 4005 3867 4058 παλαιὸν

2267 4098 2442 4164 ἐκόμα
2485 4093 2715 4165 καρπός.
2752 4093 2887 4145 Οὐδὲ
2935 4092 3046 4162 γάρ
3096 4094 3208 4155 τοῖς
3242 4089 3475 4161 παροῦσι
3499 4088 3689 4165 μόνον,
3720 4088 3867 4142 ἀλλά

2269 4162 2499 4237 καὶτοῖς
2530 4162 2813 4245 πόρρωθεν
2843 4171 3092 4241 ἔπεμπον
3124 4172 3190 4223 ἐκ
3244 4168 3438 4223 πολλοῦ
3489 4162 3589 4220 θεοῦ
3632 4169 3861 4240 διαστή-

2271 4274 2461 4325 ματος,
2498 4256 2593 4309 καὶ
2646 4253 2819 4308 ταῦτα
2872 4254 3033 4325 λιμοῦ
3079 4252 3231 4325 [189]
3277 4250 3754 4323 προσδοκωμένου.
3798 4252 3865 4305 Τί

2267 4335 2361 4392 οὖν
2412 4339 2492 4393 δεῖ
2547 4340 2761 4401 ποιεῖν;
2804 4339 2971 4407 φησί’
3023 4337 3135 4407 Τῆς
3177 4337 3274 4407 μὲν
3304 4332 3596 4405 θηριωδίας
3648 4333 3864 4397 ταύτης

2269 4423 2614 4491 καθυφεῖναι,
2651 4424 2837 4473 πεῖσαι
2867 4420 2924 4472 δὲ
2968 4421 3095 4481 τοὺς
3128 4417 3419 4487 δεομένους
3450 4415 3718 4482 ἅπαντας,
3776 4418 3863 4469 ὅτι

2266 4505 2441 4559 ταῦτα
2492 4506 2590 4576 μὲν
2638 4505 2920 4565 ποιοῦντες
2965 4502 3118 4554 οὐδὲν
3159 4502 3458 4571 λήψονται,
3507 4500 3773 4563 ἐπιεικῶς
3805 4500 3863 4553 εδ

2267 4591 2602 4659 προσιόντες,
2624 4587 2829 4657 πολλῆς
2856 4585 3255 4640 ἀπολαύσονται
3274 4586 3377 4655 τῆς
3404 4582 3739 4654 φιλοτιμίας.
3762 4586 3863 4637 Ἂν

2267 4672 2325 4725 δέ
2364 4672 2534 4724 ταῦτα
2566 4670 2799 4742 μάθωσι,
2840 4670 2946 4722 κᾶν
2973 4669 3191 4720 πάντων
3221 4660 3353 4719 ὦσιν
3380 4664 3725 4737 ἀθλιώτεροι,
3761 4667 3863 4736 οὑχ

2267 4754 2584 4825 αἱρήσονται
2628 4753 2885 4805 οὐδέποτε
2937 4749 3161 4803 τοιαῦτα
3212 4748 3577 4812 κολάζεσθαι.
3621 4748 3735 4815 ἐγὼ
3767 4751 3863 4817 £7-

2267 4839 2509 4908 γυῶμαι·
2543 4838 2679 4891 ἀλλά
2709 4840 2803 4890 καὶ
2832 4837 2996 4907 χάριν
3032 4835 3163 4903 ὑμῖν
3206 4834 3468 4897 εἴσονται,
3508 4833 3593 4885 ὅτι
3626 4833 3722 4885 καὶ
3760 4832 3861 4885 τοῦ

2268 4922 2504 4991 γέλωτος
2538 4923 2631 4973 καὶ
2659 4922 2758 4989 τῆς
2785 4921 2979 4989 ὀδύνης
3010 4918 3208 4977 αὑτοὺς
3237 4915 3583 4983 ἀπηλλάξατε
3617 4916 3861 4986 ἐκείνης.

2339 5004 2453 5058 Νῦν
2487 5005 2542 5056 δὲ
2582 5005 2721 5074 ὑπὲρ
2748 5004 2847 5073 μὲν
2885 5003 3120 5071 ἡνιόχων
3149 4999 3245 5051 καὶ
3276 4999 3471 5061 παῖδας
3502 4998 3567 5051 ἂν
3610 4998 3860 5069 ἐκδοίητε

2266 5091 2393 5152 τοὺς
2429 5088 2753 5158 ὑμετέρους,
2798 5088 2891 5139 καὶ
2939 5086 3079 5154 ὑπὲρ
3104 5083 3411 5153 ὀρχηστῶν
3453 5082 3546 5134 καὶ
3578 5082 3751 5146 αὑτάς
3792 5086 3861 5137 ἂν

2269 5170 2523 5242 πρόοισθε
2548 5172 2643 5231 τάς
2667 5170 2846 5241 ψυχάς
2869 5184 2880 5197 ⁸
2918 5167 3061 5237 ὑπὲρ
3082 5166 3135 5218 δὲ
3158 5166 3249 5217 τοῦ
3271 5166 3509 5236 Χριστοῦ
3538 5167 3859 5230 πεινῶντος,

2268 5254 2389 5307 οὐδὲ
2410 5254 2470 5306 τὸ
2504 5253 2795 5306 πολλοστὸν
2828 5251 2927 5319 τῆς
2972 5248 3161 5309 οὐσίας
3197 5249 3453 5319 προΐεσθε
3487 5250 3674 5320 μέρος
3715 5249 3860 5303 ἀλλὰ

2266 5336 2332 5390 ἂν
2365 5338 2544 5405 ὀλίγον
2572 5337 2709 5390 δῶτε
2756 5334 3043 5405 ἀργύριον,
3090 5332 3164 5396 ὼς
3210 5332 3272 5384 τὸ
3326 5334 3433 5387 πάν
3480 5333 3859 5393 ἐκτετικότες,

2266 5420 2406 5473 οὕτω
2434 5420 2733 5483 διάκεισθε,
2774 5420 2875 5470 οὑκ
2916 5415 3117 5479 εἰδότες
3150 5418 3232 5469 ὅτι
3274 5418 3335 5485 οὐ
3370 5418 3432 5470 τὸ
3463 5416 3670 5478 δοῦναι,
3714 5414 3857 5466 ἀλλά

2267 5503 2329 5556 τὸ
2393 5520 2530 5571 μετα
2579 5501 2862 5571 δαψιλείας
2917 5498 3134 5564 δοῦναι,
3191 5500 3349 5553 τοῦτο
3412 5500 3647 5571 μάλιστά
3703 5499 3857 5549 ἐστιν

2268 5588 2627 5659 ἐλεημοσύνη.
2676 5586 2776 5638 Διά
2805 5584 2963 5636 τοῦτο
3002 5584 3094 5636 καὶ
3141 5586 3169 5638 ό
3210 5585 3499 5655 προφήτης
3527 5582 3587 5632 οὑ
3618 5581 3747 5641 τοὺς
3776 5580 3854 5633 δι-

2266 5669 2454 5733 δόντας
2480 5670 2666 5732 ἁπλῶς
2697 5667 3059 5737 ἀνακηρύττει
3090 5669 3182 5721 καὶ
3216 5664 3529 5737 μακαρίζει,
3563 5662 3698 5714 ἀλλά
3725 5665 3855 5726 tab;

2270 5754 2518 5821 ἀφθόνως
2548 5752 2907 5823 παρέχοντας.
2936 5751 3010 5803 Οὐ
3041 5752 3151 5821 7&9
3176 5748 3360 5810 ἁπλῶς
3392 5741 3852 5808 εἷπεν,Ἔδωκσν,

2270 5837 2409 5890 ἀλλά
2449 5838 2601 5901 πῶς;
2643 5836 3056 5902 Ἐσκόρπισεν,
3104 5832 3288 5885 ἔδωκε
3339 5826 3466 5893 τοῖς
3512 5825 3759 5891 πένησι.
3787 5827 3852 5881 Τί

2275 5921 2383 5986 γὰρ
2406 5918 2617 5985 δφελος,
2653 5918 2781 5971 ὅταν
2809 5916 3051 5970 πλουτῶν
3093 5913 3347 5969 τοσοῦτον
3378 5912 3503 5985 δῷς,
3531 5911 3652 5966 ὅσον
3676 5912 3742 5966 ἀν
3768 5925 3850 5974 τις
