4070 6322
226 351 335 405 Πῖ

225 470 453 523 nitatem
499 470 558 517 et
598 456 855 514 saevitiam
912 465 1053 509 tuam
1083 492 1097 516 ,
1158 466 1277 520 qua:
1322 442 1625 517 huiusmodi
1671 456 1807 511 opus

222 558 397 614 habet
440 552 622 617 larvis,
672 564 791 621 qnze
836 562 944 603 non
987 544 1220 601 flectitur
1260 540 1326 596 ad
1368 533 1810 593 misericordiam.

224 636 362 720 Quis
384 647 529 704 enim
558 645 693 700 adeo
717 644 883 698 miser
910 650 994 698 est
1020 649 1076 695 et
1101 637 1300 701 infelix,
1325 640 1383 688 ut
1407 632 1552 687 nulla
1584 630 1816 685 instante

225 742 557 799 necessitate
581 753 680 810 pro
705 751 813 792 uno
842 749 979 805 pane
1004 741 1111 787 tam
1138 728 1389 785 indecore
1415 740 1474 781 se
1499 731 1669 795 gerat,
1696 720 1816 792 pul-

222 842 402 897 setur,
439 841 496 887 et
521 841 696 884 tantas
720 826 979 883 sustineat
1015 819 1240 892 pmnas?
1268 818 1415 873 lllius
1444 817 1620 885 itaque
1645 814 1813 868 simu-

223 928 361 983 latio
405 926 595 981 circuit
636 919 1078 978 inhumanitatem
1119 924 1264 969 tuam
1310 911 1627 983 praedicans.
1679 906 1814 973 Quia

224 1018 376 1072 enim
403 1015 741 1086 supplicans,
771 1010 1062 1067 obsecrans
1080 1048 1095 1073 ,
1124 1015 1180 1063 et
1204 1002 1528 1060 miserabilia
1562 999 1815 1054 emittens

224 1110 418 1175 verba,
448 1108 767 1169 lamentans,
800 1101 1103 1173 lacrymans
1131 1107 1188 1153 et
1214 1111 1309 1167 per
1333 1103 1495 1150 totam
1531 1091 1672 1146 diem
1708 1090 1814 1145 cir-

223 1204 494 1265 cumiens,
524 1213 593 1253 ne
614 1195 979 1253 necessarium
1005 1192 1221 1263 quidem
1248 1188 1451 1242 invenit
1477 1185 1810 1251 alimentum,

225 1293 372 1347 hanc
406 1292 633 1345 fortasse
663 1287 912 1343 technam
940 1281 1291 1353 excogitavit,
1322 1294 1442 1349 qua:
1472 1292 1578 1331 non
1607 1284 1811 1330 tantum

223 1386 326 1450 illi,
370 1392 627 1455 quantum
668 1380 763 1435 tibi
801 1378 956 1434 aﬂert
1000 1374 1231 1431 dedecus
1267 1380 1323 1427 et
1359 1370 1633 1440 probrum.
1670 1367 1813 1422 Illius

222 1478 373 1532 enim
403 1485 460 1531 ut
494 1475 844 1530 misereamus
883 1483 1094 1538 aequum
1121 1473 1221 1530 est,
1253 1463 1375 1535 quia
1404 1463 1458 1517 in
1491 1470 1690 1517 tantam
1723 1474 1810 1515 re-

223 1569 419 1624 dactus
448 1575 531 1622 est
576 1561 948 1618 necessitatem
984 1576 996 1612 :
1027 1572 1128 1614 nos
1172 1572 1301 1611 vero
1343 1554 1493 1611 mille
1538 1551 1812 1623 suppliciis

224 1659 371 1728 digni
397 1698 411 1722 ,
441 1655 561 1725 quia
594 1665 853 1723 pauperes
880 1649 948 1705 ad
979 1649 1095 1704 haec
1121 1646 1360 1703 facienda
1387 1644 1648 1716 cogimus.
1674 1641 1809 1697 Nam

223 1750 272 1804 si
301 1747 460 1802 facile
483 1745 840 1810 flecteremur,
870 1756 1158 1813 numquam
1185 1739 1276 1795 ille
1303 1737 1466 1793 vellet
1495 1735 1620 1791 talia
1644 1734 1811 1790 susti-

222 1854 377 1895 nere.
410 1839 477 1893 Et
522 1836 650 1907 quid
695 1837 817 1891 dico
856 1834 1149 1890 nuditatem
1192 1840 1248 1887 et
1290 1827 1611 1885 tremorem?
1654 1825 1809 1893 Quod

223 1932 370 1986 enim
399 1930 559 2000 longe
585 1927 893 1983 horribilius
923 1935 1005 1981 est
1027 1926 1202 1980 dicam
1227 1940 1241 1978 :
1264 1923 1435 1978 coacti
1456 1928 1581 1976 sunt
1594 1918 1809 1991 quidam

222 2022 366 2089 ﬁlios
408 2034 688 2076 excaemre
728 2025 884 2072 aetate
928 2018 1241 2072 immaturos
1264 2054 1280 2080 ,
1312 2021 1370 2067 ut
1398 2014 1449 2066 in
1480 2020 1642 2066 tantas
1668 2011 1809 2065 cala-

220 2114 429 2169 mitatis
474 2124 691 2166 sensum
739 2110 1066 2165 veniremus.
1116 2106 1248 2174 Quia
1290 2104 1433 2159 enim
1470 2102 1714 2158 videntes
1755 2110 1811 2157 et

219 2205 352 2260 nudi
381 2203 796 2267 circumeuntes,
828 2215 1003 2271 neque
1025 2214 1094 2253 ex
1123 2206 1279 2252 aetate
1307 2210 1480 2267 neque
1506 2209 1571 2250 ex
1592 2193 1810 2249 calami-

218 2304 335 2351 tate
362 2292 815 2349 immisericordes
840 2290 1197 2356 attrahebant,
1227 2298 1305 2343 tot
1325 2288 1483 2342 malis
1506 2286 1663 2341 aliam
1686 2301 1809 2357 gra-

219 2386 434 2440 viorem
468 2384 780 2455 tragmdiam
805 2382 1165 2449 addiderunt,
1202 2389 1260 2435 ut
1283 2380 1477 2434 famem
1517 2378 1805 2443 sedarent;

215 2470 397 2525 levius
416 2483 546 2525 esse
575 2470 943 2524 existimantes
971 2467 1073 2523 hac
1097 2467 1368 2523 communi
1400 2465 1515 2520 luce
1549 2472 1603 2519 et
1628 2463 1811 2519 omni~

215 2561 325 2615 bus
352 2573 613 2614 concesso
631 2558 788 2613 radio
816 2559 1033 2628 privari,
1058 2573 1219 2628 quam
1241 2572 1361 2612 cum
1387 2541 1642 2625 perpetua
1668 2553 1808 2609 fame

213 2652 408 2706 luctari
437 2658 494 2705 et
513 2659 739 2704 mortem
763 2649 943 2704 subire
967 2649 1344 2703 miserrimam.
1373 2646 1506 2713 Quia
1534 2647 1678 2701 enim
1701 2661 1817 2707 non,

212 2742 485 2799 didicistis
513 2743 754 2797 misereri
782 2743 1132 2812 paupertatis,
1164 2741 1258 2797 sed
1286 2739 1678 2811 calamitatibus
1706 2739 1806 2794 de-

211 2836 446 2901 lectari,
480 2834 835 2891 insatiabilem
878 2843 1110 2890 vestram
1150 2833 1377 2903 implent
1417 2832 1762 2904 cupiditatem
1786 2872 1804 2899 ,

208 2936 275 2982 et
325 2929 427 2982 sibi
477 2935 533 2982 et
582 2926 734 2982 vobis
783 2927 1025 2997 gehenna
1088 2926 1389 2997 graviorem
1458 2925 1807 2983 incendentes

211 3020 516 3074 flammam.
550 3019 618 3074 Et
648 3030 704 3073 ut
729 3020 973 3085 discatis,
1001 3019 1114 3074 haec
1140 3028 1194 3075 et
1218 3020 1412 3074 similia
1444 3018 1564 3073 ideo
1590 3019 1804 3073 contiu-

209 3128 380 3183 gere,
410 3122 781 3182 argumentum
808 3112 959 3167 vobis
984 3112 1271 3182 proferam.
1292 3113 1434 3183 quod
1475 3112 1526 3165 in
1558 3111 1807 3167 confesso

212 3205 291 3260 sit
314 3245 330 3269 ,
372 3202 459 3257 cui
489 3217 650 3258 nemo
677 3202 1029 3259 contradicet.
1061 3203 1195 3259 Sunt
1236 3203 1327 3256 alii
1359 3216 1622 3272 pauperes
1660 3201 1806 3255 leves

210 3298 509 3366 animoque
535 3295 680 3361 elati,
710 3295 800 3365 qui
830 3296 1023 3350 famem
1050 3295 1191 3351 ferre
1217 3294 1475 3359 nesciunt,
1502 3292 1597 3348 sed
1625 3293 1804 3348 omnia

213 3386 401 3458 potius
438 3401 597 3456 quam
628 3386 729 3441 hoc
754 3386 1045 3456 patiuntur.
1074 3385 1140 3441 lli
1168 3400 1313 3457 saepe
1353 3399 1445 3439 vos
1485 3383 1807 3438 miserabili-

220 3481 325 3534 bus
352 3489 407 3535 et
449 3478 688 3549 gestibus
733 3488 788 3533 et
816 3476 994 3532 verbis
1021 3477 1281 3533 adeuntes
1300 3518 1314 3543 ,
1346 3491 1469 3531 cum
1496 3474 1629 3529 nihil
1668 3490 1803 3529 con-

214 3570 432 3639 sequuti
474 3577 674 3635 essent,
722 3568 903 3638 missis
946 3568 1448 3639 supplicationibus,
1506 3565 1805 3637 praestigia-

214 3672 369 3716 tores
405 3660 627 3715 demum
673 3660 830 3730 longe
859 3671 1005 3716 retro
1047 3663 1414 3731 reliquerunt;
1457 3661 1544 3716 alii
1590 3660 1804 3731 quidem

214 3751 546 3827 mandentes
590 3752 736 3807 coria
760 3750 1080 3806 detritorum
1110 3751 1458 3816 calceorum,
1489 3751 1580 3804 alii
1620 3758 1806 3804 acutos

215 3846 408 3900 clavos
433 3845 487 3900 in
516 3852 679 3914 caput
706 3844 1007 3913 inflgentes,
1055 3843 1146 3897 alii
1192 3851 1371 3896 autem
1421 3842 1472 3895 in
1503 3841 1655 3911 aquis
1682 3840 1804 3910 gelu

216 3939 493 3994 concretis
540 3937 685 3994 nudo
736 3946 926 3993 ventre
952 3937 1339 4002 immorantes;
1384 3935 1473 3989 alii
1515 3942 1693 3989 autem
1721 3932 1804 3988 his

215 4029 539 4085 absurdiora
566 4040 622 4085 et
665 4027 944 4085 acerbiora
986 4014 1346 4096 sustinentes,
1394 4036 1455 4082 ut
1504 4024 1805 4097 improbum

216 4120 517 4174 exhibeant
546 4119 932 4187 spectaculum.

289 4209 347 4263 6.
386 4206 469 4263 'l'u
498 4215 677 4261 autem
714 4207 839 4261 dum
868 4206 983 4261 haec
1022 4207 1160 4263 ﬁunt
1187 4216 1299 4262 stas
1329 4210 1514 4265 ridens
1542 4216 1597 4264 et
1632 4207 1805 4261 admi-

214 4313 372 4365 rans,
403 4308 459 4354 et
482 4297 551 4353 de
589 4297 823 4354 aliorum
868 4297 1025 4353 malis
1053 4313 1153 4353 ceu
1181 4312 1429 4369 pompam
1459 4314 1645 4368 agens,
1676 4298 1804 4354 dum

214 4391 528 4446 communis
547 4398 737 4446 natura
763 4389 1025 4447 dalecore
1046 4389 1294 4446 afficitur.
1332 4391 1396 4446 Et
1422 4390 1550 4462 quid
1577 4390 1807 4462 amplius

216 4483 427 4539 faceret
456 4483 704 4537 immanis
738 4480 994 4537 dremon?
1021 4482 1226 4540 Deinde
1270 4493 1331 4541 ut
1366 4486 1664 4558 promptius
1692 4484 1808 4542 haec

215 4572 406 4641 faciat,
432 4574 717 4646 largiorem
747 4574 1024 4642 pecuniam
1068 4590 1280 4647 erogas.
1310 4577 1377 4632 Et
1394 4578 1448 4633 ei
1476 4576 1691 4647 quidem
1717 4578 1809 4648 qui

216 4679 507 4739 precatur,
524 4668 694 4724 Deum
730 4666 960 4732 invocat,
996 4667 1308 4740 placideque
1351 4668 1579 4735 accedit,
1628 4684 1695 4725 ne
1723 4684 1810 4726 re-

216 4761 498 4832 spondere
540 4761 758 4831 quidem
797 4758 1034 4830 dignaris
1078 4774 1254 4828 neque
1307 4761 1574 4829 respicere
1621 4759 1807 4827 illum;

218 4855 336 4908 imo
378 4854 537 4908 etiam
581 4855 805 4911 molesta
834 4856 887 4910 in
928 4853 1075 4909 illum
1110 4854 1270 4909 verba
1313 4853 1563 4919 effundis,
1596 4852 1813 4923 quando

216 4946 537 5015 frequenter
586 4947 681 5003 tibi
734 4949 1071 5019 itnportunus
1118 4955 1201 5002 est
1228 4966 1242 5002 :
1273 4948 1551 5006 Hunccine
1598 4956 1814 5018 oportet

215 5036 448 5091 vivere?
478 5037 741 5095 bunccine
770 5046 1060 5111 respirare,
1089 5047 1182 5094 aut
1209 5039 1352 5095 hunc
1391 5040 1559 5096 solem
1588 5040 1813 5097 videre?

219 5143 354 5201 erga
383 5128 505 5184 illos
529 5140 707 5186 autem
736 5132 892 5189 laetus
928 5149 989 5191 es
1016 5143 1071 5190 et
1098 5132 1356 5198 liberalis,
1385 5143 1571 5206 utpote
1608 5136 1700 5204 qui
1737 5136 1814 5191 sis

218 5239 329 5281 ceu
374 5224 697 5294 agonotheta
738 5225 953 5296 quidam
998 5227 1142 5283 illius
1183 5225 1424 5282 ridicula:
1469 5236 1527 5283 et
1561 5227 1816 5283 satanicat

221 5314 595 5388 turpitudinis.
640 5317 999 5387 Quamobrem
1044 5317 1426 5390 congruentius
1452 5318 1536 5384 iis,
1576 5318 1667 5389 qui
1699 5316 1817 5374 haec

221 5418 537 5480 proponunt
573 5410 891 5476 certamina,
935 5420 991 5465 et
1018 5410 1153 5465 nihil
1183 5409 1437 5466 omittunt
1465 5408 1640 5465 donec
1679 5410 1817 5465 alios

222 5500 467 5557 viderint
504 5500 647 5557 male
670 5500 831 5568 affici,
866 5500 993 5555 talia
1021 5501 1185 5557 verba
1211 5500 1521 5556 dicerentur
1544 5520 1559 5556 :
1581 5499 1815 5558 Hosciue

220 5592 435 5661 vivere,
460 5594 686 5650 omnino
713 5593 1021 5666 respirare?
1047 5597 1189 5651 hunc
1214 5594 1381 5651 solem
1409 5595 1612 5661 videre,
1641 5598 1728 5667 qui
1762 5597 1816 5652 in

222 5697 573 5742 contmunem
594 5685 915 5757 delinquunt
934 5695 1202 5756 naturam,
1226 5696 1281 5742 et
1304 5685 1471 5741 Deum
1492 5687 1817 5743 contumelia

225 5776 511 5836 afﬁciunt?
534 5778 605 5837 Et
638 5792 764 5835 cum
806 5779 947 5836 Deus
970 5779 1152 5839 dicat:
1196 5779 1271 5834 Da
1297 5777 1719 5851 eleemosynam,
1761 5790 1819 5838 et

1260 331 1323 387 IN
1366 325 1582 386 EPIST.
1625 323 1645 378 l
1710 321 1800 377 Al)
1835 317 1993 375 COB.
2034 315 2264 372 ιιωιιι.
2307 315 2451 372 XXI.

3402 315 3509 375 178

1922 434 1994 493 do
2022 435 2115 492 tibi
2146 448 2370 509 regnum
2398 434 2688 494 caelorum:
2735 448 2843 490 non
2880 433 3079 510 audisti
3110 452 3126 490 :
3152 434 3371 491 diabolo
3411 452 3506 495 att-

1922 538 2029 586 teau
2057 529 2374 586 ostendente
2397 536 2557 601 caput
2579 528 2747 585 clavis
2771 526 3065 595 confixum,
3098 528 3279 584 statim
3306 528 3505 585 libera-

1920 621 1989 679 lis
2013 623 2235 679 effectus
2256 638 2319 680 es
2344 640 2359 677 :
2392 622 2669 693 magisque
2695 631 2749 677 te
2768 620 2976 677 inflexit
3001 615 3220 691 maligni
3243 620 3508 677 daemonis

1920 717 2188 782 machina,
2220 726 2424 771 tantum
2473 715 2711 771 inferens
2750 714 3026 777 damnum,
3054 729 3215 785 quam
3255 714 3347 769 Dei
3378 729 3507 785 pro-

1921 808 2105 863 missio
2122 808 2287 862 millia
2312 806 2546 863 afferens
2566 808 2727 863 bona.
2758 805 2891 863 Cum
2919 808 3266 877 oportuisset,
3289 807 3504 864 etiamsi

1920 914 2109 954 aurum
2136 915 2418 955 numerare
2460 909 2757 970 oporteret,
2804 909 2863 955 ut
2891 900 3010 955 hac
3049 914 3157 954 non
3185 898 3376 955 flerent
3400 914 3502 956 nec

1920 988 2055 1045 facta
2085 1000 2475 1061 spectarentur,
2509 990 2639 1049 nihil
2677 1006 2783 1046 non
2811 1006 2972 1063 agere
3015 1001 3071 1047 et
3104 992 3234 1061 pati,
3264 1000 3325 1048 ut
3352 1002 3500 1048 tanta

1921 1082 2009 1137 illa
2041 1082 2317 1139 tolleretur
2348 1084 2592 1150 insania;
2622 1097 2720 1137 vos
2746 1091 2944 1146 autem,
2978 1091 3037 1137 ut
3063 1091 3119 1139 et
3140 1082 3271 1137 flant
3290 1094 3345 1138 et
3365 1083 3503 1140 facta

1919 1174 2221 1243 videantur,
2265 1176 2398 1231 nihil
2442 1191 2552 1230 non
2600 1160 2756 1245 agitis
2791 1183 2846 1229 et
2892 1175 3211 1245 operamini.
3242 1174 3504 1231 Adhucuo

1920 1267 2238 1338 interrogas,
2267 1267 2355 1322 die
2384 1265 2535 1333 mihi,
2569 1280 2667 1322 cur
2693 1266 2763 1320 sit
2789 1265 3077 1336 gehenna?
3100 1268 3170 1319 At
3199 1280 3267 1321 ne
3294 1264 3398 1321 hoc
3423 1266 3504 1320 ul-

1918 1368 1998 1412 tra
2029 1359 2348 1429 interroges,
2378 1357 2474 1414 sed
2494 1374 2591 1413 cur
2612 1372 2713 1413 una
2737 1367 2943 1413 tantum
2976 1358 3046 1413 sit
3072 1359 3335 1429 gehenna.
3359 1357 3505 1427 Quot

1916 1450 2060 1503 enim
2085 1464 2200 1505 non
2233 1459 2358 1504 sunt
2381 1449 2656 1520 suppliciis
2682 1448 2827 1519 digni
2853 1449 2928 1516 hi,
2960 1449 3051 1520 qui
3070 1458 3184 1503 tam
3213 1447 3428 1505 crudele
3444 1458 3500 1504 et

1916 1540 2263 1595 inhumanum
2308 1542 2635 1598 constituant
2679 1541 3062 1612 spectaculum,
3109 1542 3389 1613 ridentque
3431 1542 3500 1597 de

1916 1633 2002 1699 iis,
2034 1633 2103 1688 de
2129 1634 2321 1703 quibus
2344 1636 2526 1704 lugere
2545 1643 2600 1690 et
2624 1634 2748 1690 illos
2774 1642 2829 1691 et
2854 1649 2951 1691 vos
2978 1641 3273 1705 Oporteret,
3298 1635 3498 1707 magis-

1915 1738 2019 1793 que
2043 1739 2140 1779 vos
2167 1724 2260 1795 qui
2289 1723 2355 1778 ad
2386 1733 2493 1779 tam
2520 1724 2771 1781 indecore
2799 1726 3066 1797 agendum
3105 1726 3336 1798 cogitis?
3366 1728 3496 1795 Sed,

1914 1818 2145 1888 inquies,
2189 1832 2293 1871 non
2329 1831 2486 1888 cogo.
2517 1817 2821 1885 Quomodo,
2865 1833 3047 1889 qua‘so
3081 1828 3156 1884 te,
3191 1833 3298 1874 non
3326 1821 3497 1891 cogis,

1915 1909 2005 1980 qui
2033 1909 2448 1964 modestioribus
2471 1920 2525 1963 et
2549 1908 2799 1964 ﬂentibus
2835 1924 2897 1964 ac
2926 1910 3095 1965 Deum
3127 1911 3499 1967 invocantibus

1916 2017 1985 2057 ne
2031 2017 2216 2057 aurem
2245 2003 2460 2072 quidem
2506 2004 2748 2074 praebere
2774 2002 2946 2068 velis;
2988 2003 3074 2058 his
3122 2018 3252 2059 vero
3282 2005 3499 2076 largiter

1913 2095 2195 2163 pecuniam
2218 2108 2430 2165 erogas,
2458 2103 2513 2150 ct
2553 2087 2751 2150 multos
2779 2095 3008 2151 advocas
3038 2096 3407 2152 admirantes“!
3432 2097 3501 2153 Et

1912 2187 2249 2252 recedamus,
2284 2188 2516 2259 inquies,
2548 2202 2737 2242 eorum
2768 2188 3107 2245 miserentes.
3139 2188 3206 2243 Et
3242 2197 3372 2245 tune
3395 2188 3500 2245 hoc
3593 2257 3599 2261 _

1908 2281 2105 2351 jubes?
2128 2281 2246 2337 Non
2274 2290 2357 2337 est
2386 2282 2488 2336 hoc
2514 2281 2780 2345 misereri,
2812 2296 2845 2336 o
2870 2280 3051 2348 homo,
3084 2291 3259 2336 tantas
3284 2281 3500 2353 exigere

1912 2389 2103 2445 poenas
2120 2390 2219 2445 pro
2243 2375 2453 2431 duobus
2476 2374 2671 2440 obolis,
2714 2376 3006 2445 prmcipere
3041 2382 3099 2429 ut
3125 2390 3222 2444 pro
3250 2388 3500 2430 necessa-

1913 2467 1995 2521 rio
2023 2466 2144 2521 cibo
2164 2481 2283 2521 sese
2314 2458 2568 2531 lacerent,
2596 2475 2651 2522 et
2670 2466 2859 2538 capitis
2890 2474 3068 2521 cutem
3096 2474 3203 2520 tam
3231 2465 3424 2522 acerbe
3443 2475 3500 2522 et

1912 2557 2290 2613 miserabiliter
2314 2558 2368 2612 in
2390 2557 2585 2613 multas
2606 2568 2785 2627 partes
2813 2558 3102 2614 dissecent.
3129 2558 3278 2613 Bona
3308 2559 3494 2627 verba,

1913 2648 2151 2719 inquies;
2197 2664 2369 2721 neque
2408 2649 2551 2703 enim
2596 2663 2697 2704 nos
2726 2649 2899 2719 capita
2944 2651 3111 2705 clavis
3156 2649 3494 2720 contigimus.

1916 2737 2129 2794 Utinam
2164 2749 2220 2793 tu
2251 2741 2479 2807 faceres,
2512 2749 2566 2796 et
2593 2754 2682 2796 res
2708 2755 2815 2795 non
2839 2748 2948 2794 tam
2971 2740 3149 2809 gravis
3177 2750 3340 2796 esset.
3362 2739 3498 2795 Nam

1909 2832 2001 2903 qui
2029 2833 2331 2904 quempiam
2361 2831 2630 2899 interficit,
2660 2833 2829 2887 multo
2856 2834 3070 2904 gravius
3098 2831 3240 2899 facit,
3269 2847 3427 2903 quam
3451 2834 3497 2887 is

1910 2925 1999 2994 qui
2028 2924 2264 2993 seipsum
2288 2924 2440 2994 jubet
2466 2924 2789 2979 interﬁcere.
2818 2923 2971 2990 Quod
2996 2924 3157 2979 etiam
3202 2924 3257 2978 in
3283 2924 3368 2978 bis
3396 2938 3496 2978 usu

1912 3016 2098 3070 venit:
2128 3016 2433 3071 acerbiores
2481 3017 2625 3071 enim
2664 3018 2930 3071 sustinent
2977 3015 3230 3081 dolores,
3276 3015 3492 3087 quando

1910 3122 2005 3162 sua
2047 3123 2207 3162 manu
2232 3108 2488 3178 jubentur
2518 3109 2633 3164 haec
2654 3109 2795 3164 male
2819 3110 2970 3180 jussa
3013 3110 3268 3180 exsequi;
3298 3120 3352 3167 et
3379 3109 3495 3166 haec
3553 3124 3563 3134 '

1909 3200 2229 3267 Antiochia,
2262 3201 2350 3255 ubi
2378 3201 2609 3270 primum
2639 3201 2893 3271 appellati
2937 3210 3061 3256 sunt
3086 3200 3397 3267 Christiani,
3437 3202 3491 3256 in

1908 3309 2014 3364 qua
2042 3294 2190 3350 fuere
2219 3298 2454 3348 omnium
2491 3293 2765 3348 hominum
2794 3295 3081 3363 mitissimi,
3134 3295 3186 3349 in
3217 3309 3320 3365 qua
3359 3294 3491 3350 olim

1909 3386 2122 3458 vigebat
2162 3402 2387 3458 magnus
2436 3387 2801 3458 eleemosynas
2847 3385 3071 3442 fructus.
3115 3386 3300 3455 Neque
3350 3388 3495 3444 enim

1911 3480 2266 3550 przesentibus
2294 3487 2520 3545 tantum,
2549 3478 2644 3534 sed
2671 3480 2831 3535 etiam
2854 3480 2919 3533 iis
2945 3479 3037 3550 qui
3063 3478 3246 3549 procul
3271 3478 3497 3539 aberant

1909 3572 2217 3639 mittebant,
2238 3572 2395 3642 idque
2414 3572 2540 3627 dum
2558 3573 2727 3627 fames
2745 3582 3164 3643 exspectantur.
3183 3572 3320 3641 Quid
3341 3588 3492 3643 ergo,

1911 3663 2142 3735 inquies,
2168 3662 2500 3719 faciendum?
2530 3664 2678 3719 Hanc
2698 3662 2962 3719 feritatem
2988 3664 3288 3730 demittere,
3310 3648 3496 3735 egenis

1910 3768 2041 3808 vero
2070 3754 2319 3809 omnibus
2348 3754 2581 3821 edicere,
2614 3755 2660 3809 si
2686 3754 2799 3809 haec
2828 3754 3043 3819 faciant,
3072 3753 3203 3809 nihil
3244 3762 3488 3823 acceptu-

1911 3859 2002 3900 ros
2028 3845 2149 3899 illos
2171 3858 2325 3911 esse;
2356 3846 2400 3899 si
2424 3860 2552 3901 vero
2581 3845 2822 3901 modeste
2842 3845 3119 3910 accedant,
3152 3859 3339 3915 magna
3362 3842 3497 3899 frui-

1915 3948 2065 3993 turos
2088 3938 2353 4009 largitate.
2373 3937 2427 3994 Si
2446 3951 2605 4009 porro
2620 3938 2723 3992 hoc
2739 3936 2998 4001 ediscant,
3026 3936 3236 3992 etiamsi
3252 3936 3493 3992 omnium

1912 4030 2202 4083 miserrimi
2228 4028 2445 4095 fuerint,
2479 4044 2767 4099 numquam
2812 4044 2878 4085 eo
2906 4027 3224 4103 inducentur
3250 4037 3309 4083 ut
3331 4043 3391 4084 se
3415 4028 3496 4084 sic

1911 4119 2134 4184 lanient,
2159 4132 2261 4187 ego
2299 4118 2585 4187 polliceor;
2628 4120 2721 4173 sed
2767 4121 2928 4173 etiam
2958 4121 3109 4174 vobis
3135 4121 3359 4189 gratiam
3391 4118 3491 4174 ha-

1909 4209 2131 4277 bebunt,
2162 4207 2305 4281 quod
2331 4208 2451 4264 illos
2475 4208 2544 4263 ab
2570 4208 2817 4265 irrisione
2846 4218 2901 4265 et
2926 4209 3114 4267 dolore
3145 4210 3237 4267 tali
3262 4211 3484 4283 eripue-

1910 4301 2050 4358 ritis.

1985 4394 2321 4467 Eleemosgna
2350 4396 2557 4468 largiter
2576 4396 2767 4451 danda.
2794 4396 3119 4452 Antiocheam
3156 4395 3381 4465 ecclesia
3413 4411 3495 4451 re-

1913 4486 2051 4543 ditus
2092 4489 2146 4542 in
2185 4503 2433 4559 paupera
2462 4485 2630 4553 effusi.
2664 4514 2735 4527 —
2760 4486 2913 4542 Nunc
2956 4495 3133 4543 autem
3164 4500 3264 4556 pro
3289 4484 3490 4558 aurigis

1915 4579 2076 4636 etiam
2094 4578 2235 4633 ﬁlios
2254 4577 2577 4643 obtuleritis,
2601 4585 2656 4631 et
2675 4590 2778 4647 pro
2804 4576 3148 4631 saltatoribus
3167 4577 3327 4630 etiam
3350 4576 3496 4645 ipsas

1916 4667 2259 4740 profuderitis
2309 4664 2552 4733 animas;
2586 4680 2685 4737 pro
2731 4666 2945 4723 Christo
2988 4674 3170 4724 autem
3221 4667 3493 4724 esuriente

1915 4774 1986 4815 ne
2026 4758 2301 4813 minimam
2352 4756 2568 4829 quidem
2609 4757 2919 4815 facultatum
2949 4769 3155 4831 partem
3202 4758 3494 4824 dederitis;

1915 4851 2008 4907 sed
2038 4850 2084 4907 si
2114 4851 2379 4907 tantillum
2406 4854 2613 4924 argenti
2642 4852 2800 4917 detis,
2846 4866 2909 4907 ac
2936 4854 2980 4908 si
3006 4860 3173 4908 totum
3203 4850 3496 4919 solveritis,

1917 4945 1997 4999 sic
2022 4944 2193 5001 affecti
2223 4945 2373 5014 estis,
2406 4946 2726 5009 nescientes,
2759 4944 2901 5016 quod
2932 4961 3039 5001 non
3068 4945 3221 5011 dare,
3248 4943 3345 4999 sed
3371 4956 3493 4998 cum

1917 5035 2165 5109 largitate
2200 5037 2351 5103 dare,
2402 5035 2531 5091 illud
2575 5035 2807 5093 maxime
2848 5045 2933 5092 est
2972 5036 3338 5112 eleemosyna.
3371 5034 3500 5091 ideo

1918 5128 2178 5199 propheta
2208 5143 2313 5184 non
2342 5141 2437 5184 eos
2463 5128 2555 5200 qui
2582 5128 2755 5184 solum
2783 5128 2914 5184 dant
2944 5127 3200 5200 praedicat
3233 5138 3290 5185 et
3310 5127 3497 5184 beatos

1919 5219 2066 5288 dicit,
2108 5220 2203 5277 sed
2246 5233 2341 5276 eos
2378 5220 2472 5292 qui
2515 5219 2735 5290 largiter
2768 5220 2919 5277 dant.
2966 5219 3084 5276 Non
3125 5220 3299 5277 solum
3354 5219 3498 5276 enim

1919 5311 2075 5379 dixit,
2102 5312 2293 5378 Dedit;
2324 5312 2419 5368 sed
2449 5311 2763 5384 quomodo?
2789 5312 3060 5385 Dispersit,
3088 5310 3228 5367 dedit
3256 5313 3503 5385 pauperi-

1922 5407 2013 5462 bus
2050 5405 2221 5479 (Psaf.
2254 5406 2379 5462 ill.
2404 5406 2481 5478 9).
2512 5405 2650 5475 Quid
2678 5406 2820 5462 enim
2849 5405 3085 5477 prodest,
3115 5405 3165 5461 si
3202 5420 3269 5462 ex
3302 5404 3501 5461 divitiis

1923 5509 2127 5556 tantum
2152 5498 2390 5566 dederis,
2419 5507 2673 5571 quantum
2694 5497 2903 5554 dederit
2921 5496 3185 5569 quispiam
3209 5496 3355 5553 verbi
3379 5511 3500 5568 gra-

1922 5595 1993 5648 tia
2040 5609 2107 5649 ex
2148 5592 2281 5647 mari
2325 5592 2601 5665 cyathum,
2645 5606 2821 5662 neque
2864 5591 3037 5646 vidua:
3083 5588 3501 5661 magnitudinem

1922 5686 2087 5740 animi
2125 5686 2407 5741 aemulatus
2446 5684 2645 5741 fueris?
2683 5683 2955 5757 quomodo
2996 5684 3219 5750 dixeris,
3265 5682 3499 5750 limine,

1923 5782 2163 5836 miserere
2188 5782 2286 5837 tttet'
2318 5780 2595 5835 arandum
2639 5794 2874 5852 mag-ant
2917 5776 3316 5834 misericordiam
3339 5784 3499 5844 ωιτη,
