4070 6322
585 299 685 355 I79

584 424 633 467 et
660 411 938 467 secundum
976 410 1352 465 multitudinem
1389 407 1770 462 miserationem
1810 415 2014 458 tum
2051 403 2164 457 dele

582 505 899 572 iniquitatem
940 517 1106 555 meam
1157 499 1329 570 (Psal.
1370 497 1461 553 50.
1489 497 1584 566 5);
1615 511 1738 569 cum
1777 494 1894 565 ipso
1938 509 2047 548 non
2074 506 2167 547 se-

581 594 814 648 cundum
842 608 1088 663 magnam
1116 589 1542 646 misericordiam
1567 585 1905 652 miserearis;
1934 585 2044 640 imo
2060 586 2167 639 fon-

581 684 741 738 tassis
797 698 972 752 neque
1014 680 1309 737 secundum
1364 676 1617 749 parvam?
1670 674 1839 731 Valde
1890 676 2036 730 cnim
2080 688 2170 729 me

582 771 768 842 pudet,
806 786 929 826 cum
957 770 1113 827 video
1154 768 1349 832 divites
1395 766 1594 823 multos
1629 765 1783 836 equis
1806 765 1959 819 freno
2002 776 2169 818 aureo

583 862 857 917 instructis
884 868 1092 923 vectos,
1123 860 1212 929 qui
1242 871 1425 914 secum
1452 855 1669 911 trahunt
1706 854 1935 910 famulos
1977 868 2167 909 aurum

581 962 880 1023 gestantes,
936 961 994 1007 et
1038 951 1208 1006 lectos
1248 948 1449 1004 habent
1490 954 1777 1018 argenteos
1832 945 2171 1014 multumque

583 1046 750 1100 alium
787 1043 1015 1106 fastum;
1056 1057 1179 1098 cum
1213 1051 1394 1096 autem
1434 1038 1655 1110 pauperi
1699 1035 2031 1109 erogandum
2063 1044 2166 1101 est,

584 1135 750 1191 etiam
776 1133 932 1189 valde
964 1132 1288 1204 pauperibus
1335 1145 1458 1185 esse
1497 1128 1866 1198 pauperiores.
1904 1126 2011 1181 Sed
2043 1123 2173 1197 quid

585 1224 828 1290 estgillud
857 1224 1002 1296 quod
1040 1238 1186 1292 saepe
1214 1220 1439 1276 dicunt?
1467 1219 1661 1285 Habet,
1690 1218 1884 1289 inquit,
1910 1214 2171 1274 Ecclesia

585 1331 894 1373 commune.
941 1314 1014 1370 Et
1036 1312 1164 1383 quid
1199 1312 1305 1367 hoc
1345 1311 1412 1366 ad
1442 1311 1533 1367 te?
1581 1325 1753 1380 neque
1779 1309 1949 1375 enim,
1998 1308 2045 1361 si
2072 1319 2174 1374 ego

587 1412 811 1475 dedero,
853 1419 912 1463 tu
942 1408 1123 1463 salvus
1169 1408 1317 1462 eris:
1348 1420 1543 1475 neque,
1586 1405 1633 1458 si
1675 1402 1901 1458 ecclesia
1939 1399 2171 1461 dederit,

594 1512 651 1557 tu
702 1512 915 1572 peccata
968 1510 1055 1553 tua
1096 1497 1363 1553 delevisti.
1422 1494 1656 1562 Ideoque
1711 1507 1816 1545 non
1869 1490 1999 1555 das,
2046 1490 2173 1561 quia

588 1593 812 1648 ecclesia
841 1591 971 1645 dare
997 1588 1159 1644 debet
1187 1586 1373 1656 egenis
1404 1603 1417 1638 :
1448 1585 1573 1654 quia
1601 1582 1910 1639 sacerdotes
1941 1596 2173 1651 precan-

586 1692 695 1748 tur,
724 1690 780 1735 tu
802 1693 1092 1749 numquam
1116 1687 1430 1746 precaturus
1454 1673 1551 1729 es?
1576 1681 1631 1729 et
1655 1675 1780 1742 quia
1794 1670 1887 1725 alii
1904 1670 2172 1740 jejunant,

591 1783 647 1828 tu
675 1780 937 1843 perpetuo
962 1768 1146 1823 ebrius
1175 1766 1327 1821 eris?
1354 1764 1539 1820 Nescis
1569 1767 1695 1833 quia
1724 1776 1830 1816 non
1855 1760 1927 1815 ita
1954 1768 2175 1831 propter

587 1877 850 1935 pauperes
874 1862 1237 1937 elecmosynze
1264 1858 1437 1927 legem
1466 1856 1649 1925 posuit
1675 1854 1835 1918 Deus,
1878 1861 1936 1906 ut
1954 1860 2176 1921 promer

588 1970 683 2011 eos
715 1958 863 2026 ipsos
882 1942 974 2025 qui
1005 1949 1344 2023 largiuntur?
1369 1950 1451 2004 An
1484 1948 1578 2003 tibi
1606 1946 1859 2001 sacerdos
1891 1950 2175 2014 suspectus

588 2048 715 2102 est?
758 2046 861 2102 Est
884 2044 1101 2115 quidem
1131 2042 1234 2097 hoc
1280 2056 1443 2113 grave
1488 2048 1811 2109 peccatum;
1853 2037 1949 2093 sed
1977 2036 2046 2092 de
2072 2034 2193 2099 hoc,

594 2152 703 2193 non
731 2144 979 2191 accurate
1011 2132 1298 2204 disputabo
1325 2150 1340 2186 :
1369 2142 1588 2203 propter
1619 2140 1671 2186 te
1696 2130 1877 2185 omnia
1903 2128 2086 2194 facito,
2121 2136 2177 2182 et

593 2229 672 2283 sic
691 2227 959 2298 duplicem
1000 2225 1305 2295 assequeris
1336 2222 1661 2278 mercedem.
1692 2220 1905 2275 Etenim
1930 2234 2051 2289 quae
2078 2234 2178 2273 nos

588 2323 657 2377 de
674 2323 1015 2391 eleemosyna
1034 2318 1283 2380 dicimus,
1312 2330 1417 2370 non
1433 2314 1659 2369 dicimus
1674 2324 1730 2366 ut
1750 2312 1817 2368 ad
1840 2328 1937 2367 nos
1958 2310 2176 2375 offeras,

589 2415 684 2471 sed
713 2426 771 2469 ut
801 2424 853 2468 tu
882 2428 978 2483 per
998 2410 1230 2481 teipsum
1252 2408 1544 2463 ministres.
1568 2405 1700 2461 Nam
1725 2406 1770 2460 si
1803 2404 1933 2459 mihi
1960 2401 2175 2467 offeras,

592 2507 839 2561 fortassis
877 2520 908 2559 a
956 2518 1090 2557 vana
1129 2500 1297 2572 gloria
1341 2497 1672 2569 corripieris,
1725 2510 1978 2567 saepeque
2016 2494 2177 2549 etiam

591 2598 834 2654 offensus
860 2595 1080 2651 recedes
1118 2593 1259 2648 mala
1298 2590 1638 2659 suspicatus:
1668 2586 1715 2642 si
1753 2595 1931 2641 autem
1961 2600 2057 2655 per
2083 2599 2180 2638 vos

594 2691 739 2760 ipsos
766 2689 948 2743 onnia
979 2684 1208 2750 faciatis,
1240 2691 1295 2739 et
1324 2680 1712 2738 oﬂ‘ensionibus
1736 2688 1790 2734 et
1814 2678 2061 2733 absurdis
2089 2690 2179 2732 su-

590 2778 917 2853 spicionibus
945 2776 1096 2832 liberi
1126 2775 1298 2839 eritis,
1331 2776 1611 2843 majorque
1636 2770 1786 2826 vobis
1815 2785 2025 2825 merces
2053 2770 2178 2825 erit.

666 2872 723 2928 7.
762 2870 879 2927 Non
928 2870 1090 2941 igitur
1130 2868 1245 2924 hac
1291 2866 1437 2932 dico,
1467 2874 1525 2921 ut
1561 2866 1668 2919 vim
1700 2864 1849 2918 vobis
1885 2863 2075 2918 faciam
2111 2863 2179 2917 ad

598 2965 853 3036 pecunias
892 2964 998 3018 huc
1030 2960 1366 3026 aﬂ'erendas;
1404 2973 1579 3029 neque
1622 2957 1931 3027 indignatus
1959 2966 2181 3027 propter

520 3106 528 3113 .
590 3054 904 3110 sacerdotes
938 3054 1028 3123 qui
1056 3053 1193 3107 male
1224 3051 1469 3105 audiunt.
1514 3049 1645 3103 Nam
1690 3050 1735 3102 si
1780 3062 2099 3104 succensere
2128 3058 2183 3104 et

591 3145 778 3200 dolere
802 3151 1037 3215 oportet,
1068 3160 1164 3214 pro
1194 3142 1345 3197 vobis
1365 3140 1655 3197 dolendum
1683 3150 1765 3196 est
1803 3141 1897 3211 qui
1928 3141 2067 3196 male
2094 3142 2179 3196 di-

595 3236 738 3291 citis.
770 3234 841 3290 lis
873 3236 1039 3302 enim,
1066 3236 1156 3304 qui
1184 3234 1381 3289 frustra
1422 3242 1477 3287 et
1507 3243 1709 3287 temere
1753 3231 1891 3285 male
1933 3231 2179 3299 audiunt,

598 3340 809 3381 merces
838 3325 1049 3394 major;
1079 3324 1379 3380 dicentibus
1408 3332 1584 3377 autem
1609 3321 1868 3391 judicium
1898 3332 1951 3376 et
1980 3322 2184 3391 suppli-

593 3418 736 3473 cium
763 3417 977 3487 gravius
1021 3418 1143 3491 erit.
1189 3415 1306 3471 Non
1334 3430 1463 3487 ergo
1491 3429 1587 3483 pro
1619 3414 1724 3468 illis
1754 3413 1869 3468 inec
1897 3414 2044 3480 dico,
2084 3415 2181 3469 sed

595 3509 738 3580 quod
767 3509 836 3565 de
865 3507 1018 3563 vobis
1045 3523 1228 3562 curam
1259 3516 1315 3562 et
1353 3504 1771 3561 sollicitudinem
1801 3520 2003 3575 geram.
2044 3505 2182 3573 Quid

595 3602 737 3655 enim
776 3601 992 3664 mirum,
1024 3600 1069 3653 si
1099 3605 1258 3653 aetate
1283 3607 1465 3653 nostra
1494 3596 1709 3667 quidam
1739 3598 1792 3652 in
1823 3597 2182 3667 suspicionem

594 3695 840 3763 veniunt,
885 3708 1011 3749 cum
1039 3692 1201 3747 etiam
1243 3690 1454 3746 illorum
1484 3698 1726 3761 tempore
1755 3700 2062 3745 sanctorum
2090 3690 2182 3759 qui

598 3785 819 3853 angelos
864 3784 1232 3848 imitabantur,
1264 3783 1354 3851 qui
1398 3782 1532 3837 nihil
1573 3782 1674 3837 sibi
1705 3784 1979 3851 proprium
2008 3783 2185 3850 possi-

599 3872 820 3937 debant,
850 3873 1219 3941 apostolorum
1251 3872 1489 3938 inquam,
1529 3885 1771 3922 murmur
1794 3858 1959 3923 fuerit
2000 3870 2053 3921 in
2086 3870 2187 3922 mi-

600 3964 827 4021 nisterio
872 3963 1153 4018 viduarum
1178 4004 1193 4026 ,
1246 3961 1389 4030 quod
1439 3960 1843 4030 despicerentur
1881 3975 2143 4030 pauperes
2167 4001 2184 4027 ,

602 4052 817 4126 quando
843 4065 1005 4107 nemo
1024 4050 1311 4120 quidquam
1340 4065 1407 4106 ex
1428 4049 1539 4105 suis
1566 4049 1904 4106 facultatibus
1928 4050 2031 4106 sibi
2061 4065 2187 4122 pro-

599 4149 776 4219 prium
796 4160 917 4201 esse
941 4144 1172 4211 dicebat,
1200 4140 1294 4197 sed
1316 4154 1468 4198 erant
1490 4142 1620 4213 ipsis
1636 4144 1812 4203 omnia
1834 4145 2182 4201 communia?

599 4239 680 4296 Ne
707 4240 808 4294 hos
830 4238 1165 4309 proferamus
1183 4234 1457 4299 obtentus,
1486 4249 1585 4288 nec
1614 4235 1667 4287 in
1693 4234 2057 4291 defensionem
2089 4250 2189 4291 no-

601 4342 769 4388 stram
800 4330 1047 4385 conferre
1072 4336 1322 4398 putemus
1351 4323 1495 4398 quod
1530 4322 1769 4379 Ecclesia
1815 4325 1979 4378 multa
2011 4326 2186 4393 possi-

603 4424 749 4480 deat.
788 4420 923 4477 Cum
964 4421 1106 4476 enim
1132 4418 1444 4475 facultatum
1474 4416 1593 4489 ejus
1620 4413 2041 4485 magnitudinem
2068 4428 2190 4481 per-

604 4516 791 4587 spicis,
822 4514 998 4585 cogita
1024 4512 1187 4568 etiam
1232 4510 1607 4578 inscriptorum
1633 4519 1924 4577 pauperum
1950 4516 2188 4572 gregem,

604 4607 937 4663 infirmorum
960 4601 1379 4667 multitudinem,
1412 4600 1813 4655 innumerarum
1835 4608 2189 4666 expensarum

606 4700 918 4756 occasiones
942 4716 955 4751 :
978 4696 1191 4750 curiose
1217 4692 1427 4763 inquire
1445 4702 1501 4745 et
1527 4701 1770 4747 scrutare
1796 4707 1810 4745 :
1838 4704 1998 4745 nemo
2022 4689 2194 4759 impe-

605 4795 706 4859 dit,
738 4793 849 4847 imo
889 4787 1061 4861 parati
1089 4800 1275 4841 sumus
1308 4783 1375 4839 ad
1410 4784 1649 4838 rationes
1670 4784 1824 4838 vobis
1863 4782 2191 4840 reddendas.

608 4889 716 4947 Sed
746 4884 1047 4961 hyperbole
1068 4881 1143 4937 uti
1174 4881 1318 4936 volo.
1346 4877 1485 4934 Cum
1509 4877 1651 4931 cnim
1680 4876 1916 4931 rationes
1942 4877 2192 4932 reddide-

608 4982 799 5047 rimus,
827 4988 883 5035 et
908 4974 1302 5033 ostenderimus
1330 4983 1619 5041 expensam
1649 4975 1913 5038 proventu
1939 4984 2045 5022 non
2070 4977 2193 5024 esse

613 5074 899 5136 minorem,
946 5071 1055 5125 imo
1078 5079 1131 5123 et
1166 5062 1457 5136 aliquando
1484 5060 1739 5131 majorem
1766 5078 1779 5116 :
1808 5058 1939 5115 illud
1979 5074 2011 5114 a
2040 5061 2193 5117 vobis

608 5164 840 5219 libenter
881 5160 1209 5225 sciscitarer,
1252 5172 1374 5213 cum
1414 5154 1505 5210 illo
1534 5153 1961 5223 migraverimus,
2007 5160 2063 5206 et
2097 5167 2193 5206 au-

605 5255 867 5312 dierimus
908 5250 1181 5307 Christum
1227 5251 1493 5306 dicentem
1525 5264 1538 5300 :
1567 5246 1885 5301 Esurientem
1930 5261 2011 5298 me
2057 5246 2190 5299 vidi-

615 5350 727 5409 stis.
757 5357 807 5402 et
834 5360 936 5400 non
980 5359 1059 5395 me
1098 5342 1395 5407 uutriuistis,
1424 5340 1621 5395 nudum
1643 5380 1658 5403 ,
1688 5348 1735 5394 et
1782 5356 1884 5393 non
1926 5339 2195 5408 operuistis

614 5438 836 5502 (Matth.
854 5436 947 5491 25.
976 5434 1073 5503 82)
1102 5451 1117 5487 :
1142 5433 1269 5504 quid
1297 5433 1579 5489 dicemus?
1605 5446 1765 5502 quam
1790 5431 2075 5486 afferentes
2099 5431 2193 5486 de-

614 5528 950 5587 fensionem?
994 5525 1138 5581 hunc
1172 5524 1256 5579 vel
1299 5525 1448 5579 illum
1486 5522 1813 5599 adducemus
1850 5523 1902 5577 in
1936 5521 2190 5587 medium,

614 5620 706 5691 qui
734 5616 819 5674 his
844 5631 951 5672 non
980 5618 1307 5687 obsequutus
1328 5624 1443 5684 est,
1475 5625 1529 5671 et
1550 5614 1811 5687 quosdam
1840 5631 1905 5671 ex
1931 5615 2195 5683 suspectis

614 5706 1031 5767 sacerdotibus?
1079 5706 1146 5763 Et
1174 5706 1301 5779 quid
1328 5706 1431 5763 hoc
1459 5707 1525 5762 ad
1552 5713 1633 5763 te?
1653 5705 1883 5779 inquiet;
1921 5719 2021 5776 ego
2047 5704 2189 5759 enim

1284 293 1343 350 S.
1379 289 1654 349 JOANNIS
1688 286 2163 346 CllRYSO‘STOll
2201 286 2516 345 ARCBIEP.
2553 287 3087 345 CONS‘I‘ANTINOP.

3753 283 3860 343 180

2273 412 2325 457 te
2348 417 2546 460 accuso
2568 404 2637 460 de
2661 405 2913 475 peccatis,
2943 420 3064 476 quae
3089 404 3368 460 admisisti.
3398 404 3648 475 Purgatio
3667 416 3861 462 etuias

2270 502 2375 560 est,
2398 504 2457 549 ut
2483 495 2696 565 propria
2722 495 2906 550 abluas
2934 503 3175 565 peccata,
3214 511 3321 550 non
3350 507 3409 551 ut
3435 494 3692 551 ostendas
3720 493 3860 548 alios

2272 586 2325 639 in
2354 586 2544 641 eadem
2575 586 2847 642 incidisse.
2875 587 3117 643 Ecclesia
3140 588 3284 643 enim
3320 587 3392 641 ob
3419 598 3653 645 vestram
3680 583 3864 656 parci.

2275 683 2438 731 tatem
2468 676 2707 733 retinere
2739 680 2951 749 cogitur
2972 693 3058 745 ea,
3088 693 3209 749 qua:
3237 693 3380 733 nunc
3415 678 3597 733 habet.
3619 676 3779 744 Quod
3807 676 3858 730 si

2273 769 2453 822 omnia
2483 769 2778 825 secundum
2806 771 3130 841 apostolicas
3154 771 3301 839 leges
3328 778 3565 839 agerent,
3586 768 3708 838 ejus
3735 782 3868 836 pro-

2272 869 2491 914 ventum
2521 867 2797 929 oporteret
2835 876 2957 917 esse
2991 871 3230 917 vestrum
3254 860 3493 916 animum
3520 875 3535 912 :
3566 857 3714 928 quod
3740 860 3866 929 qui-

2275 947 2398 1003 dem
2443 957 2499 1003 et
2547 957 2905 1006 tutumvesset
2949 952 3287 1021 penuarium,
3341 958 3397 1004 ct
3440 949 3730 1005 thesaurus
3773 948 3867 1003 in-

2276 1041 2593 1096 exhaustus.
2609 1040 2760 1097 Nunc
2780 1049 2960 1096 autem
2985 1056 3111 1097 cum
3129 1058 3225 1097 vos
3243 1041 3461 1113 quidem
3481 1039 3871 1095 thesaurixatis

2278 1134 2331 1188 in
2361 1143 2527 1203 terra,
2558 1146 2616 1192 et
2638 1137 2819 1192 omnia
2844 1136 2899 1191 in
2930 1136 3201 1206 penuariis
3239 1136 3434 1190 vestris
3456 1132 3741 1197 clauditis;
3764 1132 3870 1191 Et:-

2278 1226 2443 1281 clesia
2467 1242 2601 1283 vero
2627 1227 2940 1299 impendere
2974 1240 3199 1281 necesse
3222 1225 3405 1289 habet,
3443 1224 3725 1278 viduarum
3751 1235 3871 1275 etn-

2279 1317 2439 1385 tibus,
2470 1319 2736 1389 virginum
2773 1318 2975 1383 choris,
3021 1317 3293 1387 hospitum
3318 1314 3659 1378 adventibus,
3708 1326 3875 1382 pere-

2274 1409 2603 1478 grinantium
2629 1409 2906 1476 aerumnis,
2934 1409 3233 1463 vinctorum
3259 1404 3674 1467 calamitatibus,
3709 1401 3873 1456 infir-

2279 1514 2490 1554 morum
2518 1508 2575 1554 et
2599 1499 2913 1554 mutilorum
2954 1486 3387 1562 necessitatibus,
3417 1493 3537 1548 aliis
3555 1490 3872 1561 huiusmodi

2277 1592 2650 1647 occasionibus
2668 1610 2681 1644 :
2700 1590 2827 1661 quid
2848 1590 3145 1644 faciendum
3160 1589 3185 1641 ἳ
3210 1602 3377 1643 eosne
3390 1600 3579 1641 omnes
3593 1583 3868 1647 aversari,

2276 1692 2330 1735 et
2352 1690 2433 1737 tot
2459 1690 2646 1751 portus
2675 1679 2998 1735 obstruere?
3022 1679 3207 1747 ecquis
3228 1676 3517 1747 naufragiis
3548 1675 3676 1731 hinc
3696 1673 3873 1746 partis

2278 1773 2569 1839 sutl‘ecerit,
2599 1771 2832 1837 fletibus,
2858 1772 3126 1835 lamentis,
3156 1769 3444 1839 ejulatibus
3470 1768 3710 1838 undique
3734 1767 3874 1821 alla-

2280 1863 2387 1917 tis?
2409 1862 2485 1917 Nc
2510 1878 2639 1933 ergo
2659 1870 2862 1917 temere
2888 1862 3173 1932 loquamur
3189 1858 3332 1930 quod
3354 1860 3409 1913 in
3435 1868 3669 1913 mentem
3703 1872 3876 1912 vene-

2282 1956 2371 2009 rit.
2400 1953 2554 2009 Nunc
2580 1954 2747 2020 enim,
2779 1964 2837 2008 ut
2860 1954 2967 2025 jam
3005 1954 3136 2017 dixi,
3169 1953 3406 2009 rationes
3436 1951 3590 2007 vobis
3636 1949 3875 2006 reddere

2280 2046 2451 2116 parati
2475 2062 2681 2103 sumus.
2723 2044 2782 2101 Si
2828 2059 3007 2100 autem
3055 2059 3212 2099 secus
3256 2059 3347 2100 res
3393 2057 3453 2099 se
3509 2043 3761 2108 baberct,
3816 2050 3877 2098 et

2279 2138 2325 2194 si
2354 2137 2607 2193 doctores
2637 2138 2909 2193 haberetis
2938 2144 3241 2206 corruptos,
3267 2136 3359 2207 qui
3388 2135 3565 2190 omnia
3612 2142 3878 2204 raperent

2280 2240 2337 2287 et
2359 2231 2503 2285 avari
2525 2240 2725 2295 essent,
2750 2244 2924 2300 neque
2946 2231 3022 2285 sic
3044 2230 3287 2301 purgatio
3302 2236 3477 2283 vestra
3501 2236 3651 2282 esset
3678 2243 3873 2281 eorum

2282 2322 2541 2393 nequitia.
2568 2321 2700 2377 Nam
2728 2323 2987 2391 benignus
3023 2322 3113 2376 ille
3136 2331 3192 2376 et
3220 2320 3648 2391 sapientissimus
3675 2319 3872 2386 unige-

2284 2419 2428 2472 nitus
2458 2417 2552 2473 Dei
2583 2417 2752 2472 Filius
2779 2417 2959 2470 omnia
2995 2415 3204 2480 videns,
3248 2417 3534 2484 sciensque
3563 2412 3707 2483 quod
3738 2428 3875 2466 con-

2284 2510 2453 2579 tingat
2494 2509 2693 2565 multos
2739 2509 2792 2563 in
2840 2508 3094 2564 diuturno
3142 2517 3385 2579 tempore
3426 2516 3480 2562 et
3527 2514 3677 2560 tanto
3726 2505 3877 2559 orbis

2283 2602 2457 2672 spatio
2482 2616 2604 2657 esse
2644 2600 2955 2658 sacerdotes
2982 2610 3305 2671 corruptos;
3335 2610 3392 2655 ut
3420 2614 3488 2655 ne
3517 2614 3615 2669 per
3655 2598 3874 2651 illorum

2284 2693 2563 2757 incuriam,
2595 2708 2780 2765 eorum
2812 2693 2901 2762 qui
2932 2692 3060 2763 ipsis
3089 2691 3284 2746 subditi
3334 2700 3460 2746 sunt
3492 2689 3741 2745 socordia
3779 2705 3875 2743 auc

2283 2794 2491 2855 geatur,
2518 2799 2731 2839 omnem
2754 2784 2950 2839 tollens
2975 2783 3311 2855 negligentia:
3335 2781 3739 2838 excusationem
3764 2781 3875 2835 ait:

2286 2878 2457 2948 Super
2488 2878 2785 2930 cathedram
2812 2874 3008 2945 Moysi:
3046 2876 3281 2929 sederunt
3308 2874 3488 2928 scriba
3511 2882 3557 2927 et
3595 2869 3875 2926 Pharisau'.

2287 2968 2475 3022 Omnia
2500 2983 2641 3038 ergo,
2670 2982 2785 3033 qui:
2822 2966 3045 3020 dixerint
3072 2966 3209 3019 vobis
3249 2968 3435 3035 facere,
3465 2963 3616 3034 facile
3640 2978 3659 3017 :
3688 2980 3878 3016 secun-

2283 3059 2406 3111 dum
2435 3074 2591 3127 opera
2630 3067 2799 3109 autem
2828 3056 3033 3110 illorum
3068 3072 3131 3109 ne
3175 3056 3374 3123 faciatis
3412 3053 3628 3124 (Matth.
3658 3054 3753 3108 εδ.
3783 3053 3876 3123 2);

2284 3148 2596 3215 ostendens,
2619 3146 2761 3217 quod
2792 3146 3001 3201 etiamsi
3022 3145 3295 3201 doctorem
3322 3143 3624 3214 improbum
3648 3142 3877 3208 habeas,

2285 3242 2417 3296 nihil
2444 3240 2539 3294 tibi
2565 3238 2822 3310 prodesse
2854 3238 3068 3307 poterit.
3110 3236 3211 3291 nisi
3243 3237 3308 3290 iis
3348 3252 3468 3306 quae
3507 3236 3764 3291 dicuntur
3792 3245 3880 3288 at-

2287 3333 2493 3389 tendas.
2528 3332 2710 3402 Neque
2738 3332 2879 3385 enim
2922 3329 2991 3384 ab
3028 3328 3094 3382 iis
3120 3343 3240 3397 quae
3268 3328 3459 3384 doctor
3485 3336 3739 3397 cperatus
3771 3337 3879 3389 est,

2285 3425 2381 3481 sed
2405 3425 2472 3478 ab
2495 3425 2558 3479 iis
2582 3438 2702 3493 qua:
2726 3421 2942 3485 audisti,
2968 3436 3067 3476 nec
3094 3419 3424 3489 obsequutus
3446 3418 3551 3474 illis
3573 3434 3669 3473 es:
3694 3418 3763 3473 ab
3797 3418 3881 3473 his

2287 3516 2382 3571 tibi
2407 3515 2672 3571 calculum
2703 3513 2843 3567 feret
2869 3512 3031 3566 Deus.
3066 3511 3246 3580 Itaque
3285 3510 3329 3565 si
3358 3525 3419 3564 ea
3450 3524 3572 3579 quae
3602 3520 3878 3579 prmcepta

2285 3617 2411 3663 sunt
2437 3607 2649 3669 feceris,
2681 3620 2803 3659 cum
2850 3603 3017 3658 multa
3050 3612 3173 3661 tunc
3198 3602 3366 3657 Stabis
3397 3602 3623 3667 fiducia;
3672 3603 3716 3655 si
3748 3618 3882 3657 vero

2286 3700 2445 3756 dictis
2473 3714 2578 3753 non
2606 3698 2936 3767 obsequutus
2961 3695 3145 3760 fueris,
3177 3696 3387 3750 etiamsi
3416 3696 3560 3748 mille
3587 3704 3881 3763 corruptos

2288 3791 2597 3846 sacerdotes
2626 3790 2901 3853 ostendas,
2936 3788 3070 3841 nihil
3095 3788 3197 3842 hoc
3228 3788 3321 3840 tibi
3347 3787 3606 3855 proderit.
3658 3784 3793 3838 Nam
3827 3792 3882 3837 et

2287 3879 2451 3933 ludas
2490 3879 2767 3946 apostolus
2792 3884 2941 3937 erat;
2974 3874 3078 3927 hoc
3123 3884 3301 3927 tamen
3349 3873 3480 3926 nihil
3510 3888 3769 3942 umquam
3798 3888 3884 3927 sa-

2290 3984 2503 4024 crorum
2523 3982 2584 4021 ex
2594 3967 2845 4036 pilatores
2861 3973 2915 4018 et
2935 3978 3126 4018 avaros
3144 3965 3441 4019 excusabit.
3467 3964 3652 4036 Neque
3684 3966 3886 4035 poterit

2290 4058 2413 4130 quis
2437 4066 2722 4111 accusatus
2747 4054 2930 4110 dicere
2965 4072 2978 4107 :
3009 4055 3295 4111 Enimvero
3320 4057 3594 4127 apostolus
3623 4057 3711 4113 fur
3736 4068 3877 4122 erat,

2291 4164 2565 4206 sacrorum
2590 4147 2853 4217 expilator
2875 4158 2928 4204 et
2956 4147 3195 4218 proditor
3223 4167 3238 4203 :
3262 4148 3357 4205 sed
3389 4149 3493 4205 hoc
3522 4166 3621 4206 nos
3644 4153 3880 4206 maxime

2290 4242 2554 4313 supplicio
2577 4239 2749 4296 tradet
2773 4250 2829 4295 et
2848 4239 3144 4306 damnabit,
3166 4241 3310 4312 quod
3335 4258 3440 4298 non
3468 4243 3698 4297 aliorum
3722 4244 3882 4297 malis

2290 4337 2359 4392 ad
2384 4351 2569 4390 sanam
2590 4344 2823 4389 mentem
2852 4334 3056 4389 reducti
3087 4334 3434 4390 simusteo
3458 4336 3601 4389 enim
3626 4337 3717 4390 illa
3745 4337 3881 4390 scri-

2292 4437 2381 4497 pta
2411 4433 2554 4491 stunt,
2606 4436 2663 4479 ut
2693 4425 2955 4495 fugiamus
2994 4424 3207 4479 illorum
3253 4425 3629 4479 imitationem.
3678 4426 3884 4478 Idcirco

2296 4518 2435 4572 hunc
2462 4527 2517 4573 et
2545 4519 2692 4572 illum
2723 4518 3111 4587 relinquentes,
3158 4513 3311 4569 nobis
3336 4514 3468 4582 ipsis
3496 4514 3842 4568 attendamus
3867 4530 3881 4565 :

2296 4611 2661 4677 unusquisque
2704 4608 2848 4663 enim
2895 4619 3135 4663 nostrum
3178 4619 3275 4676 pro
3321 4620 3382 4658 se
3420 4605 3687 4659 rationem
3732 4604 3883 4659 dabit

2296 4698 2431 4753 Deo.
2476 4698 2547 4752 Ut
2590 4713 2719 4768 ergo
2761 4700 2899 4753 hanc
2937 4700 3199 4753 rationem
3241 4709 3365 4763 cum
3411 4693 3551 4748 bona
3588 4692 3884 4749 "reddamus

2296 4792 2635 4862 purgatione,
2668 4800 2907 4845 nostram
2949 4802 3334 4862 componamus
3363 4787 3549 4855 vitam,
3595 4799 3649 4843 et
3678 4789 3882 4861 largam

2299 4898 2514 4940 manum
2541 4884 2724 4953 egenis
2753 4884 3090 4955 porrigamus
3119 4902 3132 4937 :
3164 4882 3399 4937 scientes
3423 4880 3559 4936 hanc
3580 4883 3751 4937 solam
3784 4900 3881 4940 no-

2296 4987 2463 5033 stram
2487 4989 2607 5030 esse
2627 4974 3017 5041 defensionem,
3044 4978 3088 5029 si
3116 4972 3463 5028 ostendamus
3492 4988 3591 5028 nos
3611 4988 3880 5047 praecepta

2297 5079 2445 5128 recte
2462 5077 2785 5138 exsequutos
2802 5084 2957 5133 esse;
2986 5066 3293 5135 nullamque
3313 5079 3439 5121 esse
3458 5066 3640 5122 aliam.
3662 5067 3720 5123 Si
3745 5070 3888 5123 hanc

2296 5163 2553 5219 exhibere
2580 5164 2868 5232 possimus,
2901 5156 3261 5215 intolerabiles
3288 5158 3409 5214 illos
3436 5159 3701 5230 gehennm
3724 5160 3887 5215 dolo«

2298 5271 2387 5312 res
2426 5255 2759 5326 ell'ugiemus,
2804 5265 2861 5310 et
2888 5253 3064 5307 futura
3108 5264 3504 5323 consequemur
3545 5250 3729 5307 bona:
3760 5262 3883 5318 quae

2299 5363 2397 5404 nos
2438 5364 2625 5405 omnes
2665 5348 2885 5418 adipisci
2920 5346 3211 5414 contingat,
3241 5346 3410 5416 gratia
3449 5354 3508 5400 et
3551 5343 3882 5411 benignitate

2300 5440 2511 5495 Domini
2559 5443 2725 5496 nostri
2771 5440 2899 5495 Jesu
2948 5436 3170 5503 Christi,
3219 5438 3435 5509 quicum
3475 5434 3620 5491 Patri
3671 5449 3882 5507 unaque

2299 5532 2521 5602 Spiritui
2571 5542 2757 5587 sancto
2801 5531 2991 5601 gloria,
3043 5530 3348 5600 imperium,
3407 5530 3599 5595 honor,
3642 5541 3786 5585 nunc
3832 5542 3881 5589 et

2300 5637 2533 5694 semper,
2563 5636 2617 5681 et
2641 5624 2694 5680 in
2719 5622 2913 5679 stecuIa
2939 5624 3281 5678 szeculorum.
3316 5625 3508 5677 Amen.
