4066 6332
140 315 239 371 179

137 430 245 483 ἀπὸ
284 429 561 498 πελάγους
602 432 809 487 κύαθον
844 433 959 506 δοίη
983 476 997 496 ,
1034 435 1123 487 καὶ
1165 436 1301 508 μηδέ
1330 436 1509 507 χήρας
1538 451 1730 503 γυναι-

139 513 231 575 κδς
264 515 679 585 μεγαλοψυχίαν
726 517 1014 590 ζηλώσῃς;
1064 521 1183 583 πῶς
1228 521 1286 573 δὲ
1337 522 1506 587 ἐρεῖς,
1530 519 1728 585 Κύριε,

134 597 400 677 έλέησόν
420 616 500 666 με
527 601 682 653 κατὰ
708 601 776 655 τό
803 602 958 670 μέγα
984 601 1158 669 ἔλεός
1182 619 1323 666 σου,
1357 602 1458 657 καί
1481 603 1634 657 κατὰ
1662 600 1731 653 τὸ

134 679 373 749 πλῆθος
393 683 514 735 τῶν
531 686 851 755 οἰκτιρμῶν
870 702 988 740 σου
1007 685 1339 756 ἐξάλειψον
1359 687 1426 740 τὸ
1449 684 1732 754 ἁνόμημά

127 779 269 831 μου·
304 767 367 818 ού
401 768 547 820 κατά
583 769 645 821 τὸ
686 771 830 838 μέγα
875 770 1027 833 ἔλεος
1064 771 1227 835 αὑτὸς
1264 771 1453 836 ἐλεῶν,
1488 769 1632 838 τάχα
1671 768 1730 821 δὲ

129 845 253 898 οὐδὲ
284 849 432 901 κατά
459 850 519 902 τὸ
547 852 787 922 μικρόνς
829 855 941 907 Καὶ
975 853 1081 925 γὰρ
1114 853 1325 921 σφόδρα
1371 850 1727 922 αἰσχύνομαι.

127 929 259 981 ὅταν
287 931 385 984 ῖδω
414 932 648 996 πολλοὺς
673 935 784 989 τῶν
807 935 1185 989 πλουτούντων
1209 937 1296 1004 ἐφ’
1322 935 1506 988 ἵππων
1530 950 1728 1004 χρυσο-

128 1014 364 1082 χαλίνων
413 1018 789 1087 φερομένους,
842 1020 938 1072 καὶ
990 1019 1209 1082 οίκέτας
1253 1016 1729 1090 χρυσοφοροῦντας

126 1099 601 1170 ἐπισυρομένους,
636 1103 732 1155 καὶ
787 1102 976 1166 κλίνας
1025 1104 1279 1173 ἀργυρᾶς
1331 1101 1576 1172 ἔχοντας.
1632 1100 1728 1153 καὶ

126 1182 323 1253 ἑτέραν
357 1182 583 1236 πλείονα
612 1184 937 1253 φαντασίαν,
977 1187 1071 1238 καὶ
1093 1186 1261 1256 ἡνίκα
1304 1184 1372 1238 ἂν
1413 1184 1609 1254 πένητι
1630 1182 1727 1253 δέῃ

126 1270 457 1336 παρασχεῖν,
481 1266 592 1321 τῶν
623 1268 830 1338 σφόδρα
864 1271 1115 1340 πενήτων
1156 1268 1537 1338 πτωχοτέρους
1574 1280 1725 1333 γινο-

126 1352 350 1420 μένους.
396 1352 560 1406 Ἀλλά
602 1354 689 1417 τίς
734 1355 764 1405 6
807 1354 977 1417 πολὺς
1021 1354 1204 1407 αὑτῶν
1233 1352 1433 1420 λόγος;
1479 1351 1634 1421 Ἔχει
1665 1349 1726 1401 τὸ

124 1434 303 1486 κοινὸν
333 1434 437 1503 τῆς
466 1434 818 1503 Ἐκκλησίας,
849 1437 1005 1506 φησί.
1043 1436 1153 1489 Καὶ
1180 1435 1231 1487 τί
1261 1434 1420 1487 τοῦτο
1450 1433 1590 1504 πρὶς
1621 1433 1721 1498 σέ;

123 1517 242 1570 οὑδέ
278 1516 412 1588 γὰρ,
442 1518 538 1571 ἐὰν
566 1516 678 1585 ἐγὼ
703 1518 799 1581 δῶ,
844 1521 910 1573 σὺ
952 1517 1243 1587 διεσώθης·
1277 1518 1387 1569 οὐδ’
1421 1516 1491 1569 ἀν
1519 1518 1553 1586 ἡ
1597 1515 1723 1568 Ἐκ-

124 1604 325 1672 κλησία
368 1606 653 1676 παράσχῃ,
700 1606 765 1658 σὺ
815 1604 885 1658 τὰ
925 1605 1304 1676 ἁμαρτήματα
1334 1602 1627 1672 ἐξήλειψας
1654 1600 1722 1652 τὰ

125 1692 210 1743 σά.
250 1690 316 1742 El
347 1692 457 1760 γὰρ
481 1700 500 1720 ·
536 1690 626 1743 διά
646 1688 805 1742 τοῦτο
831 1690 892 1741 οὐ
926 1688 1107 1752 δίδως,
1136 1688 1324 1760 ἐπειδὴ
1354 1690 1386 1759 ἡ
1423 1686 1723 1757 Ἐκκλησία

124 1776 331 1843 ὀφείλει
380 1776 566 1828 δοῦναι
617 1778 730 1837 τοῖς
776 1774 1087 1845 δεομένοις·
1135 1774 1323 1846 ἐπειδὴ
1371 1772 1622 1843 εὔχονται
1672 1774 1721 1824 οί

124 1860 320 1928 ἱερεῖς,
357 1858 422 1911 σὺ
456 1858 557 1911 οὑκ
597 1857 729 1928 εῦξῃ
779 1857 943 1924 ποτέ;
992 1858 1088 1910 καὶ
1134 1858 1322 1927 ἐπειδὴ
1368 1854 1720 1928 νηστεύουσιν

124 1943 326 2011 ἕτεροι,
361 1942 425 1994 σὺ
458 1940 780 2011 μεθυσθήσῃ
824 1940 1094 2009 διηνεκῶς
1119 1960 1135 2008 ;
1160 1943 1268 1994 οὐκ
1306 1936 1486 2002 οἶσθα,
1512 1940 1595 1992 δτι
1625 1939 1722 2008 οὐχ

121 2027 262 2078 οῦτω
284 2025 378 2079 διὰ
407 2026 534 2086 τοὺς
570 2025 809 2093 πένητας
850 2025 921 2077 τὰ
955 2024 1086 2094 περὶ
1111 2022 1487 2094 ἐλεημοσύνης
1530 2024 1723 2092 ἐνομο-

118 2108 353 2180 θέτησεν
396 2108 425 2158 6
458 2106 621 2169 Θεὸς,
678 2106 753 2167 ὡς
799 2106 867 2158 δι’
912 2105 1115 2168 αὑτοὺς
1164 2106 1292 2170 τοὺς
1341 2107 1717 2175 παρέχονταςς

134 2190 272 2242 Ἀλλ’
316 2187 645 2251 ὑποπτεύεις
680 2188 770 2241 τὸν
816 2187 1002 2260 ἱερέας
1052 2188 1312 2242 Μάλιστα
1360 2189 1461 2259 μὲν
1506 2187 1718 2257 χαλεπὴ

121 2274 206 2326 καὶ
234 2272 404 2326 τοῦτο
437 2272 705 2344 ἁμαρτία·
740 2270 879 2343 πλὴν
902 2271 1057 2325 οὐδὲν
1088 2272 1558 2344 ἀκριϐολογοῦμαι
1577 2289 1589 2301 ·
1630 2272 1719 2325 διά

122 2355 320 2409 σαυτοῦ
351 2357 533 2409 πάντα
572 2358 737 2419 ποίει,
775 2355 871 2409 καὶ
898 2352 1122 2408 διπλοῦν
1155 2355 1299 2408 οὕτω
1327 2354 1597 2426 καρπώσῃ
1627 2354 1718 2406 τὸν

122 2440 334 2509 μισθόν.
365 2440 479 2494 Καὶ
500 2438 612 2511 γὰρ
639 2439 786 2511 ἀπερ
808 2440 969 2509 ἡμεῖς
990 2439 1131 2510 ὑπὲρ
1156 2438 1529 2510 ἐλεημοσύνης
1559 2438 1718 2506 λέγον

120 2539 248 2591 μεν,
298 2524 403 2592 οὐχ
437 2522 524 2575 ῖνα
573 2523 707 2592 ἡμῖν
760 2522 1123 2595 προσαγάγῃς
1177 2522 1453 2593 λέγομεν,
1482 2522 1602 2575 ἀλλ’
1632 2522 1719 2573 Eva

118 2604 278 2667 αὑτὸς
307 2604 398 2657 διά
426 2606 626 2657 σαυτοῦ
671 2605 951 2676 διακονῇς.
998 2607 1156 2676 Ἐμοὶ
1192 2606 1292 2677 μὲν
1324 2606 1437 2676 γὰρ
1471 2605 1714 2676 προσφέ-

119 2707 247 2761 ρων,
300 2688 438 2751 ἴσως
486 2690 580 2741 καὶ
623 2688 907 2759 κενοδοξία
960 2688 1168 2761 ἀλώσῃ,
1216 2688 1482 2753 πολλάκις
1521 2690 1579 2743 δέ
1622 2691 1717 2749 καὶ

119 2770 531 2835 σκανδαλισθεὶς
559 2771 839 2843 ἀπελεύσῃ
880 2770 958 2843 τῷ
996 2771 1214 2843 πονηρά
1247 2771 1617 2826 ὑποπτεῦσαι·
1649 2772 1716 2826 ἂν

115 2854 167 2906 δὲ
194 2853 261 2905 δι’
303 2854 515 2907 ἑαυτῶν
566 2854 745 2909 πάντα
786 2857 1007 2927 ποιῆτε,
1048 2855 1145 2908 καὶ
1184 2853 1499 2909 σκανδάλων
1539 2856 1708 2909 ἀπαλ-

117 2936 420 3005 λαγήσεσθε
455 2938 552 2991 καὶ
582 2938 820 3007 ὑποψίας
850 2939 1057 2992 ἀτόπου
1077 2978 1093 2992 .
1140 2939 1234 2992 καὶ
1277 2938 1483 2993 πλείων
1527 2939 1657 3009 ὑμῖν
1686 2940 1716 2992 6

117 3019 328 3087 μισθός.

173 3101 317 3168 ζ’.ού
343 3103 525 3157 τοίνυν
548 3104 939 3175 ἐκϐιαζόμενος
959 3105 1104 3176 ὑμᾶς
1125 3104 1363 3159 ἐνταῦθα
1382 3106 1633 3177 κομίζειν
1647 3104 1716 3159 τά

116 3188 393 3257 χρήματα,
426 3189 605 3243 ταῦτα
626 3190 792 3257 λέγω,
816 3189 939 3242 οὑδέ
964 3189 1295 3258 ἀγανακτῶν
1318 3190 1461 3261 ὑπὲρ
1484 3190 1595 3244 τῶν
1616 3207 1715 3244 κα-

114 3270 222 3334 κῶς
252 3271 565 3326 ἀκουόντων
598 3273 813 3343 ἱερέων.
878 3273 942 3326 El
970 3274 1079 3345 γὰρ
1113 3275 1448 3342 ἀγανακτεῖν
1484 3273 1592 3345 χρὴ
1618 3275 1715 3328 καὶ¹

117 3352 318 3421 ἀλγεῖν,
355 3354 501 3425 ὑπὲρ
531 3356 688 3425 ὑμῶν
714 3355 904 3425 ἀλγεῖν
942 3355 1025 3408 δεῖ
1052 3355 1162 3409 τῶν
1195 3356 1465 3424 λεγόντων
1502 3358 1707 3421 κακῶς.

117 3434 263 3508 [190]
284 3437 408 3501 Τοῖς
435 3438 537 3508 μέν
559 3438 668 3509 γὰρ
700 3438 996 3494 ἀκούουσιν
1023 3440 1147 3511 είκῆ
1183 3440 1277 3492 καὶ
1305 3440 1485 3511 μάτην
1523 3442 1713 3505 κακῶς

116 3522 144 3572 6
169 3522 357 3591 μισθὸς
392 3522 621 3592 μείζων,
655 3526 770 3587 τοῖς
810 3523 869 3581 δὲ
896 3523 1117 3593 λέγουσι
1140 3525 1203 3578 τὸ
1245 3527 1424 3596 κρῖμα
1448 3526 1544 3579 καὶ
1567 3527 1600 3596 ἡ
1626 3542 1710 3578 τι-

124 3606 299 3673 μωρία
332 3604 634 3675 βαρυτέρα.
666 3606 741 3660 Οὐ
774 3606 957 3663 τοίνυν
978 3608 1118 3680 ὑπὲρ
1141 3608 1324 3663 αὐτῶν
1343 3606 1517 3663 ταῦτα
1544 3608 1710 3678 λέγω,

124 3686 228 3737 ἀλλ’
261 3688 414 3757 ὑμῶν
464 3690 767 3759 κηδόμενος
814 3692 911 3744 καὶ
961 3692 1285 3763 φροντίζων.
1338 3692 1403 3745 Τί
1434 3693 1541 3764 γάρ
1584 3693 1709 3747 θαυ-

128 3772 344 3838 μαστὸν,
395 3772 443 3826 εί
502 3773 598 3825 ἐπὶ
626 3773 729 3844 τῆς
758 3776 954 3842 γενεᾶς
990 3792 1135 3839 τινες
1166 3774 1566 3830 ὑποπτεύονται
1612 3778 1712 3847 τῆς

122 3857 411 3926 ἡμετέρας,
440 3858 576 3909 ὅπου
622 3874 685 3925 γε
717 3858 946 3911 ἐπὶτῶν
981 3859 1155 3927 ἁγίων
1189 3859 1413 3913 ἐκείνων
1449 3861 1559 3914 τῶν
1585 3863 1712 3925 τοὺς

124 3940 380 4008 ἀγγέλους
404 3942 828 4012 μιμησαμένων,
850 3942 957 3996 τῶν
991 3944 1142 3997 οὐδὲν
1176 3944 1307 3998 ίδιον
1334 3946 1710 4015 κεκτημένων,

123 4025 225 4077 τῶν
252 4026 570 4079 ἀποστόλων
602 4026 767 4095 λέγω,
815 4028 1134 4097 γογγυσμὸς
1174 4024 1242 4099 ῆν
1276 4030 1335 4082 ἐν
1365 4032 1430 4101 τῇ
1464 4030 1711 4103 διακονίᾳ

123 4108 224 4159 τῶν
262 4108 468 4180 χηρῶν.
501 4110 590 4162 ὅτι
614 4109 1072 4180 παρεθεωροῦντο
1106 4113 1155 4164 οί
1200 4112 1453 4183 πένητες,
1491 4115 1580 4167 ὅτε
1623 4114 1713 4167 ού-

124 4190 226 4255 δείς
255 4211 304 4247 τι
328 4194 441 4246 τῶν
462 4194 823 4265 ὑπαρχόντων
847 4193 999 4264 αὐτῷ
1026 4194 1215 4263 ἔλεγεν
1241 4195 1372 4250 ῖδιον
1408 4192 1569 4263 εἶναι,
1593 4197 1710 4250 ἀλλ’

124 4267 187 4342 ἦν
213 4276 389 4340 αὐτοῖς
432 4276 652 4331 ἅπαντα
690 4277 885 4341 κοινάς
921 4277 1013 4348 Μὴ
1059 4277 1123 4349 δὴ
1154 4279 1359 4342 ταύτας
1390 4279 1710 4351 προϐαλλὼ-

130 4357 260 4425 μεθα
276 4360 372 4424 τάς
401 4361 730 4430 προφάσεις,
758 4361 896 4432 μηδέ
919 4360 1219 4427 ἀπολογίαν
1240 4358 1379 4416 εἶναι
1400 4362 1712 4435 νομίζωμεν

124 4440 181 4493 τὸ
210 4444 302 4512 τὴν
317 4444 649 4515 Ἐκκλησίαν
693 4442 868 4497 πολλά
904 4444 1235 4514 κεκτῆσθαι.
1271 4446 1442 4498 Ὅταν
1474 4446 1585 4517 γάρ
1613 4447 1712 4517 τῆς

125 4524 298 4588 οὐσίας
330 4526 504 4597 αὐτῆς
528 4520 592 4580 τὸ
621 4527 855 4597 μέγεθος
890 4526 1034 4600 ῐδῃς,
1068 4528 1323 4597 ἐννόησον
1356 4528 1451 4581 καὶ
1480 4529 1591 4582 τῶν
1622 4532 1712 4598 ἐγ-

128 4610 517 4681 γεγραμμένων
549 4612 802 4681 πενήτων
830 4609 927 4673 τάς
954 4611 1183 4679 ἀγέλας,
1229 4611 1337 4664 τῶν
1366 4612 1713 4683 ἀρρωστούν-

127 4705 227 4743 των
260 4693 326 4747 τά
355 4692 558 4764 πλήθη,
590 4688 700 4745 τῶν
729 4693 943 4765 μυρίων
966 4692 1246 4765 χορηγιῶν
1274 4694 1374 4759 τὰς
1400 4695 1707 4760 ὑποθέσεις·

132 4777 500 4851 περιέργασαι,
535 4776 1094 4850 πολυπραγμόνησον,
1135 4779 1310 4843 οὐδεὶς
1352 4782 1380 4833 6
1425 4780 1708 4843 κωλύσων,

133 4857 260 4913 ἀλλὰ
288 4863 379 4915 καὶ
411 4862 622 4931 ἕτοιμοι
655 4860 815 4929 λόγον
845 4862 973 4932 ὑμῖν
1008 4866 1334 4935 παρασχεῖν.
1368 4863 1514 4934 Πλὴν
1541 4864 1711 4934 ὑπερ.

133 4937 282 5011 ϐολήν
309 4942 640 5017 ποιήσασθαι
675 4942 960 5015 βούλομαι.
996 4946 1166 4998 Ὅταν
1199 4947 1309 5020 γάρ
1332 4947 1710 5019 παράσχωμεν

132 5024 223 5088 τάς
252 5026 500 5094 εὐθύνας,
528 5028 624 5084 καὶ
645 5026 912 5099 δείξωμεν
943 5027 1046 5082 οὑκ
1075 5028 1339 5082 ἐλάττονα
1376 5030 1480 5099 τῆς
1539 5047 1710 5102 προσ-

129 5107 239 5161 όδου
266 5110 363 5179 τὴν
389 5111 637 5183 δαπάνην
663 5109 850 5177 οὖσαν,
904 5111 1020 5165 ἀλλ’
1047 5110 1195 5164 ἐστιν
1232 5113 1366 5165 ὅπου
1394 5113 1489 5166 καὶ
1513 5113 1705 5181 πλείω,

132 5190 287 5262 ἡδέως
308 5192 373 5246 ἀν
398 5192 548 5263 ὑμᾶς
581 5196 760 5251 έκεῖνο
797 5195 1047 5267 ἀροίμην·
1082 5194 1245 5266 ἡνίκα
1283 5194 1349 5250 ἂν
1378 5196 1707 5269 ἀπέλθωμεν

133 5277 255 5340 ἐκεῖ,
275 5276 365 5330 καὶ
384 5274 712 5347 ἀκούσωμεν
731 5279 828 5333 τοῦ
853 5276 1091 5351 Χριστοῦ
1111 5278 1384 5347 λέγοντος,
1402 5279 1709 5337 Πεινῶντά

136 5377 199 5425 με
239 5360 453 5428 είδετε,
510 5361 610 5415 καί
660 5364 773 5417 οὐκ
819 5364 1142 5434 ἐθρέψατε,
1198 5363 1452 5433 γυμνόν,
1501 5366 1598 5419 καί
1633 5370 1707 5424 οὐ

137 5445 515 5511 τερα-ϐάλετε,
535 5444 588 5497 τί
614 5444 849 5516 ἐροῦμεν
872 5464 888 5513 ;
914 5449 968 5501 τί
1001 5450 1056 5503 δὲ
1081 5447 1572 5517 ἀπολογησόμεθας
1602 5453 1707 5506 Τὸν

136 5524 271 5581 δεῖνα
298 5531 387 5583 καὶ
434 5528 527 5582 τὸν
555 5526 707 5582 δεῖνα
736 5529 818 5592 είς
849 5530 1013 5599 μέσον
1040 5533 1260 5603 οἴσομεν
1292 5531 1385 5585 τὸν
1417 5533 1707 5605 παρακού-

142 5625 296 5664 σαντα
312 5613 536 5672 τούτων.
581 5614 675 5668 καί
715 5630 867 5677 τινας
898 5614 1009 5670 τῶν
1054 5616 1249 5688 ἱερέων
1282 5616 1389 5671 τῶν
1408 5618 1703 5689 ὑπόπτων;

193 5758 208 5779 ⁸
241 5755 472 5810 Ποσσιτί
503 5762 607 5825 γάρ.

1142 320 1206 376 ΙΝ
1252 318 1474 377 EPIST.
1510 320 1532 374 l
1601 320 1693 377 AD
1724 318 1884 377 (ΞΟΠ.
1929 317 2169 375 HOMIL.
2212 318 2349 376 XXI.

3324 319 3431 373 180

1834 433 1943 485 Καὶ
1970 434 2023 485 τί
2047 433 2207 486 τοῦτο
2241 435 2381 508 πρὸς
2418 433 2518 493 σέ;
2554 431 2665 503 ἐγὼ
2698 436 2807 502 γάρ
2840 450 2923 486 σοι
2957 429 3198 497 ἐγκαλῶ,
3226 433 3420 499 φησὶν,

1834 516 1978 585 άπερ
2034 516 2198 579 αὑτὸς
2229 518 2498 587 ἥμαρτες.
2548 517 2839 585 Ἀπολογία
2892 516 2952 569 δέ
2998 515 3207 568 τούτων
3256 514 3317 567 τὸ
3356 518 3425 567 τὰ

1831 600 2007 651 οίκεῖα
2040 599 2445 654 ἀπολούσασθαι
2478 602 2875 671 ἁμαρτήματα,
2905 599 2967 653 οὑ
3000 598 3064 650 τὸ
3096 596 3268 661 δεῖξαι
3307 596 3419 650 ἐτέ-

1834 698 1961 750 ρους
2004 683 2074 736 τά
2124 684 2267 739 αὑτά
2317 701 2399 738 σοι
2447 683 3008 755 πεπλημμεληκότας.
3073 681 3190 736 Καὶ
3248 681 3360 752 γάρ
3390 684 3425 749 ἡ

1846 764 2144 832 Ἐκκλησία
2176 765 2265 819 διὰ
2289 768 2388 837 τὴν
2418 767 2693 837 ὑμετέραν
2718 764 3071 838 μικρολογίαν
3092 764 3236 833 ἔχειν
3262 765 3425 829 ἀναγ-

1831 846 2059 911 κάζεται
2100 850 2246 919 ἅπερ
2279 849 2393 919 ἔχει
2424 850 2542 903 νῦν·
2587 850 2664 913 ὡς
2688 850 2743 904 εί
2769 867 2836 919 γε
2862 848 3005 903 κατά
3030 848 3159 910 τοὺς
3186 848 3423 901 ἀποστο-

1830 929 2013 995 λικοὺς
2047 934 2227 987 πάντα
2255 934 2528 1004 ἔπραττον
2554 934 2775 1004 νόμους,
2801 931 3069 1004 πρόσοδον
3087 931 3255 1000 αὐτῆς
3280 924 3422 981 εἶναι

1829 1014 1999 1085 ἐχρῆν
2024 1016 2124 1087 τὴν
2153 1016 2429 1087 ὑμετέραν
2467 1017 2716 1087 γνώμην,
2750 1015 2780 1070 δ
2822 1016 2919 1070 καὶ
2962 1014 3211 1084 ταμιεῖον
3243 1012 3423 1079 ἀσφα-

1828 1095 1918 1160 λὲς
1954 1099 2021 1152 ἀν
2044 1094 2113 1164 ἦν
2133 1101 2230 1152 καὶ
2256 1100 2533 1165 ἀνάλωτος
2561 1099 2858 1171 θησαυρός.
2886 1096 3004 1151 Νῦν
3035 1097 3093 1150 δέ
3115 1097 3244 1149 ὅταν
3264 1094 3422 1164 ὑμεῖς

1831 1181 1931 1249 μὲν
1966 1182 2340 1255 θησαυρίζητε
2384 1184 2480 1237 ἐπὶ
2521 1184 2625 1253 τῆς
2666 1183 2791 1252 γῆς,
2840 1183 2938 1234 καί
2989 1179 3168 1233 πάντα
3218 1179 3275 1231 ἐν
3308 1177 3421 1239 τοῖς

1827 1264 2102 1332 ταμιείοις
2124 1266 2456 1336 ἀποκλείητε
2475 1267 2587 1330 τοῖς
2610 1265 2920 1336 ὑμετέροις,
2939 1260 3078 1331 αὕτη
3101 1261 3159 1313 δὲ
3186 1258 3423 1326 ἀναγκά-

1829 1346 1992 1417 ζηται
2020 1348 2270 1420 δαπανᾷν
2302 1350 2488 1422 χηρῶν
2533 1348 2841 1415 συλλόγοις,
2882 1343 3169 1416 παρθένων
3214 1342 3420 1412 χοροῖς,

1828 1428 1999 1493 ξένων
2025 1431 2371 1502 ἐπιδημίαις,
2404 1432 2838 1504 ἀποδημούντων
2871 1425 3289 1496 ταλαιπωρίαις,
3329 1424 3419 1477 δε-

1829 1515 2065 1584 σμωτῶν
2091 1520 2420 1590 συμφοραῖς,
2444 1518 2877 1591 ἀρρωστούντων
2904 1514 2998 1569 καὶ
3023 1509 3418 1579 λελωϐημένων

1826 1597 2116 1666 ἀνάγκαις,
2139 1601 2359 1670 ἑτέραις
2374 1601 2653 1663 τοιαύταις
2679 1600 3008 1673 προφάσεσι,
3043 1596 3095 1648 τί
3115 1595 3195 1646 δεῖ
3216 1594 3415 1653 ποιεῖν;

1826 1682 2270 1754 ἀποστρέφεσθαι
2300 1687 2524 1749 τούτους
2542 1687 2814 1748 ἅπαντας,
2831 1683 2923 1736 καὶ
2944 1678 3233 1741 τοσούτους
3252 1691 3419 1746 προσ·

1823 1763 2000 1833 χῶσαι
2035 1764 2295 1835 λιμένας;
2331 1769 2427 1819 καὶ
2451 1768 2535 1831 τίς
2562 1768 2629 1821 ἂν
2659 1768 2772 1835 τοῖς
2801 1765 3109 1836 γινομένοις
3136 1758 3419 1827 ναυαγίοις

1823 1847 2077 1916 ἀρκέσειε
2099 1865 2114 1911 ;
2141 1853 2256 1911 τοῖς
2276 1851 2692 1920 ὀδυρμοῖςντοῖς
2722 1849 2963 1920 θρήνοις,
2990 1848 3109 1908 ταῖς
3148 1843 3416 1912 οἰμωγαῖς

1823 1932 1943 1993 ταῖς
1978 1932 2317 2002 πανταχόθεν
2358 1934 2721 2004 φερομέναις;
2766 1933 2859 2001 Μὴ
2906 1930 3086 1983 τοίνυν
3124 1924 3326 2003 ,ἁπλῶς
3355 1920 3419 1975 τδ

1824 2010 1979 2066 ἐπιὸν
2017 2014 2407 2086 φθεγγώμεθα.
2440 2017 2555 2071 Νῦν
2578 2018 2677 2087 μὲν
2709 2016 2841 2087 γὰρ,
2870 2017 3009 2085 ὅπερ
3036 2010 3205 2082 ἔφθην
3224 2006 3412 2068 εἰπὼν,

1823 2099 1918 2150 καὶ
1962 2097 2063 2162 τάς
2092 2100 2329 2165 εὐθύνας
2351 2105 2660 2172 παρασχεῖν
2689 2101 2819 2171 ὑμῖν
2852 2092 3084 2169 ἕτοιμοι·
3121 2097 3173 2149 εί
3219 2091 3413 2172 δέγκαὶ

1822 2176 2133 2230 τούναντίον
2153 2174 2241 2249 ἡν.
2266 2182 2364 2232 καὶ
2387 2180 2819 2250 διεφθαρμένους
2847 2177 3026 2248 εἴχετε
3058 2171 3415 2231 διδασκάλους

1822 2259 1917 2310 καὶ
1970 2259 2146 2313 πάντα
2197 2262 2550 2330 ἁρπάζοντας
2609 2261 2704 2314 καὶ
2751 2258 3250 2320 πλεονεκτοῦντας,
3293 2253 3414 2307 οὑδὲ

1819 2339 1995 2404 οὕτως
2023 2344 2152 2412 ὑμῖν
2177 2344 2443 2414 ἀπολογία
2485 2347 2520 2415 ἡ
2554 2345 2781 2399 ἐκείνων
2823 2342 3061 2415 πονηρία
3087 2337 3178 2413 ἦν.
3215 2340 3276 2390 ’θ
3303 2337 3415 2408 γὰρ

1818 2425 2205 2498 φιλάνθρωπος
2251 2430 2346 2482 καὶ
2400 2433 2710 2500 πάνσοφος,
2751 2431 2779 2483 6
2816 2428 3112 2499 μονογενὴς
3155 2424 3288 2487 Υἱὸς
3316 2420 3413 2476 τοῦ

1819 2509 1975 2575 θεοῦ,
2025 2512 2054 2562 6
2107 2512 2287 2567 πάντα
2322 2512 2485 2583 δρῶν,
2521 2514 2615 2568 καὶ
2640 2511 2797 2577 είδὼς
2829 2514 2912 2566 ὅτι
2951 2508 3243 2582 συμϐαίνει
3282 2505 3413 2559 πολ-

1818 2591 1943 2659 λοὺς
1975 2596 2031 2648 ἐν
2050 2592 2203 2668 [191]
2227 2595 2307 2668 τῷ
2336 2596 2534 2669 μακρῷ
2565 2597 2743 2667 χρόνῳ
2770 2598 2863 2649 καὶ
2884 2598 2952 2668 τῇ
2973 2592 3214 2665 τοσαύτῃ
3234 2591 3413 2644 οἰκου-

1822 2677 1961 2751 μένῃ
2006 2678 2191 2750 ἱερέας
2217 2680 2472 2748 γενέσθαι
2504 2680 2957 2752 διεφθαρμένους·
3001 2679 3089 2731 ἵνα
3132 2676 3206 2747 μὴ
3241 2677 3274 2745 ἡ
3303 2673 3414 2726 τῶν

1819 2759 2144 2830 ἀρχομένων
2196 2762 2443 2835 ῥᾳθυμία
2507 2764 2844 2834 ἐπιτείνὴται
2898 2760 2989 2814 διὰ
3035 2762 3135 2830 τῆς
3186 2758 3412 2810 ἐκείνων

1817 2842 2130 2913 ὀλιγωρίας,
2148 2847 2331 2899 πᾶσαν
2354 2846 2594 2917 ἀναιρῶν
2619 2845 2921 2914 ἀπολογίαν
2946 2841 3242 2915 ῥᾳθυμίας,
3278 2839 3408 2892 Ἐπὶ

1816 2924 1928 2992 τῆς
1954 2925 2252 2996 καθέδρας
2276 2928 2597 2995 Μωῡσέως,
2628 2928 2817 2998 φησὶν,
2838 2926 3129 2981 ἐκάθισαν
3156 2926 3210 2975 οἱ
3233 2939 3413 2991 Wa!“

1812 3008 2025 3077 ματεῖς
2066 3011 2162 3063 καί
2191 3013 2245 3064 οί
2273 3011 2605 3079 Φαρισαῖοι·
2645 3009 2843 3063 πάντα
2886 3004 3022 3072 οὖν,
3059 3007 3177 3061 ὅσα
3204 3005 3282 3058 ἂν
3306 3004 3411 3058 .λέ-

1816 3108 2003 3160 τωσιν
2025 3094 2170 3163 ὑμῖν
2197 3095 2413 3158 ποιεῖν,
2436 3092 2676 3149 ποιεῖτε·
2703 3092 2854 3146 κατὰ
2872 3092 2941 3145 δὲ
2962 3090 3032 3145 τὰ
3056 3090 3200 3159 ἔργα
3214 3087 3415 3141 αὐτῶν

1815 3174 1899 3244 μὴ
1922 3177 2167 3231 ποιεῖτε·
2192 3178 2410 3240 δεικνὺς
2434 3180 2517 3231 ὅτι
2542 3178 2647 3231 κᾶν
2668 3176 2994 3231 διδάσκαλον
3021 3174 3151 3245 ἔχῃς
3181 3171 3408 3243 φαῦλον,

1815 3261 1969 3314 οὐδέν
2004 3278 2065 3314 σε
2089 3261 2250 3314 τοῦτο
2286 3262 2479 3331 ὀνῆσαι
2530 3262 2851 3332 δυνήσεται,
2894 3259 2960 3313 ἀν
3010 3258 3084 3329 μὴ
3132 3256 3411 3327 προσέχῃς

1816 3346 1929 3407 τοῖς
1953 3343 2288 3414 λεγομένοις.
2319 3346 2394 3399 Οὐ
2417 3346 2523 3416 γάρ
2550 3346 2643 3413 ἀφ’
2663 3338 2738 3397 ὧν
2755 3344 2784 3395 6
2801 3340 3118 3404 διδάσκαλος
3147 3339 3408 3410 ἔπραξεν,

1818 3426 1954 3479 ἀλλά
1982 3426 2075 3494 ἀφ’
2103 3419 2179 3479 ὧν
2213 3427 2453 3491 ἀκούσας
2494 3428 2888 3499 παρήκουσας,
2933 3424 3041 3478 ἀπὸ
3077 3422 3285 3476 τούτων
3326 3438 3410 3474 σοι

1816 3508 1973 3581 φέρει
2007 3509 2107 3573 τάς
2135 3509 2350 3583 ψήφους
2384 3512 2413 3564 6
2459 3506 2611 3574 Θεός.
2654 3510 2815 3563 ’Ὥστε
2862 3509 2957 3561 ὲάν
3003 3506 3100 3577 μὲν
3148 3508 3305 3576 ποιῇς
3335 3505 3403 3558 τά

1816 3593 2242 3664 ἐπιτεταγμένα,
2288 3595 2427 3664 μετὰ
2474 3594 2676 3664 πολλῆς
2702 3594 2827 3646 τότε
2858 3592 3033 3663 στήσῃ
3061 3590 3164 3658 τῆς
3195 3590 3401 3661 παρρη-

1818 3677 1958 3740 σίας·
1985 3676 2051 3731 ἂν
2084 3677 2141 3730 δὲ
2172 3676 2531 3750 παρακούσῃς
2557 3677 2667 3728 τῶν
2687 3675 3016 3746 λεγομένων.
3038 3673 3144 3726 κάν
3177 3672 3403 3742 μυρίους

1820 3758 2000 3828 ἱερέας
2017 3757 2451 3830 διεφθαρμένους
2472 3756 2671 3829 δείξῃς,
2691 3757 2845 3811 οὐδέν
2870 3775 2962 3811 σου
2984 3755 3143 3810 τοῦτο
3166 3756 3405 3825 προστή-

1817 3857 1989 3895 σεται.
2037 3840 2191 3894 Ἐπεὶ¹
2232 3841 2326 3894 καὶ
2386 3841 2587 3904 Ἰούδας
2614 3840 2909 3903 ἀπόστολος
2958 3835 3046 3909 ἡν,
3095 3838 3210 3892 ἀλλ’
3257 3838 3408 3908 ὅμως

1814 3924 1968 3979 οὐδὲν
1988 3924 2147 3979 τοῦτο
2168 3926 2307 3999 ὑπὲρ
2330 3926 2438 3980 τῶν
2463 3924 2751 3996 ἱεροσύλων
2772 3926 2868 3977 καὶ
2891 3921 3245 3993 φιλαργύρων
3267 3922 3404 3973 ἀπο-

1814 4007 2107 4081 λογήσεται
2141 4027 2293 4064 ποτε.
2338 4009 2472 4063 Οὐδὲ
2527 4006 2816 4079 δυνήσεταί
2870 4024 2955 4069 τις
3004 4003 3405 4074 ἐγκαλούμενος

1812 4093 1990 4164 λέγειν
2018 4096 2098 4149 ὄτι
2126 4134 2141 4157 ,
2196 4094 2308 4148 Καὶ
2361 4095 2470 4165 γὰρ
2506 4096 2534 4147 6
2581 4092 2881 4155 ἀπόστολος
2912 4089 3152 4161 κλέπτης
3192 4085 3260 4159 ἦν
3311 4088 3405 4139 καὶ

1814 4176 2090 4248 ἱερόσυλος
2112 4177 2206 4233 καὶ
2234 4177 2521 4250 προδότης·
2559 4176 2673 4231 ἀλλ’
2700 4174 2833 4229 αὑτὸ
2865 4175 2964 4246 μὲν
2998 4170 3092 4226 οὖν
3121 4170 3278 4224 τοῦτο
3301 4169 3405 4239 μά⁹

1812 4260 1972 4314 λιστα
2010 4261 2158 4332 ἡμᾶς
2186 4262 2563 4333 τιμωρήσεται
2609 4260 2702 4314 καὶ
2737 4258 3091 4329 κατακρινεῖ,
3138 4256 3219 4308 ὅτι
3270 4253 3405 4324 μηδέ

1812 4350 1927 4410 τοῖς
1964 4346 2169 4417 ἐτέρων
2204 4348 2396 4408 κακοῖς
2428 4343 2937 4415 ἐσωφρονίσθημεν.
2979 4340 3080 4394 Διά
3115 4337 3226 4408 γάρ
3250 4336 3406 4391 τοῦτο

1812 4431 1909 4485 καὶ
1930 4430 2349 4501 ἀναγέγραπται
2378 4430 2586 4492 ἐκεῖνα,
2622 4428 2708 4481 ῖνα
2750 4427 3015 4497 φύγωμεν
3055 4423 3283 4477 ἐκείνων
3312 4421 3405 4474 τὸν

1814 4514 1995 4583 ζῆλον.
2041 4513 2133 4567 Διὸ
2175 4513 2266 4566 τὸν
2314 4512 2465 4567 δεῖνα
2498 4512 2593 4567 καὶ
2631 4511 2723 4584 τὸν
2751 4512 2899 4564 δεῖνα
2942 4509 3172 4577 ἀφέντες
3194 4550 3208 4571 ,
3244 4508 3403 4577 ἡμεῖς

1814 4600 2025 4660 ἐαυτοῖς
2057 4596 2438 4669 προσέχωμεν·
2462 4596 2692 4659 ¹ἕκαστος
2722 4596 2832 4666 γὰρ
2858 4592 3015 4665 ήμῶν
3048 4591 3185 4663 ὑπὲρ
3209 4590 3402 4643 ἐαυτοῦ

1813 4684 1968 4750 λόγον
1994 4679 2155 4733 δώσει
2186 4680 2264 4751 τῷ
2297 4679 2438 4750 Θεῷ.
2468 4679 2568 4733 Ἴν’
2592 4674 2686 4735 οὖν
2710 4678 2804 4732 τὸν
2840 4677 2997 4746 λόγον
3032 4674 3222 4728 τοῦτον
3266 4673 3404 4745 μετά

1812 4764 1984 4833 καλῆς
2006 4764 2383 4834 παράσχωμεν
2410 4763 2729 4831 ἀπολογίας,
2763 4762 2856 4816 τὸν
2886 4758 3096 4812 ἑαυτῶν
3120 4756 3401 4828 ῥυθμίσω-

1815 4864 1915 4918 μεν
1944 4846 2079 4917 βίον,
2119 4846 2215 4899 καὶ
2244 4845 2442 4917 δαψιλῆ
2470 4847 2568 4919 τήν
2597 4849 2753 4918 χεῖρα
2782 4844 3118 4914 ἐκτείνωμεν
3145 4844 3259 4905 τοῖς
3292 4841 3396 4893 δεο-

1815 4930 2017 5001 μένοις,
2048 4929 2253 4992 είδότες
2287 4929 2372 4983 ὅτι
2399 4929 2539 5001 αὕτη
2581 4930 2717 5001 μόνη
2750 4930 2886 4998 ἡμῖν
2910 4927 3061 4980 ἐστιν
3109 4924 3397 4990 ἀπολογία,

1811 5015 1873 5067 τὸ
1891 5013 2062 5079 δεῖξαι
2087 5013 2236 5085 ἡμᾶς
2253 5012 2451 5076 αὑτοὺς
2479 5012 2913 5083 κατωρθωκότας
2934 5009 3005 5063 τά
3028 5009 3398 5077 ἐπιτεταγμέσ-

1810 5116 1897 5163 να,
1920 5098 2087 5169 ἑτέρα
2116 5096 2174 5151 δὲ
2200 5096 2446 5166 οὐδεμία.
2480 5094 2598 5148 Κάν
2620 5094 2824 5164 ταύτην
2855 5092 3176 5163 δυνηθῶμεν
3212 5108 3398 5163 παραπ

1811 5184 1981 5252 σχεῖν,
2007 5180 2108 5243 τὰς
2127 5179 2436 5248 ἀφορήτους
2461 5178 2675 5240 ὲκείνας
2693 5176 2888 5239 ὀδύνας
2911 5176 3010 5246 τῆς
3031 5174 3257 5246 γεέννης
3282 5175 3398 5229 δια-

1810 5262 2140 5334 φευξόμεθα,
2158 5260 2379 5316 καὶτῶν
2409 5259 2713 5333 μελλόντων
2734 5258 3131 5331 ἐπιτευξόμεθα
3153 5260 3392 5329 ἀγαθῶν·

1808 5342 1885 5403 ὧν
1912 5347 2124 5417 γένοιτο
2145 5345 2354 5409 πάντας
2381 5346 2528 5417 ἡμᾶς
2549 5345 2847 5414 ἐπιτυχεῖν,
2879 5343 3065 5415 χάριτι
3094 5345 3188 5399 καὶ
3205 5342 3393 5413 φιλανι

1808 5430 2027 5503 θρωπίᾳ
2053 5428 2149 5501 τοῦ
2180 5428 2388 5503 Κυρίου
2434 5427 2592 5501 ἡμῶν
2627 5424 2801 5494 Ἰησοῦ
2851 5426 3115 5499 Χριστοῦ,
3168 5424 3287 5497 μεθ’
3329 5418 3393 5479 οῦ

1806 5515 1886 5587 τῷ
1916 5515 2093 5586 Πατρὶ
2146 5514 2264 5586 ἀμα
2311 5511 2390 5585 τῷ
2440 5512 2582 5583 ἁγίῳ
2622 5509 2904 5581 Πνεύματι
2950 5510 3101 5577 δόξα,
3152 5508 3391 5581 κράτος,

1805 5598 1963 5671 τιμὴ,
1996 5597 2092 5653 νῦν
2124 5598 2220 5655 καὶ
2256 5597 2366 5666 ἀεὶ,
2404 5594 2502 5651 καὶ
2529 5595 2610 5659 είς
2638 5594 2766 5660 τοὺς
2790 5593 2996 5658 αἰῶνας
3024 5591 3132 5647 τῶν
3154 5592 3385 5653 αἰώνως.

1822 5682 2014 5757 ’Δμὴν.
