4066 6332
677 308 762 363 181
1404 309 1463 365 S.
1501 308 1786 365 JOANNIS
1821 302 2317 361 CHRYSOSTOHI
2359 298 2681 356 ARCHIEP.
2723 290 3287 352 CONSTANTINOP.

1155 440 3917 485 Μ

3827 280 3917 335 ίεῖ

2097 568 2343 620 ΟΜΙΛΙΑ
2382 566 2513 622 KB'.

682 652 804 711 Οὐκ
839 657 1039 712 οἴδατε
1086 658 1177 711 ὅτι
1222 662 1273 714 οι
1323 663 1395 714 τὰ
1439 660 1565 727 ιερὰ
1613 657 2004 727 ἐργαζόμενοι,
2044 657 2112 711 ἐκ
2146 656 2252 710 τοῦ

750 728 909 795 ίεροῦ
964 729 1321 793 ἐσθίουσιν;
1360 735 1413 784 οί
1460 728 1541 793 τῷ
1586 729 1991 795 θυσιαστηρίῳ
2062 742 2253 795 προσ-

749 797 1129 864 εδρεύοντες,
1159 798 1239 863 τῷ
1298 800 1704 868 θυσιαστηρίῳ
1761 797 2252 868 συμμρίζονζταιὶ

753 860 917 920 Οῧτω
946 868 1042 921 καὶ
1072 860 1125 923 δ·
1152 860 1366 936 Κύριος
1394 860 1627 933 διέταξὲ
1658 860 1783 933 τοῖς
1813 860 2256 937 τὶ>”εὐαγγέλιον

750 937 1298 1008 καταγγέλλουσιν,
1323 940 1393 993 ἐκ
1420 938 1527 993 τοῦ
1551 937 1905 1008 εὐαγγελίου
1934 936 2063 1006 ζῇν.

754 1049 824 1098 α’.
843 1042 1051 1114 Πολλὴν
1067 1045 1301 1097 ποιεῖται
1323 1044 1419 1114 τὴν
1449 1044 1705 1114 σπουδὴν,
1720 1042 1861 1097 ὥστε
1880 1040 2051 1105 δεῖξαι
2074 1039 2150 1111 μὴ
2168 1048 2258 1091 κε·-

685 1124 1002 1194 κωλυμένον
1023 1126 1083 1179 τὸ
1108 1126 1426 1198 λαμϐάνειν.
1448 1127 1647 1199 Διόπερ
1674 1126 1912 1181 τοσαῦτα
1937 1123 2108 1178 εἰπὼν
2153 1118 2258 1192 ιμ-

685 1207 940 1277 προσθεν,
966 1204 1065 1261 οὑκ
1093 1210 1360 1280 ἠρκέσθη,
1378 1209 1517 1263 ἀλλά
1533 1218 1627 1263 καὶ
1651 1208 1746 1262 ἐπὶ
1768 1209 1860 1261 τὸν
1886 1208 2049 1278 νόμον
2069 1206 2256 1277 χωρεῖν

682 1292 1006 1365 οίκειότερον
1032 1291 1127 1346 τοῦ
1154 1295 1422 1366 προτέρου
1466 1294 1720 1363 παρέχων
1754 1291 2084 1361 ὑπόδειγμα.
2122 1287 2258 1342 Οὐδὲ

681 1376 790 1446 γὰρ
823 1372 891 1447 ἦν
920 1377 1032 1429 ῖσον
1058 1376 1159 1441 τὰς
1207 1375 1333 1447 βοῦς
1356 1388 1383 1416 ι
1416 1376 1763 1446 παραγαγεῖν
1809 1377 1891 1438 είς
1936 1374 2122 1444 μέσον,
2164 1373 2260 1425 καὶ

684 1458 863 1529 ῥητῶς
884 1459 1011 1528 περὶ
1033 1459 1226 1530 ἱερέων
1250 1459 1413 1528 νόμον
1434 1458 1687 1527 κείμενον
1710 1458 1791 1520 είς
1819 1457 1984 1527 μέσον
2010 1455 2257 1523 ἀγαγεῖν.

682 1542 880 1597 Σκόπει
914 1543 973 1597 δέ
1014 1560 1106 1613 μοι
1151 1542 1254 1595 κάν
1284 1540 1460 1612 τούτῳ
1494 1540 1593 1611 τὴν
1626 1538 1839 1592 Παύλου
1872 1539 2105 1601 σύνεσιν,
2141 1534 2260 1599 πῶς

684 1624 958 1695 μέμνηται
996 1622 1090 1678 τοῦ
1124 1624 1445 1695 πράγματος
1486 1621 1933 1694 μεγαλοπρεπῶς.
1981 1616 2116 1675 Οὐδὲ
2149 1617 2257 1688 7&9

681 1703 857 1774 εἶπεν,
886 1707 954 1761 Οί
976 1707 1042 1761 τά
1071 1708 1193 1779 ίερά
1222 1706 1578 1778 ἐργαζόμενοι
1607 1707 1671 1758 ἐκ
1700 1704 1809 1759 τῶν
1838 1701 2259 1775 προσφερόντων

686 1788 833 1863 ζίθῖ]
864 1790 1251 1861 λαμϐάνουσιν·
1280 1790 1417 1845 ἀλλά
1440 1789 1494 1844 τί
1517 1807 1531 1854 ;
1579 1790 1681 1844 Ἐκ
1708 1789 1816 1843 τοῦ
1840 1788 2001 1857 ἱεροῦ
2023 1785 2263 1843 ἐσθίου-

682 1886 807 1926 σινσ
839 1874 926 1927 ἴνα
959 1874 1097 1944 μήτε
1137 1874 1187 1926 οί
1220 1873 1589 1943 λαμϐάνοντες
1620 1870 2008 1935 όνειδίζωνται,
2045 1869 2181 1940 μήτε
2209 1866 2259 1920 οί

683 1958 1015 2029 ⁴ιειιρέχοντες
1031 1957 1385 2028 έπαίρωνται.
1401 1958 1491 2010 Διὸ
1509 1956 1606 2011 καὶ
1620 1957 1680 2009 τὸ
1696 1953 1822 2025 ἑξῆς
1837 1952 1981 2008 οὑτω
1996 1952 2257 2006 τέθεικεν.

682 2040 819 2094 Ούδὶ
850 2040 957 2113 7&9
992 2040 1114 2093 οὐδὲ
1153 2040 1436 2094 ένταῦθαδ
1471 2034 1645 2101 εἶπεν,
1678 2040 1741 2092 Οἱ
1778 2036 1858 2108 τῷ
1890 2034 2263 2105 θυσιαστηρίῳ

683 2122 1135 2193 προσεδρεύοντες
1161 2124 1271 2176 ἀπὸ
1291 2122 1398 2177 τῶν
1422 2122 1657 2176 θυόντων
1681 2120 2072 2191 λαμϐάνουσιν,
2103 2117 2260 2183 ἀλλὰ,

689 2203 774 2272 Τῷ
829 2207 1237 2275 θυσιαστηρίῳ
1282 2205 1753 2276 συμμερίζονται.
1811 2204 1893 2259 Τὰ
1928 2203 2037 2274 γὰρ
2094 2219 2264 2275 προσ-

684 2290 971 2361 ενεχθέντα
990 2291 1176 2345 οὐκέτι
1192 2290 1378 2345 λοιπὸν
1400 2291 1509 2344 τῶν
1528 2290 2009 2361 προσενεγκάντων
2022 2282 2111 2359 ἦν,
2126 2284 2265 2339 ἀλλά

684 2372 781 2427 τοῦ
815 2373 960 2443 ἱεροῦ
992 2375 1086 2427 καὶ
1118 2373 1213 2427 τοῦ
1246 2374 1657 2445 θυσιαστηρίου.
1698 2373 1810 2427 Καὶ
1845 2371 1945 2425 οὐκ
1979 2367 2154 2435 εἶπεν,
2180 2369 2262 2422 ὅτι

685 2459 767 2514 Τὰ
796 2459 917 2531 ίερὰ
941 2460 1332 2531 λαμϐάνουσιν,
1363 2460 1500 2525 ἀλλ’,
1529 2461 1629 2515 Ἐκ
1653 2460 1760 2514 τοῦ
1784 2459 1945 2527 ιεροῦ
1964 2458 2261 2521 ἐσθίουσι,

685 2543 899 2607 δεικνὺς
934 2544 1096 2597 πάλιν
1123 2544 1221 2613 τὴν
1251 2544 1614 2615 συμμετρίαν,
1659 2545 1754 2598 καί
1782 2544 1865 2597 ὅτι
1903 2541 1964 2595 οὑ
1996 2537 2267 2611 χρηματι-

686 2628 876 2693 ζεσθαι
908 2628 991 2681 δεῖ
1016 2628 1136 2681 οὐδὲ
1171 2628 1442 2682 πλουτεῖν.
1496 2628 1558 2681 El
1588 2628 1645 2681 δὲ
1684 2627 1854 2695 λέγει,
1901 2626 1984 2678 δτι
2038 2622 2121 2688 Τῷ
2162 2626 2267 2677 θν-

687 2711 1018 2778 σιαστηρίῳ
1049 2710 1507 2780 συμμερίζονται
1527 2752 1542 2775 ,
1568 2710 1629 2761 οὐ
1664 2709 1761 2780 τὴν
1788 2708 1969 2778 ξξίσης
2006 2706 2267 2775 διανομὴν

687 2794 856 2861 λέγει,
886 2792 1022 2847 ἀλλὰ
1061 2793 1161 2865 τὴν
1194 2792 1252 2859 ἐξ
1285 2791 1509 2861 όφειλῆς
1544 2791 1828 2863 διδομένην
1869 2791 2054 2853 αὐτοῖς
2085 2804 2266 2859 παρα-

692 2877 907 2948 μυθίαν.
943 2876 1221 2931 Καίτοιτά
1249 2879 1359 2931 τῶν
1386 2877 1698 2932 ἀποστόλων
1726 2876 1950 2948 μείζονα
1976 2872 2156 2944 πολλῷ
2173 2868 2262 2944 ῆν.

701 2960 850 3015 Ἐκεῖ
878 2962 976 3030 μιν
1000 2962 1107 3031 γὰρ
1135 2961 1266 3032 τιμὴ
1292 2956 1357 3032 ῆν
1386 2962 1419 3031 ἡ
1446 2960 1712 3031 ἱερωσύνη
1736 2975 1750 2988 ”
1790 2957 2025 3021 ἐνταῦθα
2053 2957 2110 3008 δὲ
2147 2956 2265 3009 κίν-

688 3041 834 3096 δυνοι
860 3043 954 3096 καὶ
986 3044 1193 3111 σφαγαὶ
1222 3044 1316 3097 καὶ
1350 3044 1523 3113 φόνοι.
1574 3042 1773 3113 Διόπερ
1810 3042 1921 3095 τῶν
1956 3038 2133 3092 ἀλλων
2160 3054 2266 3091 πα-

693 3125 1071 3196 ραδειγμάτων
1092 3126 1349 3179 ἀπάντων
1380 3126 1513 3179 πολὺ
1566 3123 1749 3195 μεῖζον
1792 3120 1862 3197 ἦν
1890 3122 1953 3176 τδ
1977 3122 2175 3189 λέγειν·
2199 3121 2267 3173 El

692 3210 864 3279 ἡμεῖς
890 3208 1034 3277 ὑμῖν
1056 3210 1128 3263 τὰ
1153 3212 1525 3279 πνευματικὰ
1548 3210 1932 3279 ἐσπείραμεν.
1966 3209 2135 3259 Ὅταν
2158 3206 2266 3276 7&9

693 3294 845 3367 εῖπῃ,
887 3293 1300 3362 Ἐσπείραμεν,
1336 3294 1462 3356 τοὺς
1487 3292 1761 3365 χειμῶνας
1795 3294 1888 3347 καὶ
1933 3292 2059 3353 τοὺς
2087 3288 2265 3343 κινδύ-

694 3393 837 3440 νους,
870 3378 963 3429 καὶ
988 3377 1084 3439 τὰς
1100 3376 1392 3441 επιϐουλὰς
1406 3379 1499 3431 καὶ
1522 3380 1593 3430 τά
1620 3379 1802 3448 ἄφατα
1830 3374 1976 3430 κακὰ
2000 3372 2266 3427 ἐνδείκνυ-

694 3476 806 3520 ται,
861 3459 1005 3530 ἆπερ
1056 3460 1326 3530 ὑπέμενον
1367 3461 1751 3533 κηρύττοντες.
1813 3460 1951 3513 Ἀλλ’
1982 3460 2132 3527 ὅμως
2176 3455 2269 3508 καὶ

694 3542 960 3612 τοσαύτης
982 3540 1144 3613 οὑσης
1173 3543 1271 3613 τῆς
1299 3542 1589 3614 ὑπεροχῆς,
1628 3544 1728 3595 οὑκ
1757 3540 2021 3613 ἠθέλησεν
2051 3538 2175 3591 οὔτε
2201 3537 2269 3590 τὰ

694 3625 795 3695 τῆς
838 3625 1082 3688 Halani;
1125 3625 1482 3690 ταπεινῶσαι,
1513 3625 1634 3679 οὑτε
1678 3625 1747 3678 τὰ
1796 3624 1992 3679 ἑαυτοῦ
2037 3622 2266 3691 ἐπᾶραν

697 3711 835 3766 ἀλλά
874 3712 969 3765 καὶ
1001 3711 1069 3763 τὰ
1098 3710 1293 3764 ἑαυτοῦ
1332 3710 1630 3775 συστέλλει,
1678 3710 1778 3764 οὑκ
1816 3708 1924 3764 ἀπὸ
1949 3709 2057 3761 τῶν
2090 3704 2272 3759 κινδύο

698 3812 826 3858 νων,
878 3792 995 3847 ἀλλ’
1040 3794 1146 3847 ἀπὸ
1172 3793 1265 3846 τοῦ
1298 3795 1562 3864 μεγέθους
1598 3794 1701 3861 τῆς
1731 3794 1941 3865 δωρεᾶς
1970 3789 2144 3855 διδοὺς
2172 3791 2270 3867 τὴν

700 3878 993 3949 ὑπεροχήν.
1038 3877 1111 3931 Οὑ
1144 3877 1252 3957 7&9
1280 3872 1452 3956 εἶπεν,
1491 3878 1554 3929 Εἰ
1584 3874 2035 3946 ἐκινδυνεύσαμεν
2063 3876 2096 3944 ἢ
2129 3891 2273 3957 παρέ

698 3960 1158 4031 εϐονλευσάμεθα,
1185 3956 1322 4024 ἀλλ’,
1347 3962 1418 4013 El
1448 3959 1615 4029 ἡμεῖς
1639 3957 1784 4027 ὑμῖν
1804 3958 1875 4011 τὰ
1900 3956 2273 4026 πνευματικὰ

696 4044 1086 4113 ἐσπείραμενο
1122 4047 1215 4098 καὶ
1247 4042 1317 4096 τὰ
1346 4043 1454 4097 τῶν
1508 4044 1720 4113 ἱερέων,
1756 4041 1831 4106 ὡς
1867 4035 1977 4095 οἶόν
2010 4042 2071 4095 τέ
2102 4043 2271 4104 ἐστιν,

700 4129 914 4199 ἐπαίρει
949 4127 1150 4197 λέγων·
1197 4130 1262 4180 Ol
1294 4126 1367 4180 τὰ
1395 4126 1520 4194 ιερὰ
1552 4122 1947 4195 ἐργαζόμενοι,
1984 4126 2082 4179 καὶ
2116 4128 2170 4179 οι
2194 4121 2275 4189 τῷ

700 4212 1107 4279 θυσιαστηρίῳ
1150 4208 1678 4278 προσεδρεύοντες,
1731 4210 1829 4280 τὴν
1877 4208 2101 4279 διηνεκῆ
2151 4206 2273 4259 δου-

700 4292 848 4346 λείαν
881 4293 1063 4346 αὑτῶν
1093 4293 1184 4348 καὶ
1225 4294 1322 4363 τὴν
1350 4293 1644 4365 καρτερίαν
1672 4292 1759 4345 διά
1805 4290 2009 4345 τούτων
2041 4289 2274 4354 ἐνδείξα-

702 4375 825 4429 σθαι
867 4375 1207 4447 βουλόμενος.
1245 4376 1354 4429 Kal
1385 4374 1553 4429 εἰπὼν
1599 4375 1726 4439 τοὺς
1760 4373 1939 4447 ἱερέας
1969 4374 2093 4437 τοὺς
2125 4373 2275 4444 παρά

712 4458 1140 4523 Ἰουδαίοις,τούς
1160 4476 1220 4511 τε
1232 4457 1464 4521 Λευίτας
1486 4456 1610 4519 τούς
1628 4474 1689 4511 τε
1709 4458 2021 4529 ἀρχιερέας,
2038 4457 2271 4526 ἑκάτερα

698 4540 769 4595 τὰ
820 4542 1074 4612 τάγματα
1110 4542 1369 4614 ἐδήλωσε,
1406 4543 1499 4596 καὶ
1544 4541 1613 4596 τά
1647 4541 2052 4612 καταδεέστερα
2083 4543 2178 4595 καὶ
2206 4544 2274 4597 τὰ

701 4624 1065 4695 ὑπερέχοντασ
1098 4626 1166 4679 τά
1218 4625 1315 4695 μὲν
1346 4625 1433 4679 διά
1465 4626 1558 4679 τοῦ
1601 4625 1801 4695 λέγειν,
1834 4629 1900 4679 Ol
1928 4627 2001 4679 τὰ
2030 4626 2156 4694 ἱερὰ
2184 4626 2276 4693 ἐρ-

700 4705 1027 4775 γαζόμενοι,
1050 4709 1118 4762 τὰ
1140 4710 1197 4762 δὲ
1222 4709 1307 4761 διὰ
1325 4708 1419 4761 τοῦ
1446 4710 1639 4777 είπεῖν,
1672 4712 1737 4764 Ol
1761 4708 1841 4775 τῷ
1870 4709 2277 4777 θυσιαστηρίῳ

701 4790 1231 4861 προσεδρεύοντες.
1264 4792 1397 4845 Οὐδὲ
1429 4792 1537 4864 γὰρ
1571 4784 1737 4847 πᾶσιν
1762 4794 1820 4848 ἒν
1849 4794 2277 4863 ἐπιτεταγμένον

701 4876 864 4946 ἔργον
891 4870 994 4944 ἦν·
1025 4874 1140 4927 ἀλλ’
1178 4874 1228 4927 οί
1260 4873 1359 4944 μὲν
1409 4874 1479 4926 τὰ
1527 4875 1831 4945 παχύτερα,
1866 4878 1915 4929 οί
1948 4877 2005 4930 δι
2041 4878 2111 4931 τὰ
2139 4876 2279 4948 ὑψη-

701 4957 897 5029 λότερα
925 4953 1066 5029 ἦσαν
1090 4954 1579 5026 ὲγκεχειρισμένοι.
1615 4956 1831 5021 Πάντας
1855 4958 2033 5011 τοίνυν
2054 4958 2278 5024 τούτους

704 5042 1035 5111 περιλαϐὼν,
1068 5042 1156 5096 ῖνα
1186 5041 1262 5112 μή
1314 5056 1398 5104 τις
1440 5040 1595 5112 λέγῃ,
1627 5040 1694 5092 Τί
1725 5040 1823 5111 τῆς
1867 5040 2115 5105 Παλαιῶς
2148 5043 2279 5113 ἡμῖν

708 5125 1019 5195 (damnat;
1044 5126 1145 5180 οὑκ
1174 5121 1330 5179 οἶσθα
1355 5124 1437 5177 ὅτι
1467 5123 1905 5195 προσταγμάτων
1930 5122 2279 5193 τελειοτέρων

704 5208 838 5277 ἡμῖν
870 5209 901 5259 ό
926 5209 1150 5279 καιρόςς
1196 5208 1316 5281 μετ’
1356 5209 1540 5263 ἐκεῖνα
1583 5207 1764 5261 πάντα
1788 5207 1851 5259 τδ
1880 5206 2100 5261 πάντων
2131 5208 2281 5276 ίσχυ-

676 5292 929 5364 .ρότερον
979 5291 1224 5346 τέθεικεν
1268 5292 1468 5348 είπών·
1514 5293 1678 5347 Οὕτω
1715 5291 1814 5345 καὶ
1850 5294 1883 5346 d
1916 5293 2131 5361 Κύριος
2162 5292 2279 5346 διέ-

702 5375 848 5438 ταξε
872 5373 997 5443 τοῖς
1028 5374 1094 5426 τὸ
1125 5377 1478 5447 εὐαγγέλιον
1504 5377 2048 5446 καταγγέλλουσιν,
2082 5376 2150 5429 ἐκ
2172 5375 2279 5431 τοῦ

705 5457 1061 5531 εὐαγγελίου
1084 5454 1209 5525 ζῇν.
1226 5460 1337 5513 Καὶ
1360 5460 1481 5514 οὐδὲ
1503 5460 1738 5515 ἐνταῦθα
1762 5461 1827 5513 ὲκ
1842 5458 1951 5513 τῶν
1975 5456 2279 5529 ἀνθρώπων

707 5540 852 5607 λέγει
904 5539 1219 5613 τρέφεσθαι,
1254 5542 1367 5595 ἀλλ’
1394 5542 1583 5617 ὥσπερ
1628 5534 1863 5599 ἐπὶτῶν
1914 5542 2125 5614 ἱερέων,
2178 5542 2278 5597 Ἐκ

708 5624 816 5679 τοῦ
860 5625 1043 5694 ἱεροῦ,
1090 5625 1188 5679 καὶ
1246 5625 1349 5678 Ἐκ
1381 5626 1487 5680 τοῦ
1518 5629 1979 5698 θυσιαστηρίου,
2008 5627 2151 5683 οὑτω
2184 5630 2279 5683 καὶ

775 5726 800 5798 ξ
830 5729 974 5798 Reg._,
994 5731 1115 5798 τοὺς-
1137 5729 1268 5793 βοῦς.
1289 5732 1530 5798 _el._p0ulo
1562 5737 1675 5798 ροσε
1692 5733 1826 5798 idea!
1840 5733 1992 5798 νόμον
2026 5734 2102 5789 ἐπὶ
2122 5734 2278 5798 τούτῳ

716 5788 923 5849 κείμενον
942 5788 1220 5852 ἀναγνῶναι.
1289 5792 1316 5831 δ
1353 5788 1543 5852 Deerat,
1565 5788 1674 5841 οὐδὲ
1696 5794 1905 5843 ἐνταῦθα.

2356 653 2609 717 ἐνταῦθα,
2656 653 2760 708 Ἐκ
2806 651 2913 704 τοῦ
2960 648 3339 718 εὐαγγελίου,
3391 641 3693 717 φησί-’καὶ
3739 643 3924 714 ὥσπερ

2354 735 2470 787 ἐκεῖ
2497 734 2773 795 Ἐσθίειν,
2792 732 2968 792 οὑτως
2990 730 3223 784 ἐνταῦθα
3246 728 3391 797 Ζῆν,
3413 730 3514 782 οὐκ
3530 726 3925 798 ἐμπορεύεσθαι

2353 817 2474 869 οὑδὲ
2517 814 2892 887 θησαυρίζειν.
2950 813 3147 878 Ἄξιος
3195 812 3327 882 γὰρ,
3378 811 3560 881 φησὶν,
3605 813 3637 862 ό
3677 808 3928 877 ἐργάτης

2356 900 2462 954 τοῦ
2490 899 2713 969 μισθοῦ
2744 897 2955 952 αὐτοῦ.
2998 896 3140 963 Ἐγὼ
3168 894 3237 947 δὲ
3268 892 3472 948 οὐδενί
3504 895 3726 947 τούτων
3757 892 3930 960 ἐχρη-

2355 984 2580 1053 σάμην.
2624 983 2689 1035 Τί
2715 979 2831 1045 οὖν,
2868 984 2917 1033 εἰ
2955 981 3029 1050 μὴ
3069 980 3310 1049 ἐχρήσω,
3367 978 3524 1048 φησὶ,
3555 976 3672 1040 νῦν,
3706 976 3851 1046 πρὸς
3884 975 3931 1027 δὲ

2356 1067 2419 1120 τὸ
2469 1066 2663 1137 μέλλον
2718 1064 3027 1137 χρήσασθαι
3071 1062 3273 1133 βούλει,
3318 1062 3413 1114 καὶ
3444 1062 3531 1115 διά
3561 1060 3716 1113 τοῦτο
3758 1057 3933 1111 ταῦτα

2357 1150 2566 1218 λέγεις;
2608 1150 2855 1217 ’Δπαγεο
2892 1148 2987 1201 καὶ
3018 1148 3129 1218 7&9
3157 1147 3246 1199 διὰ
3276 1146 3432 1199 τοῦτο
3476 1144 3681 1215 ταχέως
3712 1146 3780 1213 τῇ
3819 1143 3932 1194 ἑπι-

2362 1232 2646 1304 διορθώσει
2680 1233 2971 1302 ἐχρήσατο,
3005 1230 3179 1294 οὑτως
3223 1230 3413 1284 είπιῖιψ
3452 1232 3575 1283 οὐκ
3608 1229 3850 1297 ἔγραψα
3879 1225 3936 1279 δέ

2359 1317 2568 1382 ταῦτα,
2602 1315 2705 1368 ἵνα
2749 1314 2907 1383 οὕτω
2952 1313 3310 1384 γένηταικὲν
3340 1312 3493 1382 ἐμοί.
3542 1312 3653 1365 Καὶ
3682 1313 3785 1381 ὅρα
3827 1310 3935 1379 μεθ’

2360 1400 2493 1469 ὅσης
2553 1398 2917 1468 σφοδρότητος
2998 1397 3243 1466 ἀρνεῖται
3301 1396 3396 1448 καὶ
3432 1388 3817 1463 ιδιακρούεται
3884 1389 3935 1443 τὸ

2362 1483 2625 1553 πρᾶγμα·
2672 1479 2878 1534 Καλὸν
2911 1476 3026 1547 γάρ
3064 1495 3168 1547 μοι
3208 1475 3455 1548 μᾶλλον
3502 1473 3855 1537 ἀποθανεῖν,

2360 1551 2425 1618 τό
2457 1565 2740 1633 καύχημά
2777 1581 2893 1631 μου
2936 1562 3038 1615 ἵνα
3067 1580 3157 1629 τις
3188 1562 3450 1630 κενώσιι.
3502 1561 3613 1613 Kal
3642 1561 3741 1628 οὑχ
3796 1551 3938 1619 απαξ

2360 1648 2480 1701 οὐδὲ
2527 1648 2628 1712 δὶς,
2687 1646 2824 1701 ἀλελά
2882 1647 2977 1699 καὶ
3023 1646 3285 1709 πολλάκις
3338 1645 3603 1715 κέχρηται
3658 1644 3734 1711 τῇ
3786 1640 3937 1712 ῥήσει

2360 1729 2565 1801 ταύτῃ·
2620 1730 2715 1782 καὶ
2764 1729 2871 1799 7&9
2915 1729 3178 1799 ἀνωτέρω
3209 1726 3360 1799 [193]
3402 1724 3574 1790 εἶπεν,
3615 1728 3739 1778 Οὐκ
3770 1723 3939 1791 ἐχρη-

2361 1812 2595 1882 σάμεθα
2619 1808 2695 1879 τῇ
2719 1810 2977 1878 ἐξουσίᾳ
3004 1812 3193 1879 ταύτῃ
3214 1826 3228 1841 ·
3266 1810 3362 1864 καὶ
3391 1810 3529 1881 μετά
3557 1808 3731 1862 ταῦτα
3760 1804 3937 1868 πάλιν,

2364 1898 2469 1961 Είς
2511 1896 2579 1949 τὸ
2618 1893 2706 1963 μὴ
2758 1894 3262 1963 καταχρήσασθαί
3288 1910 3365 1962 με
3404 1891 3481 1960 τῇ
3515 1891 3773 1956 ἐξουσίᾳ
3798 1903 3938 1957 μοιν

2364 1979 2458 2032 καὶ
2485 1977 2738 2041 ἐνταῦθα,
2792 1977 2935 2047 Ἐγὼ
2961 1976 3030 2029 δὲ
3067 1975 3273 2030 οὐδενί
3310 1976 3540 2029 τούτων
3570 1972 3939 2041 ἐχρησάμην.

2369 2063 2619 2124 Τούτων,
2654 2061 2856 2125 ποίων;
2888 2057 3010 2113 Τῶν
3048 2056 3260 2112 πολλῶν
3296 2056 3781 2129 παραδειγμάτων.
3819 2051 3944 2108 Πολ-

2363 2144 2470 2196 λῶν
2504 2144 2615 2214 γάρ
2645 2162 2737 2210 μοι
2763 2143 3115 2214 παρεχόντων
3139 2143 3392 2209 ἐξουσίαν
3412 2180 3427 2205 ,
3456 2140 3553 2193 τοῦ
3588 2136 3942 2209 στρατιώτου,

2363 2226 2460 2279 τοῦ
2506 2226 2779 2297 γεωργοῦ,
2828 2225 2921 2279 τοῦ
2976 2225 3255 2295 ποιμένος,
3313 2219 3421 2278 τῶν
3476 2222 3816 2285 ἀποστόλων,
3860 2217 3943 2272 τοῦ

2363 2312 2550 2381 νόμου,
2580 2309 2687 2363 τῶν
2714 2308 2846 2379 παρ’
2872 2308 3031 2379 ἡμῶν
3056 2308 3135 2370 εἰς
3162 2308 3305 2377 ὑμᾶς
3333 2306 3660 2376 γινομένων,
3682 2305 3794 2356 τῶν
3824 2303 3943 2370 παρ’

2364 2393 2519 2463 ὑμῶν
2564 2394 2644 2454 είς
2690 2396 2818 2455 τοὺς
2851 2391 3067 2453 ἀλλους,
3099 2389 3207 2443 τῶν
3234 2390 3447 2459 ἱερέων,
3472 2388 3564 2441 τοῦ
3594 2387 3946 2456 προστάγμαο

2362 2492 2456 2537 τος
2485 2473 2579 2527 τοῦ
2611 2474 2874 2543 Χριστοῦ,
2906 2473 3079 2526 οὐδενὶ
3118 2472 3323 2525 τούτων
3361 2472 3623 2540 ἐπείσθην
3656 2472 3736 2534 είς
3763 2469 3825 2521 τὺ
3859 2486 3949 2521 κα-

2364 2558 2593 2612 ταλῦσαι
2640 2555 2732 2611 τὸν
2790 2556 3030 2629 ἐμαυτοῦ
3088 2558 3278 2627 νόμον,
3338 2556 3433 2609 καὶ
3470 2556 3675 2608 λαϐεῖν.
3738 2555 3849 2607 Kal
3878 2554 3946 2622 μή

2369 2661 2459 2714 μοι
2491 2642 2562 2695 τὰ
2610 2640 2951 2711 παρελθόντα
2998 2641 3123 2710 λέγε
3146 2658 3159 2671 ⁸
3191 2639 3371 2695 καίτοι
3402 2657 3465 2709 γε
3509 2640 3617 2710 ἔχω
3646 2640 3845 2699 εἰπεῖν,
3874 2636 3949 2690 ὅτι

2366 2725 2539 2779 πολλὰ
2569 2723 2665 2779 καὶ
2690 2724 2751 2778 ὲν
2792 2728 2904 2788 τοῖς
2936 2723 3303 2798 παρελθοῦσιν
3343 2724 3613 2794 ὑπέμεινα
3643 2722 3731 2775 διὰ
3760 2720 3944 2773 τοῦτο·

2365 2809 2482 2864 ἀλλ’
2510 2810 2661 2879 ὅμως
2687 2809 2789 2862 οὑκ
2816 2809 3047 2872 ἐκείνοις
3079 2806 3431 2881 ἰσχυρίζομαι
3461 2806 3663 2876 μόνοις,
3695 2804 3835 2859 ἁλλά
3864 2805 3948 2856 καί

2366 2891 2497 2963 περὶ
2556 2891 2664 2944 τῶν
2726 2890 3032 2961 μελλόντων
3091 2889 3492 2961 ὑπισχνοῦμαι,
3546 2890 3629 2942 ὅτι
3691 2885 3949 2956 αἱροῦμαι

2369 2975 2570 3045 μᾶλλον
2625 2974 2919 3028 ἀποθανεῖν
2968 2973 3136 3045 λιμῷ.
3179 2972 3453 3045 ῆτούτων
3510 2970 3950 3042 ἀποστερηθῆναι

2366 3054 2477 3107 τῶν
2505 3052 2805 3123 στεφάνων.
2836 3053 3041 3107 Καλὸν
3067 3051 3181 3122 γάρ
3208 3070 3311 3122 μοι
3337 3051 3582 3121 μᾶλλον
3603 3047 3950 3109 ἀποθανεῖν,

2370 3138 2554 3208 φησὶν,
2598 3137 2637 3206 ἢ
2683 3138 2751 3191 τὸ
2796 3135 3077 3207 καύχημά
3120 3152 3241 3204 μου
3281 3137 3382 3189 ἵνα
3414 3152 3502 3201 τις
3543 3132 3805 3202 κενώσῃ.
3843 3132 3953 3183 Οὑκ

2368 3211 2541 3281 εῐπεν,
2579 3215 2649 3267 Ἦ
2692 3215 2784 3269 τὸν
2829 3216 2992 3285 νόμον
3042 3230 3145 3285 μου
3173 3214 3261 3266 ἴνα
3294 3230 3380 3277 τις
3431 3211 3735 3282 καταλύσῃ,
3795 3210 3950 3271 ἀλλὰ,

2375 3301 2443 3354 Τὸ
2483 3301 2783 3370 καύχημα.
2832 3301 2951 3353 Ἵνα
2988 3298 3099 3368 γὰρ
3131 3299 3206 3369 μὴ
3247 3298 3383 3369 λέγῃ
3422 3314 3525 3361 τις,
3560 3298 3643 3349 ὄτι
3674 3297 3830 3349 Ποιεῖ
3859 3294 3955 3365 μὲν

2370 3383 2523 3446 αὐτὸ,
2573 3384 2633 3435 οὑ
2684 3384 2889 3454 χαίρων
2936 3384 3014 3448 δὲ,
3050 3382 3187 3435 ἀλλά
3222 3382 3423 3435 στένων
3462 3380 3557 3433 καὶ
3594 3379 3955 3447 ὀδυνώμενος,

2368 3462 2469 3533 τὴν
2500 3461 2807 3533 ὑπερϐολὴν
2863 3462 2963 3533 τῆς
3008 3462 3184 3531 χαρᾶς
3243 3458 3416 3525 δεῖξαι
3479 3458 3648 3512 θέλων
3701 3458 3797 3509 καὶ
3862 3454 3959 3523 τὴν

2373 3545 2691 3616 περιουσίαν
2721 3546 2819 3615 τῆς
2850 3544 3179 3614 προθυμίας,
3212 3544 3307 3595 καὶ
3337 3542 3604 3613 καύχημα
3634 3541 3696 3593 τὸ
3724 3540 3960 3609 πρᾶγμα

2372 3629 2545 3683 καλεῖ.
2575 3628 2841 3681 Τοσοῦτον
2870 3628 3097 3698 ἀπεῖχεν
3123 3626 3432 3690 ὀδυνᾶσθαι,
3459 3627 3541 3679 ὅτι
3568 3625 3665 3677 καὶ
3686 3624 3960 3692 καυχᾶται

2373 3713 2467 3765 καὶ
2488 3711 2779 3765 ἀποθανεῖν
2816 3714 3052 3783 αἱρεῖται
3092 3710 3313 3780 μᾶλλον,
3342 3710 3375 3780 ἢ
3411 3711 3665 3762 ἐκπεσεῖν
3692 3706 3787 3760 τοῦ
3829 3723 3962 3760 καυ-

2373 3796 2617 3866 χήματος
2642 3794 2853 3849 τούτου.
2883 3795 3041 3849 Οὖτω
3068 3795 3161 3847 καὶ
3189 3794 3335 3865 ζωῆς
3363 3793 3511 3863 αὑτῷ
3537 3789 3873 3861 γλυκύτερον
3895 3784 3961 3857 ἦν

2372 3879 2434 3932 τὸ
2458 3879 2766 3947 γινόμενον.
3772 3922 3783 3933 .

2446 3964 2511 4034 β’.
2542 3960 2675 4017 Εἶτα
2704 3963 2799 4016 καὶ
2822 3962 3088 4033 ἑτέρωθεν
3134 3962 3355 4032 ἐπαίρει
3404 3959 3556 4025 αὑτδ,
3582 3958 3678 4013 καὶ
3723 3956 3961 4011 δείκνυσι

2378 4047 2519 4115 μέγα
2534 4046 2613 4110 ὃν,
2631 4047 2729 4116 οὑχ
2746 4046 2832 4098 ἵνα
2852 4044 3042 4097 ἑαυτὸν
3062 4046 3314 4117 λαμπρὸν
3340 4045 3615 4117 ἀποφήνῃ·
3642 4043 3835 4115 πόῤῥω
3851 4045 3962 4115 7&9

2375 4123 2529 4190 οὗτος
2557 4129 2767 4183 ἐκείνου
2800 4129 2894 4182 τοῦ
2931 4128 3169 4193 πάθους·
3201 4129 3316 4183 ἀλλ’
3346 4130 3433 4183 ⁸ίνα
3470 4129 3619 4203 δείξῃ
3646 4128 3727 4181 ὅτι
3756 4127 3961 4197 χαίρει,

2376 4212 2470 4265 καὶ
2494 4211 2594 4283 τὴν
2617 4210 2851 4282 ὑποψίαν
2876 4215 2941 4267 ἐκ
2967 4213 3287 4283 περιουσίας
3310 4214 3495 4285 ἀνέλῃ.
3526 4213 3626 4265 Διά
3651 4211 3761 4281 γὰρ
3780 4210 3962 4271 τοῦτο.

2376 4295 2451 4357 ὡς
2480 4294 2650 4365 ἔφθην
2674 4296 2865 4360 είπὼν,
2897 4298 2993 4351 καὶ
3024 4296 3287 4369 καύχημα
3317 4297 3451 4351 αὑτὸ
3479 4296 3726 4350 ἐκάλεσε.
3756 4294 3870 4348 Καὶ
3911 4296 3963 4348 τί

2377 4394 2571 4449 φησιν;
2635 4379 2777 4433 Ἐὰν
2831 4379 2943 4448 γὰρ
2985 4380 3470 4449 εὐαγγελίζωμαι,
3520 4380 3633 4433 οὐκ
3679 4376 3814 4431 ἐστι
3861 4394 3963 4447 μοι

2378 4462 2717 4530 καύχημα’Δ
2746 4462 2980 4530 ἀνάγκη
3026 4462 3139 4532 γάρ
3182 4482 3285 4533 μοι
3335 4464 3652 4517 ἐπίκειται·
3712 4462 3848 4514 οὐαὶ
3897 4459 3966 4511 δὲ

2373 4546 2478 4614 μοί
2514 4545 2707 4609 ἐστιν,
2757 4542 2867 4597 ἐὰν
2906 4544 2993 4614 μὴ
3028 4544 3527 4616 εὐαγγελίζωμαι]
3553 4546 3622 4597 ει
3660 4543 3773 4612 γὰρ
3804 4534 3965 4597 ἑκὼν

2376 4628 2553 4681 τοῦτο
2580 4626 2858 4701 πράσσω,
2889 4628 3116 4696 μισθὸν
3155 4631 3273 4699 ἔχω
3294 4645 3307 4660 ⁸
3340 4632 3391 4683 εί
3422 4628 3492 4681 δὲ
3517 4627 3698 4691 ἄκων,
3726 4630 3965 4680 οίχονο-

2370 4710 2521 4779 μίαν
2558 4709 2979 4779 πεπίστευμαι.
3038 4713 3133 4779 Τίς
3163 4709 3279 4768 οὖν
3311 4713 3416 4781 μοί
3446 4711 3615 4763 ἐστιν
3649 4711 3682 4762 ὁ
3702 4710 3965 4779 μισθός;

2381 4792 2517 4846 Ἵνα
2553 4794 3099 4864 εὐαγγελιζόμενος,
3138 4795 3456 4852 ἀδάπανον
3486 4792 3654 4859 θήσω
3684 4795 3752 4848 τὸ
3782 4796 3963 4861 war

2378 4878 2582 4945 γέλιον
2599 4875 2704 4956 τοῦ
2733 4880 3013 4946 Χριστοῦ,
3038 4882 3127 4946 είς
3157 4881 3225 4932 τὸ
3247 4878 3335 4947 μὴ
3362 4875 3865 4945 καταχρήσασθαι
3887 4875 3963 4945 τῇ

2377 4958 2629 5025 ἐξουσίᾳ
2680 4976 2800 5027 μου
2842 4962 2913 5015 ἐν
2963 4962 3044 5028 τῷ
3101 4961 3457 5029 εὐαγγελίῳ.
3496 4960 3560 5011 Τί
3602 4959 3801 5030 λέγεις,
3834 4962 3963 5013 εἰπέ

2382 5056 2507 5109 μοις
2556 5041 2651 5095 έάν
2689 5044 3037 5118 εὐαγγελίζῃ,
3077 5045 3179 5099 οὑκ
3217 5043 3334 5097 εστι
3388 5059 3473 5096 σοι
3515 5042 3800 5115 καύχημα,
3839 5045 3963 5099 ἀλλ’

2379 5125 2476 5177 εάν
2507 5125 2781 5180 ἀδάπανον
2808 5129 2906 5200 θῇς
2944 5130 3007 5182 τὸ
3035 5127 3387 5199 εὐαγγέλιονς
3418 5126 3613 5180 οὐκοῦν
3651 5127 3809 5182 τοῦτο
3843 5129 3967 5197 μεῖ-

2381 5205 2472 5271 ζον
2496 5208 2736 5276 ἐκείνους
2763 5211 3029 5282 Οὐδαμῶς
3050 5227 3064 5242 ο
3094 5209 3211 5264 ἀλλ’
3242 5204 3510 5281 ἑτέρωθεν
3536 5209 3650 5282 εχει
3678 5230 3733 5265 τι
3762 5211 3962 5264 πλέον·

2380 5289 2460 5342 ὅτι
2486 5291 2547 5343 τὸ
2577 5292 2677 5361 μέν
2715 5295 2863 5348 ἔστιν
2894 5293 3197 5363 ἐπίταγμα,
3226 5292 3288 5347 τὸ
3318 5294 3375 5348 δὲ
3399 5293 3501 5364 τῆς
3533 5295 3673 5366 ὲμῆς
3696 5290 3964 5365 προαιρέ-

2381 5389 2519 5437 σεως
2554 5376 2907 5447 κατόρθωμα.
2972 5376 3039 5428 Ἀ
3086 5376 3187 5445 μὲν
3240 5378 3353 5449 7&9
3407 5368 3547 5449 ὑπέρ
3584 5377 3685 5447 τὴν
3736 5374 3965 5444 ἐντολὴν

2376 5454 2610 5523 γίνεται,
2649 5459 2819 5512 πολὺν
2846 5457 2963 5528 εχει
2990 5458 3085 5510 τὸν
3130 5460 3323 5529 μισθὸν
3351 5462 3497 5515 κατὰ
3520 5458 3685 5514 τοῦτο
3706 5476 3721 5489 ·
3752 5456 3787 5510 ε
3810 5456 3876 5511 6k
3904 5459 3964 5511 έν

2379 5539 2596 5611 ἐντολῆς
2622 5540 2797 5605 τάξει,
2825 5541 2886 5593 οὑ
2931 5540 3205 5598 τοσοῦτον.
3237 5543 3399 5597 Ὥστε
3425 5542 3571 5598 κατά
3605 5539 3765 5594 τοῦτό
3797 5555 3963 5611 φησι,

2376 5620 2535 5677 τοῦτο
2581 5624 2790 5677 ικείνου
2836 5622 2998 5675 πλέον
3054 5620 3211 5691 εἶναι,
3242 5627 3306 5681 οὑ
3334 5628 3457 5680 κατ’
3483 5624 3655 5694 αὐτὴν
3680 5621 3773 5675 τοῦ
3812 5625 3964 5690 πρᾶ-

2377 5721 2586 5775 γματος
2611 5706 2711 5776 τὴν
2761 5704 2943 5774 φύσιν.
2983 5707 3047 5760 Τί
3070 5708 3178 5781 7&9
3198 5711 3293 5765 τοῦ
3334 5708 3571 5780 κηρῦξαι
3603 5707 3746 5771 [σονς
3780 5705 3963 5759 Ἰοῦτο

2378 5791 2486 5859 γὰρ
2533 5791 2629 5847 καὶ
2684 5789 2821 5858 πρὸς
2870 5791 2996 5855 τοὺς
3047 5793 3313 5860 ἀγγέλους
3364 5793 3563 5856 αὐτοὺς
3622 5789 3959 5862 ἁμιλλᾶσθαι
