4070 6322
249 298 336 357 illi

1283 288 1351 344 IN
1389 285 1605 345 EPIST.
1647 286 1668 341 1
1730 283 1822 341 AD
1859 282 2020 340 COB.
2059 280 2290 339 HOMIL.
2331 278 2501 337 XXII.

3435 290 3538 347 18⁸2

260 419 2759 448 ______________________________._______________...__

1543 493 1891 563 HOMILIA
1933 494 2141 557 XXII.

246 675 377 732 Car.
419 669 477 724 9.
518 683 573 724 ν.
615 667 704 722 15.
764 664 988 720 Nescitis
1029 661 1167 733 quod
1205 662 1293 731 qui
1340 676 1489 714 sacra
1539 669 1839 729 aperantur,

318 778 383 817 es
410 759 640 815 sacrario
663 758 832 811 vivunt
853 755 879 809 .’
904 755 989 824 qui
1012 754 1168 808 altari
1188 752 1496 817 deserviunt,
1544 764 1661 801 cum
1687 747 1843 801 altari

321 850 680 924 participant?
730 850 818 904 Η.
870 846 956 901 Ita
990 854 1037 901 et
1076 844 1326 899 Dominus
1354 842 1605 897 ordinavit
1635 840 1719 907 iis,
1755 839 1842 909 qui

319 941 639 1011 euangelium
666 938 989 1003 annantiant,
1028 935 1095 989 de
1118 935 1379 1006 evangelio
1405 934 1589 988 vivere.

316 1038 341 1090 1
357 1074 371 1088 .
418 1033 638 1089 Iultum
661 1039 815 1086 curat
840 1026 1127 1082 ostendere
1151 1040 1257 1081 non
1288 1039 1413 1081 esse
1436 1028 1666 1079 vetitum
1695 1022 1840 1077 acci-

248 1141 398 1197 pere.
433 1122 663 1191 ideoque
688 1135 811 1191 cum
854 1126 934 1172 tot
964 1125 1218 1187 tantaque
1256 1123 1413 1168 antea
1457 1112 1705 1176 dixisset,
1735 1125 1842 1197 non

245 1196 378 1273 satis
420 1215 629 1277 habuit,
682 1211 778 1269 sed
804 1211 967 1265 etiam
991 1207 1059 1263 ad
1090 1208 1262 1278 legem
1295 1203 1557 1275 procedit,
1591 1196 1844 1275 praebens

240 1308 564 1377 exemplum
599 1306 763 1377 priori
789 1299 1214 1359 conveniendus.
1259 1296 1377 1351 Non
1432 1296 1575 1350 enim
1619 1309 1718 1367 par
1756 1308 1846 1347 res

243 1409 364 1453 erat
393 1399 561 1452 boves
589 1397 640 1449 in
668 1392 905 1449 medium
933 1389 1223 1452 adducere,
1272 1392 1329 1441 et
1353 1385 1526 1454 legem
1566 1382 1635 1438 de
1660 1396 1846 1451 sacer-

245 1490 469 1544 dotibus
496 1486 699 1541 diserte
725 1483 885 1536 latam
925 1479 1138 1534 afferre.
1165 1474 1445 1546 Perpende
1488 1481 1669 1528 autem
1715 1470 1845 1525 milti

246 1583 416 1636 etiam
448 1579 505 1633 in
538 1577 639 1631 hoc
669 1574 815 1629 Pauli
846 1569 1213 1642 prudentiam,
1240 1581 1400 1637 quam
1426 1564 1624 1620 decore
1650 1572 1706 1618 et
1734 1577 1845 1615 ma-

247 1673 449 1739 gniﬁce
487 1684 606 1723 rem
643 1672 927 1720 memoret.
970 1660 1155 1730 Neque
1179 1659 1321 1714 enim
1363 1656 1501 1711 dixit
1529 1674 1543 1709 :
1570 1653 1671 1721 Qui
1694 1667 1845 1707 sacra

248 1769 549 1830 operantur
586 1757 655 1812 ab
699 1752 1049 1809 oll'erentibus
1091 1748 1393 1818 accipiunt;
1425 1744 1519 1800 sed
1546 1743 1713 1816 quid?
1766 1742 1851 1796 Ea:

249 1851 485 1905 sacrario
515 1849 725 1912 vivunt;
777 1855 835 1898 ut
864 1858 965 1898 nec
1007 1841 1334 1910 accipientes
1365 1836 1564 1907 probro
1600 1834 1847 1889 allician-

254 1953 345 1997 tur
372 1983 391 2007 ,
443 1954 544 1994 nec
583 1938 673 2008 qui
721 1933 966 2007 praebent
1008 1930 1356 1987 extollantur.
1404 1926 1745 1995 Quapropter
1793 1922 1848 1977 id

253 2033 402 2106 quod
449 2030 694 2101 sequitur
731 2029 811 2083 sic
852 2025 1049 2096 posuit.
1079 2022 1261 2093 Neque
1284 2020 1371 2075 hic
1398 2019 1542 2075 enim
1569 2016 1849 2083 dixit,Qui

249 2125 415 2180 altari
440 2122 701 2186 assident,
728 2120 796 2173 ab
820 2115 1220 2172 immolantibus
1248 2111 1553 2181 accipiunt;
1580 2108 1699 2172 sed,
1722 2106 1850 2162 Cum

250 2217 414 2270 altari
438 2213 764 2284 participant.
796 2208 930 2263 Nam
953 2221 1071 2276 qua:
1094 2205 1275 2259 oblata
1307 2201 1539 2267 fuerant,
1570 2214 1679 2254 non
1711 2197 1849 2251 ultra

255 2304 604 2362 oll‘erentium
638 2310 813 2366 erant,
852 2299 949 2355 sed
979 2296 1199 2353 sacrarii
1240 2305 1299 2358 et
1317 2294 1524 2349 altaris.
1550 2291 1659 2347 Nec
1682 2290 1848 2352 dixit,

254 2398 425 2453 Sacra
445 2394 732 2464 accipiunt,
758 2390 874 2455 sed,
896 2388 979 2445 Ex
1000 2389 1227 2444 sacrario
1247 2386 1451 2447 vivunt;
1471 2398 1657 2439 rursus
1672 2389 1854 2439 osten-

253 2490 399 2545 dens
424 2486 847 2543 moderationem
868 2524 882 2549 ,
926 2490 981 2537 et
1022 2478 1165 2552 quod
1194 2495 1301 2534 non
1321 2487 1576 2548 oporteat
1599 2474 1855 2546 pecunias

257 2581 522 2648 colligere
548 2593 649 2633 nec
675 2575 855 2631 ditari.
882 2573 942 2630 Si
968 2560 1150 2628 autem
1173 2571 1324 2637 dicit,
1361 2570 1488 2624 Cum
1512 2569 1667 2623 altari
1694 2567 1857 2637 parti-

254 2673 459 2739 cipant,
506 2681 611 2722 non
632 2682 699 2722 ex
726 2679 880 2734 aequo
909 2663 1101 2718 iactam
1128 2660 1559 2716 distributionem
1583 2657 1731 2721 dicit,
1759 2656 1856 2711 sed

260 2761 319 2816 id
340 2759 487 2831 quod
516 2773 585 2813 ex
614 2757 797 2812 debito
818 2755 976 2810 datur
995 2752 1076 2809 eis
1097 2752 1367 2806 solatium.
1389 2750 1548 2820 Atqui
1569 2750 1723 2817 longe
1743 2762 1858 2804 ma-

257 2855 381 2921 jora
413 2850 554 2925 apud
580 2848 853 2919 apostolos
880 2854 1054 2901 erant.
1106 2842 1217 2898 illic
1242 2845 1385 2898 enim
1413 2841 1590 2895 honor
1613 2848 1731 2895 erat
1767 2852 1859 2892 sa-

259 2943 567 2999 cerdotium
589 2958 606 3007 ;
632 2941 721 2995 hic
744 2948 923 2994 autem
955 2936 1221 3007 pericula,
1241 2933 1605 3005 jugulationes
1621 2974 1637 2998 ,
1659 2931 1855 2987 credes.

264 3038 398 3092 ideo
425 3034 673 3090 omnibus
693 3032 816 3087 aliis
836 3030 1099 3099 exemplis
1118 3028 1276 3096 longe
1303 3025 1477 3095 majus
1500 3032 1618 3079 erat
1640 3022 1691 3076 id
1718 3021 1858 3092 quod

263 3131 421 3192 dicit,
456 3128 518 3183 Si
548 3143 638 3182 nos
671 3124 810 3180 vobis
830 3122 1121 3194 spiritualia
1145 3119 1522 3174 seminavimus.
1548 3114 1683 3170 Cum
1713 3114 1859 3168 enim

264 3220 422 3285 dicit,
446 3217 843 3281 Seminavinsus,
872 3218 1243 3281 tempesuttes,
1273 3205 1531 3279 pericula,
1562 3203 1783 3259 insidias
1806 3211 1862 3257 et

268 3308 655 3365 inenarrabilis
687 3305 825 3360 mala
867 3301 1124 3364 ostendit,
1151 3315 1270 3370 qua:
1317 3296 1655 3352 sustinebant
1692 3294 1729 3349 ii
1770 3292 1861 3363 qui

270 3400 656 3473 praedicabant.
673 3398 923 3452 Attamen
946 3394 1047 3449 etsi
1074 3401 1217 3447 tanta
1243 3397 1391 3445 esset
1416 3387 1751 3453 excellentia,
1767 3400 1864 3439 no-

272 3495 371 3547 luit
399 3507 462 3547 ea
487 3506 607 3561 quae
637 3491 837 3543 veteris
862 3494 1022 3542 erant
1050 3484 1185 3553 legis
1208 3482 1534 3551 deprimere,
1572 3494 1745 3549 neque
1768 3492 1863 3532 sua

268 3585 535 3640 extollere
555 3600 569 3636 :
591 3582 684 3637 sed
702 3595 797 3636 sua
820 3575 1217 3649 quodammodo
1237 3573 1567 3644 comprimit,
1586 3587 1691 3627 non
1711 3588 1740 3625 a
1767 3587 1863 3642 pe-

273 3675 481 3740 riculis,
506 3673 601 3729 sed
625 3687 655 3726 a
678 3668 1045 3741 magnitudine
1069 3666 1193 3722 doni
1216 3666 1353 3721 dans
1376 3665 1453 3718 illi
1470 3663 1862 3719 excellentiam.

274 3769 399 3825 Non
431 3768 580 3822 enim
604 3764 761 3828 dixit,
782 3763 839 3817 Si
873 3762 1117 3833 pericula
1137 3761 1394 3826 adiimus,
1427 3759 1475 3815 si
1510 3758 1634 3816 vita
1659 3763 1862 3812 nostra

277 3874 389 3914 non
409 3855 822 3920 consuluimus,
846 3852 961 3919 sed,
984 3852 1148 3909 Sinos
1160 3852 1305 3906 vobis
1316 3848 1863 3921 spiritualiasemina-

275 3951 448 4003 rimus
464 3953 552 4001 :et
568 3961 691 4016 qua
709 3951 838 3998 sunt
870 3927 1238 4007 sacerdotum,
1260 3947 1523 4009 quantum
1551 3937 1666 3993 ﬁeri
1684 3943 1865 4007 potest

272 4034 489 4090 extollit
530 4032 716 4087 dicens
750 4050 764 4087 :
796 4031 901 4097 Qui
927 4045 1076 4086 sacra
1103 4040 1414 4101 operantur,
1476 4039 1527 4085 et
1576 4031 1664 4099 qui
1714 4028 1868 4082 altari

272 4126 539 4187 assident;
580 4132 890 4193 perpetuam
933 4122 1145 4176 illorum
1184 4121 1498 4177 servitutem
1521 4127 1577 4175 et
1604 4133 1863 4189 perseve-
1916 4138 1917 4141 η

275 4219 508 4274 rantiam
538 4216 727 4271 volens
755 4214 1062 4271 ostendere.
1108 4214 1175 4269 Et
1208 4228 1332 4269 cum
1358 4212 1585 4267 dixisset
1616 4212 1867 4266 sacerdo-

274 4323 359 4368 tes
398 4310 493 4380 qui
532 4317 658 4364 sunt
693 4307 834 4378 apud
860 4306 1096 4373 Judzeos,
1125 4316 1180 4361 et
1211 4304 1426 4365 Levitas
1455 4312 1510 4359 et
1535 4302 1825 4360 Pontiﬁces
1848 4344 1864 4370 ,

274 4413 537 4470 utrosque
582 4400 799 4453 ordines
851 4397 1072 4461 indicat,
1113 4406 1171 4453 et
1195 4397 1284 4466 qui
1326 4404 1452 4451 sunt
1488 4396 1771 4451 inferiores
1812 4402 1868 4449 et

271 4492 365 4565 qui
390 4491 714 4561 superiores,
741 4491 874 4543 alios
894 4488 1108 4559 quidem
1133 4503 1255 4543 cunt
1273 4488 1424 4552 dicit,
1459 4488 1558 4553 Qui
1583 4504 1727 4541 sacra
1747 4502 1869 4555 ope.

272 4594 493 4647 rantur;
529 4581 664 4636 alios
692 4597 821 4637 vero
848 4596 970 4635 cum
996 4582 1157 4647 dicit,
1191 4581 1292 4647 Qui
1316 4582 1465 4634 altari
1492 4580 1738 4633 assident.
1760 4578 1841 4634 Ne

271 4691 386 4748 que
412 4675 558 4730 enim
590 4675 841 4728 omnibus
865 4687 1029 4727 unum
1055 4687 1190 4741 opus
1218 4673 1525 4726 mandatum
1572 4680 1723 4737 erat,
1770 4670 1865 4725 sed

271 4768 401 4823 aliis
440 4764 736 4827 crassiora,
766 4765 885 4819 aliis
922 4764 1109 4818 altiora
1140 4764 1450 4817 concredita
1480 4762 1711 4816 inerant.
1755 4761 1865 4817 Hos

272 4860 442 4930 igitur
467 4869 656 4911 omnes
678 4848 991 4927 complexus
1010 4897 1025 4920 ,
1054 4869 1121 4908 ne
1147 4854 1267 4923 quis
1294 4853 1517 4919 diceret,
1550 4853 1657 4907 Cur
1682 4862 1865 4907 vetera

274 4950 438 5006 nobis
465 4950 774 5003 memorasti
795 4949 820 5000 τ
858 4949 1033 5005 nescis
1068 4946 1445 5021 perlectiornm
1491 4945 1863 5003 mandatorum

274 5042 436 5099 nobis
461 5054 583 5096 esse
611 5040 860 5107 tempus?
902 5049 1022 5109 post
1065 5039 1151 5093 illa
1191 5036 1394 5098 omnia,
1433 5035 1575 5103 quod
1612 5035 1866 5089 omnibus

274 5133 474 5189 fortius
502 5138 619 5187 erat
644 5131 823 5201 posuit
849 5130 1034 5185 dicens
1063 5148 1078 5185 :
1120 5129 1205 5186 Ita
1246 5138 1295 5183 et
1325 5126 1576 5182 Dominus
1611 5128 1865 5182 ordinavit

272 5230 361 5290 iis,
415 5228 502 5296 qui
525 5224 835 5290 evangelium
858 5225 1186 5289 annuntiant,
1219 5222 1282 5275 de
1309 5220 1566 5290 evangelio
1588 5219 1770 5271 viuere.
1796 5218 1865 5272 Et

273 5334 457 5387 neque
500 5316 604 5372 hoc
637 5314 787 5378 dicit,
817 5314 899 5368 Ali
928 5314 996 5367 ab
1025 5315 1371 5377 hominibus;
1401 5311 1496 5367 sed
1531 5313 1669 5366 sicut
1684 5312 1742 5366 in
1771 5326 1864 5365 sa-

272 5408 612 5471 cerdotibus,
668 5401 753 5458 Ea:
793 5418 958 5465 sacro,
1004 5412 1060 5455 et
1102 5403 1397 5468 Exmltari,
1449 5404 1517 5458 ita
1556 5412 1611 5456 et
1641 5401 1749 5467 hic,
1782 5397 1866 5457 Ea:

272 5500 556 5572 euangelio,
583 5498 711 5552 dicit
737 5513 750 5551 :
780 5504 829 5550 et
853 5494 990 5547 sicut
1013 5494 1123 5548 illic
1155 5496 1337 5560 Edere,
1371 5498 1441 5551 ita
1467 5505 1522 5550 et
1544 5496 1629 5549 hic
1656 5493 1867 5560 Vivere;

267 5604 389 5647 non
415 5597 777 5645 mercaturam
806 5584 984 5640 facere
1020 5584 1107 5638 vel
1140 5584 1525 5642 thesaurizare.
1565 5585 1768 5656 Dignus
1796 5595 1867 5639 est

265 5680 444 5747 enim,
473 5679 669 5749 inquit,
710 5678 973 5748 operarius
999 5674 1226 5729 mercede
1261 5691 1354 5729 sua
1377 5676 1591 5749 (Matth.
1631 5677 1716 5731 10.
1750 5675 1863 5749 ill).

592 5769 868 5832 Panos.
913 5767 1031 5829 Gn.
1071 5764 1235 5829 LXI.

1951 658 2038 713 15.
2073 657 2185 728 Ego
2221 668 2390 713 autem
2424 659 2565 713 nullo
2594 659 2773 715 horum
2802 678 2923 715 usus
2952 679 3085 716 sum.
3114 663 3249 729 Quid
3280 673 3391 719 lunt
3412 706 3428 728 ,
3454 666 3541 723 ln-

1950 748 2122 815 quies,
2152 749 2196 801 si
2228 763 2369 804 nunc
2397 764 2504 804 non
2533 766 2662 806 usus
2690 766 2771 817 es,
2801 754 2852 806 in
2894 752 3075 809 futuro
3102 764 3280 811 autem
3310 760 3389 810 vis
3421 767 3497 809 utt
3522 797 3540 815 .

1948 848 2002 892 ct
2033 848 2315 910 proluerea
2347 839 2464 896 haec
2490 841 2662 897 dicis?
2688 843 2910 913 Apage;
2941 846 3121 899 statim
3161 862 3389 917 namque
3420 863 3544 916 pro.

1951 938 2131 998 pterea
2158 945 2285 983 usus
2312 941 2400 985 est
2429 926 2785 999 correctione,
2817 936 2894 988 sic
2934 935 3121 993 dlcens
3157 954 3169 990 :
3206 935 3330 993 Non
3356 940 3538 1006 scripsi

1949 1030 2118 1073 autem
2146 1022 2282 1085 tunc,
2308 1033 2365 1076 ut
2394 1022 2469 1078 sic
2485 1024 2579 1091 fiat
2604 1025 2658 1078 in
2687 1041 2786 1080 me.
2831 1026 2896 1079 Et
2925 1025 3046 1081 vide
3072 1043 3194 1081 cum
3222 1038 3418 1097 quanta
3448 1044 3542 1083 ve-

1952 1112 2219 1168 hementia
2243 1129 2355 1170 rem
2383 1125 2541 1185 negat
2566 1124 2620 1170 et
2646 1116 2865 1187 depellit
2899 1136 2911 1171 :
2944 1114 3146 1174 Bonum
3167 1129 3239 1173 est
3260 1122 3393 1173 enim
3420 1122 3549 1174 mihi

1951 1205 2115 1275 magis
2160 1206 2312 1272 mori,
2360 1222 2513 1275 quam
2541 1218 2595 1259 ut
2623 1205 2843 1280 gloriam
2873 1226 3034 1263 meam
3062 1212 3177 1281 quis
3201 1221 3430 1265 evacuet.
3478 1212 3549 1268 Et

1953 1310 2057 1349 non
2087 1296 2280 1364 semel,
2312 1312 2486 1366 neque
2512 1298 2615 1361 bis,
2659 1297 2754 1354 sed
2796 1301 2993 1371 saepius
3020 1303 3120 1357 hac
3147 1303 3315 1357 utitur
3342 1301 3538 1358 dictio.

1952 1401 2021 1441 ne
2051 1404 2065 1439 :
2097 1402 2219 1440 nam
2241 1396 2298 1443 et
2327 1389 2576 1458 superius
2603 1388 2735 1445 dixit
2763 1408 2776 1443 :
2810 1388 2932 1445 Non
2970 1391 3049 1446 usi
3076 1409 3251 1447 sumus
3277 1392 3373 1446 hac
3396 1402 3547 1464 pole-

1950 1488 2117 1542 state;
2164 1489 2219 1535 et
2262 1489 2447 1548 postea
2496 1497 2734 1547 rursum,
2788 1481 2857 1539 Ut
2894 1500 2995 1537 non
3026 1485 3214 1540 abutar
3256 1502 3369 1539 mea
3406 1495 3549 1555 pote-

1952 1578 2078 1623 state
2102 1585 2120 1633 ;
2160 1578 2214 1624 et
2243 1569 2330 1625 hic
2362 1590 2377 1624 :
2408 1570 2522 1642 Ego
2548 1584 2715 1627 autent
2746 1574 2887 1628 nullo
2915 1576 3098 1629 [torum
3124 1593 3246 1630 usus
3271 1595 3406 1633 sum.
3439 1576 3550 1632 Ho-

1951 1657 2115 1715 rum.‘
2154 1663 2421 1730 quorum?
2463 1662 2750 1717 Multorum
2796 1666 3188 1733 exemplorum.
3224 1666 3358 1723 Cum
3402 1669 3545 1723 enim

1954 1753 2117 1806 multa
2147 1754 2275 1809 milti
2309 1764 2629 1824 potestatem
2671 1757 2993 1825 prazberent,
3050 1759 3231 1823 miles,
3285 1762 3543 1830 agricola,

1956 1852 2158 1912 pastor,
2190 1845 2443 1912 apostoli,
2465 1846 2572 1907 lex,
2599 1862 2661 1901 ea
2686 1862 2806 1915 qua:
2834 1863 2864 1901 a
2896 1848 3051 1902 nobis
3082 1848 3135 1903 in
3164 1864 3258 1904 vos
3291 1850 3445 1911 ﬁunt,
3477 1867 3540 1908 ea

1954 1950 2072 2003 qua:
2101 1950 2129 1986 a
2161 1936 2309 1990 vobis
2332 1937 2383 1989 in
2409 1937 2563 2002 alios,
2593 1920 2934 2002 sacerdotes:
2954 1950 3280 2010 prteceptum
3303 1940 3503 1998 Christi
3530 1961 3545 1997 :

1955 2023 2084 2078 nulli
2111 2023 2302 2079 horum
2330 2024 2719 2097 obtemperavi,
2747 2037 2804 2082 ut
2832 2028 3005 2099 legem
3030 2044 3206 2086 meam
3230 2032 3549 2102 abrogarem

1954 2124 2009 2168 et
2037 2116 2360 2190 acciperem.
2384 2117 2494 2174 Nec
2518 2118 2650 2173 mihi
2673 2119 2823 2174 dicas
2861 2120 2948 2175 illa
2979 2136 3099 2191 quae
3128 2124 3500 2190 pra-teriernnt
3532 2142 3547 2178 :

1955 2206 2166 2261 etiamsi
2211 2208 2415 2278 possim
2464 2208 2667 2273 dicere,
2701 2225 2790 2265 me
2838 2212 3005 2266 multa
3031 2213 3237 2282 pridem
3267 2224 3549 2287 propterea

1958 2310 2172 2364 passum
2201 2311 2320 2352 esse
2353 2308 2628 2354 :attanten
2668 2314 2774 2355 non
2820 2301 2927 2355 illis
2972 2311 3179 2358 tantum
3225 2305 3405 2367 nitor;
3456 2302 3550 2359 sed

1954 2387 2117 2442 etiam
2132 2387 2202 2442 de
2229 2386 2420 2443 futuris
2451 2390 2727 2469 polliceor,
2747 2407 2834 2447 me
2858 2393 3020 2448 malle
3042 2395 3177 2452 mori
3209 2394 3367 2458 fante,
3392 2411 3551 2465 quam

1958 2478 2043 2534 liis
2076 2480 2294 2537 coronis
2325 2479 2541 2550 privari.
2572 2480 2774 2537 Bonum
2794 2492 2867 2539 est
2894 2484 3030 2542 enim
3056 2486 3181 2541 mihi
3207 2487 3371 2557 magis
3398 2487 3551 2553 mori.

1960 2574 2147 2644 inquit,
2168 2589 2320 2648 quam
2346 2584 2402 2629 ut
2430 2576 2648 2647 gloriam
2677 2592 2840 2630 meam
2861 2577 2973 2646 quis
3002 2588 3222 2633 eoacuct.
3249 2578 3365 2635 Non
3392 2578 3552 2640 dixit,

1960 2679 2119 2735 quam
2144 2674 2201 2719 ut
2230 2666 2403 2735 legem
2428 2681 2606 2721 meam
2632 2667 2751 2737 quis
2781 2670 2986 2732 solvat,
3011 2669 3107 2723 sed
3127 2710 3146 2735 ,
3172 2667 3425 2728 Gloriam.
3472 2668 3556 2726 Ne

1960 2758 2078 2827 quis
2116 2758 2260 2813 enim
2290 2758 2453 2824 dicat,
2488 2760 2660 2829 ipsum
2692 2761 2794 2814 ltoc
2824 2760 3043 2829 quidem
3068 2761 3271 2829 lacere,
3315 2762 3410 2817 sed
3442 2776 3551 2819 non

1960 2849 2304 2920 gaudentem,
2346 2848 2440 2904 sed
2483 2858 2789 2919 gementem
2829 2860 2885 2905 et
2926 2860 3246 2907 maerentem
3274 2870 3289 2915 ;
3316 2852 3555 2910 laetitiam

1962 2943 2234 3013 ingentem
2277 2942 2565 3000 ostendere
2590 2943 2777 3001 volens
2808 2957 3166 3014 magnamque
3190 2945 3552 3012 alacritatem,

1960 3049 2076 3088 rem
2105 3034 2274 3103 ipsam
2300 3034 2535 3102 appellat
2559 3034 2951 3104 gloriationem.
3002 3033 3229 3090 Tantum
3269 3035 3457 3091 aberat
3498 3046 3559 3091 ut

1963 3123 2193 3191 doleret,
2240 3133 2297 3178 ut
2344 3126 2506 3178 etiam
2554 3125 2897 3195 gloriaretur,
2928 3134 2986 3180 et
3016 3126 3150 3180 mori
3177 3127 3352 3189 malit,
3391 3142 3554 3196 quam

1966 3216 2067 3269 Itac
2110 3216 2282 3284 gloria
2325 3215 2596 3272 excidere.
2649 3216 2724 3270 Ita
2752 3216 2899 3289 quod
2929 3226 3038 3271 tum
3069 3216 3251 3283 ﬁebat,
3304 3220 3417 3290 ipsa
3448 3220 3557 3276 vita

1964 3306 2174 3361 dulcius
2207 3308 2304 3377 ipsi
2332 3317 2469 3361 erat.
2868 3313 2872 3317 “

2036 3398 2092 3451 2.
2138 3397 2340 3453 Deinde
2385 3398 2599 3455 aliunde
2633 3400 2793 3455 etiam
2835 3400 2886 3454 id
2927 3390 3159 3469 extollit,
3204 3411 3261 3457 et
3308 3416 3557 3473 magnum

1966 3503 2090 3543 esse
2116 3489 2371 3554 ostendit,
2404 3505 2507 3544 non
2540 3502 2597 3544 ut
2619 3507 2679 3547 se
2707 3492 3047 3561 splendidum
3075 3494 3408 3559 declararet;
3433 3511 3560 3565 pro-

1964 3581 2050 3635 cul
2076 3583 2219 3637 enim
2250 3583 2339 3637 ille
2361 3592 2478 3639 erat
2505 3585 2573 3638 ab
2603 3584 2707 3639 hoc
2730 3587 2892 3641 animi
2918 3586 3143 3648 aﬂectu;
3173 3589 3265 3642 sed
3298 3598 3353 3642 ttt
3378 3598 3559 3645 osten-

1967 3672 2126 3727 deret
2148 3689 2210 3727 se
2237 3674 2428 3741 laetari,
2458 3684 2511 3728 et
2538 3677 2899 3744 suspicionem
2930 3693 3143 3732 omnem
3166 3677 3233 3733 de
3253 3678 3431 3733 medio
3458 3679 3561 3732 tol.

1967 3764 2123 3819 leret.
2146 3765 2270 3820 Ideo
2286 3765 2452 3831 enim,
2472 3775 2530 3821 ut
2548 3766 2659 3836 jam
2683 3767 2816 3832 dixi,
2839 3783 2955 3824 rem
2984 3779 3138 3823 vocat
3158 3771 3557 3838 gloriationetu.

1968 3856 2035 3911 Et
2060 3857 2186 3926 quid
2211 3857 2330 3912 ait?
2372 3858 2459 3913 16.
2495 3856 2634 3912 Nam
2663 3860 2706 3913 si
2736 3862 3161 3931 evangeliaavero,
3193 3877 3295 3915 non
3322 3870 3392 3915 est
3433 3862 3559 3915 mihi

1967 3946 2134 4018 gloria
2156 3964 2176 4013 ;
2207 3949 2477 4002 necessitas
2502 3951 2635 4003 enim
2668 3952 2799 4004 mihi
2823 3953 3066 4009 incumbit
3088 3970 3108 4019 ;
3141 3968 3216 4007 va:
3239 3963 3406 4006 autem
3432 3953 3560 4006 mihi

1970 4046 2063 4104 est,
2091 4038 2136 4091 si
2162 4054 2265 4091 non
2290 4040 2717 4110 euangelisavero.
2752 4044 2839 4097 l7.
2888 4044 2952 4098 Si
2975 4045 3107 4097 enim
3132 4046 3303 4098 volens
3329 4043 3423 4097 hoc
3462 4060 3556 4114 ego

1970 4125 2127 4195 facio,
2169 4126 2448 4181 mercedem
2477 4130 2636 4183 habeo
2663 4146 2681 4184 :
2709 4132 2754 4185 si
2781 4140 2951 4186 autem
2997 4132 3202 4195 invitus,
3244 4132 3561 4201 dispensatio

1970 4218 2097 4271 mihi
2146 4220 2340 4273 credita
2389 4230 2482 4273 est.
2528 4221 2614 4276 18.
2665 4220 2792 4286 Qua:
2822 4230 2898 4274 est
2928 4238 3049 4294 ergo
3075 4238 3261 4275 merces
3289 4223 3443 4279 mea?
3490 4221 3559 4278 Ut

1969 4309 2285 4378 evangelium
2310 4311 2615 4378 pradicans,
2646 4312 2756 4375 sine
2782 4323 2988 4383 sumptu
3023 4329 3207 4381 ponam
3241 4314 3557 4383 euangelium

1971 4397 2211 4453 Christi:
2248 4409 2303 4453 ut
2352 4417 2453 4453 non
2498 4401 2677 4454 abutar
2726 4412 2970 4473 potestate
3014 4420 3124 4459 mea
3172 4405 3224 4457 in
3276 4404 3558 4475 evangelio.

1970 4490 2131 4558 Quid,
2166 4507 2369 4562 quieso,
2399 4494 2579 4546 diris?
2615 4494 2661 4547 si
2696 4495 3052 4564 evangelizas,
3085 4512 3193 4551 non
3218 4507 3300 4552 est
3326 4498 3419 4551 tibi
3440 4497 3559 4567 glo-

1971 4583 2161 4645 riatio;
2212 4583 2306 4638 sed
2353 4586 2396 4641 si
2438 4585 2556 4639 sine
2608 4596 2821 4655 sumptu
2852 4602 3022 4658 ponas
3055 4587 3561 4657 evangeliumlltoc

1970 4689 2100 4743 ergo
2129 4673 2301 4743 majus
2325 4686 2409 4728 est
2439 4676 2569 4728 illo?
2616 4676 2999 4747 Nequaquam;
3045 4679 3140 4733 sed
3193 4677 3409 4734 aliunde
3456 4680 3557 4737 ali-
3660 4662 3676 4675 ’

1970 4768 2099 4837 quid
2126 4769 2358 4837 amplius
2392 4769 2591 4833 habet;
2635 4773 2890 4839 quoniam
2936 4771 3077 4824 aliud
3114 4772 3330 4841 quidem
3361 4788 3562 4841 prmee—

1971 4869 2118 4929 ptum
2144 4869 2248 4927 est,
2278 4859 2420 4913 aliud
2453 4872 2632 4916 autem
2662 4878 2690 4915 a
2716 4877 2834 4915 mea
2868 4862 3143 4918 voluntate
3172 4865 3428 4933 praeclare
3456 4878 3554 4933 ge-

1970 4957 2111 5004 stum
2154 4958 2255 5005 est.
2305 4948 2437 5005 Nam
2469 4967 2587 5020 quae
2616 4966 2776 5021 supra
2804 4951 3113 5007 mandatum
3148 4954 3301 5015 ﬁunt,
3334 4955 3557 5011 multam

1969 5040 2051 5094 vel
2084 5040 2207 5095 inde
2237 5040 2537 5095 mercedem
2570 5039 2805 5104 habent;
2833 5058 2950 5109 quat
2981 5052 3159 5097 autem
3193 5056 3260 5097 es
3280 5044 3557 5111 mandato,

1971 5144 2076 5184 non
2124 5138 2345 5184 tantam.
2392 5130 2576 5199 Itaque
2620 5132 2717 5185 hac
2763 5134 2971 5187 ratione
2997 5132 3145 5197 dicit,
3193 5131 3298 5189 hoc
3326 5133 3416 5188 illo
3435 5149 3561 5191 esse

1971 5222 2235 5289 amplius,
2278 5235 2384 5275 non
2424 5221 2717 5275 secundum
2765 5222 2931 5293 ipsam
2983 5223 3060 5278 rei
3108 5233 3394 5278 naturam:
3426 5223 3553 5294 quid

1971 5311 2112 5366 enim
2137 5310 2501 5378 przedicationi
2524 5326 2620 5379 par
2646 5310 2845 5364 fuerit?
2878 5310 2989 5364 Hoc
3013 5312 3157 5365 enim
3189 5313 3372 5377 et‘llcit,
3393 5323 3451 5367 nt
3478 5311 3555 5367 illi

1970 5416 2093 5456 cum
2121 5400 2326 5471 angelis
2351 5409 2664 5455 concertent
2696 5419 2707 5456 :
2738 5412 2971 5455 attamen
3001 5405 3253 5474 quoniam
3283 5401 3408 5456 illud
3436 5403 3555 5473 qni-

1972 5491 2095 5545 dem
2146 5500 2470 5560 praeceptum
2520 5499 2604 5545 est
2650 5500 2704 5545 et
2742 5491 3001 5555 debitum,
3036 5493 3135 5547 hoc
3161 5502 3337 5547 autem
3367 5492 3552 5548 libera:

1974 5568 2265 5638 voluntatis
2296 5598 2432 5653 opus
2460 5582 2708 5638 alacriter
2731 5596 3038 5653 susceptum
3064 5602 3078 5651 ;
3129 5584 3424 5639 secundum
3463 5583 3554 5637 illo

1973 5675 2201 5746 amplius
2228 5684 2328 5731 est.
2378 5675 2502 5730 ideo
2528 5676 2620 5739 ait,
2662 5675 2763 5729 hoc
2788 5676 2960 5746 ipsum
2999 5678 3359 5743 interpretans
3403 5674 3549 5745 quod

3162 5768 3237 5832 12
