4070 6322
582 268 675 318 lita
1329 262 1384 315 S.
1412 260 1688 316 JOANNIS
1726 257 2188 315 CHRYSOSTOMI
2232 260 2539 315 ARCilIEP.
2581 260 3109 326 CONSTANTINOP.
3794 276 3893 331 184

576 392 720 431 nunc
747 376 859 432 dixi
894 394 906 429 :
935 377 994 432 Si
1016 379 1147 431 enim
1172 377 1342 430 volens
1371 378 1464 429 hoc
1492 377 1647 447 facio,
1675 375 1950 429 mercedem
1979 375 2173 436 habeo;

572 486 615 521 si
651 479 819 522 autem
845 470 1051 533 invitus,
1080 470 1392 541 dispensatio
1419 470 1543 521 mihi
1570 469 1755 521 tradita
1778 477 1845 521 est
1871 484 1889 520 :
1921 467 2045 520 illud
2073 466 2176 521 Vo-

574 564 681 613 Iens
737 570 793 615 et
833 558 1031 615 Invitus
1079 560 1371 629 accipiens,
1406 574 1503 629 pro
1532 575 1596 613 eo
1635 561 1775 627 quod
1810 558 2173 611 concreditum

573 651 655 704 vel
693 668 799 705 non
827 653 1196 707 concreditum
1228 663 1331 705 cst.
1365 652 1453 706 Sic
1484 654 1646 706 etiam
1684 652 1836 715 illud,
1880 649 2176 703 Necessitas

575 741 704 795 mihi
740 743 1009 806 incumbit,
1066 741 1471 812 intelligendum
1520 751 1622 805 est,
1657 758 1762 795 non
1803 741 1943 810 quod
1975 740 2174 809 aliquid

580 831 773 885 horum
806 831 1004 884 invitus
1033 829 1231 896 faciat,
1262 832 1403 885 absit
1430 849 1444 896 ;
1477 830 1571 885 sed
1608 841 1661 883 ut
1690 833 1781 900 qui
1812 832 1881 883 sit
1911 829 2176 882 obnoxius

578 922 642 975 iis
675 937 794 991 qua:
836 922 983 992 jussa
1026 933 1186 995 sunt,
1229 930 1284 975 et
1326 921 1393 975 ad
1445 922 1842 975 distinctionem
1896 919 2161 975 libertatis

577 1030 696 1082 qth
728 1014 867 1067 dicta
899 1023 981 1067 est
1006 1014 1055 1066 in
1086 1014 1423 1081 accipiendo.
1456 1013 1685 1081 Ideoque
1712 1011 1995 1079 discipulis
2025 1009 2173 1063 dice-

578 1104 669 1157 bat
692 1100 938 1157 Christus
969 1122 980 1155 :
1019 1104 1143 1156 Cum
1175 1105 1347 1157 omnia
1376 1104 1617 1173 feceritis,
1651 1104 1823 1165 dicite,
1868 1100 2013 1155 Servi
2062 1100 2175 1151 inu-

578 1198 689 1251 tiles
714 1216 921 1261 sumus;
947 1215 1058 1268 qua:
1086 1200 1219 1252 enim
1244 1197 1504 1250 debuimus
1532 1200 1723 1266 facere,
1761 1196 1972 1266 fecimus
2018 1191 2170 1264 (Luc.

578 1290 669 1343 17.
704 1289 815 1359 10).
857 1290 987 1356 Quae
1028 1299 1108 1343 est
1144 1304 1273 1359 ergo
1304 1302 1515 1342 merces
1541 1287 1701 1341 mea?
1750 1284 1817 1340 Ut
1862 1286 2174 1355 evangelium

577 1380 862 1449 praedicans
896 1382 1006 1433 sine
1035 1389 1244 1449 sumptu
1272 1395 1460 1447 ponam
1482 1378 1818 1448 evangelium.
1857 1376 1993 1442 Quid
2022 1390 2170 1444 ergo,

576 1486 761 1539 qumso
797 1479 869 1535 te,
904 1471 1093 1523 Petrus
1126 1468 1435 1523 mercedem
1482 1485 1586 1522 non
1617 1466 1815 1521 habet?
1842 1467 2035 1535 etquis
2058 1481 2173 1517 mn-

577 1576 736 1628 quam
767 1569 965 1613 tantam
998 1561 1265 1623 habuerit,
1295 1570 1549 1629 quantam
1577 1558 1705 1612 ille?
1727 1557 1853 1627 quid
1887 1572 2014 1609 vero
2045 1556 2175 1609 reli—

578 1651 667 1718 qui
692 1651 960 1718 apostoli?
992 1651 1262 1720 quomodo
1288 1666 1418 1720 ergo
1447 1650 1579 1703 dixit
1611 1669 1622 1701 :
1662 1649 1722 1702 Si
1761 1649 1930 1701 volens
1970 1648 2172 1716 quidem

579 1742 671 1792 hoc
695 1757 813 1810 ago,
838 1741 1117 1794 mercedem
1148 1741 1344 1806 habeo;
1377 1743 1420 1793 si
1448 1741 1652 1802 invitus,
1694 1739 2003 1807 dispensatio
2050 1737 2173 1789 mihi

576 1834 767 1885 credita
802 1835 906 1886 est?
951 1832 1117 1887 Vides
1158 1834 1245 1885 hic
1285 1848 1500 1901 quoque
1556 1829 1936 1899 prudentiam?
1988 1829 2171 1897 Neque

577 1924 718 1977 cnim
747 1924 899 1989 dixit,
936 1924 993 1979 Si
1021 1934 1199 1977 autem
1232 1925 1452 1987 invitus,
1490 1938 1593 1975 non
1626 1921 1800 1975 habeo
1831 1920 2169 1985 mercedem;

578 2017 706 2081 sed,
760 2015 1088 2085 Dispensatio
1133 2018 1259 2069 mihi
1304 2017 1496 2069 credita
1535 2025 1648 2078 est;
1686 2014 1978 2068 ostendens
2007 2027 2066 2066 se
2095 2012 2170 2065 sic

577 2122 788 2175 quoque
822 2107 1127 2161 mercedem
1160 2107 1376 2167 habere,
1411 2106 1503 2159 sed
1536 2106 1713 2169 talem,
1740 2104 1950 2173 qualem
1984 2103 2049 2167 is,
2079 2106 2167 2171 qui

577 2198 945 2266 quodjussum
975 2211 1090 2253 erat
1118 2210 1444 2268 exsequutus
1467 2208 1582 2263 est;
1614 2212 1719 2250 non
1746 2197 1957 2266 qualem
1989 2196 2052 2257 is,
2079 2198 2171 2265 qui

580 2305 646 2342 ex
690 2298 835 2343 metu
890 2304 988 2344 suo
1033 2290 1284 2344 alacriter
1312 2301 1637 2359 pra-ceptum
1668 2291 1965 2357 superavit.
2014 2288 2171 2355 Qum-

577 2396 698 2435 ttam
731 2398 859 2451 ergo
891 2398 1097 2436 merces
1123 2383 1245 2436 est?
1294 2381 1363 2436 Ut
1395 2382 1708 2452 evangelium
1736 2381 2043 2449 prtedicans,
2091 2380 2171 2431 in-

580 2473 728 2541 quit,
761 2473 871 2525 sine
904 2484 1109 2543 sumptu
1149 2489 1336 2543 ponam
1391 2472 1706 2542 evangelium
1730 2489 1747 2535 ;
1769 2479 1820 2523 ut
1863 2486 1963 2522 non
1991 2470 2170 2522 abutar

576 2574 822 2632 potestate
860 2582 973 2619 mea
999 2566 1051 2619 in
1076 2566 1357 2635 evangelio.
1409 2564 1601 2617 Viden‘
1637 2562 1908 2633 quomodo
1960 2578 2171 2632 semper

576 2658 856 2722 potestatis
888 2658 1106 2711 nomine
1136 2666 1355 2712 utatur:
1390 2655 1681 2709 ostendens
1713 2655 1860 2719 illud,
1892 2656 2032 2725 quod
2064 2655 2171 2710 fre-

576 2756 807 2813 quenter
833 2746 980 2809 dixi,
1032 2745 1174 2815 quod
1220 2763 1315 2799 nec
1346 2747 1419 2799 illi
1450 2747 1688 2814 quidem,
1739 2748 1829 2816 qui
1876 2748 2165 2815 accipiunt,

576 2837 719 2905 digni
760 2837 868 2889 sint
905 2836 1369 2905 reprehensione?
1414 2838 1633 2892 Addidit
1677 2849 1877 2902 autem,
1911 2836 1977 2891 In
2012 2855 2166 2892 evan-

575 2927 726 2995 gelio,
756 2926 915 2987 simul
943 2928 1250 2997 significans
1270 2927 1627 2996 evangelium,
1660 2935 1713 2979 ct
1746 2927 2032 2995 prohibens
2056 2929 2170 2983 ubi-

576 3034 679 3086 que
706 3032 820 3071 rem
847 3018 1102 3071 educere.
1158 3020 1453 3071 Ducentem
1475 3017 1617 3071 enim
1650 3027 1863 3085 oportet
1891 3020 2165 3088 accipere,

577 3124 683 3163 non
715 3117 893 3163 autem
924 3110 1177 3163 otiosum.
1211 3108 1299 3163 l9.
1323 3107 1461 3160 Nam
1488 3124 1606 3160 cum
1634 3106 1759 3161 liber
1786 3124 1944 3161 essem
1972 3126 2033 3163 ea:
2063 3126 2171 3163 om—

577 3200 745 3263 nibus,
772 3200 1002 3251 omnium
1034 3216 1111 3251 me
1131 3214 1326 3251 servum
1356 3198 1472 3267 feci,
1507 3207 1561 3248 ut
1588 3197 1758 3264 plures
1796 3198 2167 3269 lucrifacerem.

580 3289 677 3343 llic
722 3304 905 3343 rursus
935 3289 1094 3343 aliam
1137 3290 1288 3356 ponit
1330 3288 1683 3359 hyperbolen.
1741 3289 1984 3359 Magnum
2028 3293 2167 3346 enim

579 3390 662 3435 est
689 3396 793 3433 non
818 3380 1091 3449 accipere;
1119 3377 1222 3432 hoc
1248 3386 1426 3432 autem
1451 3378 1591 3446 quod
1610 3378 1854 3435 dicturus
1877 3392 1979 3446 est,
2015 3383 2171 3452 longe

578 3472 752 3541 majus
782 3472 875 3525 illo
903 3479 1004 3525 est.
1037 3468 1177 3535 Quid
1222 3477 1401 3522 autem
1449 3477 1532 3524 est
1573 3468 1624 3523 id
1678 3470 1816 3538 quod
1863 3471 2024 3525 dicit?
2053 3472 2168 3525 Non

580 3563 756 3617 solum
804 3576 914 3615 non
953 3560 1155 3630 accepi,
1197 3560 1387 3629 inquit,
1442 3575 1617 3630 neque
1664 3562 1838 3615 solum
1884 3578 1987 3616 non
2042 3577 2170 3616 usus

580 3669 698 3708 sum
744 3653 847 3707 hac
892 3656 1157 3723 potestate
1182 3693 1196 3717 ,
1242 3651 1334 3707 sed
1365 3653 1527 3706 etiam
1558 3667 1645 3707 me
1668 3653 1911 3707 servituti
1941 3654 2167 3723 subjeci,

584 3745 691 3797 imo
720 3743 879 3797 varia:
907 3740 1164 3797 et'omnis
1189 3744 1403 3812 generis
1432 3744 1694 3796 servituti.
1728 3742 1911 3813 Neque
1937 3745 2082 3799 enim
2116 3748 2170 3799 in

580 3836 819 3901 pecuniis
846 3834 1059 3888 solam:
1104 3833 1198 3887 sed
1226 3833 1366 3902 quod
1396 3834 1639 3902 pecuniis
1665 3835 1826 3905 longe
1859 3836 2033 3905 majus
2064 3847 2167 3901 est,

582 3929 634 3981 in
684 3926 867 3980 multis
908 3934 963 3979 et
992 3925 1157 3979 variis
1197 3926 1426 3993 negotiis
1468 3924 1570 3979 hoc
1608 3926 1779 3993 ipsum
1828 3927 2083 3981 exhibui:
2119 3938 2173 3982 et

579 4019 826 4074 servituti
860 4033 946 4072 me
984 4016 1213 4085 subjeci,
1255 4032 1376 4070 cum
1423 4017 1472 4069 in
1520 4015 1666 4071 nulla
1696 4032 1753 4071 re
1780 4018 2051 4086 subjectus
2083 4034 2169 4072 es-

580 4124 715 4173 sem,
743 4124 842 4163 nec
862 4109 967 4162 ulla
989 4108 1309 4162 necessitate
1330 4105 1557 4161 ducerer
1580 4124 1594 4171 ;
1620 4106 1721 4160 hoc
1746 4108 1886 4160 enim
1909 4116 1993 4161 est
2020 4107 2168 4172 illud,

580 4199 731 4253 Liber
758 4216 874 4252 cum
897 4214 1055 4253 essent
1090 4215 1152 4252 ea:
1184 4199 1416 4251 omnibus
1442 4214 1459 4258 ;
1489 4213 1661 4267 neque
1704 4200 1792 4252 uni
1838 4208 2040 4253 tantum
2086 4216 2173 4255 me

582 4292 809 4361 subjeci,
844 4290 937 4344 sed
984 4300 1096 4343 toto
1144 4290 1262 4343 orbi
1312 4300 1575 4342 terrarum
1626 4308 1637 4341 :
1687 4298 2015 4359 quapropter
2042 4291 2169 4344 sub-

576 4385 775 4452 junxit,
810 4381 1049 4434 Omnium
1090 4397 1167 4434 me
1202 4396 1401 4433 servum
1431 4381 1547 4448 feci.
1576 4379 1707 4434 Nam
1737 4382 2028 4449 praedicare
2051 4381 2170 4448 jus-

580 4489 672 4527 sus
720 4488 867 4527 eram
890 4513 903 4537 ,
950 4481 1004 4525 et
1030 4472 1348 4524 annuntiare
1379 4486 1464 4535 ea,
1498 4485 1617 4537 qure
1660 4471 1789 4524 mihi
1822 4471 2024 4525 credita
2058 4471 2172 4525 fue-

581 4577 741 4622 rant:
792 4564 1205 4621 innumerabilia
1233 4572 1410 4617 autem
1442 4564 1732 4618 machinari
1764 4572 1817 4618 et
1844 4564 2169 4633 excogitare,

582 4660 796 4715 ex'meo
824 4660 1002 4714 studio
1030 4655 1327 4727 profectum
1359 4665 1462 4709 est.
1514 4655 1646 4709 Nam
1697 4655 1965 4709 solvenda:
2006 4670 2171 4724 pecu-

582 4754 684 4806 niae
716 4762 923 4806 tantum
953 4749 1221 4805 obnoxius
1248 4764 1395 4803 eram
1431 4765 1443 4800 :
1480 4762 1582 4816 ego
1622 4762 1751 4802 vero
1786 4763 1884 4817 pro
1924 4747 2012 4801 illa
2056 4748 2169 4801 exi-

581 4844 751 4913 genda
781 4845 910 4897 nihil
944 4859 1049 4898 non
1082 4842 1328 4913 agebam,
1361 4840 1512 4909 plura
1546 4849 1781 4904 tentans,
1808 4853 1967 4909 quam
1992 4838 2172 4907 jussus

585 4950 761 4990 eram.
806 4935 940 5001 Quia
980 4935 1124 4988 enim
1167 4949 1231 4987 ex
1279 4932 1527 4995 arbitrio,
1560 4931 1843 4984 alacritate
1869 4938 1922 4983 et
1951 4933 2172 4983 caritate

582 5039 707 5093 erga
758 5023 1029 5078 Christum
1074 5024 1251 5077 omnia
1300 5022 1532 5091 agebat,
1577 5020 1865 5075 insatiabili
1905 5019 2174 5075 desiderio

580 5117 806 5171 Salutem
840 5115 1113 5168 hominum
1142 5115 1452 5183 exoptabat.

658 5206 854 5262 Paulus
873 5214 1062 5275 quanta
1091 5207 1267 5275 fecerit
1296 5221 1389 5273 pro
1415 5205 1632 5257 aliorum
1663 5206 1845 5259 salute.
1878 5234 1949 5244 —
1976 5206 2174 5271 Quam-

578 5304 764 5358 obrem
800 5317 866 5355 ex
900 5299 1102 5370 ingenti
1134 5299 1416 5352 alacritate
1461 5308 1609 5365 septa
1653 5297 2024 5360 transiliebat,
2080 5310 2175 5364 per

589 5394 768 5447 oumia
800 5393 973 5462 ipsum
1001 5404 1218 5460 quoque
1244 5388 1439 5443 caelum
1470 5387 1875 5440 transcenderis.
1933 5389 2008 5438 Ac
2052 5400 2173 5438 cum

578 5484 893 5538 servitutem
943 5482 1192 5546 dixisset,
1239 5479 1416 5534 varios
1458 5478 1597 5531 illius
1640 5478 1829 5530 modos
1858 5475 2049 5530 deinde
2090 5490 2174 5528 re-

585 5588 791 5633 censet.
821 5578 1048 5646 Quinam
1078 5576 1151 5629 illi
1183 5575 1347 5629 stitit?
1372 5572 1465 5630 20.
1495 5570 1564 5626 Et
1591 5571 1757 5641 factus
1785 5585 1930 5634 sum,
1965 5567 2170 5637 inquit,

578 5667 796 5736 Judais,
845 5678 1102 5740 tanquam
1142 5667 1383 5736 Iudam,
1442 5677 1498 5721 ut
1549 5663 1763 5719 Judteos
1807 5661 2050 5715 lucrarer.
2110 5658 2173 5711 Et

2285 379 2554 444 quomodo
2596 380 2697 433 hoc
2729 383 2924 435 factum
2956 383 3078 437 est?
3120 385 3345 452 Quando
3399 390 3769 456 circumadit,
3834 406 3890 446 ut

2283 478 2549 522 everteret
2586 471 3075 529 circmncisionem.
3120 476 3246 530 Ideo
3280 494 3383 532 non
3413 479 3585 543 dixit,
3618 481 3844 536 Judmus
3873 501 3888 544 ;

2283 557 2398 617 sed,
2427 555 2712 629 Tamquam
2753 561 2991 630 Judwus,
3024 566 3166 635 quod
3199 578 3314 620 erat
3353 569 3712 639 dispensatio.
3744 573 3890 640 Quid

2283 647 2459 702 dicis?
2510 665 2686 719 praeco
2732 654 2877 707 orbis
2897 697 2909 721 ,
2941 658 3027 725 qui
3058 660 3222 710 «ειυς
3252 661 3398 727 ipsos
3429 663 3625 731 tetigit,
3657 674 3713 719 et
3743 665 3890 718 adeo

2285 740 2335 792 in
2363 742 2530 810 gratia
2553 741 2719 808 fulsit,
2752 745 2796 797 is
2824 758 3045 815 repente
3088 758 3291 803 tantum
3324 752 3641 807 descendit?
3671 756 3891 817 Etiam;

2285 831 2386 885 hoc
2430 834 2572 886 enim
2606 844 2686 889 est
2712 837 3027 892 ascendere.
3058 838 3245 909 Neque
3283 842 3425 895 enim
3456 843 3556 896 hoc
3584 844 3758 897 solum
3798 859 3892 897 re-

2282 922 2499 989 spicias,
2549 926 2690 993 quod
2718 925 3031 993 descendat,
3075 930 3167 983 sed
3200 932 3342 999 quod
3383 932 3540 985 etiam
3573 948 3696 985 eum
3719 974 3734 1001 ,
3789 936 3887 1002 qui

2284 1011 2491 1067 inferne
2537 1015 2701 1083 jacet,
2749 1017 2920 1086 erigat
2959 1030 3014 1072 et
3057 1022 3121 1072 ad
3154 1036 3213 1074 se
3242 1022 3493 1076 adducat.
3534 1023 3625 1077 2L
3675 1022 3754 1077 Iis
3797 1027 3890 1093 qui

2282 1104 2372 1153 sub
2418 1102 2521 1171 lege
2564 1114 2707 1170 sunt,
2746 1108 2891 1174 quasi
2920 1108 3009 1160 sub
3053 1108 3161 1178 lege
3199 1127 3355 1163 essent
3379 1154 3393 1176 ,
3437 1129 3549 1163 cum
3590 1129 3691 1166 non
3711 1130 3890 1166 essent

2282 1194 2373 1247 sub
2408 1194 2533 1262 lege,
2573 1205 2626 1246 ut
2654 1212 2735 1249 eos
2760 1198 2845 1265 qui
2868 1198 2956 1250 sub
2980 1199 3086 1269 lege
3111 1209 3228 1252 sunt
3256 1200 3623 1271 lucrifacerem.

2353 1284 2406 1336 5.
2449 1286 2555 1337 Aut
2596 1295 2677 1339 est
2725 1288 3013 1355 explicatio
3052 1290 3245 1357 prioris
3282 1292 3433 1358 dicti,
3470 1304 3562 1345 aut
3604 1294 3887 1363 quidpiam

2282 1374 2583 1427 subindicat
2609 1386 2801 1444 prurter
2832 1378 2958 1432 illud
2988 1381 3134 1448 prius
3170 1398 3181 1431 :
3211 1380 3427 1435 Judwos
3456 1384 3671 1451 quidem
3695 1385 3889 1437 dicens

2281 1477 2397 1528 eos,
2431 1466 2521 1532 qui
2545 1466 2654 1533 jam
2684 1468 2810 1520 olim
2841 1468 2907 1522 ab
2939 1469 3089 1522 initio
3123 1470 3254 1524 tales
3280 1483 3467 1534 erant;
3506 1474 3606 1525 sub
3638 1474 3757 1543 lege
3786 1490 3891 1527 au-

2283 1562 2389 1607 tem
2410 1597 2425 1620 ,
2478 1558 2779 1627 proselytos
2799 1599 2814 1622 ,
2864 1569 2953 1612 aut
2982 1575 3075 1613 eos
3104 1562 3192 1629 qui
3226 1562 3413 1616 fideles
3440 1573 3594 1617 erant
3622 1577 3669 1618 et
3705 1564 3890 1619 adhuc

2282 1644 2382 1712 legi
2416 1646 2709 1699 hmrebant.
2733 1647 2847 1699 Non
2874 1650 3015 1701 enim
3050 1651 3183 1702 ultra
3210 1664 3366 1705 erant
3390 1665 3659 1721 tamquam
3684 1655 3889 1723 Judu‘i,

2280 1736 2374 1789 sed
2425 1737 2527 1789 sub
2574 1739 2709 1806 lege.
2758 1739 2822 1791 Et
2851 1740 3066 1808 quando
3096 1743 3262 1795 lactus
3289 1752 3371 1795 est
3399 1744 3497 1797 sub
3538 1745 3700 1813 lege?
3744 1746 3887 1800 Cum

2285 1834 2471 1881 tonsus
2505 1826 2636 1888 fuit,
2685 1841 2804 1881 cum
2840 1831 3166 1884 sacrificavit
3220 1831 3346 1886 Haec
3380 1848 3537 1899 porro
3564 1833 3703 1888 facta
3730 1846 3885 1898 sunt,

2281 1933 2385 1969 non
2416 1918 2555 1986 quod
2585 1920 2906 1974 sententiam
2933 1930 3224 1986 mutasset;
3277 1923 3459 1978 fuisset
3502 1928 3644 1979 enim
3692 1941 3754 1979 ea
3795 1942 3885 1981 res
3919 1910 3922 1913 Δ

2280 2007 2459 2072 mala;
2518 2008 2611 2063 sed
2656 2010 2877 2065 caritate
2919 2027 3042 2066 sese
3081 2022 3493 2081 attemperante.
3537 2016 3669 2069 Nam
3702 2028 3758 2069 ut
3784 2032 3885 2071 cos

2278 2098 2366 2166 qui
2401 2115 2525 2153 vere
2552 2110 2705 2153 erant
2737 2102 2802 2154 ad
2835 2102 2949 2156 lucc
2982 2104 3322 2171 traduceret,
3366 2105 3535 2161 factus
3566 2117 3651 2161 est
3680 2118 3735 2161 et
3765 2109 3884 2177 ipse

2280 2188 2530 2259 (Judzcus
2559 2190 2614 2258 ),
2664 2208 2767 2245 non
2800 2209 2923 2246 vere
2947 2235 2960 2254 ,
2994 2194 3089 2247 sed
3122 2203 3325 2249 tantum
3360 2197 3409 2250 id
3440 2213 3545 2265 pra:
3571 2213 3632 2251 se
3661 2199 3879 2259 ferens,

2278 2295 2399 2331 cum
2449 2291 2623 2333 tamen
2673 2283 2791 2335 talis
2835 2299 2939 2335 non
2972 2292 3150 2349 esset,
3184 2302 3285 2340 nec
3315 2302 3381 2341 ex
3410 2289 3589 2340 animo
3620 2290 3725 2343 hoc
3751 2307 3881 2344 vere

2280 2370 2500 2425 faceret.
2534 2373 2815 2437 Quomodo
2855 2374 2997 2428 enim
3044 2376 3293 2442 fecisset,
3322 2380 3411 2445 qui
3441 2378 3574 2434 alius
3605 2392 3880 2433 transum-

2281 2472 2393 2516 tare
2437 2464 2689 2527 curabat;
2737 2475 2790 2519 et
2832 2465 2953 2519 ideo
2981 2465 3083 2520 hoc
3109 2465 3376 2534 faciebat,
3411 2478 3469 2522 ut
3498 2470 3633 2523 alios
3665 2471 3769 2525 hoc
3797 2474 3876 2525 la-

2280 2554 2482 2607 cientes
2534 2555 2786 2610 liberaret
2837 2557 2903 2610 ah
2957 2557 3256 2613 humilitate
3303 2561 3750 2629 hujusmodi?1is
3789 2569 3879 2635 qui

2278 2647 2384 2697 sine
2407 2645 2512 2716 lege
2542 2658 2703 2713 erant,
2731 2659 2985 2718 tamquam
3014 2651 3121 2703 sine
3147 2652 3254 2720 lege
3285 2668 3458 2704 essem.
3497 2653 3558 2705 lli
3583 2670 3759 2723 neque
3786 2657 3877 2709 Ju-

2279 2737 2381 2789 daei
2415 2749 2569 2790 erant
2603 2752 2775 2807 neque
2803 2738 3096 2793 Christiani
3132 2756 3302 2810 neque
3331 2741 3533 2806 Grrcci;
3585 2744 3678 2796 sed
3725 2757 3876 2799 extra

2280 2830 2451 2898 legem
2483 2840 2657 2895 erant,
2694 2841 2749 2884 ut
2773 2843 2887 2884 erat
2919 2830 3224 2897 Cornelius,
3256 2845 3310 2887 et
3332 2835 3375 2887 si
3408 2837 3495 2903 qui
3518 2836 3610 2887 alii
3648 2838 3872 2890 similes.

2279 2921 2359 2973 Ad
2391 2920 2510 2973 illos
2536 2922 2677 2974 enim
2711 2922 3039 2991 ingrediens,
3082 2924 3249 2976 multa
3278 2925 3342 2977 ad
3376 2926 3519 2994 ipsos
3550 2927 3876 2995 pertinentia

2281 3012 2587 3065 simulabat.
2633 3014 2858 3078 Quidam
2892 3030 3018 3069 vero
3056 3015 3281 3079 dicunt,
3330 3016 3481 3069 illum
3531 3018 3878 3072 subindicare

2279 3104 2715 3174 disputationem,
2770 3120 2927 3174 quam
2977 3107 3235 3161 habuerat
3285 3122 3405 3161 cum
3455 3108 3878 3163 ΑιΙιριιὶι-ιιείιιυς

2278 3197 2419 3249 circa
2467 3197 2870 3265 inscriptionem
2920 3197 2971 3250 in
3008 3213 3095 3250 ara
3130 3197 3358 3267 p0sitam
3383 3239 3396 3261 ,
3431 3207 3477 3251 et
3525 3199 3644 3252 ideo
3671 3199 3877 3261 dicere,

2279 3284 2354 3338 Iis
2379 3286 2463 3354 qui
2483 3286 2590 3339 sine
2616 3288 2722 3356 lege
2743 3296 2879 3350 sunt,
2912 3297 3164 3357 tamquam
3186 3287 3292 3340 sine
3317 3287 3424 3357 lege
3448 3304 3623 3341 essent.
3653 3290 3876 3352 Deinde.

2279 3392 2346 3429 ne
2378 3374 2497 3444 quis
2537 3384 2747 3443 putaret
2789 3391 2901 3429 rem
2941 3376 3087 3428 illam
3133 3392 3253 3431 esse
3294 3379 3575 3434 sententia:
3613 3382 3877 3434 mutatio-

2278 3484 2421 3529 nem,
2448 3466 2652 3521 addidit
2679 3487 2691 3521 :
2723 3468 2847 3521 Cum
2866 3468 2972 3521 sine
3000 3468 3107 3537 lege
3137 3466 3228 3520 Dei
3258 3484 3361 3521 non
3391 3485 3567 3531 essent,
3587 3472 3677 3523 sed
3698 3473 3750 3524 in
3775 3473 3883 3541 lege

2279 3577 2435 3615 essem
2476 3560 2682 3614 Christi.
2735 3560 2789 3614 Id
2835 3569 2951 3625 est,
2981 3557 3112 3614 Cum
3147 3576 3251 3613 non
3284 3561 3443 3614 modo
3472 3577 3578 3617 non
3616 3564 3735 3619 sine
3764 3565 3881 3635 lege

2279 3668 2487 3717 essem,
2516 3652 2608 3705 sed
2637 3653 2797 3705 etiam
2828 3666 2933 3705 non
2969 3651 3145 3705 solum
3173 3652 3272 3705 sub
3306 3652 3422 3722 lege
3450 3668 3627 3708 essent
3651 3643 3797 3718 ,‘sed
3830 3668 3885 3710 et

2281 3743 2450 3813 legem
2474 3740 2729 3795 haberem
2759 3722 2926 3795 veteri
2957 3743 3113 3811 longe
3140 3738 3531 3807 sublimiorem,
3559 3745 3610 3797 id
3640 3752 3745 3809 εει,
3771 3746 3882 3816 Spi-

2280 3837 2413 3889 ritus
2449 3834 2716 3904 etgratia:
2748 3850 2760 3885 :
2794 3834 3021 3904 ideoque
3064 3834 3371 3904 subjungit,
3422 3824 3633 3890 Christi.
3683 3838 3880 3893 Postea

2281 3943 2402 3981 cum
2434 3927 2484 3980 id
2531 3926 2820 3991 ell‘ecisset,
2864 3935 2921 3979 ut
2967 3925 3035 3979 de
3081 3940 3176 3979 sua
3224 3926 3489 3979 sententia
3521 3927 3879 3994 centidereut,

2281 4019 2489 4073 lucrum
2523 4016 2719 4071 deinde
2752 4016 2871 4070 talis
2900 4032 3012 4070 sua:
3040 4018 3502 4085 attemperationis
3544 4021 3733 4085 ponit,
3796 4021 3881 4073 di-

2280 4125 2408 4165 cens
2441 4130 2452 4164 :
2490 4107 2557 4164 Ut
2586 4109 2936 4180 lucrifacere»:
2963 4125 3066 4169 eos,
3100 4110 3185 4178 qui
3214 4110 3321 4162 sine
3348 4109 3455 4178 lege
3477 4118 3640 4162 erant.
3672 4110 3743 4164 Et
3766 4111 3881 4166 ubi-

2280 4218 2383 4271 que
2410 4217 2629 4256 causam
2671 4201 2827 4255 affert
2855 4202 3319 4270 attemperationis
3365 4201 3526 4253 illius.
3573 4200 3759 4271 Neque
3812 4205 3880 4258 ibi

2280 4293 2505 4363 gradum
2545 4293 2707 4359 sistit,
2756 4292 2873 4357 sed,
2903 4292 2993 4345 22.
3026 4291 3091 4344 Et
3115 4292 3351 4359 inﬁrmus
3382 4293 3547 4361 factus
3580 4309 3691 4345 sum
3722 4304 3779 4346 ut
3805 4296 3882 4347 in-

2281 4386 2454 4453 ﬁrmos
2482 4385 2829 4454 lucrifacerem
2856 4400 2874 4436 :
2903 4383 3003 4437 hoc
3034 4384 3249 4437 demum
3282 4382 3465 4435 dicens
3493 4381 3557 4434 ad
3592 4383 3713 4436 illos
3754 4400 3879 4455 per-

2283 4477 2479 4538 tinens,
2533 4486 2753 4543 propter
2798 4473 2940 4544 quod
2995 4476 3106 4527 haec
3153 4473 3331 4526 omnia
3359 4473 3499 4525 dicta
3524 4482 3671 4527 sunt.
3719 4474 3877 4543 Atqui

2283 4569 2369 4621 illa
2416 4577 2571 4622 erant
2615 4570 2772 4637 longe
2817 4566 3042 4636 majora,
3093 4566 3193 4619 hoc
3235 4580 3366 4619 vero
3410 4566 3825 4620 convenientius
3861 4585 3871 4618 :

2281 4660 2628 4729 quamobrem
2670 4670 3001 4729 postremum
3033 4657 3161 4711 illud
3197 4656 3365 4725 ponit.
3396 4655 3631 4724 Idipsum
3664 4672 3881 4726 quoque

2282 4752 2420 4821 apud
2465 4750 2740 4805 Romanos
2786 4749 2929 4814 fecit,
2958 4747 3175 4817 quando
3212 4746 3281 4801 de
3307 4746 3445 4800 cibis
3475 4745 3796 4810 accusabat,
3830 4755 3881 4800 et

2284 4841 2335 4893 in
2358 4840 2536 4895 multis
2561 4840 2682 4893 aliis
2708 4840 2860 4893 locis.
2892 4838 3114 4902 Deinde,
3146 4851 3213 4891 ne
3239 4835 3447 4905 singula
3474 4844 3527 4889 et
3552 4833 3731 4888 omnia
3756 4851 3880 4904 per-

2282 4944 2512 4999 sequens
2552 4928 2747 4983 diutius
2790 4937 3053 4990 moretur,
3081 4928 3155 4979 ait
3184 4944 3195 4979 :
3235 4925 3486 4979 ()nmibus
3512 4923 3685 4977 omnia
3712 4928 3879 4994 factus

2282 5037 2413 5087 sum,
2443 5030 2502 5075 ut
2520 5020 2722 5073 omnino
2743 5018 2991 5089 quosdam
3008 5019 3175 5071 salvos
3201 5021 3444 5087 facerem.
3470 5015 3658 5069 Viden‘
3685 5013 3878 5084 hyper-

2281 5112 2445 5167 bolen
2468 5113 2490 5165 ἵ
2514 5110 2776 5165 Omnibus
2803 5111 2981 5164 omnia
3015 5109 3184 5162 factus
3214 5123 3354 5170 sum,
3387 5123 3493 5161 non
3516 5104 3661 5176 quod
3689 5120 3878 5159 omnes

2282 5202 2457 5255 salvos
2488 5201 2663 5254 facere
2689 5216 2986 5270 sperarem,
3032 5199 3125 5254 sed
3180 5208 3239 5252 ut
3290 5199 3478 5254 saltem
3527 5209 3728 5265 paucos
3779 5197 3879 5250 sal-

2283 5308 2379 5346 vos
2428 5293 2637 5347 iaciam.
2672 5293 2738 5347 Et
2775 5293 2875 5346 hoc
2903 5292 3117 5361 quidem
3157 5291 3393 5346 studium
3422 5330 3443 5355 ,
3484 5288 3873 5344 ministerium-

2284 5398 2386 5452 que
2432 5385 2537 5438 tale
2570 5384 2745 5448 subii,
2799 5394 3061 5453 quantum
3104 5399 3202 5453 par
3242 5391 3359 5437 erat
3385 5395 3531 5445 eum,
3565 5383 3654 5450 qui
3686 5398 3873 5438 omnes

2285 5474 2461 5527 salvos
2486 5474 2703 5539 faceret,
2733 5488 2837 5526 non
2866 5483 3045 5526 tamen
3074 5486 3299 5539 sperans
3329 5485 3416 5524 me
3445 5485 3634 5525 omnes
3658 5487 3874 5543 supera-

2286 5573 2463 5618 turum
2488 5578 2610 5618 esse
2644 5581 2656 5615 :
2695 5564 2836 5630 quod
2867 5578 2998 5617 vere
3027 5577 3277 5632 magnum
3321 5571 3467 5628 erat,
3511 5561 3874 5635 ferventisque

2286 5654 2471 5710 animi.
2513 5654 2644 5710 Nam
2688 5661 2778 5723 qui
2819 5652 3137 5720 seminabat,
3168 5654 3364 5725 ubique
3408 5655 3737 5723 seminabat,
3775 5669 3867 5711 nec
