4070 6322
196 483 373 528 totum
412 469 648 528 servavit
671 474 1007 531 sementem;
1049 472 1288 522 attamen
1317 466 1459 537 quod
1490 478 1645 519 suum
1670 472 1794 519 erat

194 562 471 632 prastitit.
523 559 747 615 Etcum
793 560 1129 613 servatorum
1172 555 1495 624 paucitatem
1544 552 1789 618 dixisset,

194 666 418 708 rursum
444 651 535 706 illa
556 649 736 704 addita
764 663 921 714 voce,
970 647 1217 713 Omnino,
1244 646 1553 702 consolatus
1582 652 1666 698 est
1697 659 1790 699 eos

194 743 291 814 qni
319 741 391 797 de
417 741 485 796 iis
508 740 777 796 dolerent.
805 738 938 793 Nam
965 738 1065 793 etsi
1097 737 1214 792 fieri
1239 751 1347 791 non
1380 742 1575 806 potest,
1604 743 1663 789 ut
1705 744 1791 788 to-

195 844 312 889 tum
352 848 543 888 semen
582 832 793 887 salvum
830 832 936 897 sit;
998 840 1236 885 attamen
1287 836 1349 884 ut
1394 836 1562 883 totum
1610 837 1794 898 pereat

195 924 315 981 ﬁeri
346 925 560 995 nequit.
592 922 718 979 Ideo
744 923 908 985 dixit,
944 920 1165 976 Omnino
1193 935 1213 974 :
1233 919 1358 989 quia
1388 932 1612 974 necesse
1642 932 1795 987 pror-

194 1030 289 1073 sus
314 1024 422 1083 est,
452 1024 513 1070 ut
542 1015 631 1086 qui
659 1024 767 1070 tam
796 1013 1067 1069 ferventer
1092 1026 1209 1077 rem
1234 1018 1421 1075 curat,
1444 1009 1606 1065 etiam
1635 1022 1784 1063 asse—

193 1116 414 1177 quatur.
439 1105 531 1161 23.
568 1104 757 1159 Omnia
775 1113 941 1158 autem
962 1102 1104 1172 facio
1127 1111 1335 1172 propter
1358 1099 1698 1171 evangelium,
1727 1107 1784 1153 ut

196 1197 462 1268 particeps
482 1196 592 1264 eius
612 1196 818 1267 εμπ.
854 1193 912 1249 ld
949 1202 1053 1257 est,
1079 1201 1139 1248 ut
1165 1192 1351 1247 videar
1376 1200 1432 1246 et
1454 1191 1569 1261 ipse
1594 1189 1795 1259 aliquid

195 1300 269 1341 es
292 1300 385 1341 Ine
403 1285 670 1350 attulisse,
694 1293 750 1340 et
770 1284 1037 1354 particeps
1060 1284 1160 1337 sim
1182 1295 1503 1337 coronarum
1521 1296 1641 1353 qua:
1667 1280 1797 1335 iide-

199 1377 348 1431 Iibus
400 1376 657 1445 repositae
699 1384 846 1430 sunt.
890 1371 1356 1442 Quemadmodum
1382 1372 1531 1428 enim
1560 1372 1794 1436 dicebat,

200 1465 289 1523 Ea
328 1467 594 1539 euangelio
638 1466 821 1532 uiuere,
874 1464 927 1518 id
971 1473 1077 1530 est,
1119 1478 1186 1518 es
1212 1462 1561 1519 credentibus
1593 1483 1608 1519 :
1639 1463 1717 1517 sic
1741 1468 1799 1516 et

200 1562 307 1617 hoc
331 1560 479 1626 loco,
505 1558 776 1627 Partieeps
801 1556 988 1627 (Μαι-
1013 1554 1263 1627 evangelii
1281 1595 1298 1622 ,
1325 1563 1385 1611 ut
1410 1556 1612 1626 possim
1645 1569 1796 1609 com-

199 1652 485 1706 municare
526 1664 652 1705 cum
701 1649 803 1713 iis,
846 1646 939 1719 qui
969 1647 1023 1701 in
1061 1645 1403 1717 evangelium
1430 1644 1795 1701 crediderunt.

200 1741 397 1798 Viden’
427 1739 813 1805 humilitatem,
861 1737 1138 1809 quomodo
1168 1737 1223 1792 in
1263 1736 1527 1793 mercedis
1565 1735 1800 1791 retribu-

202 1834 354 1890 tione
380 1847 543 1887 uuuru
570 1830 714 1886 inter
740 1829 941 1885 multos
966 1844 1089 1885 sese
1117 1837 1314 1899 ponat,
1346 1844 1468 1884 cum
1498 1829 1617 1899 plus
1639 1844 1800 1897 quam

199 1937 400 1980 omnes
434 1920 801 1978 laboraverit?
852 1919 1010 1977 Unde
1050 1921 1227 1990 palam
1259 1930 1378 1987 est,
1410 1920 1552 1975 illius
1583 1920 1801 1990 praemia

202 2013 414 2085 majora
440 2011 580 2068 fore.
611 2014 862 2067 Attamen
888 2026 998 2065 non
1026 2024 1086 2066 se
1112 2010 1334 2081 dignum
1362 2022 1548 2066 censet
1572 2011 1663 2081 qui
1690 2010 1802 2079 pri-

202 2124 324 2165 mas
350 2115 557 2174 teneat,
587 2105 686 2163 sed
708 2113 929 2176 exoptat
956 2113 1014 2159 ut
1040 2118 1163 2159 cum
1190 2103 1311 2159 aliis
1335 2105 1602 2174 particeps
1620 2104 1691 2158 sit
1712 2118 1804 2158 co—

204 2216 464 2257 ronarum
488 2214 611 2270 qua
640 2198 891 2268 reposita
915 2204 1060 2253 sunt.
1094 2195 1221 2251 Hac
1247 2210 1411 2266 porro
1435 2196 1668 2259 dicebat,
1693 2207 1801 2248 non

203 2293 353 2365 quod
397 2307 498 2362 pro
540 2288 791 2351 mercede
834 2288 1011 2358 aliqua
1057 2288 1160 2343 hoc
1198 2285 1433 2352 faceret,
1470 2284 1567 2343 sed
1595 2294 1656 2340 ut
1678 2283 1807 2340 illos

206 2382 336 2437 hinc
363 2394 575 2451 quoque
598 2377 895 2433 attraheret
915 2418 932 2444 ,
980 2384 1035 2432 et
1064 2391 1161 2447 per
1184 2390 1336 2446 spem
1365 2374 1670 2445 huiusmodi
1697 2373 1807 2428 illis

206 2470 583 2541 persuaderet,
616 2477 674 2522 ut
716 2466 895 2522 omnia
927 2481 1025 2536 pro
1051 2465 1308 2521 fratribus
1340 2467 1598 2520 facerent.
1647 2463 1800 2519 Vidi-

204 2560 336 2617 stin‘
371 2558 749 2630 prudentiam?
777 2556 1013 2613 vidistin‘
1032 2555 1326 2627 diligentia:
1357 2556 1800 2627 magnitudinem,

207 2651 489 2723 quomodo
537 2650 659 2720 plus
697 2663 859 2719 quam
898 2658 1225 2719 praeceptum
1252 2646 1431 2703 fuerat
1459 2648 1642 2703 fecerit
1676 2646 1806 2702 nihil

207 2744 509 2815 accipiens,
541 2755 666 2796 cum
709 2740 955 2807 accipere
1002 2738 1228 2794 liceret?
1271 2739 1506 2793 vidistin‘
1539 2754 1807 2794 summam

208 2835 742 2906 attemperationem,
770 2831 1047 2903 quomodo
1076 2831 1169 2906 qui
1199 2830 1253 2886 in
1286 2831 1403 2901 lege
1426 2830 1623 2887 Christi
1652 2841 1770 2887 erat
1788 2873 1805 2898 ,

210 2941 267 2985 et
294 2903 604 2999 supremam
632 2925 882 2981 servabat
908 2923 1107 2994 legem,
1140 2903 1206 2978 iis
1224 2926 1313 2995 qui
1341 2925 1459 2979 sine
1484 2925 1601 2994 lege
1631 2933 1805 2991 erant,

214 3033 493 3090 tamquam
521 3017 641 3073 sine
668 3018 787 3088 lege
810 3026 992 3081 esset;
1038 3014 1239 3071 Judaeis
1273 3024 1542 3086 tamquam
1569 3015 1807 3082 Judaeus,

212 3118 272 3167 in
319 3111 566 3179 utrisque
607 3122 849 3163 summus
892 3120 1160 3177 apparens
1200 3115 1256 3161 et
1300 3122 1491 3163 omnes
1547 3108 1812 3163 vincens?

221 3203 343 3259 lloc
366 3211 421 3256 et
453 3211 506 3254 tu
527 3198 719 3264 facito,
760 3207 814 3252 et
841 3214 907 3253 ne
939 3209 1095 3267 putes
1122 3207 1175 3252 te
1200 3198 1393 3253 cidere
1418 3214 1540 3254 cum
1571 3214 1813 3253 summus

213 3296 336 3357 sis.
365 3292 411 3347 si
441 3289 569 3361 quid
606 3298 832 3361 propter
862 3288 1081 3343 fratrem
1114 3288 1317 3343 humile
1341 3298 1394 3343 et
1422 3288 1691 3357 abiectum
1721 3304 1814 3358 pa-

216 3386 418 3441 tiaris:
452 3397 555 3438 non
580 3390 665 3436 est
692 3380 840 3435 enim
874 3379 1003 3434 illud
1040 3379 1271 3446 cadere,
1320 3380 1415 3435 sed
1459 3381 1812 3436 descendere.

216 3475 325 3543 Qui
353 3473 547 3529 cecidit
571 3472 738 3533 enim.
758 3471 906 3541 jacet
928 3480 983 3525 et
1012 3465 1359 3539 via'resurgit
1389 3489 1403 3525 :
1434 3474 1521 3542 qui
1560 3489 1692 3529 vero
1716 3473 1811 3528 de-

219 3566 460 3630 scendit,
507 3562 783 3629 ascendet,
814 3572 865 3616 et
896 3577 1019 3617 eum
1045 3562 1212 3617 multo
1240 3563 1387 3618 lucro
1420 3579 1434 3617 :
1465 3564 1818 3633 quemadmo-

220 3657 359 3712 dum
395 3656 555 3711 etiam
595 3653 803 3709 Paulus
819 3652 1100 3709 descendit
1128 3654 1276 3709 solus
1300 3655 1539 3724 quidem,
1571 3655 1665 3711 sed
1692 3671 1819 3711 cum

222 3748 366 3802 orbe
385 3743 626 3801 ascendit
652 3761 668 3799 :
691 3758 799 3798 non
823 3744 1121 3809 simulans;
1150 3760 1325 3814 neque
1353 3746 1496 3803 enim
1523 3761 1710 3801 eorum
1727 3748 1818 3818 qui

224 3836 433 3895 servati
460 3844 586 3890 sunt
608 3834 815 3889 lucrum
843 3835 1270 3903 quesivissetni
1293 3836 1612 3891 simulasset.
1644 3837 1821 3908 Hypo-

224 3929 368 3984 crita
402 3925 545 3980 enim
577 3924 798 3979 exitium
840 3922 1066 3995 quaerit,
1098 3934 1153 3979 et
1188 3925 1409 3980 simulat
1446 3936 1506 3981 ut
1550 3928 1816 3997 accipiat,

224 4033 343 4075 non
372 4025 425 4072 ut
451 4016 543 4072 det
574 4033 589 4072 :
618 4014 709 4070 hic
733 4029 861 4070 vero
883 4030 989 4069 non
1018 4017 1117 4079 sic,
1145 4014 1241 4069 sed
1265 4025 1322 4069 ut
1350 4016 1609 4081 medicus,
1638 4026 1698 4074 ut
1726 4018 1823 4073 du-

222 4122 375 4176 ctor,
406 4118 462 4163 ut
489 4117 661 4179 pater,
686 4108 777 4162 ille
795 4106 1014 4177 quidem
1044 4117 1268 4179 aegroto,
1303 4109 1403 4163 hic.
1416 4110 1703 4180 discipulo,
1734 4111 1822 4168 hic

228 4204 346 4259 tilio
387 4214 507 4257 sese
543 4209 900 4270 attemperat,
952 4208 1013 4255 ut
1056 4201 1325 4272 corrigat,
1362 4216 1468 4258 non
1495 4212 1555 4259 ut
1580 4216 1771 4261 noceat
1804 4225 1818 4261 ε

217 4297 302 4351 ita
327 4295 491 4349 etiam
521 4292 627 4349 hic.

302 4386 363 4442 4.
393 4383 514 4457 Non
560 4381 705 4454 quod
745 4398 831 4449 ea,
861 4397 981 4455 quae
1028 4382 1170 4438 dicta
1213 4394 1360 4451 sunt,
1394 4386 1666 4445 simulatio
1713 4406 1821 4447 non

226 4484 440 4541 essent,
460 4490 583 4530 cum
604 4473 739 4529 nihil
769 4473 1074 4544 hujusmodi
1104 4474 1186 4529 vel
1210 4474 1393 4531 dicere
1420 4477 1500 4531 vel
1532 4478 1708 4536 facere
1732 4497 1823 4536 co-

225 4576 475 4641 geretur,
504 4560 772 4637 sed‘quod
796 4566 1043 4622 aﬂectum
1075 4581 1231 4621 suum
1259 4566 1615 4640 ﬁduciamque
1642 4583 1825 4628 osten-

227 4663 369 4717 dere
383 4660 566 4724 vellet,
596 4657 725 4714 audi
765 4659 939 4728 ipsum
965 4658 1232 4713 dicentem
1260 4672 1277 4713 :
1308 4656 1489 4729 Neque
1526 4662 1626 4716 vita
1664 4678 1823 4735 neque

227 4760 392 4815 non,
417 4763 576 4819 neque
599 4749 767 4820 angeli
792 4765 953 4818 neque
978 4748 1293 4820 principatus
1329 4764 1489 4817 neque
1529 4762 1819 4823 potestates,

228 4859 397 4915 neque
414 4841 661 4897 instantia
679 4856 837 4911 neque
856 4841 1052 4911 futura,
1085 4855 1243 4909 neque
1264 4839 1483 4896 altitudo
1520 4861 1677 4916 neque
1699 4862 1823 4917 ρτο.

226 4933 475 5004 Iudam,
495 4930 845 4999 aequalique
863 4930 969 4984 alia
989 4938 1243 4994 creatam,
1266 4932 1449 5000 poterit
1473 4950 1565 4991 nos
1584 4952 1823 5007 separare

225 5041 263 5077 a
286 5023 503 5078 ear-itan
536 5022 654 5091 Dei,
680 5038 796 5092 qua!
823 5032 899 5078 est
930 5024 985 5077 in
1008 5022 1207 5077 Christo
1239 5020 1368 5077 Iesu
1408 5024 1629 5082 Domino
1645 5040 1821 5087 nostro

227 5114 415 5185 (flant.
443 5112 498 5167 8.
523 5113 616 5169 38.
637 5112 752 5185 39).
786 5113 1037 5169 Vidistin‘
1062 5113 1343 5169 caritatem
1386 5113 1508 5183 igne
1550 5117 1822 5174 ardentio-

228 5204 390 5261 ηιπῖ
433 5203 510 5266 Ita
543 5212 598 5259 et
625 5220 726 5261 nos
753 5220 969 5278 quoque
994 5205 1264 5262 Christum
1305 5205 1630 5277 diligamus;
1662 5211 1823 5270 facile

233 5308 469 5366 namque
483 5302 586 5361 est,
606 5293 651 5348 si
678 5296 927 5352 velimus.
950 5297 1133 5367 Neque
1159 5299 1303 5353 enim
1330 5296 1425 5354 ille
1446 5298 1566 5353 talis
1582 5309 1698 5355 erat
1726 5318 1822 5358 na-

230 5400 359 5444 tura
381 5402 395 5440 :
419 5383 648 5455 ideoque
676 5385 855 5454 priora
880 5387 1024 5444 illius
1049 5388 1139 5443 his
1162 5390 1428 5445 contraria
1476 5388 1641 5445 fuisse
1688 5395 1817 5450 scri-

223 5491 387 5549 pul-
415 5489 537 5543 est,
569 5482 629 5530 ut
655 5473 926 5531 discamus
945 5492 1082 5546 opus
1107 5479 1241 5536 illud
1265 5480 1416 5536 liberi
1444 5478 1649 5536 arbitrii
1677 5498 1819 5552 esse,

221 5581 285 5628 et
304 5568 613 5627 volentibus
633 5568 815 5623 omnia
832 5580 955 5623 esse
977 5567 1173 5625 facilia.
1192 5571 1271 5629 Ne
1295 5572 1643 5643 desperemus
1661 5588 1820 5647 ergo;

222 5662 331 5719 sed
355 5659 800 5719 etsi'maledictus
818 5673 901 5724 es,
931 5660 1032 5715 etsi
1057 5655 1271 5729 avarus,
1292 5666 1393 5721 etsi
1412 5665 1626 5735 quidvis
1654 5667 1819 5740 aliud,

226 5753 409 5825 cogita
454 5752 682 5810 Paulam
722 5749 1093 5820 blasphemus)
1135 5752 1320 5823 fuisse,
1353 5767 1819 5828 persequutorem,

1226 350 1297 409 IN
1332 348 1549 410 EPIST.
1588 349 1611 407 l
1671 348 1765 405 AD
1800 347 1960 405 COR.
1998 348 2232 406 H081"...
2275 349 2439 409 XXII.

3378 352 3481 410 186

1897 464 2371 531 contumeliosum,
2421 476 2869 543 peccatorumque
2916 469 3171 540 primum,
3217 479 3274 525 et
3319 474 3482 526 dere—

1899 563 2063 625 pente
2087 556 2153 611 ad
2198 556 2372 627 ipsum
2398 559 2612 615 virtutis
2651 560 2866 615 culmen
2907 561 3234 629 pervenisse,
3267 569 3324 621 et
3350 558 3482 615 nihil

1898 646 1998 715 ipsi
2045 646 2414 716 impedimenti
2454 650 2947 720 prioraattulissc:
2978 652 3126 721 atqui
3171 663 3483 710 nemo'cum

1900 747 2048 792 tanto
2102 739 2283 795 furore
2340 741 2629 811 nequitiam
2683 750 2943 808 sectatur,
2986 754 3109 796 cum
3148 749 3352 812 quanto
3394 741 3486 797 ille

1899 827 2097 882 bellum
2139 839 2327 885 contra
2364 830 2683 886 Ecclesiam.
2714 829 2847 886 Nam
2876 839 3003 886 tunc
3028 830 3144 900 ipse
3184 844 3336 886 suam
3371 840 3484 884 tra-

1899 918 2034 972 didit
2057 920 2325 985 animam;
2357 930 2413 975 et
2437 922 2561 988 quia
2593 936 2699 976 non
2728 921 2876 976 mille
2912 936 3104 976 manus
3131 920 3384 987 habebat,
3429 930 3489 974 ut

1899 998 2148 1064 euntibus
2193 1009 2528 1080 Stephanum
2575 1012 2882 1083 impeleret,
2911 1012 3149 1069 dolebat.
3197 1012 3264 1068 Et
3307 1020 3487 1067 tamen

1900 1101 1978 1155 sic
1996 1115 2212 1170 quoque
2235 1099 2454 1155 modum
2485 1101 2709 1166 invenit,
2730 1117 2839 1176 quo
2861 1111 3047 1173 posset
3069 1104 3217 1158 illum
3249 1098 3491 1174 pluribus

1899 1190 2061 1247 ferire
2084 1192 2334 1247 manibus
2365 1191 2622 1247 falsorum
2650 1194 2887 1260 testium,
2908 1196 3296 1264 quorum-ipse
3309 1202 3489 1248 vestes

1900 1276 2169 1340 servabat.
2197 1285 2266 1341 Et
2304 1298 2427 1351 cum
2472 1286 2534 1340 in
2561 1285 2756 1341 domos
2801 1273 3049 1351 intraret,
3080 1294 3352 1356 tamquam
3378 1286 3501 1342 fert

1902 1376 2191 1444 insiliebat,
2229 1374 2450 1431 trahens
2491 1386 2548 1432 et
2593 1373 2835 1432 lacerans
2876 1374 3038 1441 viros,
3070 1374 3357 1442 mulieres;
3403 1384 3493 1430 urb

1902 1467 2071 1523 multu
2100 1476 2157 1523 et
2180 1466 2408 1537 strepitu
2432 1482 2497 1523 ac
2536 1466 2692 1522 bellis
2720 1466 2990 1522 sescentis
3014 1467 3196 1521 omnia
3234 1465 3488 1536 impleas.

1901 1557 1975 1613 ιω
2004 1573 2199 1632 nempe
2226 1557 2486 1615 terribilis
2518 1567 2657 1624 erat,
2685 1567 2745 1633 ut
2774 1558 3003 1628 apesteli
3025 1558 3184 1614 etiam
3215 1564 3337 1627 post
3354 1554 3496 1627 opti-

1902 1663 2044 1704 mam
2085 1649 2202 1719 ejus
2241 1649 2651 1704 conversionem
2691 1649 2931 1704 nendum
2970 1648 3230 1704 auderent
3254 1648 3353 1718 ipsi
3383 1647 3492 1704 lia:-

1897 1746 2046 1794 'rere.
2067 1740 2318 1794 Attamen
2347 1748 2471 1808 post
2494 1738 2585 1792 illa
2605 1739 2787 1793 omnia
2816 1739 2937 1793 talis
2966 1728 3196 1793 δεδοιαὲ
3229 1747 3337 1805 est,
3358 1751 3491 1809 qua-

1904 1830 1972 1885 lis
1997 1844 2125 1886 vcre
2152 1827 2285 1884 fuit:
2315 1844 2489 1900 neque
2513 1829 2657 1884 enim
2682 1829 2833 1897 plura
2858 1828 3044 1885 dicere
3065 1842 3204 1899 opus
3228 1838 3332 1884 est.
3362 1829 3491 1885 Ubi-

1903 1936 2028 1976 nam
2056 1935 2186 1991 ergo
2228 1928 2355 1975 sunt
2396 1920 2495 1985 illi,
2523 1904 2735 1991 qui'fati
2765 1920 3145 1975 necessitatem
3194 1918 3496 1974 obtendunt

1905 2013 2160 2068 adversus
2186 2012 2391 2067 arbitrii
2435 2012 2603 2067 nostri
2634 2011 2975 2067 libertatem?
3013 2010 3139 2066 llaec
3166 2010 3408 2077 audiant,
3440 2021 3496 2066 ct

1905 2117 1998 2157 ora
2030 2116 2125 2157 sua
2165 2103 2467 2157 obstruent.
2502 2102 2639 2157 Eum
2671 2102 2817 2157 enim
2844 2104 2938 2175 qui
2979 2103 3151 2159 bonus
3194 2114 3315 2159 esse
3341 2104 3492 2171 velit,

1910 2193 2047 2247 nihil
2074 2192 2318 2263 impedit,
2351 2192 2562 2249 etiamsi
2611 2193 2754 2249 inter
2784 2194 3144 2265 nequissimos
3180 2201 3337 2251 antea
3360 2207 3493 2250 cen-

1906 2291 2139 2339 seretur.
2163 2283 2245 2339 Ad
2279 2284 2383 2339 hoc
2417 2286 2561 2340 enim
2606 2288 2845 2356 aptiores
2867 2300 3074 2350 sumus,
3102 2295 3365 2359 quatenus
3404 2302 3493 2365 se-

1906 2375 2137 2431 cundum
2166 2383 2412 2432 naturam
2438 2378 2609 2433 virtus
2656 2379 2798 2434 ineat
2823 2378 2998 2446 nobis,
3024 2386 3081 2435 et
3107 2384 3302 2451 prater
3330 2390 3489 2435 natu-

1910 2481 2023 2521 ram
2068 2466 2294 2533 vitium;
2341 2467 2480 2521 sicut
2504 2469 2665 2523 etiam
2708 2478 2972 2539 :egrotare
3018 2480 3074 2526 et
3116 2470 3255 2526 bene
3296 2471 3494 2527 valere.

1912 2558 2121 2613 Etenim
2167 2556 2352 2612 oculos
2390 2557 2546 2612 nobis
2593 2557 2739 2613 dedit
2784 2559 2945 2625 Deus,
2978 2576 3085 2615 non
3131 2568 3189 2616 ut
3231 2560 3499 2633 impudice

1909 2650 2271 2720 aspiciamus,
2303 2648 2399 2706 sed
2446 2658 2507 2705 ut
2547 2663 2639 2705 res
2679 2650 2747 2705 ab
2788 2665 2855 2705 co
2896 2662 3109 2706 creatas
3146 2652 3491 2720 admirantes,

1909 2739 2254 2795 Conditorem
2299 2738 2606 2795 adoremus.
2637 2740 2790 2807 Quod
2816 2750 2992 2796 autem
3016 2741 3105 2797 hic
3130 2742 3201 2797 sit
3218 2743 3497 2799 oculorum

1912 2845 2062 2894 usus,
2084 2832 2270 2900 palam
2310 2840 2491 2887 estex
2528 2832 2692 2887 rebus
2719 2832 2818 2888 sub
2855 2842 3133 2904 aspectum
3162 2834 3496 2892 cadentibus.

1914 2919 2377 2976 Pulchritudinem
2418 2916 2650 2991 namque
2697 2924 2829 2977 solis
2867 2933 2919 2978 et
2959 2925 3077 2979 ccli
3118 2940 3185 2981 ex
3236 2927 3500 2981 immenso

1913 3014 2201 3083 sepieimus
2244 3014 2563 3069 intervallo:
2614 3014 2855 3070 mulieris
2894 3031 3025 3071 vero
3070 3018 3293 3073 formam
3340 3034 3500 3075 nemo

1914 3120 1979 3161 ex
2008 3115 2157 3160 tanto
2187 3108 2363 3176 spatio
2392 3108 2619 3162 noverit.
2651 3107 2832 3163 Viden‘
2863 3108 3075 3185 oculum
3110 3109 3265 3165 nobis
3303 3111 3368 3165 ad
3399 3112 3501 3169 hoc

1915 3198 2150 3251 maxime
2175 3197 2357 3251 datum
2385 3196 2596 3252 fuisse?
2639 3198 2846 3255 Rursus
2872 3200 3111 3256 auditum
3138 3201 3285 3269 fecit,
3312 3220 3419 3259 non
3446 3216 3503 3261 ut

1916 3288 2226 3357 blasphema
2258 3288 2586 3359 excipiamus
2611 3291 2811 3359 verba,
2841 3293 2935 3347 sed
2978 3303 3037 3349 ut
3074 3295 3323 3351 salutaria
3366 3297 3501 3369 dog-

1918 3387 2084 3433 mata.
2151 3377 2382 3448 ldeoque
2443 3394 2565 3434 cum
2620 3380 2895 3451 quidpiam
2941 3382 3202 3439 absonum
3256 3378 3497 3456 excipit,

1919 3480 1975 3527 et
2001 3471 2214 3527 animus
2253 3480 2309 3526 et
2354 3457 2526 3542 ipsum
2568 3488 2765 3545 corpus
2808 3478 3081 3547 torpescit.
3139 3478 3320 3535 Sermo
3371 3484 3505 3538 enim

1922 3561 2139 3616 multum
2168 3564 2418 3633 jarantis,
2454 3566 2585 3634 pilos
2626 3566 2795 3637 erigit,
2830 3568 3023 3637 inquit.
3056 3570 3122 3625 Et
3161 3573 3205 3627 si
3233 3574 3358 3644 quid
3382 3590 3505 3629 cru-

1921 3654 2045 3731 dele
2069 3656 2155 3710 vel
2180 3656 2384 3713 immite
2409 3657 2711 3724 audiamus,
2748 3662 3280 3733 rursus‘liorremus;
3308 3669 3351 3721 si
3380 3684 3508 3725 vero

1923 3747 2051 3816 quid
2084 3762 2434 3802 numerosum
2477 3758 2535 3804 et
2566 3748 2881 3816 humanum,
2906 3761 2961 3808 et
2989 3756 3249 3823 gestimus
3274 3766 3328 3813 et
3358 3758 3511 3815 la-taa

1923 3852 2065 3892 mur.
2097 3837 2170 3892 Os
2190 3852 2406 3909 quoque
2424 3838 2669 3894 nostrum
2707 3842 2880 3911 turpia
2904 3842 3146 3914 loquens,
3178 3847 3435 3917 pudorem
3457 3861 3512 3907 et

1923 3927 2307 3983 verecundiam
2351 3926 2546 3995 infert;
2584 3930 2666 3985 sin
2688 3940 2873 3993 autem
2916 3930 3161 4003 honesta,
3203 3935 3413 4007 placide
3456 3950 3511 3995 et

1926 4032 2047 4071 cum
2084 4019 2228 4073 omni
2266 4018 2515 4074 libertate
2562 4020 2649 4074 illa
2696 4023 2911 4077 emittit.
2941 4024 3015 4079 De
3058 4024 3121 4079 iis
3158 4038 3359 4096 autem,
3384 4045 3512 4109 qua:

1927 4117 2052 4162 sunt
2072 4108 2369 4164 secundum
2395 4118 2643 4166 naturam
2674 4127 2833 4166 nemo
2855 4114 3163 4182 erubuerit;
3199 4118 3294 4173 sed
3319 4108 3390 4174 de
3422 4120 3514 4187 iis,

1927 4214 2046 4281 quae
2091 4208 2218 4254 sunt
2262 4212 2457 4268 praeter
2495 4210 2763 4257 naturam.
2798 4203 2865 4258 Et
2913 4218 3102 4259 manus
3129 4207 3346 4276 quidem
3390 4225 3511 4266 cum

1927 4291 2164 4362 rapiunt,
2194 4304 2253 4345 se
2299 4291 2615 4357 occultant,
2645 4302 2701 4349 et
2743 4293 3115 4352 defensionem
3142 4310 3422 4368 quaerunt;
3469 4303 3521 4359 si

1927 4398 2061 4445 vero
2090 4383 2492 4454 eleemosynam
2525 4383 2675 4447 dent,
2705 4384 2866 4439 etiam
2895 4387 3215 4457 gloriantur.
3245 4388 3432 4463 itaque
3470 4392 3523 4447 si

1929 4474 2179 4540 velimus,
2206 4488 2453 4543 magnam
2482 4474 2715 4546 undique
2736 4475 2998 4533 habemus
3022 4478 3091 4533 ad
3113 4483 3363 4536 virtutem
3392 4497 3516 4552 pro-

1930 4565 2268 4634 pensionem.
2316 4564 2374 4621 Si
2414 4574 2595 4621 autem
2626 4565 2759 4621 mihi
2801 4568 3127 4639 voluptatem
3169 4588 3236 4625 ex-
3280 4576 3514 4643 nequitia

1930 4666 2137 4725 partam
2181 4655 2349 4719 dicas,
2380 4656 2556 4725 cogita
2602 4670 2702 4709 nos
2749 4654 2895 4710 illam
2938 4659 3195 4729 majorem
3221 4678 3290 4717 ex
3317 4665 3516 4722 virtute

1929 4745 2243 4816 decerpere.
2269 4744 2482 4801 Etenim
2514 4744 2711 4800 bonam
2742 4745 2944 4805 habere
2964 4751 3371 4815 conscientiam.
3400 4769 3517 4810 om-

1930 4837 2088 4893 nibus
2117 4836 2170 4890 in
2216 4835 2574 4894 admiratione
2600 4854 2745 4906 esse,
2771 4840 3077 4913 bonamque
3122 4860 3274 4916 spem
3306 4858 3513 4917 tenere,

1928 4928 2166 4983 omnium
2189 4926 2642 4999 iucundissimum
2659 4940 2742 4986 est
2762 4931 2833 4999 ei,
2846 4934 2936 5003 qui
2960 4935 3251 5005 voluptatis
3271 4949 3514 4994 naturam

1929 5019 2312 5091 perpenderit;
2343 5028 2400 5076 ut
2427 5021 2696 5077 contraria
2716 5023 2959 5079 omnium
2987 5026 3369 5083 molestissima
3390 5041 3517 5086 sunt

1928 5116 1997 5182 ei,
2016 5116 2106 5187 qui
2123 5113 2328 5170 doloris
2355 5124 2601 5172 naturam
2625 5116 2804 5171 novit:
2830 5116 2979 5173 verbi
3004 5120 3195 5190 gratia,
3226 5130 3278 5175 et
3302 5123 3516 5191 probris

1927 5206 1997 5261 ab
2035 5205 2285 5261 omnibus
2328 5202 2472 5260 affici
2499 5214 2553 5260 et
2586 5220 2616 5259 a
2663 5220 2724 5261 se
2757 5206 2876 5277 ipso
2918 5211 3183 5278 accusari,
3216 5215 3410 5271 timere
3444 5229 3509 5271 ac

1929 5304 2165 5353 tremere
2200 5299 2481 5365 praesentia
2507 5311 2571 5352 ae
2597 5295 2793 5353 futura.

2000 5393 2055 5449 5.
2106 5391 2352 5464 Voluptas
2380 5390 2541 5447 brevis
2569 5400 2663 5457 est,
2694 5390 2843 5447 dolor
2860 5392 2983 5448 hinc
3012 5404 3193 5465 partas
3218 5408 3514 5469 perpetuas.

1930 5489 2081 5544 —Et
2116 5498 2197 5545 ut‘
2221 5489 2272 5545 id
2313 5489 2455 5559 quod
2486 5490 2607 5545 dico
2634 5488 2833 5544 clarius
2872 5487 3101 5555 evadat,
3150 5502 3513 5561 supponamus

1928 5584 2232 5654 quempiam
2260 5597 2487 5639 uxorem
2528 5582 2812 5640 habentem
2848 5583 3080 5654 proximi
3127 5583 3338 5655 nuptias
3385 5600 3511 5653 per-

1931 5672 2136 5743 fodere,
2159 5684 2213 5729 et
2228 5689 2294 5729 es
2326 5674 2426 5731 hoc
2455 5674 2701 5746 improbo
2730 5674 2874 5731 furto
2900 5677 2989 5732 illa
3018 5676 3120 5732 frui
3141 5692 3301 5748 quam
3321 5686 3465 5733 amat
3487 5697 3503 5743 ;

1928 5764 2131 5821 deinde
2166 5765 2331 5821 alium
2379 5767 2503 5824 huic
2542 5782 2876 5839 opponamus
2903 5808 2920 5838 ,
2951 5769 3043 5841 qui
3086 5784 3313 5827 uxorem
3352 5786 3506 5827 suam
