4070 6322
584 342 683 397 f8?

577 458 965 530 complectatur
994 473 1006 510 :
1040 464 1203 525 utque
1231 454 1455 509 victoria
1486 455 1682 510 clarior
1710 454 1932 519 evadat,
1962 455 2048 510 hie
2072 471 2165 525 qut

578 554 688 607 sola
716 566 810 607 sua
837 564 1004 605 uxore
1030 548 1222 604 fruitur
1240 591 1254 613 ,
1278 550 1440 604 etiam
1473 548 1617 604 illam
1646 558 1792 605 amet
1819 565 1938 619 qua:
1958 550 2164 606 adulte-

581 653 760 709 ratur,
794 642 890 697 sed
922 657 1158 697 amorem
1204 642 1455 706 cohibeat
1501 640 1743 712 nihilque
1785 643 1913 696 mali
1962 642 2160 710 faciat,

574 752 895 806 quamquam
926 751 994 790 ne
1024 735 1125 795 hoc
1145 736 1360 804 quidem
1384 743 1466 790 est
1487 749 1618 806 pura
1650 737 2000 804 temperantia
2026 752 2039 798 ;
2069 751 2163 791 ve-

578 824 691 881 rum
719 828 783 881 ad
832 828 1041 883 lihitunt
1065 870 1081 891 ,
1114 836 1171 879 ut
1218 826 1394 881 discas
1417 836 1616 894 quanta
1662 827 1733 880 sit
1763 826 1976 880 virtutis
2006 827 2160 881 volu-

577 928 710 984 ptas,
745 918 864 975 ideo
890 917 1197 985 hujus-modi
1221 918 1408 973 drama
1433 916 1755 973 emnximus.
1789 916 1881 971 His
1906 932 2036 988 ergo
2054 933 2158 972 una

573 1012 893 1079 comparatis
914 1051 929 1075 ,
961 1011 1041 1065 sic
1064 1010 1252 1064 ambos
1278 1011 1689 1078 interrogemus,
1718 1011 1889 1064 utrius
1913 1011 2017 1063 vita
2038 1010 2159 1065 dul-

572 1102 685 1155 cior
710 1120 722 1154 :
752 1109 807 1154 et
826 1101 1010 1155 audies
1038 1101 1184 1154 illum
1216 1100 1429 1170 quidem
1456 1100 1778 1171 gloriantem
1798 1110 1855 1158 et
1878 1106 2152 1157 exsultan-

573 1202 677 1245 tem
706 1192 773 1246 de
798 1193 1060 1258 victoria,
1090 1207 1251 1264 quam
1281 1202 1462 1246 contra
1499 1192 1778 1248 libidinem
1820 1197 2152 1264 reportavit;

573 1285 713 1339 hunc
741 1298 899 1348 vero;
926 1284 1033 1341 imo
1057 1298 1159 1337 non
1184 1283 1603 1351 exspectandum
1623 1294 1706 1339 est
1734 1295 1793 1339 ut
1809 1285 1880 1340 ab
1906 1285 1997 1339 illo
2025 1288 2152 1356 quid

571 1376 877 1431 ediscamus
905 1394 917 1429 :
950 1375 1155 1431 videbis
1194 1377 1337 1429 enim
1386 1376 1532 1434 illum
1559 1417 1579 1445 ι
1600 1378 1811 1431 etiamsi
1858 1378 1924 1434 id,
1957 1380 2152 1434 millies

572 1468 874 1537 negaverit,
905 1467 1263 1522 miserabilius
1282 1481 1445 1536 quam
1475 1466 1511 1519 ii
1550 1456 1657 1536 qui
1677 1476 1803 1521 sunt
1842 1468 1893 1521 in
1924 1470 2150 1524 vinculis

566 1559 835 1613 allectum.
869 1558 1005 1615 Nam
1030 1572 1218 1611 omnes
1258 1557 1408 1612 timet
1436 1566 1491 1611 et
1529 1567 1807 1626 suspectos
1852 1558 2054 1625 habet,
2098 1570 2153 1619 et

566 1665 787 1703 Μαι-ειη
809 1664 959 1706 suam
982 1657 1037 1707 et
1055 1647 1312 1705 adultera:
1334 1648 1507 1701 virum
1530 1647 1809 1718 ipsamque
1830 1650 2146 1716 adulteram,

568 1740 876 1803 f:tmiliare.-',
906 1739 1109 1793 amicos
1134 1779 1149 1804 ,
1178 1748 1456 1807 cognatos,
1490 1740 1743 1807 parietes,
1772 1739 2011 1806 umbras,
2044 1740 2151 1795 sei.-

566 1846 716 1898 psnm
745 1848 757 1894 ;
788 1840 839 1884 et
873 1829 1012 1898 quod
1043 1840 1124 1884 est
1165 1830 1403 1884 omnium
1430 1830 1802 1899 gravissimum
1824 1871 1841 1896 ,
1871 1832 2151 1886 conscien'

565 1927 690 1989 tiam
738 1924 895 1995 habet
940 1924 1324 1978 reclamantem
1368 1932 1424 1979 et
1461 1923 1700 1993 quotidie
1744 1925 2048 1979 latrantem.
2091 1925 2145 1979 Si

560 2032 689 2072 vero
710 2017 867 2077 etiam
898 2016 990 2070 Dei
1024 2015 1253 2069 tribunal
1287 2014 1342 2069 in
1372 2023 1607 2069 mentem
1634 2016 1875 2082 venerit,
1906 2032 1972 2070 ne
2002 2025 2149 2071 stare

559 2107 773 2176 quidem
805 2106 1021 2175 poterit.
1055 2106 1118 2159 Et
1147 2106 1390 2176 voluptas
1412 2105 1628 2175 quidem
1652 2094 1832 2161 brevis
1856 2115 1961 2173 est,
1992 2106 2149 2161 dolor

557 2208 735 2261 autem
767 2199 888 2254 hinc
921 2209 1107 2266 partus
1134 2208 1445 2268 perpetuus.
1489 2196 1621 2251 Nam
1666 2206 1720 2250 et
1758 2212 1979 2267 vespere
2017 2200 2145 2252 etin

558 2302 716 2346 nocte
744 2331 757 2348 .
794 2291 846 2345 in
878 2291 1166 2344 solitudine
1190 2328 1204 2351 ,
1238 2291 1289 2343 in
1319 2290 1535 2343 civitate
1560 2296 1616 2342 et
1645 2288 1841 2358 ubique
1865 2298 2146 2343 accusator

558 2382 819 2451 sequitur,
850 2379 1086 2450 gladium
1116 2389 1423 2432 monstrans
1452 2391 1665 2432 acutum
1697 2390 1751 2434 et
1790 2380 2142 2434 intolerabilia

555 2472 819 2539 supplicia
841 2481 1034 2530 .metu
1075 2484 1400 2523 consumens
1448 2470 1619 2523 illum.
1660 2469 1753 2523 Ille
1778 2484 1906 2524 vero
1937 2472 2140 2538 tempe-

556 2578 702 2622 rans.
740 2565 821 2615 his
850 2561 1101 2613 omnibus
1131 2574 1354 2624 vacuus,
1386 2560 1437 2612 in
1468 2559 1713 2613 libertate
1738 2568 1837 2623 est,
1868 2568 1924 2613 et
1952 2572 2141 2613 secure

554 2670 773 2709 uxorem
802 2668 955 2707 suam
982 2653 1125 2705 videt
1150 2692 1163 2715 ,
1198 2651 1336 2704 filios
1358 2690 1372 2713 ,
1402 2652 1605 2703 amicos
1637 2690 1651 2712 ,
1680 2658 1735 2702 et
1765 2649 1947 2703 liberis
1973 2649 2145 2701 oculis

553 2746 730 2799 utntlltt
760 2745 973 2815 aspicit.
1024 2743 1081 2797 Si
1128 2752 1305 2797 autem
1334 2742 1379 2794 is
1411 2742 1501 2809 qui
1525 2749 1708 2804 amat,
1756 2746 1811 2792 et
1857 2748 2035 2791 tamen
2080 2752 2141 2792 se

554 2842 831 2903 continet,
886 2847 1042 2893 tanta.
1074 2837 1270 2892 fruitur
1320 2835 1631 2903 voluptate:
1660 2834 1750 2903 qtti
1794 2848 1902 2887 non
1950 2843 2136 2898 amat,

555 2934 648 2989 sed
703 2948 835 3001 pure
891 2940 1197 3001 temperans
1246 2938 1364 2994 est,
1420 2943 1527 2997 quo
1584 2936 1781 2997 portu,
1835 2940 1936 2995 qua
1990 2937 2137 2979 tran-

550 3025 811 3094 quillitate
851 3039 955 3076 non
995 3021 1292 3076 dulciorem
1334 3029 1388 3073 et
1441 3018 1792 3087 placidiorem
1842 3017 2140 3085 possidebit

551 3119 785 3168 animum
811 3114 833 3167 ?
866 3113 988 3167 Ideo
1016 3122 1165 3166 certe
1199 3110 1472 3165 adulteros
1500 3108 1925 3175 viderispaneos
1949 3149 1965 3172 ,
1999 3118 2134 3160 tem-

553 3216 799 3274 perantes
819 3214 995 3258 autent
1022 3203 1223 3272 plures.
1248 3200 1401 3267 Quod
1428 3199 1471 3253 si
1504 3199 1604 3252 hoc
1620 3196 1830 3251 dulcius
1849 3209 2010 3261 esset,
2038 3198 2136 3254 huc

551 3300 725 3366 ipsum
757 3296 907 3355 multi
931 3295 1210 3363 eligerent.
1261 3292 1368 3347 Nec
1408 3290 1535 3344 mihi
1572 3290 1719 3343 dicas
1760 3289 1935 3358 legum
1977 3290 2133 3345 timo-

550 3404 699 3451 rem;
732 3400 905 3455 neque
930 3386 1077 3441 enim
1106 3384 1192 3438 ltic
1221 3383 1341 3440 illos
1363 3383 1602 3437 continet
1627 3421 1643 3445 ,
1674 3379 1765 3433 sed
1793 3380 2136 3435 alisnrditatis

551 3476 880 3549 magnitudo,
901 3476 1113 3544 etquod
1142 3475 1291 3543 plura
1324 3473 1395 3527 ibi
1418 3473 1525 3525 sint
1554 3473 1722 3524 tristia
1748 3484 1905 3539 quam
1928 3474 2132 3537 suavia,

552 3577 606 3621 rt
629 3567 972 3623 conscientia:
1021 3580 1234 3635 quoque
1277 3563 1534 3636 calculus.
1568 3563 1635 3617 Et
1674 3564 1886 3618 adulter
1914 3566 2131 3634 quidem

549 3660 672 3712 talis
696 3668 798 3711 est.
825 3658 879 3711 Si
911 3657 1081 3728 placet
1106 3666 1307 3720 antem,
1332 3669 1552 3713 avarum
1572 3668 1786 3723 quoque
1810 3654 2137 3708 adducamus

549 3750 602 3803 in
630 3749 899 3814 medium,
933 3748 1095 3801 alium
1128 3756 1318 3807 rursus
1346 3745 1582 3814 iniquum
1608 3760 1847 3798 amorem
1877 3745 2135 3815 detegen-

549 3851 647 3895 tes.
686 3840 895 3896 Etenim
918 3840 1090 3909 ipsum
1113 3837 1274 3892 etiam
1306 3836 1603 3894 videbimus
1627 3837 1811 3892 eadem
1842 3838 2136 3891 for-tuideo—

550 3947 678 3998 tetu,
708 3949 808 3988 nec
832 3933 1097 3988 valentem
1122 3947 1251 4001 pura
1273 3931 1372 3984 frui
1398 3930 1686 3999 voluptate.
1710 3930 1885 3985 Mente
1908 3946 2136 4000 namque

547 4042 772 4081 versans
799 4041 891 4079 eos
917 4026 1007 4097 qui
1051 4025 1242 4093 injuria
1288 4022 1597 4077 afficiuntur
1622 4065 1635 4088 ,
1666 4035 1719 4076 et
1750 4039 1848 4077 eos
1864 4024 1951 4090 qui
1982 4040 2131 4078 com-

547 4120 890 4172 miseratione
920 4119 1190 4171 ducnntnr
1209 4156 1221 4179 ,
1248 4125 1301 4170 et
1327 4130 1669 4171 communem
1689 4118 1926 4169 omnium
1952 4116 2021 4171 de
2036 4117 2135 4170 illo

547 4212 812 4271 calculum
837 4252 851 4275 ,
883 4210 1030 4264 mille
1071 4210 1302 4278 agitatur
1347 4210 1460 4277 ipse
1498 4208 1765 4263 fluctibus.
1810 4209 1991 4278 Neque
2034 4211 2139 4265 hoc

548 4304 722 4365 Stilllln
767 4303 1054 4358 molestum
1082 4303 1180 4370 ipsi
1202 4310 1282 4356 est
1311 4343 1324 4365 ,
1357 4300 1451 4354 sed
1480 4316 1652 4370 neque
1681 4300 1872 4355 dilecta
1907 4317 2001 4356 sua
2035 4302 2138 4357 frui

549 4403 743 4463 potest.
771 4394 917 4448 Talis
941 4397 1085 4450 enim
1127 4403 1523 4446 est'avarorntn
1562 4396 1677 4444 mos‘
1711 4409 1724 4445 ι
1756 4391 1956 4448 habent
1980 4433 1994 4457 ,
2029 4408 2134 4446 non

550 4495 607 4539 ut
648 4485 927 4549 fruantur,
956 4484 1049 4538 sed
1083 4492 1141 4536 ω
1187 4497 1291 4534 non
1340 4483 1612 4534 fruantur.
1646 4480 1799 4547 Quod
1828 4483 1871 4533 si
1911 4483 2011 4541 hoc
2041 4484 2136 4536 tibi

548 4578 772 4645 a-nigtna
800 4588 922 4629 esse
945 4572 1175 4637 videtur,
1205 4570 1345 4639 quod
1368 4570 1542 4623 adhuc
1566 4570 1718 4639 pejus
1745 4580 1798 4624 et
1823 4574 1994 4642 magis
2016 4588 2137 4641 per-

552 4670 764 4737 plexum
793 4666 1023 4723 estaudi
1052 4684 1065 4718 :
1100 4666 1245 4735 ipsos
1286 4680 1480 4732 nempe
1518 4678 1624 4719 non
1671 4664 1790 4719 ideo
1831 4666 2006 4719 solum
2038 4683 2136 4721 vo-

551 4760 752 4828 luptate
781 4757 1001 4827 privari,
1022 4757 1299 4825 quodnon
1315 4754 1552 4809 audeant
1572 4757 1725 4810 bonis
1748 4756 1854 4810 frui
1870 4768 1927 4810 ut
1947 4758 2136 4825 velint,

550 4850 645 4904 sed
673 4849 834 4905 etiam
866 4848 1013 4917 quod
1042 4860 1329 4915 numquam
1367 4845 1686 4909 impleantur
1706 4888 1720 4911 ,
1746 4865 1809 4902 ac
1843 4866 2055 4918 semper
2085 4851 2135 4905 in

552 4943 638 4996 siti
672 4949 955 5002 versentur
982 4955 998 4992 :
1029 4954 1135 5007 quo
1159 4936 1289 5006 quid
1317 4936 1595 4990 molestius
1618 4946 1673 4990 et
1695 4940 1911 5007 gravius
1939 4942 2096 4996 fuerit
2114 4942 2143 4995 ἲ

555 5039 621 5087 At
643 5033 820 5102 justus
860 5047 966 5094 non
985 5038 1077 5088 est
1105 5030 1227 5083 talis
1250 5069 1265 5092 ,
1294 5026 1388 5082 sed
1419 5036 1687 5091 tremore,
1725 5028 1884 5093 odio,
1918 5041 2061 5085 metu
2086 5042 2140 5087 et

556 5125 661 5178 bac
689 5122 970 5179 incttrabili
990 5122 1083 5179 siti
1110 5122 1243 5175 liber
1266 5130 1369 5175 est;
1400 5118 1479 5185 Ae
1508 5118 1957 5188 quemdmodum
1988 5121 2138 5176 illum

1282 350 1283 353 ‘
1309 340 1367 392 S.
1405 337 1683 394 JOANNIS
1715 337 2143 395 CﬂﬂYSOSTOI

2249 341 2545 398 ιηεηιερ.
2586 341 3115 401 CONS‘I‘ANTINOP.

3757 349 3855 404 188

2272 474 2460 515 omnes
2484 471 2856 527 exsecrantur,
2886 462 2956 516 ita
2990 463 3110 515 huic
3139 476 3326 516 omnes
3357 460 3495 517 bene
3518 471 3815 532 precantur
3836 504 3853 528 ,

2271 565 2333 606 ac
2361 552 2495 607 sicut
2537 553 2625 607 ille
2654 554 2858 608 nullum
2900 554 3062 609 habet
3088 555 3315 609 amicum
3342 595 3357 618 ,
3402 553 3479 609 sic
3511 554 3614 609 iste
3653 554 3856 608 nullum

2269 642 2560 698 inimicum.
2590 644 2726 712 Quid
2758 647 2935 716 igitur,
2960 645 3077 700 bzne
3104 646 3154 699 in
3181 645 3431 701 confesso
3448 658 3573 699 cum
3601 645 3737 711 sint,
3768 656 3858 700 aut

2270 737 2500 804 nequitia
2533 738 2892 806 injucundlus,
2924 748 3015 792 aut
3047 740 3239 792 virtute
3266 737 3482 791 suavius
3514 735 3859 791 fueritl‘lmo

2268 842 2399 881 vero
2440 830 2647 885 etiamsi
2701 832 2978 887 innumera
3026 831 3359 897 dixerimus,
3391 845 3551 884 nemo
3593 831 3686 885 vel
3738 830 3855 883 vitii

2266 934 2553 976 mmrorem
2574 964 2590 989 ,
2628 922 2711 978 vel
2739 924 2953 978 virtutis
2981 924 3312 991 voluptatem
3342 923 3519 977 verbis
3546 922 3860 991 exprimere

2266 1013 2463 1079 possit,
2494 1013 2667 1069 donec
2694 1014 2780 1068 illa
2813 1014 3073 1070 fruamur.
3103 1016 3254 1070 Tunc
3276 1015 3419 1069 enim
3447 1023 3502 1068 et
3547 1012 3675 1068 felle
3705 1028 3858 1066 ama-

2262 1105 2376 1157 rius
2401 1098 2737 1161 inveniemus
2762 1107 2951 1161 vitium
2970 1149 2984 1170 ,
3014 1123 3133 1162 cum
3162 1108 3266 1163 mel
3294 1107 3507 1161 virtutis
3536 1103 3854 1174 degustabi-

2263 1212 2401 1261 mus.
2434 1197 2531 1252 Est
2557 1200 2699 1253 enim
2722 1200 2884 1254 etiam
2914 1216 3054 1254 nunc
3078 1200 3284 1265 vitium,
3316 1197 3690 1269 injucundum,
3722 1211 3855 1250 one-

2261 1302 2447 1343 rosum
2472 1300 2526 1344 et
2551 1291 2832 1346 molestum
2860 1310 2873 1357 ;
2902 1292 3047 1362 quod
3074 1308 3247 1363 neque
3272 1291 3345 1347 illi
3374 1299 3590 1361 negant,
3622 1290 3717 1359 qui
3751 1289 3851 1358 ipsi

2261 1380 2623 1435 famulantur:
2655 1398 2773 1437 cum
2818 1395 2996 1457 autem
3029 1383 3097 1436 ab
3124 1385 3213 1437 illo
3239 1384 3664 1438 abseesserimus
3685 1420 3703 1443 ,
3736 1389 3850 1432 tum

2262 1470 2404 1524 illius
2423 1471 2611 1525 acerba
2629 1470 2775 1541 jussa
2804 1474 3103 1529 accuratius
3128 1475 3440 1528 sentiemus.
3464 1471 3618 1539 Quod
3643 1472 3688 1523 si
3714 1469 3851 1522 mul-

2264 1562 2297 1613 ti
2326 1562 2391 1615 ad
2425 1562 2552 1616 illud
2575 1575 2877 1631 accurrant,
2907 1565 3038 1619 nihil
3067 1567 3260 1618 mirum
3286 1579 3301 1628 ;
3327 1560 3766 1634 quandoquidem
3796 1567 3851 1612 et

2258 1652 2405 1718 pueri
2445 1668 2623 1722 saepe,
2656 1657 2833 1709 minus
2870 1656 3044 1710 dulcia
3091 1655 3387 1723 eligentes,
3420 1669 3480 1708 ea
3509 1667 3633 1722 quae
3675 1650 3849 1720 magis

2253 1741 2522 1800 delectant
2559 1745 2903 1815 despiciunt,
2930 1755 2986 1801 et
3010 1746 3198 1815 regroti
3246 1758 3345 1813 pro
3392 1743 3530 1798 fluxa
3585 1743 3848 1810 brevique

2252 1838 2419 1905 gratia
2465 1846 2780 1908 perpetuam
2836 1839 3193 1905 tutioremque
3236 1834 3476 1889 latitiam
3520 1835 3823 1887 amiserunt

2255 1929 2365 1985 Hoc
2388 1940 2565 1985 autem
2591 1946 2658 1985 ex
2679 1930 2971 1985 amantium
2996 1927 3359 1982 imbecillitate
3382 1934 3437 1981 et
3462 1925 3693 1979 stultitia
3716 1938 3839 1993 pro-

2254 2021 2419 2085 venit,
2454 2036 2556 2074 non
2586 2037 2651 2075 ex
2681 2022 2794 2090 ipsa
2833 2034 3013 2075 rerum
3043 2027 3254 2072 natura.
3287 2016 3387 2084 Qui
3417 2016 3565 2069 enim
3592 2029 3718 2067 cum
3746 2029 3843 2065 vo.

2252 2110 2452 2178 lnptate
2483 2112 2645 2177 vivit,
2692 2112 2739 2164 is
2769 2119 2850 2165 est
2879 2112 2967 2180 qui
2998 2109 3252 2163 virtutem
3279 2115 3520 2162 sectatur
3542 2145 3557 2169 ,
3592 2106 3683 2175 qui
3716 2119 3844 2159 vere

2250 2199 2400 2253 dives
2424 2210 2476 2253 et
2508 2215 2632 2253 vere
2658 2200 2791 2254 liber
2812 2210 2912 2256 est.
2942 2199 3095 2265 Quod
3126 2200 3169 2253 si
3201 2199 3323 2268 quis
3344 2196 3446 2250 alia
3476 2195 3697 2266 quidem
3729 2194 3840 2247 vir-

2250 2292 2344 2345 tuti
2372 2291 2723 2355 c0nccsserit,
2752 2290 3076 2351 libertatem.
3106 2291 3447 2344 securitatem
3467 2329 3484 2355 ,
3514 2302 3543 2339 a
3570 2286 3719 2341 curis
3743 2299 3838 2338 va-

2247 2398 2404 2436 cuum
2433 2397 2590 2446 esse,
2634 2382 2902 2435 neminem
2947 2382 3171 2443 timere,
3215 2381 3481 2434 neminem
3526 2386 3840 2447 suspectum

2248 2473 2486 2537 habere;
2538 2475 2869 2542 voluptatem
2905 2488 3034 2526 vero
3069 2473 3166 2540 ipsi
3211 2487 3315 2526 non
3344 2471 3720 2534 concesserit,
3753 2469 3839 2524 hic

2248 2563 2376 2615 mihi
2419 2564 2469 2615 in
2517 2574 2748 2618 mentem
2796 2562 2975 2616 veniet
3018 2561 3239 2631 profuse
3276 2560 3475 2615 ridere.
3506 2560 3649 2627 Quid
3692 2561 3838 2613 enim

2245 2654 2386 2707 aliud
2419 2665 2497 2707 est
2523 2655 2787 2723 voluptas,
2818 2670 2979 2723 quam
3014 2671 3042 2706 a
3073 2655 3220 2709 curis
3241 2655 3453 2708 liberari
3481 2695 3495 2715 ,
3536 2668 3566 2706 a
3601 2654 3832 2717 timore,

2244 2763 2272 2800 a
2304 2756 2559 2815 mmrore,
2609 2758 2664 2802 et
2701 2764 2729 2801 a
2771 2749 2912 2802 nulla
2954 2764 3014 2804 re
3046 2763 3201 2817 posse
3232 2748 3416 2801 vinciri
3443 2747 3466 2799 ?
3494 2746 3629 2802 Uter
3652 2748 3795 2801 enim
3816 2787 3833 2811 ,

2243 2858 2423 2909 quaso
2443 2884 2456 2904 ,
2487 2842 2539 2893 in
2566 2842 2842 2908 voluptate
2871 2851 2958 2915 est
2977 2880 2992 2905 ,
3012 2842 3135 2894 isne
3162 2838 3252 2910 qui
3284 2838 3434 2903 furit,
3467 2839 3701 2907 agitatur
3723 2847 3777 2893 et
3802 2854 3835 2891 a

2242 2932 2427 2985 multis
2446 2932 2825 3000 cupiditatibus
2854 2932 3185 2995 confoditur,
3231 2946 3406 2998 neque
3430 2929 3571 2997 apud
3612 2944 3678 3003 se
3698 2944 3831 2983 cun-

2240 3024 2414 3086 sistit;
2450 3038 2515 3076 an
2548 3024 2635 3091 qui
2673 3023 2741 3075 ab
2787 3022 3036 3075 omnibus
3082 3021 3229 3075 hisce
3267 3020 3519 3074 fluctibus
3549 3020 3691 3074 liber
3718 3061 3734 3083 ,
3782 3021 3837 3074 iu

2242 3114 2577 3184 philosophia
2630 3128 2728 3168 ceu
2774 3114 2823 3166 in
2870 3122 3026 3181 portu
3075 3111 3477 3165 sedet‘fannon
3526 3112 3703 3179 palam
3751 3120 3832 3165 est

2243 3206 2381 3259 hunc
2408 3206 2569 3259 esse?
2596 3204 2698 3258 Sed
2728 3204 2829 3257 hoc
2855 3203 3092 3257 cernitur
3110 3203 3293 3256 virtuti
3320 3202 3615 3270 proprium.
3645 3202 3832 3271 Itaque

2240 3296 2424 3348 vitium
2453 3295 2627 3347 solum
2657 3308 2854 3348 nomen
2882 3294 3039 3347 habet
3064 3293 3353 3362 voluptatis
3372 3334 3388 3359 ,
3419 3308 3478 3347 re
3504 3304 3687 3347 autem
3717 3294 3832 3362 ipsa

2239 3401 2461 3441 vacuum
2490 3396 2609 3441 est:
2643 3397 2696 3440 et
2724 3396 3010 3455 antequam
3057 3386 3145 3438 illa
3195 3384 3429 3451 fruaris,
3468 3386 3674 3438 insania
3708 3394 3790 3439 est
3811 3427 3827 3449 ,

2240 3494 2345 3531 non
2376 3479 2620 3544 voluptas
2645 3495 2658 3540 ;
2691 3487 2971 3547 postquam
2998 3476 3087 3529 illa
3116 3476 3215 3528 frui
3241 3477 3544 3545 contigerit,
3574 3477 3686 3544 ipsa
3715 3487 3831 3530 sta-

2242 3570 2333 3620 tim
2364 3569 2738 3637 exstinguitur.
2768 3568 2824 3621 Si
2852 3582 2980 3637 ergo
3008 3583 3177 3637 neque
3217 3567 3371 3621 initio
3391 3566 3609 3637 ,neque
3642 3577 3829 3635 postea

2240 3658 2364 3712 licet
2388 3658 2503 3726 ejus
2526 3657 2710 3717 videre
2736 3657 3085 3726 voluptatem.
3112 3657 3197 3710 ubi
3220 3666 3471 3711 cernetur
3492 3668 3544 3709 et
3567 3658 3785 3725 quando
3806 3658 3827 3710 l

2242 3747 2309 3803 Ut
2337 3757 2515 3802 autem
2544 3748 2599 3801 id
2622 3747 2763 3816 quod
2791 3747 2913 3801 dico
2939 3747 3136 3801 clarius
3164 3746 3374 3801 ediscas
3394 3787 3408 3810 ,
3436 3748 3688 3815 exemplo
3713 3762 3832 3803 rem

2242 3852 2565 3895 tractemus:
2593 3840 2809 3892 attende
2835 3848 3031 3891 autem.
3055 3837 3253 3906 Captus
3273 3845 3357 3890 est
3384 3838 3649 3906 quispiam
3674 3852 3832 3892 amo-

2240 3948 2298 3986 re
2327 3932 2564 3987 mulieris
2596 3931 2833 4001 pulcbrte
2862 3940 2915 3986 et
2947 3929 3197 3984 formosae
3222 3948 3235 3983 :
3268 3928 3357 3983 bie
3378 3928 3550 3983 donec
3574 3945 3833 3999 assequa-

2241 4034 2325 4077 tnr
2354 4032 2624 4088 Optatum,
2657 4020 2951 4074 furentibus
2978 4028 3030 4074 et
3076 4019 3279 4072 insanis
3304 4018 3494 4072 similis
3525 4030 3607 4073 est
3633 4034 3651 4084 ;
3685 4030 3834 4088 post-

2239 4130 2399 4184 quam
2448 4123 2627 4167 autem
2680 4120 2999 4181 assequutus
3041 4119 3161 4174 est,
3190 4110 3686 4179 concupiscentiam
3741 4127 3832 4165 ex-

2240 4210 2444 4262 stinxit.
2476 4207 2529 4259 Si
2561 4220 2690 4274 ergo
2718 4220 2889 4274 neque
2918 4204 3067 4257 initio
3086 4203 3415 4270 voluptatem
3446 4202 3649 4267 habet;
3683 4202 3834 4257 furor

2241 4301 2381 4352 enim
2407 4307 2531 4359 tunc
2559 4308 2640 4349 est
2664 4313 2677 4359 ;
2711 4312 2882 4364 neque
2905 4297 2953 4347 in
2982 4294 3117 4357 fine;
3144 4310 3266 4347 nam
3288 4295 3574 4349 concubitu
3601 4305 3831 4350 (nstrum

2239 4389 2495 4443 exstinxit
2520 4408 2532 4441 :
2565 4388 2775 4441 ubinam
2809 4387 2951 4439 illam
2985 4386 3364 4439 inveniemus?
3392 4384 3498 4440 Sed
3522 4403 3609 4441 res
3634 4400 3834 4442 nostra

2242 4495 2345 4533 non
2379 4481 2449 4532 ita
2483 4495 2544 4533 se
2578 4479 2796 4542 habent,
2844 4477 2938 4531 sed
2990 4477 3139 4529 initio
3190 4476 3594 4543 perturbatione
3646 4492 3835 4533 vacum

2240 4580 2384 4636 sunt,
2413 4578 2462 4625 et
2495 4584 2661 4635 usque
2693 4568 2745 4621 in
2789 4569 2948 4621 linem
2977 4569 3221 4633 voluptas
3264 4568 3449 4635 vigens
3476 4581 3791 4636 perseverat
3817 4586 3833 4635 ;

2243 4662 2353 4717 imo
2384 4663 2559 4731 potius
2590 4676 2694 4715 non
2741 4661 2862 4713 finis
2904 4670 2986 4713 est
3015 4660 3299 4727 voluptatis
3329 4660 3383 4711 in
3431 4662 3586 4715 nobis
3612 4704 3628 4725 ,
3660 4678 3837 4734 neque

2243 4755 2380 4809 bona
2411 4762 2594 4807 nostra
2635 4755 2924 4807 terminum
2969 4750 3207 4814 habent,
3237 4766 3413 4819 neque
3445 4752 3560 4806 haec
3588 4755 3837 4822 voluptas

2242 4842 2841 4913 umquamdissolvitur.
2862 4841 2990 4895 ﬂare
3014 4842 3195 4908 itaque
3223 4841 3402 4894 omnia
3434 4843 3761 4913 cogitantes,
3789 4844 3835 4897 si

2244 4936 2570 5003 voluptatem
2591 4946 2854 4996 amamus,
2880 4933 3130 4985 virtutem
3149 4932 3526 5000 suscipiamus,
3552 4941 3678 4986 utet
3698 4948 3838 5001 pra:-

2244 5028 2414 5084 sentia
2452 5035 2507 5080 et
2554 5025 2744 5078 fetura
2768 5022 2905 5077 bona
2935 5038 3285 5093 assequamur
3317 5041 3332 5074 :
3362 5038 3483 5092 qua:
3515 5022 3717 5077 utinam
3743 5041 3838 5081 nos

2246 5135 2439 5179 omnes
2454 5116 2677 5187 adipisci
2699 5116 2995 5186 contingat,
3022 5118 3193 5185 gratia
3220 5122 3276 5167 et
3304 5113 3663 5183 benignitate,
3686 5124 3798 5172 cte.

580 5252 3805 5282 Μ

1887 5330 2229 5396 HOMILIA
2270 5334 2510 5395 XXIII.

554 5480 690 5538 Car.
714 5476 769 5532 9.
799 5490 857 5530 v.
886 5472 979 5532 ει,
1012 5471 1397 5542 Nescitisquod
1528 5472 1615 5539 qui
1643 5473 1889 5531 instadio
1909 5485 2143 5541 enimat,

632 5584 805 5623 omnes
828 5567 1032 5636 quidem
1056 5574 1259 5622 curer
1279 5606 1294 5629 ,
1320 5568 1409 5620 sed
1438 5581 1569 5618 ωω
1595 5565 1781 5635 accipit
1807 5567 2031 5620 brevium
2048 5568 2078 5621 2

635 5661 687 5720 ί.
712 5660 842 5715 Cum
865 5657 1210 5719 ostendisset,
1232 5672 1348 5711 rem
1365 5673 1487 5719 esse
1505 5655 1797 5713 admodum
1814 5658 2005 5717 utilem
2026 5673 2147 5715 sese

568 5762 940 5823 attemperare.
961 5757 1016 5810 et
1045 5750 1187 5804 hanc
1200 5762 1321 5802 esse
1340 5764 1609 5804 summam
1639 5749 2064 5818 perfectionem
2091 5761 2145 5807 et

2246 5476 2389 5546 quod
2407 5472 2805 5544 ipse-(Paulus),
2818 5484 2941 5526 eum
2957 5468 3256 5540 plus-quam
3273 5483 3465 5525 omnes
3475 5467 3845 5539 adperfeetio-

2247 5580 2369 5627 nem
2420 5563 2786 5627 ascendisset,
2818 5561 2928 5613 imo
2955 5558 3378 5614 transcendisset
3402 5601 3416 5622 ,
3442 5574 3510 5614 eo
3538 5557 3685 5629 quod
3733 5558 3844 5628 (ad

2251 5659 2451 5713 victum
2468 5650 2817 5721 necessaria)
2848 5664 2955 5706 non
2986 5651 3252 5721 acceperit
3272 5692 3287 5715 ,
3315 5652 3439 5721 plus
3474 5664 3632 5719 quam
3658 5664 3848 5709 omnes

2249 5756 2431 5818 postea
2444 5743 2817 5809 descenderit,
2848 5750 2906 5797 et
2932 5742 3214 5813 utriusque
3241 5740 3324 5797 rei
3348 5750 3590 5808 tempora
3621 5746 3748 5802 nota
3774 5742 3841 5795 fe-
