4066 6332
149 406 243 464 I87

148 522 237 577 καὶ
250 518 347 590 τὴν
373 517 782 589 μοιχευομένην
819 518 1013 588 αὐτὴν,
1033 518 1129 571 καὶ
1150 519 1387 582 οἰκείους
1423 518 1519 570 καὶ
1548 516 1735 584 φίλους

150 605 237 657 καὶ
272 605 584 671 συγγενεῖς,
605 604 701 655 καὶ
717 602 931 671 τοίχους
952 601 1046 656 καὶ
1064 602 1222 665 σκιὰς
1250 602 1346 654 καὶ⁷
1374 600 1588 661 ἐαυτὸν,
1619 599 1735 663 καὶ,

144 689 203 738 τὸ
227 685 449 739 πάντων
473 685 882 755 χαλεπώτερον,
915 683 975 738 τὸ
1011 684 1251 747 συνειδὸς
1274 685 1385 753 ἔχει
1428 681 1736 743 καταϐοῶν,

150 768 413 821 ὑλακτοῦν
470 767 597 819 καθ’
638 768 874 837 ἑκάστην
923 767 1158 836 ἡμέραν.
1194 769 1293 819 Ἂν
1322 766 1380 818 δέ
1428 764 1611 818 καὶτὸ
1645 763 1738 817 τοῦ

150 850 284 903 Ηεοῦ
317 850 668 922 δικαστήριον
716 850 967 921 ἐννοήσῃ,
1011 850 1131 902 οὐδέ
1191 850 1378 918 στῆναι
1426 849 1736 920 δυνήσεται.

152 933 259 984 Καὶ
294 935 331 1003 ἡ
368 932 467 1001 μὲν
491 932 656 1002 ήδονὴ
713 932 963 1003 βραχεῖα,
989 934 1023 1002 ή
1071 933 1127 985 δὲ
1178 933 1285 985 ἀπὸ
1318 930 1523 1000 ταύτης
1577 929 1740 999 ὀδύνη

151 1016 431 1086 διηνεκὴς.
452 1017 563 1069 Καὶ
589 1016 699 1084 γάρ
724 1016 817 1068 καὶ
845 1018 901 1068 ἐν
931 1015 1140 1086 ἑσπέρᾳ
1160 1015 1255 1068 καὶ
1282 1015 1339 1066 ἐν
1364 1014 1540 1076 νυκτὶ,
1568 1013 1663 1067 καὶ
1683 1013 1741 1066 ἐν

150 1101 364 1171 ἐρημία
380 1100 476 1154 καὶ
503 1103 561 1153 ἐν
591 1101 766 1165 πόλει,
798 1100 893 1154 καὶ
940 1098 1214 1169 πανταχοῦ
1239 1099 1482 1153 ’ἐπεταιό
1512 1098 1743 1169 κατήγο-

153 1199 268 1251 ρος,
285 1182 442 1250 ξίφος
476 1183 691 1245 δεικνὺς
708 1183 1066 1253 ἠκονημένον,
1086 1185 1181 1235 καὶ
1207 1181 1306 1245 τὰς
1333 1182 1641 1251 ἀφορήτους
1660 1198 1744 1234 κο-

152 1264 363 1327 λάσεις,
389 1266 479 1317 καὶ⁵
522 1264 598 1335 τῷ
631 1266 780 1335 φόϐῳ
806 1264 1220 1318 καταναλίσκων
1247 1264 1408 1317 αὑτὸν
1436 1266 1530 1319 καὶ
1567 1265 1743 1317 δαπα-

151 1346 277 1398 νῶν.
328 1347 387 1397 '0
415 1346 470 1399 δὲ
510 1346 741 1417 σώφρων
780 1350 987 1411 ἐκεῖνος
1006 1348 1220 1400 πάντων
1265 1346 1471 1399 τούτων
1494 1347 1741 1417 ἀπήλλα-

152 1445 305 1491 κται,
335 1430 428 1482 κα)⁵
459 1429 606 1482 ἐστιν
641 1431 698 1481 ἐν
755 1430 1060 1501 ἐλευθερίᾳ,
1097 1432 1192 1483 καὶ
1245 1432 1385 1499 μετά
1412 1430 1595 1492 ἀδείας
1640 1431 1742 1501 ὁρᾷ

150 1511 243 1579 τὴν
274 1514 513 1577 γυναῖκα
544 1511 644 1582 τὴν
675 1512 892 1571 ἑαυτοῦ,
927 1513 995 1565 τὰ
1018 1512 1225 1577 παιδία,
1250 1512 1376 1573 τοὺς
1393 1512 1604 1580 φίλους,
1646 1512 1742 1565 καὶ

150 1591 465 1664 ἐλευθέροις
503 1590 708 1647 ἅπασιν
733 1594 1033 1665 ὀφθαλμοῖς
1063 1595 1280 1664 ἀπαντᾷ
1311 1603 1353 1649 ⁸.
1383 1596 1445 1647 Εί
1465 1594 1522 1647 δὲ
1544 1597 1572 1648 6
1599 1595 1741 1666 ἐρῶν

151 1674 270 1742 μὲν,
327 1676 545 1743 κρατῶν
573 1677 650 1739 δὲ,
691 1677 960 1747 τοσαύτης
1022 1678 1393 1732 ἀπολαύσεται
1436 1678 1653 1748 ἡδονῆς,
1714 1680 1742 1731 6

151 1756 291 1825 μηδὲ
316 1757 479 1826 ἐρῶν.
510 1758 646 1812 ἀλλά
668 1759 928 1830 καθαρῶς
959 1759 1275 1831 σωφρονῶν,
1300 1761 1446 1823 τίνος
1497 1760 1739 1830 λιμένος,

147 1840 310 1900 ποίας
362 1841 605 1912 γαλήνης
637 1844 739 1912 οὑχ
793 1845 930 1913 ήδίω
960 1845 1055 1897 καὶ
1086 1846 1450 1915 ήμεροντέραν
1478 1848 1739 1916 κτήσεται

147 1924 359 1990 ψυχήνς
424 1926 522 1978 Διά
548 1943 629 1978 τοι
653 1926 813 1978 τοῦτο
842 1928 967 1989 τοὺς
995 1927 1349 1997 μοιχεύοντας
1382 1928 1481 1997 μὲν
1524 1928 1740 1995 ὀλίγους

148 2006 210 2055 ἂν
245 2004 402 2071 ἴδοις,
432 2007 842 2078 σωφρονοῦντας
869 2010 925 2062 δὲ
966 2010 1202 2074 πλείους.
1226 2012 1291 2064 Εἰ
1323 2012 1380 2064 δὲ
1402 2010 1739 2081 τοῦτοήδιον,

147 2088 305 2142 τοῦτο
329 2089 399 2143 ἂν
433 2092 637 2146 εἴλοντο
665 2095 713 2145 οί
747 2093 953 2146 πολλοί.
982 2096 1091 2147 Καὶ
1126 2096 1199 2164 μή
1239 2112 1329 2164 μοι
1360 2095 1485 2163 λέγε
1508 2097 1599 2149 τὸν
1633 2098 1741 2150 ἀπὸ

147 2171 156 2237 Ι
177 2172 297 2242 199Ῑ
326 2174 440 2226 τῶν
456 2174 637 2243 νόμων
658 2174 845 2242 φόϐον⁴
869 2174 991 2228 οὐδὲ
1015 2175 1123 2246 γάρ
1140 2172 1296 2238 οὗτός
1322 2178 1471 2230 ἐστιν
1493 2179 1691 2240 αὐτοὺς
1712 2181 1741 2231 6

147 2256 418 2324 κατέχων,
433 2256 546 2309 ἀλλ’
576 2258 609 2326 ή
639 2257 741 2327 τῆς
770 2258 998 2320 ἀτοπίας
1017 2258 1313 2330 ὑπερϐολὴ,
1330 2260 1497 2313 καὶτὸ
1518 2262 1740 2317 πλείονα

145 2332 282 2389 εἶναι
310 2339 382 2391 τά
419 2337 643 2409 λυπηρά
670 2339 780 2392 τῶν
805 2341 1013 2410 ἡδέων,
1054 2342 1150 2394 καὶ
1198 2344 1230 2411 ἡ
1288 2341 1384 2396 τοῦ
1438 2345 1737 2410 συνειδότος

144 2420 344 2488 ψῆφος.
373 2420 485 2474 Καὶ
515 2424 543 2474 6
572 2423 671 2491 μὲν
705 2422 891 2492 μοιχὸς
923 2423 1185 2488 τοιοῦτος.
1242 2426 1305 2479 EI
1355 2426 1413 2479 δὲ
1456 2428 1736 2497 βούλεσθε,

144 2504 237 2554 καὶ
255 2503 347 2556 τὸν
376 2504 706 2575 πλεονέκτην
724 2507 802 2569 είς
836 2507 1000 2577 μέσον
1018 2510 1334 2578 ἀγάγωμεν,
1353 2510 1442 2563 ἐτε
1452 2528 1542 2581 ρον
1559 2512 1737 2582 ἔρωτα

145 2585 306 2637 πάλιν
343 2588 663 2657 παράνομον
684 2590 1149 2659 ἀπογυμνοῦντες.
1180 2593 1290 2645 Καὶ
1310 2593 1419 2663 γὰρ
1437 2593 1529 2645 καὶ
1549 2593 1738 2648 τοῦτον

141 2669 392 2737 όῷμεθα
425 2671 493 2723 τά
521 2672 660 2724 αύτά
683 2671 978 2732 δεδοικότα,
1029 2674 1123 2726 καὶ
1153 2675 1212 2726 οὐ
1235 2675 1531 2744 δυνάμενον
1564 2679 1738 2731 καθα-

145 2754 241 2818 ρᾶς
270 2753 574 2805 ἀπολαύειν
601 2754 810 2823 ἡδονῆς.
830 2756 942 2808 Καὶ
958 2757 1069 2825 γὰρ
1088 2756 1181 2810 καὶ
1206 2763 1330 2820 τοὺς
1351 2760 1737 2831 ἀδικουμένους

145 2834 365 2897 ἐννοῶν,
392 2835 487 2886 καὶ
507 2838 633 2897 τοὺς
656 2837 1058 2905 συναλγοῦντας
1076 2840 1278 2903 αὐτοῖς,
1322 2844 1415 2894 καὶ
1436 2846 1533 2911 τὴν
1551 2845 1735 2915 κοινὴν

143 2916 404 2969 ἁπάντων
432 2919 561 2986 περὶ
582 2918 745 2970 αὑτοῦ
776 2920 973 2989 ψῆφον,
1020 2920 1189 2990 μυρία
1216 2922 1437 2993 κύματα
1460 2926 1593 2995 ἔχει.
1626 2929 1736 2980 Καὶ

139 3000 198 3049 ob
233 2998 401 3052 τοῦτο
433 3003 591 3069 μόνον
615 3002 733 3053 ἐστὶ
756 3003 816 3054 τὸ
845 3003 1101 3073 χαλεπὸν,
1126 3004 1239 3057 ἀλλ’
1268 3008 1387 3059 οὐδὲ
1415 3012 1514 3079 τῆς
1532 3011 1737 3081 ἐρωμέ-

141 3097 234 3150 νης
264 3082 580 3135 ἀπολαῦσαι
606 3083 846 3137 δύναται.
880 3085 1131 3149 Τοιοῦτος
1158 3087 1266 3159 γὰρ
1286 3090 1314 3141 6
1343 3090 1449 3143 τῶν
1480 3092 1737 3163 φιλαργύσ

144 3182 250 3231 ρων
267 3165 496 3235 τρόπος·
526 3168 623 3235 οὐχ
653 3167 739 3220 ἵνα
762 3168 1108 3221 ἀπολαύωσιν
1132 3171 1367 3239 ἔχουσιν,
1411 3173 1525 3227 ἀλλ’
1544 3176 1631 3229 ἵνα
1660 3178 1736 3247 μὴ

141 3247 516 3301 ἀπολαύωσιν.
542 3251 604 3301 EI
638 3250 693 3302 δὲ
727 3252 954 3320 αἴνιγμά
988 3270 1066 3304 σοι
1095 3255 1252 3306 τοῦτο
1281 3250 1420 3309 εἶναι
1449 3257 1614 3321 δοκεῖ,
1642 3263 1737 3313 καὶ

139 3332 201 3382 τὸ
222 3330 307 3383 ἔτι
341 3332 536 3384 τούτου
582 3336 764 3403 χεῖρον
819 3336 914 3387 καὶ
942 3336 1290 3407 ἀπορώτερον
1334 3339 1521 3392 ἀκουε-
1562 3343 1644 3394 ὅτι
1673 3345 1734 3396 ού

139 3414 311 3485 ταύτῃ
350 3415 513 3484 μόνον
536 3417 858 3486 ἐστέρηνται
882 3417 983 3486 τῆς
1012 3420 1120 3471 τῶν
1141 3420 1309 3473 ὄντων
1333 3421 1546 3491 ήδονῆς,
1565 3426 1641 3495 τῷ
1661 3426 1735 3497 μὴ

140 3498 349 3568 τολμᾷν
401 3500 583 3561 αὐτοῖς
638 3500 894 3570 χρῆσθαι,
930 3502 1003 3564 ὡς
1040 3502 1341 3571 βούλονται,
1368 3506 1503 3559 ἀ).λά
1532 3509 1625 3561 καὶ
1658 3510 1736 3578 τῷ

146 3581 423 3662 μηδέποτε
482 3581 681 3662 αὐτῶνῇ
705 3583 1118 3652 ἐμπίπλασθαι,
1185 3586 1299 3639 ἁλλ’
1334 3592 1391 3642 ἐν
1450 3590 1529 3659 τῷ
1576 3591 1735 3662 διψῇν

143 3658 281 3741 εἶναι
309 3662 599 3731 διηνεκῶς·
624 3658 685 3718 οὗ
705 3665 759 3717 τί
781 3666 976 3733 γένοιτ’
1001 3669 1067 3720 ἂν
1123 3658 1527 3742 χαλεπώτερονξ
1597 3658 1734 3728 Ἀλλ’

143 3737 238 3815 οὐχ
263 3748 292 3799 ό
317 3746 529 3809 δίκαιος
550 3746 810 3810 τοιοῦτος’
840 3748 976 3801 ἀλλά
1027 3737 1131 3803 καὶὴ
1144 3737 1346 3823 τρόμου
1386 3737 1480 3807 καὶ
1515 3737 1731 3825 μίσους,

146 3829 236 3881 καὶ
265 3828 437 3894 φόϐου
467 3829 561 3881 καὶ
582 3829 674 3881 τοῦ
698 3831 919 3883 ἀνιάτου
942 3833 1130 3885 τούτου
1157 3834 1340 3903 δίψους
1367 3838 1730 3908 ἀπήλλακται·

144 3911 241 3961 καὶ
259 3910 456 3981 ῶσπερ
488 3911 681 3980 ἐκείνῳ
708 3913 908 3976 πάντες
941 3915 1280 3982 ἐπαρῶνται,
1341 3919 1483 3973 οὕτω
1532 3922 1733 3987 πάντες

142 3992 317 4061 τούτῳ
358 3992 730 4064 συνεύχονταιο
761 3997 855 4049 καὶ
886 3997 1137 4069 καθάπερ
1164 4001 1371 4064 ἐκεῖνος
1409 4003 1602 4057 οὐδένα
1643 4006 1733 4058 κέ-

143 4091 338 4145 κτηται
383 4075 556 4141 φίλον,
587 4075 761 4140 οὕτως
793 4074 947 4143 οὗτος
982 4080 1174 4133 οὐδένα
1201 4083 1415 4154 ἐχθρόν.
1444 4085 1508 4136 Τί
1530 4088 1731 4155 τοίνυν,

139 4158 344 4211 τούτων
369 4158 547 4221 οὕτως
582 4158 1045 4231 ὡμολογημένων,
1078 4163 1110 4234 ἢ
1147 4165 1346 4229 κακίας
1380 4168 1726 4239 ἀηδέστερον,

140 4240 173 4308 ἦ
211 4241 420 4311 ἀρετῆς
468 4241 617 4311 ήδιον
650 4242 848 4309 γένοιτ’
879 4243 980 4309 av;
1030 4247 1231 4312 μᾶλλον
1267 4248 1345 4313 δὲ,
1414 4249 1515 4304 κᾶν
1560 4252 1729 4321 μυρία

144 4329 410 4392 εἴπωμεν,
442 4325 617 4388 οὐδεὶς
638 4324 762 4379 οὔτε
786 4328 1000 4398 ἐκείνης
1021 4330 1122 4400 τὴν
1154 4330 1355 4401 λύπην,
1382 4332 1506 4387 οὔτε
1527 4334 1730 4405 ταύτης

200 4540 218 4560 ⁸
245 4537 513 4601 Legebat!»
539 4542 741 4592 ἅπαντα.

1162 405 1228 459 ΙΝ
1269 402 1491 461 EPIST.
1533 404 1555 458 Ι
1609 404 1699 455 AD
1729 403 1888 458 αυιι.
1934 405 2170 463 HOMIL.
2208 407 2396 465 XXIII.

3325 413 3420 466 187%

1848 518 1937 587 σὴν
1968 518 2161 591 ἡδονὴν
2194 521 2541 591 παραστῆσαι
2566 521 2856 591 δυνήσεται
2888 521 3057 591 λόγῳ,
3090 524 3194 587 ἕως
3241 524 3305 578 ἂν
3336 528 3429 581 αὺ-

1837 600 1936 669 τῆς
1965 602 2388 674 ἀπολαύσωμεν.
2440 604 2573 656 Τότε
2615 603 2723 675 γὰρ
2762 606 2857 657 καὶ
2905 607 3232 675 πικρότερον
3264 606 3429 681 χολῆς

1838 682 2147 754 εὑρήσομεν
2172 686 2272 753 τὴν
2306 687 2528 750 κακίαν,
2559 687 2686 739 ὅταν
2714 687 2805 739 τοῦ
2840 687 2933 757 τῆς
2969 687 3174 757 ἀρετῆς
3188 689 3427 758 ἀπογευ-

1842 763 2064 834 σώμεθα
2096 766 2332 836 μέλιτος.
2367 769 2525 821 Ἔστι
2557 768 2656 837 μὲν
2706 768 2815 837 γάρ
2850 769 2945 821 καὶ
2987 768 3083 821 νῦν
3114 762 3285 841 ἀηδὴς
3338 773 3431 827 καὶ

1841 850 2073 918 φορτική
2106 852 2200 903 καὶ
2235 850 2504 921 ἐπαχθὴς,
2551 853 2646 904 καὶ
2675 852 2812 921 πρὸς
2840 850 3002 903 τοῦτο
3046 852 3166 904 οὐδὲ
3195 855 3350 907 αὐτοὶ
3380 858 3428 907 οί

1841 929 2235 1001 θεραπεύοντες
2268 934 2439 1003 αὐτὴν
2491 934 2835 1003 άντεροῦσικν
2864 936 2991 987 ὅταν
3017 935 3073 987 δέ
3097 935 3267 1005 αὐτῆς
3297 939 3431 990 ἀπο-

1844 1012 2076 1083 στῶμεν,
2102 1014 2226 1068 τότε
2260 1015 2430 1085 αὐτῆς
2465 1016 2860 1085 ἀκριϐέστερον
2916 1016 3285 1086 αἰσθανόμεθα
3321 1018 3430 1072 τῶν

1842 1094 2056 1165 πικρῶν
2082 1097 2498 1169 ἐπιταγμάτων.
2529 1099 2591 1151 EI
2620 1098 2678 1150 δὲ
2738 1099 2787 1151 οἱ
2825 1097 3011 1152 πολλοὶ⁵
3068 1099 3204 1169 πρὸς
3259 1102 3431 1171 αὐτὴν

1843 1177 2119 1246 τρέχουσι,
2141 1178 2457 1249 θαυμαστὸν
2487 1180 2660 1234 οὐδέν’
2695 1182 2817 1234 ἐπεὶ
2848 1181 2942 1234 καὶ
2967 1185 3153 1245 παῖδες
3171 1183 3431 1247 πολλάκις

1842 1262 1909 1313 τὰ
1938 1256 2101 1331 ἦττον
2136 1263 2267 1333 ἡδέα
2308 1264 2575 1334 ἑλόμενοι,
2610 1265 2717 1317 τῶν
2754 1264 3014 1334 μειζόνως
3034 1265 3434 1335 εὐφραινόντων

1842 1345 2265 1415 καταφρονοῦσυ
2300 1350 2394 1399 καὶ
2414 1349 2464 1399 οἱ
2494 1348 2778 1409 νοσοῦντες
2806 1347 2948 1419 ὑπὲρ
2979 1350 3321 1418 προσκαίρου
3339 1349 3435 1419 χά-

1845 1444 1989 1495 ριτος
2008 1429 2106 1499 τὴν
2129 1429 2355 1499 διηνεκῆ
2376 1432 2469 1484 καὶ
2489 1432 2908 1503 ἀσφαλεστέραν
2933 1431 3277 1503 εὐφροσύνην
3335 1434 3435 1486 ἀπ-

1842 1510 2257 1565 ώλεσαν.Τοῦτο
2285 1513 2343 1566 δὲ
2371 1515 2470 1584 τῆς
2496 1514 2606 1567 τῶν
2638 1514 2892 1584 ἐρώντων
2922 1515 3206 1579 ἀσθενείας
3236 1532 3297 1567 τε
3339 1518 3434 1569 καὶ

1841 1594 2026 1656 ἀνοίας
2056 1595 2221 1657 ἐστὶν,
2246 1598 2305 1648 ού
2338 1596 2437 1666 τῆς
2462 1598 2571 1650 τῶν
2595 1598 2938 1668 πραγμάτων
2970 1598 3204 1667 φύσεως.
3252 1598 3311 1651 Ὀ
3325 1598 3435 1669 γὰρ

1848 1676 1965 1745 μεθ’
1988 1678 2183 1747 ήδονῆς
2223 1679 2351 1743 ζῶν,
2372 1683 2401 1732 6
2426 1681 2679 1749 ἐνάρετός
2708 1683 2877 1742 ἐστιν,
2937 1682 2965 1733 6
2993 1680 3239 1734 πλουτῶν
3265 1681 3435 1746 ὅντως

1847 1760 1944 1814 καὶ
1970 1761 2136 1824 ὅντως
2167 1762 2453 1835 ἐλεύθερος
2487 1764 2581 1818 ὢν.
2618 1767 2680 1817 EI
2710 1765 2767 1817 δέ
2790 1782 2873 1826 τις
2900 1763 2969 1817 τά
2995 1765 3094 1835 μὲν
3139 1764 3273 1818 ἄλλα
3300 1780 3435 1831 συγ-

1847 1843 2050 1912 χωροίη
2082 1846 2147 1913 τῇ
2176 1845 2367 1916 ἀρετῇ,
2405 1847 2742 1916 ἐλευθερίαν,
2780 1847 2986 1909 ἀδειαν,
3023 1848 3082 1900 τὸ
3137 1846 3437 1917 φροντίδων

1847 1924 2215 1995 ἀπηλλάχθαι,
2252 1927 2314 1980 τὸ
2349 1928 2553 1998 μηδένα
2588 1928 2905 1994 δεδοικέναι,
2968 1929 3032 1981 τὸ
3078 1930 3285 1999 μηδένα
3328 1930 3435 1982 ύπ-

1843 2006 2118 2072 οπτεύειν,
2147 2009 2246 2079 τὴν
2270 2010 2326 2062 δὲ
2358 2010 2551 2080 ήδονὴν
2580 2010 2656 2080 μὴ
2686 2011 3021 2081 συγχωνροίη,
3072 2014 3166 2063 καὶ
3204 2011 3436 2079 γελάσαι

1849 2106 1940 2159 μοι
1966 2090 2153 2143 λοιπὸν
2166 2092 2385 2161 δαψιλὲς
2412 2093 2649 2147 ἐνταῦθα
2675 2093 2990 2164 ἐπέρχεται.
3025 2093 3089 2145 Τί
3116 2093 3225 2163 γάρ
3248 2093 3436 2162 ἐτερόν

1846 2173 1995 2224 ἐστιν
2022 2175 2205 2246 ἡδονὴ.
2251 2177 2284 2246 ἢ
2318 2176 2378 2228 τὸ
2416 2178 2698 2246 φροντίδος
2751 2177 3216 2246 ἀπηλλάχθαικαὶ
3268 2174 3434 2244 φόϐου

1845 2256 1941 2305 καὶ
1967 2254 2228 2324 ἀθυμίας,
2259 2260 2352 2310 καὶ
2388 2261 2556 2311 πᾶσιν
2581 2259 2881 2329 ἀχείρωτον
2905 2254 3041 2311 εἶναι
3064 2276 3077 2323 ;
3117 2258 3213 2320 Τίς
3238 2257 3347 2327 γὰρ
3377 2258 3436 2309 ἐν

1843 2334 2026 2406 ἡδονῇ,
2056 2338 2176 2388 είπέ
2208 2356 2319 2407 μοι,
2348 2340 2376 2390 6
2402 2340 2725 2409 μαινόμενος
2755 2340 2852 2393 καὶ
2878 2338 3166 2408 σφαδάζων
3192 2340 3284 2391 καὶ
3316 2356 3435 2392 κεν-

1842 2418 2105 2488 τούμενος
2134 2422 2238 2473 ὑπὸ
2264 2423 2568 2492 ἐπιθυμιῶν
2603 2422 2831 2487 πολλῶν,
2866 2424 2961 2476 καὶ
2990 2422 3112 2475 οὐδὲ
3147 2424 3205 2475 ἐν
3256 2421 3437 2490 ἐαυτῷ

1844 2501 1941 2564 ὢν,
1971 2504 2003 2573 ἢ
2031 2505 2058 2556 6
2081 2504 2287 2557 τούτων
2313 2504 2531 2559 πάντων
2553 2505 2979 2575 ἀπηλλαγμένος
3009 2506 3120 2558 τῶν
3150 2506 3434 2577 κυμάτων,

1845 2585 1940 2635 καὶ
1965 2584 2156 2654 ὥσπερ
2190 2587 2248 2637 ἐν
2290 2586 2471 2656 λιμένι
2502 2590 2565 2657 τῇ
2600 2587 2892 2658 φιλοσοφίᾳ
2932 2587 3277 2659 καθήμενος;
3336 2589 3437 2641 οὐκ

1843 2666 2065 2736 εὔδηλον
2095 2669 2176 2719 δτι
2210 2662 2392 2733 οὗτος;
2434 2668 2596 2720 Ἀλλά
2628 2671 2728 2738 τῆς
2751 2670 2953 2739 ἀρετῆς
2974 2671 3102 2723 ίδιον
3132 2671 3290 2724 τοῦτο
3313 2672 3437 2723 ἀνε-

1844 2752 2008 2820 φάνη.
2043 2752 2203 2802 Ὥστε
2232 2753 2265 2821 ἠ
2291 2751 2457 2804 κακία
2509 2752 2683 2820 ὄνομα
2730 2751 2891 2821 μόνον
2922 2753 3115 2822 ήδονῆς
3160 2754 3295 2822 ἔχει,
3338 2754 3435 2805 τοῦ

1843 2833 1899 2884 δὲ
1934 2834 2255 2903 πράγματός
2289 2836 2433 2887 ἐστιν
2466 2834 2690 2904 ἔρημος
2742 2836 2838 2887 καὶ
2873 2835 2982 2905 πρὸ
3018 2837 3116 2905 μὲν
3146 2838 3245 2905 τῆς
3300 2838 3435 2888 ἀπο-

1844 2914 2087 2979 λαύσεως
2121 2916 2271 2987 [τοο]
2332 2918 2498 2985 μανία
2528 2918 2699 2979 ἐστὶν,
2730 2918 2828 2987 οὐχ
2857 2918 3040 2988 ἡδονὴ,
3091 2918 3228 2989 μετά
3264 2918 3436 2989 δὲτὴν

1844 2999 2145 3051 ἀπόλαυσιν
2169 2999 2371 3061 εὐθέως
2397 3000 2490 3051 καὶ⁵
2513 3000 2650 3069 αὐτη
2675 2999 2982 3053 σϐέννυται.
3016 3002 3077 3052 EE
3103 3002 3284 3054 τοίνυν
3308 3002 3434 3055 οῦτε

1844 3083 1901 3133 ἐν
1923 3082 2063 3151 ἀρχῇ
2098 3080 2221 3133 οὔτε
2242 3081 2393 3150 ’μετά
2426 3080 2599 3134 ταῦτα
2638 3082 2786 3135 ἔστιν
2841 3084 2968 3135 ίδεῖν
2994 3084 3166 3153 αὐτῆς
3198 3083 3295 3154 τὴν
3316 3086 3434 3156 ἠδο-

1844 3164 1961 3232 νὴν,
1991 3164 2094 3215 ποῦ
2136 3168 2385 3231 φανεῖται
2410 3164 2504 3215 καὶ
2534 3164 2663 3215 πότε
2689 3182 2702 3230 ;
2734 3164 2852 3217 Ἵνα
2879 3164 2935 3217 δὲ
2983 3164 3318 3235 σαφέστερον
3338 3205 3353 3229 ,
3405 3167 3435 3219 δ

1843 3247 2005 3314 λέγω,
2039 3248 2238 3318 μάθῃς,
2268 3249 2362 3300 ἐπὶ
2400 3248 2799 3317 ὑποδείγματπ
2831 3247 2921 3300 τὸν
2951 3248 3107 3315 λόγον
3133 3250 3433 3319 γυμνάσω-

1845 3346 1968 3398 μεψ
2004 3330 2198 3381 σκόπει
2231 3329 2307 3379 δέ’
2352 3329 2566 3397 ἠράσθη
2598 3348 2681 3391 τις
2709 3330 2966 3397 γυναικὸς
2997 3330 3204 3400 ὡραίας
3228 3332 3319 3383 καὶ
3341 3331 3434 3382 εύ-

1846 3413 2073 3483 μόρφου·
2102 3407 2255 3474 οὗτος
2285 3412 2391 3474 ’ἐως
2437 3411 2536 3482 μὲν
2561 3410 2627 3465 ἂν
2660 3412 2732 3481 μὴ
2782 3412 3018 3478 ἐπιτύχῃ
3057 3413 3153 3465 τοῦ
3204 3413 3437 3483 ἔρωτος,

1840 3498 1952 3559 τοῖς
1979 3495 2328 3564 ἐξεστηκόσιν
2368 3494 2511 3547 ἔοικε
2543 3495 2636 3547 καὶ
2667 3495 3098 3565 παραπαίουσιν·
3125 3495 3348 3548 ἐπειδὰν
3373 3495 3432 3546 δὲ

1842 3577 2097 3648 ἐπιτύχῃ,
2127 3578 2319 3630 ἔσϐεσε
2344 3577 2445 3646 τὴν
2464 3578 2787 3645 ἐπιθυμίαν.
2839 3578 2903 3631 Εἰ
2951 3578 3131 3630 τοίνυν
3184 3580 3323 3649 μήτε
3372 3581 3432 3629 ἐν

1842 3662 1985 3732 ἀρχῇ
2029 3662 2239 3731 ἥδεται’
2276 3661 2444 3729 μανία
2473 3660 2581 3731 γὰρ
2612 3662 2672 3712 τὸ
2734 3662 2967 3732 πρᾶγμά
3013 3664 3148 3713 ἐστι’
3186 3664 3323 3731 μήτε
3372 3662 3432 3711 ἐν

1841 3743 1919 3813 τῷ
1952 3742 2117 3795 τέλει·
2172 3742 2430 3796 καταλύει
2482 3742 2590 3811 γὰρ
2629 3746 2695 3812 τῇ
2738 3743 2883 3812 μίξει
2919 3743 3010 3795 τὸν
3046 3738 3279 3813 οἴστρονι
3324 3741 3429 3794 ποῦ

1840 3826 2029 3880 λοιπὸν
2060 3826 2229 3896 αὐτὴν
2252 3827 2590 3897 εὑρήσομεν;
2636 3827 2774 3879 Ἀλλ’
2810 3826 2870 3878 οὐ
2902 3826 3231 3895 τάήμέτερα
3251 3824 3429 3877 τοιαῦ-

1840 3926 1927 3971 τα,
1956 3909 2093 3961 ἀλλά
2122 3910 2215 3960 καὶ
2268 3912 2325 3962 ἐν
2356 3910 2497 3979 ἀρχῇ
2536 3910 2780 3979 ταραχῆς
2828 3908 3174 3979 ἀπήλλακται
3222 3908 3426 3976 πάσης,

1842 3992 1935 4045 καὶ
1981 3992 2144 4062 μέχρι
2187 3991 2371 4053 τέλους
2394 3991 2725 4060 ἀκμάζουσα
2768 3990 2917 4060 μένει
2947 3993 2979 4060 ή
3010 3990 3192 4062 ἡδονή·
3227 3990 3428 4060 μᾶλλον

1839 4075 1896 4127 δὲ
1924 4073 2047 4127 οὐδέ
2078 4077 2193 4126 ἐστι
2224 4074 2378 4135 τέλος
2407 4076 2539 4145 παρ’
2567 4075 2698 4145 ἡμῖν
2716 4074 2933 4143 ἡδονῆς,
2966 4073 3086 4125 ούδέ
3114 4073 3227 4143 ἔχει
3254 4075 3427 4143 πέρας
3518 4116 3535 4134 .

1837 4156 1995 4225 ήμῶν
2026 4157 2094 4209 τά
2121 4155 2320 4223 ἀγαθὰ,
2351 4156 2471 4207 ούδέ
2508 4155 2835 4209 καταλύεται
2871 4173 2999 4209 ποτε
3020 4156 3157 4225 αὕτη
3184 4157 3217 4225 ὴ
3239 4156 3423 4226 ἡδονή.

1840 4237 2006 4291 Ταῦτ’
2053 4233 2147 4290 οὖν
2178 4237 2397 4290 ἅπαντα
2430 4240 2805 4308 ἐννοήσαντες,
2855 4240 2908 4290 εί
2936 4254 3001 4305 γε
3040 4237 3237 4306 ήδονῆς
3286 4237 3427 4307 ἐρῶ-

1844 4338 1963 4390 μεν,
2004 4320 2394 4390 ἐπιλαθώμεθα
2441 4322 2664 4392 ἀρετῆς,
2734 4320 2821 4373 ῐνα
2858 4319 3090 4372 καὶτῶν
3140 4318 3424 4388 παρόντων

1838 4404 1932 4456 καὶ
1952 4402 2064 4456 τῶν
2100 4403 2405 4473 μελλόντων
2439 4402 2788 4472 ἐπιτύχωμεν
2813 4400 3057 4469 ἀγαθῶψ
3093 4393 3168 4453 ὦν
3211 4399 3424 4466 γένοιτο

1839 4488 2047 4549 πάντας
2086 4487 2231 4556 ἡμᾶς
2278 4487 2578 4555 ἐπιτυχεῖν,
2624 4485 2809 4555 χάριτι
2877 4483 2971 4538 καὶ⁵
3016 4481 3433 4553 φιλανθρωπίᾳ..

1844 4570 1940 4621 και
1964 4570 2032 4621 τε
2063 4570 2209 4639 ἑξῆς.

1560 5156 1803 5209 OMIAIA
1838 5156 1968 5211 ΚΡ.

144 5330 256 5383 οὐκ
271 5329 474 5419 οιςατε
485 5330 588 5419 ἔτι
601 5336 656 5385 οι
678 5334 748 5419 ξεν
770 5335 1018 5419 9:106qu
1018 5334 1351 5419 τρέχοντες,
1370 5334 1593 5419 πέζης
1603 5336 1721 5405 μὲν

256 5397 606 5469 τρέχουσιν,
648 5396 737 5467 εἶς
759 5401 831 5456 δὲ
854 5396 1154 5471 M66755:—
1182 5401 1249 5456 τὸ
1278 5396 1601 5469 βραϐεῖον-ς

203 5498 271 5551 a'.
288 5494 484 5560 Δείξας
508 5494 592 5547 ὅτι
616 5493 749 5548 πολὺ
769 5498 1114 5568 χρήσιμοντδ
1134 5498 1608 5567 συγκαταϐαίνειν,
1628 5500 1723 5553 καὶ

141 5579 210 5643 ὡς
240 5580 401 5634 τοῦτο
451 5579 485 5648 ή
532 5576 679 5645 ἄκρα
707 5577 1004 5648 τιλειότης,
1045 5582 1141 5635 καὶ
1187 5582 1270 5635 ὅτι
1310 5583 1470 5648 αὐτὸς
1504 5585 1721 5638 πάντων

140 5661 291 5715 πλέον
330 5661 472 5731 πρὸς
500 5660 565 5713 τὸ
592 5658 795 5713 τέλειον
831 5659 1059 5725 ἀναϐὰς,
1088 5663 1289 5732 μᾶλλον
1312 5666 1371 5719 δὲ
1406 5666 1501 5719 καὶ
1536 5667 1720 5739 ὑπερ-

141 5738 233 5803 ϐὰς
265 5744 402 5797 cum
445 5742 526 5811 τῷ
577 5742 651 5812 μὴ
700 5740 1021 5810 λαμϐάνειν,
1062 5744 1281 5799 πάντων
1319 5747 1479 5801 πλέον
1511 5738 1715 5821 κατέϐη

144 5824 317 5883 πάλιν.
348 5826 447 5879 καὶ
477 5827 750 5895 ἑκατέρων
776 5821 979 5877 τούτων
1002 5825 1127 5888 τοὺς
1160 5830 1383 5899 καιροὺς
1408 5832 1719 5902 γνωρίμους

1824 5341 2055 5408 ποιήσας
2096 5342 2228 5409 ἡμῖν
2262 5340 2356 5393 καὶ
2383 5340 2485 5409 τῆς
2514 5338 2854 5403 τελειότητος
2884 5340 2975 5392 καὶ
3004 5340 3105 5406 τῆς
3134 5356 3413 5407 συγκατα-

1822 5417 2053 5481 ϐάσεως,
2100 5420 2547 5490 πληκτικώτερον
2596 5420 2777 5475 αὐτῶν
2823 5420 3162 5474 καθικνεῖται
3202 5422 3410 5491 λοιπὸν,

1822 5501 2198 5572 αἰνιττόμενος
2227 5504 2309 5556 δτι
2342 5502 2503 5556 τοῦτο
2544 5503 2603 5556 τὸ
2646 5502 2777 5572 παρ’
2799 5500 2977 5553 αὐτῶν
3002 5504 3286 5574 γινόμενον
3318 5511 3412 5560 καὶ

1823 5580 2014 5636 δοκοῦν
2047 5580 2186 5637 εἶναι
2217 5584 2576 5655 τελειότητος,
2629 5584 2991 5653 ματαιοπονία
3025 5586 3106 5649 τίς
3144 5588 3261 5639 ἐστι
3308 5606 3412 5641 πε·-

1827 5667 2004 5737 ριττή.
2025 5666 2134 5720 Καὶ
2158 5668 2219 5720 ού
2245 5668 2396 5735 λέγει
2416 5668 2515 5737 μὲν
2532 5664 2664 5719 αὐτὸ
2689 5664 2832 5718 οὕτω
2856 5668 3063 5734 σαφῶς,
3085 5669 3172 5721 ῐνα
3205 5670 3281 5740 μὴ
3310 5672 3409 5724 ἀπρ

1826 5751 2313 5819 αναισχυντήσωσιο
2339 5749 2406 5802 δι’
2427 5743 2502 5803 ὧν
2520 5747 2576 5799 δδ
2602 5746 3025 5815 κατασκευάζει,
3043 5748 3197 5803 τοῦτο
3218 5750 3371 5821 δηλοῖ
3390 5768 3403 5781 ’

1828 5834 1920 5887 καὶ
1946 5833 2115 5889 εἰπὼν
2144 5835 2224 5888 ὃτι
2250 5834 2328 5898 είς
2354 5833 2444 5887 τόν
2477 5829 2713 5900 Χριστὸν
2736 5832 3133 5899 ἁμαρτάνουσι,
3166 5836 3259 5890 καὶ
3280 5836 3408 5900 τοὺς
