4070 6322
195 514 361 569 cisset
398 503 579 573 nobis,
607 498 955 579 perfectionis
985 513 1180 569 nempe
1208 506 1265 553 et
1285 490 1783 567 attemperationis;

194 603 302 673 iam
335 600 465 655 illos
486 599 667 653 acrius
697 594 1042 666 perstringit,
1068 586 1414 645 subindicans
1436 584 1631 673 hocab
1659 582 1790 652 ipsis

197 669 563 758 factum,quud
575 682 925 757 ’perfcctionis
944 696 1067 737 esse
1078 674 1511 743 videtur,vanum
1528 669 1583 730 ét
1603 687 1791 743 super.

195 782 365 837 duum
396 794 521 835 esse
561 777 823 832 laborem.
855 772 1041 843 Neque
1083 787 1199 827 rem
1244 770 1315 823 ita
1350 768 1498 823 clare
1525 765 1690 829 dicit,
1723 777 1790 816 ne

198 873 564 945 impudentius
599 873 854 941 agerent:
879 882 975 936 per
1000 861 1088 920 illa
1108 870 1286 919 autem
1307 874 1427 931 qua:
1452 857 1664 928 probat,
1690 855 1792 907 hoc

194 966 455 1020 ostendit.
486 963 552 1019 Et
579 978 701 1017 cum
727 956 965 1015 dixisset
998 956 1196 1011 illos‘in
1226 952 1495 1008 Christum
1528 959 1789 1019 peccare,

197 1069 251 1111 et
273 1056 477 1112 fratres
503 1053 764 1124 perdere,
788 1048 1031 1118 nihilque
1051 1045 1182 1099 illos
1208 1041 1454 1097 utilitatis
1489 1037 1735 1104 accipere
1761 1046 1793 1085 a

198 1145 441 1215 perfecta
473 1144 696 1198 scientia
717 1182 735 1206 ,
769 1140 869 1193 nisi
900 1136 1043 1191 adsit
1070 1134 1269 1188 caritas
1293 1148 1307 1195 ;
1340 1142 1529 1184 rursus
1553 1125 1622 1181 ad
1641 1137 1793 1215 cont-

198 1213 369 1293 inuae
390 1236 695 1303 exemplum
723 1232 872 1285 venit
898 1238 951 1284 et
976 1227 1051 1281 ait
1076 1244 1089 1278 :
1122 1222 1344 1278 Nescitis
1369 1218 1504 1289 quod
1527 1218 1602 1281 ii,
1634 1214 1720 1285 qui
1740 1213 1795 1266 in

195 1330 371 1386 audio
396 1336 607 1382 currunt
625 1368 639 1390 ,
671 1339 845 1378 omnes
869 1321 1073 1390 quidem
1103 1325 1311 1371 currunt
1333 1354 1349 1378 ,
1376 1312 1465 1367 sed
1491 1325 1623 1365 unus
1655 1307 1794 1361 acci-

200 1423 277 1490 pit
311 1421 542 1474 brevium
563 1418 589 1472 .’
618 1416 729 1470 Iloc
756 1424 938 1469 autem
965 1406 1116 1472 dicit,
1141 1422 1245 1462 non
1271 1404 1423 1476 quasi
1448 1403 1535 1459 hic
1562 1412 1702 1454 unus
1729 1412 1798 1451 ex

198 1487 389 1565 inultis
418 1510 645 1564 salutem
688 1507 759 1560 sit
803 1509 1271 1570 consequuturus,
1304 1496 1477 1559 absit;
1523 1491 1619 1547 sed
1655 1487 1797 1559 quod

200 1616 304 1655 nos
329 1599 625 1654 debeamus
653 1593 886 1648 studium
913 1588 1172 1644 adbibere
1197 1585 1443 1639 multum.
1476 1581 1628 1637 Sicut
1652 1578 1797 1633 enim

199 1689 278 1745 ibi
306 1691 497 1744 multis
525 1688 578 1741 in
605 1683 838 1739 stadium
865 1677 1350 1739 descendentibus,
1381 1687 1490 1726 non
1530 1682 1799 1725 coronan-

200 1790 290 1834 tur
312 1778 492 1841 multi,
514 1775 611 1830 sed
642 1788 779 1828 unus
805 1772 858 1827 id
886 1770 1223 1847 assequitur;
1261 1779 1364 1821 nec
1382 1760 1580 1817 sufficit
1604 1759 1659 1814 in
1683 1773 1803 1814 cer-

201 1881 386 1925 tamen
412 1866 779 1930 descendere,
811 1877 986 1931 neque
1014 1858 1199 1929 inungi
1227 1866 1283 1911 et
1319 1863 1675 1911 concertare:
1726 1849 1802 1904 ita

207 1972 267 2016 et
306 1960 397 2015 hic
422 1973 637 2028 quoque
670 1972 779 2011 non
810 1954 942 2009 satis
968 1962 1055 2007 est
1082 1948 1400 2011 credidisse,
1431 1956 1487 2001 et
1513 1953 1804 2011 utcumque

205 2055 565 2113 decertasse;
605 2047 701 2104 sed
731 2046 834 2100 nisi
865 2045 936 2098 ita
961 2054 1244 2096 curramus
1274 2046 1330 2093 ut
1360 2051 1529 2105 usque
1553 2034 1607 2088 in
1640 2032 1802 2087 linem

206 2144 512 2211 inculpatos
544 2154 643 2192 nos
673 2135 1042 2205 prmbeamus,
1074 2140 1130 2185 et
1166 2129 1353 2183 bravio
1395 2122 1678 2196 propinqui
1726 2121 1802 2211 si-

205 2210 515 2299 inus,inibil
541 2239 913 2295 assequemur.
946 2220 1007 2277 Si
1032 2220 1175 2274 enim
1208 2228 1262 2273 te
1290 2216 1585 2288 perfectum
1616 2210 1806 2265 existi-

205 2337 367 2387 mas,
413 2320 620 2388 inquit,
668 2314 967 2371 secundum
1004 2308 1321 2370 scientiam,
1362 2303 1594 2360 nondum
1628 2310 1806 2355 tamen

208 2422 384 2466 totum
409 2407 665 2475 accipies,
690 2406 739 2459 id
764 2403 905 2474 quod
933 2400 1280 2456 subindicans
1300 2395 1513 2451 dicebat
1536 2411 1550 2447 :
1582 2392 1671 2446 Sic
1691 2406 1811 2463 eur-

204 2505 311 2557 rite
334 2511 388 2554 ut
417 2496 875 2569 comprehendatis.
926 2490 1172 2546 Nondum
1216 2503 1345 2558 ergo
1382 2479 1807 2553 comprehende-

206 2605 359 2647 rant.
409 2591 479 2646 Et
525 2604 646 2645 cum
694 2588 766 2642 ita
817 2585 1079 2649 dixisset,
1128 2582 1346 2637 modum
1396 2578 1559 2634 etiam
1613 2575 1807 2630 docet:

207 2683 308 2739 35.
356 2680 536 2734 Omnis
565 2688 755 2741 autem,
785 2676 872 2742 qui
901 2676 953 2728 in
980 2689 1144 2744 agone
1172 2668 1459 2732 contendit,
1489 2666 1551 2720 ab
1580 2665 1813 2720 omnibus

211 2774 456 2829 abstinet.
490 2766 628 2838 Quid
657 2777 763 2831 est,
797 2767 871 2819 Ab
901 2764 1133 2820 omnibus
1162 2762 1373 2815 abstinet
1393 2761 1418 2812 7
1459 2757 1573 2812 Non
1609 2758 1677 2809 ab
1713 2756 1814 2809 hoc

212 2864 440 2935 quidem
469 2860 724 2924 abstinet,
751 2859 805 2912 in
831 2858 936 2910 alio
958 2864 1134 2909 autem
1158 2860 1377 2923 peccat;
1409 2848 1503 2904 sed
1532 2856 1586 2901 et
1612 2862 1641 2899 a
1668 2845 1812 2916 gula,

213 2970 249 3009 a
281 2952 524 3016 lascivia,
544 2952 613 3005 ab
630 2949 911 3012 ebrietate,
935 2956 990 3001 et
1018 2945 1085 2999 ab
1114 2942 1364 2998 omnibus
1390 2941 1531 2994 vitiis
1561 2938 1813 2992 abstinet.

214 3044 356 3100 Nam
387 3042 527 3107 hoc,
562 3040 772 3109 inquit,
815 3038 869 3092 in
900 3037 1139 3091 externis
1177 3047 1389 3104 quoque
1434 3026 1817 3095 certaminibus

216 3126 565 3192 obseritatur.
596 3128 783 3200 Neque
823 3128 967 3183 enim
998 3123 1328 3180 certantibus
1353 3120 1660 3176 certaminis
1683 3126 1818 3169 tem-

220 3244 361 3299 pore
388 3223 642 3281 inebriari
676 3223 801 3277 licet
825 3234 998 3288 neque
1030 3214 1280 3279 scortari,
1312 3228 1378 3268 ne
1408 3212 1549 3266 vires
1573 3208 1818 3271 solvant;

223 3334 403 3390 neque
432 3315 519 3372 alii
554 3313 630 3371 rei
661 3313 894 3383 cuipiam
919 3324 1136 3380 cperam
1169 3307 1327 3370 dare;
1360 3303 1454 3359 sed
1480 3302 1548 3357 ab
1573 3301 1822 3359 omnibus

225 3424 453 3483 prorsus
476 3405 852 3468 abscedentes,
879 3398 1012 3457 solis
1036 3397 1330 3471 gymnasiis
1348 3395 1478 3450 dant
1502 3390 1819 3483 operam.Si

225 3482 413 3558 autem
454 3500 561 3554 illic
588 3497 705 3553 inec
735 3496 907 3560 fiunt,
948 3491 1034 3547 ubi
1066 3506 1267 3547 corona
1293 3487 1385 3543 uni
1414 3486 1607 3541 datur:
1656 3482 1824 3538 multo

232 3594 407 3665 magis
440 3594 548 3656 hic,
578 3591 670 3646 ubi
700 3587 874 3659 major
901 3597 983 3643 est
1012 3585 1252 3656 largitas.
1292 3579 1479 3651 Neque
1504 3579 1646 3634 enim
1688 3592 1823 3631 unus

237 3695 443 3741 tantum
483 3692 566 3738 est
599 3680 690 3751 qui
731 3688 1041 3743 coronatur,
1082 3683 1138 3731 et
1179 3673 1395 3743 prmmia
1426 3671 1641 3725 labores
1670 3669 1825 3737 longe

182 3823 192 3830 .
235 3782 514 3845 superant.
569 3771 802 3840 Ideoque
829 3768 1089 3838 pudorem
1132 3764 1397 3819 incutiens
1435 3762 1507 3816 ita
1542 3757 1777 3828 loquitur
1810 3776 1824 3812 :

237 3870 306 3924 Et
333 3867 411 3921 illi
438 3864 639 3937 quidem
666 3872 722 3916 ut
750 3856 1127 3930 corruptibilem
1154 3870 1395 3911 coronam
1420 3850 1709 3921 accipiant,
1737 3866 1828 3903 nos

233 3971 406 4016 autem
436 3960 804 4025 incorruptam.
834 3950 929 4007 26.
959 3947 1068 4021 Ego
1094 3949 1252 4019 igitur
1271 3947 1343 4001 sic
1362 3960 1533 4006 curro,
1565 3958 1665 3996 non
1684 3942 1827 4009 quasi

232 4053 289 4105 in
317 4052 592 4104 incertum.
634 4046 766 4099 Cum
798 4043 917 4097 illos
945 4041 1012 4093 ab
1041 4033 1278 4094 externis
1308 4034 1511 4105 pudore
1540 4030 1827 4094 aﬂ'ecisset,

233 4156 296 4195 se
320 4153 539 4213 quoque
568 4136 783 4192 demum
814 4134 867 4186 in
900 4130 1133 4195 medium
1162 4127 1398 4189 adducit,
1430 4123 1570 4195 quod
1596 4132 1679 4178 est
1701 4122 1832 4190 Opti-

236 4247 362 4285 mus
383 4226 644 4283 doctrinae
669 4223 877 4278 modus.
898 4223 1101 4277 Idcirco
1127 4221 1324 4288 ubique
1345 4218 1415 4270 ita
1440 4216 1616 4271 facere
1636 4215 1831 4283 depre-

237 4320 517 4377 henditur.
544 4314 681 4383 Quid
716 4313 820 4367 sibi
849 4313 961 4367 vult
987 4320 1192 4366 autem.
1224 4307 1345 4362 Non
1372 4308 1425 4361 in
1450 4304 1732 4359 incertum?
1754 4302 1832 4356 Ad

237 4424 469 4480 scopum
512 4406 798 4477 quemdam
838 4403 1066 4473 aspicio,
1094 4400 1285 4470 inquit,
1332 4414 1435 4451 non
1476 4395 1673 4450 frustra
1702 4395 1834 4449 etin

236 4514 479 4564 cassum,
513 4498 655 4552 sicut
686 4510 803 4550 vos.
834 4493 971 4562 Quid
999 4493 1144 4548 enim
1173 4490 1325 4545 vobis
1352 4488 1580 4558 amplius
1605 4482 1834 4551 accedit,

236 4608 367 4650 eum
411 4591 465 4646 in
506 4589 773 4644 idolorum
816 4587 1009 4654 templa
1051 4584 1296 4647 intratis,
1327 4580 1374 4636 si
1417 4582 1559 4634 illam
1601 4586 1836 4633 ostente-

242 4686 314 4739 tis
359 4679 792 4752 perfectionem?
839 4674 1004 4732 Nihil.
1049 4678 1117 4729 At
1145 4689 1253 4729 non
1287 4672 1408 4727 talis
1434 4685 1555 4725 sum
1577 4683 1717 4739 ego;
1745 4666 1838 4722 sed

240 4789 602 4847 quascumque
648 4769 822 4833 facio,
869 4768 936 4823 ad
973 4768 1201 4822 salutem
1249 4761 1478 4834 proximi
1510 4760 1680 4825 facio;
1729 4759 1842 4814 sive

245 4867 641 4939 perfectionem
672 4862 977 4925 ostendam,
1013 4868 1233 4931 propter
1265 4855 1473 4927 ipsum;
1506 4855 1622 4911 slve
1647 4869 1733 4907 me
1757 4862 1842 4907 at-

247 4972 579 5031 temperem,
612 4964 834 5025 propter
864 4954 1037 5023 ipsum
1063 4968 1079 5018 ;
1122 4950 1235 5006 sive
1264 4948 1483 5005 Petrum
1510 4950 1759 5016 superem
1792 4946 1843 4999 in

243 5067 316 5106 eo
344 5048 489 5123 quod
516 5047 646 5102 nihil
666 5045 947 5115 accipiam,
978 5057 1046 5095 ne
1072 5040 1202 5111 ipsis
1227 5038 1549 5095 oﬂ’endiculo
1574 5036 1707 5101 sim;
1734 5037 1847 5090 sive

250 5142 376 5212 plus
402 5153 561 5209 quam
589 5151 779 5192 omnes
810 5149 896 5191 me
923 5129 1196 5189 demisero
1222 5172 1239 5199 ,
1270 5138 1331 5184 ut
1369 5128 1460 5200 qui
1490 5126 1849 5183 circumcidar

243 5246 304 5290 et
338 5230 584 5297 tondear,
615 5247 684 5286 ne
712 5229 816 5301 ipsi
840 5228 1275 5300 supplantantur.
1300 5223 1411 5278 Hoc
1438 5231 1521 5277 est
1548 5220 1698 5282 illud.
1726 5218 1850 5274 Non

245 5328 305 5379 in
337 5324 605 5378 incertum.
635 5320 716 5375 Tu
747 5336 875 5375 vero
905 5336 1020 5384 cur,
1051 5332 1236 5389 quasso
1267 5326 1340 5382 te,
1372 5314 1613 5369 comedis
1639 5314 1691 5366 in
1718 5321 1852 5367 tem-

251 5421 350 5491 plo
374 5414 637 5471 idolorum
658 5410 682 5464 ἲ
701 5409 807 5465 Sed
835 5409 1210 5464 rationabilem
1236 5422 1455 5464 causam
1481 5406 1720 5477 proferre
1745 5418 1851 5459 non

1193 380 1259 441 ιιι
1298 379 1517 441 ιιιηειτ.
1560 377 1581 435 ι
1641 376 1734 434 su
1766 370 1925 432 con.
1965 353 2214 431 nouit.
2238 369 2429 429 χχιιι.

3376 361 3481 420 UO

1898 488 2042 558 quasi
2078 504 2247 542 aerem
2275 487 2561 542 uaberans.
2594 484 2803 540 Rursus
2829 482 2963 540 illud
2985 525 3002 551 ,
3051 499 3162 539 non
3188 491 3396 539 temere
3428 495 3486 539 et

1895 576 2309 643 inconsiderate,
2333 576 2678 632 subindicans
2702 575 2805 631 hoc
2827 576 2900 630 ait
2925 594 2940 630 :
2968 573 3140 631 habeo
3158 574 3301 630 enim
3322 589 3484 644 quem

1894 668 2081 724 feriam
2106 707 2123 735 ,
2171 683 2367 739 nempe
2391 668 2660 723 diabolum
2688 684 2705 733 ;
2736 676 2792 723 tu
2817 682 2949 722 vero
2976 667 3151 736 ipsum
3180 682 3287 723 non
3315 665 3445 721 feris
3463 704 3482 731 ,

1894 760 1988 816 sed
2034 761 2177 816 vires
2206 771 2326 816 tuas
2370 770 2573 815 temere
2610 759 2864 814 eﬂ'undis.
2907 758 3127 813 interim
3168 758 3291 812 illos
3331 757 3486 827 quasi

1895 850 2198 913 sustinens,
2233 852 2303 905 ita
2334 851 2591 920 loquitur.
2623 850 2759 918 Quia
2787 850 2930 904 enim
2961 849 3334 905 vehementius
3364 848 3489 903 illos

1898 943 2191 998 insectatus
2235 941 2412 999 fuerat
2440 943 2493 997 in
2524 942 2991 1013 prmcedentibus,
3024 956 3216 996 rursus
3242 939 3490 1010 reprimit

1898 1032 2323 1102 iucrepationem
2343 1072 2360 1096 ,
2376 1031 2445 1087 ad
2465 1033 2627 1088 finem
2645 1031 2908 1087 orationis
2930 1030 3248 1103 profundam
3276 1031 3488 1100 plagam

1898 1137 2202 1179 reservans.
2236 1123 2335 1177 Hic
2359 1124 2504 1178 enim
2532 1128 2607 1177 ait
2634 1123 2757 1178 illos
2786 1130 2988 1177 temere
3014 1130 3069 1177 et
3098 1108 3494 1176 inconsiderate

1900 1230 2109 1286 agere;
2150 1224 2336 1285 postea
2379 1214 2651 1281 ostendit,
2680 1214 2821 1283 quod
2862 1214 3021 1267 etiam
3055 1213 3107 1266 in
3136 1228 3380 1283 magnam
3410 1209 3493 1263 sui

1900 1307 2092 1376 capitis
2121 1304 2412 1374 perniciem
2435 1346 2453 1372 ,
2482 1314 2539 1360 et
2573 1295 2716 1375 quod
2756 1313 2950 1373 praeter
2979 1302 3235 1357 damnum
3264 1301 3491 1356 fratrum

1900 1410 2077 1465 neque
2097 1396 2196 1466 ipsi
2218 1395 2376 1466 culpa
2400 1403 2595 1451 vacent
2620 1393 2737 1449 haec
2757 1392 3037 1453 audentes.
3057 1392 3148 1446 27.
3175 1391 3282 1446 Sed
3303 1394 3496 1461 castigo

1900 1500 2088 1553 corpus
2119 1502 2284 1540 meum
2318 1495 2364 1539 et
2406 1485 2461 1538 in
2503 1486 2794 1539 servitutem
2821 1483 3011 1557 redigo
3035 1520 3052 1547 ,
3082 1500 3147 1537 ne
3183 1486 3348 1553 forte.
3382 1497 3497 1533 cum

1902 1577 2023 1631 aliis
2062 1578 2404 1647 ρτωάὶοαυσο
2428 1617 2444 1642 ,
2486 1585 2598 1646 ipse
2623 1576 2869 1647 reprobus
2899 1576 3107 1646 eﬂiciar.
3142 1575 3238 1630 llic
3264 1576 3497 1629 ostendit

1903 1683 1998 1723 eos
2043 1676 2102 1723 et
2156 1669 2361 1722 ventris
2408 1667 2665 1737 implendi
2713 1666 2988 1722 desiderio
3034 1667 3203 1722 teneri
3229 1707 3245 1729 ,
3295 1673 3351 1721 et
3398 1666 3499 1733 ipsi

1906 1760 2085 1813 laxare
2128 1757 2405 1822 habenas,
2448 1766 2504 1813 et
2552 1757 2900 1829 perfectionis
2940 1758 3166 1812 obtentu
3213 1756 3500 1827 ingluviem

1907 1850 2131 1919 implere
2152 1863 2338 1913 suam;
2361 1848 2502 1919 quod
2522 1848 2773 1918 superius
2796 1848 2977 1904 dicere
2999 1847 3352 1917 parturiebat,
3374 1861 3500 1901 cum

1909 1940 1979 1993 ita
2011 1941 2319 2009 loqueretur
2348 1957 2361 1993 :
2409 1938 2560 1994 Esca:
2586 1940 2748 1993 uentri
2768 1980 2784 2004 ,
2814 1948 2859 1994 et
2898 1949 3065 1992 uenter
3094 1939 3220 1993 escis
3250 1936 3270 2009 (
3294 1938 3347 1991 l.
3378 1936 3499 1991 Cor.

1910 2032 1966 2087 6.
1996 2031 2125 2104 l3).
2149 2030 2285 2103 Quia
2326 2030 2466 2085 enim
2498 2030 2907 2086 fornicationem
2932 2030 3136 2085 delicia
3165 2031 3415 2099 pariunt,
3446 2038 3506 2083 et

1910 2122 2013 2177 hoc
2043 2122 2251 2191 peperit
2281 2120 2679 2185 idololatrium;
2707 2123 2830 2191 jure
2858 2136 3003 2191 saepe
3036 2120 3175 2181 hunc
3206 2120 3507 2176 insectatur

1910 2213 2181 2267 morbum.
2229 2211 2294 2265 Et
2338 2226 2460 2271 cum
2508 2211 2841 2273 ostendisset
2884 2221 3084 2281 quanta
3136 2225 3325 2281 passus
3361 2219 3509 2273 esset

1913 2313 2133 2371 propter
2160 2301 2522 2373 evangelium,
2545 2301 2647 2357 hoc
2670 2316 2883 2371 quoque
2912 2300 3063 2370 ponit
3091 2317 3213 2357 cum
3243 2301 3367 2357 illis.
3387 2294 3507 2356 Sic-

1914 2401 1971 2446 ut
2013 2392 2156 2447 enim
2181 2433 2197 2458 ,
2228 2392 2436 2461 inquit,
2468 2391 2716 2449 Mandata
2745 2406 3130 2463 supergressus
3162 2407 3317 2457 sum;
3350 2391 3512 2462 idque

1913 2498 2034 2539 cum
2061 2496 2165 2538 non
2197 2483 2316 2539 leve
2347 2484 2480 2537 illud
2509 2484 2777 2554 negotium
2808 2493 2953 2540 esset
2986 2485 3198 2556 (Omnia
3232 2486 3399 2552 enim,
3430 2486 3511 2540 in-

1914 2573 2052 2643 quit,
2080 2570 2410 2641 sustinemus)
2434 2590 2446 2625 :
2478 2572 2551 2627 ita
2577 2582 2633 2628 et
2661 2588 2804 2628 nunc
2828 2574 3057 2628 multum
3088 2576 3330 2630 sustineo
3356 2576 3511 2630 labo-

1918 2680 2031 2721 rem
2059 2706 2075 2729 ,
2125 2674 2185 2719 ut
2231 2674 2598 2735 temperanter
2644 2666 2838 2719 vivam.
2870 2664 3006 2720 Nam
3052 2667 3154 2721 etsi
3198 2665 3513 2723 nonfacile.

1920 2755 2111 2825 litigari
2162 2764 2340 2824 potest
2367 2770 2488 2809 cum
2521 2754 2815 2824 cupiditate
2858 2765 2913 2810 et
2957 2756 3159 2825 ventris
3190 2757 3513 2827 tyrannide,

1919 2854 2151 2900 attamen
2179 2846 2347 2915 ipsam
2380 2846 2632 2910 refreno,
2665 2861 2766 2901 nec
2804 2861 2890 2902 tne
2932 2847 2980 2903 ei
3023 2846 3165 2902 dedo
3188 2850 3514 2919 aegritudini,

1922 2938 2016 2993 sed
2043 2952 2256 2993 omnem
2288 2938 2458 2994 subeo
2484 2938 2747 3004 laborem,
2779 2950 2835 2993 ιιι
2862 2954 2930 2993 ne
2960 2941 3030 2995 ab
3058 2942 3143 2996 illa
3173 2942 3475 2997 abstrahor.

1994 3030 2054 3094 2,
2094 3026 2174 3083 Ne
2215 3030 2357 3083 enim
2394 3029 2590 3098 putetis
2621 3045 2707 3083 me
2736 3030 2940 3099 absque
2970 3031 3186 3100 negotio
3226 3031 3328 3085 hoc
3374 3048 3515 3100 prae-

1925 3130 2088 3175 stare.
2111 3119 2242 3174 Nam
2258 3136 2448 3176 cursus
2465 3132 2547 3175 est
2566 3131 2622 3175 et
2640 3121 2818 3175 omnis
2847 3135 3036 3191 pugnae
3054 3137 3223 3193 genus
3237 3132 3287 3176 et
3310 3133 3516 3182 natura:

1928 3210 2167 3281 tyrannis
2189 3208 2501 3280 frequenter
2535 3211 2838 3281 insurgens,
2868 3220 2926 3266 ut
2949 3212 3251 3267 libertatem
3265 3227 3519 3283 assequa-

1928 3312 2014 3356 tur
2042 3318 2054 3353 :
2088 3312 2143 3356 at
2172 3302 2315 3356 illam
2348 3316 2454 3357 non
2496 3301 2613 3357 fero
2638 3344 2654 3369 ,
2702 3303 2799 3358 sed
2825 3319 3071 3363 vcocrceo
3098 3316 3154 3359 et
3182 3320 3303 3359 cum
3338 3308 3520 3361 multis

1926 3392 2215 3465 sudoribus
2244 3394 2458 3464 subigo.
2483 3392 2608 3448 Haec
2638 3409 2802 3465 porro
2826 3394 2977 3459 dicit,
3001 3404 3059 3449 ut
3086 3410 3244 3450 nemo
3268 3396 3522 3469 desperet

1929 3487 1982 3547 in
2011 3485 2368 3554 suscipiendis
2414 3501 2510 3555 pro
2540 3486 2736 3553 virtute
2779 3488 3182 3553 certaminibus,
3214 3490 3338 3558 quia
3369 3492 3521 3545 labo-

1927 3578 2070 3631 riosa
2096 3592 2183 3632 res
2210 3585 2325 3632 est:
2356 3576 2477 3632 ideo
2504 3578 2597 3641 ait,
2631 3575 2835 3648 Castigo
2883 3588 2929 3633 et
2976 3580 3029 3633 in
3067 3580 3355 3636 servitutem
3400 3583 3519 3636 red-

1928 3668 2033 3737 igo.
2104 3666 2222 3723 Non
2271 3666 2440 3731 dixit,
2508 3667 2742 3733 Occide;
2796 3684 2902 3723 non
2969 3670 3112 3724 enim
3180 3671 3392 3725 inimica
3438 3681 3523 3726 est

1930 3773 2095 3823 caro;
2140 3758 2257 3833 sed,
2304 3757 2509 3829 Castigo
2533 3760 2660 3812 etin
2691 3760 2974 3813 servitutem
3000 3761 3208 3835 redigo,
3250 3756 3391 3831 quod
3421 3761 3523 3816 do-

1932 3849 2061 3905 mini
2090 3861 2194 3915 est,
2223 3866 2328 3905 non
2359 3851 2557 3907 inimici
2583 3867 2599 3915 ;
2622 3850 2878 3915 doctoris,
2908 3866 3011 3905 non
3043 3851 3245 3912 hostis;
3274 3851 3525 3923 ντί-ἀοιιί-

1933 3943 2039 4006 bas,
2072 3958 2178 3995 non
2204 3942 2528 3997 adversarii.
2571 3940 2654 4015 Ne
2691 3946 2825 4012 forte
2852 3958 2976 3995 cum
2997 3942 3113 3996 atiis
3143 3942 3483 4011 prtedicauero
3504 3982 3522 4007 ,

1932 4034 2043 4102 ipse
2069 4032 2311 4101 reprobus
2339 4032 2543 4101 eﬂieiar.
2589 4030 2645 4087 Si
2687 4046 2816 4087 vero
2842 4031 3039 4087 Paulus
3076 4034 3177 4088 hoc
3221 4033 3395 4088 timuit
3430 4035 3526 4102 qui

1937 4133 2017 4178 tot
2059 4123 2308 4177 homines
2347 4123 2570 4188 docuit;
2611 4132 2666 4178 et
2708 4124 2883 4178 timuit
2913 4134 3191 4195 postquam
3220 4126 3531 4193 prcdicavit

1936 4224 1991 4271 et
2028 4213 2200 4269 factus
2243 4224 2326 4269 est
2348 4215 2622 4283 angelus,
2672 4216 2942 4285 totiusque
2987 4216 3133 4270 orbis
3162 4217 3527 4285 patrocinium

1938 4304 2193 4375 suscepit,
2223 4305 2353 4374 quid
2385 4320 2482 4359 nos
2508 4304 2849 4374 dixerimus?
2884 4321 2952 4360 ne
2987 4305 3185 4375 putetis
3221 4305 3364 4360 enim
3390 4347 3407 4370 ,
3449 4306 3530 4360 in-

1939 4397 2079 4467 quit,
2121 4396 2244 4466 quia
2290 4396 2616 4461 credidistis,
2659 4396 2763 4451 hoc
2800 4397 2953 4459 vobis
2991 4396 3240 4454 sufficere
3282 4396 3348 4453 ad
3389 4397 3529 4452 salu-

1941 4498 2070 4551 tem.
2116 4489 2171 4545 Si
2213 4488 2358 4544 enim
2386 4489 2515 4542 mihi
2543 4488 2886 4556 praedicasse,
2921 4489 3192 4556 docuisse,
3224 4492 3533 4545 innumeros

1941 4576 2233 4634 adduxisse
2274 4596 2379 4633 non
2425 4578 2556 4634 satis
2595 4587 2681 4635 est
2719 4578 2787 4634 ad
2831 4581 3057 4637 salutem
3084 4622 3101 4645 ,
3150 4581 3356 4645 nisiea
3414 4598 3534 4650 qua:

1943 4687 2030 4726 me
2056 4678 2299 4741 spectant
2327 4669 2598 4739 inculpata
2630 4668 2898 4738 proferam
2924 4687 2940 4736 ;
2970 4671 3141 4725 multo
3165 4670 3336 4739 magis
3357 4671 3532 4726 vobis.

1948 4759 2150 4815 Deinde
2189 4760 2255 4813 ad
2302 4759 2405 4813 alia
2451 4759 2696 4827 exempla
2744 4760 3115 4830 progreditur;
3156 4768 3210 4813 et
3268 4762 3325 4813 ut
3380 4771 3538 4817 antea

1940 4851 2190 4920 exempla
2222 4850 2399 4921 posuit
2427 4850 2791 4919 apostolorum
2811 4891 2825 4915 ,
2855 4850 3157 4906 communis
3188 4852 3541 4913 consuetudi-V

1951 4944 2055 5009 nis,
2086 4943 2450 5005 sacerdotum,
2478 4950 2533 4997 et
2562 4956 2658 4998 sua
2688 4957 2900 5012 quoque
2928 4942 3053 4997 :-sic
3079 4950 3135 4999 et
3175 4960 3317 4999 nunc
3353 4944 3539 5015 οιςω-

1953 5035 2192 5104 picorum
2221 5033 2597 5091 certaminum.
2624 5032 2691 5087 Et
2718 5027 2998 5104 postquam
3024 5047 3119 5089 sua
3142 5036 3336 5105 posuit,
3356 5050 3543 5090 rursus

1952 5127 2019 5182 ad
2048 5126 2297 5197 antiquas
2325 5126 2499 5196 pergit
2524 5124 2798 5180 historias.
2827 5126 2895 5180 Et
2921 5127 3045 5197 quia
3076 5127 3322 5199 asperius
3348 5124 3543 5196 loquu-

1956 5226 2107 5271 turus
2134 5225 2238 5279 est,
2268 5230 2611 5271 communem
2638 5216 2763 5271 facit
2790 5214 3207 5270 admonitionem
3230 5254 3247 5278 ,
3279 5231 3452 5286 neque
3476 5216 3560 5273 de'

1957 5306 2247 5377 propositis
2272 5314 2477 5361 tantum
2496 5348 2512 5371 ,
2553 5305 2651 5361 sed
2676 5306 2837 5360 etiam
2868 5305 2936 5361 de
2962 5302 3209 5358 omnibus
3236 5304 3544 5361 Corinthio—

1959 5417 2078 5458 rum
2099 5396 2505 5472 egritudinibus
2522 5400 2680 5454 verba
2701 5396 2845 5452 facit.
2867 5398 2929 5451 Et
2944 5394 3012 5449 de
3035 5396 3275 5452 externis
3293 5394 3546 5451 certami-

254 5483 457 5580 possis.
497 5501 665 5558 Cibus
716 5497 860 5554 enim
914 5506 969 5552 te
1019 5512 1125 5551 non
1180 5497 1525 5553 commendat
1590 5496 1737 5557 Deo,
1801 5502 1857 5549 et
1962 5483 3549 5560 nibus,Nescitis,inquit;hicantem.(Cap.l0.)l.Not6aa-

258 5614 441 5670 neque
468 5597 513 5653 si
539 5591 795 5651 comedas
816 5630 833 5653 ,
881 5588 1003 5659 plus
1030 5587 1195 5642 habes
1219 5603 1236 5651 ;
1276 5603 1452 5657 neque
1480 5588 1524 5640 si
1568 5601 1674 5640 non
1704 5601 1856 5641 com-

258 5692 430 5750 edas.
464 5689 661 5743 minus.
706 5681 928 5739 Frustra
959 5691 1089 5746 ergo
1120 5686 1175 5731 et
1217 5676 1613 5731 inconsiderate
1641 5678 1856 5733 curris:

259 5781 371 5832 huc
390 5778 534 5833 enim
562 5778 665 5834 sibi
695 5777 811 5830 vult
840 5770 992 5837 illud,
1023 5764 1090 5821 In
1118 5763 1385 5821 incertum.
1410 5765 1501 5824 Sic
1524 5784 1716 5839 pugno,
1748 5769 1850 5822 n-in

1964 5595 2061 5640 tem
2082 5600 2169 5641 vos
2184 5584 2451 5654 ignorare...
2458 5582 2661 5649 fratres.
2682 5577 2795 5632 Hoc
2810 5584 2990 5631 autem
3013 5577 3243 5638 dicebat;
3262 5574 3552 5631 ostendens

1966 5678 2111 5745 ipsos
2140 5674 2238 5727 hac
2262 5672 2331 5725 de
2360 5685 2420 5725 re
2447 5684 2552 5723 non
2580 5683 2699 5723 esse
2728 5668 3016 5724 admodum
3046 5668 3301 5723 eruditos.
3338 5666 3404 5722 Et
3424 5668 3550 5736 quid

1966 5774 2049 5820 est
2078 5762 2245 5826 illud,
2293 5761 2433 5831 quod
2480 5776 2584 5815 non
2628 5760 2709 5815 vis
2746 5776 2845 5814 nos
2873 5758 3159 5831 ignorare?
3209 5756 3358 5825 Quod
3387 5746 3559 5830 putres
