4070 6322
546 320 639 377 Ml
1317 309 1377 365 S.
1416 306 1695 365 JOANNIS
1730 300 2201 361 CHRYSOSTOMI
2241 300 2557 359 ARCHIEP.
2599 306 3135 367 CONSTANTINOP.

543 430 705 485 nostri
728 443 905 482 omnes
928 468 943 493 ,
987 425 1160 496 inquit
1181 467 1193 485 .
1229 425 1321 480 sub
1350 424 1482 477 nube
1519 425 1751 493 fuerunt,
1780 428 1828 473 et
1868 435 1961 490 per
1993 433 2135 471 mare

545 523 849 590 transierunt
868 537 887 573 :
912 520 966 573 2.
983 520 1044 573 Et
1071 519 1124 571 in
1153 517 1335 586 Moyse
1359 516 1605 583 baptizati
1631 523 1747 567 sunt
1772 514 1826 566 in
1854 510 1982 565 nube
2007 520 2055 565 et
2082 511 2136 564 in

547 616 679 664 mari
705 627 721 662 :
760 612 812 667 3.
832 608 894 662 Et
926 625 1098 662 omnes
1126 608 1353 663 eamdem
1381 623 1543 660 escam
1570 604 1886 676 spiritualem
1913 602 2134 655 mandu-

543 711 807 767 raverunt,
830 705 880 755 6.
900 700 967 755 Et
987 700 1215 754 eumdem
1244 708 1419 767 potum
1444 695 1755 766 spiritualem
1783 695 2010 747 biberunt
2035 693 2139 762 (ὑί-ι

545 794 721 844 hebant
745 793 879 846 enim
906 794 969 845 de
997 789 1257 858 spirituali
1286 798 1616 857 consequente
1643 803 1729 839 eos
1759 795 1896 852 petra
1931 800 1950 837 :
1992 792 2137 854 petra

544 892 711 934 autem
737 891 844 935 erat
883 879 1115 934 Christus
1146 876 1404 948 ):5.Sed
1450 894 1554 930 non
1600 876 1653 930 in
1698 874 1925 943 pluribus
1962 887 2136 925 eorum

540 975 909 1039 beneplaeitum
957 979 1029 1025 est
1087 969 1213 1024 Deo.
1270 970 1337 1022 Et
1382 984 1486 1038 qua
1534 970 1603 1022 de
1642 982 1800 1021 causa
1833 964 1948 1019 haec
1972 963 2135 1017 dicit?

546 1061 613 1116 Ut
634 1064 904 1127 ostendat,
931 1061 1073 1130 quod
1098 1062 1229 1115 sicut
1256 1060 1360 1115 illis
1384 1075 1489 1113 non
1518 1058 1735 1129 profuit,
1763 1057 1903 1125 quod
1930 1062 2133 1109 tantum

540 1155 846 1223 acceperint
898 1154 1144 1218 donum;
1200 1154 1274 1207 ita
1322 1168 1496 1221 neque
1545 1150 1612 1206 iis
1661 1149 1937 1219 proderit,
1990 1144 2133 1216 quod

542 1247 801 1314 baptisma
856 1244 1165 1313 acceperint
1217 1254 1271 1298 et
1337 1241 1697 1312 spiritualium
1756 1237 2131 1309 mysteriorum

539 1345 823 1389 consortes
870 1334 1109 1400 fuerint,
1164 1334 1267 1388 nisi
1311 1335 1475 1387 vitam
1520 1341 1663 1385 tanta
1705 1330 1872 1399 gratia
1918 1328 2130 1393 dignam

539 1425 872 1479 exhibeant:
925 1425 1153 1493 ideoque
1194 1423 1411 1478 adducit
1452 1421 1787 1489 baptismatis
1829 1428 1885 1474 et
1927 1427 2127 1488 myste-

538 1518 738 1570 riorum
771 1528 946 1588 typos.
974 1516 1113 1582 Quid
1139 1516 1239 1570 sibi
1269 1515 1382 1569 vult
1408 1514 1561 1579 illttd,
1590 1513 1657 1566 In
1688 1511 1866 1583 Moyse
1893 1510 2131 1580 baptizati

534 1609 694 1660 sunt?
735 1607 1197 1674 Quemadmodum
1229 1623 1325 1660 nos
1354 1604 1570 1660 Christo
1598 1604 1880 1659 credentes
1921 1610 1973 1657 et
2015 1601 2130 1670 ejus

536 1700 939 1765 resurrectioni,
968 1699 1323 1768 baptizamur,
1352 1707 1411 1752 ut
1433 1699 1520 1767 qui
1549 1706 1603 1751 et
1623 1696 1721 1766 ipsi
1750 1695 2127 1767 mysteriorum

535 1792 821 1859 participes
860 1790 1024 1844 futuri
1056 1792 1259 1854 simus;
1294 1788 1635 1858 Baptizamur
1675 1788 1821 1842 enim
1849 1827 1864 1851 ,
1912 1783 2124 1853 inquit,

535 1896 633 1949 pro
665 1882 893 1935 mortuis
938 1880 1031 1951 (1.
1067 1880 1186 1933 Cor.
1219 1880 1315 1937 1'5.
1338 1878 1490 1947 29);
1543 1877 1595 1932 id
1641 1886 1764 1941 est,
1811 1875 2128 1945 corporibus

534 1973 773 2027 nostris:
802 1973 877 2027 ita
916 1981 971 2027 et
1016 1973 1126 2038 illi,
1161 1972 1329 2042 Moysi
1364 1969 1620 2034 ﬁdentes,
1652 1967 1706 2022 id
1737 1975 1853 2031 est,
1883 1965 2128 2019 videntes

533 2062 682 2115 illum
712 2062 947 2132 primum
982 2062 1337 2130 traiicientem
1366 2101 1383 2125 ,
1411 2060 1526 2113 ausi
1554 2066 1680 2113 sunt
1706 2060 1760 2111 et
1780 2056 1890 2126 .ipsi
1917 2069 2128 2124 quoque

533 2154 583 2207 in
612 2168 779 2220 aquas
804 2152 1037 2225 ingredi.
1063 2151 1170 2207 Sed
1196 2152 1319 2221 quia
1350 2150 1461 2204 vult
1492 2150 1711 2219 ﬁguram
1740 2160 1905 2216 prOpe
1933 2144 2128 2201 verita-

530 2255 637 2299 tem
667 2245 968 2311 adducere,
998 2260 1105 2299 non
1138 2245 1209 2298 ita
1238 2244 1395 2309 dicit,
1430 2241 1524 2296 sed
1552 2238 1793 2295 veritatis
1823 2239 2126 2293 nominibus

527 2339 689 2391 etiam
732 2336 789 2391 in
834 2345 961 2406 typo
1003 2352 1129 2389 usus
1168 2344 1270 2389 est.
1313 2335 1377 2387 Et
1416 2334 1517 2387 hoc
1546 2330 1760 2401 quidem
1791 2337 1872 2385 est
1910 2328 2121 2401 symbo-

530 2427 865 2481 lnm‘lavacri
895 2442 910 2490 ;
951 2441 1073 2495 qua:
1106 2435 1407 2492 sequuntur
1439 2432 1615 2477 autem
1641 2464 1656 2487 ,
1700 2436 1869 2477 sacra:
1901 2433 2119 2474 mensae.

533 2517 603 2571 Ut
647 2516 791 2571 enim
840 2526 895 2570 tu
940 2531 1137 2583 corpus
1168 2516 1500 2569 Dominicum
1531 2513 1770 2567 comedis
1798 2553 1813 2576 ,
1862 2511 1941 2565 sic
1968 2519 2022 2564 et
2049 2508 2123 2563 illi

530 2624 762 2674 manna;
806 2618 862 2662 et
901 2616 960 2661 ut
1000 2617 1054 2661 tu
1096 2608 1409 2676 sanguinem
1444 2606 1617 2669 bibis,
1647 2605 1717 2657 ita
1753 2612 1808 2658 et
1833 2604 1903 2657 illi
1930 2616 2122 2670 aquam

526 2701 595 2755 de
633 2709 805 2771 petra.
851 2699 1077 2754 Etiamsi
1111 2701 1254 2754 enim
1297 2698 1513 2754 sensilia
1554 2705 1734 2751 essent
1771 2695 1859 2749 illa
1890 2709 2008 2763 qum
2038 2694 2125 2748 tie-

527 2791 689 2852 bant,
730 2801 785 2844 at
813 2774 1165 2859 spiritualiter
1206 2790 1623 2860 praebebantur,
1670 2802 1777 2841 non
1825 2786 2123 2840 secundum

532 2890 737 2933 naturae
777 2880 1243 2948 consequentiam,
1274 2878 1368 2933 sed
1410 2894 1476 2933 ex
1520 2877 1653 2931 doni
1678 2876 1889 2947 gratia;
1923 2885 2122 2930 etcum

527 2986 754 3039 corpore
784 2972 1018 3025 animam
1050 2986 1265 3040 quoque
1292 2970 1599 3025 nutriebant
1624 3011 1638 3035 ,
1668 2969 1733 3023 ad
1763 2968 1922 3023 ﬁdem
1963 2968 2123 3022 indu-

526 3062 727 3116 centia.
772 3061 897 3115 Ideo
941 3061 1010 3116 de
1053 3061 1175 3115 cibo
1206 3061 1421 3129 quidem
1452 3060 1582 3113 nihil
1626 3059 1799 3121 dixit;
1828 3067 1943 3111 erat
1980 3059 2123 3112 enim

530 3163 783 3215 mutatus,
812 3167 918 3206 non
948 3162 1155 3206 tantmn
1178 3152 1357 3213 modo,
1387 3151 1479 3205 sed
1504 3150 1662 3209 etiam
1687 3156 1904 3212 natura;
1932 3163 2123 3202 manna

527 3243 725 3312 quippe
753 3251 907 3305 erat;
955 3242 1021 3296 de
1050 3252 1182 3312 potu
1220 3255 1347 3295 vero
1368 3282 1382 3303 ,
1420 3241 1545 3311 quia
1575 3239 1735 3294 dandi
1764 3239 1952 3294 modus
1978 3239 2125 3294 solus

527 3342 725 3403 prmter
753 3334 1060 3400 Opinionem
1091 3342 1228 3398 erat,
1260 3332 1420 3406 etiam
1463 3332 1777 3402 probatione
1799 3345 1933 3401 Opus
1963 3330 2127 3386 habe-

531 3425 657 3478 bat:
705 3424 824 3478 ideo
863 3439 984 3477 eum
1028 3424 1281 3485 dixisset,
1315 3422 1565 3477 Eumdem
1595 3431 1771 3494 potum
1807 3421 2124 3491 spirituatem

537 3517 764 3569 biberunt
791 3557 805 3580 ,
846 3516 1123 3585 subiunxit
1147 3531 1161 3581 ;
1193 3514 1437 3569 Bibebant
1463 3516 1596 3569 enim
1619 3531 1689 3570 ea:
1716 3515 1973 3585 spirituali
1997 3532 2122 3569 con-

528 3616 765 3674 sequente
806 3615 1072 3675 petra;et
1116 3605 1353 3668 addidit,
1404 3605 1562 3660 Petra
1608 3616 1777 3659 autem
1819 3615 1927 3659 erat
1972 3605 2124 3660 Chri-

527 3707 657 3749 stus.
691 3694 806 3749 Non
846 3696 991 3750 enim
1033 3704 1201 3766 petra:
1244 3706 1434 3751 natura
1472 3712 1662 3766 aquam
1695 3697 2009 3763 emittebat,
2040 3698 2127 3752 in-

526 3788 673 3857 quit,
726 3788 959 3857 alioquin
1010 3799 1189 3843 antem
1238 3797 1394 3843 antea
1449 3788 1821 3852 scaturiisset;
1883 3788 1977 3843 sed
2024 3788 2124 3843 alia

532 3878 777 3942 quatdam
808 3887 957 3947 petra
991 3879 1283 3947 spiritualis
1316 3879 1418 3933 hoc
1447 3888 1615 3933 totum
1644 3877 1911 3943 faciebat;
1940 3878 1991 3933 id
2018 3888 2122 3945 est,

524 3969 780 4022 Christus
806 4009 820 4029 .
868 3967 957 4036 qui
987 3983 1202 4037 semper
1241 3969 1370 4038 ipsis
1408 3982 1648 4037 prmsens
1683 3976 1833 4035 erat,
1865 3978 1919 4023 et
1948 3971 2124 4023 omnia

530 4059 850 4113 mirabiliter
895 4060 1238 4126 onerabatur.
1288 4058 1417 4114 Ideo
1448 4074 1683 4129 namque
1720 4058 1889 4127 dicit,
1934 4059 2123 4116 Conse-

528 4164 729 4223 quente.
797 4152 1047 4207 Vidistin’
1087 4152 1242 4207 Pauli
1286 4152 1607 4222 sapientiam
1634 4192 1654 4218 ,
1695 4153 1963 4224 quomodo
1999 4170 2123 4208 eum

527 4245 765 4299 ostendit
824 4255 1113 4314 utrumque
1151 4245 1620 4315 suppeditavisse,
1670 4254 1727 4300 et
1771 4245 1872 4300 hac
1919 4246 2126 4301 ratione

530 4347 714 4407 typum
742 4353 911 4408 pr0pe
936 4340 1217 4393 veritatem
1245 4338 1507 4392 adduxit?
1527 4338 1626 4406 Qui
1648 4338 1791 4393 enim
1822 4337 1908 4391 illa
1932 4339 2121 4407 inquit,

529 4428 660 4497 ipsis
684 4428 1080 4497 suppeditavit;
1124 4428 1211 4481 hic
1233 4428 1348 4498 ipse
1384 4424 1519 4481 lianc
1541 4426 1819 4497 apparavit
1851 4442 2121 4483 mensam:

526 4530 583 4574 et
644 4519 783 4574 idem
829 4520 944 4590 ipse
999 4519 1122 4573 illos
1178 4534 1276 4591 per
1320 4534 1506 4587 mare,
1554 4528 1606 4574 te
1657 4534 1753 4588 per
1799 4520 2121 4590 baptismum

448 4678 451 4679 ν
526 4610 718 4671 duxit;
760 4610 973 4680 illisque
1002 4625 1197 4664 manna
1224 4620 1282 4665 et
1309 4625 1540 4680 aquam,
1570 4610 1663 4665 tibi
1691 4626 1887 4680 corpus
1912 4621 1969 4667 et
1995 4628 2122 4668 san-

527 4703 742 4770 guinem
772 4703 1019 4772 praebuit.
1070 4703 1136 4757 Et
1184 4703 1307 4757 talia
1348 4713 1474 4758 sunt
1508 4718 1573 4757 ea
1609 4719 1730 4773 qua:
1768 4702 1967 4757 donum
2009 4705 2124 4775 eius

529 4801 794 4860 spectant.
829 4793 1123 4849 Videamus
1150 4809 1283 4849 vero
1308 4794 1469 4849 etiam
1498 4798 1777 4865 sequentia
1803 4834 1819 4859 ,
1866 4804 1919 4848 et
1947 4797 2123 4859 consi—

528 4883 781 4938 deremus
823 4901 889 4937 an
912 4926 927 4950 ,
959 4901 1079 4940 cum
1111 4886 1255 4941 dono
1286 4885 1489 4957 indigni
1522 4886 1622 4940 visi
1646 4876 1827 4942 essent
1855 4887 1962 4952 illi,
1995 4887 2125 4956 ipsis

532 4976 857 5045 pepercerit.
891 4977 960 5030 At
989 4977 1095 5031 hoc
1123 4978 1304 5033 dicere
1334 4993 1440 5033 non
1471 4979 1680 5049 possis:
1713 4979 1835 5033 ideo
1860 4978 2120 5034 subdidit:

532 5067 640 5123 Sed
672 5084 771 5120 non
802 5068 856 5119 in
885 5067 1113 5135 pluribus
1142 5085 1313 5122 eorum
1342 5069 1711 5140 beneplaeitum
1737 5081 1813 5126 est
1851 5069 1991 5139 Deo,
2022 5073 2121 5127 etsi

532 5168 684 5214 tanto
724 5158 846 5212 illos
886 5156 1093 5212 honore
1137 5157 1387 5227 dignatus
1425 5167 1530 5213 est.
1580 5161 1650 5213 At
1694 5160 1828 5213 nihil
1872 5159 1976 5215 hoc
2018 5161 2124 5216 illis

534 5249 776 5322 profuit;
820 5248 918 5303 sed
963 5248 1148 5317 plures
1189 5262 1257 5302 ex
1299 5247 1364 5302 iis
1412 5249 1706 5317 perierunt.
1748 5251 1907 5319 Atqui
1934 5265 2123 5306 omnes

529 5343 781 5413 periere;
836 5355 905 5395 ne
952 5348 1134 5393 autem
1182 5338 1425 5393 videatur
1463 5338 1569 5391 illis
1606 5346 1902 5392 extremam
1948 5342 2121 5408 perni-

528 5436 668 5491 ciem
698 5432 1045 5504 prOphetare,
1077 5430 1199 5487 ideo
1225 5431 1380 5495 dixit,
1409 5431 1600 5501 plures.
1647 5428 1810 5498 Atqui
1846 5439 2001 5484 erant
2035 5430 2122 5484 in-

528 5517 921 5591 numerabiles,
957 5521 1052 5578 sed
1084 5518 1215 5576 nihil
1245 5520 1445 5592 proluit
1476 5518 1763 5574 multitudo
1791 5535 1805 5573 :
1836 5519 2121 5589 omniaque

530 5617 622 5673 illa
664 5627 822 5674 erant
863 5616 1065 5673 amoris
1098 5615 1332 5681 indicia;
1364 5613 1459 5670 sed
1494 5628 1667 5683 neque
1709 5613 1809 5666 hoc
1840 5611 1967 5680 ipsis
1994 5626 2119 5681 pro-

531 5704 625 5768 fuit
652 5749 668 5771 ,
712 5709 963 5779 quoniam
994 5724 1115 5782 qua:
1152 5706 1355 5762 amoris
1396 5714 1550 5760 erant
1590 5716 1699 5760 non
1730 5698 2111 5771 rependerant.

3730 308 3844 365 193

2251 417 2384 485 Quia
2429 420 2571 473 enim
2620 419 2687 476 iis
2724 438 2843 492 quae
2882 424 2950 479 de
2983 424 3228 495 gehenna
3271 424 3520 480 dicuntur
3544 421 3701 478 multi
3728 438 3840 478 non

2245 508 2511 573 credunt,
2572 520 2758 580 utpote
2817 530 2937 583 quae
2981 531 3085 568 non
3132 526 3420 583 appareant
3469 530 3569 570 nec
3609 513 3844 569 videan-

2246 608 2367 664 tur;
2411 600 2480 654 ab
2527 601 2591 656 iis
2631 618 2750 670 qua:
2786 603 2898 672 iatn
2943 603 3078 658 facta
3124 604 3334 659 fuerant
3376 605 3630 668 ostendit,
3666 606 3843 661 Deum

2244 690 2434 757 punire
2476 701 2790 758 peccatores
2818 735 2831 758 ,
2865 695 3077 749 etiamsi
3118 695 3414 750 innumeris
3441 696 3564 750 illos
3588 696 3846 752 aﬂ'ecerit

2242 778 2561 835 beneﬁciis:
2596 799 2717 836 nam
2747 784 2793 838 si
2835 786 3028 841 tuturis
3068 802 3173 844 non
3210 787 3462 850 creditis.
3512 790 3725 856 inquit,
3773 791 3846 844 iis

2242 880 2390 925 certe
2419 886 2536 938 quae
2563 873 2675 941 iam
2709 873 2845 928 laeta
2878 886 3004 929 sunt
3032 892 3139 930 non
3171 876 3330 931 ﬁdem
3362 878 3641 948 negabitis.

2313 959 2367 1013 3.
2410 959 2761 1016 Considerate
2812 980 2941 1034 ergo
2985 975 3115 1034 quot
3164 966 3422 1021 beneﬁcia
3474 968 3575 1022 illis
3612 969 3847 1038 ιιι-ωςιὶ-

2242 1051 2367 1105 terit
2396 1052 2501 1107 :ab
2554 1053 2789 1137 Egypto
2838 1066 2893 1111 et
2947 1072 2976 1109 a
3020 1059 3332 1126 captivitate
3375 1061 3521 1129 ipsos
3562 1061 3841 1124 liberavit,

2242 1158 2388 1198 mare
2417 1147 2627 1211 stravit,
2662 1163 2727 1201 ex
2754 1148 2887 1201 ratio
2917 1164 3110 1203 manna
3138 1150 3375 1214 demisit,
3403 1166 3467 1205 ex
3492 1161 3629 1205 terra
3657 1152 3847 1207 fontes

2238 1249 2495 1303 aquarum
2529 1254 2634 1291 non
2680 1248 3019 1307 exspectatus
3050 1240 3260 1306 emisit;
3296 1242 3427 1310 ipsis
3455 1242 3649 1312 ubique
3697 1258 3846 1311 pra—

2238 1342 2363 1382 sens
2384 1339 2499 1384 erat
2524 1331 2782 1390 miracula
2824 1332 3011 1399 edens,
3043 1342 3097 1387 et
3118 1334 3353 1403 undique
3382 1335 3526 1405 ipsos
3558 1337 3841 1391 muniens.

2236 1418 2487 1473 Attamen
2521 1422 2643 1490 quia
2695 1432 2843 1475 tanto
2870 1423 3013 1476 dono
3056 1423 3273 1493 dignum
3326 1424 3457 1478 nihil
3506 1426 3841 1494 exhibuere,

2236 1528 2342 1566 non
2372 1515 2613 1583 pepercit
2651 1514 2775 1579 illis,
2802 1515 2899 1570 sed
2927 1532 3117 1573 omnes
3141 1517 3394 1585 perdidit.
3423 1516 3562 1571 Nam
3590 1521 3844 1585 prostrati

2235 1613 2374 1668 sunt,
2399 1604 2589 1674 inquit,
2613 1605 2664 1658 in
2682 1605 2911 1671 deserto;
2940 1608 3275 1674 repentinum
3301 1607 3509 1661 illorttm
3529 1608 3838 1675 interitum,

2235 1707 2423 1760 poenas
2451 1703 2507 1747 et
2529 1696 2788 1766 supplicia
2818 1696 3076 1750 divinitus
3104 1696 3340 1752 immissa
3376 1712 3469 1766 per
3496 1697 3602 1752 hoc
3627 1698 3840 1759 dictum

2234 1783 2544 1851 declarans,
2587 1796 2642 1840 et
2665 1787 2807 1855 quod
2847 1794 3120 1856 pr0posita
3154 1790 3371 1857 praemia
3400 1804 3504 1843 non
3538 1790 3649 1844 sint
3675 1804 3839 1844 asse-

2233 1876 2362 1929 cuti.
2396 1876 2579 1946 Neque
2609 1878 2754 1931 enim
2783 1878 2835 1932 in
2860 1888 2998 1932 terra
3028 1878 3402 1948 promissionis
3429 1881 3543 1935 [nec
3572 1883 3653 1937 eis
3684 1881 3837 1945 fecit;

2233 1965 2327 2019 sed
2352 1976 2500 2019 extra
2533 1977 2589 2021 et
2619 1968 2807 2037 procul
2834 1968 2902 2021 ab
2932 1970 3017 2022 illa
3048 1970 3288 2040 regione,
3343 1969 3541 2039 duplici
3587 1970 3840 2025 afﬁciens

2232 2057 2519 2124 supplicio,
2541 2067 2595 2113 et
2615 2059 2755 2126 quod
2780 2075 2883 2114 non
2903 2061 3227 2116 concederet
3249 2061 3376 2130 ipsis
3400 2070 3596 2115 terram
3624 2062 3835 2125 videre,

2230 2162 2390 2215 quam
2421 2148 2549 2216 ipsis
2574 2150 2914 2217 promiserat,
2939 2158 2995 2205 ct
3019 2150 3157 2220 quod
3181 2152 3330 2221 gravi
3350 2151 3615 2221 supplicio
3632 2151 3837 2207 ἠπερο-

2231 2240 2322 2293 rit.
2354 2240 2421 2293 Et
2446 2240 2571 2309 quid
2603 2241 2739 2306 haec,
2772 2243 2999 2313 inquies,
3030 2244 3095 2297 ad
3130 2244 3270 2297 nos?
3301 2243 3379 2298 Ad
3410 2254 3462 2298 te
3490 2245 3675 2314 utique
3705 2261 3835 2316 spe-

2230 2340 2377 2384 etant
2408 2350 2420 2383 :
2456 2331 2576 2386 ideo
2603 2333 2923 2402 subiunxit:
2957 2337 3010 2389 6.
3047 2334 3171 2388 Herc
3201 2344 3369 2387 autem
3414 2336 3465 2387 in
3498 2336 3666 2405 ﬁgura
3696 2340 3837 2405 facta

2229 2434 2345 2477 sunt
2376 2426 2558 2477 nostri.
2591 2425 2741 2479 Sicut
2769 2427 2911 2479 enim
2954 2427 3089 2481 dona
3120 2426 3305 2495 ﬁgum
3337 2437 3482 2492 sunt,
3515 2427 3585 2480 ita
3614 2443 3835 2498 quoque

2231 2513 2491 2580 supplicia
2544 2514 2725 2583 ﬁgurae
2761 2535 2774 2569 :
2807 2524 2862 2569 et
2888 2516 3027 2569 sicut
3074 2516 3338 2585 baptisma
3369 2525 3424 2571 et
3453 2532 3642 2572 mensa
3681 2519 3834 2587 prius

2230 2588 2695 2672 describebantur,
2726 2606 2797 2659 ita
2844 2607 2895 2660 in
2932 2609 3282 2678 sequentibus
3311 2610 3529 2679 prepter
3558 2625 3659 2663 nos
3687 2627 3829 2680 pran-

2230 2693 2586 2759 signiﬁcatum
2630 2704 2733 2761 est,
2782 2696 2923 2765 quod
2968 2698 3056 2767 qui
3092 2698 3179 2751 tali
3230 2699 3597 2769 donoindigni
3631 2699 3834 2756 fuerint

2231 2786 2490 2853 supplicio
2539 2786 2810 2841 afﬁciendi
2858 2788 2984 2850 sint,
3027 2798 3085 2843 ttt
3129 2789 3326 2843 talibus
3353 2791 3612 2861 exemplis
3640 2792 3830 2848 moniti

2232 2878 2677 2944 temperantiores
2693 2879 2881 2933 simus.
2900 2879 3026 2934 Ideo
3040 2879 3277 2934 addidit:
3304 2879 3372 2935 Ut
3400 2898 3501 2935 non
3526 2882 3685 2937 simus
3708 2900 3837 2937 con-

2231 2969 2541 3037 cupiscentes
2579 2970 2853 3036 malorum,
2909 2974 3034 3025 sicut
3079 2982 3126 3026 et
3151 2974 3227 3027 illi
3269 2976 3649 3043 concupierunt.
3678 2976 3832 3033 Sicut

2230 3059 2373 3112 enim
2400 3060 2449 3112 in
2489 3059 2762 3116 beneﬁciis
2799 3063 2910 3132 typi
2943 3075 3339 3131 prmeesserunt
3387 3075 3442 3120 et
3493 3075 3719 3136 sequuta
3747 3078 3832 3123 est

2232 3149 2428 3203 veritas
2459 3168 2471 3203 :
2503 3151 2579 3203 sic
2625 3160 2679 3205 et
2722 3152 2776 3204 in
2827 3154 3103 3222 suppliciis
3147 3165 3422 3225 sequetur.
3454 3156 3642 3213 Viden'
3689 3174 3829 3229 quo-

2231 3240 2393 3294 modo
2421 3241 2689 3305 o~tcndat,
2741 3258 2849 3297 non
2899 3245 3060 3299 modo
3091 3247 3232 3315 quod
3275 3247 3528 3317 puniendi
3569 3249 3701 3313 sint,
3731 3249 3829 3305 sed

2230 3333 2389 3386 etiam
2418 3332 2560 3401 quod
2590 3336 2757 3403 magis
2798 3351 2958 3405 quam
2990 3338 3105 3391 illi?
3134 3338 3266 3391 Nam
3321 3340 3367 3394 si
3425 3339 3555 3394 illttd
3608 3338 3847 3410 quidcnt'

2232 3430 2389 3491 typus
2416 3434 2515 3487 est,
2555 3424 2657 3479 hoc
2696 3437 2875 3480 autem
2904 3429 3120 3492 veritas,
3173 3444 3399 3484 necesse
3427 3439 3509 3484 est
3540 3431 3590 3483 in
3618 3431 3828 3500 suppli-

2230 3514 2329 3567 ciis
2360 3530 2610 3584 magnum
2640 3530 2760 3570 esse
2789 3517 3024 3586 culmen,
3049 3530 3103 3573 ut
3136 3522 3295 3574 etiam
3325 3521 3376 3575 iu
3403 3522 3580 3578 donis.
3604 3522 3671 3577 Et
3702 3539 3830 3591 per-

2231 3604 2407 3673 pende
2433 3605 2485 3658 in
2520 3621 2779 3675 quosnam
2804 3608 3034 3676 primum
3066 3610 3391 3678 invehatur;
3426 3613 3478 3667 in
3510 3628 3605 3668 eos
3632 3630 3831 3684 nempe

2232 3695 2320 3762 qui
2352 3695 2402 3747 in
2434 3695 2650 3765 templis
2690 3697 2955 3751 idolorum
3003 3700 3375 3756 comedebant.
3426 3702 3560 3758 Cum
3600 3703 3830 3759 dixisset

2231 3785 2397 3852 enim,
2450 3785 2534 3839 Ne
2581 3788 2693 3841 suis
2747 3790 3155 3859 coneupiscentes
3194 3794 3465 3857 malorum,
3515 3795 3659 3863 quod
3713 3794 3831 3848 uni-

2231 3877 2441 3931 versale
2470 3887 2606 3942 erat,
2639 3878 2781 3947 quod
2802 3880 2853 3933 in
2877 3882 3060 3949 specie
3079 3890 3195 3935 erat
3216 3882 3509 3952 subiunxit,
3534 3885 3830 3940 ostendens

2234 3967 2442 4037 singula
2504 3978 2717 4037 peccata
2763 3985 2831 4024 ex
2875 3972 3010 4025 mala
3030 3986 3154 4029 esse
3175 3974 3576 4045 cupiditatemt
3596 3980 3827 4045 primum

2233 4058 2338 4114 hoc
2362 4060 2500 4114 dixit
2522 4078 2535 4113 :
2569 4062 2620 4114 7.
2649 4060 2828 4130 Neque
2852 4062 3136 4117 idololatrat
3162 4064 3443 4135 eﬂiciamini
3467 4066 3599 4119 sirut
3621 4069 3831 4137 quidam

2231 4166 2294 4204 ea:
2335 4151 2493 4219 ipsis,
2536 4152 2959 4220 quemadmodum
2998 4154 3240 4225 scriptum
3275 4165 3345 4209 est
3374 4173 3393 4210 :
3421 4155 3570 4211 Sedit
3609 4161 3830 4229 papulas

2232 4242 2545 4295 manducare
2589 4252 2636 4295 et
2681 4243 2865 4306 bibere,
2914 4256 2959 4298 et
2997 4259 3322 4301 surrexerunt
3371 4248 3567 4304 ludere.
3617 4248 3829 4304 Audisti

2230 4333 2504 4400 quomodo
2531 4334 2742 4388 tandem
2786 4335 3095 4392 idololatras
3118 4339 3310 4393 uocet?
3351 4340 3445 4394 sed
3479 4339 3567 4393 hic
3610 4341 3828 4410 quidem

2234 4424 2584 4492 pronuntians
2605 4467 2621 4491 ,
2669 4436 2853 4495 posma
2884 4437 3062 4483 autem
3112 4430 3274 4484 etiam
3311 4431 3562 4499 probans.
3596 4433 3829 4487 Causam

2230 4523 2408 4570 autem
2441 4518 2618 4585 posuit
2652 4518 2720 4572 ob
2743 4534 2901 4589 quam
2932 4520 2999 4573 ad
3028 4536 3245 4576 mensas
3280 4522 3399 4576 illas
3424 4525 3786 4579 occurrebant
3813 4542 3827 4579 :

2230 4621 2293 4661 ea
2323 4615 2437 4661 erat
2463 4608 2607 4676 gula.
2631 4609 2969 4679 Quapropter
2987 4627 3109 4667 eum
3133 4612 3386 4679 dixisset,
3418 4612 3501 4667 Ne
3517 4618 3679 4670 simus
3709 4633 3829 4671 con-

2230 4688 2540 4768 cupis'centes
2565 4700 2839 4767 malorum,
2861 4701 3239 4767 ctaddidisset,
3276 4702 3358 4759 Ne
3388 4705 3500 4759 sitis
3515 4705 3826 4770 idololatria,

2230 4788 2453 4859 huiusCe
2504 4792 2799 4861 iniquitatis
2826 4809 3041 4849 causam
3084 4797 3295 4866 posuit;
3341 4796 3457 4852 haec
3500 4807 3683 4853 autem
3712 4811 3831 4855 erat

2227 4880 2376 4949 gula.
2400 4881 2545 4935 Sedit
2573 4886 2740 4949 enim,
2771 4884 2965 4953 inquit,
2990 4886 3210 4955 populus
3232 4888 3544 4940 manducare
3564 4898 3612 4941 et
3638 4888 3824 4944 bibere.

2231 4972 2298 5025 Et
2326 4971 2486 5026 ﬁnem
2518 4973 2643 5028 inde
2679 4985 2992 5044 sequentem
3017 4976 3183 5037 addit,
3228 4991 3442 5046 nempe,
3480 4976 3829 5033 Surreaerttnt

2230 5063 2425 5117 ludere.
2457 5063 2527 5120 Ut
2557 5065 2657 5131 illi,
2694 5066 2890 5135 inquit,
2924 5082 2954 5121 a
2992 5067 3205 5121 deliciis
3231 5068 3299 5121 ad
3343 5067 3699 5125 idololatriam
3726 5073 3824 5128 de-

2229 5165 2491 5208 venerunt
2523 5171 2536 5207 :
2564 5156 2642 5209 sic
2674 5156 2967 5210 timendum
2994 5165 3076 5210 est
3098 5172 3168 5210 ue
3195 5170 3289 5209 vos
3315 5156 3521 5224 indeeo
3541 5158 3821 5218 decidatis.

2230 5243 2479 5298 Vidistiu'
2507 5246 2779 5313 quomodo
2806 5246 3057 5301 ostendat
3078 5246 3242 5301 hosce
3272 5248 3539 5315 perfectos
3570 5251 3678 5307 illis
3702 5269 3825 5310 esse

2228 5336 2691 5405 lmperfectioresl
2713 5353 2850 5407 quos
2879 5338 3147 5407 pungebat
3185 5354 3292 5393 non
3324 5356 3390 5396 eo
3429 5343 3627 5412 solum,
3680 5345 3824 5415 quod

2235 5442 2343 5481 non
2368 5429 2729 5491 sustinerent;
2760 5427 2855 5481 sed
2898 5427 3039 5497 quod
3087 5431 3249 5484 etiam
3275 5431 3354 5487 illi
3391 5444 3457 5487 ex
3484 5433 3821 5503 ignorantia,

2226 5517 2319 5571 alii
2336 5534 2401 5572 ex
2424 5518 2657 5587 ingluvie
2677 5529 2959 5587 pecearent
2983 5535 2997 5572 :
3018 5528 3075 5575 et
3094 5522 3303 5577 illorum
3331 5523 3547 5591 quidem
3566 5525 3822 5593 perniciei

2230 5607 2557 5677 punitionem
2587 5607 2670 5661 bis
2693 5608 2903 5674 tribuit;
2936 5608 3035 5665 hos
3056 5621 3233 5666 autem
3263 5627 3368 5666 non
3409 5613 3539 5667 sinit
3567 5613 3649 5667 sui
3691 5629 3821 5683 pec-

2232 5699 2338 5755 cati
2366 5714 2582 5755 causam
2630 5699 2828 5755 ret‘errc
2876 5702 2927 5757 in
2976 5704 3159 5767 alium.
3182 5703 3277 5759 sed
3306 5703 3468 5759 etsui
3512 5714 3565 5760 et
3590 5704 3822 5761 aliorum
