4070 6322
204 359 313 415 I95

194 472 379 529 damni
408 474 557 545 ipsos
577 471 845 527 obnoxios
871 470 1206 542 pronuntiat.
1240 468 1422 536 Neque
1452 465 1793 537 formantur,

193 564 329 616 sicut
350 561 561 628 quidam
588 577 652 616 ea:
675 561 802 632 ipsis
828 560 1069 632 [crucianti
1093 566 1232 615 sunt.
1256 557 1435 623 Quare
1455 555 1543 608 hic
1564 552 1797 607 fornica-

196 658 403 710 tionem
431 664 722 717 memorat,
748 667 872 709 cum
896 652 964 707 de
992 651 1083 706 illa
1121 658 1279 705 antea
1301 657 1504 703 tantum
1532 636 1819 711 discernes

194 746 305 800 rit?
331 745 452 800 los
477 755 561 801 est
587 758 807 814 semper
848 742 1036 806 Paulo,
1069 755 1193 796 cum
1238 739 1308 794 de
1352 737 1536 793 multis
1574 741 1802 788 accusat

196 837 459 905 peccatis,
495 834 686 889 ordine
715 833 806 888 illa
830 846 1033 902 ponere
1074 840 1128 886 et
1175 827 1449 900 proposita
1495 822 1800 893 singulatim

196 927 491 996 persequi;
517 941 582 980 ac
608 939 795 980 rursus
818 923 907 978 ubi
929 922 996 977 de
1014 921 1136 976 aliis
1158 919 1413 989 loquitur,
1438 917 1616 988 priora
1640 914 1801 969 etiam

196 1028 466 1088 repetere.
502 1016 656 1085 Quod
685 1016 827 1071 Deus
856 1028 1071 1084 quoque
1101 1012 1333 1066 iaciebat
1364 1012 1416 1064 in
1468 1008 1653 1064 Veteri
1699 1006 1805 1060 Te-

196 1118 511 1171 stamento;
543 1108 595 1161 in
626 1107 849 1177 singulis
874 1103 1087 1159 delictis
1116 1103 1338 1157 vitulum
1364 1099 1566 1155 iudicis
1598 1111 1807 1152 memo-

198 1198 375 1260 rabat.
404 1205 462 1253 et
492 1196 621 1251 illud
654 1204 928 1266 peccatum
979 1194 1031 1248 in
1059 1191 1293 1247 medium
1319 1188 1639 1244 adducebat.
1691 1186 1804 1241 Hoc

200 1292 385 1361 itaque
411 1300 470 1346 et
496 1289 695 1344 Paulus
721 1287 810 1342 hic
832 1285 989 1352 facit,
1021 1285 1149 1339 illud
1174 1283 1333 1340 simul
1376 1293 1806 1337 commemorans

198 1392 508 1450 peccatum,
538 1390 595 1437 et
616 1381 819 1435 docens
848 1379 952 1433 hoc
982 1361 1247 1447 prodiisse
1272 1391 1342 1430 ex
1360 1374 1567 1430 deliciis
1586 1380 1643 1427 et
1660 1370 1801 1441 gula.

198 1473 546 1542 QttaprOpler
594 1472 831 1542 adjecit:
867 1469 1044 1540 Neque
1087 1466 1555 1537 fornicemur,sicstt
1596 1462 1806 1533 quidam

197 1580 377 1618 eorum
408 1564 649 1635 fornicati
672 1569 811 1628 sunt,
856 1570 904 1615 et
932 1559 1215 1613 ceciderunt
1256 1573 1358 1609 una
1384 1557 1467 1609 die
1489 1554 1667 1624 viginti
1707 1553 1806 1604 tria

203 1656 392 1710 millia.
428 1654 495 1708 Et
518 1668 615 1708 cur
633 1668 739 1708 non
761 1652 911 1721 ponit
925 1648 1085 1705 etiam
1108 1646 1424 1702 idololatria:
1441 1637 1805 1713 punitionen‘l?

201 1749 314 1801 Aut
338 1745 464 1816 quia
492 1745 695 1799 ciarum
732 1752 850 1797 erat
870 1750 928 1796 ct
968 1739 1307 1794 manifestum
1343 1755 1356 1792 :
1384 1743 1477 1790 aut
1506 1727 1628 1804 quia
1680 1740 1805 1786 tunc

204 1838 363 1908 plaga
400 1851 507 1891 non
538 1845 683 1889 tanta
719 1833 836 1899 fuit,
877 1841 1073 1904 quanta
1124 1828 1357 1884 Balaami
1390 1836 1652 1895 tempore,
1681 1837 1804 1876 cum

204 1930 403 1983 initiati
433 1937 560 1981 sunt
601 1924 954 1994 Beelpliegor,
997 1918 1354 1975 Madiauiticis
1398 1914 1715 1970 mulieribus
1753 1914 1805 1965 iu

202 2022 382 2076 aciem
412 2017 794 2073 accedentibus
841 2016 1093 2082 ipsosque
1116 2010 1183 2064 ad
1216 2008 1491 2062 libidinem
1518 2004 1807 2058 allicieuti-

202 2112 333 2175 bus,
380 2110 679 2165 secundum
722 2104 955 2161 Balaami
1008 2101 1311 2157 consilium.
1360 2098 1492 2152 Nam
1532 2095 1675 2166 quod
1706 2095 1808 2149 hoc

206 2201 416 2257 malum
471 2199 759 2254 consilium
807 2194 1042 2251 Balaami
1090 2203 1256 2255 esset,
1311 2189 1553 2245 declarat
1597 2185 1807 2255 Moyses

207 2303 399 2366 pmtea
431 2292 617 2347 dicens
639 2291 691 2345 iu
724 2290 829 2345 fine
856 2288 977 2344 libri
1004 2286 1361 2342 Numerorum
1393 2302 1407 2338 :
1438 2280 1654 2336 Balaam
1678 2295 1805 2347 quo-

204 2400 306 2457 qite
331 2388 501 2457 [ilium
525 2384 661 2439 Beor
700 2383 995 2437 occiderunt
1041 2382 1095 2434 in
1139 2378 1269 2433 bello
1316 2376 1531 2431 Manlian
1553 2382 1671 2427 cum
1691 2373 1809 2424 vul-

212 2476 444 2536 neratis,
475 2484 521 2527 et
544 2474 869 2529 additurum
893 2470 1079 2541 spolia.
1110 2467 1176 2522 Et
1201 2467 1364 2523 iratus
1392 2475 1465 2519 est
1496 2463 1698 2534 Moyses
1720 2504 1735 2525 ,
1760 2470 1808 2514 et

206 2568 346 2623 dixit
368 2582 388 2621 :
428 2564 694 2620 Carnians
740 2563 943 2633 cepistis
994 2576 1167 2615 omnes
1213 2557 1486 2613 mulieres?
1512 2555 1653 2624 Ipsap
1676 2556 1810 2609 enim

205 2665 359 2711 emt
407 2655 533 2723 ﬁliis
559 2653 728 2708 Israel
769 2652 835 2705 in
846 2649 1148 2704 scandalum
1176 2648 1453 2701 secundum
1481 2645 1681 2698 verba»:
1706 2642 1811 2695 Ba-

207 2748 374 2812 laam,
400 2754 458 2798 sit
481 2744 753 2812 deﬁcerent
776 2751 824 2795 et
852 2740 1165 2810 despicerent
1206 2738 1412 2790 vacum
1456 2734 1663 2787 Domini
1688 2749 1807 2803 pro-

208 2837 558 2911 pterPlsegor
585 2832 786 2905 (Nam.
818 2832 910 2889 5|.
938 2831 993 2887 8.
1023 2830 1111 2885 η.
1142 2829 1265 2898 16).
1289 2827 1343 2883 9.
1371 2824 1550 2896 Neque
1564 2834 1810 2879 tentemus

208 2931 493 2994 Chr-illisut,
522 2929 654 2983 sicut
678 2924 887 2997 quidam
913 2938 1087 2978 eorum
1126 2926 1442 2974 tentaoerttnt
1468 2927 1513 2972 et
1551 2932 1583 2969 a
1605 2931 1813 2984 serpen-

210 3021 349 3077 tibus
388 3018 667 3091 pet-ierunt.
1586 3056 1591 3059 ,

284 3114 343 3169 4.
374 3112 478 3166 Per
504 3109 608 3164 hoc
635 3121 825 3163 rursus
850 3102 996 3160 aliud
1037 3105 1349 3159 subindicat
1391 3098 1618 3160 crimen,
1672 3094 1810 3167 quod

210 3205 379 3262 etiam
410 3204 467 3257 in
495 3202 601 3256 line
626 3199 796 3271 ponit,
826 3209 1086 3253 accusans
1116 3192 1238 3246 illos
1263 3188 1407 3261 quod
1426 3188 1495 3243 de
1520 3186 1686 3257 signis
1709 3200 1812 3255 pu-

210 3304 467 3369 gnarent,
505 3303 560 3349 et
591 3300 813 3364 propter
852 3287 1176 3344 tentationes
1199 3277 1811 3337 murmurarentdiceu-

215 3402 300 3449 tes
328 3410 344 3445 :
374 3386 603 3458 Quando
621 3386 840 3441 venient
864 3379 1041 3437 bona?
1060 3376 1277 3448 quando
1307 3372 1560 3443 praemia?
1585 3370 1815 3439 ideoque

214 3481 501 3553 subjungit
525 3479 644 3533 illos
661 3474 942 3545 corrigens
966 3486 1033 3525 ac
1060 3478 1273 3525 terrens
1305 3482 1320 3519 :
1350 3465 1441 3519 lt).
1465 3461 1643 3531 Neque
1670 3476 1811 3514 niur-

215 3571 562 3636 ,αισα-ἰὼ,
605 3569 738 3623 sicut
784 3563 1203 3635 ραειιαηιωηηι
1244 3560 1722 3614 murmurarerunt,
1766 3558 1815 3605 et

217 3665 476 3736 peric-nl
514 3660 579 3714 ιι
614 3655 1025 3712 exterminatus.
1046 3649 1164 3705 Non
1188 3648 1361 3703 solum
1387 3644 1531 3699 enim
1558 3641 1815 3711 qua-ritur

219 3730 329 3825 pati
352 3765 453 3825 pro
467 3748 705 3812 Christo,
726 3742 1009 3800 sedetiam
1030 3754 1152 3810 qua
1170 3734 1419 3792 accidunt
1438 3732 1647 3789 fortiter
1676 3730 1815 3785 ferre

212 3821 275 3902 et
291 3821 419 3901 cum
448 3841 598 3899 omni
622 3836 916 3906 voluptate.
943 3831 1058 3886 Hoc
1080 3836 1165 3883 est
1182 3830 1327 3883 enim
1342 3823 1562 3880 omnino
1582 3821 1815 3886 corona:

219 3947 282 3991 ut
336 3935 399 3991 si
425 3934 532 3988 hoc
574 3945 682 3985 non
712 3926 893 3991 fuerit,
925 3938 1085 3994 plena
1137 3921 1299 3974 etiam
1328 3926 1585 3987 sequatur
1610 3930 1705 3969 eos
1724 3915 1816 3985 qui

217 4042 366 4098 agre
393 4025 590 4080 ferum.
620 4020 746 4076 Ideo
770 4018 999 4087 apostoli
1020 4012 1202 4084 ﬂagris
1226 4012 1351 4066 salsi
1390 4009 1694 4098 gaudebant
1713 4047 1729 4074 ,
1762 4015 1818 4062 et

220 4097 424 4173 Paulus
444 4116 499 4168 in
526 4108 908 4166 afﬂictionibus
933 4104 1284 4176 gloriabatur.
1338 4100 1428 4155 li.
1473 4097 1605 4152 Hae
1646 4108 1817 4152 autem

216 4208 397 4263 omnia
422 4206 476 4259 iis
505 4204 673 4273 ﬁgura
704 4195 1065 4265 contingebant
1093 4193 1242 4258 illis;
1269 4191 1463 4261 scripta
1489 4199 1605 4243 situt
1648 4198 1817 4242 atem

219 4300 292 4354 ad
314 4295 690 4365 correptione»:
711 4295 961 4349 nostram,
980 4284 1052 4338 ad
1069 4298 1198 4353 quos
1238 4282 1366 4347 lines
1386 4280 1688 4337 seculorum
1726 4278 1817 4333 de.

216 4396 489 4448 ml.

300 4481 478 4536 Plena
505 4482 691 4549 {utarei
714 4481 866 4530 mut
892 4479 1114 4527 eterna.
1138 4495 1208 4507 —
1229 4464 1434 4520 Rursus
1459 4472 1627 4519 terret
1655 4462 1815 4517 linem

222 4583 562 4633 memorans,
586 4575 639 4622 et
670 4564 737 4619 ad
758 4563 964 4633 majora
993 4555 1262 4630 prioribus
1287 4553 1648 4624 exspectanda
1677 4567 1819 4623 prae-

220 4669 401 4733 parat.
430 4658 563 4712 Nam
586 4653 735 4724 quod
760 4666 951 4724 ponas
988 4647 1164 4705 daturi
1202 4644 1393 4708 simus,
1419 4658 1489 4699 ex
1521 4642 1701 4709 dictis,
1731 4644 1818 4702 in-

218 4753 363 4824 quit,
384 4749 603 4821 planum
630 4754 715 4798 est
732 4744 895 4799 etiam
927 4741 994 4795 iis
1015 4740 1105 4807 qui
1126 4736 1200 4791 de
1213 4734 1460 4805 gehenna
1481 4733 1639 4794 dictis
1661 4734 1817 4792 Iidem

221 4859 337 4901 non
363 4839 563 4895 habent
582 4851 600 4901 ;
628 4834 775 4906 quod
801 4844 985 4888 autem
1007 4827 1305 4900 graviores,
1328 4841 1396 4881 ex
1415 4840 1484 4882 eo
1503 4824 1644 4895 quod
1667 4825 1818 4894 plura

220 4928 547 5001 consequuti
588 4912 764 4979 simus
810 4921 1093 4986 beneﬁcia,
1140 4925 1198 4971 et
1223 4931 1291 4971 ex
1319 4931 1389 4971 eo
1416 4915 1561 4985 quod
1706 4914 1818 4987 iypi

220 5032 435 5086 essem.
463 5018 600 5077 Nam
643 5018 691 5072 si
731 5018 787 5073 in
814 5016 973 5071 donis
993 5006 1371 5081 exsuperantia
1402 5006 1493 5071 lit;
1532 5015 1709 5076 palam
1737 5016 1821 5061 est

221 5126 282 5178 tn
308 5112 575 5187 supplicio
598 5123 816 5179 quoque
841 5108 978 5163 fore.
1021 5106 1259 5173 ideoque
1278 5098 1479 5169 ﬁguras
1503 5097 1817 5166 appellavit,

224 5221 284 5267 et
316 5186 535 5279 propter
564 5214 663 5254 nos
686 5198 886 5267 scripta
915 5194 1079 5252 fuisse
1094 5193 1248 5258 dixit,
1266 5199 1322 5247 et
1348 5187 1508 5243 linem
1537 5186 1589 5239 in
1613 5200 1820 5240 memo-

227 5277 365 5360 riam
387 5293 682 5359 revocavit,
710 5298 770 5344 ut
805 5284 1288 5344 consummationis
1313 5280 1641 5337 mentionem
1671 5277 1817 5333 face-

226 5402 337 5450 τοι.
356 5390 476 5448 Non
501 5387 647 5444 enim
678 5381 804 5437 talia
832 5388 961 5434 tunc
1004 5387 1162 5433 erant
1197 5374 1479 5447 supplicia,
1510 5386 1630 5441 qua:
1659 5369 1818 5424 linem

237 5460 570 5551 accipiebant
607 5487 663 5533 et
706 5472 1066 5537 tollebantur;
1114 5469 1208 5526 sed
1253 5482 1414 5538 poena
1444 5464 1547 5519 erit
1589 5472 1814 5517 aeterna.

236 5577 381 5633 ticut
403 5574 546 5630 enim
579 5571 741 5640 hujus
765 5567 888 5620 vitat
914 5577 1086 5635 plena:
1123 5561 1281 5617 simul
1310 5573 1436 5613 cum
1465 5555 1571 5609 vita
1598 5553 1819 5608 solvun-

228 5680 346 5736 tur,
382 5667 461 5723 sic
483 5663 593 5722 illic
619 5674 796 5730 ptent:
828 5665 1046 5713 attenta
1074 5661 1256 5708 erunt.
1288 5650 1421 5707 Cum
1457 5654 1635 5702 autem
1664 5644 1815 5711 dicit,

228 5758 397 5817 Fines
421 5752 750 5817 nodorum
775 5749 913 5805 nihil
931 5745 1081 5803 aliud
1094 5744 1249 5814 dicit,
1280 5755 1441 5814 quam
1456 5738 1597 5812 quod
1627 5738 1694 5794 do
1713 5751 1821 5792 ρω-

1227 355 1290 412 ΙΝ
1334 353 1542 409 EPIST.
1587 351 1603 403 l
1668 350 1757 405 AD
1795 348 1950 404 COR.
1992 349 2225 407 ιιοιίιῐ..
2266 346 2458 405 XXIII.

3388 346 3494 399 νη

1913 472 2030 517 tero
2057 463 2215 517 instet
2242 461 2500 528 judicium
2530 458 2658 514 illud
2693 457 3040 513 horrendum.
3078 459 3165 514 12.
3198 460 3380 523 Itaque
3408 463 3495 528 qui

1904 568 1960 607 se
1983 553 2245 607 existimat
2270 561 2427 614 stare,
2450 550 2615 605 videat
2641 565 2704 603 ne
2719 550 2896 604 cadat.
2924 548 3134 606 Rursus
3158 550 3371 606 illorum
3413 551 3497 604 fa-

1904 653 2047 695 stum
2076 643 2292 711 deiecit,
2322 646 2412 712 qui
2435 642 2504 697 de
2533 642 2753 696 scientia
2773 656 2866 695 sua
2897 642 3063 694 altum
3098 641 3402 711 sapiebant.
3437 642 3495 696 Si

1904 732 2049 785 enim
2077 731 2176 798 illi,
2207 732 2298 801 qui
2332 740 2476 785 tanta
2508 740 2633 785 sunt
2656 730 2791 786 bona
2820 731 3159 800 consequuti,
3191 731 3316 785 talia
3350 731 3496 801 passi

1906 829 2051 886 sunt,
2083 830 2137 876 et
2181 822 2275 876 alii
2314 822 2530 893 quidem
2562 837 2659 892 pro
2692 823 3116 877 murmuratione
3152 823 3328 877 solum
3360 822 3498 877 tales

1909 910 2125 966 luerunt
2149 926 2365 978 pronas;
2395 911 2484 965 alii
2514 911 2658 981 quod
2691 920 3008 979 tentassent,
3036 924 3089 966 et
3121 928 3295 982 neque
3325 928 3497 982 popu-

1910 1000 1994 1054 lus
2027 1001 2191 1055 Deum
2216 1011 2301 1055 est
2326 1002 2611 1067 reveritus,
2653 1016 2831 1072 neque
2856 1004 2998 1071 quod
3032 1012 3139 1057 tam
3168 1004 3335 1058 multa
3361 1018 3496 1057 con-

1909 1097 2167 1159 sequutus
2193 1098 2372 1155 esset;
2400 1090 2571 1144 multo
2599 1091 2770 1159 magis
2801 1092 2852 1144 in
2884 1092 3040 1146 nobis
3073 1093 3174 1145 nisi
3218 1093 3500 1162 vigilemus

1909 1181 2013 1235 hoc
2032 1182 2157 1237 erit.
2183 1181 2250 1236 Et
2276 1182 2520 1251 apposite
2541 1182 2709 1237 dixit:
2741 1182 2841 1250 Qui
2868 1200 2922 1236 se
2940 1185 3195 1238 existimat
3212 1196 3365 1238 stare.
3387 1184 3501 1240 lloc

1909 1272 2053 1326 enim
2083 1286 2190 1327 non
2220 1281 2303 1325 est
2328 1281 2471 1327 stare
2524 1282 2583 1326 ut
2609 1281 2756 1327 stare
2780 1280 3013 1341 oportet,
3061 1274 3164 1327 sibi
3195 1275 3295 1343 ipsi
3329 1275 3504 1329 conli-

1910 1360 2075 1417 dere:
2108 1362 2198 1432 qui
2234 1363 2355 1416 talis
2382 1372 2466 1417 est
2487 1365 2652 1429 cnim,
2698 1365 2857 1419 cilius
2884 1365 3074 1419 cadet:
3102 1380 3224 1419 nam
3259 1366 3333 1419 illi
3357 1382 3499 1435 quo-

1908 1468 2033 1520 que,
2063 1453 2164 1506 nisi
2192 1454 2359 1507 altum
2388 1458 2697 1524 sapuissent
2718 1463 2776 1510 et
2795 1455 3167 1520 coniidisseut,
3185 1456 3280 1511 sed
3305 1457 3351 1511 si
3377 1471 3501 1512 sese

1909 1542 2306 1609 cohibuissem,
2347 1560 2455 1600 non
2484 1545 2600 1601 hac
2627 1547 2767 1615 passi
2794 1557 2999 1601 essent.
3034 1547 3188 1603 Unde
3215 1548 3379 1619 liquet
3406 1563 3500 1605 ar-

1906 1632 2207 1701 rogantiam
2242 1636 2499 1699 maxime,
2540 1636 2844 1706 deindeque
2870 1638 3173 1693 socordiam
3203 1649 3258 1694 et
3295 1640 3500 1709 gulam,

1910 1720 2101 1773 borum
2127 1736 2250 1776 esse
2289 1722 2463 1776 fontes
2504 1725 2790 1779 malorum.
2821 1726 3004 1793 Itaque
3030 1728 3075 1781 si
3106 1738 3240 1792 stas,
3272 1743 3403 1784 cave
3431 1746 3502 1785 ue

1908 1810 2091 1865 cadas.
2141 1811 2274 1865 Nam
2320 1814 2405 1867 liic
2432 1824 2597 1881 stare,
2631 1830 2737 1869 non
2764 1826 2850 1871 est
2876 1815 3103 1871 firmiter
3135 1827 3299 1883 stare,
3328 1821 3502 1873 donec

1911 1900 2205 1955 liberemur
2232 1919 2261 1956 a
2298 1906 2581 1973 persentis
2609 1907 2729 1961 vitae
2758 1908 3031 1971 fluctibus,
3057 1918 3113 1963 et
3143 1910 3210 1964 ad
3236 1890 3501 1980 tranquil—

1911 1990 2019 2044 lum
2044 2002 2259 2060 portum
2286 1994 2638 2063 appellamus.
2667 1996 2745 2051 Ne
2774 1998 2955 2067 itaque
2979 1998 3147 2054 altum
3162 2000 3339 2069 sapias
3358 2000 3501 2073 quod
3589 1988 3591 1992 Α

1910 2090 2044 2146 stes,
2090 2082 2186 2136 sed
2235 2098 2367 2137 cave
2410 2085 2640 2153 lapsum.
2693 2085 2750 2141 Si
2803 2103 3037 2159 namque
3064 2090 3263 2146 Paulos
3303 2092 3500 2158 timuit,

1910 2184 2151 2225 omnium
2199 2171 2548 2239 fortissimus,
2581 2177 2750 2231 multo
2780 2180 2951 2247 magis
2981 2194 3080 2233 nos
3123 2181 3315 2236 timere
3343 2197 3505 2252 opor-

1914 2270 2007 2315 tet.
2036 2264 2328 2331 Apostolns
2359 2260 2541 2336 itaque
2564 2269 2817 2329 dicebat:
2849 2270 3172 2340 Quapropter
3196 2278 3285 2344 qui
3311 2274 3407 2328 sibi
3427 2277 3505 2328 oi-

1911 2352 2060 2406 detur
2086 2366 2240 2419 stare,
2269 2357 2439 2410 rideat
2459 2374 2523 2412 ne
2537 2360 2687 2413 cadat
2713 2376 2848 2416 :nos
2871 2371 3053 2417 autem
3076 2379 3143 2417 ne
3160 2363 3264 2419 hoc
3286 2365 3503 2435 quidem

1913 2458 2198 2513 possumus
2229 2446 2427 2510 dicere,
2462 2463 2585 2503 cum
2616 2466 2808 2507 omnes
2835 2453 2952 2508 fere
2993 2454 3132 2524 lapsi
3163 2463 3218 2509 et
3250 2458 3502 2525 prostrati

1912 2533 2022 2589 sint
2048 2534 2305 2607 humique
2327 2538 2564 2606 jaceant.
2590 2529 2688 2593 Cui
2715 2542 2859 2595 enim
2884 2543 2987 2598 hoc
3008 2543 3224 2599 dicam?
3249 2547 3399 2601 illine
3413 2548 3504 2618 qui

1913 2627 2151 2702 quotidie
2182 2630 2357 2697 rapit?
2388 2630 2483 2684 sed
2522 2630 2667 2700 jacet
2695 2631 2788 2685 ille
2826 2648 3022 2703 magno
3060 2633 3212 2704 lapsu
3239 2634 3503 2704 dejectus.

1913 2717 1985 2768 At
2008 2718 2331 2773 scortatori?
2351 2720 2445 2774 sed
2473 2718 2619 2775 humi
2650 2722 2925 2791 projectus
2950 2730 3052 2778 est.
3074 2724 3159 2779 An
3189 2724 3508 2781 ebriosotat

1915 2805 2031 2875 ipse
2049 2821 2261 2877 quoque
2278 2808 2446 2878 jacet,
2481 2820 2538 2864 et
2562 2813 2735 2865 nescit
2754 2827 2816 2867 se
2833 2812 3040 2881 jacere.
3074 2814 3381 2886 ltaquejam
3398 2832 3506 2872 non

1912 2902 1999 2950 est
2028 2904 2237 2973 tempus
2264 2896 2424 2967 hujus
2450 2898 2758 2968 proferendi
2790 2901 2961 2966 verbi,
2987 2903 3082 2957 sed
3111 2904 3255 2959 illius
3278 2906 3509 2977 proplieo

1920 2987 2028 3052 tici,
2049 2987 2434 3057 quod-dicebat
2457 2989 2698 3045 Judzcis:
2732 2991 2987 3062 Numqui
3014 2994 3171 3058 cadit,
3195 3012 3298 3049 non
3329 3005 3507 3052 γαίη-υ

1920 3079 1987 3149 qit
2013 3079 2188 3150 (Psal.
2216 3081 2308 3136 40.
2342 3081 2435 3153 9)?
2468 3084 2678 3138 Etenim
2705 3096 2897 3139 omnes
2930 3084 3134 3154 jaceat,
3186 3102 3283 3141 nec
3320 3086 3509 3144 volunt

1916 3183 2219 3240 resurgere.
2250 3171 2611 3238 Quamobrem
2648 3172 2961 3228 adhortatio
2990 3176 3146 3231 nobis
3174 3187 3281 3244 est,
3314 3193 3421 3234 non
3450 3189 3509 3235 ut

1916 3274 1990 3315 ne
2008 3261 2286 3327 cadamus,
2314 3261 2410 3317 sed
2450 3271 2511 3317 ut
2555 3265 2588 3317 ii
2632 3264 2722 3334 qui
2747 3265 2933 3334 jaceut
2959 3267 3172 3335 possint
3201 3282 3507 3339 resurgere.

1916 3351 2283 3423 Resurgamus
2310 3353 2474 3424 igitur
2515 3356 2603 3410 vel
2638 3370 2764 3411 sero
2805 3356 3052 3422 tandem,
3080 3356 3295 3425 dilecti,
3320 3373 3508 3417 resur-

1915 3458 2106 3513 gamus
2122 3454 2177 3499 et
2198 3444 2411 3499 fortiter
2434 3455 2659 3501 stemus.
2684 3447 2975 3518 Quousque
3000 3449 3278 3517 iacemus?
3299 3465 3503 3520 quous-

1915 3550 2022 3605 que
2042 3535 2176 3599 ebrii
2206 3551 2414 3601 smnus,
2450 3537 2615 3591 multa
2645 3553 2826 3592 rerum
2869 3540 3208 3594 surcularium
3248 3544 3509 3617 concuplo

1902 3625 2124 3680 tacentia
2163 3624 2410 3694 gravati?
2451 3624 2825 3695 Opportunum
2877 3637 2961 3682 est
3002 3634 3147 3684 nunc
3171 3630 3395 3687 dicere:
3428 3633 3509 3687 Ad

1917 3728 2077 3784 quem
2108 3714 2297 3785 loquar
2334 3724 2391 3770 et
2419 3715 2786 3771 testificabor?
2826 3731 2996 3787 usque
3034 3706 3180 3773 adeo.
3210 3736 3401 3778 omnes
3440 3724 3509 3778 ad

1918 3804 2089 3875 ipsam
2115 3805 2641 3862 virtutis‘doctrinam
2662 3806 3082 3874 obsurduerunt,
3105 3819 3162 3864 et
3182 3811 3366 3866 multis
3382 3811 3510 3867 hinc

1918 3898 2109 3969 repleti
2136 3906 2263 3953 sunt
2292 3898 2469 3952 malis.
2497 3898 2565 3953 Et
2582 3900 2627 3953 si
2652 3912 2932 3968 possemus
2953 3899 3160 3953 animas
3188 3900 3373 3955 videre
3413 3917 3513 3955 nu-

1919 3988 2040 4055 das,
2073 3989 2208 4044 utin
2234 3988 2563 4045 exercitibus
2604 3999 2727 4057 post
2769 3988 3098 4056 conflictum,
3145 3992 3237 4045 alii
3285 3993 3508 4060 mortui,

1919 4082 2011 4137 alii
2067 4082 2331 4139 vulnerati
2378 4082 2657 4147 videntur;
2686 4082 2843 4137 sicin
2897 4081 3136 4136 Ecclesia
3176 4082 3507 4139 videremus.

1919 4173 2282 4241 Quamobrem
2337 4174 2565 4227 obsecro
2610 4184 2669 4228 et
2709 4189 2809 4229 oro
2836 4214 2853 4240 ,
2905 4188 3123 4227 manum
3176 4174 3315 4229 alter
3355 4175 3511 4233 alteri

1925 4268 2261 4338 porrigamus
2276 4274 2333 4321 et
2355 4280 2729 4333 exsurgamus.
2754 4265 2888 4321 Nam
2915 4273 2970 4321 et
2994 4280 3094 4335 ego
3113 4281 3179 4320 ex
3202 4267 3512 4322 sauciorum

1925 4371 2153 4413 numero
2174 4372 2318 4420 sum,
2350 4365 2405 4411 et
2431 4370 2618 4411 eorum
2658 4356 2750 4425 qui
2794 4355 3099 4425 pharmacis
3127 4370 3264 4426 opus
3288 4356 3507 4411 habent.

1921 4448 2027 4505 Sed
2060 4463 2128 4502 ne
2158 4447 2279 4501 ideo
2301 4448 2539 4501 animum
2563 4444 2943 4513 despondeatis
2964 4463 2977 4497 :
3001 4459 3125 4498 nam
3170 4446 3271 4517 etsi
3318 4447 3508 4514 gravia

1921 4548 2048 4595 sunt
2091 4540 2338 4603 vulnera,
2390 4545 2446 4591 at
2493 4550 2599 4590 non
2654 4533 2996 4587 incurabilia.
3038 4532 3186 4586 Talis
3212 4541 3296 4585 est
3323 4540 3510 4587 noster

1923 4633 2194 4692 medicus;
2228 4629 2390 4683 modo
2420 4627 2639 4682 vulnera
2670 4623 2987 4689 sentiamus,
3013 4622 3226 4677 etiamsi
3254 4624 3304 4676 in
3330 4630 3511 4677 extre-

1923 4736 2069 4776 mum
2117 4714 2365 4787 nequitiae
2410 4716 2737 4777 venerimus,
2780 4714 2977 4769 multas
3002 4713 3161 4791 nobis
3184 4712 3360 4784 aperit
3393 4715 3506 4768 vias

1923 4812 2131 4867 salutis.
2161 4810 2295 4865 Nam
2315 4810 2361 4865 si
2393 4808 2639 4879 proximo
2667 4806 2803 4862 iram
2844 4805 3143 4869 remiseris,
3166 4804 3510 4860 remittentur

1925 4906 2021 4961 tibi
2051 4905 2281 4960 delicta:
2318 4902 2380 4959 Si
2419 4903 2576 4966 enim,
2622 4899 2815 4969 inquit,
2860 4890 3161 4955 rentiseritis
3198 4895 3511 4962 hominibus,

1921 4998 2139 5052 rauim:
2165 5005 2213 5049 et
2241 4994 2378 5049 vobis
2408 4990 2564 5044 Pater
2588 4999 2748 5043 vester
2774 4985 2987 5040 celestis
3034 4982 3246 5054 (lculi.
3290 4980 3349 5036 ϐ.
3394 4980 3505 5052 ιι).

1923 5089 1991 5157 Et
2018 5089 2062 5145 si
2087 5086 2487 5153 eleemosynam
2512 5077 2749 5143 dederis,
2775 5072 3106 5145 condonabit
3128 5071 3221 5125 tibi
3248 5081 3464 5141 peccata
3488 5090 3505 5126 :

1923 5178 1951 5231 1
1961 5160 2226 5247 ulqaitates
2252 5166 2395 5227 enim
2417 5180 2552 5233 tuas,
2576 5166 2771 5237 inquit,
2787 5162 3120 5235 eleentosynis
3136 5161 3329 5215 redime
3343 5160 3505 5228 (Dan.

1922 5270 1977 5322 4.
2005 5266 2121 5333 24).
2153 5262 2210 5319 Si
2234 5262 2520 5331 diligenter
2544 5257 2808 5321 oraveris,
2839 5254 3161 5309 remissione
3191 5249 3411 5305 frueris.
3440 5250 3509 5304 Et

1924 5361 2026 5414 hoc
2055 5357 2292 5412 ostendit
2319 5355 2499 5421 vidua,
2527 5368 2646 5423 quae
2668 5352 2954 5405 immanem
2982 5346 3132 5399 illum
3148 5344 3384 5415 judicent
3400 5340 3509 5395 fre-

1923 5451 2109 5522 quenti
2139 5449 2401 5520 petitione
2430 5445 2656 5500 inﬂexit.
2688 5442 2743 5498 Si
2768 5448 2989 5511 peccata
3020 5447 3111 5493 tua
3137 5436 3505 5498 aconsaveris,

1924 5544 2091 5599 habes
2107 5539 2530 5597 consolationem
2553 5553 2565 5587 :
2591 5534 2689 5589 Die
2709 5545 2764 5587 tu
2784 5533 2927 5587 enim
2951 5531 3147 5599 primas
3174 5533 3378 5597 peccata
3396 5533 3505 5589 tu,

1924 5647 1981 5692 sit
1999 5632 2300 5707 iustiﬁceris
2321 5628 2480 5702 (lsai‘.
2512 5630 2601 5682 45.
2636 5626 2755 5694 26).
2781 5625 2837 5681 Si
2868 5636 2967 5694 pro
3007 5623 3075 5676 iis
3115 5619 3283 5675 tristis
3320 5613 3507 5707 fueris,

1928 5705 2124 5786 ethoc
2168 5722 2265 5779 tibi
2308 5722 2660 5793 pbarmacum
2698 5716 2802 5773 erit
2830 5716 3157 5773 maximum:
3193 5708 3312 5768 Vidi
3345 5705 3505 5770 aliut.
