4070 6322
618 340 723 398 195

616 458 809 526 inquit,
840 458 977 523 quod
1000 458 1175 511 dolore
1203 457 1416 523 eiectus
1437 460 1522 521 sit,
1554 468 1600 512 et
1625 459 1804 513 abierit
1831 462 2010 523 tristia,
2042 470 2089 512 et
2109 476 2205 511 cit-

615 550 724 600 ν·αυὶ
742 549 847 601 uias
876 550 985 619 ejus
1017 548 1170 619 (1εαὶ.
1198 550 1288 604 57.
1323 552 1408 603 l7.
1456 551 1568 621 18).
1600 551 1668 604 Et
1694 553 1736 604 si
1767 552 1893 619 quid
1927 552 2051 605 mali
2082 567 2201 619 pas-

616 652 729 697 sus.
764 636 973 691 fortiter
1004 638 1132 691 illud
1164 640 1374 703 tuleris,
1406 648 1574 693 totum
1603 641 1817 693 emisti.
1846 641 1958 694 lloc
1988 656 2204 710 quoque

615 729 755 782 enim
784 728 933 780 diviti
976 729 1050 781 illi
1094 728 1361 781 Abraham
1402 728 1662 784 dicebat:
1710 729 1928 799 Recepit
1971 730 2205 784 Lazarus

615 820 754 871 mala
782 834 899 884 sua,
935 828 989 871 et
1019 819 1103 872 hic
1129 821 1555 874 consolationem
1591 821 1752 875 habet
1789 820 1939 891 (Luc.
1965 822 2054 876 16.
2082 820 2202 890 25).

613 909 667 964 Si
695 910 869 962 vidua:
892 911 1143 963 misertus
1170 913 1351 974 fueris,
1385 912 1671 967 abluuntur
1692 922 1907 981 peccata
1939 922 2025 985 tua
2048 930 2060 965 :
2080 928 2202 967 nam

612 1000 689 1052 ait
715 1017 727 1051 :
751 998 995 1053 Judicate
1023 1000 1245 1069 pupillo,
1277 1002 1538 1073 defendite
1580 1003 1808 1069 viduam,
1842 1015 1889 1057 et
1917 1004 2078 1057 venite
2123 1004 2205 1055 di-

611 1100 916 1153 sceptemns,
950 1093 1025 1143 ait
1057 1092 1344 1157 Dominus;
1397 1104 1442 1147 et
1486 1095 1530 1147 si
1579 1096 1772 1164 fuerint
1802 1106 2011 1163 peccata
2041 1105 2205 1147 vestra

612 1183 741 1236 sicut
762 1186 1050 1251 puniceum,
1084 1195 1137 1236 ut
1165 1187 1326 1237 nivem
1350 1186 1633 1250 deatbabo;
1660 1197 1709 1239 et
1733 1189 1775 1239 si
1802 1188 1991 1257 fuerint
2019 1196 2070 1237 ut
2090 1202 2207 1238 coc-

612 1275 802 1341 cinum,
834 1285 886 1327 ut
917 1279 1091 1329 lanam
1129 1277 1372 1330 dealbabo
1418 1276 1569 1347 (Isai.
1622 1280 1671 1331 1.
1725 1279 1810 1333 l7.
1860 1277 1968 1346 18).
2018 1276 2204 1346 Neque

611 1366 755 1419 enim
786 1367 867 1419 vel
895 1366 1203 1421 cicatricem
1230 1368 1515 1421 vulnerum
1544 1368 1675 1421 sinit
1703 1381 1987 1435 apparere.

682 1460 735 1513 5.
780 1458 1099 1512 Paenitentia:
1120 1461 1194 1512 vis
1218 1460 1270 1511 in
1298 1462 1393 1511 hac
1424 1462 1544 1523 vita,
1568 1460 1817 1512 inutilitas
1858 1462 1910 1513 in
1956 1462 2206 1516 αἰτεῖ-σιμ-

608 1552 714 1606 Sed
739 1553 949 1604 etiamsi
981 1553 1287 1606 venerimus
1320 1554 1371 1605 in
1404 1552 1530 1605 illud
1564 1552 1879 1619 profundum
1917 1554 2200 1616 malorum,

608 1643 662 1696 in
687 1642 831 1712 quod
862 1643 1052 1696 incidit
1088 1644 1133 1696 is
1162 1645 1251 1711 qui
1286 1653 1503 1710 paterna
1538 1643 1673 1696 bona
1707 1643 1888 1697 exedit
1915 1654 1969 1697 et
1996 1644 2203 1712 siliquis

607 1735 945 1800 vescebatur,
978 1745 1033 1788 et
1066 1736 1436 1803 pmnitentiam
1487 1738 1778 1804 egerimus,
1813 1738 2035 1790 omnino
2066 1738 2199 1791 salvi

607 1826 841 1879 erimus:
868 1828 1078 1879 etiamsi
1110 1826 1294 1880 decem
1331 1827 1492 1879 millia
1537 1828 1734 1879 talenta
1787 1827 2101 1891 debeamus,
2150 1836 2204 1881 et

608 1915 971 1985 procidamus,
1024 1916 1451 1983 injuriarnmque
1494 1916 1807 1969 memoriam
1848 1916 2201 1983 deponamus,

608 2008 789 2059 onmia
833 2006 988 2060 nobis
1034 2007 1383 2059 remittuntur
1417 2024 1429 2058 :
1470 2008 1679 2060 etiamsi
1725 2006 1833 2060 illic
1860 2008 2203 2060 aberraveri-

608 2113 753 2162 mus,
784 2089 871 2151 ubi
903 2099 1018 2152 ovis
1044 2099 1112 2152 ab
1142 2099 1268 2152 ovili
1300 2099 1591 2160 aberravit,
1628 2098 1752 2153 inde
1784 2099 1874 2152 ille
1914 2114 2013 2152 nos
2042 2099 2200 2152 redu-

609 2191 705 2255 cit,
733 2191 776 2244 si
800 2190 959 2244 modo
987 2191 1234 2255 velimus,
1260 2190 1437 2244 dilecti
1462 2208 1474 2243 :
1496 2191 1757 2260 benignus
1779 2193 1919 2244 enim
1942 2191 2199 2244 estDeus.

612 2280 740 2337 Ideo
790 2282 957 2335 etiam
1012 2282 1143 2335 satis
1183 2282 1259 2334 illi
1298 2283 1412 2345 fuit,
1461 2284 1601 2351 quod
1634 2284 1677 2335 is
1707 2284 1796 2351 qui
1828 2284 2013 2337 decem
2040 2285 2199 2337 millia

612 2373 811 2427 talenta
840 2371 1093 2438 debebat,
1149 2382 1273 2426 ante
1304 2388 1363 2425 se
1414 2373 1806 2441 procumberet,
1841 2385 1895 2429 et
1924 2375 2065 2444 quod
2113 2364 2200 2442 εἶιιί

612 2471 834 2533 paterna
855 2463 992 2516 bona
1010 2463 1399 2532 absumpserat,
1420 2465 1589 2517 solum
1611 2477 2047 2528 reverteretur,et
2062 2468 2202 2536 quod

612 2569 801 2609 errans
827 2555 943 2608 ovis
972 2558 1172 2623 portari
1206 2556 1382 2610 vellet.
1417 2557 1728 2627 Cogi'ames
1757 2561 1916 2627 igitur
1955 2559 2202 2629 benigni-

614 2645 742 2698 tatis
768 2644 884 2713 ejus
914 2646 1359 2714 magnitudinem,
1394 2649 1480 2701 hic
1530 2649 1678 2701 illum
1712 2650 1865 2702 nobis
1914 2652 2199 2718 propitiqu

613 2734 923 2801 reddamus,
960 2745 1013 2789 et
1043 2751 1478 2803 praeoccupemus
1509 2737 1697 2791 faciem
1739 2738 1856 2807 ejus
1904 2740 1953 2792 in
1992 2740 2204 2795 confes-

614 2828 790 2893 sione,
811 2837 868 2880 ut
894 2842 959 2881 ne
984 2826 1108 2880 hinc
1127 2827 1388 2882 abeuntes
1410 2829 1527 2883 sine
1545 2827 1879 2896 defensione,
1903 2842 2201 2886 extremum

616 2919 909 2973 subeamus
932 2919 1283 2986 supplicium.
1314 2919 1370 2973 Si
1401 2921 1543 2973 enim
1575 2922 1626 2973 in
1658 2923 1910 2991 praesenti
1942 2928 2046 2975 v.ta
2075 2939 2204 2992 qua-

616 3012 1332 3095 lemcumque‘adltibcamus
1372 3012 1729 3082 diligentiam,
1764 3016 1995 3069 maxima
2024 3019 2201 3071 lucra~

614 3104 823 3159 bimur:
851 3106 893 3158 si
924 3115 1103 3159 autem
1132 3120 1237 3157 non
1268 3098 1522 3159 meliores
1551 3106 1728 3161 eﬂ‘ecti
1758 3109 2200 3174 absceSseriitttts,

615 3198 828 3253 etiamsi
884 3197 989 3250 illic
1032 3196 1335 3251 vehementi
1383 3198 1694 3266 pmoitentia
1740 3200 2017 3265 ducamur,
2073 3203 2206 3257 nihil

618 3288 774 3343 nobis
801 3289 1056 3358 proderit.
1086 3290 1383 3359 Oportebat
1423 3293 1568 3346 enim
1603 3294 1738 3346 intra
1785 3306 1935 3362 septa
1984 3311 2207 3349 manen-

617 3390 728 3435 tem
772 3382 1067 3446 decertare,
1116 3398 1221 3435 non
1267 3394 1444 3438 autem
1497 3395 1778 3455 postquam
1828 3389 2061 3442 solutum
2110 3390 2203 3444 fuit

620 3472 886 3525 theatrum
937 3472 1219 3526 lamentari
1261 3483 1313 3527 et
1340 3472 1470 3528 ﬂere
1516 3475 1812 3543 inutiliter,
1842 3478 2071 3533 utdives
2118 3479 2205 3534 ille

616 3562 865 3625 faciebat,
898 3563 1201 3617 lamentans
1229 3572 1283 3616 et
1311 3563 1541 3630 ejulans,
1572 3566 1664 3619 sed
1684 3566 1793 3635 jam
1820 3566 2014 3622 frustra
2043 3580 2095 3623 et
2122 3571 2203 3623 in-

615 3666 851 3716 cassum,
882 3653 1005 3720 quia
1038 3661 1250 3720 tempus
1292 3652 1421 3705 illud
1454 3651 1796 3723 despexerat,
1837 3674 1942 3724 quo
1986 3657 2098 3711 ha:c
2126 3658 2204 3710 fa-

614 3756 741 3796 cere
772 3744 1028 3810 oportuit,
1062 3742 1177 3796 Non
1223 3742 1312 3795 ille
1359 3752 1535 3795 autem
1586 3745 1752 3807 Solus,
1801 3747 1893 3801 sed
1928 3748 2077 3801 multi
2115 3750 2204 3804 alii

611 3833 722 3901 jam
746 3842 871 3886 sunt
892 3833 1084 3888 divites
1115 3833 1214 3902 ipsi
1245 3831 1473 3897 similes,
1494 3836 1581 3903 qui
1607 3837 1859 3903 pecunias
1876 3838 2090 3907 quidem
2110 3840 2204 3895 de-

614 3925 824 3992 spicere
846 3922 1057 3987 nolunt,
1080 3923 1175 3977 sed
1210 3923 1327 3977 loco
1357 3926 1702 3991 pecuniarum
1747 3929 1979 3983 animam
2016 3931 2202 4001 despi-

614 4015 798 4066 ciunt:
830 4013 971 4081 quod
1005 4014 1189 4067 mirari
1232 4015 1376 4067 subit
1417 4016 1566 4081 mihi,
1601 4031 1721 4069 eum
1763 4019 1918 4074 video
1957 4020 2075 4075 illos
2111 4024 2200 4077 Dei

614 4104 1035 4157 misericordiam
1067 4116 1369 4172 precantes,
1401 4116 1455 4160 et
1488 4107 1556 4160 ita
1584 4108 1803 4162 aﬂ‘cctos
1833 4126 1961 4181 erga
1995 4115 2201 4180 seipsos

612 4203 672 4248 ut
694 4194 1019 4248 incurabiles
1049 4196 1176 4257 sint,
1207 4198 1508 4266 animmque
1535 4214 1646 4253 sua:
1674 4210 1944 4272 tamquam
1970 4204 2199 4260 inimica:

614 4301 722 4338 non
748 4296 1049 4355 parcentes.
1087 4286 1161 4339 Ne
1189 4288 1459 4353 ludamus,
1512 4306 1544 4342 ο
1586 4291 1791 4356 dilecti,
1835 4309 1904 4347 ne
1930 4294 2196 4365 ludamus,

613 4390 788 4444 neque
815 4391 911 4429 nos
942 4376 1086 4444 ipsos
1117 4377 1499 4444 despiciamus,
1524 4381 1650 4433 dum
1684 4398 1935 4452 rogamus
1957 4387 2125 4443 Deum
2144 4400 2199 4445 ut

610 4467 784 4522 nostri
813 4467 1147 4531 misereatur,
1172 4478 1224 4523 et
1252 4469 1638 4526 misericordia:
1665 4474 1780 4541 ejus
1807 4481 2079 4545 pecunias,
2101 4483 2196 4538 de-

608 4560 761 4615 licias
778 4570 833 4614 et
852 4561 1029 4613 omnia
1047 4563 1443 4628 anteponimus.
1475 4562 1658 4632 Neque
1686 4567 1850 4627 enim.
1882 4572 1924 4621 si
1955 4573 2074 4639 quis
2102 4575 2197 4631 tibi

608 4653 784 4707 dicam
814 4652 1051 4715 offerret,
1082 4662 1136 4706 et
1163 4656 1467 4723 quempiam
1498 4671 1756 4712 accusans
1784 4659 2012 4727 diceret,
2044 4665 2191 4721 illum

604 4743 755 4798 mille
784 4752 986 4795 mortes
1012 4742 1337 4808 subiturum,
1369 4760 1490 4799 cum
1534 4759 1717 4815 posset
1757 4753 1968 4808 modica
2028 4770 2194 4825 pecu-

544 4870 547 4879 ι
616 4836 702 4888 nia
750 4848 874 4888 sese
922 4835 1211 4898 redimere,
1264 4838 1425 4891 malle
1478 4842 1616 4894 mori
1670 4858 1831 4911 quam
1873 4846 2074 4915 aliquid
2128 4864 2191 4903 ex

602 4924 715 4979 suis
772 4939 1093 4989 numerare;
1147 4927 1519 4983 misericordia
1564 4943 1656 4986 aut
1696 4936 1851 4989 venia
1898 4938 2045 4993 illum
2073 4956 2193 4996 esse

601 5015 819 5081 dignum
848 5014 1076 5069 diceres.
1110 5014 1221 5069 Hoc
1257 5032 1386 5085 ergo
1423 5028 1474 5072 et
1504 5020 1571 5074 de
1600 5022 1772 5093 teipso
1801 5038 1989 5095 reputa
2020 5047 2034 5082 :
2067 5048 2188 5085 nam

602 5120 703 5160 nos
730 5120 941 5175 quoque
967 5107 1066 5161 hoc
1096 5106 1338 5173 facimus,
1369 5120 1423 5164 et
1465 5112 1694 5169 salutem
1741 5127 1977 5172 nostram
2008 5121 2188 5192 despi-

600 5201 827 5262 cientes,
860 5201 1097 5268 pecuniis
1126 5202 1412 5269 parcimus.
1434 5202 1714 5269 Quomodo
1731 5224 1860 5278 ergo
1881 5211 2046 5265 Deum
2069 5228 2187 5282 pre-

599 5290 739 5344 caris
767 5300 824 5343 ut
848 5291 940 5345 tibi
969 5302 1172 5359 parcat,
1203 5308 1323 5348 cum
1354 5305 1407 5348 tu
1438 5298 1551 5363 ipse
1598 5298 1688 5351 tibi
1734 5318 1839 5355 non
1879 5319 2089 5371 parcas,
2134 5316 2188 5360 et

596 5380 793 5435 animae
822 5385 1073 5451 pecunias
1116 5385 1407 5453 praeferas?
1449 5389 1707 5452 Quocirca
1751 5393 2041 5449 admodum
2086 5397 2187 5449 ob-

596 5478 848 5541 stupesco
875 5475 1136 5543 cogitans,
1166 5486 1382 5547 quantae
1412 5480 1463 5533 in
1506 5485 1748 5549 pecuniis
1790 5484 1992 5540 lateant
2039 5502 2181 5555 pra:-

596 5563 799 5630 stigiae;
829 5565 936 5618 imo
965 5580 1069 5620 non
1110 5568 1161 5621 in
1193 5571 1459 5637 pecuniis,
1490 5572 1585 5625 sed
1615 5574 1666 5626 in
1695 5590 1880 5629 eorum
1910 5579 1997 5647 qui
2027 5578 2179 5633 deci-

598 5652 817 5722 piuntur
841 5656 1055 5713 animis.
1086 5658 1224 5713 Sunt
1252 5662 1415 5727 enim,
1447 5673 1571 5716 sunt
1599 5665 1799 5733 utique,
1833 5669 1924 5737 qui
1954 5670 2178 5724 multum

593 5738 759 5799 hasce
812 5748 1107 5818 pratstigias
1149 5749 1393 5809 irrident.
1442 5753 1581 5821 Quid
1625 5758 1768 5813 enim
1814 5756 1867 5814 in
1909 5759 2016 5815 illis
2059 5771 2165 5829 est,

1324 343 1381 398 S.
1423 344 1701 401 JOANNIS
1736 345 2204 402 CURYSOSTOMI
2246 348 2564 405 ARClllEl’.
2607 352 3137 412 CONSTANTINOP.

3796 372 3903 426 f'db‘

2314 463 2457 528 quod
2516 478 2613 517 nos
2663 466 2930 522 fascinare
2983 472 3199 536 possit?
3253 491 3427 532 nonne
3476 478 3764 534 inanimata
3814 495 3905 537 ut

2312 557 2557 621 materia,
2612 572 2788 612 nonne
2830 558 3006 615 ﬂuxa?
3059 578 3237 618 nonne
3289 567 3451 623 infida
3505 581 3592 625 est
3629 572 3744 641 ejus
3771 588 3900 642 pos-

2310 648 2517 702 sessio?
2542 666 2719 705 annon
2750 652 3031 707 timoribus
3060 647 3216 723 plena
3233 669 3384 712 estet
3410 662 3703 728 periculis?
3720 681 3905 718 annon

2310 738 2551 793 aedibus
2577 752 2629 795 et
2657 742 2900 796 insidiis?
2925 756 3105 798 annon
3137 746 3415 803 inimicitia
3442 759 3498 805 et
3523 752 3695 807 odio?
3723 768 3905 807 annon

2310 829 2554 882 socordia
2582 840 2635 883 et
2662 833 2895 901 nequitia
2926 836 3127 888 multa?
3153 852 3332 891 annon
3363 849 3504 894 terra
3533 853 3618 896 est
3644 851 3703 897 et
3728 844 3864 897 cinis
3883 845 3912 895 ἲ

2309 932 2431 985 qua:
2459 918 2702 973 insania?
2728 924 2849 991 quis
2884 924 3148 979 morbus?
3188 930 3257 982 At
3298 945 3405 983 non
3447 934 3739 987 accusandi
3779 946 3911 988 sunt

2312 1017 2538 1073 tantum,
2570 1010 2803 1079 inquies,
2850 1015 2951 1069 hoc
2991 1018 3178 1072 morbo
3220 1019 3553 1087 laborantes,
3598 1024 3697 1078 sed
3741 1026 3909 1079 etiam

2310 1099 2599 1155 solvendus
2625 1113 2709 1156 est
2735 1119 2907 1158 antor.
2961 1106 3029 1161 Et
3077 1124 3183 1176 quo
3234 1112 3341 1166 alio
3393 1114 3553 1167 modo
3605 1116 3909 1179 solvamus.

2308 1206 2467 1257 quam
2492 1194 2837 1249 ostendentes
2856 1212 2969 1251 rem
2998 1214 3118 1255 esse
3145 1202 3341 1256 malam
3367 1206 3775 1277 innumerisque
3792 1208 3912 1278 plc-

2310 1296 2434 1333 natn
2462 1274 2652 1348 malis?
2694 1287 2765 1338 At
2806 1302 2911 1341 non
2942 1290 3096 1343 facile
3123 1302 3207 1345 est
3235 1293 3285 1345 id
3314 1298 3514 1349 amanti
3544 1274 3907 1366 persuadere.

2310 1369 2492 1439 Itaque
2516 1374 2616 1425 alia
2647 1374 2747 1444 ipsi
2778 1377 3121 1443 pulchritudo
3159 1384 3479 1449 opponenda
3508 1397 3612 1440 est.
3642 1388 3752 1443 Sed
3780 1405 3907 1443 eunt

2309 1472 2553 1527 aegrotet,
2576 1465 2945 1535 iucorpoream
2971 1486 3076 1523 non
3094 1471 3242 1525 videt
3266 1474 3722 1541 pulchritudinem
3747 1498 3759 1533 :
3780 1496 3907 1535 cor-

2310 1566 2527 1619 poream
2555 1568 2684 1624 ergo
2713 1558 2786 1611 illi
2814 1562 3184 1627 ostendamus,
3215 1574 3267 1617 et
3293 1566 3535 1621 dicamus
3568 1570 3642 1623 illi
3666 1590 3678 1623 :
3714 1573 3908 1642 Cogita

2308 1653 2493 1729 prata,
2512 1655 2567 1700 et
2593 1647 2754 1702 ﬂores
2780 1651 2868 1718 qui
2900 1652 2950 1704 in
2980 1653 3083 1707 illis
3110 1664 3252 1720 sunt,
3284 1661 3473 1726 quovis
3499 1677 3631 1715 auro
3675 1664 3902 1734 elegan-

2308 1735 2495 1799 tiores,
2526 1745 2579 1789 et
2606 1739 2883 1806 quibusvis
2912 1742 3104 1809 lapillis
3156 1755 3210 1798 et
3258 1751 3485 1815 gemmis
3533 1755 3804 1821 gratiores
3852 1768 3909 1809 et

2309 1826 2719 1892 pellucidiores:
2751 1832 2933 1901 Cogita
2965 1834 3182 1903 limpida
3212 1836 3441 1893 fontium
3465 1844 3686 1910 ﬂuenta,
3707 1847 3907 1903 ﬂuvios

2307 1916 2398 1983 qui
2428 1917 2597 1970 instar
2623 1920 2727 1973 olei
2754 1922 2872 1975 sine
2898 1927 3124 1994 strepitu
3152 1943 3183 1982 e
3213 1939 3355 1985 terra
3385 1933 3651 2000 proﬂuunt
3674 1957 3686 1991 :
3708 1955 3909 1994 ascen-

2307 2004 2374 2059 de
2402 2006 2453 2059 in
2484 2008 2675 2062 caelum
2704 2019 2757 2064 et
2787 2012 2907 2067 vide
2937 2015 3070 2070 solis
3109 2018 3592 2089 pulchritudinem,
3629 2028 3771 2081 luna:
3805 2030 3905 2083 de-

2308 2110 2512 2165 Corem,
2559 2101 2834 2156 stellarum
2881 2103 3061 2161 ﬂores.
3106 2108 3175 2162 Et
3204 2112 3329 2179 quid
3358 2112 3480 2180 hoc,
3512 2118 3758 2186 inquies?
3794 2136 3907 2175 non

2307 2190 2453 2243 enim
2487 2191 2595 2245 illis
2616 2194 2818 2249 utimur
2841 2206 2896 2250 ut
2926 2201 3187 2266 pecuniis.
3218 2204 3374 2273 Atqui
3407 2208 3577 2276 magis
3604 2225 3766 2279 quam
3806 2227 3905 2279 pe-

2307 2296 2502 2347 cunus,
2543 2294 2811 2353 quatenus
2838 2302 3029 2343 eorum
3067 2306 3195 2345 usus
3226 2305 3308 2347 est
3340 2297 3505 2364 magis
3537 2302 3905 2361 necessarius.

2312 2381 2367 2426 et
2396 2373 2462 2426 iis
2490 2372 2719 2427 fruimur
2747 2378 3011 2432 securius.
3042 2379 3231 2450 Neque
3277 2386 3419 2438 enim
3471 2388 3647 2453 times,
3683 2406 3751 2445 ne
3770 2396 3909 2461 .quis

2308 2464 2395 2516 illa
2423 2474 2478 2517 ut
2509 2467 2764 2532 pecunias
2794 2468 3042 2523 auferens
3069 2471 3339 2541 discedat;
3388 2476 3482 2530 sed
3530 2479 3653 2534 licet
3701 2483 3796 2537 tibi
3838 2484 3911 2539 de

2308 2554 2373 2607 iis
2399 2564 2656 2623 perpetuo
2686 2558 2983 2626 confidere,
3016 2570 3177 2630 atque
3208 2564 3325 2619 sine
3351 2566 3457 2620 ulla
3479 2584 3609 2624 cura
3634 2574 3717 2626 vel
3745 2576 3909 2630 solli-

2309 2644 2563 2698 citudine.
2589 2646 2643 2701 Si
2667 2656 2848 2702 autem
2876 2649 2996 2705 ideo
3025 2652 3195 2719 doles,
3220 2657 3362 2725 quod
3394 2674 3517 2713 cum
3546 2663 3669 2716 aliis
3698 2662 3903 2720 fruaris

2309 2735 2437 2801 illis,
2467 2746 2521 2790 et
2551 2737 2695 2804 quod
2725 2753 2829 2791 non
2862 2741 3011 2796 solus
3049 2743 3136 2795 illa
3179 2748 3472 2813 pessideas,
3520 2760 3577 2804 ut
3604 2757 3901 2821 pecunias;

2309 2840 2415 2878 non
2436 2828 2719 2894 pecunias,
2750 2829 2843 2883 sed
2877 2833 3149 2885 avaritiam
3179 2836 3348 2890 solam
3378 2839 3506 2893 mihi
3533 2858 3718 2898 amare
3746 2846 3904 2901 vide-

2309 2916 2385 2968 ris
2417 2922 2578 2969 :"nec
2628 2920 2884 2985 pecunias
2925 2936 3158 2987 amares,
3199 2925 3243 2977 si
3286 2942 3602 2985 connnunes
3646 2936 3906 2989 omnibus

2309 3015 2635 3075 prostarent.
2668 3007 2797 3062 Cum
2824 3010 2982 3078 igitur
3008 3012 3253 3067 dilectam
3286 3018 3670 3087 invenerimus,
3706 3039 3906 3094 nempe

2310 3100 2622 3165 avaritiam;
2651 3116 2770 3170 age,
2808 3105 3084 3157 ostendam
3119 3108 3233 3172 tibi,
3263 3114 3535 3177 quomodo
3565 3114 3651 3167 illa
3685 3127 3735 3171 te
3776 3120 3904 3171 odia

2312 3190 2506 3244 habeat
2549 3201 2601 3244 et
2648 3205 2963 3249 aversetur:
2999 3210 3127 3266 quot
3158 3212 3343 3255 eontra
3376 3212 3429 3258 te
3467 3205 3675 3274 gladios
3718 3221 3901 3274 acuat,

2311 3296 2467 3349 quam
2497 3284 2663 3337 multa
2698 3284 2866 3339 fodiat
2897 3288 3171 3357 liarathra,
3201 3310 3361 3361 quam
3390 3299 3585 3352 multos
3616 3301 3803 3356 tendat
3827 3305 3907 3356 la-

2310 3390 2499 3443 queos,
2530 3386 2725 3445 quanta
2754 3390 2979 3449 apparet
3006 3385 3334 3453 prmcipitia;
3362 3399 3417 3442 ut
3442 3392 3519 3444 sic
3545 3407 3904 3451 amorem‘ex-

2310 3468 2569 3536 stinguas.
2614 3469 2894 3525 Undenam
2939 3474 3054 3529 bzcc
3086 3479 3213 3532 sciri
3255 3488 3513 3548 possunt?
3554 3487 3631 3541 Ex
3680 3491 3803 3557 viis,
3836 3507 3903 3547 ex

2309 3558 2486 3624 bellis,
2533 3576 2597 3615 ex
2639 3564 2799 3628 mari,
2830 3579 2896 3619 ex
2926 3568 3305 3627 tribunalibus.
3350 3573 3481 3629 Nam
3515 3594 3664 3636 mare
3711 3583 3907 3654 implet

2308 3652 2590 3721 sanguine,
2615 3664 2668 3706 et
2694 3654 2927 3722 iudicum
2953 3674 3097 3729 smpe
3121 3674 3365 3718 cruentat
3388 3667 3614 3736 gladios,
3649 3652 3802 3744 saepe
3822 3680 3907 3732 in-

2302 3740 2470 3810 juste,
2504 3757 2703 3812 eosque
2730 3747 2819 3812 qui
2849 3756 3009 3801 noctu
3034 3761 3085 3803 et
3117 3752 3345 3808 interdiu
3369 3757 3421 3811 in
3452 3759 3550 3815 viis
3576 3740 3904 3824 insidiantur

2309 3834 2423 3901 ipsa
2462 3845 2656 3902 armat,
2687 3845 2742 3891 et
2769 3838 2961 3893 suadet
3006 3842 3255 3911 ignorare
3282 3857 3566 3909 naturam:
3599 3860 3903 3924 parricidas

2309 3924 2436 3978 facit
2464 3940 2518 3979 et
2547 3928 2879 3994 matricidas,
2932 3938 2989 3985 et
3016 3936 3194 3987 omnia
3243 3937 3383 3993 mala
3415 3941 3469 3993 in
3518 3946 3679 3999 vitam
3714 3948 3897 4007 infert.

2378 4016 2431 4069 6.
2488 4016 2717 4087 Ideoque
2763 4020 2960 4077 Paulus
2985 4035 3142 4079 vocat
3171 4027 3313 4081 illam
3342 4032 3603 4088 malorum
3638 4040 3895 4099 radicem.

2308 4104 2424 4175 lpsa
2453 4118 2722 4164 amatores
2750 4125 2875 4165 suos
2903 4128 3010 4167 non
3043 4116 3266 4172 meliore
3286 4121 3595 4181 conditione
3618 4128 3803 4197 jacere
3825 4136 3899 4187 si-

2309 4199 2406 4263 nit,
2448 4215 2606 4267 quam
2628 4219 2724 4257 eos
2747 4209 2835 4273 qui
2859 4210 3072 4262 metalla
3099 4223 3405 4281 operantur.
3430 4200 3894 4285 Quemadmodum

2305 4294 2445 4347 enim
2470 4294 2543 4347 illi
2568 4306 2826 4365 perpetuo
2855 4299 2905 4352 in
2935 4304 3168 4357 tenebris
3193 4304 3428 4363 conclusi
3456 4322 3509 4366 et
3536 4316 3696 4371 vincti
3738 4320 3898 4375 inuti-

2304 4385 2687 4440 literlaborant
2713 4409 2725 4441 ;
2750 4390 2825 4441 sic
2846 4400 2898 4444 et
2919 4392 3003 4444 isti
3027 4394 3078 4445 in
3102 4396 3371 4463 speluncis
3398 4405 3640 4459 avaritia:
3668 4408 3891 4475 defossi,

2304 4478 2519 4531 nemine
2549 4480 2921 4533 necessitatem
2972 4482 3256 4554 inferente,
3291 4504 3385 4544 sua
3412 4504 3604 4562 sponte
3636 4499 3737 4553 sibi
3768 4517 3895 4572 sup-

2304 4568 2520 4633 plicium
2544 4568 2837 4634 attrahunt,
2854 4586 2913 4625 se
2936 4572 3307 4633 insolubilibus
3326 4582 3756 4653 circumligantcs
3778 4568 3893 4646 viu-

2302 4658 2458 4711 culis.
2490 4658 2556 4711 Et
2579 4660 2644 4713 ad
2674 4662 2886 4715 metalla
2913 4663 3146 4720 damnati
3173 4670 3411 4736 quidem,
3445 4688 3668 4739 vestiere
3698 4681 3888 4737 Saltem

2301 4747 2622 4803 adveniente
2664 4769 2695 4804 a
2741 4754 3012 4809 laboribus
3059 4760 3373 4825 solvuntur;
3428 4761 3481 4814 hi
3529 4781 3657 4820 vero
3704 4783 3757 4824 et
3802 4776 3892 4829 die

2301 4848 2354 4891 et
2396 4849 2553 4893 nocte
2589 4840 2830 4908 improba
2876 4846 2991 4901 hate
3039 4850 3248 4903 metalla
3298 4850 3579 4910 defodiunt
3623 4877 3635 4912 :
3682 4874 3738 4917 et
3782 4865 3887 4920 illis

2300 4930 2514 5000 quidem
2539 4934 2728 4988 modus
2760 4947 2842 4990 est
2870 4942 3191 4993 constitutus
3214 4941 3495 5001 laboriosa:
3523 4950 3666 5006 illius
3686 4952 3887 5024 'opera.

2301 5024 2496 5089 tionis;
2528 5024 2581 5078 lti
2616 5042 2741 5081 vero
2768 5030 2970 5083 nullum
3017 5031 3234 5085 modum
3266 5049 3481 5107 norunt,
3511 5045 3605 5096 sed
3635 5062 3744 5113 quo
3774 5066 3886 5102 ma-

2296 5120 2375 5185 gis
2402 5116 2649 5184 foderint,
2671 5135 2736 5175 eo
2757 5123 3014 5190 majorem
3036 5134 3287 5193 appetunt
3307 5130 3594 5189 miseriam.
3622 5137 3677 5192 Si
3702 5153 3881 5197 autem

2297 5210 2373 5263 illi
2410 5211 2624 5280 quidem
2674 5214 2841 5278 inviti,
2878 5214 2931 5267 hi
2971 5231 3099 5270 vero
3148 5233 3337 5289 sponte
3384 5242 3499 5291 sua,
3532 5230 3703 5285 morbi
3749 5235 3881 5290 mihi

2294 5304 2427 5360 dicis
2452 5311 2790 5378 gravitatem,
2817 5309 2956 5377 qu0d
2980 5326 3172 5382 nempe
3198 5316 3411 5373 liberari
3439 5337 3545 5375 n0n
3578 5327 3802 5392 possint,
3837 5335 3883 5385 si

2293 5397 2505 5464 quidem
2539 5401 2733 5453 malam
2764 5418 2913 5454 suam
2946 5413 3145 5460 sortem
3176 5424 3280 5463 non
3307 5413 3553 5467 oderunt.
3588 5415 3696 5471 Sed
3726 5425 3880 5489 quasi

2293 5504 2383 5543 sus
2409 5491 2462 5545 in
2494 5493 2622 5557 luto,
2657 5493 2733 5547 sic
2757 5492 2829 5546 illi
2859 5495 2909 5547 in
2942 5500 3179 5555 avaritia:
3208 5501 3489 5559 fcetoribus
3516 5507 3735 5565 volutati
3778 5516 3879 5570 sibi

2291 5580 2539 5650 placent,
2568 5583 2809 5654 graviora
2842 5587 3106 5654 patientes
3144 5608 3303 5661 quam
3348 5594 3585 5651 damnati
3619 5600 3712 5654 illi.
3743 5605 3879 5660 Nam

2289 5673 2430 5741 quod
2464 5676 2646 5745 pejore
2671 5676 2977 5735 conditione
3020 5681 3130 5736 sint
3149 5726 3163 5749 ,
3193 5685 3314 5738 audi
3343 5699 3463 5753 quae
3489 5688 3554 5743 ad
3584 5691 3707 5748 illos
3751 5713 3881 5766 spe-

2289 5774 2455 5833 ctant,
2494 5774 2547 5821 et
2577 5775 2703 5830 tunc
2737 5770 2924 5827 audies
2960 5788 3080 5842 quae
3110 5774 3181 5829 ad
3217 5774 3315 5829 hos
3353 5781 3639 5845 pertinent.
3672 5786 3883 5845 Dicitur
