4066 6332
198 344 298 403 195

194 463 372 528 ὀδοὺς
393 464 605 518 αὐτοῦ.
641 464 759 518 Κάν
799 463 969 517 κακόν
1016 480 1067 514 τι
1090 463 1299 527 παθὼν,
1342 464 1611 530 γενναίως
1638 463 1794 528 ἐνέγ-

192 564 319 617 κῃς,
348 547 409 599 τὸ
443 549 552 601 πᾶν
575 548 851 600 ἀπεδύσω.
890 546 1063 599 Τοῦτο
1092 546 1201 615 γὰρ
1228 546 1324 599 καὶ
1343 546 1479 612 πρὸς
1508 546 1600 597 τὸν
1627 544 1791 597 πλού-

193 644 307 679 σιον
347 631 376 681 ό
430 629 683 699 Ἀϐραάμ
720 629 929 696 ἔλεγεν,
974 629 1054 681 ὅτι
1118 628 1383 680 Ἀπέλαϐε
1428 626 1679 697 Λάζαρος
1729 627 1798 679 τά

190 709 343 761 κακά
375 710 563 773 αὐτοῦ,
585 713 675 764 καὶ
702 711 934 765 ἐνταῦθα
976 711 1402 781 παρακαλεῖται.
1445 710 1564 762 Κᾶν
1617 712 1794 780 χήραν

188 792 444 863 ἐλεήσῃς,
478 795 734 847 πλύνεται
754 811 849 847 σου
880 794 948 847 τὰ
973 796 1372 871 ἀμαρτήματαο
1390 795 1644 861 Κρίνατε
1660 794 1790 863 γὰρ,

188 877 379 943 φησὶν.
412 876 676 944 ὀρφανῷ,
712 877 810 930 καί
842 876 1199 930 δικαιώσατε
1218 876 1435 945 χήραν,
1476 876 1577 928 καὶ
1621 874 1797 929 δεῦτε

185 960 289 1011 καὶ
318 958 749 1028 διαλεχθῶμεν,
779 960 943 1027 λέγει
989 961 1226 1025 Κύριος·
1269 958 1367 1011 καί
1399 957 1509 1010 ἐὰν
1556 953 1710 1009 ὦσιν
1735 959 1795 1009 al

184 1041 467 1108 ἁμαρτίαι
498 1041 666 1109 ὑμῶν
697 1043 777 1106 ὠς
814 1039 1153 1109 φοινικοῦν,
1180 1041 1261 1105 ὡς
1293 1041 1468 1108 χιόνα
1488 1037 1789 1092 λευκανῶο

182 1122 300 1174 ἐὰν
329 1123 397 1176 δὲ
423 1121 576 1177 ὦσιν
604 1125 684 1188 ὡς
700 1125 1004 1187 κόκκινον,
1057 1123 1201 1176 ὡσεί
1264 1124 1425 1191 ἔριον
1488 1121 1789 1175 λευκανῶ.

184 1206 325 1259 Οὐδὲ
369 1209 476 1278 γάρ
525 1208 686 1277 οὐλὴν
734 1206 842 1258 τῶν
897 1208 1228 1277 τραυμάτων
1289 1207 1484 1275 ἀφίησι
1555 1205 1791 1275 φανῆναί

180 1305 329 1341 τινα.

254 1378 319 1424 ε’.
359 1371 519 1423 Ἀλλά
544 1371 648 1423 κᾶν
688 1372 766 1433 εἰς
785 1373 959 1423 ἐκεῖνο
976 1371 1217 1441 ἔλθωμεν
1236 1372 1302 1424 τὸ
1337 1370 1500 1440 βάθος
1536 1372 1645 1424 τῶν
1680 1390 1786 1427 κα-

175 1454 321 1519 κῶν,
348 1457 427 1517 είς
452 1455 480 1507 ὅ
511 1455 816 1507 κατέπεσεν
843 1457 872 1507 ό
907 1454 975 1506 τά
1000 1453 1233 1525 πατρῷα
1281 1455 1660 1523 κατεδηδοκὼς
1692 1459 1789 1508 καὶ

176 1538 422 1606 κεράτια
454 1536 674 1603 ἐσθίων,
712 1538 807 1589 καὶ
854 1539 1306 1607 μετανοήσωμεν,
1337 1536 1623 1605 σωζόμεθα
1656 1539 1790 1591 πάν-

174 1636 314 1682 τως·
341 1622 447 1673 κᾶν
490 1620 660 1691 μύ⁸ρια
690 1620 927 1672 τάλαντα
964 1621 1294 1689 ὁφείλωμεν,
1330 1622 1423 1672 καὶ
1463 1622 1787 1690 προσπέσω-

177 1718 287 1769 μεν
323 1703 416 1754 καὶ
457 1702 531 1771 μὴ
582 1703 1112 1775 μνησικακήσωμεν,
1154 1703 1335 1755 πάντα
1362 1706 1494 1771 ἡμῖν
1520 1703 1739 1770 ἀφίεται
1769 1720 1781 1733 ·

174 1784 286 1838 κάν
319 1788 499 1838 ἐκεῖσε
534 1783 1034 1855 ἀποπλανηθῶμεν,
1064 1778 1123 1838 οῦ
1148 1786 1209 1837 τὸ
1240 1785 1512 1856 πρόϐατον
1547 1787 1785 1837 ἀπεϐου-

173 1866 415 1937 κολήθη,
446 1867 701 1920 κάκεῖθεν
736 1868 884 1937 ἡμᾶς
934 1868 1241 1921 ἀνακτᾶται
1266 1883 1279 1894 ·
1308 1868 1470 1936 μόνον
1506 1866 1781 1935 βουληθῶ-

178 1966 308 2018 μεν,
337 1949 621 2019 ἀγαπητοί
640 1966 655 1980 ι
687 1949 1067 2019 φιλάνθρωπος
1090 1950 1199 2019 γάρ
1230 1952 1258 2002 ὀ
1277 1949 1431 2013 Θεός.
1482 1950 1583 2002 Διά
1624 1951 1784 2003 τοῦτο

172 2032 273 2084 καὶ
303 2034 397 2084 ἐπὶ
421 2030 515 2083 τοῦ
572 2031 642 2083 τά
691 2032 860 2101 μύρια
889 2033 1130 2084 τάλαντα
1170 2033 1475 2101 ὀφείλοντος
1514 2037 1579 2104 τῇ
1608 2051 1779 2103 προσ-

170 2115 385 2167 πτώσει
415 2118 658 2185 ἡρκεῑτο,
698 2123 792 2169 καὶ
817 2117 907 2168 ἐπὶ
938 2116 1034 2169 τοῦ
1064 2117 1133 2168 τά
1155 2116 1387 2187 πατρῷα
1422 2117 1780 2186 κατεδηδοκό-

167 2215 264 2261 τος
297 2200 364 2267 τῇ
402 2199 648 2267 ἐπανόδῳ
674 2199 830 2270 μόνῃ,
862 2199 957 2250 καὶ
997 2200 1089 2251 ἐπὶ
1121 2200 1213 2251 τοῦ
1245 2198 1521 2269 προϐάτου
1543 2199 1622 2269 τῷ
1650 2200 1779 2267 βου-

166 2281 407 2351 ληθῆναι
441 2281 836 2350 βασταχθῆναι.
864 2282 1247 2351 Ἐννοήσαντες
1276 2280 1453 2334 τοίνυν
1469 2281 1531 2333 τὸ
1551 2283 1779 2352 μέγεθος

166 2364 337 2417 αὑτοῦ
364 2365 465 2433 τῆς
500 2364 939 2435 φιλανθρωπίας,
965 2365 1201 2418 ἐνταῦθα
1257 2366 1419 2417 αὑτὸν
1461 2366 1778 2435 ποιήσωμεν

167 2446 329 2498 ἵλεων
366 2448 520 2515 ἡμῖν,
550 2448 646 2499 καὶ
675 2448 1082 2517 προφθάσωμεν
1106 2448 1167 2500 τὸ
1197 2448 1492 2518 πρόσωπον
1528 2449 1693 2502 αὐτοῦ
1719 2451 1778 2501 ἐν

164 2529 584 2599 ἐξομολογήσει,
616 2530 703 2582 ἴνα
736 2531 810 2600 μὴ
834 2530 1160 2594 ἀπελθόντες
1215 2532 1469 2584 ἐντεῦθεν
1511 2533 1776 2585 ἀναπολό-

163 2629 350 2682 γητοι,
383 2614 485 2679 τὴν
504 2614 744 2681 ἐσχάτην
780 2614 1162 2681 ὑπομείνωμεν
1221 2613 1512 2682 τιμωρίαν.
1543 2615 1639 2664 Ἂν
1677 2616 1774 2682 μὲν

162 2696 277 2765 γάρ
307 2694 453 2746 κατά
477 2693 568 2745 τὸν
602 2693 845 2762 παρόντα
898 2692 1011 2761 βίον
1075 2692 1475 2761 ἐπιδειξὼμεθα
1532 2696 1773 2763 σπουδὴν

162 2778 273 2832 κᾶν
305 2779 407 2847 τὴν
436 2777 732 2846 τυχοῦσαν,
785 2776 853 2828 τὰ
884 2777 1117 2845 μέγιστα
1166 2776 1534 2845 κερδανοῦμεν
1558 2794 1571 2807 ⁸
1622 2777 1688 2831 ἂν
1717 2778 1773 2831 δὲ

165 2863 336 2931 μηδὲν
370 2861 606 2915 ἐνταῦθα
661 2860 942 2929 γενόμενοι
1000 2860 1241 2930 βελτίους
1291 2859 1637 2929 ἀπέλθωμεν,
1670 2861 1771 2914 κᾶν

164 2944 531 3014 σφοδρότερον
579 2945 697 2995 ἐκεῖ
748 2943 1195 3012 μετανοήσωμεν,
1252 2941 1404 2993 οὐδὲν
1436 2944 1567 3010 ἡμῖν
1618 2944 1770 2995 ἔσται

162 3027 354 3078 πλέον.
387 3027 497 3078 Καὶ
519 3024 628 3094 γάρ
660 3025 765 3075 ἔδει
810 3024 919 3076 τῶν
973 3026 1316 3093 σκαμμάτων
1372 3025 1501 3076 εἵσω
1540 3025 1768 3093 μένοντα

159 3110 570 3181 ἀγωνίσασθαι,
608 3112 667 3163 ού
705 3112 844 3181 μετά
882 3111 942 3162 τὸ
964 3108 1191 3179 λυθῆναι
1216 3110 1275 3162 τὸ
1302 3112 1530 3179 θέατρον
1565 3112 1768 3164 ἀποδύ-

164 3212 224 3264 ρε
235 3194 364 3247 σθαι
396 3196 490 3246 καλ⁸
519 3193 777 3264 δακρύειν
797 3194 1029 3261 ἀνόνητα
1049 3211 1060 3220 ’
1087 3193 1223 3263 ὅπερ
1242 3195 1269 3244 ὁ
1294 3193 1548 3255 πλούσιος
1563 3196 1767 3257 ἐκεῖνος

160 3279 363 3343 ἐποίει,
401 3276 617 3347 θρηνῶν
646 3277 746 3348 μὲν
779 3278 871 3329 καλ⁵
894 3277 1312 3349 ὀλοφυρόμενος,
1349 3279 1473 3345 είκῆ
1502 3277 1557 3329 δὲ
1582 3278 1766 3331 λοιπὸν

160 3362 262 3414 καὶ
302 3362 504 3431 μάτην,
538 3361 726 3430 ἐπειδὴ
747 3361 839 3413 τὸν
889 3361 1081 3431 καιρὸν
1129 3359 1303 3431 [ἒο8],
1332 3362 1451 3413 καθ’
1480 3360 1538 3413 ὃν
1590 3362 1765 3415 ταῦτα

161 3445 338 3517 ἐχρῆν
359 3447 556 3508 ποιεῖν,
593 3444 896 3515 ὑπερεῖδεν.
922 3446 1037 3497 Οὐκ
1068 3446 1273 3507 ἐκεῖνος
1325 3445 1382 3498 δὲ
1414 3447 1596 3515 μόνος,
1628 3447 1765 3501 ἀλλά

160 3531 263 3581 καὶ
309 3529 497 3580 πολλώ¹
550 3528 731 3597 ἐτεροι
793 3530 914 3581 κατ’
963 3530 1171 3583 ἐκεῖνον
1209 3528 1303 3582 νῦν
1357 3532 1461 3583 είσι
1495 3530 1760 3598 πλούσιοι,

181 3612 471 3681 [ρημάτων
504 3612 604 3680 μὲν
634 3611 694 3663 οὐ
726 3610 1043 3681 βουλόμενοι
1065 3617 1451 3682 καταφρονεῖν,
1478 3615 1655 3688 ψυχῆς
1704 3617 1761 3669 δὲ

161 3696 290 3747 ἀντὶ
318 3695 623 3765 χρημάτων
673 3694 1142 3771 καταφρονοῦντες
1165 3713 1176 3724 ·
1204 3696 1297 3761 οὓς
1326 3697 1516 3766 ἔμοιγε
1548 3700 1763 3771 θαυμά-

162 3780 281 3842 ζειν
306 3778 539 3843 ἔπεισιν,
562 3779 694 3831 ὅταν
726 3778 819 3831 ίδω
847 3778 926 3848 τῷ
976 3778 1074 3848 μὲν
1107 3779 1227 3849 Θεῷ
1260 3782 1390 3851 περὶ
1436 3781 1587 3834 ἐλέου
1633 3800 1762 3835 συν-

161 3861 304 3931 εχῶς
332 3862 789 3931 ἐντυγχάνοντας,
818 3862 1018 3922 αὐτοὺς
1042 3863 1098 3914 δὲ
1126 3862 1194 3915 τά
1225 3865 1503 3934 ἀνήκεστα
1534 3868 1762 3932 ἑαυτοὺς

158 3942 525 4007 διατιθέντας,
560 3945 654 3997 καὶ
682 3944 875 4013 ὥσπερ
922 3944 1208 4015 πολεμίας,
1240 3946 1383 3998 οὕτω
1418 3950 1517 4017 τῆς
1551 3951 1760 4005 ἑαυτῶν

158 4025 517 4093 άφειδοῦντας
541 4026 740 4095 ψυχῆς.
774 4026 864 4097 Μὴ
894 4026 957 4096 δὴ
1002 4028 1310 4097 παίζωμεν,
1349 4031 1644 4101 ἀγαπητοὶ,
1683 4034 1759 4105 μὴ

158 4107 470 4179 παίζωμεν,
516 4108 650 4179 μηδὲ
690 4107 1190 4179 παραλογιζώμεθα
1242 4111 1487 4177 ἑαυτοὺς,
1520 4114 1613 4166 τὸν
1659 4116 1758 4185 μὲν

155 4192 292 4244 Θεὸν
351 4191 632 4256 ἀξιοῦντες
690 4193 835 4261 ἡμᾶς
886 4192 1130 4261 ἐλεῆσαι,
1191 4194 1345 4247 αὐτοὶ
1381 4195 1438 4247 δὲ
1479 4196 1573 4249 τοῦ
1604 4198 1755 4253 ἐλέου

155 4274 351 4329 τούτου
391 4276 490 4329 καὶ
520 4276 781 4346 χρήματα
815 4275 909 4327 καὶ
946 4277 1161 4347 τρυφὴν
1206 4278 1299 4329 καὶ
1362 4279 1540 4332 πάντα
1570 4282 1757 4347 ἀπλῶς

155 4355 533 4428 προτιθέντες.
574 4356 712 4409 Οὐδέ
744 4357 874 4427 γάρ,
911 4358 965 4410 εῐ
1016 4359 1102 4421 τίς
1149 4376 1230 4412 σοι
1275 4360 1433 4431 δίκην
1484 4369 1751 4436 προσῆγε,

155 4441 251 4492 καὶ
279 4438 606 4509 κατηγορῶν
632 4438 726 4491 τοῦ
754 4439 923 4502 δεῖνος
946 4440 1154 4508 ἔλεγεν,
1185 4444 1266 4495 ὅτι
1287 4444 1515 4513 μυρίους
1543 4448 1755 4514 μέλλων

152 4522 451 4592 ὑπομένειν
482 4522 764 4584 θανάτους,
820 4523 915 4576 καὶ
962 4523 1149 4594 κύριος
1192 4523 1270 4577 ὢν
1312 4526 1470 4579 λῦσαι
1522 4530 1621 4593 τάς
1646 4531 1753 4601 ψή-

152 4621 289 4672 φους
357 4605 636 4675 χρήμασιν
686 4604 907 4671 ὀλίγοις,
963 4607 1137 4659 είλετο
1178 4608 1377 4676 μᾶλλον
1427 4612 1750 4679 ἀποθανεῖν,

151 4688 186 4767 ἡ
220 4704 276 4739 τι
303 4686 616 4767 σῶνῗαὺτοῦ
644 4687 925 4767 προέσθαι,
967 4689 1117 4767 ἐλέου
1151 4690 1299 4755 τινὸς
1339 4692 1372 4762 ἡ
1420 4696 1753 4767 συγγνώμης

150 4763 290 4836 ἔφης
312 4765 480 4818 αὑτὸν
507 4765 655 4829 ἄξιον
690 4761 853 4820 εἶναι.
884 4766 1056 4820 Τοῦτο
1079 4770 1259 4822 τοίνυν
1303 4761 1398 4823 καὶ
1430 4761 1749 4828 ἐπὶσαυτοῦ

148 4845 395 4914 λογίζου.
431 4850 528 4900 καὶ
558 4848 669 4919 γὰρ
692 4849 787 4902 καὶ
817 4850 978 4918 ἡμεῖς
1006 4849 1168 4903 τοῦτο
1193 4852 1479 4923 ποιοῦμεν,
1515 4856 1610 4909 καὶ
1648 4857 1750 4926 τῆς

150 4930 430 5007 σωτηρίας
457 4928 618 5007 ἡμῶν
643 4931 1138 5000 καταφρονοῦντες,
1178 4936 1288 4987 τῶν
1309 4939 1605 5007 χρημάτων
1631 4956 1750 5007 φει-

148 5005 373 5075 δόμεθα·
402 5010 527 5073 Πῶς
546 5006 639 5065 οὖν
663 5010 755 5063 τὸν
778 5010 911 5065 Θεὸν
933 5011 1103 5077 ἀξιοῖς
1122 5030 1214 5066 σου
1247 5005 1557 5082 φείσασθαι,
1584 5005 1744 5082 αύτὺς

150 5083 353 5167 σαυτοῦ
404 5088 582 5150 οὕτως
638 5089 916 5155 ἀφειδῶν,
967 5091 1061 5144 καὶ
1128 5094 1391 5163 χρήματα
1458 5098 1743 5167 προτιμῶν

147 5166 363 5237 ψυχῆς
414 5169 508 5220 Διὸ
559 5173 651 5224 καὶ
715 5172 925 5244 σφόδρα
980 5174 1399 5245 ἐκπέπληγμαι,
1457 5166 1597 5249 πόση
1630 5184 1742 5243 τοῖς

149 5251 429 5320 χρήμασιν
478 5252 853 5323 ἐγκέκρυπταιι
898 5259 1145 5328 γοητεία,
1206 5260 1407 5329 μᾶλλον
1435 5261 1491 5314 δὲ
1524 5263 1586 5315 οὑ
1625 5268 1740 5327 τοῖς

148 5335 450 5403 χρήμασιν,
469 5331 609 5385 ἀλλά
629 5337 751 5396 ταῖς
800 5337 911 5389 τῶν
961 5341 1339 5411 ἀπατωμένων
1368 5344 1585 5415 ψυχαῖς.
1619 5346 1743 5399 Εἰσὶ

146 5415 279 5486 τάρ,
312 5416 449 5469 είσὶν
476 5416 524 5468 οἱ
557 5414 651 5500 καὶ
678 5416 886 5486 σφόδρα
915 5424 1014 5489 τῆς
1040 5426 1381 5491 μαγγανείας
1405 5414 1608 5500 ταύτης
1638 5448 1737 5484 κα-

147 5499 509 5566 ταγελῶντες.
531 5498 598 5552 Τί
624 5500 732 5569 γάρ
759 5501 856 5552 καὶ
884 5504 1235 5575 ἱκανὸνὴμᾶς
1282 5510 1390 5563 τῶν
1445 5515 1503 5565 ἐν
1551 5498 1742 5579 αὐτοῖς

144 5580 443 5667 τρητεῦσαι
469 5600 483 5647 ;
515 5583 639 5653 οὐχὶ
662 5582 869 5653 ἄψυχός
890 5584 1039 5637 ἐστιν
1067 5589 1101 5657 ἡ
1138 5587 1263 5659 ὕλη,
1292 5594 1413 5661 οὐχὶ
1438 5596 1734 5667 ἐπίκηρος;

142 5666 262 5734 οὐχὶ
296 5668 524 5733 ἄπιστος
567 5669 811 5742 αὐτῶνὴ
857 5672 1084 5740 κτῆσις,
1137 5674 1200 5725 οὐ
1240 5676 1420 5742 φόῦων
1452 5666 1619 5748 γέμει
1638 5666 1734 5737 καί

142 5751 446 5818 κινδύνωνς
476 5758 536 5808 οὐ
568 5756 744 5825 φόνων
770 5759 863 5811 καὶ
882 5758 1211 5828 ἐπιϐουλῆς;
1243 5763 1342 5813 οὐκ
1376 5764 1579 5833 ἔχθρας
1633 5773 1730 5824 καὶ

1159 348 1228 402 IN
1274 345 1494 401 EPIST.
1534 347 1555 400 l
1603 346 1697 400 AD
1739 345 1898 401 (30R.
1934 332 2172 400 llOMlL.
2210 346 2403 413 XXI".

3395 350 3495 404 ωδ

1903 462 1997 514 καὶ
2024 463 2253 528 σποδός;
2287 464 2368 525 τίς
2394 467 2427 534 ἡ
2478 464 2664 533 μανία,
2696 465 2779 528 τίς
2809 466 2842 535 ἡ
2896 465 3080 528 νόσοςί
3119 463 3257 519 ἀλλά
3284 464 3395 531 γάρ
3427 465 3487 517 οὐ

1901 554 2232 621 κατηγορεῖν
2278 551 2360 603 δεῖ
2404 553 2564 622 μόνον
2618 553 2728 605 τῶν
2778 553 3081 607 νοσούντων
3127 553 3196 605 τά
3243 551 3490 618 τοιαῦτα,

1900 637 2088 706 φησιν,
2114 636 2253 690 ἀλλά
2289 638 2384 690 καὶ
2412 639 2705 693 καταλύειν
2731 639 2822 693 τὸν
2840 639 3041 711 ἔρωτα.
3079 641 3189 692 Καὶ
3232 639 3351 700 πῶς
3376 640 3493 690 ἐτέ-

1901 738 2009 791 ρως
2034 723 2433 793 καταλύσομεν,
2468 726 2583 777 ἀλλ’
2615 725 2646 795 ἡ
2672 726 2981 789 δεικνύντες
3002 726 3206 795 φαῦλον
3236 725 3368 778 ὄντα
3396 725 3490 778 καὶ

1902 809 2112 880 μυρίων
2132 810 2323 863 κακῶν
2356 812 2695 881 ἀνάμεστον;
2738 813 2901 866 Ἀλλά
2933 813 3093 866 τοῦτο
3132 814 3235 865 οὐκ
3266 810 3491 866 εὔκολον

1897 890 1987 943 τὸν
2012 892 2225 962 ἐρῶντα
2253 898 2439 948 πεῖσαι
2471 897 2600 966 περὶ
2643 896 2751 949 τῶν
2784 896 3073 949 παιδικῶν.
3120 894 3332 948 υύκοῦν
3366 896 3489 946 ἐτε-

1899 991 1989 1043 ρον
2022 976 2170 1046 αύτῷ
2218 977 2413 1042 κάλλος
2467 980 2790 1049 ἀντιστῆσαι
2840 980 2939 1033 δεῖ.
2987 979 3149 1032 Ἀλλά
3196 976 3490 1047 ἀσώματον

1893 1058 1990 1128 οὐχ
2024 1060 2127 1130 ὁρᾷ
2155 1061 2368 1125 κάλλος,
2413 1062 2493 1114 ἔτι
2540 1063 2728 1116 νοσῶν·
2768 1062 2965 1116 οὐκοῦν
3012 1062 3328 1132 σωματικὸν
3363 1064 3487 1113 ἐπι-

1892 1138 2177 1212 δείξωμεν,
2218 1145 2313 1196 κα)⁵
2347 1147 2589 1215 εἴπωμεν
2620 1146 2759 1215 πρὸς
2808 1146 2993 1199 αὐτόν·
3034 1145 3322 1213 Ἐννόησον
3360 1144 3487 1203 τοὺς

1891 1222 2163 1293 λειμῶνας
2192 1228 2286 1280 καὶ
2307 1228 2375 1281 τά
2397 1230 2455 1280 ἐν
2486 1230 2667 1289 αὐτοῖς
2701 1229 2860 1299 ἄνθη,
2913 1228 2980 1282 τά
3026 1227 3253 1297 χρυσίου
3285 1225 3488 1286 παντὸς

1892 1309 2222 1381 φαιδρότερα
2272 1312 2366 1364 καὶ
2444 1312 2551 1365 τῶν
2597 1312 2955 1365 παντοδαπῶν
3004 1311 3336 1380 χαριέστερα
3392 1309 3487 1360 καὶ

1889 1391 2249 1463 διαυγέστερα
2294 1394 2490 1447 λίθων’
2524 1395 2779 1463 ἐννόησον
2806 1394 2876 1447 τά
2916 1394 3085 1463 διειδῆ
3142 1392 3250 1445 τῶν
3289 1392 3486 1459 πηγῶν

1892 1475 2105 1545 ῥεῖθρα,
2134 1478 2259 1540 τοὺς
2307 1479 2591 1548 ποταμοὺς
2630 1478 2758 1540 τοὺς
2801 1477 2984 1531 ἐλαίου
3032 1477 3190 1545 δίκην
3239 1474 3486 1544 ἀψοφητὶ

1888 1557 2112 1625 ῥέοντας
2146 1561 2253 1612 ἀπὸ
2298 1560 2398 1630 τῆς
2429 1561 2578 1630 γῆς’
2631 1562 2867 1631 ἀνάϐηθι
2922 1560 3060 1629 πρὸς
3100 1560 3193 1612 τὸν
3229 1557 3480 1629 οὐρανὸν,

1889 1636 1983 1687 καὶ
2006 1635 2081 1687 ἴδε
2112 1636 2204 1689 τοῦ
2235 1638 2389 1706 ἡλίου
2414 1639 2474 1690 τὸ
2509 1639 2727 1700 κάλλος,
2758 1640 2852 1709 τῆς
2889 1638 3119 1710 σελήνης
3139 1638 3239 1707 τὴν
3272 1636 3482 1703 εὐπρέο

1886 1733 2068 1783 πειαν,
2104 1718 2213 1771 τῶν
2235 1722 2450 1788 ἄστρων
2482 1722 2550 1773 τά
2567 1721 2723 1789 ἄνθη.
2761 1722 2871 1773 Καὶ
2931 1722 2984 1773 τί
3031 1720 3194 1773 τοῦτο
3226 1736 3240 1781 ;
3272 1718 3436 1787 φησίν
3462 1732 3472 1745 ·

1885 1800 1943 1853 ού
1976 1802 2083 1870 γὰρ
2123 1801 2187 1872 δὴ
2227 1804 2546 1873 κεχρήμεθα
2589 1805 2771 1867 αὐτοῖς
2794 1804 2869 1866 ὼς
2913 1806 3023 1866 τοῖς
3058 1803 3330 1872 χρήμασι.
3367 1800 3480 1852 Καὶ

1889 1883 1994 1953 μὴν
2029 1884 2211 1951 πλέον,
2248 1885 2415 1955 ἢτοῖς
2444 1889 2742 1956 χρήμασιν,
2786 1888 2897 1955 ὅσῳ
2927 1887 3022 1939 καὶ
3074 1883 3481 1952 ἀναγκαιοτέρα

1885 1966 2069 2019 αὐτῶν
2100 1969 2133 2036 ἡ
2166 1969 2350 2038 χρεία,
2378 1970 2470 2020 καὶ
2497 1970 2879 2038 ἀσφαλεστέρα
2907 1971 2940 2039 ἡ
2983 1969 3304 2029 ἀπόλαυσις.
3341 1965 3479 2017 Οὐεέ

1883 2054 1995 2121 γάρ
2027 2052 2292 2120 δέδοικας,
2350 2056 2425 2126 μή
2480 2073 2599 2116 τις,
2651 2056 2843 2126 ῶσπερ
2876 2056 2944 2110 τὰ
2986 2057 3287 2127 χρήματα,
3338 2052 3479 2104 αύτά

1883 2139 2065 2193 λαϐὼν
2104 2142 2344 2214 ἀπέλθῃ·
2378 2143 2492 2199 ἀλλ’
2519 2143 2695 2209 ἒξεστί
2730 2161 2812 2195 σοι
2853 2145 3075 2215 θαρρεῖν
3118 2144 3257 2214 ὑπὲρ
3294 2140 3475 2194 αὐτῶν

1879 2229 2167 2298 διηνεκῶς,
2192 2232 2473 2286 καὶταῦτα
2497 2233 2570 2303 μὴ
2602 2232 2937 2303 μεριμνῶντι
2963 2232 3096 2301 μηδὲ
3110 2229 3443 2301 φροντίζοντι
3459 2268 3472 2281 .

1880 2316 1941 2367 Εί
1966 2316 2037 2380 δ’,
2073 2317 2155 2369 ὄτι
2187 2320 2328 2387 μετὰ
2359 2320 2469 2373 τῶν
2496 2320 2671 2373 ἄλλων
2697 2319 2989 2381 ἀπολαύεις
3023 2317 3224 2381 αὐτῶν,
3264 2318 3469 2384 ἀλγεῖς,

1880 2406 1974 2458 καὶ
2007 2404 2081 2475 μὴ
2107 2404 2268 2473 μόνος
2302 2406 2441 2459 αύτά
2472 2408 2724 2475 κατέχεις
2750 2406 2940 2477 ὥσπερ
2987 2405 3055 2459 τὰ
3101 2405 3381 2474 χρήματα,
3408 2404 3469 2455 οὐ

1878 2493 2202 2562 χρημάτων,
2232 2494 2368 2548 ἀλλά
2401 2494 2716 2559 πλεονεξίας
2751 2513 2841 2564 μοι
2871 2496 3047 2557 δοκεῖς
3091 2495 3223 2564 ἐρᾷν
3279 2493 3467 2562 μόνης.

1879 2579 1990 2632 Καὶ
2012 2580 2135 2632 ούδέ
2174 2580 2241 2634 τὰ
2290 2583 2555 2651 χρήματα
2612 2582 2877 2651 ἐφίλησας
2908 2580 2993 2644 ἃν,
3027 2584 3076 2633 εί
3108 2580 3262 2633 κοινά
3294 2580 3469 2650 πρού-

1878 2683 2031 2718 κειτο
2089 2669 2257 2720 πᾶσιν
2314 2667 2486 2740 [209].
2543 2667 2753 2722 Οὐκοῦν
2797 2669 2985 2739 ἐπειδὴ
3026 2668 3125 2737 τὴν
3179 2668 3469 2737 ἐρωμένην

1875 2752 2216 2822 εὑρήκαμεν,
2276 2756 2375 2823 τὴν
2424 2756 2947 2824 πλεονεξίαννλέγω,
3005 2757 3136 2826 φέρε
3172 2772 3254 2808 σοι
3284 2754 3462 2820 δείξω.

1876 2838 1994 2901 πῶς
2024 2856 2083 2891 σε
2124 2844 2278 2908 μισεῖ
2309 2840 2449 2911 αῦτη
2502 2841 2597 2894 καὶ
2644 2844 3074 2911 ἀποστρέφεται,
3138 2842 3281 2894 πόσα
3311 2839 3467 2911 θήγει

1874 2929 2016 2979 κατά
2046 2928 2138 2980 σοῦ
2172 2930 2319 3001 ξίφη,
2347 2930 2490 2984 πόσα
2528 2931 2743 3002 ὀρύττει
2781 2930 3053 3001 βάραθρα,
3080 2932 3280 2991 πόσους
3334 2931 3466 2983 ἀνά-

1873 3031 1993 3066 πτει
2024 3015 2272 3085 βρόχους,
2320 3017 2521 3081 πόσους
2575 3018 2987 3088 παρασκευάζει
3032 3018 3331 3089 κρημνούςσ
3377 3019 3465 3071 ἴνα

1872 3102 1974 3157 κᾶν
2003 3103 2144 3157 οὕτω
2178 3105 2377 3176 σϐέσῃς
2407 3107 2466 3160 τὸ
2494 3107 2737 3177 φίλτρον.
2772 3106 2942 3159 Πόθεν
2990 3102 3082 3159 οῦν
3131 3106 3246 3158 ἐστι
3282 3105 3458 3159 ταῦτα

1869 3191 2102 3256 εἰδέναι,
2147 3191 2279 3243 Ἀπὸ
2318 3193 2427 3247 τῶν
2460 3193 2615 3258 ὁδῶν,
2644 3194 2757 3247 ἀπὸ
2784 3193 2893 3245 τῶν
2918 3193 3193 3262 πολέμων,
3230 3193 3338 3246 ἀπὸ
3360 3192 3461 3262 τῆς

1870 3276 2163 3346 θαλάττης,
2194 3277 2304 3330 ἀπὸ
2352 3277 2461 3331 τῶν
2513 3280 2903 3349 δικαστηρίων.
2956 3279 3064 3331 Καὶ
3111 3278 3221 3349 γὰρ
3275 3280 3365 3330 καὶ
3401 3279 3467 3329 τὸ

1870 3360 2106 3428 πέλαγος
2168 3362 2418 3431 αἱμάτων
2462 3362 2749 3432 ἐνέπλησε,
2798 3364 2892 3415 καὶ
2929 3360 2997 3413 τά
3038 3362 3148 3414 τῶν
3190 3362 3460 3414 δικαστῶν

1870 3445 2137 3513 φοινίσσει
2191 3443 2320 3514 ξίφη
2371 3446 2705 3516 παρανόμως
2739 3445 3020 3511 πολλάκις,
3053 3446 3147 3497 καὶ
3181 3445 3306 3507 τοὺς
3340 3446 3459 3505 ταῖς

1867 3528 2001 3590 ὁδοῖς
2036 3526 2426 3597 ἐφεδρεύοντας
2465 3526 2682 3597 νύκτωρ
2720 3530 2812 3580 καὶ
2831 3527 2958 3597 μεθ’
3008 3528 3220 3598 ἡμέραν
3247 3526 3458 3589 ὁπλίζει

1866 3610 2031 3680 αὕτη,
2057 3612 2149 3665 καὶ
2202 3611 2364 3678 φύσιν
2408 3610 2676 3679 ἀγνοῆσαι
2715 3612 2923 3673 ἔπεισε,
2978 3611 3072 3662 καὶ
3125 3607 3457 3678 πατραλοίας

1866 3693 2089 3762 ἐποίησε
2110 3693 2202 3745 καὶ
2242 3692 2601 3763 μητραλοίας,
2650 3693 2745 3745 καὶ
2788 3695 2966 3746 πάντα
3006 3693 3345 3761 ἐπεισήγαγε
3376 3690 3457 3760 τῷ

1867 3775 1968 3845 βίῳ
1999 3776 2068 3829 τά
2092 3776 2255 3830 κακά.
2700 3776 2703 3777 ⁷

1933 3858 2023 3910 Διὸ
2086 3859 2181 3912 καλ
2220 3859 2378 3929 ῥίζαν
2422 3859 2605 3912 αὐτῶν
2656 3860 2685 3911 ό
2748 3858 2964 3921 Παῦλος
3021 3859 3224 3923 ταύτην
3272 3856 3455 3910 καλεῖς

1862 3941 2011 4011 Αὕτη
2041 3944 2168 4005 τοὺς
2215 3944 2386 4012 αὐτῆς
2416 3942 2657 4012 ἐραστὰς
2689 3942 2795 3995 τῶν
2827 3942 2897 3995 τά
2933 3941 3177 4010 μέταλλα
3217 3942 3445 4010 ἐργάζου

1866 4024 2043 4093 μένων
2075 4024 2227 4078 οὐδὲν
2277 4025 2501 4093 ἄμεινον
2557 4026 2749 4094 ἀφίησι
2810 4025 3136 4078 διακεῖσθαι.
3183 4023 3458 4093 Καθάπερ

1861 4108 1968 4175 γὰρ
1995 4107 2190 4159 ἐκεῖνοι
2228 4106 2492 4177 διηνὲκῶς
2524 4109 2580 4159 ἐν
2606 4109 2784 4178 σκότῳ
2814 4106 3333 4176 κατακεκλεισμένοι
3356 4107 3450 4157 καὶ

1859 4188 2131 4258 δεδεμένοι
2163 4191 2419 4242 πονοῦσιν
2455 4190 2692 4261 ἀνόνητα
2715 4207 2727 4220 ⁸
2764 4190 2909 4244 οῦτω
2936 4193 3030 4243 καὶ
3060 4185 3205 4244 οὗτοι
3241 4190 3298 4239 ἐν
3334 4191 3459 4249 τοῖςξ

1862 4272 2150 4339 σπηλαίοις
2176 4274 2274 4342 τῆς
2322 4274 2689 4344 φιλαργυρίας
2751 4274 3259 4345 κατορωρυγμένοι,
3298 4273 3453 4325 οὐδέν

1858 4354 1947 4417 νὸς
1974 4357 2157 4418 αὐτοῖς
2216 4357 2462 4426 ἀνάγκην
2508 4356 2864 4423 ἐπιτιθέντος,
2898 4359 3196 4428 αὐτόματοι
3231 4358 3329 4427 τὴν
3355 4357 3451 4407 κό-

1857 4436 2013 4490 λασιν
2047 4439 2411 4501 ἐπισπῶνται,
2451 4440 2666 4502 ἑαυτοῖς
2699 4441 2934 4509 δεσμοὺς
2958 4440 3275 4511 περιθέντες
3309 4437 3447 4490 ἀλύα

1855 4536 2003 4583 τους.
2030 4522 2140 4575 Καὶ
2163 4524 2210 4574 οἱ
2242 4522 2339 4592 μέν
2384 4522 2691 4584 κατάδικοι,
2746 4522 2848 4575 κᾶν
2912 4524 3151 4594 ἑσπέρας
3198 4521 3443 4573 καταλα-

1855 4604 2059 4675 ϐούσης
2092 4605 2334 4658 ἀνίενται
2356 4605 2468 4657 τῶν
2504 4606 2717 4676 μόχθων
2737 4622 2751 4634 '
2787 4601 2933 4660 οῦτοι
2959 4608 3014 4659 δὲ
3043 4607 3138 4658 καὶ
3164 4607 3222 4657 ἐν
3259 4606 3449 4676 ’ίςμέρᾳ⁷

1854 4692 1948 4744 καὶ
1975 4693 2032 4743 ἐν
2059 4691 2213 4744 νυκτὶ
2253 4690 2588 4762 διορύττουσι
2620 4690 2686 4742 τὰ
2724 4690 2937 4761 πονηρά
2960 4690 3131 4743 ταῦτα
3175 4688 3434 4759 μέταλλαυ

1855 4776 1947 4829 καὶ
1979 4776 2090 4836 τοῖς
2128 4774 2227 4844 μὲν
2255 4774 2453 4843 μέτρον
2484 4775 2630 4826 ἐστὶν
2672 4775 2979 4844 ὡρισμένον
3028 4774 3125 4842 τῆς
3162 4773 3447 4843 μοχθηρᾶς

1853 4856 2115 4925 ἐργασίας
2137 4856 2376 4925 ἐκείνης,
2404 4854 2629 4912 οῦτοιδὲ
2663 4856 2863 4927 μέτρον
2880 4857 3034 4909 οὐδὲν
3071 4856 3273 4917 ίσασιν,
3323 4855 3436 4905 ἀλλ’

1850 4941 1973 4991 ὅσον
2003 4941 2067 4992 ἂν
2097 4939 2354 5009 ὀρύξωσι,
2386 4938 2625 5008 τοσούτῳ
2660 4940 2906 5008 μείζονος
2960 4940 3211 5007 ἐφίενται
3247 4939 3439 4991 ταλαι-

1851 5022 2088 5093 πωρίας.
2120 5024 2184 5075 Εἰ
2207 5023 2265 5075 δέ
2287 5026 2485 5075 ἐκεῖνοι
2519 5022 2617 5091 μὲν
2641 5023 2887 5086 ἄκοντες,
2921 5018 3067 5076 οῦτοι
3088 5022 3143 5073 δὲ
3192 5021 3431 5082 ἑκόντες,

1847 5106 1908 5157 τὸ
1934 5104 2170 5175 χαλεπόν
2202 5122 2291 5174 μοι
2313 5104 2495 5172 λέγεις
2518 5105 2611 5157 τοῦ
2634 5106 2963 5176 νοσήματος,
2991 5107 3071 5157 ὅτι
3104 5103 3226 5157 οὐδὲ
3257 5105 3435 5158 ἀπαλ-

1852 5188 2085 5256 λαγῆναι
2124 5187 2399 5253 δύνανται,
2437 5189 2488 5239 εἰ
2506 5206 2569 5255 γε
2602 5189 2736 5256 μηδὲ
2766 5188 2985 5258 μισοῦσι
3033 5187 3131 5255 τὴν
3185 5191 3431 5240 κακοπάο

1844 5274 2016 5325 θειαν.
2064 5273 2205 5324 Ἀλλ’
2241 5273 2432 5343 ὥσπερ
2455 5269 2517 5335 ὗς
2556 5274 2613 5324 ἐν
2656 5272 2923 5341 βορ66ρῳ,
2968 5270 3110 5324 οὕτω
3149 5274 3244 5325 καὶ
3282 5266 3431 5325 οὗτοι

1845 5360 1964 5419 ταῖς
2012 5357 2112 5426 τῆς
2169 5356 2536 5424 φιλαργυρίας
2596 5354 2882 5418 δυσωδίαις
2951 5355 3434 5425 ἐγκαλινδούμενοι

1840 5440 2079 5509 ἥδονται,
2109 5438 2475 5509 χαλεπώτερα
2503 5438 2805 5507 πάσχοντες
2823 5439 2933 5490 τῶν
2958 5438 3266 5493 καταδίκων
3286 5439 3430 5496 ἐκεί-

1839 5541 1965 5577 νων.
2004 5523 2128 5575 Ὅτι
2166 5522 2276 5593 γάρ
2299 5524 2357 5574 ἐν
2375 5522 2615 5592 χείροσιν
2632 5523 2790 5587 είσιν,
2823 5524 3056 5578 ἄκουσον
3087 5522 3155 5573 τά
3176 5522 3429 5590 ἐκείνων,

1841 5610 1933 5659 καὶ
1965 5607 2086 5659 τότε
2113 5605 2234 5676 είσῃ
2268 5607 2337 5658 τά
2364 5605 2591 5657 τούτων.
2618 5606 2851 5672 Λέγεται
2892 5604 3124 5674 τοίνυνὴ
3176 5606 3428 5675 χρυσῖτις

1837 5692 2021 5760 ἐκείνη
2079 5690 2153 5758 γῆ
2206 5692 2495 5759 χηραμοὺς
2532 5689 2627 5741 καὶ
2670 5688 2996 5750 καταδύσεις
3038 5686 3185 5757 ἔχειν
3216 5690 3276 5742 ἐν
3314 5692 3430 5753 τοῖς

1837 5775 2088 5843 ζοφεροίς
2113 5772 2395 5841 σπηλαίοις
2419 5772 2657 5834 ἐκείνοις
2677 5787 2691 5801 ο
2723 5771 2814 5823 τὸν
2832 5766 2927 5822 οὖν
2966 5769 3273 5841 κακοῦργον
3332 5774 3431 5826 τὸν

143 5838 339 5906 μίσους
363 5855 379 5906 ἱ
402 5840 463 5892 θ’)
499 5843 776 5913 ῥᾳθυμίας
801 5846 895 5899 καὶ
926 5846 1121 5910 κακίας
1141 5847 1341 5919 πολλῆς
1363 5867 1376 5915 ;
1401 5852 1460 5902 οὐ
1483 5853 1720 5922 γῆὲστιν
1832 5838 1944 5919 ταῖς
1973 5838 2094 5908 ἐκεῖ
2116 5838 2591 5911 καταδικασθέντα
2631 5853 2874 5923 μόχθοις,
2915 5854 3003 5913 διά
3035 5838 3199 5912 τοῦτο
3225 5860 3419 5930 λύχνον
