4070 6322
220 375 312 433 197

211 501 340 556 ergo
385 495 531 542 terra
573 484 660 538 illa
700 481 932 538 aurifera
974 478 1190 535 latibula
1229 487 1283 532 et
1319 489 1562 530 recessus
1599 469 1796 528 habere

208 581 261 633 in
287 576 592 632 tenebrosis
620 575 722 628 illis
744 573 1012 643 speluncis
1040 590 1053 625 :
1087 570 1463 632 facinorosum,
1481 565 1568 635 qui
1589 563 1656 618 ad
1680 563 1798 621 illos

214 667 425 722 labores
444 666 731 719 damnatus
758 673 873 730 est,
903 662 1024 718 ideo
1070 662 1340 717 lucernam
1370 657 1714 726 accipientem
1744 661 1802 709 et

212 758 470 827 iignnem,
501 758 575 811 ita
622 756 848 828 ingredi,
872 765 929 811 et
973 753 1302 824 gutturnium
1346 749 1558 812 atl‘erre,
1589 758 1646 802 ut
1673 745 1800 803 inde

211 832 396 903 oleum
425 849 480 902 in
515 848 785 904 lucernam
834 845 1094 910 infundat,
1128 844 1249 912 quia
1279 840 1513 896 tenebra:
1542 839 1652 894 illic
1676 845 1801 894 sunt

213 941 380 996 etiam
428 939 681 1005 interdiu,
706 950 764 994 nt
787 940 898 1010 jam
942 938 1071 993 dixi.
1103 936 1303 991 Deinde
1344 933 1556 1004 quando
1593 941 1802 1001 tempus

214 1030 490 1086 infelicem
523 1031 668 1086 illum
713 1038 864 1084 vocat
890 1027 954 1083 ad
981 1027 1188 1090 cibum,
1217 1028 1387 1096 ipsum
1415 1023 1628 1094 quidem
1669 1033 1804 1078 tem-

216 1137 316 1191 pus
361 1122 611 1193 ignorare
639 1131 881 1185 narrant;
914 1120 1078 1175 vincti
1109 1132 1236 1174 vero
1269 1115 1544 1172 custodem
1571 1128 1803 1185 superne

217 1213 572 1268 vehementer
610 1212 908 1282 pulsantem
945 1210 1276 1281 speluncam,
1307 1223 1406 1278 per
1439 1207 1716 1276 strepitum
1751 1212 1806 1260 ct

216 1316 409 1358 vocem
449 1301 683 1357 indicare
718 1302 876 1355 finem
916 1314 1036 1356 esse
1073 1299 1198 1356 diei.
1234 1300 1423 1352 Annon
1463 1295 1806 1350 inhorruistis

216 1390 336 1445 bmc
362 1393 674 1448 audientes?
698 1393 976 1449 Videamus
998 1405 1122 1461 ergo
1142 1404 1318 1444 annon
1344 1386 1425 1443 his
1448 1389 1691 1457 graviora
1716 1401 1809 1456 pa-

219 1484 423 1538 tiantur
450 1484 613 1538 avari.
644 1484 775 1538 Nam
810 1486 860 1537 hi
891 1497 1100 1553 quoque
1137 1481 1434 1550 graviorem
1464 1479 1663 1535 habent
1688 1494 1808 1533 car-

216 1576 364 1628 ceris
413 1575 710 1637 custodem,
752 1572 1050 1636 avaritiam,
1096 1580 1148 1624 et
1195 1585 1259 1625 eo
1298 1568 1614 1639 graviorem,
1660 1567 1803 1637 quod

215 1681 341 1719 cum
375 1679 602 1734 corpore
626 1664 856 1717 animam
887 1660 1046 1716 simul
1071 1661 1302 1729 colliget.
1347 1660 1439 1714 lla:
1481 1674 1690 1730 quoque
1721 1667 1802 1712 te-

219 1755 404 1809 nebrae
439 1763 565 1809 sunt
600 1753 700 1808 illis
732 1752 1133 1816 borribiliores;
1165 1768 1268 1805 non
1300 1761 1424 1806 sunt
1455 1751 1598 1806 enim
1628 1749 1804 1805 sensi-

221 1847 378 1911 biles,
433 1847 530 1902 sed
589 1847 705 1901 illas
757 1846 897 1900 intus
953 1844 1220 1914 parientes
1260 1845 1427 1911 avari,
1474 1856 1809 1914 quocumque

217 1938 491 2004 abierint,
521 1936 716 2006 ubique
741 1951 922 1992 secum
955 1934 1337 1989 circumferunt
1363 1951 1375 1987 :
1404 1933 1698 1987 exstinctus
1727 1940 1810 1985 est

219 2026 366 2080 enim
429 2027 559 2095 ipsis
609 2029 800 2080 animus
846 2024 1056 2078 oculus.
1112 2023 1340 2092 Ideoque
1391 2023 1638 2077 Christus
1689 2022 1811 2076 illus

221 2117 460 2169 niaxime
488 2116 724 2168 omnium
756 2113 979 2168 miseros
1019 2112 1271 2182 prmdicat
1298 2113 1482 2166 dicens
1511 2127 1525 2165 :
1557 2112 1619 2166 Si
1644 2121 1809 2164 autem

219 2207 394 2260 timum
439 2206 574 2274 quod
621 2206 674 2258 in
713 2214 758 2258 te
801 2213 905 2264 est.
937 2202 1150 2257 tenebrat
1193 2203 1323 2270 sint,
1353 2201 1567 2255 tenebris
1610 2213 1812 2270 quantae

221 2306 369 2348 erant
395 2296 414 2366 (
439 2295 624 2347 Matth.
650 2295 701 2349 6.
727 2294 834 2365 25)
857 2294 878 2347 ?
901 2293 967 2347 Et
989 2293 1063 2348 illi
1088 2292 1301 2363 quidem
1325 2293 1513 2347 saltem
1537 2293 1810 2346 lucernam

222 2386 428 2442 habent
470 2389 735 2441 lucentem
767 2404 781 2440 :
826 2387 879 2441 lii
908 2397 1085 2441 autem
1117 2385 1202 2439 illa
1234 2385 1508 2456 privamur
1543 2402 1554 2439 :
1588 2383 1814 2452 ideoque

223 2479 464 2548 quotidie
483 2479 534 2532 in
555 2478 799 2533 barathra
822 2478 1058 2534 incidunt
1081 2479 1379 2533 innumera.
1403 2476 1718 2553 Etdamnati
1740 2475 1813 2533 illi

225 2572 445 2640 quidem
471 2570 786 2626 adveniente
813 2579 969 2625 nocte
990 2571 1274 2640 respirant,
1300 2571 1350 2624 in
1370 2584 1707 2624 communem
1726 2584 1815 2624 eo-

225 2678 341 2716 rum
372 2661 468 2731 qui
491 2661 632 2714 diem
658 2661 940 2714 infeliciter
967 2669 1341 2729 transegerunt
1379 2661 1813 2729 tranquillitatem

228 2752 563 2820 navigantes,
586 2751 636 2803 in
656 2735 863 2804 noctem
885 2749 1033 2814 dico;
1057 2750 1234 2804 avaris
1251 2760 1425 2803 autem
1444 2749 1584 2803 hunc
1603 2759 1813 2818 portum

229 2842 502 2897 obstruxit
545 2841 763 2897 avaritia
792 2859 805 2895 :
838 2852 917 2897 tot
944 2850 997 2898 et
1024 2843 1180 2896 tantis
1205 2842 1348 2897 curis
1374 2853 1530 2896 noctu
1558 2841 1816 2896 distinen-

229 2947 313 2990 tur
340 2938 392 2991 in
423 2937 557 3002 alio,
589 2937 802 2990 nemine
832 2936 1102 3006 negotium
1134 2936 1380 3003 faciente,
1412 2937 1615 3006 scipsos
1643 2951 1818 2991 mace-

230 3041 432 3082 rantes.
484 3028 553 3082 Et
580 3045 695 3098 qua:
728 3029 812 3082 hic
841 3027 1054 3098 quidem
1104 3040 1331 3099 aguntur
1360 3027 1481 3082 talia
1513 3036 1667 3094 sunt;
1697 3043 1818 3097 qua:

229 3135 357 3174 vero
382 3120 515 3185 illic,
547 3120 662 3188 quis
685 3134 861 3173 sermo
884 3134 1167 3173 recensere
1200 3118 1384 3188 possit,
1411 3117 1654 3173 fornaces
1683 3119 1820 3172 into-

230 3209 486 3265 lerabiles
508 3251 522 3274 ,
557 3209 745 3263 ﬂuvios
789 3210 910 3277 igne
958 3209 1244 3272 ardentes,
1277 3209 1464 3263 dentes
1494 3210 1814 3274 stridentes,

229 3303 534 3357 insolubilia
563 3301 790 3367 vincula,
819 3316 1055 3355 vermem
1088 3311 1426 3364 venenatum,
1458 3300 1706 3355 tenebras
1734 3301 1817 3354 ln-

231 3395 308 3448 eis
334 3404 606 3463 expertes,
642 3392 779 3447 mala
808 3408 1092 3461 numquam
1121 3393 1279 3446 finem
1309 3391 1577 3446 habentia.
1612 3392 1822 3448 Timea-

232 3503 349 3541 mus
377 3501 529 3556 ergo,
559 3486 759 3550 dilecti,
792 3484 1052 3555 fugiamus
1081 3484 1280 3539 fontem
1317 3493 1582 3539 tantorum
1613 3487 1820 3540 crucia-

234 3590 404 3641 tuum,
423 3579 654 3632 furorem
679 3577 1054 3639 insatiabilem,
1082 3587 1276 3630 nOstrm
1298 3576 1484 3630 salutis
1510 3576 1818 3645 perniciem.

230 3670 344 3724 Non
391 3675 619 3738 possunt
665 3669 805 3721 enim
851 3667 1008 3720 simul
1051 3667 1217 3718 amari
1260 3668 1478 3734 pecunia
1527 3676 1581 3721 et
1621 3669 1817 3721 anima.

235 3763 514 3816 Discamus
535 3762 787 3828 pecunias
809 3774 928 3813 esse
955 3768 1149 3813 terram
1172 3765 1225 3812 et
1248 3759 1543 3827 pulverem,
1563 3760 1702 3829 quod
1725 3774 1822 3815 nos

232 3852 488 3907 deserant
517 3850 638 3904 hinc
668 3848 1050 3920 demigrantes,
1087 3851 1193 3903 imo
1223 3866 1350 3903 vero
1377 3866 1519 3921 sche
1560 3859 1684 3906 ante
1725 3851 1819 3905 de-

217 3959 445 3999 cessum
472 3952 710 3998 nostrum
735 3943 994 4004 resilient,
1026 3941 1165 4011 quod
1187 3940 1504 3996 adfuturam
1526 3950 1753 3998 noceant
1773 3954 1823 3997 et

233 4037 298 4090 ad
322 4045 643 4111 praesentem
671 4037 850 4089 vitam.
888 4034 1020 4088 Nam
1049 4044 1100 4087 et
1127 4044 1247 4088 ante
1290 4036 1588 4105 gehennam
1620 4046 1673 4090 et
1700 4047 1824 4091 ante

235 4127 556 4197 supplicium
587 4125 714 4204 illud
743 4127 796 4179 in
822 4123 960 4179 bella
987 4125 1069 4178 hic
1093 4140 1188 4178 nos
1210 4125 1486 4180 innumera
1514 4127 1823 4197 conjiciunt.

1246 358 1308 414 ΙΝ
1348 354 1560 414 EPIST.
1604 353 1620 407 Ι
1684 352 1773 407 AD
1811 347 1966 406 C0“.
2008 346 2235 404 HOMIL.
2274 346 2461 405 XXIV.

3392 348 3487 404 198

1907 466 2196 522 seditiones
2221 466 2455 522 excitant
2483 475 2536 521 ct
2566 479 2786 537 pugnas.
2816 464 2955 521 Nihil
2991 469 3137 522 enim
3181 469 3251 524 ita
3294 470 3490 530 bellum

1905 560 2135 615 concitat
2170 569 2228 614 ut
2261 559 2512 626 avaritia;
2546 560 2675 615 nihil
2716 561 2786 615 ita
2826 560 3039 631 inopem
3069 562 3276 631 reddit,
3299 566 3412 621 sive
3441 568 3492 621 in

1906 651 2102 707 divitiis
2124 693 2142 717 ,
2173 652 2285 706 sive
2323 653 2377 707 in
2424 653 2677 723 pauperie
2716 654 3040 724 apparuerit.
3070 653 3317 712 Nascitur
3348 662 3492 715 enim

1907 746 2067 800 etiam
2091 746 2142 800 in
2167 760 2460 815 pauperum
2480 746 2672 802 animis
2693 748 2868 817 gravis
2889 746 2976 804 hic
2997 750 3230 815 morbus,
3254 751 3495 808 illorum-

1908 849 2013 906 que
2031 844 2398 907 paupertatem
2423 838 2592 909 magis
2611 838 2810 892 atterit.
2831 837 2888 894 Si
2906 848 3084 895 autem
3110 841 3357 896 inventus
3384 842 3496 898 iue-

1911 926 1980 980 rit
1999 941 2198 997 pauper
2223 942 2434 993 avarus,
2460 943 2564 982 non
2591 928 2644 984 in
2673 929 2870 984 divitiis
2899 930 3007 994 ille,
3026 931 3120 986 sed
3153 932 3202 987 in
3234 931 3375 989 fame
3404 934 3496 989 dat

1911 1032 2114 1086 pinnas.
2161 1016 2280 1072 Non
2305 1016 2447 1072 enim
2478 1026 2655 1088 potest
2684 1019 2768 1074 vel
2799 1020 3023 1076 modicis
3054 1022 3157 1077 illis
3185 1039 3303 1092 qua:
3334 1024 3496 1080 habet

1911 1109 2075 1164 libere
2095 1107 2219 1175 frui,
2238 1106 2331 1163 sed
2353 1118 2407 1163 et
2426 1116 2667 1164 ventrem
2690 1107 2831 1164 fame
2853 1118 3027 1175 vexat,
3047 1120 3098 1165 ct
3117 1127 3314 1183 corpus
3331 1124 3496 1170 totum

1912 1199 2149 1256 nuditate
2183 1209 2239 1254 et
2278 1197 2475 1268 frigore
2508 1199 2783 1254 ulciscitur
2804 1240 2818 1266 ,
2849 1210 2904 1255 et
2935 1201 2998 1254 iis
3027 1203 3117 1270 qui
3148 1212 3273 1258 sunt
3300 1204 3350 1259 in
3379 1207 3498 1260 vin-

1913 1290 2048 1345 culis
2075 1290 2266 1360 ubique
2313 1288 2605 1361 squalidior
2631 1299 2687 1344 et
2713 1291 2981 1346 sordidior
3006 1303 3092 1347 est
3119 1310 3133 1348 :
3162 1311 3378 1366 semper
3405 1299 3500 1353 lict
3533 1347 3537 1349 .

1913 1390 1968 1434 et
1993 1380 2329 1446 lamentatur,
2361 1395 2422 1436 ac
2449 1380 2493 1435 si
2525 1381 2762 1436 omnium
2796 1381 3130 1440 miserrimus
3161 1387 3252 1451 sit,
3285 1389 3494 1444 etiamsi

1914 1471 2176 1526 innumeri
2199 1473 2307 1526 sint
2330 1474 2418 1527 illo
2437 1473 2803 1542 pauperiores.
2827 1473 2925 1530 Hic
2946 1473 2991 1528 si
3015 1476 3065 1529 in
3090 1475 3261 1530 forum
3286 1478 3463 1546 ingres
3478 1509 3493 1518 -

1907 1580 2000 1620 sus
2037 1565 2214 1629 fuerit,
2249 1565 2359 1619 abit
2397 1566 2578 1621 multis
2621 1566 2854 1636 acceptis
2897 1567 3185 1634 vibicibus;
3212 1570 3253 1622 si
3280 1570 3333 1623 in
3379 1570 3498 1625 bal-

1910 1671 2088 1719 neum,
2121 1656 2170 1709 si
2203 1656 2254 1708 in
2284 1655 2568 1719 theatrum,
2603 1659 2749 1724 plura
2778 1658 3004 1728 accipiet
3040 1659 3259 1714 vulnera
3284 1702 3297 1725 ,
3333 1676 3438 1715 non
3466 1677 3496 1714 a

1908 1744 2296 1815 spectatoribus
2331 1746 2540 1809 solum,
2564 1745 2658 1799 sed
2700 1748 2859 1801 etiam
2901 1746 2970 1801 ab
3005 1749 3069 1802 iis
3106 1752 3195 1818 qui
3245 1751 3296 1804 in
3335 1766 3495 1806 scena

1910 1849 2178 1905 sunt,cum
2198 1838 2386 1894 viderit
2405 1840 2715 1894 meretrices
2732 1840 2922 1895 multas
2944 1855 3075 1895 auro
3095 1841 3379 1912 fulgentes.
3403 1845 3501 1899 llic

1912 1933 2072 1988 etiam
2104 1933 2146 1986 si
2180 1933 2230 1986 in
2262 1932 2396 1986 mari
2426 1932 2671 2002 naviget,
2707 1940 3031 1988 mercatores
3059 1943 3113 1988 et
3139 1950 3301 1990 naves
3329 1937 3501 2006 pluri—

1913 2023 2016 2077 mis
2044 2031 2265 2077 onustas
2297 2023 2563 2078 mercibus
2593 2024 2835 2094 cogitans
2865 2035 2919 2079 et
2948 2025 3091 2080 lucra
3124 2027 3377 2098 ingentia,
3409 2045 3502 2083 ne-

1913 2129 2018 2184 que
2046 2130 2105 2170 se
2131 2117 2314 2170 vivere
2341 2116 2543 2186 putabit
2573 2134 2584 2169 :
2611 2117 2819 2171 etiamsi
2846 2133 2942 2190 per
2971 2129 3165 2174 terram
3213 2121 3314 2175 iter
3358 2133 3497 2194 agat.

1913 2221 2090 2276 agros,
2139 2207 2334 2276 praedia
2385 2208 2708 2274 Suburbana,
2754 2209 3070 2277 diversoria,
3122 2212 3332 2279 balnea,
3376 2230 3503 2285 pro.

1916 2306 2103 2350 ventus
2133 2297 2257 2351 inde
2287 2308 2467 2366 partos
2512 2301 2773 2369 cogitans,
2816 2316 2921 2355 non
2970 2302 3182 2357 vitalem
3214 2305 3314 2359 sibi
3343 2307 3502 2362 vitam

1915 2402 2033 2443 esse
2061 2397 2243 2457 postea
2275 2390 2496 2460 putabit.
2520 2391 2671 2457 Quod
2695 2393 2741 2445 si
2769 2393 2920 2446 illum
2944 2394 3103 2448 etiam
3128 2395 3263 2450 intra
3286 2396 3503 2453 domum

1917 2479 2230 2544 incluseris;
2277 2495 2399 2549 quat
2442 2479 2500 2534 in
2545 2481 2659 2534 foro
2705 2484 2911 2550 accepit
2954 2485 3172 2540 vulnera
3223 2486 3504 2552 refricans,

1917 2570 2055 2641 apud
2086 2586 2146 2626 se
2177 2572 2347 2641 magis
2374 2572 2607 2625 animum
2628 2573 2927 2626 crueiabit:
2958 2589 3225 2645 unamque
3251 2579 3397 2632 novit
3421 2593 3507 2632 so-

1920 2663 2030 2716 lum
2045 2663 2463 2718 consolationem
2487 2663 2746 2718 malorum
2764 2665 2956 2734 quibus
2976 2666 3256 2736 premitur,
3278 2679 3506 2724 mortem

1920 2760 1973 2805 et
2002 2768 2063 2806 ex
2097 2754 2196 2807 hac
2228 2757 2333 2807 vita
2362 2755 2752 2822 migrationem.
2797 2755 2920 2811 Haec
2951 2772 3054 2810 non
3084 2772 3284 2828 pauper
3311 2759 3470 2814 modo
3489 2803 3505 2825 ,

1918 2841 2010 2896 sed
2041 2843 2201 2896 etiam
2232 2844 2401 2910 dives,
2431 2845 2519 2915 qui
2552 2846 2602 2899 in
2633 2846 2774 2901 hunc
2804 2848 3052 2904 inciderit
3095 2851 3341 2906 morbum
3366 2893 3379 2915 ,
3411 2868 3508 2922 pa-

1920 2935 2100 2999 tietur,
2125 2943 2180 2991 et
2202 2944 2349 2991 tanto
2376 2937 2543 3007 magis
2571 2953 2728 3008 quam
2755 2953 2973 3007 pauper,
2998 2950 3196 3007 quanto
3219 2942 3510 2998 vehemen-

1921 3028 2024 3083 tior
2054 3029 2298 3084 imminet
2327 3030 2401 3085 illi
2434 3030 2709 3102 tyrannis,
2738 3041 2789 3084 et
2815 3031 2984 3100 major
3014 3031 3266 3086 ebrietas.
3304 3033 3426 3088 ldeo
3452 3052 3510 3090 se

1921 3119 2158 3173 onmium
2204 3122 2599 3190 pauperrimum
2634 3122 2857 3190 putabit,
2880 3120 2990 3176 imo
3021 3123 3182 3176 etiam
3223 3139 3346 3178 vere
3384 3140 3514 3194 pau-

1922 3212 2185 3281 perrimus
2229 3221 2330 3267 est.
2372 3212 2488 3266 Non
2537 3214 2678 3268 enim
2723 3230 2786 3267 ex
2830 3214 3142 3273 facultatum
3192 3219 3383 3286 modo,
3415 3220 3508 3273 Sed

1921 3320 1984 3358 cx
2015 3307 2207 3361 mentis
2229 3305 2425 3360 ati'ectu
2453 3303 2785 3360 aestimantur
2813 3306 3011 3362 divitiae
3040 3318 3094 3362 et
3121 3319 3422 3379 paupertas.
3442 3310 3512 3367 Et

1924 3397 2010 3449 ille
2040 3397 2208 3465 magis
2232 3406 2314 3451 est
2336 3398 2572 3452 omnium
2597 3395 2985 3466 pauperrimus,
3006 3401 3095 3468 qui
3122 3416 3335 3469 semper
3363 3401 3512 3471 plura

1923 3488 2274 3557 concupiscit,
2303 3496 2358 3541 et
2385 3503 2679 3558 numquam
2728 3488 2918 3542 sistere
2950 3498 3121 3559 potest
3151 3490 3286 3546 hanc
3318 3493 3512 3547 malam

1922 3579 2431 3647 concupiscentiam.
2462 3580 2690 3648 Propter
2719 3567 2832 3634 haec
2860 3582 3037 3634 omnia
3065 3582 3322 3652 fugiamus
3345 3585 3515 3638 avario

1926 3673 2073 3735 tiam,
2119 3687 2236 3740 qua:
2278 3680 2646 3740 paupertatem
2687 3671 2920 3737 inducit,
2954 3674 3160 3727 animas
3187 3678 3513 3745 corrumpit,

1924 3761 2180 3831 gehennae
2212 3760 2460 3825 amicam,
2493 3761 2760 3815 inimicam
2792 3762 2940 3831 regni
2973 3761 3224 3817 caelorum
3245 3806 3259 3828 ,
3290 3777 3513 3820 matrem

1927 3854 2164 3908 omnium
2196 3853 2355 3908 simul
2388 3854 2686 3919 malorum;
2721 3863 2776 3908 et
2805 3855 3056 3924 pecunias
3084 3867 3513 3927 contemnamus,

1928 3954 1984 3998 ut
2029 3945 2265 4001 fruamur
2292 3945 2549 4017 pecnniis,
2582 3955 2635 4000 et
2664 3962 2784 3999 cum
2817 3946 3056 4015 pecuniis
3089 3947 3329 4002 fruentur
3356 3952 3514 4004 etiam

1927 4039 2083 4093 bonis
2109 4039 2263 4094 nobis
2287 4038 2570 4110 promissis
2605 4056 2618 4092 :
2652 4053 2768 4107 qua:
2802 4040 3002 4093 utinam
3030 4054 3132 4094 nos
3157 4055 3343 4097 omnes
3370 4058 3500 4098 asse-

1929 4129 2020 4198 qui
2043 4129 2336 4198 contingat,
2359 4138 2463 4184 etc.

1883 4268 2104 4280 .-—-—-—
2116 4267 3091 4282 Ἥ
3103 4270 3470 4286 ..Ἥφα-

1620 4339 1963 4405 HOMJLIA
2007 4343 2243 4409 XXIV.

239 4493 363 4549 Cn.
402 4490 487 4547 ιο.
518 4506 568 4543 v.
602 4490 689 4544 l3.
731 4489 960 4544 Tentatio
985 4507 1070 4546 vos
1110 4507 1209 4545 non
1235 4489 1570 4560 apprehendit
1599 4489 1697 4543 nisi
1718 4489 1811 4542 hu-

310 4598 484 4638 mana.
515 4578 709 4634 Fidelis
739 4589 904 4634 autem
945 4589 1015 4633 est
1053 4578 1209 4643 Deus,
1245 4580 1329 4651 qui
1365 4597 1464 4632 non
1495 4579 1709 4647 patietur
1731 4595 1818 4633 vos

309 4673 490 4729 tentari
513 4688 670 4742 supra
696 4671 747 4724 id
775 4670 908 4739 quod
933 4671 1156 4740 potestis,
1209 4671 1295 4723 sed
1341 4671 1488 4740 faciet
1517 4686 1631 4723 cum
1661 4678 1821 4723 tenta-

311 4766 445 4819 tione
474 4771 788 4834 proventum,
817 4772 869 4814 ut
899 4762 1100 4830 possitis
1129 4763 1391 4828 sustinere,
1420 4773 1516 4815 etc.

311 4861 360 4914 Ι.
433 4859 718 4926 Postquam
770 4854 897 4910 satis
954 4856 1140 4909 terruit
1191 4870 1284 4909 eos
1361 4865 1540 4910 vetera
1597 4870 1821 4910 narrans

240 4951 504 5019 exempla,
535 4959 700 5022 atque
743 4949 797 5004 in
838 4947 1000 5002 animi
1032 4961 1284 5013 angorem
1327 4947 1578 5017 conjecit,
1612 4947 1818 5013 dicens,

244 5044 342 5111 Qui
387 5042 582 5095 videtur
630 5053 796 5108 stare,
853 5043 1016 5097 videat
1069 5057 1131 5093 ne
1174 5040 1358 5104 cadat;
1396 5043 1590 5095 multas
1640 5052 1817 5098 autem

243 5135 475 5190 tulerant
497 5136 842 5199 tentationes,
872 5144 926 5191 et
958 5133 1008 5190 in
1038 5134 1101 5190 iis
1128 5149 1270 5204 smpe
1291 5147 1410 5187 sese
1427 5143 1779 5189 exercuerant
1803 5152 1816 5188 :

241 5245 359 5283 izam
408 5223 474 5280 In
527 5225 836 5293 inﬁrmitate,
885 5226 1075 5296 inquit,
1122 5237 1170 5281 et
1217 5227 1268 5278 in
1318 5226 1491 5277 timore
1520 5235 1566 5277 et
1609 5234 1821 5279 tremore

240 5321 398 5372 multo
430 5317 507 5388 fui
531 5315 671 5385 apud
697 5316 879 5385 ratu.
911 5316 1030 5370 Cor.
1056 5318 1111 5371 2.
1151 5319 1246 5388 3);
1293 5332 1362 5372 ne
1410 5315 1667 5382 dicereut,
1713 5315 1820 5370 Cur

239 5425 336 5466 nos
362 5421 533 5464 terres
561 5418 615 5464 et
641 5407 832 5460 timore
858 5404 1069 5460 amcis?
1100 5424 1203 5462 non
1251 5422 1436 5463 sumus
1481 5406 1533 5460 in
1576 5407 1638 5459 iis
1665 5406 1818 5461 malis

242 5502 624 5566 inexercitati;
672 5514 794 5556 nam
835 5498 971 5569 pulsi
1021 5513 1203 5554 sumus
1251 5512 1304 5556 et
1348 5497 1818 5570 persequutionem

243 5594 405 5664 passi,
437 5592 607 5648 multa
627 5603 678 5647 et
699 5589 994 5660 frequentia
1021 5588 1279 5643 subiimus
1303 5591 1539 5660 pericula
1565 5608 1578 5643 :
1605 5585 1816 5641 illorum

242 5699 428 5741 rursus
459 5693 726 5740 tumorem
753 5680 1045 5752 reprimens
1074 5681 1148 5736 ait
1187 5698 1199 5733 :
1233 5679 1461 5737 Tentatio
1490 5697 1575 5736 vos
1601 5696 1701 5733 non
1727 5695 1821 5745 ap-

244 5779 509 5847 prubendtt
552 5775 652 5827 nisi
681 5774 937 5839 humana;
967 5771 1018 5828 id
1046 5781 1147 5840 est,
1186 5787 1369 5843 parva,
1404 5773 1603 5841 brc\is,
1635 5769 1818 5828 mode-

559 5869 828 5929 Ριτιιοι..
876 5870 989 5931 Gn.
1043 5867 1199 5932 LXI.

1927 4496 2062 4542 rata.
2097 4488 2398 4544 llumanum
2442 4491 2585 4544 enim
2618 4489 2748 4544 dicit
2796 4491 2863 4544 de
2913 4506 3097 4561 parvo,
3145 4503 3198 4546 ut
3239 4507 3358 4547 cum
3390 4495 3462 4548 ait
3497 4514 3507 4549 :

1931 4579 1980 4633 11
1988 4597 2226 4633 umanum
2240 4581 2352 4634 dico
2374 4589 2576 4652 prapter
2595 4581 2940 4649 inﬁrmitatem
2963 4584 3128 4637 carnis
3146 4596 3320 4638 vestris
3336 4584 3510 4654 (Rom.

1928 4674 1979 4727 6.
2012 4671 2123 4742 l9).
2154 4669 2233 4726 Ne
2280 4663 2457 4743 itaque
2500 4673 2666 4728 altum
2706 4673 2946 4742 sapiatis,
2979 4673 3171 4744 inquit,
3202 4689 3266 4729 ac
3296 4675 3340 4730 si
3375 4685 3510 4730 tem-

1927 4771 2187 4831 pestatem
2226 4764 2606 4832 superaveritis
2639 4782 2652 4819 :
2681 4763 2918 4816 nondum
2957 4765 3096 4817 enim
3135 4764 3339 4819 vidistis
3372 4767 3501 4834 peri-

1927 4853 2103 4908 culum
2135 4851 2276 4921 quod
2326 4860 2553 4906 mortem
2595 4854 2910 4919 minaretur,
2959 4870 3130 4924 neque
3162 4861 3509 4915 tentationem

1927 4952 2152 4998 mortem
2182 4942 2556 4998 intentantem.
2599 4942 2752 5012 Quod
2782 4944 2943 4999 etiam
2992 4945 3227 5001 Hebrmis
3258 4948 3507 5004 dicebat:

1930 5035 2172 5091 Nondum
2199 5053 2354 5102 usque
2374 5037 2443 5090 ad
2472 5038 2769 5107 sanguinem
2793 5038 3042 5090 restitistis
3064 5037 3303 5091 adversus
3332 5057 3510 5106 pecca-

1927 5139 2030 5182 tum
2059 5140 2394 5200 repugnantes
2423 5126 2606 5197 (Hebr.
2654 5125 2738 5180 12.
2777 5127 2856 5192 4).
2907 5126 3107 5180 Deinde
3155 5128 3276 5196 quia
3324 5140 3509 5187 exter-

1927 5229 2126 5283 ruerat,
2158 5217 2277 5272 vide
2306 5214 2575 5286 quomodo
2606 5231 2790 5270 rursus
2834 5214 2954 5269 illos
2991 5215 3183 5286 erigat,
3227 5230 3509 5292 postquam

1927 5318 2263 5380 persuaserat
2300 5307 2406 5362 illis
2434 5317 2490 5362 ut
2515 5307 2754 5362 modeste
2777 5316 3020 5378 agerent,
3051 5308 3237 5365 dicens
3262 5330 3274 5366 :
3310 5312 3507 5369 Fidelis

1924 5411 1995 5454 est
2016 5398 2154 5453 Deus
2173 5397 2260 5468 qui
2290 5413 2390 5451 non
2421 5398 2636 5467 patietur
2662 5412 2746 5451 vos
2772 5396 2955 5451 tentari
2983 5413 3141 5468 supra
3179 5401 3234 5454 id
3256 5401 3392 5472 quod
3417 5420 3505 5471 po-

1927 5490 2081 5544 testia.
2119 5488 2258 5560 Ergo
2306 5498 2428 5544 sunt
2460 5488 2782 5544 tentationes
2811 5502 2934 5558 qua:
2964 5487 3090 5545 ferri
3121 5506 3226 5545 non
3258 5503 3504 5559 possunt.

1929 5583 1993 5638 Et
2020 5597 2262 5653 quasnam
2281 5579 2430 5638 illa?
2455 5581 2676 5648 Omnes,
2700 5592 2758 5639 ut
2785 5581 2860 5637 ita
2878 5580 3075 5639 dicam.
3100 5583 3342 5638 Potestas
3361 5587 3500 5641 enim

1925 5679 1977 5732 in
2001 5676 2093 5732 Dei
2125 5685 2254 5731 nutu
2283 5677 2384 5732 sita
2411 5687 2512 5743 est,
2539 5691 2696 5746 quam
2719 5690 2814 5748 per
2842 5676 3131 5733 voluntatis
3159 5684 3356 5732 nostra:
3378 5692 3496 5733 sen-

1926 5767 2145 5826 tentiam
2189 5767 2528 5837 attrabimns.
2559 5766 2918 5835 Quamobrem
2951 5778 3007 5825 ut
3034 5767 3209 5824 discas
3234 5780 3505 5830 accurate.

3089 5867 3165 5929 i3
