4070 6322
574 414 687 471 199

585 525 729 599 quod
761 539 866 580 non
896 522 1063 580 solum
1091 524 1228 591 illas,
1250 538 1368 596 qua:
1398 535 1636 578 nostram
1659 527 1911 591 superant
1944 528 2181 590 potesta-

579 630 718 682 tem.
748 617 842 674 sed
871 632 1043 687 neque
1082 617 1244 672 hasce
1274 616 1539 671 humanas
1575 614 1845 684 possimus
1873 612 1992 668 sine
2036 610 2178 665 illius

584 710 783 765 auxilio
811 709 965 764 facile
990 706 1153 773 ferre,
1180 706 1458 777 subjunxit
1488 722 1501 759 :
1533 704 1641 760 Sed
1668 704 1817 775 faciet
1857 719 1973 758 cum
2017 710 2179 756 tenta-

584 813 720 858 ttone
737 810 1056 875 proventum,
1080 809 1135 853 ut
1159 800 1365 872 possitis
1384 798 1651 853 sustinere.
1687 795 1870 867 Neque
1893 795 2037 851 enim
2060 793 2179 847 illas

583 895 912 959 moderatas,
948 902 1004 947 ut
1029 891 1137 947 dixi
1160 933 1174 955 ,
1212 892 1428 962 propria
1467 890 1664 945 virtute
1704 889 1970 954 feremus;
2001 886 2095 941 sed
2124 886 2175 938 in

497 1050 502 1054 η
580 986 668 1042 bis
696 1001 910 1057 qunque
939 986 1059 1055 ejus
1086 1000 1308 1056 egemus
1336 985 1557 1051 auxillo,
1589 995 1645 1037 ut
1676 997 1769 1038 eas
1797 980 2174 1053 pervadamus,

548 1089 635 1134 .et
682 1088 968 1147 antequam
1011 1077 1365 1148 pervadamus
1404 1078 1655 1133 feramus.
1703 1074 1822 1147 Ipse
1868 1086 2100 1142 namque
2124 1080 2179 1123 (ι

585 1168 895 1239 patientiam
923 1169 1034 1235 dat,
1079 1179 1129 1223 et
1163 1177 1461 1239 promptam
1490 1167 1857 1223 liberationem
1882 1162 2071 1227 an‘ert;
2105 1162 2177 1215 ita

584 1271 642 1315 ut
669 1264 774 1321 hac
794 1260 1001 1315 ratione
1030 1261 1257 1316 tentatio
1286 1258 1413 1314 ferri
1448 1260 1639 1329 possit.
1667 1258 1783 1311 lloc
1818 1255 1964 1311 enim
1991 1253 2176 1309 subin-

582 1352 1013 1408 dicavitdicens:
1045 1351 1224 1406 Faciet
1248 1352 1439 1405 exitum
1462 1362 1514 1403 ut
1535 1351 1740 1421 possitis
1761 1349 2042 1411 sustinere;
2060 1360 2173 1400 om-

582 1448 776 1517 niaque
799 1446 872 1509 illi
903 1444 1168 1510 attribuit,
1197 1444 1285 1497 Ν.
1321 1442 1539 1513 Prapter
1561 1440 1697 1511 quod
1713 1480 1728 1505 ,
1762 1438 2015 1492 carissimi
2040 1437 2137 1489 mei
2158 1477 2173 1501 ,

581 1540 741 1607 fugite
758 1538 822 1591 ab
842 1536 1095 1589 idolorum
1114 1534 1272 1589 culta.
1302 1534 1508 1588 llursus
1534 1532 1653 1587 illos
1673 1528 1866 1586 leniter
1885 1529 2175 1600 alloquitur

582 1629 764 1681 addito
788 1626 1123 1697 cognationis
1152 1626 1391 1690 nomine,
1423 1632 1627 1679 etcum
1668 1637 1857 1692 magna
1889 1629 2042 1691 urget
2081 1634 2173 1674 ce-

583 1716 792 1773 leritate
822 1726 881 1771 ut
906 1715 975 1771 ab
1003 1716 1106 1771 hoc
1136 1725 1357 1787 peccatu
1386 1715 1700 1771 liberentur.
1727 1713 1843 1767 Non
1870 1712 2014 1767 enim
2042 1710 2174 1766 dicit

581 1807 779 1872 solum,
816 1807 1104 1873 Discedite,
1135 1807 1251 1871 sed,
1286 1804 1510 1877 Fugite:
1536 1821 1598 1859 ac
1625 1821 1738 1859 rem
1768 1811 1924 1857 vocat
1952 1800 2177 1855 idolola-

581 1901 735 1953 triam
761 1914 776 1965 ;
804 1908 859 1954 et
894 1898 965 1954 ob
994 1898 1221 1969 proximi
1260 1898 1511 1953 damnum
1545 1898 1655 1966 jam
1701 1910 1809 1950 non
1858 1894 2019 1949 modo
2043 1893 2174 1947 abs-

582 1992 777 2047 cedere
796 1992 968 2061 jubet,
999 1992 1095 2045 sed
1125 2006 1238 2044 rem
1279 1990 1447 2059 ipsam
1494 2004 1590 2059 per
1626 2002 1691 2043 se
1719 1986 1965 2042 sufﬁcere
1992 1985 2065 2039 ait
2105 1983 2173 2039 ad

583 2099 828 2154 magnam
860 2082 1191 2138 aﬂ‘erendam
1237 2082 1550 2152 perniciem.
1602 2081 1691 2137 l5.
1740 2078 1808 2135 Ut
1847 2078 2174 2150 prudentibus

581 2175 761 2243 loquor
776 2189 797 2239 ;
824 2189 907 2228 vos
922 2174 1155 2245 jndicate
1172 2174 1307 2243 quod
1328 2173 1459 2227 dico.
1481 2172 1613 2240 Quia
1627 2172 1772 2228 enim
1794 2186 1906 2227 rem
1923 2184 2171 2241 magnam

580 2267 833 2337 loquutus
857 2276 957 2331 est,
1003 2275 1057 2322 et
1098 2268 1304 2321 crimen
1350 2267 1499 2321 auxit
1543 2279 1743 2320 vocans
1772 2264 2170 2327 idololatriam;

580 2372 648 2411 ne
677 2357 947 2411 videretur
969 2370 1295 2425 exasperare
1325 2355 1445 2410 illos
1464 2364 1517 2409 et
1547 2354 1774 2409 molesta
1802 2353 1877 2407 uti
1908 2353 2169 2417 oratione,

580 2450 688 2504 illis
713 2450 932 2504 demum
956 2448 1216 2520 judicium
1239 2448 1522 2519 permittit,
1552 2455 1607 2503 et
1632 2463 1754 2502 cum
1782 2446 1938 2502 laude
1962 2445 2172 2516 judices

577 2541 854 2596 Constituit
887 2539 1024 2595 illos.
1058 2538 1126 2595 Ut
1174 2539 1507 2610 prudentibus
1540 2540 1740 2609 loquor,
1786 2538 1998 2609 inquit:
2028 2536 2171 2606 quod

577 2643 662 2689 est
708 2633 994 2690 admodum
1042 2632 1365 2688 confidentis
1407 2647 1585 2687 causae
1637 2640 1686 2684 et
1735 2630 1842 2699 jnri
1888 2644 2005 2693 suo,
2048 2642 2170 2682 cum

578 2741 770 2793 nempe
801 2725 951 2780 illum
981 2724 1068 2795 qui
1096 2732 1383 2778 accusatur
1423 2722 1550 2775 dicti
1589 2719 1824 2791 judicem
1870 2718 2168 2773 constituit.

575 2814 689 2869 lloc
717 2814 1017 2869 auditorem
1043 2812 1210 2883 magis
1238 2811 1414 2883 erigit,
1444 2809 1657 2882 quando
1686 2824 1791 2865 non
1818 2809 1967 2880 quasi
2001 2808 2170 2878 impe-

575 2919 701 2960 rans
723 2914 776 2960 et
797 2905 966 2975 legem
997 2904 1195 2971 ferens,
1239 2902 1333 2958 scd
1378 2903 1529 2973 quasi
1558 2900 1844 2956 consulens
1874 2910 1927 2953 et
1954 2899 2167 2953 illorum

570 2998 829 3068 judicium
858 3008 1197 3067 exspectans,
1229 2997 1309 3051 sic
1339 2995 1578 3049 disserit.
1612 2992 1746 3047 Cum
1775 2991 1978 3046 inducis
1998 2992 2167 3057 enim,

576 3102 760 3161 utpote
784 3092 971 3146 insana
997 3098 1051 3143 et
1073 3088 1263 3158 puerili
1295 3096 1478 3141 mente
1500 3083 1759 3153 praeditis,
1793 3096 1899 3136 non
1922 3080 1999 3137 sic
2027 3080 2168 3137 Deus

575 3180 913 3252 loquebatur,
944 3194 1119 3250 neque
1164 3191 1379 3247 semper
1406 3175 1513 3230 illis
1558 3173 1931 3230 mandatorum
1976 3185 2169 3228 causas

575 3273 846 3329 indicabat
869 3289 884 3339 ;
908 3272 1003 3328 sed
1038 3280 1240 3326 tantum
1259 3268 1481 3340 jubebat
1508 3286 1519 3321 :
1554 3267 1639 3322 bic
1667 3276 1867 3333 autem,
1898 3266 2020 3337 quia
2052 3280 2168 3319 ma-

574 3379 676 3433 gna
722 3364 969 3419 libertate
1022 3360 1269 3423 fruimur,
1326 3370 1380 3415 et
1432 3358 1715 3414 consilium
1771 3355 1926 3412 nobis
1970 3355 2163 3422 adest,

572 3466 633 3510 ut
663 3456 867 3509 amicos
898 3468 996 3508 nos
1037 3452 1325 3521 alloquitur
1363 3459 1419 3505 et
1445 3451 1518 3503 ait
1561 3467 1573 3502 :
1617 3448 1731 3503 Non
1760 3460 1894 3517 opus
1922 3456 2004 3501 est
2031 3444 2166 3500 mihi

573 3548 693 3602 aliis
718 3547 987 3617 judicibus
1019 3564 1032 3601 :
1064 3561 1158 3600 vos
1186 3543 1316 3599 mihi
1341 3543 1603 3599 calculum
1638 3543 1795 3610 ferte,
1836 3554 1933 3595 vos
1960 3540 2166 3611 accipio

571 3640 797 3709 jndices.
828 3638 917 3693 16.
943 3638 1091 3692 Catia:
1110 3636 1492 3701 benedictionis,
1517 3634 1599 3687 cui
1621 3634 1978 3697 benedicimus,
1999 3647 2166 3686 nonne

571 3729 959 3785 communicatio
984 3728 1248 3799 sanguinis
1279 3726 1465 3781 Christi
1484 3736 1555 3781 est
1573 3727 1599 3779 .9
1618 3724 1757 3794 Quid
1779 3724 1934 3788 dicis,
1958 3739 1991 3779 ο
2012 3724 2166 3779 beate

574 3821 776 3877 Paule?
824 3831 882 3876 ut
922 3820 1222 3875 auditorem
1270 3819 1473 3890 pudore
1519 3818 1763 3884 afficias,
1804 3818 2164 3887 mysteriaque

574 3914 841 3970 horrenda
894 3928 1239 3981 memorans,
1286 3912 1679 3968 benedictionis
1732 3911 1957 3966 calicem
2002 3925 2167 3965 vocas

573 4009 870 4065 terribilem
898 4008 1045 4062 illum
1078 4017 1238 4077 atque
1260 4005 1650 4060 formidandum
1677 4003 1941 4059 calicem?
1966 4003 2161 4070 Etiam,

574 4102 789 4173 inquit:
820 4116 927 4155 non
957 4116 1120 4171 parva
1168 4099 1311 4154 enim
1349 4113 1439 4153 res
1482 4106 1565 4153 est
1608 4112 1728 4167 quze
1772 4096 1988 4151 dicitur.
2028 4096 2162 4151 Nam

571 4209 694 4249 cum
726 4193 1156 4248 benedictionem
1186 4191 1327 4256 dico,
1369 4204 1584 4244 omnem
1609 4190 1825 4257 explico
1862 4190 1956 4243 Dei
1994 4188 2161 4244 bene-

573 4286 802 4340 ficentia:
834 4284 1168 4350 thesaurum,
1197 4290 1252 4336 et
1282 4296 1471 4352 magna
1500 4280 1587 4334 illa
1609 4278 1747 4334 dona
1774 4280 1826 4333 in
1847 4280 2160 4334 memoriam

574 4391 785 4432 revoco.
817 4376 947 4429 Nam
975 4390 1073 4429 nos
1093 4390 1306 4444 quoque
1333 4374 1397 4428 ad
1421 4374 1642 4429 calicem
1664 4383 2008 4431 recensentes
2028 4373 2165 4431 inef-

575 4466 756 4522 fabilia
799 4463 896 4520 Dei
924 4463 1206 4530 beneﬁcia,
1250 4472 1305 4516 et.
1343 4466 1522 4518 omnia
1566 4464 1758 4533 quibus
1805 4466 2050 4531 fruimur,
2084 4468 2162 4521 sic

572 4560 724 4615 illum
764 4555 1041 4612 otl‘erimus
1083 4563 1138 4610 et
1176 4554 1659 4621 communieamus,
1709 4555 1907 4623 gratias
1942 4567 2161 4626 agentes

570 4649 712 4722 quod
759 4663 932 4721 genus
976 4648 1267 4702 humanum
1313 4647 1382 4702 ab
1424 4661 1609 4703 errore
1651 4646 1987 4714 liberaverit;
2018 4648 2161 4718 quod

571 4759 689 4806 cos,
717 4742 808 4813 qui
850 4740 1038 4811 procul
1081 4750 1254 4805 erant,
1302 4756 1470 4810 prope
1509 4740 1729 4806 fecerit;
1775 4741 1917 4812 quod
1936 4756 2033 4796 eos
2070 4742 2160 4813 qui

570 4848 721 4905 spem
746 4845 850 4887 non
882 4831 1145 4887 haberent
1173 4841 1227 4885 et
1266 4831 1409 4885 athei
1448 4842 1599 4888 erant
1634 4834 1686 4888 in
1720 4834 1936 4901 mundo,
1971 4835 2161 4889 fratres

570 4936 702 4983 suos
724 4936 778 4982 et
805 4923 1099 4980 coheredes
1127 4922 1486 4977 constituerit.
1532 4923 1638 4977 Pro
1676 4924 1759 4977 his
1797 4935 1853 4979 et
1895 4924 2163 4980 similibus

566 5016 769 5087 gratias
793 5021 1034 5086 agentes,
1076 5013 1156 5070 sic
1201 5010 1524 5068 accedimus.
1573 5010 1856 5080 Quomodo
1880 5029 1983 5067 non
2023 5029 2157 5068 con-

568 5106 733 5161 traria
760 5103 955 5165 facitis,
980 5103 1209 5173 inquies,
1236 5117 1271 5157 ο
1298 5099 1587 5169 Corinthii,
1622 5100 1734 5156 Deo
1758 5100 1972 5171 quidem
1995 5102 2159 5157 bene-

569 5199 831 5265 dicentes,
861 5180 1130 5267 quod'vos
1158 5192 1225 5248 ab
1265 5194 1421 5249 idolis
1449 5193 1780 5259 liberaverit,
1820 5193 1946 5247 dum
1972 5208 2157 5248 rursus

569 5288 638 5343 ad
665 5288 875 5343 illorum
901 5299 1123 5342 mensas
1152 5284 1470 5339 aceurritis?
1496 5283 1645 5339 Calix
1671 5285 2051 5350 benedictionis,
2074 5284 2156 5337 cui

566 5380 925 5447 benedicimus,
948 5397 1112 5434 nonne
1135 5376 1525 5433 communicatio
1545 5379 1810 5451 sanguinis
1832 5376 2021 5435 Christi
2040 5390 2115 5432 est
2131 5377 2157 5430 2

568 5474 737 5531 Valde
765 5472 994 5528 fideliter
1020 5472 1154 5526 dixit
1195 5480 1249 5526 et
1298 5468 1613 5525 terribiliter
1653 5488 1668 5525 :
1708 5471 1813 5526 hoc
1856 5471 1998 5526 enim
2041 5469 2156 5524 vult

563 5566 868 5636 signiﬁcare
895 5580 912 5629 ;
942 5562 1055 5619 Hoc
1083 5562 1224 5633 quod
1270 5563 1327 5617 in
1355 5561 1524 5618 calice
1546 5569 1648 5624 est.
1678 5561 1809 5617 illud
1841 5563 2012 5633 ipsum
2049 5572 2151 5628 est,

564 5658 706 5727 quod
731 5672 799 5712 ex
830 5656 1000 5713 latere
1028 5653 1205 5721 ﬂuxit,
1232 5665 1286 5710 et
1313 5655 1458 5710 illius
1490 5669 1675 5709 sumus
1704 5655 2011 5725 participes.
2044 5654 2148 5708 Ca-

560 5748 721 5804 licem
750 5756 927 5803 autem
972 5745 1368 5802 benedictionis
1410 5746 1640 5807 vocavit,
1680 5745 1803 5815 quia
1846 5746 1995 5799 illum
2042 5760 2150 5814 pra:

566 5837 807 5897 manibus
850 5837 1129 5905 habentes,
1171 5836 1249 5894 sic
1280 5838 1453 5906 ipsum
1482 5836 1845 5904 celebramus,
1872 5836 2143 5894 admiran-

1394 412 1452 467 S.
1478 409 1755 468 ιοΑδΝις
1790 403 2265 466 CHRYSOSTOMI
2305 403 2620 461 ARCIIIEP.
2659 405 3186 466 CONSTANTINOP.

3769 414 3879 472 200

2288 526 2392 584 tes,
2420 526 2627 574 terrore
2654 519 2882 587 perculsi
2920 520 2990 575 de
3014 521 3266 576 inetTabili
3294 519 3459 590 dono,
3486 524 3875 581 benedicentes

2279 608 2423 679 quod
2447 609 2619 679 ipsum
2642 608 2906 676 eﬂ'uderit,
2942 622 3000 666 ut
3028 627 3096 667 ne
3124 613 3177 668 in
3201 630 3386 671 errore
3415 632 3790 685 maneremus;
3820 635 3876 673 et

2280 714 2386 755 nan
2410 701 2586 756 solum
2614 700 2884 769 etl'uderit,
2904 702 2999 756 sed
3029 703 3193 758 etiam
3215 721 3337 760 cum
3367 708 3541 777 ipsum
3566 710 3720 764 nobis
3743 726 3869 764 ont-

2283 790 2440 846 nihus
2468 793 2806 863 impertierit.
2841 792 3022 863 Itaque
3048 794 3093 848 si
3124 798 3436 866 sanguinem
3462 801 3637 870 cupis,
3671 802 3872 871 inquit,

2281 898 2350 939 ne
2378 882 2646 938 idolorum
2670 884 3130 940 aram.brutoruun
3159 886 3329 953 caede,
3360 890 3457 943 sed
3487 891 3659 945 altare
3687 906 3873 947 meum

2278 978 2537 1046 sanguine
2565 991 2687 1032 meo
2712 986 2953 1033 cruenta.
2987 977 3126 1044 Quid
3148 977 3247 1035 hac
3273 994 3332 1035 re
3363 980 3697 1038 horribilius?
3717 986 3872 1055 quid,

2279 1078 2482 1135 quaeso,
2505 1065 2826 1121 amabilius?

2348 1154 2404 1209 2.
2456 1156 2567 1211 lloc
2595 1166 2650 1211 ct
2677 1166 2947 1213 amatores
2977 1158 3201 1217 faciunt.
3236 1161 3371 1217 Cum
3401 1162 3586 1218 vident
3606 1178 3703 1220 eos
3730 1181 3875 1236 quos

2277 1259 2460 1303 amant
2484 1250 2658 1305 aliena
2688 1253 3132 1323 concupiscentes
3157 1262 3213 1308 et
3236 1270 3330 1310 sua
3366 1254 3749 1326 despicientes,
3772 1272 3873 1312 sua

2278 1340 2469 1397 dantes
2492 1344 2816 1413 persuadent
2844 1346 3133 1402 abscedere
3160 1347 3314 1402 abiis
3338 1362 3458 1418 qua:
3484 1348 3697 1403 illorum
3720 1362 3869 1405 sunt.

2278 1432 2386 1488 Sed
2419 1437 2509 1504 qui
2536 1447 2739 1502 amant,
2772 1438 2824 1493 in
2854 1440 3096 1509 pecuniis
3134 1450 3189 1495 et
3216 1441 3462 1496 vestibus
3486 1452 3539 1497 et
3565 1443 3873 1513 possessio-

2276 1525 2436 1580 nibus
2466 1524 2605 1581 banc
2647 1528 2906 1585 exhibent
2951 1530 3366 1598 liberalitatem;
3396 1534 3449 1588 in
3478 1537 3743 1605 sanguine
3769 1551 3873 1590 au-

2279 1623 2389 1672 tem
2444 1618 2625 1674 nullus
2665 1636 2922 1691 umquam
2954 1642 2967 1677 :
3013 1624 3260 1680 Christus
3286 1641 3413 1683 vero
3458 1628 3512 1683 in
3554 1628 3653 1684 hoc
3684 1643 3874 1684 curam

2278 1722 2428 1763 suam
2452 1712 2687 1767 ostendit
2714 1726 2769 1768 et
2793 1714 3072 1771 ardentem
3100 1733 3223 1788 erga
3256 1734 3359 1775 nos
3383 1722 3684 1777 caritatem.
3717 1723 3785 1778 Et
3817 1724 3873 1779 in

2278 1800 2445 1854 veteri
2473 1800 2689 1869 quidem
2721 1802 2859 1871 lege,
2883 1805 3005 1873 quia
3046 1806 3475 1876 imperfectiores
3494 1823 3668 1877 erant,
3706 1829 3873 1884 quem

2278 1889 2437 1945 idolis
2465 1890 2763 1949 offerebant
2801 1897 3138 1967 sanguinem,
3166 1915 3289 1954 eum
3319 1901 3436 1971 ipse
3464 1906 3718 1976 excipere
3741 1924 3871 1964 sus-

2279 1981 2455 2046 tinuit,
2488 1991 2545 2037 ut
2576 1985 2645 2037 ab
2688 1984 2791 2040 illis
2814 1986 3141 2057 abduceret;
3168 1991 3309 2059 quod
3338 1993 3513 2063 ipsum
3542 2012 3729 2055 rursus
3754 2012 3876 2056 erat

2275 2074 2476 2129 amoris
2508 2075 2834 2133 ineil'ahilis:
2877 2079 2965 2135 hic
3002 2089 3183 2137 autem
3226 2085 3280 2138 in
3325 2100 3439 2141 rem
3470 2087 3874 2148 horribiliorem

2276 2175 2331 2221 et
2358 2168 2873 2239 magnificentiorcm
2923 2176 3312 2234 sacerdotalem
3356 2183 3628 2237 transtulit
3671 2201 3873 2256 opera-

2278 2258 2497 2323 tionem,
2531 2260 2650 2329 ipso
2679 2271 2885 2318 mutato
2909 2266 3205 2335 sacrificio,
3234 2279 3290 2325 et
3316 2287 3413 2341 pro
3442 2273 3723 2331 brutorum
3755 2295 3875 2333 ma-

2275 2350 2509 2404 ctatiune
2526 2350 2759 2420 seipsum
2777 2352 3153 2422 jussitoﬂ‘erri.
3184 2358 3343 2414 Panis
3385 2379 3532 2433 quem
3551 2370 3873 2440 frangimus,

2277 2453 2443 2493 nonne
2468 2444 2855 2498 communicatio
2879 2447 3107 2515 corporis
3144 2447 3332 2503 Christi
3359 2464 3435 2505 cst
3454 2455 3481 2507 .’
3506 2455 3616 2513 Cur
3642 2475 3749 2513 non
3780 2462 3873 2515 di-

2275 2528 2371 2591 xit,
2406 2529 2781 2599 l’articipatio?
2806 2532 2937 2601 Quia
2982 2537 3145 2592 voluit
3181 2541 3306 2607 quid
3336 2544 3563 2613 amplius
3600 2549 3873 2618 significa-

2277 2632 2357 2683 re,
2391 2632 2445 2673 ct
2485 2636 2731 2691 magnam
2776 2624 3015 2681 iudicare
3059 2631 3515 2699 conjunctionem.
3556 2636 3671 2693 Non
3720 2643 3873 2698 enim

2275 2723 2397 2764 cum
2450 2713 2832 2784 participamus
2880 2725 3083 2774 tantum
3127 2730 3181 2777 et
3218 2726 3513 2796 sumimus,
3564 2730 3658 2786 sed
3702 2734 3873 2789 etiam

2274 2815 2395 2855 cum
2448 2805 2824 2877 conjungimur
2874 2813 3355 2870 communieamus.
3404 2819 3874 2886 Quemadmodum

2274 2892 2418 2945 enim
2448 2909 2642 2987 corpus
2687 2898 2818 2953 illud
2862 2900 3079 2957 Christo
3113 2904 3392 2975 jungitur:
3424 2910 3495 2965 ita
3536 2923 3587 2967 et
3632 2930 3732 2971 nos
3772 2932 3875 2987 per

2274 2997 2467 3079 panem
2494 2985 2636 3079 hunc
2663 2990 2896 3046 unimur.
2927 2992 3034 3047 Cur
3058 3005 3235 3051 autem
3266 2999 3492 3067 addidit,
3526 3003 3686 3071 Quem
3709 2985 3872 3079 in}..-

2272 3076 2477 3147 gimus?
2502 3078 2603 3135 hoc
2642 3082 2786 3137 enim
2831 3083 2885 3140 in
2923 3085 3243 3143 eucharistia
3286 3090 3398 3147 fieri
3432 3094 3612 3151 videre
3650 3076 3763 3166 est;
3812 3103 3869 3156 in

2271 3182 2433 3224 cruce
2463 3186 2589 3227 vero
2618 3188 2723 3228 non
2756 3175 2881 3230 item
2901 3217 2916 3241 ,
2949 3177 3055 3231 imo
3077 3182 3405 3237 contrarium
3432 3201 3445 3237 :
3480 3186 3553 3240 ait
3580 3189 3727 3243 enim
3746 3231 3763 3256 ,
3796 3192 3873 3246 0s

2273 3277 2373 3313 non
2402 3265 2767 3319 comminuetur
2813 3267 3011 3338 (Num.
3044 3270 3096 3326 9.
3132 3272 3433 3340 12;E.1:od.
3468 3276 3553 3331 ιε.
3594 3280 3663 3333 46
3678 3278 3722 3351 ).
3760 3283 3872 3338 Sed

2270 3352 2413 3423 quod
2445 3368 2549 3408 non
2580 3370 2769 3425 passus
2810 3369 2893 3414 cst
2916 3361 2967 3414 in
2993 3376 3184 3431 cruce,
3215 3363 3317 3421 hoc
3343 3380 3561 3438 propter
3586 3380 3639 3426 te
3663 3374 3871 3442 patitur

2274 3446 2328 3498 in
2374 3444 2683 3515 oblatione,
2728 3459 2784 3503 et
2824 3449 2996 3522 frangi
3046 3455 3247 3524 patitur
3288 3466 3345 3525 ut.
3387 3472 3576 3515 omnes
3619 3464 3867 3533 impleat.

2272 3537 2474 3594 Deinde
2500 3540 2619 3608 quia
2660 3541 2837 3608 dixit,
2873 3543 3274 3602 Commuuicatio
3302 3553 3530 3621 corporis
3549 3595 3564 3619 ,
3594 3556 3743 3625 quod
3767 3574 3871 3613 au-

2272 3636 2381 3683 tem
2416 3633 2809 3701 communicat,
2854 3635 2996 3690 aliud
3028 3649 3109 3694 est
3141 3638 3207 3694 ab
3248 3654 3314 3695 eo
3352 3642 3439 3696 cui
3466 3646 3869 3714 communicat;

2272 3720 2408 3775 hanc
2437 3723 2618 3785 etiam,
2649 3738 2767 3793 qua:
2807 3740 2969 3795 parva
3009 3728 3285 3783 videbatur
3313 3745 3462 3800 esse,
3502 3733 3868 3793 differentiam

2269 3815 2503 3869 sustulit.
2525 3816 2659 3870 Cum
2698 3816 2924 3873 dixisset
2951 3819 3093 3875 enim
3120 3863 3134 3887 ,
3168 3820 3569 3880 Communicatio
3605 3835 3866 3900 corporis,

2268 3907 2516 3977 qun-sivit
2563 3922 2776 3963 rursum
2823 3910 3024 3980 aliquid
3082 3914 3430 3983 propinquius
3471 3916 3695 3985 dicere;
3742 3922 3873 3977 ideo

2267 3996 2585 4066 subjunxit:
2616 4000 2705 4054 l7.
2751 4000 3004 4066 Quoniam
3049 4019 3181 4057 unus
3226 4005 3375 4070 panis
3412 4014 3458 4060 et
3493 4024 3650 4062 unum
3678 4028 3873 4081 corpus

2268 4090 2418 4143 multi
2452 4107 2646 4145 sumus.
2675 4092 2813 4159 Quid
2843 4094 3008 4162 enim,
3040 4095 3231 4165 inquit,
3261 4096 3383 4151 dico
3411 4102 3866 4157 communicatio-

2268 4183 2433 4237 nem?
2461 4184 2587 4238 illud
2612 4185 2783 4253 ipsum
2806 4201 2999 4256 corpus
3020 4204 3227 4245 sumus.
3252 4190 3392 4258 Quid
3412 4204 3492 4247 est
3513 4195 3660 4247 enim
3684 4198 3868 4263 panis?

2267 4274 2477 4345 Corpus
2517 4277 2739 4331 Christi.
2784 4278 2920 4344 Quid
2963 4289 3140 4335 autem
3182 4282 3314 4336 fiunt
3349 4286 3814 4342 communicantes
3842 4292 3869 4341 ’ὲ

2266 4370 2477 4441 Corpus
2499 4370 2731 4437 Christi;
2760 4387 2866 4426 non
2897 4388 3121 4442 corpora
3166 4375 3355 4441 multa,
3388 4376 3485 4430 sed
3527 4392 3691 4432 unum
3732 4395 3858 4436 cor-

2269 4476 2386 4532 pus.
2414 4462 2561 4517 Sicut
2590 4463 2735 4517 enim
2765 4464 2917 4532 panis
2946 4478 3012 4516 ex
3040 4464 3221 4517 multis
3240 4465 3423 4534 granis
3441 4477 3716 4537 constans,
3742 4473 3865 4526 nni-

2270 4566 2354 4611 tus
2380 4565 2481 4623 est,
2525 4558 2596 4610 ita
2641 4567 2699 4611 ut
2737 4571 2905 4626 grana
2946 4570 3207 4625 nusquam
3256 4571 3579 4627 appareant;
3610 4562 3706 4617 sed
3749 4563 3863 4619 sint

2267 4649 2480 4716 quidem
2508 4648 2642 4719 ipsa,
2677 4664 2784 4705 non
2827 4647 3107 4705 manifesta
3135 4658 3315 4706 autem
3346 4653 3415 4706 sit
3450 4652 3665 4708 illorum
3694 4653 3858 4711 diﬂ'e-
3888 4704 3899 4710 -

2268 4742 2439 4792 rentia
2478 4752 2698 4812 propter
2746 4743 3179 4811 conjunctionem
3214 4761 3228 4799 :
3270 4744 3348 4799 sic
3375 4761 3476 4800 nos
3499 4753 3557 4799 et
3584 4754 3775 4801 mutuo
3806 4760 3862 4804 et

2267 4843 2387 4882 eum
2412 4828 2626 4884 Christo
2655 4831 3050 4901 conjungimur.
3080 4833 3196 4890 Non
3235 4835 3378 4889 enim
3418 4847 3485 4887 ex
3529 4833 3703 4889 altero
3728 4852 3858 4893 cor-

2268 4920 2615 4989 poreltic,ex
2642 4920 2811 4976 altero
2839 4924 2930 4977 ille
2975 4925 3225 4987 nutritur,
3257 4920 3352 4977 sed
3394 4937 3461 4975 ex
3503 4923 3695 4980 eodem
3738 4928 3859 5000 ipso

2265 5025 2452 5065 omnes
2490 5028 2503 5065 :
2549 5012 2776 5084 ideoque
2806 5015 3021 5084 adjecit,
3070 5014 3263 5067 Omnes
3304 5012 3438 5068 enim
3485 5031 3675 5073 exuno
3723 5038 3859 5092 pane

2265 5106 2647 5175 participamus.
2695 5107 2749 5162 Si
2780 5114 2959 5160 autem
2988 5120 3055 5158 ex
3081 5103 3293 5170 eodem,
3326 5114 3381 5160 cl.
3420 5108 3648 5180 idipsum
3685 5112 3858 5169 emti-

2264 5212 2383 5251 mur
2408 5212 2619 5263 ornnes,
2647 5212 2743 5250 cur
2774 5210 2880 5249 non
2914 5193 3160 5248 eamdem
3198 5198 3477 5253 caritatem
3510 5201 3853 5269 exhibemus,

2262 5297 2318 5344 et
2342 5304 2405 5344 ea
2454 5289 2665 5343 ratione
2698 5301 2860 5340 unum
2901 5284 3208 5341 efficimur?
3248 5288 3383 5345 Nam
3428 5292 3556 5347 olim
3585 5294 3853 5363 majorum

2262 5392 2567 5436 nostrorum
2600 5390 2842 5449 tempore
2867 5378 2969 5435 hoc
2993 5390 3109 5436 erat
3134 5399 3148 5435 :
3180 5382 3529 5439 Huititudinis
3557 5387 3701 5440 enim
3735 5404 3852 5443 cre-

2261 5473 2506 5541 dentium,
2537 5472 2730 5543 inquit,
2754 5487 2845 5525 cor
2884 5488 3041 5528 unum
3067 5484 3113 5529 et
3139 5475 3311 5529 animo
3339 5493 3442 5530 una
3466 5485 3574 5530 erat
3610 5475 3746 5546 (Aet.
3792 5480 3847 5535 Δ.

2260 5563 2374 5632 32).
2401 5566 2471 5619 At
2496 5577 2603 5617 non
2643 5577 2803 5627 nunc,
2848 5563 2955 5618 imo
2984 5572 3153 5619 totum
3182 5566 3511 5621 contrarium
3545 5583 3560 5619 :
3592 5567 3762 5624 multa
3798 5578 3852 5627 et

2261 5655 2401 5709 varia
2430 5663 2556 5709 sunt
2598 5651 2739 5706 inter
2767 5669 2957 5711 omnes
3001 5656 3163 5723 bella,
3211 5664 3267 5712 et
3308 5656 3435 5710 feris
3484 5656 3680 5714 saevius
3716 5658 3849 5717 aﬂ'e-

2257 5746 2327 5801 cti
2376 5759 2563 5800 sumus
2607 5744 2743 5797 alter
2794 5743 2846 5800 in
2889 5746 3114 5801 alterius
3169 5744 3429 5801 membra.
3491 5744 3553 5801 Et
3598 5749 3849 5808 Christus

2258 5839 2475 5910 quidem
2516 5847 2587 5907 te,
2638 5837 2739 5894 etsi
2790 5848 2993 5895 tantum
3045 5839 3114 5895 ab
3162 5838 3280 5909 ipso
3310 5836 3672 5912 disjunctum,
3723 5844 3843 5901 uti-
