4086 6340
148 349 262 407 Ξοι

146 471 226 524 vit
269 489 282 522 :
316 479 374 523 ιιι
415 481 553 523 vero
596 478 664 520 nc
707 460 855 517 fratri
906 457 1119 530 quidem
1162 453 1312 524 jungi
1351 446 1587 521 dignaris
1631 457 1752 498 cum

146 561 345 615 debita
393 557 757 618 accuratioue,
796 552 889 607 sed
932 547 1199 610 abscindis
1240 554 1314 609 te,
1354 550 1557 596 tantam
1591 551 1619 589 a
1656 535 1759 589 Do-

149 653 314 704 mino
342 659 402 704 et
425 648 700 703 caritatem
729 654 783 700 et
809 644 969 697 vitam
991 645 1376 707 consequutus.
1403 631 1585 699 Neque
1614 625 1756 680 enim

149 738 516 795 solummodo
553 751 748 806 corpus
776 748 930 789 suum
970 730 1152 794 dedit;
1187 725 1279 780 sed
1308 722 1427 794 quia
1463 720 1605 789 prior
1632 731 1756 770 ear-

150 835 241 887 nis
278 843 475 887 natura
522 846 590 887 ex
632 839 772 884 terra
801 825 1048 886 formata,
1075 835 1103 875 a
1137 826 1354 888 peccato
1398 812 1545 882 prius
1584 816 1756 863 morte

151 925 363 980 affecta
395 933 449 978 et
478 923 674 976 amissa
719 919 825 974 vita
862 916 1055 978 aliam,
1096 919 1153 964 ut
1193 908 1311 976 quis
1350 903 1566 966 dixerit,
1610 914 1754 953 mas-

151 1032 281 1072 sam
346 1023 403 1070 et
457 1014 777 1068 fermentum
832 1003 1078 1069 induxit;
1129 1013 1343 1054 carnem
1394 1009 1587 1057 suam,
1635 1006 1755 1059 quae

151 1119 361 1163 natura
408 1107 595 1161 eadem
643 1110 779 1164 erat,
826 1105 1042 1170 peccato
1085 1103 1264 1148 autem
1308 1091 1529 1145 liberam
1555 1094 1609 1140 et
1648 1085 1753 1138 vita

151 1206 404 1274 plenam.
433 1199 682 1257 omnibus
719 1190 1139 1266 participandam
1175 1186 1340 1250 dedit,
1377 1191 1436 1236 ut
1468 1196 1531 1236 ea
1571 1177 1753 1233 nutriti

148 1271 206 1352 et
239 1294 494 1365 deposita
539 1292 717 1363 priore
745 1303 862 1358 qua:
914 1293 1120 1339 mortua
1164 1290 1300 1342 erat,
1348 1277 1400 1330 in
1445 1274 1604 1327 vitam
1651 1271 1752 1322 im-

152 1386 456 1441 mortalem
490 1399 585 1454 per
631 1381 767 1436 hanc
808 1389 1044 1431 mensam
1090 1379 1484 1438 coaptareuiur.
1537 1363 1624 1417 l8.
1659 1357 1752 1411 Vi-

150 1481 275 1533 dete
320 1476 492 1532 Israel
543 1472 815 1528 secundum
859 1482 1059 1521 carnem
1095 1481 1114 1517 :
1152 1477 1316 1515 nonne
1354 1458 1439 1527 qui
1474 1457 1627 1510 edunt
1665 1454 1755 1503 hoc

148 1571 309 1633 stias,
337 1567 611 1635 participes
640 1572 754 1617 sunt
774 1558 992 1612 altaris?
1018 1555 1222 1609 Rursus
1243 1567 1307 1605 ex
1341 1548 1505 1602 veteri
1539 1547 1654 1614 lege
1683 1543 1750 1595 ad

154 1664 305 1716 idem
337 1654 565 1714 inducit.
597 1656 726 1723 Quia
773 1657 916 1708 enim
965 1649 1121 1718 longe
1166 1642 1546 1698 imbecilliores
1599 1642 1751 1690 erant

151 1769 324 1822 qnam
359 1761 417 1803 ut
443 1750 704 1804 dictorum
742 1741 1160 1814 magnitudinem
1188 1739 1442 1804 caperent
1461 1772 1475 1796 ,
1505 1745 1533 1782 a
1559 1727 1750 1798 priori-

152 1817 257 1898 bus
293 1852 348 1898 et
385 1842 613 1895 assuetis
641 1839 744 1892 illis
774 1832 1081 1907 persuadet.
1116 1830 1180 1883 Et
1209 1825 1451 1896 apposite
1490 1823 1601 1886 ait,
1651 1817 1748 1872 Se-

148 1938 388 1989 cundum
415 1949 638 1996 carnem,
664 1929 802 2001 quod
823 1926 921 1996 ipsi
951 1932 1131 1980 essent
1160 1918 1454 1976 secundum
1482 1914 1748 1984 Spiritum.

152 2031 273 2084 Hoc
307 2038 488 2082 autem
517 2024 628 2077 vult
658 2022 958 2091 signiﬁcare
984 2035 996 2069 :
1021 2016 1194 2070 Etiam
1219 2029 1244 2062 ιι
1277 2007 1628 2065 crassioribus
1655 2003 1750 2056 do-

149 2121 360 2174 ccmini
386 2160 398 2181 ,
431 2115 573 2185 quod
602 2113 690 2184 qui
721 2109 922 2164 hostias
947 2105 1230 2162 comedunt
1260 2141 1274 2165 ,
1323 2097 1605 2168 participes
1646 2093 1750 2146 sint

150 2209 371 2264 altaris.
406 2204 591 2258 Viden‘
621 2199 887 2272 quomodo
911 2194 1155 2251 ostendat
1185 2206 1297 2253 eos,
1326 2189 1413 2256 qui
1445 2186 1748 2238 viderentur

149 2317 278 2355 esse
305 2298 551 2370 perfecti,
579 2311 683 2349 non
706 2293 906 2346 habere
940 2288 1223 2360 perfectam
1255 2281 1610 2350 cognitionem
1641 2317 1655 2340 ,
1703 2273 1746 2328 si

151 2409 224 2448 ne
251 2395 359 2447 hoc
381 2391 597 2459 quidem
630 2388 861 2450 scirent,
896 2381 1036 2452 quod
1059 2395 1122 2434 ex
1156 2379 1240 2431 his
1269 2389 1410 2442 saepe
1451 2368 1748 2426 communi-

147 2487 298 2540 catio
328 2483 578 2554 qumdam
610 2482 786 2535 multis
817 2480 884 2531 sit
911 2486 964 2531 et
989 2473 1217 2528 amicitia
1248 2485 1369 2524 cum
1394 2462 1744 2526 dmmonibus,

146 2575 555 2633 mtisuetudine
604 2573 854 2643 paulatim
901 2571 1045 2638 ipsos
1098 2562 1443 2619 attrahente?
1496 2559 1549 2614 Si
1603 2556 1744 2611 enim

147 2669 295 2740 apud
322 2667 570 2720 homines
594 2664 721 2717 salis
765 2672 819 2715 et
866 2673 1065 2714 mensae
1106 2656 1412 2723 coniunctio
1438 2693 1453 2716 ,
1497 2647 1746 2704 amicitiae

147 2759 375 2815 occasio
406 2765 460 2811 et
485 2753 782 2827 symbolum
812 2761 893 2806 est
917 2792 931 2816 ,
966 2749 1193 2818 idipsum
1221 2757 1273 2799 et
1315 2746 1365 2798 in
1413 2739 1745 2796 daemonibus

147 2859 473 2920 contingere
509 2855 708 2917 potest.
748 2844 827 2900 Tu
858 2857 986 2898 vero
1017 2839 1146 2896 mihi
1179 2835 1449 2908 perpende
1477 2830 1745 2904 quomodo

148 2944 214 2995 de
244 2940 456 2996 Iudaeis
485 2936 700 3009 quidem
732 2950 837 2989 non
870 2931 1065 2986 dixerit
1091 2971 1105 2995 ,
1135 2927 1277 2998 quod
1307 2941 1428 2981 cum
1463 2925 1570 2978 Deo
1592 2935 1741 2976 eom-

147 3033 456 3095 municent,
487 3029 603 3095 sed,
639 3027 788 3092 Quod
817 3023 1087 3094 participes
1114 3021 1289 3074 altaris
1310 3029 1465 3080 sunt;
1497 3015 1746 3069 urebatur

144 3124 297 3176 enim
354 3120 498 3189 quod
554 3116 950 3186 superpositum
1009 3120 1167 3165 erat:
1199 3111 1253 3162 in
1292 3121 1518 3176 corpore
1566 3112 1742 3157 autem

145 3212 357 3268 Christi
387 3225 494 3264 nou
522 3209 599 3262 sic
623 3224 637 3270 ;
670 3206 764 3259 sed
791 3202 1098 3275 quomodo?
1142 3197 1536 3254 Communicatio
1560 3210 1743 3262 corpo-

146 3307 220 3357 ris
256 3300 471 3356 Domini
493 3310 585 3354 est.
611 3297 726 3352 Non
753 3299 895 3353 enim
923 3295 1107 3349 altaris
1131 3333 1146 3356 ,
1197 3289 1291 3345 sed
1336 3289 1501 3359 ipsius
1543 3286 1742 3340 Christi

150 3395 451 3465 participes
482 3391 764 3448 efficimur.
797 3385 929 3444 Cum
958 3397 1132 3443 autem
1161 3383 1424 3447 dixisset,
1462 3379 1744 3447 Participcs

148 3497 272 3540 sunt
295 3485 500 3549 altaris,
525 3481 718 3537 deinde
746 3481 939 3534 timens
969 3493 1036 3533 ne
1063 3477 1336 3530 videretur
1364 3474 1429 3527 de
1473 3470 1628 3526 idolis
1669 3469 1743 3523 lo-

151 3578 240 3647 qui
265 3618 282 3642 ,
319 3590 383 3630 ac
417 3576 462 3627 si
495 3580 811 3643 potestatem
836 3569 1119 3640 quamdam
1152 3566 1412 3620 haberent
1453 3570 1507 3616 et
1547 3575 1743 3616 nocere

152 3677 376 3737 possent
399 3680 413 3729 ;
448 3664 569 3717 vide
589 3662 857 3732 quomodo
887 3661 988 3715 hoc
1009 3661 1076 3714 de
1103 3658 1280 3713 medio
1308 3657 1457 3711 tollat
1483 3695 1497 3719 ,
1527 3668 1739 3706 rursum

155 3760 345 3812 dicens
373 3773 385 3809 :
420 3755 510 3810 19.
547 3753 683 3820 Quid
707 3767 823 3823 ergo
853 3751 1009 3805 dico?
1037 3748 1173 3819 quod
1196 3747 1388 3801 idolum
1410 3747 1474 3797 sit
1511 3742 1738 3812 aliquid,

154 3860 241 3902 aut
263 3849 416 3902 idolis
441 3846 756 3900 immolatum
783 3844 846 3899 sit
871 3842 1063 3912 aliquid
1086 3842 1107 3859 "
1181 3851 1193 3864 '

223 3941 279 3994 3.
314 3939 440 3993 Ihec
466 3944 644 3991 autem
675 3936 816 4002 dico,
848 3934 1037 4003 inquit,
1065 3940 1119 3987 et
1143 3929 1212 3985 de
1234 3928 1410 3984 medio
1437 3927 1564 3982 tollo
1589 3967 1602 3991 ,
1636 3941 1741 3979 non

152 4031 295 4101 quod
327 4030 535 4101 possint
556 4028 693 4081 idola
723 4026 774 4080 in
806 4025 984 4095 aliquo
1022 4036 1217 4076 nocere
1241 4028 1332 4073 aut
1373 4019 1604 4086 aliquam
1635 4016 1740 4069 vim

157 4125 425 4186 habeant;
451 4120 581 4174 nihil
603 4128 725 4173 sunt
746 4118 920 4180 enim;
962 4115 1055 4170 sed
1081 4114 1202 4168 volo
1231 4127 1324 4167 vos
1353 4126 1413 4166 ea
1441 4109 1737 4177 despicere.

159 4219 219 4271 lit
241 4216 284 4270 si
311 4215 412 4277 vis,
438 4212 665 4283 inquies,
687 4225 782 4264 nos
802 4225 862 4263 ea
881 4208 1178 4277 despicere,
1199 4221 1295 4260 cur
1309 4220 1429 4258 cum
1453 4201 1628 4256 studio
1645 4217 1741 4256 nos

155 4312 220 4362 ab
244 4309 350 4361 illis
363 4305 621 4360 abducis?
648 4304 782 4371 Quia
811 4317 915 4356 non
944 4299 1241 4354 offeruntur
1265 4297 1492 4350 Domino
1517 4305 1627 4348 ttto.
1645 4295 1736 4348 20.

161 4400 288 4463 Quae
303 4395 438 4448 enirn
459 4393 721 4446 inmolant
736 4403 926 4463 gentes,
957 4389 1144 4460 inquit,
1168 4387 1431 4440 dazmoniis
1454 4385 1738 4449 immolant,

154 4498 198 4539 et
219 4501 326 4539 non
354 4482 479 4537 Deo.
500 4482 576 4537 Ne
592 4484 819 4537 curratis
837 4496 964 4551 ergo
978 4479 1045 4534 ad
1060 4477 1348 4534 contraria.
1368 4477 1550 4545 Neque
1570 4475 1736 4540 enim,

154 4583 196 4633 si
219 4577 363 4648 regis
381 4575 521 4629 filius
544 4588 713 4639 esses,
738 4572 932 4627 deinde
958 4586 1141 4626 mensa
1167 4570 1346 4624 fruens
1376 4576 1619 4635 paterna,
1649 4565 1737 4619 illa

156 4669 363 4732 relicta,
391 4664 766 4720 damnatorum
797 4670 852 4715 et
880 4662 1178 4715 vinctorum
1201 4660 1252 4713 in
1291 4671 1510 4711 carcere
1539 4671 1741 4710 mensa:

155 4775 382 4814 consors
412 4773 534 4813 esse
558 4755 722 4810 velles
742 4794 758 4820 ,
794 4753 847 4807 id
887 4760 1037 4822 pater
1065 4751 1433 4820 permitteret;
1485 4749 1592 4804 imo
1618 4763 1738 4803 eum

156 4849 496 4905 vehementia
520 4863 707 4919 magna
730 4856 782 4902 te
808 4845 1134 4907 abduceret,
1157 4856 1263 4897 non
1295 4841 1436 4913 quod
1464 4856 1645 4896 mensa
1685 4849 1738 4894 te

157 4941 351 4995 Ledere
373 4950 574 5007 posset,
600 4939 694 4994 Sed
720 4936 861 5010 quod
881 4950 950 4992 .ea
981 4934 1312 4988 nobilitatem
1341 4944 1481 4988 tuam
1509 4942 1563 4988 et
1584 4948 1736 4988 men-

153 5047 263 5085 sam
299 5031 501 5099 regiam
531 5031 898 5087 dedecoraret.
929 5028 1065 5083 Sunt
1084 5025 1230 5081 enim
1259 5026 1310 5078 hi
1347 5041 1558 5095 quoque
1596 5022 1739 5080 servi

155 5122 401 5186 scelesti,
430 5121 689 5186 infames,
715 5122 950 5177 damnati
977 5163 992 5189 ,
1031 5117 1192 5175 vincti
1214 5159 1229 5182 ,
1268 5116 1587 5170 intolerabili
1614 5131 1739 5182 sup-

159 5213 322 5283 plicio
348 5211 649 5274 reservati,
677 5213 834 5267 malis
864 5211 1080 5267 obnoxii
1111 5207 1423 5265 innumeris.
1457 5203 1738 5273 Quomodo

160 5321 282 5376 ergo
317 5318 420 5358 non
456 5301 727 5356 erubescis
755 5317 911 5358 more
932 5302 1241 5357 helluonum
1282 5306 1338 5353 et
1373 5293 1734 5360 illiberalium,

158 5413 272 5452 cum
299 5393 535 5452 damnati
554 5391 630 5446 illi
659 5405 898 5447 mensam
925 5401 1220 5461 apponunt,
1244 5391 1366 5446 illuc
1382 5401 1661 5443 accurrere
1685 5397 1738 5443 et

160 5487 523 5558 appositorum
563 5482 831 5554 particeps
860 5484 1018 5537 esse?
1061 5482 1187 5539 Ideo
1238 5491 1291 5539 te
1323 5481 1572 5538 abduco:
1614 5493 1736 5533 nam

161 5579 544 5634 immolantium
577 5589 773 5643 scepus
802 5581 857 5629 et
883 5573 1255 5644 accipientium
1285 5588 1536 5646 persona,
1568 5586 1735 5643 appo-

161 5667 253 5723 sita
282 5667 513 5724 reddunt
538 5669 768 5736 impura.
801 5662 941 5718 Nolo
978 5674 1147 5718 autem
1175 5682 1261 5722 vos
1286 5668 1448 5722 socios
1489 5666 1598 5735 ﬁeri
1625 5664 1734 5719 due-

161 5764 451 5820 moniorum.
479 5757 723 5817 Vidistin'
743 5756 1029 5812 amicitiam
1061 5757 1226 5828 patris
1248 5775 1428 5817 curam
1451 5756 1688 5830 gerentis
1709 5759 1737 5813 τ

1201 337 1268 395 IN
1306 334 1520 393 EPIST.
1562 327 1582 385 1
1643 325 1734 383 ΑΙ)
1773 324 1928 381 COR.
1975 325 2203 388 llOMlL.
2248 331 2435 389 XXIV.

3344 331 3455 387 20!

1871 437 2104 531 vidistin'
2133 443 2334 498 dictum
2379 446 2547 516 ipsum
2594 448 2733 518 quod
2777 451 3023 508 allectum
3055 471 3175 512 cunt
3207 464 3444 531 emphasi

1865 530 2157 587 exhibeat?
2183 534 2326 589 Nihil
2357 539 2498 591 enim
2528 553 2647 592 cum
2677 540 2779 594 illis
2808 557 3093 601 commune
3124 564 3219 605 vos
3252 530 3456 610 habere.

1863 622 2008 689 volo,
2037 627 2226 694 inquit.
2259 628 2460 684 Deinde
2484 633 2606 702 quia
2633 632 3020 693 adhortationis
3047 641 3210 696 modo
3235 659 3446 700 sermo-

1864 729 1986 769 nent
2020 716 2320 785 induxerat,
2353 737 2421 776 tte
2461 724 2579 791 quis
2607 741 2672 779 ex
2702 728 3052 785 crassioribus
3104 734 3152 788 id
3199 750 3441 792 contento

1864 816 2033 869 ucret,
2060 811 2209 877 quasi
2245 822 2557 879 potestatein
2594 818 2813 884 habens,
2857 823 2976 890 quia
3003 823 3226 891 dixerat,
3265 827 3446 894 Nolo;

1864 909 1935 963 et,
1976 898 2071 954 l'os
2088 903 2348 971 judicate,
2390 911 2709 964 sententiam
2742 922 2794 966 et
2835 914 3004 984 legem
3036 928 3216 985 postea
3261 926 3446 979 statuit

1862 990 2082 1045 dicens:
2133 992 2252 1047 Non
2294 999 2499 1061 potestis
2527 1001 2735 1055 calicem
2766 1003 2974 1060 Domini
3014 1010 3177 1065 bibere
3215 1022 3260 1067 et
3315 1017 3442 1068 cali-

1862 1096 1969 1133 cem
2021 1083 2383 1138 dtemoniorum
2435 1105 2454 1140 :
2509 1089 2597 1143 21.
2659 1109 2760 1145 non
2805 1099 3012 1162 potestis
3076 1117 3260 1156 mensa
3331 1078 3442 1158 Do-

1863 1173 1986 1224 mini
2042 1190 2148 1227 esse
2207 1177 2477 1247 participes
2526 1191 2571 1233 et
2635 1198 2820 1236 mensa:
2868 1187 3254 1247 dtemoniomnt.
3305 1195 3448 1250 Solis

1861 1263 2040 1318 Verbis
2088 1275 2170 1320 est
2235 1278 2516 1323 contentus
2576 1281 2633 1325 ut
2689 1274 2938 1330 abducat.
3015 1279 3222 1335 Deinde
3271 1288 3441 1352 pudo-

1862 1367 1973 1408 rem
2026 1356 2289 1412 incutiens
2322 1378 2333 1412 :
2363 1361 2450 1413 92.
2489 1363 2564 1415 An
2594 1368 2894 1420 auttulamur
2927 1367 3241 1428 Dominum?
3287 1395 3438 1432 num-

1858 1449 1981 1516 quid
2009 1452 2239 1520 fortiores
2263 1453 2349 1506 illo
2377 1458 2593 1508 sumus?
2621 1456 2671 1511 ld
2704 1469 2782 1511 est
2806 1502 2818 1525 ,
2850 1471 3112 1520 leniamus
3152 1482 3270 1522 eum
3313 1487 3435 1525 num

1861 1541 2027 1607 possit
2056 1558 2151 1594 nos
2192 1546 2409 1612 punire,
2458 1558 2510 1600 ct
2541 1548 2808 1604 irritamus
2849 1569 2966 1607 eum
3008 1556 3071 1609 ad
3102 1560 3438 1618 adversarii»;

1859 1629 2188 1696 deficientes,
2221 1642 2273 1685 et
2297 1649 2414 1686 cum
2447 1637 2674 1693 inimicis
2703 1641 2816 1709 ejus
2840 1645 2890 1696 in
2913 1646 3025 1699 acie
3051 1653 3297 1705 stantes?
3330 1653 3437 1708 [loc

1857 1729 2034 1774 antem
2085 1722 2252 1787 dixit,
2296 1724 2347 1776 in
2393 1731 2703 1782 memoriam
2752 1733 2856 1785 illis
2903 1751 3160 1792 revocans
3203 1751 3436 1798 veterem

1860 1810 2156 1875 historiam,
2187 1825 2240 1868 et
2273 1824 2478 1884 patrum
2507 1823 3003 1889 transgressionem.
3031 1826 3153 1881 Ideo
3181 1829 3278 1884 hac
3312 1850 3436 1889 usus

1858 1912 1937 1957 est
1966 1919 2112 1963 voce,
2135 1922 2236 1974 qua
2266 1907 2521 1963 adversus
2548 1910 2761 1966 Judaeos
2782 1914 2991 1986 Moyses
3017 1920 3144 1973 olim
3172 1937 3299 1976 usus
3332 1936 3432 1982 est.

1859 2010 2116 2050 accusans
2159 2013 2250 2053 eos
2288 1999 2354 2053 de
2402 2001 2698 2057 idololatria
2745 2023 2807 2059 ex
2852 2023 3078 2077 persona
3128 2012 3221 2068 Dei
3263 2032 3276 2067 :
3329 2014 3435 2084 Ipsi

1857 2091 2000 2139 enim
2030 2130 2045 2154 ,
2089 2091 2290 2160 inquit,
2321 2107 2712 2162 prorocaverunt
2742 2115 2819 2154 me
2865 2103 2914 2153 in
2964 2120 3020 2155 eo
3058 2107 3144 2173 qui
3187 2123 3283 2161 non
3332 2121 3438 2163 erat

1858 2176 1996 2230 Dcus
2017 2221 2030 2242 ,
2059 2181 2380 2236 irritavcrunt
2419 2202 2496 2238 me
2533 2188 2584 2239 in
2615 2189 2764 2242 idolis
2804 2195 2907 2246 suis
2937 2197 2953 2261 (
2979 2194 3125 2248 Deut.
3175 2199 3260 2252 52.
3317 2201 3434 2266 21).

1858 2267 1997 2319 Num
2025 2269 2117 2321 illo
2150 2274 2380 2339 fortiores
2410 2293 2584 2330 sumus
2609 2281 2632 2331 ?
2655 2278 2895 2336 Vidistin’
2941 2299 3097 2353 quam
3127 2289 3440 2347 terribiliter

1855 2367 1908 2413 ct
1940 2359 2265 2417 horribiliter
2297 2365 2438 2433 ipsos
2469 2368 2793 2437 increpavit,
2836 2374 2978 2443 ipsos
3018 2392 3201 2433 eorum
3241 2398 3437 2438 nervos

1855 2453 2187 2517 concutiens,
2214 2471 2271 2507 ea
2299 2471 2358 2509 re
2383 2458 2431 2510 in
2458 2459 2838 2516 absurditatetn
2868 2466 3116 2533 adducta,
3140 2471 3255 2526 illos
3286 2477 3436 2529 valde

1856 2543 2260 2613 perstringens,
2294 2546 2611 2617 illorumque
2665 2560 2924 2608 tumorem
2975 2558 3321 2627 deprimens?
3371 2566 3436 2619 Et

1853 2649 1968 2698 cur,
2003 2637 2228 2706 inquies,
2261 2639 2374 2694 haec
2401 2640 2469 2695 ab
2497 2642 2647 2697 initio
2675 2658 2778 2698 non
2807 2649 3000 2715 posuit,
3031 2666 3148 2720 quae
3173 2654 3293 2709 illos
3325 2673 3438 2711 ma-

1853 2726 1994 2781 xime
2023 2729 2413 2783 abduxissent?
2444 2733 2575 2799 Quia
2605 2749 2719 2789 mos
2741 2748 2824 2791 est
2853 2739 2925 2791 illi
2969 2741 3204 2808 pluribus
3233 2761 3295 2800 ea
3317 2764 3434 2816 qua:

1854 2817 1963 2870 vult
1993 2819 2217 2887 probare
2241 2860 2256 2884 ,
2291 2829 2344 2872 et
2374 2822 2592 2876 fortiora
2625 2827 2807 2881 ultima
2840 2845 3067 2898 ponere,
3106 2846 3262 2906 atque
3291 2854 3357 2893 ex
3388 2844 3435 2894 vi

1854 2924 2040 2978 magna
2073 2909 2306 2964 vincere.
2352 2909 2476 2966 Ideo
2515 2928 2543 2966 a
2574 2914 2868 2972 minoribus
2916 2936 3107 2988 orsus,
3156 2927 3219 2980 ad
3275 2942 3436 2998 caput

1856 3003 2114 3055 malorum
2147 3005 2310 3055 venit.
2336 3003 2424 3058 Sic
2455 3004 2628 3059 ethoc
2652 3008 2817 3077 magis
2843 3023 3118 3081 acceptum
3145 2993 3259 3080 fuit,
3286 2993 3430 3086 prio—

1853 3094 2001 3148 ribus
2031 3095 2253 3148 delinito
2284 3096 2494 3149 illorum
2522 3098 2722 3152 animo.
2759 3098 2943 3155 Omnia
2989 3104 3110 3156 mihi
3141 3107 3309 3171 licent,
3345 3113 3448 3165 sett-

1853 3201 1953 3238 non
1985 3186 2152 3237 omnia
2181 3186 2451 3255 expediunt
2482 3204 2499 3239 :
2525 3190 2613 3242 ‘25.
2643 3194 2812 3244 omnia
2843 3196 2966 3246 milu'
2988 3197 3133 3249 licent
3157 3238 3171 3264 ,
3218 3201 3306 3253 scd
3332 3219 3434 3255 non

1854 3277 2021 3329 omnia
2047 3276 2320 3343 wdiﬁcant.
2350 3277 2436 3330 24.
2491 3277 2655 3332 Nemo
2685 3283 2819 3349 quod
2838 3300 2983 3336 suum
3018 3302 3087 3340 est
3113 3301 3324 3356 quazrat,
3348 3295 3434 3346 scd

1853 3370 1988 3436 quod
2015 3369 2225 3422 alterius
2257 3372 2610 3441 unusquisque.
2638 3371 2824 3427 Viden‘
2851 3386 3150 3432 accuratam
3194 3383 3431 3450 pruden-

1856 3460 2025 3513 tiam?
2056 3461 2188 3538 Quia
2218 3463 2359 3515 enim
2400 3463 2689 3519 verisimile
2732 3480 2846 3520 erat
2875 3467 2993 3521 illos
3040 3469 3218 3526 dicere
3248 3489 3261 3526 :
3298 3473 3426 3530 Per-

1853 3551 2024 3605 fectus
2053 3567 2170 3605 sum
2201 3561 2253 3605 et
2281 3553 2382 3605 mei
2417 3553 2556 3622 juris
2578 3595 2593 3620 ,
2622 3564 2676 3608 et
2706 3557 2836 3610 nihil
2874 3558 3029 3614 ltcsus
3056 3563 3293 3629 apposita
3335 3565 3430 3619 de-

1850 3651 2005 3711 gusto
2032 3659 2044 3694 :
2075 3642 2269 3708 Etiam,
2299 3643 2488 3712 inquit,
2516 3645 2783 3713 perfectus
2803 3663 2860 3702 es
2876 3658 2928 3703 et
2953 3651 3024 3702 tui
3045 3650 3180 3718 juris
3202 3669 3215 3712 ;
3240 3655 3332 3710 sed
3360 3671 3426 3715 ne

1853 3735 1977 3789 illud
2009 3736 2252 3788 attendas
2273 3777 2287 3801 ,
2320 3736 2412 3790 sed
2446 3752 2568 3790 num
2599 3739 2725 3793 illud
2756 3736 3220 3798 damnum'aﬂ‘erat
3241 3789 3255 3813 ,
3302 3764 3426 3804 num

1851 3827 2208 3881 eversionem.
2231 3826 2360 3880 Nam
2405 3835 2691 3899 utrumque
2715 3830 2872 3896 dixit,
2908 3831 3024 3886 Non
3054 3838 3222 3888 omnia
3249 3844 3427 3909 confe-

1851 3930 1986 3984 runt,
2012 3935 2112 3973 non
2143 3918 2312 3972 omnia
2334 3920 2609 3986 aediﬁcant,
2640 3930 2692 3974 et
2720 3920 2859 3976 aliud
2904 3938 2997 3992 pro
3019 3926 3196 3995 seipso
3221 3970 3235 3993 ,
3283 3929 3425 3985 aliud

1835 4026 1946 4079 ~pro
1978 4011 2137 4065 fratre
2162 4009 2357 4079 posuit.
2390 4009 2519 4063 Nam
2545 4009 2742 4078 dicere,
2777 4011 2895 4068 Non
2917 4015 3133 4082 expedit,
3167 4027 3248 4071 est
3278 4035 3425 4075 suam

1851 4103 2140 4170 perniciem
2167 4100 2552 4156 subindicantis
2582 4119 2595 4157 :
2621 4103 2800 4160 dicere
2819 4113 3015 4168 autem,
3039 4105 3158 4160 Non
3181 4111 3423 4177 adi/icui,

1852 4197 2028 4249 fratris
2056 4194 2361 4248 scandalum
2384 4195 2703 4248 subindicat.
2740 4196 2863 4251 Ideo
2895 4198 3168 4266 subiunxit
3198 4220 3210 4251 .-
3261 4200 3424 4256 Nemo

1848 4286 1982 4354 quod
2007 4302 2154 4338 suum
2176 4296 2245 4339 est
2267 4295 2490 4354 qua'rat;
2514 4285 2652 4354 quod
2683 4287 2876 4357 ubique
2903 4298 2955 4342 et
2987 4303 3080 4357 per
3107 4300 3269 4345 totam
3291 4308 3425 4348 con-

1851 4378 2024 4428 lirtuat
2046 4377 2346 4444 epistolam,
2376 4386 2428 4429 et
2456 4376 2505 4428 in
2539 4377 2772 4446 Epistola
2795 4378 2859 4430 ad
2890 4378 3161 4435 Romanos
3188 4398 3309 4436 cum
3340 4383 3433 4437 di-

1849 4467 1955 4520 cit:
1982 4462 2181 4519 Etenim
2201 4464 2430 4520 Christus
2451 4483 2549 4520 nou
2567 4468 2661 4520 sibi
2687 4469 2786 4537 ipsi
2803 4469 2991 4538 placuit
3013 4468 3198 4541 (Rom.
3230 4472 3313 4527 l5.
3345 4475 3424 4545 5).

1849 4567 1899 4610 ct
1920 4572 2148 4621 rursum,
2177 4556 2324 4611 Sicut
2351 4567 2396 4611 et
2423 4575 2512 4629 ego
2540 4575 2626 4629 per
2652 4561 2822 4611 omnia
2849 4561 3078 4614 omnibus
3096 4564 3290 4630 placeo,
3323 4581 3424 4617 non

1847 4664 2074 4714 qua'rem
2088 4664 2248 4699 meam
2259 4649 2523 4700 utilitatem
2541 4650 2586 4723 (Ι
2603 4686 2616 4701 .
2636 4649 2751 4702 Cor.
2774 4650 2860 4706 l0.
2881 4651 2994 4718 33);
3015 4661 3067 4705 et
3085 4652 3170 4706 hic
3189 4669 3423 4720 rursum;

1849 4753 1953 4791 non
1985 4746 2161 4790 tamen
2193 4736 2320 4790 illud
2345 4735 2431 4790 hic
2457 4739 2677 4792 excutit.
2701 4739 2834 4806 Quia
2857 4741 2997 4793 enim
3018 4741 3264 4811 superius
3294 4743 3427 4800 illud
3458 4777 3460 4779 >

1840 4827 2087 4905 pluribus
2110 4827 2988 4897 probaveratet-demonstraverat,
3004 4832 3144 4900 quod
3163 4850 3423 4905 nusquam

1847 4935 1908 4975 ea
1936 4935 2055 4990 qua:
2084 4935 2179 4974 sua
2206 4927 2338 4974 sunt
2357 4929 2598 4990 quan-at,
2626 4920 2720 4975 sed
2757 4921 2897 4991 quod
2927 4922 3126 4978 Judaeis
3155 4932 3424 4993 tamquam

1846 5011 2063 5067 Judaaus
2083 5011 2258 5067 factus
2271 5013 2439 5075 sit-,eet
2473 5011 2581 5067 illis
2606 5011 2697 5079 qui
2722 5021 2856 5065 sunt.
2875 5013 2988 5066 sine
3010 5013 3124 5080 lege
3154 5020 3427 5082 tamquam

1848 5106 1964 5160 sine
1991 5105 2126 5174 lege,
2157 5113 2224 5161 8h
2238 5102 2378 5172 quod
2409 5103 2654 5156 libertate
2685 5110 3053 5171 potestateque
3073 5119 3168 5158 sua
3209 5117 3314 5160 non
3347 5112 3428 5163 to-

1847 5212 1994 5250 mere
2013 5196 2082 5257 sit
2104 5209 2251 5261 usus,
2276 5194 2369 5249 sed
2384 5193 2447 5247 ad
2473 5193 2524 5248 id
2544 5193 2688 5264 quod
2705 5193 2955 5249 omnibus
2977 5194 3105 5250 utile
3125 5205 3290 5262 esset,
3305 5215 3426 5255 ser-

1845 5295 1995 5347 viens
2011 5290 2288 5353 omnibus;
2311 5287 2492 5357 paucis
2512 5295 2796 5343 cantemus
2823 5286 3000 5341 verbis
3012 5287 3114 5344 huc
3132 5287 3312 5353 desiit,
3332 5306 3429 5360 per

1848 5383 1962 5434 lucc
1974 5395 2138 5450 pauca
2160 5381 2262 5434 illis
2281 5379 2335 5434 in
2354 5379 2666 5434 memoriam
2687 5392 2942 5432 revocans
2957 5380 3136 5434 omnia
3149 5395 3268 5450 quae
3284 5379 3425 5435 dicta

1846 5482 1987 5533 sunt.
2005 5475 2131 5529 Haec
2147 5487 2276 5544 ergo
2289 5487 2386 5528 nos
2403 5487 2612 5542 quoque
2628 5484 2748 5524 cum
2765 5470 3015 5537 sciamus,
3033 5470 3232 5535 dilecti,
3252 5470 3432 5525 fratri.

1848 5569 1945 5622 bus
1973 5564 2380 5635 prospiciamus,
2404 5571 2458 5628 et
2480 5561 2733 5616 unitatem
2761 5577 2881 5616 cum
2910 5562 3012 5616 illis
3032 5575 3332 5618 servemus.
3368 5563 3425 5617 In

1849 5658 1955 5712 hoc.
1982 5655 2124 5710 enim
2150 5670 2248 5709 nos
2278 5653 2478 5709 inducit
2510 5651 2828 5709 sacrificium
2861 5651 2990 5706 illud
3020 5650 3348 5708 horrendum
3372 5661 3432 5709 et

1844 5748 2174 5816 tremendum
2185 5790 2198 5817 ,
2224 5747 2416 5817 iubens
2432 5759 2529 5803 nos
2542 5760 2662 5802 cum
2677 5744 2967 5802 concordia
2977 5743 3214 5801 maxime
3234 5743 3324 5800 illa
3339 5758 3432 5804 aa-
