4086 6340
648 305 757 363 103

1390 291 1449 349 Β.
1491 288 1769 347 JO.\NNlS
1806 280 2281 344 CllBYSOS‘I'Olll
2311 282 2628 341 ARCIIIEP.
2661 286 3191 352 CONSTANTINOP.

647 423 844 478 cedere
867 428 923 477 et
944 434 1068 477 eum
1094 415 1316 473 caritate
1353 414 1577 470 ferventi
1595 452 1614 478 ,
1642 420 1697 467 et
1724 407 1847 464 inde
1870 404 2075 478 aquilas
2110 401 2243 459 ede-

3835 310 3945 369 Qut

2354 412 2792 473 resurrexerunt,
2820 416 2944 464 tunc
2973 423 3157 467 carcer
3189 413 3277 469 ille
3321 425 3508 488 ruptus
3553 430 3637 475 est
3686 431 3744 477 et
3773 438 3945 494 μοι-ιε

649 526 788 578 cm"
814 512 884 568 ειη
911 510 980 567 ,α
1011 511 1185 581 imm
1211 506 1467 562 advolare
1489 504 1701 558 calum.
1730 498 1830 556 ωε
1849 499 1991 555 enim
2019 496 2124 552 erit
2154 510 2240 547 ca-
2349 494 2818 586 rruca-fracta:
2843 510 2988 567 sunt,
3011 511 3066 557 et
3091 506 3285 560 mortui
3315 509 3494 566 emissi
3527 520 3672 578 sunt,
3718 523 3773 569 et
3792 517 3940 586 jani«

647 606 820 669 dum.
851 601 1059 673 inqui"
1102 599 1173 654 iu
1198 607 1249 653 ε,
1270 598 1463 668 ,φάεα
1486 593 1701 668 (ﬂans,
1728 590 1822 646 ξι,
1850 588 1980 661 es);
2010 586 2240 643 cadaver
2348 594 2493 641 tores
2511 585 2705 644 inferni
2732 604 2922 646 omnes
2950 592 3305 663 obstupefacti
3336 608 3482 655 sunt.
3527 601 3686 675 Atqui
3717 606 3766 660 si
3797 585 3947 661 fuis-

647 708 843 764 corpus
868 700 1139 748 mortuum
1172 702 1390 744 vocans.
1434 686 1547 742 Nisi
1586 685 1730 740 enim
1779 681 1869 737 ille
1914 678 2237 745 cecidisset,

646 775 748 841 nos
809 799 917 840 non
980 779 1494 839 resurrexissemus.
1552 774 1775 845 Aquilae
1830 780 2010 827 autem
2063 776 2219 823 vocat

646 876 939 932 ostendens
966 871 1255 927 sublimem
1280 883 1405 924 esse
1433 877 1686 938 oportere
1723 864 1871 919 illum
1919 862 2010 933 qui
2038 860 2105 915 ad
2135 862 2237 914 hoc

645 983 841 1037 corpus
865 962 1102 1028 accedit,
1131 970 1188 1017 et
1216 960 1348 1016 nihil
1377 974 1501 1015 eum
1529 966 1670 1013 terra
1698 968 1986 1013 commune
2011 952 2231 1015 habere,

644 1072 821 1128 neque
848 1056 1105 1113 deorsum
1128 1053 1271 1109 trahi
1302 1067 1367 1108 ac
1389 1064 1629 1121 serpere,
1656 1048 1752 1105 sed
1777 1047 1992 1103 assidue
2021 1059 2235 1114 semper

642 1164 860 1205 sursum
890 1146 1114 1211 volare,
1151 1154 1210 1201 et
1248 1144 1317 1201 ad
1342 1144 1515 1200 solem
1556 1141 1783 1212 justiti;
1819 1138 2093 1207 respicere
2116 1175 2132 1200 ,
2180 1144 2234 1190 et

643 1241 839 1298 mentis
862 1240 1078 1296 oculum
1102 1247 1323 1294 acutum
1348 1236 1548 1292 habere
1568 1253 1583 1289 :
1602 1231 1899 1304 aquilarum
1928 1229 2095 1295 enim,
2126 1241 2233 1281 non

638 1333 977 1402 graculorum
1008 1331 1124 1386 hrec
1157 1339 1240 1386 est
1268 1343 1479 1385 mensa.
1526 1326 1633 1396 Ipsi
1666 1336 1794 1379 tunc
1820 1330 2109 1378 occurrent
2136 1320 2233 1375 de-

642 1424 918 1482 scendenti
944 1422 1016 1479 de
1042 1421 1214 1487 exulis,
1241 1420 1335 1489 qui
1360 1432 1503 1474 nunc
1530 1412 2040 1488 dignepereipiunt,
2058 1410 2230 1482 utqui

642 1516 857 1587 indigne
879 1524 1120 1569 extrema
1147 1510 1435 1580 patientur.

725 1608 781 1662 ι.
822 1603 1071 1675 Corporis
1098 1599 1288 1657 Christi
1318 1598 1565 1655 sanctitas
1600 1606 1650 1653 et
1689 1597 1867 1651 virtus.
1895 1626 1965 1635 —
1989 1594 2046 1651 Si
2086 1594 2229 1649 enim

642 1714 816 1770 regem
864 1697 987 1769 quis
1032 1709 1139 1750 non
1172 1702 1462 1763 utcumque
1518 1704 1622 1747 nec
1669 1687 2029 1761 perfunctorie
2071 1701 2227 1742 acce-

641 1792 775 1862 perit
804 1808 819 1844 :
860 1788 987 1861 quid
1017 1802 1206 1858 regem
1229 1784 1394 1840 dico?
1431 1797 1500 1839 ne
1530 1790 1735 1838 vestem
1771 1779 1991 1851 quidem
2024 1778 2227 1847 regiam

640 1879 765 1953 quis
799 1878 1025 1950 impuris
1063 1876 1312 1934 manibus
1360 1872 1630 1945 tetigerit,
1672 1868 1890 1925 etiamsi
1943 1868 1996 1922 ln
2035 1866 2224 1921 solitu-

634 1973 761 2027 dine
804 1972 907 2034 sit,
948 1966 1162 2024 etiamsi
1208 1964 1361 2020 solas
1410 1972 1465 2017 et
1517 1975 1681 2018 nemo
1730 1958 1918 2014 adsit:
1970 1956 2114 2027 atqui
2142 1957 2225 2011 ni—

638 2062 709 2115 hil
755 2059 903 2114 aliud
944 2068 1029 2114 est
1058 2056 1225 2112 vestis
1248 2069 1408 2125 quam
1433 2064 1642 2109 stamen
1688 2050 1974 2106 vermium.
2008 2045 2065 2103 Si
2099 2062 2227 2103 vero

636 2154 925 2207 tineturam
946 2147 1184 2214 miraris,
1215 2155 1270 2202 et
1298 2146 1412 2217 ipsa
1438 2157 1654 2216 quoque
1680 2142 1879 2196 mortui
1902 2140 2063 2210 piscis
2100 2155 2226 2195 sau-

635 2244 751 2310 guis
788 2250 871 2300 est
902 2226 926 2308 ς’
964 2254 1127 2296 nemo
1170 2247 1350 2293 tamen
1410 2250 1579 2291 ausus
1630 2232 1791 2289 fuerit
1831 2233 1974 2289 illam
2043 2231 2222 2288 sordi-

633 2338 717 2393 dis
748 2343 1088 2391 contrectare
1120 2330 1392 2387 manibus.
1424 2328 1483 2385 Si
1520 2336 1704 2383 autem
1742 2327 2032 2380 humanum
2060 2323 2225 2379 vesti-

634 2437 871 2483 mentum
893 2438 1056 2480 nemo
1077 2437 1240 2477 ausus
1257 2419 1420 2476 fuerit
1442 2427 1644 2474 temere
1670 2426 1923 2489 tangere;
1952 2415 2224 2487 quomodo

633 2532 829 2591 sur-pm
879 2518 1257 2573 universorum
1296 2514 1393 2570 Dei
1443 2510 1843 2568 immaculatum
1886 2517 1943 2565 et
1991 2523 2220 2578 purum,

632 2613 773 2685 quod
821 2626 944 2668 eum
984 2609 1169 2665 divina
1210 2607 1299 2663 illa
1367 2614 1555 2662 natura
1610 2611 1885 2657 versatum
1940 2609 2061 2664 est,
2125 2614 2223 2670 per

627 2703 770 2775 quod
786 2716 980 2761 sumus
998 2708 1056 2756 et
1078 2700 1332 2763 vivimus,
1352 2710 1449 2766 per
1469 2691 1613 2764 quod
1639 2699 1810 2765 porta:
1832 2691 2019 2746 mortis
2040 2689 2222 2745 fractae

628 2803 759 2852 sunt
782 2802 838 2847 et
859 2791 1095 2846 fornices
1118 2788 1234 2845 caeli
1274 2785 1444 2857 aperti
1473 2790 1603 2839 sunt
1622 2824 1638 2849 ,
1666 2798 1789 2838 eum
1842 2789 1987 2837 tanta
2028 2788 2220 2836 contu-

629 2885 787 2941 melia
805 2880 1129 2953 accipiemus
1143 2879 1174 2933 ἲ
1187 2877 1290 2945 Ne,
1310 2889 1512 2946 quaeso,
1541 2889 1609 2928 ne
1630 2886 1730 2927 nos
1749 2872 1900 2941 ipsos
1916 2869 2221 2941 jngulemus

634 2994 730 3049 per
758 2974 1147 3046 impudentiam
1174 2988 1193 3038 ;
1222 2969 1318 3026 sed
1349 2981 1473 3023 cum
1494 2966 1717 3019 horrore
1740 2972 1796 3018 et
1824 2962 2055 3031 puritate
2073 2961 2220 3015 omni

626 3070 694 3125 ad
721 3070 894 3141 ipsum
920 3065 1240 3122 accedamus
1266 3076 1286 3125 ;
1322 3067 1380 3115 et
1404 3071 1527 3113 cum
1553 3055 1725 3126 ipsum
1753 3052 1951 3109 videris
1975 3052 2222 3123 proposi-

630 3173 768 3229 tum,
794 3159 889 3215 tibi
916 3159 1017 3230 ipsi
1046 3156 1132 3211 die
1155 3172 1175 3213 :
1206 3153 1432 3222 Pr0pter
1461 3150 1563 3204 huc
1587 3162 1781 3217 corpus
1809 3162 1915 3201 non
1962 3160 2083 3201 sum
2120 3160 2221 3215 ego

631 3252 862 3323 amplius
888 3259 1026 3304 terra
1056 3256 1111 3302 et
1134 3245 1293 3311 cinis,
1317 3258 1423 3297 non
1453 3241 1593 3296 ultra
1621 3239 1882 3309 captivus,
1923 3237 2019 3292 sed
2042 3235 2176 3290 liber
2205 3253 2219 3307 ;

634 3342 756 3399 ideo
779 3342 942 3397 caios
966 3351 1128 3410 spero
1157 3345 1214 3392 et
1260 3334 1402 3389 bona
1432 3332 1543 3386 illic
1579 3328 1811 3399 reposita
1856 3343 1944 3383 me
1972 3335 2219 3397 acceptu-

631 3451 749 3490 rum
766 3446 911 3500 esse,
934 3427 1296 3485 immortalem
1317 3425 1504 3489 vitam,
1524 3421 1835 3492 angelorum
1856 3427 2078 3485 sortem,
2100 3433 2219 3473 cum

630 3524 851 3580 Christo
873 3517 1319 3578 consuetudinem
1349 3533 1364 3571 :
1387 3514 1491 3570 hoc
1514 3528 1709 3583 corpus
1733 3511 1901 3566 clavis
1922 3510 2218 3577 conlisum,

635 3616 816 3686 ﬂagris
834 3627 1054 3676 erasum,
1086 3622 1232 3665 mors
1253 3621 1363 3663 non
1402 3604 1554 3670 tulit,
1606 3603 1709 3659 hoc
1749 3616 1944 3673 corpus
1984 3602 2067 3656 sol
2100 3616 2219 3656 cum

634 3707 950 3764 cruciﬁxum
981 3699 1209 3773 videret,
1242 3698 1423 3754 radios
1455 3696 1652 3751 avertit
1679 3711 1693 3747 :
1722 3694 1842 3749 ideo
1873 3702 2000 3747 tunc
2042 3692 2219 3747 velum

632 3798 859 3853 scissum
888 3804 997 3863 est,
1015 3802 1183 3864 petra:
1200 3797 1372 3861 rupta:
1393 3795 1538 3854 sunt,
1571 3794 1628 3842 et
1648 3786 1896 3841 universa
1926 3794 2067 3839 terra
2087 3798 2221 3839 con-

626 3891 925 3947 eutiebatur
956 3904 971 3941 :
1019 3884 1123 3941 hoc
1168 3891 1255 3940 est
1278 3880 1411 3937 illttd
1440 3892 1637 3951 corpus
1660 3920 1675 3943 ,
1709 3876 1853 3948 quod
1880 3884 2219 3931 cruentatum

631 3986 749 4050 l‘nit,
770 3984 953 4038 lancea
981 3977 1283 4050 perfossum
1308 4015 1324 4039 ,
1360 3972 1502 4044 quod
1531 3972 1794 4027 salutares
1823 3969 1999 4024 fontes
2038 3976 2221 4023 scatu-

632 4078 758 4132 rivit
775 4074 893 4130 orbi
914 4113 932 4139 ,
962 4071 1125 4125 alium
1152 4066 1447 4137 sanguinis,
1477 4064 1639 4119 alium
1664 4077 1837 4132 aqute.
1860 4060 1955 4114 Vis
2008 4059 2222 4115 aliunde

631 4170 749 4239 ejus
776 4168 883 4221 vim
910 4159 1159 4219 discere?
1178 4158 1446 4231 Interroga
1474 4155 1750 4211 mulierem
1772 4151 2047 4220 sanguinis
2075 4150 2222 4203 ﬂuxu

633 4260 990 4323 laborantem,
1014 4267 1134 4323 quae
1162 4265 1267 4305 non
1302 4250 1501 4319 ipsum,
1546 4245 1642 4300 sed
1667 4246 1783 4314 ejus
1816 4244 2217 4305 vestimentum,

633 4354 745 4408 imo
773 4365 880 4404 non
913 4322 1103 4408 totum,
1133 4341 1233 4396 sed
1257 4339 1521 4394 litttbriam
1545 4338 1752 4406 tetigit:
1778 4337 2044 4403 interroga
2075 4348 2222 4388 mare

632 4440 774 4513 quod
802 4439 965 4495 dorso
989 4448 1093 4491 suo
1121 4434 1296 4502 ipsum
1324 4426 1554 4499 gestavit
1584 4444 1598 4479 :
1631 4427 1901 4493 interroga
1945 4433 2001 4479 et
2048 4423 2222 4493 ipsum

634 4534 928 4597 diabolum,
954 4538 1009 4585 et
1046 4526 1134 4583 dic
1165 4543 1181 4580 :
1213 4522 1377 4580 Unde
1404 4517 1571 4575 babes
1602 4517 1810 4587 plagam
1842 4517 1986 4571 illam
2013 4516 2225 4569 insana-

635 4623 796 4678 bilem
820 4620 844 4672 τ
870 4617 1008 4673 unde
1039 4616 1098 4669 fit
1122 4623 1181 4669 ut
1210 4613 1339 4668 nihil
1367 4612 1477 4681 jam
1510 4607 1721 4681 possis?
1742 4606 2006 4662 undenam
2037 4614 2224 4674 captus

634 4715 728 4770 es?
755 4728 788 4768 a
814 4725 923 4781 quo
941 4708 1196 4765 detentus
1210 4704 1354 4758 fuisti
1380 4704 1505 4757 dum
1533 4702 1783 4771 fugeres?
1826 4711 1881 4755 et
1909 4699 2039 4754 nihil
2079 4699 2222 4753 aliud

639 4808 807 4871 dicet,
835 4817 995 4875 quam
1022 4812 1218 4869 corpus
1240 4793 1575 4851 cruciﬁxum.
1605 4791 1708 4846 Per
1740 4790 1842 4845 hoc
1869 4792 2071 4845 stimuli
2108 4791 2225 4862 ejus

634 4896 897 4955 confracti
923 4903 1071 4961 sunt,
1119 4906 1216 4963 per
1244 4888 1346 4944 hoc
1382 4897 1579 4954 corpus
1604 4881 1723 4952 ejus
1757 4882 2048 4937 contritum
2071 4923 2087 4946 ,
2130 4900 2225 4953 per

638 4990 744 5047 hoc
787 4984 1115 5057 principatus
1146 4991 1201 5037 et
1248 4987 1543 5051 potestates
1587 4973 1845 5029 traducta:
1875 4982 2043 5027 sunt:
2088 4974 2227 5044 Spo-

638 5082 771 5134 lians
796 5077 961 5141 enim,
986 5072 1181 5142 inquit,
1224 5070 1540 5139 principatus
1582 5074 1629 5120 et
1666 5072 1957 5135 potestates,
2000 5062 2226 5116 traduxit

635 5174 978 5240 conﬁdenter,
1000 5165 1322 5236 triumphans
1349 5164 1412 5217 de
1449 5163 1552 5216 illis
1585 5165 1639 5215 in
1681 5161 1949 5231 semetipsa
1989 5158 2125 5231 (Col.
2164 5158 2221 5211 2.

638 5265 707 5321 15
728 5262 770 5335 )s
808 5260 1083 5328 interroga
1107 5265 1375 5318 mortem,
1419 5261 1474 5306 et
1502 5253 1589 5306 dic
1617 5270 1630 5305 :
1662 5251 1941 5308 Undenam
1981 5251 2225 5307 sublatus

644 5363 727 5411 est
750 5349 1000 5408 stimulus
1044 5346 1208 5401 tuus?
1238 5344 1507 5400 undenam
1541 5341 1714 5396 soluta
1740 5353 1821 5396 est
1842 5353 1926 5396 tua
1959 5342 2225 5399 victoria?

642 5444 910 5500 undenam
938 5439 1147 5513 prmeisi
1178 5448 1302 5493 sunt
1344 5436 1492 5492 nervi
1537 5435 1655 5502 tui,
1691 5445 1743 5489 et
1768 5435 1963 5505 puellis
2003 5436 2223 5491 infanti-

644 5537 852 5603 busque
879 5534 1014 5589 facta
1043 5546 1102 5586 cs
1127 5528 1377 5593 ridicula,
1401 5543 1520 5597 qum
1552 5526 1796 5598 tyrannis
1815 5534 1870 5579 et
1906 5526 2062 5594 jnstis
2103 5542 2219 5583 om-

646 5627 807 5681 nibus
822 5622 1051 5678 antehac
1077 5617 1426 5675 formidabilis
1445 5633 1565 5674 cras
1587 5618 1609 5671 ?
1637 5624 1703 5691 et
1720 5615 1841 5670 huic
1862 5618 2074 5684 corpori
2099 5632 2226 5671 cau-

644 5732 761 5773 sam
782 5714 1071 5771 uiscribet.
1092 5713 1221 5769 Cum
1244 5712 1387 5767 enim
1414 5710 1838 5780 et'ut'iligchatur,
1870 5715 1992 5764 tunc
2020 5712 2223 5766 mortui

2344 686 2427 731 set
2454 694 2593 734 unus
2620 696 2688 735 ex
2728 682 2933 749 multis,
2961 687 3292 741 contrarium
3334 690 3580 749 accidere
3628 695 3940 765 oportebat.

2344 778 2574 827 mortem
2603 772 2769 830 fuisse
2795 777 3175 845 potentiorem,
3204 779 3300 834 sed
3331 795 3435 836 non
3465 782 3563 839 fuit
3592 803 3609 839 :
3636 802 3748 842 non
3789 790 3939 844 enim

2342 872 2462 919 erat
2486 881 2624 920 unus
2651 882 2718 922 ex
2750 869 2973 935 multis;
3005 870 3128 926 ideo
3170 871 3259 926 illa
3297 859 3470 929 soluta
3518 875 3636 932 fuit.
3681 880 3749 935 Et
3794 880 3940 937 sicut

2344 953 2378 1007 ii
2403 955 2493 1025 qui
2519 956 2835 1015 alimentum
2865 963 3157 1032 accipiunt,
3199 966 3344 1035 quod
3383 968 3615 1025 retinere
3649 986 3759 1026 non
3803 988 3939 1043 pos-

2339 1047 2465 1112 sint,
2493 1050 2655 1106 etiam
2686 1067 2807 1122 qua
2831 1054 2979 1125 prius
3010 1066 3261 1128 percepta
3305 1057 3517 1115 fuerant
3544 1072 3765 1132 pmpter
3800 1066 3937 1120 illud

2338 1151 2595 1197 evomunt
2620 1162 2633 1197 :
2668 1145 2740 1199 ita
2770 1148 2931 1203 etiam
2955 1148 3151 1203 accidit
3173 1149 3229 1204 in
3266 1159 3466 1206 morte.
3491 1149 3697 1222 Corpus
3721 1193 3740 1220 ,
3785 1156 3938 1224 quod

2342 1231 2455 1298 ipsa
2498 1246 2607 1287 non
2639 1245 2847 1304 poterat
2875 1238 3186 1307 conficere,
3235 1240 3543 1311 accipiens,
3587 1242 3674 1296 illa
3715 1258 3937 1315 quoque

2342 1322 2526 1394 rejecit
2548 1341 2671 1396 qua:
2701 1328 2843 1384 intus
2866 1330 3133 1387 retinebat
3159 1348 3173 1385 :
3206 1347 3328 1388 cum
3360 1332 3489 1389 illud
3514 1334 3657 1389 intus
3684 1334 3935 1402 haberet,

2338 1417 2669 1486 parturiebat
2714 1427 2771 1475 et
2820 1421 3183 1491 premebatur,-
3232 1423 3407 1479 donec
3457 1426 3629 1495 ipsum
3666 1428 3934 1481 evomuit.

2336 1505 2467 1564 Ideo
2488 1507 2567 1562 ait
2583 1508 2912 1581 Apostolus:
2958 1512 3157 1569 Salutis
3198 1514 3461 1571 doloribus
3484 1517 3659 1570 mortis
3683 1516 3821 1584 (Act.
3872 1516 3932 1570 ἓ.

2332 1598 2469 1672 24).
2521 1600 2678 1658 Nulla
2731 1604 2876 1660 enim
2928 1606 3125 1662 mulier
3180 1621 3466 1678 prmgnans
3516 1609 3935 1679 parturieusqnc

2335 1702 2484 1748 tanto
2525 1692 2711 1750 labore
2749 1698 3036 1765 premitur,
3089 1708 3291 1768 quanto
3335 1698 3426 1755 illa
3474 1715 3671 1770 corpus
3722 1700 3933 1755 habens

2334 1784 2667 1839 Dominicum
2682 1783 3098 1842 dilacerabatur.
3127 1787 3192 1842 Et
3210 1788 3351 1857 quod
3380 1792 3431 1843 in
3456 1790 3787 1858 Babylonico
3802 1790 3931 1844 dra-

2330 1889 2467 1931 cone
2495 1875 2711 1943 accidit,
2740 1890 2861 1932 cum
2889 1888 3114 1949 accepto
3157 1879 3279 1935 cibo
3317 1879 3525 1935 medius
3548 1882 3795 1951 diruptus
3819 1891 3928 1947 est,

2332 1964 2435 2019 hoc
2462 1974 2520 2020 et
2542 1965 2632 2022 isti
2677 1967 2883 2024 evenit.
2907 1966 3027 2024 Non
3050 1969 3197 2024 enim
3222 1968 3468 2025 Christus
3496 1986 3593 2041 per
3622 1986 3686 2027 os
3735 1974 3931 2026 mortis

2328 2068 2580 2126 egressus
2599 2067 2702 2123 est,
2729 2058 2827 2114 sed
2856 2058 2974 2129 ipso
3002 2058 3183 2115 medio
3211 2059 3465 2116 draconis
3489 2057 3674 2117 venire
3702 2059 3928 2133 dirupto

2328 2160 2382 2204 et
2408 2150 2666 2219 dissecto,
2692 2153 2772 2208 sic
2816 2167 2883 2207 ex
2912 2153 3277 2224 penetralibus
3321 2153 3553 2224 prodiit,
3584 2168 3706 2209 eum
3741 2156 3929 2224 splen-

2327 2240 2459 2296 dore
2485 2242 2680 2311 multo,
2710 2244 2997 2315 radiosque
3024 2244 3298 2311 emittens,
3342 2260 3449 2301 non
3500 2260 3665 2316 usque
3709 2246 3779 2301 ad
3818 2246 3925 2300 hoc

2326 2333 2543 2400 cmlum,
2572 2333 2668 2390 sed
2709 2349 2878 2406 usque
2905 2335 2973 2390 ad
3002 2335 3177 2405 ipsum
3202 2351 3494 2405 supernum
3524 2336 3720 2391 solium
3746 2354 3763 2392 :
3793 2352 3921 2391 nam

2328 2424 2457 2479 illuc
2480 2440 2693 2496 quoque
2719 2426 2892 2495 ipsum
2917 2425 3159 2483 adduxit.
3194 2426 3309 2481 Hoc
3333 2442 3528 2497 corpus
3570 2427 3719 2481 dedit
3761 2429 3923 2484 nobis

2324 2523 2379 2569 et
2404 2514 2692 2569 tenendum
2713 2524 2767 2569 et
2792 2514 3203 2583 comedendum,
3235 2516 3379 2587 quod
3408 2518 3631 2573 intensae
3673 2517 3923 2576 dilectio-

2327 2603 2409 2658 nis
2438 2602 2558 2659 fuit.
2607 2603 2717 2660 Eos
2755 2606 2900 2661 enim
2946 2621 3083 2677 quos
3133 2607 3387 2663 ardenter
3426 2622 3704 2673 amamus,
3756 2609 3919 2664 etiam

2323 2708 2469 2765 srepe
2497 2694 2828 2753 mordemus.
2857 2694 2983 2753 Ideo
3025 2696 3127 2752 Job
3154 2712 3395 2753 amorem
3451 2697 3795 2767 famulorum,
3828 2700 3919 2771 qui

2324 2784 2468 2840 circa
2511 2786 2660 2841 illum
2690 2799 2844 2842 erant
2872 2788 3162 2843 ostendens
3189 2788 3424 2854 dicebat,
3456 2789 3576 2843 illos
3611 2790 3791 2859 ipsum
3820 2806 3915 2847 ve-

2329 2874 2613 2932 hementer
2635 2887 2878 2933 amantes
2899 2878 3102 2933 dixisse
3131 2895 3144 2929 :
3173 2879 3299 2945 Quis
3322 2878 3463 2933 nobis
3488 2878 3648 2933 detde
3676 2883 3919 2936 carnibus

2324 2967 2430 3020 suis
2456 2976 2511 3021 ut
2538 2968 2841 3038 impleantur
2866 2968 3011 3039 (Job.
3042 2970 3133 3024 3|.
3162 2970 3281 3040 31)?
3306 2970 3394 3025 Sic
3412 2981 3466 3025 et
3494 2969 3743 3025 Christus
3769 2972 3919 3028 dedit

2324 3058 2480 3113 nobis
2516 3073 2709 3113 carnes
2732 3074 2858 3114 suas
2904 3068 2961 3115 ut
3008 3060 3352 3131 impleamur,
3399 3061 3467 3116 ad
3500 3060 3765 3131 majorem
3816 3078 3919 3118 uos

2325 3151 2614 3207 amicitiam
2643 3153 2941 3208 attrahens.

2396 3240 2451 3296 5.
2478 3240 2809 3297 Accedamus
2835 3243 2994 3313 igitur
3019 3258 3141 3297 cum
3174 3242 3383 3299 fervore
3404 3243 3470 3298 ad
3500 3243 3673 3311 illum,
3706 3254 3765 3300 et
3786 3261 3914 3301 cum

2323 3330 2531 3387 ardenti
2551 3333 2775 3387 caritate
2796 3373 2811 3397 ,
2843 3342 2898 3387 et
2925 3346 2994 3386 ne
3018 3333 3306 3388 subeamus
3327 3334 3670 3404 supplicium.
3698 3335 3919 3402 Quanto

2323 3427 2465 3483 enim
2492 3425 2695 3496 majora
2725 3424 2984 3480 beneficia
3016 3426 3411 3495 acceperimus,
3438 3434 3585 3479 tanto
3612 3427 3788 3496 magis
3817 3442 3917 3495 pu-

2325 3521 2724 3583 niemur,cum
2783 3516 3059 3572 beneficiis
3110 3516 3311 3588 indigni
3356 3517 3755 3588 apparehimus.
3807 3518 3921 3572 lloc

2324 3613 2485 3667 etiam
2521 3625 2716 3680 corpus
2756 3609 2808 3665 in
2860 3609 3087 3681 prtesepi
3127 3610 3313 3679 jacens
3342 3592 3713 3665 reveriti'sunt
3750 3611 3916 3681 magi.

2325 3703 2392 3758 Et
2418 3703 2513 3756 viri
2541 3702 2687 3771 impii
2708 3716 2773 3756 ac
2800 3700 3015 3756 barbari
3046 3701 3214 3769 patria
3235 3701 3507 3769 domoque
3536 3701 3746 3763 relicta,
3773 3702 3917 3754 viam

2325 3793 2527 3847 emensi
2555 3801 2679 3847 sunt
2709 3792 2952 3860 longam,
2983 3800 3037 3845 et
3060 3791 3336 3847 venientes
3362 3806 3483 3847 cum
3514 3792 3705 3845 timore
3731 3801 3790 3846 et
3819 3800 3920 3845 trc-

2327 3899 2475 3938 more
2501 3883 2671 3937 tnnlto
2700 3882 2874 3952 ipsum
2914 3882 3292 3937 adoraverunt.
3337 3882 3611 3935 Imitemur
3636 3895 3770 3951 ergo
3809 3883 3919 3936 sal-

2327 3985 2435 4031 tem
2476 3975 2771 4040 barbaros,
2805 3989 2903 4029 nos
2948 3974 3203 4029 caelorum
3249 3974 3415 4029 cives.
3457 3973 3535 4028 illi
3576 3989 3815 4045 namque
3867 3974 3916 4028 in

2327 4082 2569 4137 przesepe
2610 4067 2960 4136 respicientes
2990 4067 3125 4121 etin
3156 4067 3367 4138 tugurio
3392 4107 3405 4130 ,
3455 4075 3509 4121 et
3554 4065 3685 4120 nihil
3726 4080 3918 4121 eorum

2327 4160 2697 4230 respicientes,
2728 4176 2848 4230 qua:
2878 4169 2933 4214 ttt
2958 4175 3100 4214 nunc
3130 4160 3303 4223 vides,
3333 4175 3454 4214 cum
3478 4168 3714 4212 tremore
3743 4160 3915 4213 multo

2326 4261 2673 4306 accesserunt
2700 4269 2712 4304 :
2748 4258 2803 4305 tu
2831 4267 2959 4304 vero
2985 4265 3088 4305 non
3116 4251 3166 4304 in
3190 4264 3433 4320 praesepe
3459 4247 3685 4316 respicis
3704 4287 3719 4315 ,
3745 4249 3844 4304 sed
3867 4251 3915 4302 in

2326 4344 2532 4406 altare;
2586 4357 2691 4395 non
2748 4342 3028 4395 mulierem
3079 4350 3383 4404 tenentem,
3434 4338 3531 4394 sed
3579 4340 3913 4394 sacerdotem

2328 4434 2628 4487 adstantem
2651 4471 2666 4495 ,
2695 4439 2750 4485 et
2776 4431 3033 4499 Spiritum
3060 4446 3179 4485 eum
3204 4430 3452 4485 ubertate
3482 4445 3674 4500 magna
3709 4431 3765 4485 in
3797 4446 3917 4499 pro-

2329 4524 2499 4594 posita
2554 4521 3010 4592 supervolantem.
3065 4520 3179 4575 Non
3239 4521 3557 4592 simpliciter
3593 4521 3697 4577 hoc
3743 4522 3913 4593 ipsum

2327 4631 2524 4687 corpus
2548 4615 2722 4682 vides,
2752 4624 2808 4670 ut
2835 4614 2908 4669 illi
2933 4656 2949 4681 ,
2980 4614 3076 4669 sed
3105 4616 3241 4669 nosti
3274 4615 3440 4684 ipsius
3469 4622 3523 4669 et
3550 4614 3811 4669 virtutem
3858 4622 3911 4667 et

2328 4709 2783 4779 dispensationem
2815 4721 3051 4771 omnem,
3082 4714 3135 4761 et
3163 4706 3298 4760 nihil
3328 4706 3544 4773 ignoras
3578 4718 3770 4759 eorum
3803 4717 3914 4774 qua:

2329 4812 2426 4868 per
2454 4799 2629 4867 ipsum
2661 4794 2895 4865 perfecta
2925 4804 3091 4859 sunt,
3120 4809 3243 4847 cum
3276 4795 3454 4847 omnia
3482 4793 3720 4848 initiatus
3760 4806 3912 4847 accuo

2329 4900 2445 4944 rate
2472 4885 2742 4942 didiceris.
2778 4883 3086 4938 Excitemus
3109 4882 3287 4952 itaque
3313 4897 3411 4938 nos
3434 4884 3577 4953 ipsos
3604 4893 3660 4939 et
3698 4883 3917 4937 horrea-

2331 4996 2485 5044 mus,
2516 4988 2570 5032 et
2596 4976 2765 5032 multo
2794 4975 3053 5047 majorem
3081 4990 3241 5046 quam
3281 4975 3498 5031 barbari
3539 4976 3614 5030 illi
3661 4975 3913 5045 pietatem

2330 5069 2687 5126 exhibeamus
2711 5110 2727 5135 ,
2773 5078 2830 5124 ut
2869 5083 2974 5124 non
3018 5078 3219 5124 temere
3245 5076 3301 5123 et
3328 5067 3726 5123 inconsiderate
3764 5080 3913 5121 arce-

2330 5162 2557 5228 dentes,
2600 5160 2775 5231 ignem
2802 5161 2854 5215 in
2891 5168 3049 5229 caput
3094 5168 3336 5213 nostrum
3363 5170 3740 5226 congeramus.
3800 5154 3915 5209 ωλι-ε

2330 5262 2508 5308 autem
2537 5252 2697 5320 dico,
2743 5268 2850 5306 non
2890 5258 2948 5305 ut
2992 5264 3059 5304 ne
3086 5246 3445 5313 accedamus;
3473 5247 3568 5302 sed
3607 5263 3677 5302 ne
3716 5255 3914 5300 temere

2330 5347 2670 5402 accedamus.
2700 5345 2851 5400 Sicut
2881 5341 3023 5396 enim
3054 5348 3260 5395 temere
3283 5341 3544 5396 accedere
3564 5380 3581 5404 ,
3617 5336 3911 5407 periculum

2330 5447 2414 5492 est
2440 5454 2453 5490 :
2486 5438 2562 5493 sic
2592 5437 2675 5491 his
2699 5433 2937 5505 mysticis
2965 5430 3134 5487 ctenis
3166 5446 3270 5487 non
3299 5430 3719 5492 communicare,
3754 5427 3910 5482 fames

2330 5536 2413 5581 est
2438 5537 2491 5581 ct
2530 5542 2694 5582 mors.
2725 5524 2849 5578 llgec
2876 5521 3017 5576 enim
3046 5537 3232 5577 mensa
3262 5521 3410 5577 nervi
3449 5520 3642 5572 anima:
3675 5526 3871 5572 nostra:
3890 5558 3906 5583 ,

2331 5620 2525 5674 mentis
2567 5617 2838 5673 vinculum
2861 5655 2876 5679 ,
2934 5614 3141 5670 fiduciae
3183 5629 3343 5670 causa
3364 5654 3380 5680 ,
3410 5623 3535 5680 spes
3554 5648 3571 5672 .
3595 5608 3779 5679 salus,
3809 5609 3911 5668 lux,

2334 5712 2443 5766 vita
2482 5728 2576 5769 ρει.
2620 5710 2676 5765 Si
2716 5723 2835 5763 cum
2866 5706 2967 5763 hoc
2993 5706 3258 5763 sacriﬁcio
3297 5704 3387 5759 illo
3412 5700 3708 5759 abierintus
3736 5744 3751 5771 ,
3797 5714 3913 5755 cum
4030 5690 4031 5725 ί
