  <div class='ocr_page' id='page_1' title='image "/cluster/home/n/w/nwhite01/storage/ocr_20150623/61/pst.000005712618/212.png"; bbox 0 0 4086 6340; ppageno 0'>
   <div class='ocr_carea' id='block_1_1' title="bbox 140 332 255 389">
    <p class='ocr_par' dir='ltr' id='par_1_1' title="bbox 140 332 255 389">
     <span class='ocr_line' id='line_1_1' title="bbox 140 332 255 389; baseline 0.035 -4"><span class='ocrx_word' id='word_1_1' title='bbox 140 332 255 389; x_wconf 65' lang='grc' dir='ltr'>ἓῢδ</span> 
     </span>
    </p>
   </div>
   <div class='ocr_carea' id='block_1_2' title="bbox 150 435 1738 507">
    <p class='ocr_par' dir='ltr' id='par_1_2' title="bbox 150 435 1738 507">
     <span class='ocr_line' id='line_1_2' title="bbox 150 435 1738 507; baseline -0.008 -7"><span class='ocrx_word' id='word_1_2' title='bbox 150 446 345 501; x_wconf 89' lang='lat' dir='ltr'><strong>Ilducia</strong></span> <span class='ocrx_word' id='word_1_3' title='bbox 376 458 530 500; x_wconf 81' lang='lat' dir='ltr'><strong>sacra</strong></span> <span class='ocrx_word' id='word_1_4' title='bbox 562 442 651 499; x_wconf 81' lang='lat' dir='ltr'><strong>illa</strong></span> <span class='ocrx_word' id='word_1_5' title='bbox 682 440 943 498; x_wconf 85' lang='lat' dir='ltr'><strong>vestibula</strong></span> <span class='ocrx_word' id='word_1_6' title='bbox 976 437 1271 503; x_wconf 90' lang='lat' dir='ltr'><strong>adibimus,</strong></span> <span class='ocrx_word' id='word_1_7' title='bbox 1317 438 1467 507; x_wconf 84' lang='lat' dir='ltr'><strong>quasi</strong></span> <span class='ocrx_word' id='word_1_8' title='bbox 1515 435 1738 505; x_wconf 80' lang='lat' dir='ltr'><strong>quibus-</strong></span> 
     </span>
    </p>
   </div>
   <div class='ocr_carea' id='block_1_3' title="bbox 152 525 1745 597">
    <p class='ocr_par' dir='ltr' id='par_1_3' title="bbox 152 525 1745 597">
     <span class='ocr_line' id='line_1_3' title="bbox 152 525 1745 597; baseline -0.008 -6"><span class='ocrx_word' id='word_1_9' title='bbox 152 546 275 591; x_wconf 81' lang='lat' dir='ltr'><strong>dam</strong></span> <span class='ocrx_word' id='word_1_10' title='bbox 320 536 504 589; x_wconf 81' lang='lat' dir='ltr'><strong>aureis</strong></span> <span class='ocrx_word' id='word_1_11' title='bbox 544 534 711 587; x_wconf 87' lang='lat' dir='ltr'><strong>armis</strong></span> <span class='ocrx_word' id='word_1_12' title='bbox 751 529 994 585; x_wconf 86' lang='lat' dir='ltr'><strong>instructi</strong></span> <span class='ocrx_word' id='word_1_13' title='bbox 1038 527 1289 597; x_wconf 76' lang='lat' dir='ltr'><strong>undique.</strong></span> <span class='ocrx_word' id='word_1_14' title='bbox 1323 525 1527 595; x_wconf 85' lang='lat' dir='ltr'><strong>Ecquid</strong></span> <span class='ocrx_word' id='word_1_15' title='bbox 1567 526 1745 579; x_wconf 77' lang='lat' dir='ltr'><strong>futura</strong></span> 
     </span>
    </p>
   </div>
   <div class='ocr_carea' id='block_1_4' title="bbox 152 616 1745 687">
    <p class='ocr_par' dir='ltr' id='par_1_4' title="bbox 152 616 1745 687">
     <span class='ocr_line' id='line_1_4' title="bbox 152 616 1745 687; baseline -0.006 -7"><span class='ocrx_word' id='word_1_16' title='bbox 152 628 318 681; x_wconf 82' lang='lat' dir='ltr'><strong>dico?</strong></span> <span class='ocrx_word' id='word_1_17' title='bbox 364 626 463 681; x_wconf 90' lang='lat' dir='ltr'><strong>llic</strong></span> <span class='ocrx_word' id='word_1_18' title='bbox 491 626 632 680; x_wconf 89' lang='lat' dir='ltr'><strong>enim</strong></span> <span class='ocrx_word' id='word_1_19' title='bbox 662 622 754 677; x_wconf 85' lang='lat' dir='ltr'><strong>tibi</strong></span> <span class='ocrx_word' id='word_1_20' title='bbox 787 630 985 675; x_wconf 84' lang='lat' dir='ltr'><strong>terram</strong></span> <span class='ocrx_word' id='word_1_21' title='bbox 1018 619 1209 674; x_wconf 57' lang='lat' dir='ltr'><strong>ca‘lum</strong></span> <span class='ocrx_word' id='word_1_22' title='bbox 1256 618 1380 671; x_wconf 77' lang='lat' dir='ltr'><strong>facit</strong></span> <span class='ocrx_word' id='word_1_23' title='bbox 1412 616 1513 670; x_wconf 86' lang='lat' dir='ltr'><strong>hoc</strong></span> <span class='ocrx_word' id='word_1_24' title='bbox 1543 626 1745 687; x_wconf 87' lang='lat' dir='ltr'><strong>myste-</strong></span> 
     </span>
    </p>
   </div>
   <div class='ocr_carea' id='block_1_5' title="bbox 155 706 1749 785">
    <p class='ocr_par' dir='ltr' id='par_1_5' title="bbox 155 706 1749 785">
     <span class='ocr_line' id='line_1_5' title="bbox 155 706 1749 785; baseline -0.008 -14"><span class='ocrx_word' id='word_1_25' title='bbox 155 722 319 772; x_wconf 80' lang='lat' dir='ltr'><strong>rium.</strong></span> <span class='ocrx_word' id='word_1_26' title='bbox 365 718 529 785; x_wconf 80' lang='lat' dir='ltr'><strong>Aperi</strong></span> <span class='ocrx_word' id='word_1_27' title='bbox 554 730 683 785; x_wconf 84' lang='lat' dir='ltr'><strong>ergo</strong></span> <span class='ocrx_word' id='word_1_28' title='bbox 708 713 827 767; x_wconf 69' lang='lat' dir='ltr'><strong>cteli</strong></span> <span class='ocrx_word' id='word_1_29' title='bbox 856 720 1037 781; x_wconf 87' lang='lat' dir='ltr'><strong>portas</strong></span> <span class='ocrx_word' id='word_1_30' title='bbox 1058 719 1112 765; x_wconf 92' lang='lat' dir='ltr'><strong>et</strong></span> <span class='ocrx_word' id='word_1_31' title='bbox 1134 708 1408 778; x_wconf 89' lang='lat' dir='ltr'><strong>perspice;</strong></span> <span class='ocrx_word' id='word_1_32' title='bbox 1438 707 1546 760; x_wconf 89' lang='lat' dir='ltr'><strong>imo</strong></span> <span class='ocrx_word' id='word_1_33' title='bbox 1574 706 1749 775; x_wconf 91' lang='lat' dir='ltr'><strong>potius</strong></span> 
     </span>
    </p>
   </div>
   <div class='ocr_carea' id='block_1_6' title="bbox 144 794 1747 871">
    <p class='ocr_par' dir='ltr' id='par_1_6' title="bbox 144 794 1747 871">
     <span class='ocr_line' id='line_1_6' title="bbox 144 794 1747 871; baseline -0.008 -9"><span class='ocrx_word' id='word_1_34' title='bbox 144 822 265 863; x_wconf 65' lang='lat' dir='ltr'><strong>tnou</strong></span> <span class='ocrx_word' id='word_1_35' title='bbox 296 808 419 863; x_wconf 78' lang='lat' dir='ltr'><strong>caeli</strong></span> <span class='ocrx_word' id='word_1_36' title='bbox 446 848 459 871; x_wconf 86' lang='lat'><strong>,</strong></span> <span class='ocrx_word' id='word_1_37' title='bbox 487 806 582 861; x_wconf 83' lang='lat' dir='ltr'><strong>sed</strong></span> <span class='ocrx_word' id='word_1_38' title='bbox 623 804 735 859; x_wconf 75' lang='lat' dir='ltr'><strong>caeli</strong></span> <span class='ocrx_word' id='word_1_39' title='bbox 765 803 1058 865; x_wconf 59' lang='lat' dir='ltr'><strong>calorum,</strong></span> <span class='ocrx_word' id='word_1_40' title='bbox 1106 810 1158 854; x_wconf 89' lang='lat' dir='ltr'><strong>et</strong></span> <span class='ocrx_word' id='word_1_41' title='bbox 1203 806 1327 851; x_wconf 91' lang='lat' dir='ltr'><strong>tunc</strong></span> <span class='ocrx_word' id='word_1_42' title='bbox 1367 794 1578 850; x_wconf 76' lang='lat' dir='ltr'><strong>videbis</strong></span> <span class='ocrx_word' id='word_1_43' title='bbox 1620 795 1747 849; x_wconf 91' lang='lat' dir='ltr'><strong>illud</strong></span> 
     </span>
    </p>
   </div>
   <div class='ocr_carea' id='block_1_7' title="bbox 156 886 1751 973">
    <p class='ocr_par' dir='ltr' id='par_1_7' title="bbox 156 886 1751 973">
     <span class='ocr_line' id='line_1_7' title="bbox 156 886 1751 973; baseline -0.01 -17"><span class='ocrx_word' id='word_1_44' title='bbox 156 902 303 973; x_wconf 84' lang='lat' dir='ltr'><strong>quod</strong></span> <span class='ocrx_word' id='word_1_45' title='bbox 332 900 530 956; x_wconf 89' lang='lat' dir='ltr'><strong>dictum</strong></span> <span class='ocrx_word' id='word_1_46' title='bbox 562 908 663 955; x_wconf 89' lang='lat' dir='ltr'><strong>est.</strong></span> <span class='ocrx_word' id='word_1_47' title='bbox 698 895 851 965; x_wconf 83' lang='lat' dir='ltr'><strong>Quod</strong></span> <span class='ocrx_word' id='word_1_48' title='bbox 883 894 1025 949; x_wconf 90' lang='lat' dir='ltr'><strong>enim</strong></span> <span class='ocrx_word' id='word_1_49' title='bbox 1057 892 1164 946; x_wconf 91' lang='lat' dir='ltr'><strong>illic</strong></span> <span class='ocrx_word' id='word_1_50' title='bbox 1193 890 1433 945; x_wconf 85' lang='lat' dir='ltr'><strong>omnium</strong></span> <span class='ocrx_word' id='word_1_51' title='bbox 1478 886 1751 955; x_wconf 80' lang='lat' dir='ltr'><strong>pretiosis-</strong></span> 
     </span>
    </p>
   </div>
   <div class='ocr_carea' id='block_1_8' title="bbox 157 979 1753 1059">
    <p class='ocr_par' dir='ltr' id='par_1_8' title="bbox 157 979 1753 1059">
     <span class='ocr_line' id='line_1_8' title="bbox 157 979 1753 1059; baseline -0.011 -7"><span class='ocrx_word' id='word_1_52' title='bbox 157 1001 356 1052; x_wconf 86' lang='lat' dir='ltr'><strong>simum</strong></span> <span class='ocrx_word' id='word_1_53' title='bbox 384 1005 501 1059; x_wconf 90' lang='lat' dir='ltr'><strong>est;</strong></span> <span class='ocrx_word' id='word_1_54' title='bbox 528 994 627 1047; x_wconf 92' lang='lat' dir='ltr'><strong>hoc</strong></span> <span class='ocrx_word' id='word_1_55' title='bbox 654 993 746 1045; x_wconf 90' lang='lat' dir='ltr'><strong>tibi</strong></span> <span class='ocrx_word' id='word_1_56' title='bbox 772 992 821 1044; x_wconf 91' lang='lat' dir='ltr'><strong>in</strong></span> <span class='ocrx_word' id='word_1_57' title='bbox 853 1000 990 1043; x_wconf 89' lang='lat' dir='ltr'><strong>terra</strong></span> <span class='ocrx_word' id='word_1_58' title='bbox 1015 987 1200 1055; x_wconf 87' lang='lat' dir='ltr'><strong>jacens</strong></span> <span class='ocrx_word' id='word_1_59' title='bbox 1229 981 1560 1036; x_wconf 73' lang='lat' dir='ltr'><strong>monstrabo.</strong></span> <span class='ocrx_word' id='word_1_60' title='bbox 1604 979 1753 1035; x_wconf 86' lang='lat' dir='ltr'><strong>Sicut</strong></span> 
     </span>
    </p>
   </div>
   <div class='ocr_carea' id='block_1_9' title="bbox 157 1072 1749 1157">
    <p class='ocr_par' dir='ltr' id='par_1_9' title="bbox 157 1072 1749 1157">
     <span class='ocr_line' id='line_1_9' title="bbox 157 1072 1749 1157; baseline -0.012 -14"><span class='ocrx_word' id='word_1_61' title='bbox 157 1091 301 1143; x_wconf 86' lang='lat' dir='ltr'><strong>enim</strong></span> <span class='ocrx_word' id='word_1_62' title='bbox 337 1090 389 1142; x_wconf 90' lang='lat' dir='ltr'><strong>in</strong></span> <span class='ocrx_word' id='word_1_63' title='bbox 420 1088 563 1157; x_wconf 84' lang='lat' dir='ltr'><strong>regia</strong></span> <span class='ocrx_word' id='word_1_64' title='bbox 588 1084 729 1155; x_wconf 86' lang='lat' dir='ltr'><strong>quod</strong></span> <span class='ocrx_word' id='word_1_65' title='bbox 755 1081 991 1137; x_wconf 88' lang='lat' dir='ltr'><strong>omnium</strong></span> <span class='ocrx_word' id='word_1_66' title='bbox 1023 1072 1619 1147; x_wconf 68' lang='lat' dir='ltr'><strong>magnificentissimum</strong></span> <span class='ocrx_word' id='word_1_67' title='bbox 1644 1080 1749 1137; x_wconf 90' lang='lat' dir='ltr'><strong>est,</strong></span> 
     </span>
    </p>
   </div>
   <div class='ocr_carea' id='block_1_10' title="bbox 161 1162 1753 1241">
    <p class='ocr_par' dir='ltr' id='par_1_10' title="bbox 161 1162 1753 1241">
     <span class='ocr_line' id='line_1_10' title="bbox 161 1162 1753 1241; baseline -0.012 -6"><span class='ocrx_word' id='word_1_68' title='bbox 161 1196 270 1235; x_wconf 87' lang='lat' dir='ltr'><strong>non</strong></span> <span class='ocrx_word' id='word_1_69' title='bbox 317 1180 458 1234; x_wconf 89' lang='lat' dir='ltr'><strong>muri</strong></span> <span class='ocrx_word' id='word_1_70' title='bbox 488 1184 648 1241; x_wconf 88' lang='lat' dir='ltr'><strong>sunt,</strong></span> <span class='ocrx_word' id='word_1_71' title='bbox 697 1190 803 1228; x_wconf 92' lang='lat' dir='ltr'><strong>non</strong></span> <span class='ocrx_word' id='word_1_72' title='bbox 854 1182 1052 1227; x_wconf 89' lang='lat' dir='ltr'><strong>tectum</strong></span> <span class='ocrx_word' id='word_1_73' title='bbox 1092 1182 1357 1232; x_wconf 83' lang='lat' dir='ltr'><strong>aureum,</strong></span> <span class='ocrx_word' id='word_1_74' title='bbox 1404 1164 1498 1220; x_wconf 88' lang='lat' dir='ltr'><strong>sed</strong></span> <span class='ocrx_word' id='word_1_75' title='bbox 1548 1162 1753 1235; x_wconf 82' lang='lat' dir='ltr'><strong>regium</strong></span> 
     </span>
    </p>
   </div>
   <div class='ocr_carea' id='block_1_11' title="bbox 158 1258 1753 1343">
    <p class='ocr_par' dir='ltr' id='par_1_11' title="bbox 158 1258 1753 1343">
     <span class='ocr_line' id='line_1_11' title="bbox 158 1258 1753 1343; baseline -0.01 -16"><span class='ocrx_word' id='word_1_76' title='bbox 158 1288 360 1343; x_wconf 89' lang='lat' dir='ltr'><strong>corpus</strong></span> <span class='ocrx_word' id='word_1_77' title='bbox 401 1272 455 1325; x_wconf 91' lang='lat' dir='ltr'><strong>in</strong></span> <span class='ocrx_word' id='word_1_78' title='bbox 484 1270 616 1323; x_wconf 88' lang='lat' dir='ltr'><strong>solio</strong></span> <span class='ocrx_word' id='word_1_79' title='bbox 664 1266 860 1321; x_wconf 88' lang='lat' dir='ltr'><strong>sedens</strong></span> <span class='ocrx_word' id='word_1_80' title='bbox 895 1283 908 1318; x_wconf 90' lang='lat'><strong>:</strong></span> <span class='ocrx_word' id='word_1_81' title='bbox 938 1263 1016 1317; x_wconf 87' lang='lat' dir='ltr'><strong>sic</strong></span> <span class='ocrx_word' id='word_1_82' title='bbox 1040 1271 1094 1317; x_wconf 89' lang='lat' dir='ltr'><strong>et</strong></span> <span class='ocrx_word' id='word_1_83' title='bbox 1120 1261 1176 1315; x_wconf 92' lang='lat' dir='ltr'><strong>in</strong></span> <span class='ocrx_word' id='word_1_84' title='bbox 1216 1259 1367 1314; x_wconf 58' lang='lat' dir='ltr'><strong>carlis</strong></span> <span class='ocrx_word' id='word_1_85' title='bbox 1394 1258 1598 1328; x_wconf 84' lang='lat' dir='ltr'><strong>regium</strong></span> <span class='ocrx_word' id='word_1_86' title='bbox 1629 1272 1753 1311; x_wconf 82' lang='lat' dir='ltr'><strong>cor-</strong></span> 
     </span>
    </p>
   </div>
   <div class='ocr_carea' id='block_1_12' title="bbox 162 1348 1755 1434">
    <p class='ocr_par' dir='ltr' id='par_1_12' title="bbox 162 1348 1755 1434">
     <span class='ocr_line' id='line_1_12' title="bbox 162 1348 1755 1434; baseline -0.01 -17"><span class='ocrx_word' id='word_1_87' title='bbox 162 1381 284 1434; x_wconf 88' lang='lat' dir='ltr'><strong>pus.</strong></span> <span class='ocrx_word' id='word_1_88' title='bbox 339 1362 448 1419; x_wconf 80' lang='lat' dir='ltr'><strong>Sed</strong></span> <span class='ocrx_word' id='word_1_89' title='bbox 476 1364 576 1416; x_wconf 83' lang='lat' dir='ltr'><strong>hoc</strong></span> <span class='ocrx_word' id='word_1_90' title='bbox 618 1375 758 1415; x_wconf 90' lang='lat' dir='ltr'><strong>nunc</strong></span> <span class='ocrx_word' id='word_1_91' title='bbox 806 1356 898 1411; x_wconf 89' lang='lat' dir='ltr'><strong>tibi</strong></span> <span class='ocrx_word' id='word_1_92' title='bbox 956 1355 1078 1409; x_wconf 90' lang='lat' dir='ltr'><strong>licet</strong></span> <span class='ocrx_word' id='word_1_93' title='bbox 1126 1353 1177 1405; x_wconf 92' lang='lat' dir='ltr'><strong>in</strong></span> <span class='ocrx_word' id='word_1_94' title='bbox 1226 1359 1367 1406; x_wconf 85' lang='lat' dir='ltr'><strong>terra</strong></span> <span class='ocrx_word' id='word_1_95' title='bbox 1395 1350 1597 1405; x_wconf 90' lang='lat' dir='ltr'><strong>videre.</strong></span> <span class='ocrx_word' id='word_1_96' title='bbox 1639 1348 1755 1402; x_wconf 83' lang='lat' dir='ltr'><strong>Non</strong></span> 
     </span>
    </p>
   </div>
   <div class='ocr_carea' id='block_1_13' title="bbox 160 1438 1754 1525">
    <p class='ocr_par' dir='ltr' id='par_1_13' title="bbox 160 1438 1754 1525">
     <span class='ocr_line' id='line_1_13' title="bbox 160 1438 1754 1525; baseline -0.012 -14"><span class='ocrx_word' id='word_1_97' title='bbox 160 1460 310 1512; x_wconf 88' lang='lat' dir='ltr'><strong>enim</strong></span> <span class='ocrx_word' id='word_1_98' title='bbox 350 1455 568 1525; x_wconf 79' lang='lat' dir='ltr'><strong>angelos</strong></span> <span class='ocrx_word' id='word_1_99' title='bbox 589 1495 601 1517; x_wconf 87' lang='lat'><strong>,</strong></span> <span class='ocrx_word' id='word_1_100' title='bbox 633 1467 740 1506; x_wconf 91' lang='lat' dir='ltr'><strong>non</strong></span> <span class='ocrx_word' id='word_1_101' title='bbox 782 1444 1156 1515; x_wconf 82' lang='lat' dir='ltr'><strong>arcbangelos,</strong></span> <span class='ocrx_word' id='word_1_102' title='bbox 1185 1456 1291 1496; x_wconf 91' lang='lat' dir='ltr'><strong>non</strong></span> <span class='ocrx_word' id='word_1_103' title='bbox 1318 1443 1478 1497; x_wconf 61' lang='lat' dir='ltr'><strong>casias</strong></span> <span class='ocrx_word' id='word_1_104' title='bbox 1507 1449 1563 1495; x_wconf 89' lang='lat' dir='ltr'><strong>et</strong></span> <span class='ocrx_word' id='word_1_105' title='bbox 1590 1438 1754 1495; x_wconf 71' lang='lat' dir='ltr'><strong>czelos</strong></span> 
     </span>
    </p>
   </div>
   <div class='ocr_carea' id='block_1_14' title="bbox 165 1532 1753 1613">
    <p class='ocr_par' dir='ltr' id='par_1_14' title="bbox 165 1532 1753 1613">
     <span class='ocr_line' id='line_1_14' title="bbox 165 1532 1753 1613; baseline -0.013 -9"><span class='ocrx_word' id='word_1_106' title='bbox 165 1552 422 1603; x_wconf 60' lang='lat' dir='ltr'><strong>caelorum</strong></span> <span class='ocrx_word' id='word_1_107' title='bbox 447 1590 460 1611; x_wconf 88' lang='lat'><strong>,</strong></span> <span class='ocrx_word' id='word_1_108' title='bbox 490 1546 583 1600; x_wconf 89' lang='lat' dir='ltr'><strong>sed</strong></span> <span class='ocrx_word' id='word_1_109' title='bbox 614 1546 785 1613; x_wconf 87' lang='lat' dir='ltr'><strong>ipsum</strong></span> <span class='ocrx_word' id='word_1_110' title='bbox 820 1539 912 1594; x_wconf 90' lang='lat' dir='ltr'><strong>tibi</strong></span> <span class='ocrx_word' id='word_1_111' title='bbox 961 1539 1147 1591; x_wconf 90' lang='lat' dir='ltr'><strong>horum</strong></span> <span class='ocrx_word' id='word_1_112' title='bbox 1179 1534 1459 1588; x_wconf 90' lang='lat' dir='ltr'><strong>Dominum</strong></span> <span class='ocrx_word' id='word_1_113' title='bbox 1508 1532 1753 1585; x_wconf 81' lang='lat' dir='ltr'><strong>ostendo.</strong></span> 
     </span>
    </p>
   </div>
   <div class='ocr_carea' id='block_1_15' title="bbox 171 1624 1756 1708">
    <p class='ocr_par' dir='ltr' id='par_1_15' title="bbox 171 1624 1756 1708">
     <span class='ocr_line' id='line_1_15' title="bbox 171 1624 1756 1708; baseline -0.011 -15"><span class='ocrx_word' id='word_1_114' title='bbox 171 1642 416 1697; x_wconf 78' lang='lat' dir='ltr'><strong>V&#39;idistin‘</strong></span> <span class='ocrx_word' id='word_1_115' title='bbox 446 1636 713 1708; x_wconf 88' lang='lat' dir='ltr'><strong>quomodo</strong></span> <span class='ocrx_word' id='word_1_116' title='bbox 745 1634 795 1688; x_wconf 91' lang='lat' dir='ltr'><strong>id</strong></span> <span class='ocrx_word' id='word_1_117' title='bbox 822 1675 842 1699; x_wconf 85' lang='lat'><strong>,</strong></span> <span class='ocrx_word' id='word_1_118' title='bbox 866 1630 1011 1701; x_wconf 89' lang='lat' dir='ltr'><strong>quod</strong></span> <span class='ocrx_word' id='word_1_119' title='bbox 1047 1628 1282 1684; x_wconf 89' lang='lat' dir='ltr'><strong>omnium</strong></span> <span class='ocrx_word' id='word_1_120' title='bbox 1312 1624 1756 1695; x_wconf 88' lang='lat' dir='ltr'><strong>pretiosissimum</strong></span> 
     </span>
    </p>
   </div>
   <div class='ocr_carea' id='block_1_16' title="bbox 166 1714 1757 1799">
    <p class='ocr_par' dir='ltr' id='par_1_16' title="bbox 166 1714 1757 1799">
     <span class='ocr_line' id='line_1_16' title="bbox 166 1714 1757 1799; baseline -0.014 -10"><span class='ocrx_word' id='word_1_121' title='bbox 166 1744 248 1789; x_wconf 87' lang='lat' dir='ltr'><strong>est</strong></span> <span class='ocrx_word' id='word_1_122' title='bbox 270 1776 285 1799; x_wconf 91' lang='lat'><strong>,</strong></span> <span class='ocrx_word' id='word_1_123' title='bbox 318 1734 372 1786; x_wconf 89' lang='lat' dir='ltr'><strong>in</strong></span> <span class='ocrx_word' id='word_1_124' title='bbox 403 1740 547 1784; x_wconf 89' lang='lat' dir='ltr'><strong>terra</strong></span> <span class='ocrx_word' id='word_1_125' title='bbox 593 1724 889 1796; x_wconf 78' lang='lat' dir='ltr'><strong>respicias?</strong></span> <span class='ocrx_word' id='word_1_126' title='bbox 916 1736 1092 1791; x_wconf 90' lang='lat' dir='ltr'><strong>neque</strong></span> <span class='ocrx_word' id='word_1_127' title='bbox 1116 1719 1265 1773; x_wconf 82' lang='lat' dir='ltr'><strong>vides</strong></span> <span class='ocrx_word' id='word_1_128' title='bbox 1296 1725 1497 1770; x_wconf 85' lang='lat' dir='ltr'><strong>tantum</strong></span> <span class='ocrx_word' id='word_1_129' title='bbox 1523 1756 1537 1779; x_wconf 88' lang='lat'><strong>,</strong></span> <span class='ocrx_word' id='word_1_130' title='bbox 1568 1714 1659 1768; x_wconf 91' lang='lat' dir='ltr'><strong>sed</strong></span> <span class='ocrx_word' id='word_1_131' title='bbox 1705 1721 1757 1767; x_wconf 89' lang='lat' dir='ltr'><strong>et</strong></span> 
     </span>
    </p>
   </div>
   <div class='ocr_carea' id='block_1_17' title="bbox 167 1804 1759 1894">
    <p class='ocr_par' dir='ltr' id='par_1_17' title="bbox 167 1804 1759 1894">
     <span class='ocr_line' id='line_1_17' title="bbox 167 1804 1759 1894; baseline -0.013 -17"><span class='ocrx_word' id='word_1_132' title='bbox 167 1824 375 1894; x_wconf 83' lang='lat' dir='ltr'><strong>tangis;</strong></span> <span class='ocrx_word' id='word_1_133' title='bbox 406 1836 507 1875; x_wconf 90' lang='lat' dir='ltr'><strong>nec</strong></span> <span class='ocrx_word' id='word_1_134' title='bbox 540 1819 711 1887; x_wconf 88' lang='lat' dir='ltr'><strong>tangis</strong></span> <span class='ocrx_word' id='word_1_135' title='bbox 740 1824 963 1877; x_wconf 87' lang='lat' dir='ltr'><strong>tantum,</strong></span> <span class='ocrx_word' id='word_1_136' title='bbox 998 1811 1091 1867; x_wconf 81' lang='lat' dir='ltr'><strong>sed</strong></span> <span class='ocrx_word' id='word_1_137' title='bbox 1121 1810 1281 1864; x_wconf 88' lang='lat' dir='ltr'><strong>etiam</strong></span> <span class='ocrx_word' id='word_1_138' title='bbox 1313 1804 1585 1869; x_wconf 82' lang='lat' dir='ltr'><strong>comedis,</strong></span> <span class='ocrx_word' id='word_1_139' title='bbox 1613 1814 1665 1857; x_wconf 84' lang='lat' dir='ltr'><strong>et</strong></span> <span class='ocrx_word' id='word_1_140' title='bbox 1695 1820 1759 1858; x_wconf 91' lang='lat' dir='ltr'><strong>eo</strong></span> 
     </span>
    </p>
   </div>
   <div class='ocr_carea' id='block_1_18' title="bbox 166 1896 1757 1983">
    <p class='ocr_par' dir='ltr' id='par_1_18' title="bbox 166 1896 1757 1983">
     <span class='ocr_line' id='line_1_18' title="bbox 166 1896 1757 1983; baseline -0.013 -15"><span class='ocrx_word' id='word_1_141' title='bbox 166 1925 395 1983; x_wconf 76' lang='lat' dir='ltr'><strong>accepto</strong></span> <span class='ocrx_word' id='word_1_142' title='bbox 422 1913 643 1966; x_wconf 91' lang='lat' dir='ltr'><strong>domum</strong></span> <span class='ocrx_word' id='word_1_143' title='bbox 686 1905 994 1962; x_wconf 86' lang='lat' dir='ltr'><strong>reverteris.</strong></span> <span class='ocrx_word' id='word_1_144' title='bbox 1031 1901 1291 1969; x_wconf 82' lang='lat' dir='ltr'><strong>Absterge</strong></span> <span class='ocrx_word' id='word_1_145' title='bbox 1319 1898 1477 1967; x_wconf 78' lang='lat' dir='ltr'><strong>igitur</strong></span> <span class='ocrx_word' id='word_1_146' title='bbox 1504 1896 1757 1961; x_wconf 84' lang='lat' dir='ltr'><strong>animam,</strong></span> 
     </span>
    </p>
   </div>
   <div class='ocr_carea' id='block_1_19' title="bbox 168 1986 1759 2073">
    <p class='ocr_par' dir='ltr' id='par_1_19' title="bbox 168 1986 1759 2073">
     <span class='ocr_line' id='line_1_19' title="bbox 168 1986 1759 2073; baseline -0.013 -13"><span class='ocrx_word' id='word_1_147' title='bbox 168 2020 414 2073; x_wconf 60' lang='lat' dir='ltr'><strong>praepara</strong></span> <span class='ocrx_word' id='word_1_148' title='bbox 444 2010 677 2055; x_wconf 87' lang='lat' dir='ltr'><strong>mentem</strong></span> <span class='ocrx_word' id='word_1_149' title='bbox 708 1997 772 2051; x_wconf 85' lang='lat' dir='ltr'><strong>ad</strong></span> <span class='ocrx_word' id='word_1_150' title='bbox 805 1998 993 2050; x_wconf 85' lang='lat' dir='ltr'><strong>borum</strong></span> <span class='ocrx_word' id='word_1_151' title='bbox 1047 1991 1425 2062; x_wconf 80' lang='lat' dir='ltr'><strong>mysteriorum</strong></span> <span class='ocrx_word' id='word_1_152' title='bbox 1455 1986 1759 2056; x_wconf 83' lang='lat' dir='ltr'><strong>perceptio-</strong></span> 
     </span>
    </p>
   </div>
   <div class='ocr_carea' id='block_1_20' title="bbox 170 2084 1759 2156">
    <p class='ocr_par' dir='ltr' id='par_1_20' title="bbox 170 2084 1759 2156">
     <span class='ocr_line' id='line_1_20' title="bbox 170 2084 1759 2156; baseline -0.014 -7"><span class='ocrx_word' id='word_1_153' title='bbox 170 2112 319 2149; x_wconf 88' lang='lat' dir='ltr'><strong>nem.</strong></span> <span class='ocrx_word' id='word_1_154' title='bbox 354 2094 565 2146; x_wconf 70' lang='lat' dir='ltr'><strong>Etenim</strong></span> <span class='ocrx_word' id='word_1_155' title='bbox 597 2092 641 2143; x_wconf 90' lang='lat' dir='ltr'><strong>si</strong></span> <span class='ocrx_word' id='word_1_156' title='bbox 680 2087 821 2156; x_wconf 78' lang='lat' dir='ltr'><strong>regis</strong></span> <span class='ocrx_word' id='word_1_157' title='bbox 852 2085 992 2139; x_wconf 80' lang='lat' dir='ltr'><strong>ﬁlius</strong></span> <span class='ocrx_word' id='word_1_158' title='bbox 1018 2097 1140 2136; x_wconf 89' lang='lat' dir='ltr'><strong>cum</strong></span> <span class='ocrx_word' id='word_1_159' title='bbox 1170 2087 1361 2133; x_wconf 88' lang='lat' dir='ltr'><strong>ornatu</strong></span> <span class='ocrx_word' id='word_1_160' title='bbox 1381 2118 1396 2143; x_wconf 91' lang='lat'><strong>,</strong></span> <span class='ocrx_word' id='word_1_161' title='bbox 1434 2091 1665 2145; x_wconf 77' lang='lat' dir='ltr'><strong>purpura</strong></span> <span class='ocrx_word' id='word_1_162' title='bbox 1708 2084 1759 2127; x_wconf 89' lang='lat' dir='ltr'><strong>ct</strong></span> 
     </span>
    </p>
   </div>
   <div class='ocr_carea' id='block_1_21' title="bbox 167 2166 1759 2241">
    <p class='ocr_par' dir='ltr' id='par_1_21' title="bbox 167 2166 1759 2241">
     <span class='ocr_line' id='line_1_21' title="bbox 167 2166 1759 2241; baseline -0.014 -2"><span class='ocrx_word' id='word_1_163' title='bbox 167 2187 474 2240; x_wconf 80' lang='lat' dir='ltr'><strong>diademate</strong></span> <span class='ocrx_word' id='word_1_164' title='bbox 520 2180 860 2236; x_wconf 89' lang='lat' dir='ltr'><strong>concreditus</strong></span> <span class='ocrx_word' id='word_1_165' title='bbox 906 2175 999 2229; x_wconf 89' lang='lat' dir='ltr'><strong>tibi</strong></span> <span class='ocrx_word' id='word_1_166' title='bbox 1026 2182 1168 2228; x_wconf 86' lang='lat' dir='ltr'><strong>esset</strong></span> <span class='ocrx_word' id='word_1_167' title='bbox 1211 2169 1535 2241; x_wconf 81' lang='lat' dir='ltr'><strong>gestandus,</strong></span> <span class='ocrx_word' id='word_1_168' title='bbox 1582 2166 1759 2219; x_wconf 87' lang='lat' dir='ltr'><strong>omnia</strong></span> 
     </span>
    </p>
   </div>
   <div class='ocr_carea' id='block_1_22' title="bbox 169 2260 1757 2348">
    <p class='ocr_par' dir='ltr' id='par_1_22' title="bbox 169 2260 1757 2348">
     <span class='ocr_line' id='line_1_22' title="bbox 169 2260 1757 2348; baseline -0.014 -16"><span class='ocrx_word' id='word_1_169' title='bbox 169 2293 291 2348; x_wconf 74' lang='lat' dir='ltr'><strong>quae</strong></span> <span class='ocrx_word' id='word_1_170' title='bbox 333 2286 455 2330; x_wconf 81' lang='lat' dir='ltr'><strong>Sunt</strong></span> <span class='ocrx_word' id='word_1_171' title='bbox 480 2276 531 2327; x_wconf 91' lang='lat' dir='ltr'><strong>in</strong></span> <span class='ocrx_word' id='word_1_172' title='bbox 563 2283 701 2327; x_wconf 85' lang='lat' dir='ltr'><strong>terra</strong></span> <span class='ocrx_word' id='word_1_173' title='bbox 730 2268 1038 2337; x_wconf 84' lang='lat' dir='ltr'><strong>ahjecisses.</strong></span> <span class='ocrx_word' id='word_1_174' title='bbox 1070 2265 1222 2318; x_wconf 86' lang='lat' dir='ltr'><strong>Nunc</strong></span> <span class='ocrx_word' id='word_1_175' title='bbox 1248 2272 1427 2316; x_wconf 84' lang='lat' dir='ltr'><strong>autem</strong></span> <span class='ocrx_word' id='word_1_176' title='bbox 1457 2276 1560 2313; x_wconf 90' lang='lat' dir='ltr'><strong>non</strong></span> <span class='ocrx_word' id='word_1_177' title='bbox 1595 2260 1757 2311; x_wconf 89' lang='lat' dir='ltr'><strong>lilium</strong></span> 
     </span>
    </p>
   </div>
   <div class='ocr_carea' id='block_1_23' title="bbox 170 2350 1757 2441">
    <p class='ocr_par' dir='ltr' id='par_1_23' title="bbox 170 2350 1757 2441">
     <span class='ocr_line' id='line_1_23' title="bbox 170 2350 1757 2441; baseline -0.016 -16"><span class='ocrx_word' id='word_1_178' title='bbox 170 2371 349 2441; x_wconf 81' lang='lat' dir='ltr'><strong>regis,</strong></span> <span class='ocrx_word' id='word_1_179' title='bbox 375 2368 467 2422; x_wconf 86' lang='lat' dir='ltr'><strong>sed</strong></span> <span class='ocrx_word' id='word_1_180' title='bbox 501 2368 673 2435; x_wconf 89' lang='lat' dir='ltr'><strong>ipsum</strong></span> <span class='ocrx_word' id='word_1_181' title='bbox 708 2363 798 2417; x_wconf 87' lang='lat' dir='ltr'><strong>Dei</strong></span> <span class='ocrx_word' id='word_1_182' title='bbox 848 2360 1043 2413; x_wconf 86' lang='lat' dir='ltr'><strong>Filium</strong></span> <span class='ocrx_word' id='word_1_183' title='bbox 1076 2354 1407 2424; x_wconf 78' lang='lat' dir='ltr'><strong>unigenitum</strong></span> <span class='ocrx_word' id='word_1_184' title='bbox 1450 2350 1757 2420; x_wconf 89' lang='lat' dir='ltr'><strong>accipiens,</strong></span> 
     </span>
    </p>
   </div>
   <div class='ocr_carea' id='block_1_24' title="bbox 167 2440 1762 2521">
    <p class='ocr_par' dir='ltr' id='par_1_24' title="bbox 167 2440 1762 2521">
     <span class='ocr_line' id='line_1_24' title="bbox 167 2440 1762 2521; baseline -0.016 -6"><span class='ocrx_word' id='word_1_185' title='bbox 167 2477 277 2515; x_wconf 87' lang='lat' dir='ltr'><strong>non</strong></span> <span class='ocrx_word' id='word_1_186' title='bbox 323 2457 689 2521; x_wconf 76' lang='lat' dir='ltr'><strong>exliorrescis,</strong></span> <span class='ocrx_word' id='word_1_187' title='bbox 717 2452 803 2508; x_wconf 90' lang='lat' dir='ltr'><strong>dic</strong></span> <span class='ocrx_word' id='word_1_188' title='bbox 832 2450 959 2505; x_wconf 80' lang='lat' dir='ltr'><strong>milii</strong></span> <span class='ocrx_word' id='word_1_189' title='bbox 986 2489 1002 2516; x_wconf 90' lang='lat'><strong>,</strong></span> <span class='ocrx_word' id='word_1_190' title='bbox 1042 2456 1096 2502; x_wconf 88' lang='lat' dir='ltr'><strong>et</strong></span> <span class='ocrx_word' id='word_1_191' title='bbox 1143 2462 1247 2499; x_wconf 89' lang='lat' dir='ltr'><strong>non</strong></span> <span class='ocrx_word' id='word_1_192' title='bbox 1284 2457 1496 2497; x_wconf 86' lang='lat' dir='ltr'><strong>omnem</strong></span> <span class='ocrx_word' id='word_1_193' title='bbox 1545 2440 1762 2493; x_wconf 53' lang='lat' dir='ltr'><strong>saecula-</strong></span> 
     </span>
    </p>
   </div>
   <div class='ocr_carea' id='block_1_25' title="bbox 180 2571 3239 2611">
    <p class='ocr_par' dir='ltr' id='par_1_25' title="bbox 180 2571 3239 2611">
     <span class='ocr_line' id='line_1_25' title="bbox 180 2571 3239 2611; baseline -0.007 -8"><span class='ocrx_word' id='word_1_194' title='bbox 180 2571 3239 2611; x_wconf 48' lang='grc' dir='ltr'>Μ</span> 
     </span>
    </p>
   </div>
   <div class='ocr_carea' id='block_1_26' title="bbox 1219 320 2441 381">
    <p class='ocr_par' dir='ltr' id='par_1_26' title="bbox 1219 320 2441 381">
     <span class='ocr_line' id='line_1_26' title="bbox 1219 320 2441 381; baseline 0 0"><span class='ocrx_word' id='word_1_195' title='bbox 1219 324 1280 381; x_wconf 80' lang='lat' dir='ltr'><strong>IN</strong></span> <span class='ocrx_word' id='word_1_196' title='bbox 1319 322 1539 380; x_wconf 77' lang='lat' dir='ltr'><strong>EPIST.</strong></span> <span class='ocrx_word' id='word_1_197' title='bbox 1584 322 1601 377; x_wconf 94' lang='lat' dir='ltr'><strong>l</strong></span> <span class='ocrx_word' id='word_1_198' title='bbox 1670 321 1763 377; x_wconf 74' lang='lat' dir='ltr'><strong>AD</strong></span> <span class='ocrx_word' id='word_1_199' title='bbox 1797 320 1952 377; x_wconf 80' lang='lat' dir='ltr'><strong>COB.</strong></span> <span class='ocrx_word' id='word_1_200' title='bbox 1998 320 2227 377; x_wconf 75' lang='grc' dir='ltr'><strong>ΗΟΜΙΙ..</strong></span> <span class='ocrx_word' id='word_1_201' title='bbox 2278 322 2441 381; x_wconf 71' lang='lat' dir='ltr'><strong>XXV.</strong></span> 
     </span>
    </p>
   </div>
   <div class='ocr_carea' id='block_1_27' title="bbox 3332 333 3437 389">
    <p class='ocr_par' dir='ltr' id='par_1_27' title="bbox 3332 333 3437 389">
     <span class='ocr_line' id='line_1_27' title="bbox 3332 333 3437 389; baseline 0.038 -4"><span class='ocrx_word' id='word_1_202' title='bbox 3332 333 3437 389; x_wconf 71' lang='lat'><strong>968</strong></span> 
     </span>
    </p>
   </div>
   <div class='ocr_carea' id='block_1_28' title="bbox 1853 437 3431 514">
    <p class='ocr_par' dir='ltr' id='par_1_28' title="bbox 1853 437 3431 514">
     <span class='ocr_line' id='line_1_28' title="bbox 1853 437 3431 514; baseline 0.006 -22"><span class='ocrx_word' id='word_1_203' title='bbox 1853 437 1988 492; x_wconf 90' lang='lat' dir='ltr'><strong>rium</strong></span> <span class='ocrx_word' id='word_1_204' title='bbox 2018 453 2194 492; x_wconf 90' lang='lat' dir='ltr'><strong>rerum</strong></span> <span class='ocrx_word' id='word_1_205' title='bbox 2222 454 2460 495; x_wconf 90' lang='lat' dir='ltr'><strong>amorem</strong></span> <span class='ocrx_word' id='word_1_206' title='bbox 2486 440 2695 511; x_wconf 87' lang='lat' dir='ltr'><strong>abjicis,</strong></span> <span class='ocrx_word' id='word_1_207' title='bbox 2720 458 2892 514; x_wconf 87' lang='lat' dir='ltr'><strong>neque</strong></span> <span class='ocrx_word' id='word_1_208' title='bbox 2922 443 3015 500; x_wconf 87' lang='lat' dir='ltr'><strong>illo</strong></span> <span class='ocrx_word' id='word_1_209' title='bbox 3044 450 3249 504; x_wconf 80' lang='lat' dir='ltr'><strong>tantum</strong></span> <span class='ocrx_word' id='word_1_210' title='bbox 3272 462 3431 501; x_wconf 87' lang='lat' dir='ltr'><strong>orna-</strong></span> 
     </span>
    </p>
   </div>
   <div class='ocr_carea' id='block_1_29' title="bbox 1854 526 3438 605">
    <p class='ocr_par' dir='ltr' id='par_1_29' title="bbox 1854 526 3438 605">
     <span class='ocr_line' id='line_1_29' title="bbox 1854 526 3438 605; baseline 0.007 -24"><span class='ocrx_word' id='word_1_211' title='bbox 1854 535 1910 581; x_wconf 91' lang='lat' dir='ltr'><strong>tu</strong></span> <span class='ocrx_word' id='word_1_212' title='bbox 1937 526 2183 598; x_wconf 86' lang='lat' dir='ltr'><strong>gloriaris</strong></span> <span class='ocrx_word' id='word_1_213' title='bbox 2208 544 2223 591; x_wconf 88' lang='lat'><strong>;</strong></span> <span class='ocrx_word' id='word_1_214' title='bbox 2251 529 2345 583; x_wconf 84' lang='lat' dir='ltr'><strong>sed</strong></span> <span class='ocrx_word' id='word_1_215' title='bbox 2373 529 2546 591; x_wconf 81' lang='lat' dir='ltr'><strong>adhuc</strong></span> <span class='ocrx_word' id='word_1_216' title='bbox 2575 534 2626 587; x_wconf 90' lang='lat' dir='ltr'><strong>in</strong></span> <span class='ocrx_word' id='word_1_217' title='bbox 2661 541 2858 588; x_wconf 87' lang='lat' dir='ltr'><strong>terram</strong></span> <span class='ocrx_word' id='word_1_218' title='bbox 2890 535 3116 605; x_wconf 84' lang='lat' dir='ltr'><strong>respicis</strong></span> <span class='ocrx_word' id='word_1_219' title='bbox 3139 577 3154 599; x_wconf 95' lang='lat'><strong>,</strong></span> <span class='ocrx_word' id='word_1_220' title='bbox 3180 538 3438 605; x_wconf 83' lang='lat' dir='ltr'><strong>pecunias</strong></span> 
     </span>
    </p>
   </div>
   <div class='ocr_carea' id='block_1_30' title="bbox 1856 618 3437 692">
    <p class='ocr_par' dir='ltr' id='par_1_30' title="bbox 1856 618 3437 692">
     <span class='ocr_line' id='line_1_30' title="bbox 1856 618 3437 692; baseline 0.008 -23"><span class='ocrx_word' id='word_1_221' title='bbox 1856 630 2003 670; x_wconf 83' lang='lat' dir='ltr'><strong>amas</strong></span> <span class='ocrx_word' id='word_1_222' title='bbox 2029 626 2083 671; x_wconf 87' lang='lat' dir='ltr'><strong>et</strong></span> <span class='ocrx_word' id='word_1_223' title='bbox 2110 631 2243 671; x_wconf 89' lang='lat' dir='ltr'><strong>auro</strong></span> <span class='ocrx_word' id='word_1_224' title='bbox 2274 618 2484 674; x_wconf 74' lang='lat' dir='ltr'><strong>inltias?</strong></span> <span class='ocrx_word' id='word_1_225' title='bbox 2516 635 2736 692; x_wconf 91' lang='lat' dir='ltr'><strong>ecquam</strong></span> <span class='ocrx_word' id='word_1_226' title='bbox 2770 623 3050 680; x_wconf 82' lang='lat' dir='ltr'><strong>habiturus</strong></span> <span class='ocrx_word' id='word_1_227' title='bbox 3089 641 3150 680; x_wconf 88' lang='lat' dir='ltr'><strong>es</strong></span> <span class='ocrx_word' id='word_1_228' title='bbox 3182 626 3437 681; x_wconf 76' lang='lat' dir='ltr'><strong>veniam?</strong></span> 
     </span>
    </p>
   </div>
   <div class='ocr_carea' id='block_1_31' title="bbox 1852 710 3429 783">
    <p class='ocr_par' dir='ltr' id='par_1_31' title="bbox 1852 710 3429 783">
     <span class='ocr_line' id='line_1_31' title="bbox 1852 710 3429 783; baseline 0.006 -22"><span class='ocrx_word' id='word_1_229' title='bbox 1852 722 2009 778; x_wconf 88' lang='lat' dir='ltr'><strong>quam</strong></span> <span class='ocrx_word' id='word_1_230' title='bbox 2042 711 2479 765; x_wconf 83' lang='lat' dir='ltr'><strong>excusationem?</strong></span> <span class='ocrx_word' id='word_1_231' title='bbox 2503 710 2617 767; x_wconf 80' lang='lat' dir='ltr'><strong>Non</strong></span> <span class='ocrx_word' id='word_1_232' title='bbox 2646 712 2792 768; x_wconf 81' lang='lat' dir='ltr'><strong>vides</strong></span> <span class='ocrx_word' id='word_1_233' title='bbox 2822 725 3079 783; x_wconf 87' lang='lat' dir='ltr'><strong>quantum</strong></span> <span class='ocrx_word' id='word_1_234' title='bbox 3116 717 3429 773; x_wconf 63' lang='lat' dir='ltr'><strong>saecularem</strong></span> 
     </span>
    </p>
   </div>
   <div class='ocr_carea' id='block_1_32' title="bbox 1854 803 3436 872">
    <p class='ocr_par' dir='ltr' id='par_1_32' title="bbox 1854 803 3436 872">
     <span class='ocr_line' id='line_1_32' title="bbox 1854 803 3436 872; baseline 0.008 -19"><span class='ocrx_word' id='word_1_235' title='bbox 1854 814 2068 854; x_wconf 88' lang='lat' dir='ltr'><strong>omnem</strong></span> <span class='ocrx_word' id='word_1_236' title='bbox 2096 803 2543 872; x_wconf 80' lang='lat' dir='ltr'><strong>magniﬁcentiam</strong></span> <span class='ocrx_word' id='word_1_237' title='bbox 2590 816 2865 861; x_wconf 75' lang='lat' dir='ltr'><strong>aversetur</strong></span> <span class='ocrx_word' id='word_1_238' title='bbox 2914 807 3209 863; x_wconf 81' lang='lat' dir='ltr'><strong>Dominus?</strong></span> <span class='ocrx_word' id='word_1_239' title='bbox 3256 826 3436 864; x_wconf 82' lang='lat' dir='ltr'><strong>nonne</strong></span> 
     </span>
    </p>
   </div>
   <div class='ocr_carea' id='block_1_33' title="bbox 1856 888 3440 967">
    <p class='ocr_par' dir='ltr' id='par_1_33' title="bbox 1856 888 3440 967">
     <span class='ocr_line' id='line_1_33' title="bbox 1856 888 3440 967; baseline 0.007 -24"><span class='ocrx_word' id='word_1_240' title='bbox 1856 888 1976 944; x_wconf 90' lang='lat' dir='ltr'><strong>ideo</strong></span> <span class='ocrx_word' id='word_1_241' title='bbox 2004 906 2124 945; x_wconf 92' lang='lat' dir='ltr'><strong>cum</strong></span> <span class='ocrx_word' id='word_1_242' title='bbox 2148 901 2304 947; x_wconf 85' lang='lat' dir='ltr'><strong>natus</strong></span> <span class='ocrx_word' id='word_1_243' title='bbox 2334 903 2495 958; x_wconf 86' lang='lat' dir='ltr'><strong>esset,</strong></span> <span class='ocrx_word' id='word_1_244' title='bbox 2521 895 2573 948; x_wconf 89' lang='lat' dir='ltr'><strong>in</strong></span> <span class='ocrx_word' id='word_1_245' title='bbox 2607 896 2829 966; x_wconf 67' lang='lat' dir='ltr'><strong>prmsepi</strong></span> <span class='ocrx_word' id='word_1_246' title='bbox 2860 898 3064 967; x_wconf 88' lang='lat' dir='ltr'><strong>positus</strong></span> <span class='ocrx_word' id='word_1_247' title='bbox 3090 908 3190 964; x_wconf 88' lang='lat' dir='ltr'><strong>est,</strong></span> <span class='ocrx_word' id='word_1_248' title='bbox 3224 910 3278 955; x_wconf 89' lang='lat' dir='ltr'><strong>et</strong></span> <span class='ocrx_word' id='word_1_249' title='bbox 3324 916 3440 954; x_wconf 89' lang='lat' dir='ltr'><strong>ma-</strong></span> 
     </span>
    </p>
   </div>
   <div class='ocr_carea' id='block_1_34' title="bbox 1858 983 3440 1059">
    <p class='ocr_par' dir='ltr' id='par_1_34' title="bbox 1858 983 3440 1059">
     <span class='ocr_line' id='line_1_34' title="bbox 1858 983 3440 1059; baseline 0.008 -25"><span class='ocrx_word' id='word_1_250' title='bbox 1858 989 1992 1035; x_wconf 88' lang='lat' dir='ltr'><strong>trem</strong></span> <span class='ocrx_word' id='word_1_251' title='bbox 2020 984 2226 1052; x_wconf 89' lang='lat' dir='ltr'><strong>accepit</strong></span> <span class='ocrx_word' id='word_1_252' title='bbox 2252 983 2369 1038; x_wconf 89' lang='lat' dir='ltr'><strong>vilis</strong></span> <span class='ocrx_word' id='word_1_253' title='bbox 2390 985 2753 1041; x_wconf 68' lang='lat' dir='ltr'><strong>conditionis?</strong></span> <span class='ocrx_word' id='word_1_254' title='bbox 2778 1005 2952 1043; x_wconf 91' lang='lat' dir='ltr'><strong>nonne</strong></span> <span class='ocrx_word' id='word_1_255' title='bbox 2983 989 3101 1045; x_wconf 88' lang='lat' dir='ltr'><strong>ideo</strong></span> <span class='ocrx_word' id='word_1_256' title='bbox 3127 990 3337 1046; x_wconf 89' lang='lat' dir='ltr'><strong>dicebat</strong></span> <span class='ocrx_word' id='word_1_257' title='bbox 3366 996 3440 1059; x_wconf 90' lang='lat' dir='ltr'><strong>ei,</strong></span> 
     </span>
    </p>
   </div>
   <div class='ocr_carea' id='block_1_35' title="bbox 1860 1073 3442 1146">
    <p class='ocr_par' dir='ltr' id='par_1_35' title="bbox 1860 1073 3442 1146">
     <span class='ocr_line' id='line_1_35' title="bbox 1860 1073 3442 1146; baseline 0.008 -20"><span class='ocrx_word' id='word_1_258' title='bbox 1860 1074 1947 1143; x_wconf 88' lang='lat' dir='ltr'><strong>qui</strong></span> <span class='ocrx_word' id='word_1_259' title='bbox 1985 1073 2051 1128; x_wconf 90' lang='lat' dir='ltr'><strong>ad</strong></span> <span class='ocrx_word' id='word_1_260' title='bbox 2093 1088 2388 1144; x_wconf 85' lang='lat' dir='ltr'><strong>cauponam</strong></span> <span class='ocrx_word' id='word_1_261' title='bbox 2416 1078 2739 1146; x_wconf 69' lang='lat' dir='ltr'><strong>respiciebat</strong></span> <span class='ocrx_word' id='word_1_262' title='bbox 2768 1099 2780 1132; x_wconf 90' lang='lat'><strong>:</strong></span> <span class='ocrx_word' id='word_1_263' title='bbox 2812 1078 2983 1135; x_wconf 84' lang='lat' dir='ltr'><strong>Filius</strong></span> <span class='ocrx_word' id='word_1_264' title='bbox 3026 1092 3191 1136; x_wconf 83' lang='lat' dir='ltr'><strong>autem</strong></span> <span class='ocrx_word' id='word_1_265' title='bbox 3222 1083 3442 1138; x_wconf 77' lang='lat' dir='ltr'><strong>hominis</strong></span> 
     </span>
    </p>
   </div>
   <div class='ocr_carea' id='block_1_36' title="bbox 1858 1167 3443 1245">
    <p class='ocr_par' dir='ltr' id='par_1_36' title="bbox 1858 1167 3443 1245">
     <span class='ocr_line' id='line_1_36' title="bbox 1858 1167 3443 1245; baseline 0.006 -26"><span class='ocrx_word' id='word_1_266' title='bbox 1858 1183 1959 1221; x_wconf 69' lang='lat' dir='ltr'><strong>non</strong></span> <span class='ocrx_word' id='word_1_267' title='bbox 1986 1167 2137 1221; x_wconf 82' lang='lat' dir='ltr'><strong>habet</strong></span> <span class='ocrx_word' id='word_1_268' title='bbox 2162 1167 2244 1221; x_wconf 86' lang='lat' dir='ltr'><strong>ubi</strong></span> <span class='ocrx_word' id='word_1_269' title='bbox 2272 1178 2422 1239; x_wconf 82' lang='lat' dir='ltr'><strong>caput</strong></span> <span class='ocrx_word' id='word_1_270' title='bbox 2446 1169 2647 1223; x_wconf 70' lang='lat' dir='ltr'><strong>reclinet</strong></span> <span class='ocrx_word' id='word_1_271' title='bbox 2673 1171 2881 1241; x_wconf 81' lang='lat' dir='ltr'><strong>(Matth.</strong></span> <span class='ocrx_word' id='word_1_272' title='bbox 2916 1172 2969 1227; x_wconf 89' lang='lat'><strong>8.</strong></span> <span class='ocrx_word' id='word_1_273' title='bbox 2998 1172 3127 1245; x_wconf 76' lang='lat'><strong>20)?</strong></span> <span class='ocrx_word' id='word_1_274' title='bbox 3149 1174 3285 1243; x_wconf 85' lang='lat' dir='ltr'><strong>Quid</strong></span> <span class='ocrx_word' id='word_1_275' title='bbox 3315 1192 3443 1229; x_wconf 72' lang='lat' dir='ltr'><strong>vero</strong></span> 
     </span>
    </p>
   </div>
   <div class='ocr_carea' id='block_1_37' title="bbox 1864 1257 3441 1343">
    <p class='ocr_par' dir='ltr' id='par_1_37' title="bbox 1864 1257 3441 1343">
     <span class='ocr_line' id='line_1_37' title="bbox 1864 1257 3441 1343; baseline 0.006 -32"><span class='ocrx_word' id='word_1_276' title='bbox 1864 1257 2142 1329; x_wconf 68' lang='lat' dir='ltr'><strong>discipuli?</strong></span> <span class='ocrx_word' id='word_1_277' title='bbox 2171 1275 2347 1313; x_wconf 86' lang='lat' dir='ltr'><strong>nonne</strong></span> <span class='ocrx_word' id='word_1_278' title='bbox 2364 1260 2604 1315; x_wconf 82' lang='lat' dir='ltr'><strong>eamdem</strong></span> <span class='ocrx_word' id='word_1_279' title='bbox 2635 1262 2915 1343; x_wconf 77' lang='lat' dir='ltr'><strong>servabant</strong></span> <span class='ocrx_word' id='word_1_280' title='bbox 2947 1264 3139 1333; x_wconf 83' lang='lat' dir='ltr'><strong>legem,</strong></span> <span class='ocrx_word' id='word_1_281' title='bbox 3167 1266 3216 1319; x_wconf 93' lang='lat' dir='ltr'><strong>in</strong></span> <span class='ocrx_word' id='word_1_282' title='bbox 3248 1282 3441 1337; x_wconf 55' lang='lat' dir='ltr'><strong>panpe&#39;</strong></span> 
     </span>
    </p>
   </div>
   <div class='ocr_carea' id='block_1_38' title="bbox 1864 1344 3437 1422">
    <p class='ocr_par' dir='ltr' id='par_1_38' title="bbox 1864 1344 3437 1422">
     <span class='ocr_line' id='line_1_38' title="bbox 1864 1344 3437 1422; baseline 0.004 -19"><span class='ocrx_word' id='word_1_283' title='bbox 1864 1364 1979 1403; x_wconf 90' lang='lat' dir='ltr'><strong>rum</strong></span> <span class='ocrx_word' id='word_1_284' title='bbox 2009 1348 2194 1404; x_wconf 90' lang='lat' dir='ltr'><strong>domos</strong></span> <span class='ocrx_word' id='word_1_285' title='bbox 2220 1349 2579 1415; x_wconf 81' lang='lat' dir='ltr'><strong>diversantes,</strong></span> <span class='ocrx_word' id='word_1_286' title='bbox 2606 1352 2741 1405; x_wconf 88' lang='lat' dir='ltr'><strong>alius</strong></span> <span class='ocrx_word' id='word_1_287' title='bbox 2771 1354 2984 1421; x_wconf 86' lang='lat' dir='ltr'><strong>quidem</strong></span> <span class='ocrx_word' id='word_1_288' title='bbox 3009 1344 3145 1422; x_wconf 87' lang='lat' dir='ltr'><strong>apud</strong></span> <span class='ocrx_word' id='word_1_289' title='bbox 3171 1366 3437 1421; x_wconf 85' lang='lat' dir='ltr'><strong>sutorem,</strong></span> 
     </span>
    </p>
   </div>
   <div class='ocr_carea' id='block_1_39' title="bbox 1861 1438 3441 1517">
    <p class='ocr_par' dir='ltr' id='par_1_39' title="bbox 1861 1438 3441 1517">
     <span class='ocr_line' id='line_1_39' title="bbox 1861 1438 3441 1517; baseline 0.006 -27"><span class='ocrx_word' id='word_1_290' title='bbox 1861 1439 1997 1492; x_wconf 87' lang='lat' dir='ltr'><strong>alius</strong></span> <span class='ocrx_word' id='word_1_291' title='bbox 2024 1438 2161 1512; x_wconf 85' lang='lat' dir='ltr'><strong>apud</strong></span> <span class='ocrx_word' id='word_1_292' title='bbox 2198 1439 2663 1495; x_wconf 83' lang='lat' dir='ltr'><strong>tabernaculorum</strong></span> <span class='ocrx_word' id='word_1_293' title='bbox 2702 1440 2945 1511; x_wconf 82' lang='lat' dir='ltr'><strong>epilicem</strong></span> <span class='ocrx_word' id='word_1_294' title='bbox 2973 1452 3029 1497; x_wconf 85' lang='lat' dir='ltr'><strong>et</strong></span> <span class='ocrx_word' id='word_1_295' title='bbox 3065 1446 3204 1515; x_wconf 90' lang='lat' dir='ltr'><strong>apud</strong></span> <span class='ocrx_word' id='word_1_296' title='bbox 3239 1463 3441 1517; x_wconf 50' lang='lat' dir='ltr'><strong>purpur</strong></span> 
     </span>
    </p>
   </div>
   <div class='ocr_carea' id='block_1_40' title="bbox 1862 1528 3445 1601">
    <p class='ocr_par' dir='ltr' id='par_1_40' title="bbox 1862 1528 3445 1601">
     <span class='ocr_line' id='line_1_40' title="bbox 1862 1528 3445 1601; baseline 0.006 -19"><span class='ocrx_word' id='word_1_297' title='bbox 1862 1528 2054 1582; x_wconf 87' lang='lat' dir='ltr'><strong>rariam</strong></span> <span class='ocrx_word' id='word_1_298' title='bbox 2075 1531 2096 1582; x_wconf 67' lang='grc' dir='ltr'>τ</span> <span class='ocrx_word' id='word_1_299' title='bbox 2117 1544 2220 1582; x_wconf 89' lang='lat' dir='ltr'><strong>non</strong></span> <span class='ocrx_word' id='word_1_300' title='bbox 2252 1530 2394 1585; x_wconf 88' lang='lat' dir='ltr'><strong>enim</strong></span> <span class='ocrx_word' id='word_1_301' title='bbox 2420 1530 2611 1584; x_wconf 88' lang='lat' dir='ltr'><strong>domus</strong></span> <span class='ocrx_word' id='word_1_302' title='bbox 2640 1532 3000 1601; x_wconf 72' lang='lat' dir='ltr'><strong>splendorem,</strong></span> <span class='ocrx_word' id='word_1_303' title='bbox 3023 1535 3115 1588; x_wconf 87' lang='lat' dir='ltr'><strong>sed</strong></span> <span class='ocrx_word' id='word_1_304' title='bbox 3147 1537 3445 1591; x_wconf 81' lang='lat' dir='ltr'><strong>animarum</strong></span> 
     </span>
    </p>
   </div>
   <div class='ocr_carea' id='block_1_41' title="bbox 1864 1619 3446 1690">
    <p class='ocr_par' dir='ltr' id='par_1_41' title="bbox 1864 1619 3446 1690">
     <span class='ocr_line' id='line_1_41' title="bbox 1864 1619 3446 1690; baseline 0.006 -19"><span class='ocrx_word' id='word_1_305' title='bbox 1864 1619 2089 1673; x_wconf 88' lang='lat' dir='ltr'><strong>virtutes</strong></span> <span class='ocrx_word' id='word_1_306' title='bbox 2138 1621 2470 1688; x_wconf 75' lang='lat' dir='ltr'><strong>qua-rebant.</strong></span> <span class='ocrx_word' id='word_1_307' title='bbox 2522 1622 2630 1675; x_wconf 83' lang='lat' dir='ltr'><strong>llos</strong></span> <span class='ocrx_word' id='word_1_308' title='bbox 2680 1622 2855 1690; x_wconf 84' lang='lat' dir='ltr'><strong>itaque</strong></span> <span class='ocrx_word' id='word_1_309' title='bbox 2902 1632 2955 1677; x_wconf 88' lang='lat' dir='ltr'><strong>et</strong></span> <span class='ocrx_word' id='word_1_310' title='bbox 2999 1640 3096 1677; x_wconf 90' lang='lat' dir='ltr'><strong>nos</strong></span> <span class='ocrx_word' id='word_1_311' title='bbox 3139 1625 3378 1681; x_wconf 85' lang='lat' dir='ltr'><strong>imitetur</strong></span> <span class='ocrx_word' id='word_1_312' title='bbox 3432 1647 3446 1681; x_wconf 85' lang='lat'><strong>:</strong></span> 
     </span>
    </p>
   </div>
   <div class='ocr_carea' id='block_1_42' title="bbox 1865 1710 3447 1785">
    <p class='ocr_par' dir='ltr' id='par_1_42' title="bbox 1865 1710 3447 1785">
     <span class='ocr_line' id='line_1_42' title="bbox 1865 1710 3447 1785; baseline 0.006 -23"><span class='ocrx_word' id='word_1_313' title='bbox 1865 1710 2313 1777; x_wconf 83' lang='lat' dir='ltr'><strong>pulchritudinem</strong></span> <span class='ocrx_word' id='word_1_314' title='bbox 2346 1712 2713 1767; x_wconf 88' lang='lat' dir='ltr'><strong>columnarum</strong></span> <span class='ocrx_word' id='word_1_315' title='bbox 2760 1723 2814 1767; x_wconf 89' lang='lat' dir='ltr'><strong>et</strong></span> <span class='ocrx_word' id='word_1_316' title='bbox 2855 1729 3180 1769; x_wconf 72' lang='lat' dir='ltr'><strong>marmorum</strong></span> <span class='ocrx_word' id='word_1_317' title='bbox 3223 1729 3447 1785; x_wconf 70' lang='lat' dir='ltr'><strong>prmter-</strong></span> 
     </span>
    </p>
   </div>
   <div class='ocr_carea' id='block_1_43' title="bbox 1864 1805 3450 1873">
    <p class='ocr_par' dir='ltr' id='par_1_43' title="bbox 1864 1805 3450 1873">
     <span class='ocr_line' id='line_1_43' title="bbox 1864 1805 3450 1873; baseline 0.006 -19"><span class='ocrx_word' id='word_1_318' title='bbox 1864 1809 2178 1862; x_wconf 88' lang='lat' dir='ltr'><strong>currentes,</strong></span> <span class='ocrx_word' id='word_1_319' title='bbox 2227 1815 2449 1869; x_wconf 87' lang='lat' dir='ltr'><strong>superas</strong></span> <span class='ocrx_word' id='word_1_320' title='bbox 2494 1817 2621 1855; x_wconf 86' lang='lat' dir='ltr'><strong>vero</strong></span> <span class='ocrx_word' id='word_1_321' title='bbox 2666 1805 2976 1857; x_wconf 80' lang='lat' dir='ltr'><strong>mansiones</strong></span> <span class='ocrx_word' id='word_1_322' title='bbox 3007 1819 3348 1873; x_wconf 67' lang='lat' dir='ltr'><strong>quaerentes;</strong></span> <span class='ocrx_word' id='word_1_323' title='bbox 3395 1818 3450 1863; x_wconf 85' lang='lat' dir='ltr'><strong>ct</strong></span> 
     </span>
    </p>
   </div>
   <div class='ocr_carea' id='block_1_44' title="bbox 1866 1890 3443 1966">
    <p class='ocr_par' dir='ltr' id='par_1_44' title="bbox 1866 1890 3443 1966">
     <span class='ocr_line' id='line_1_44' title="bbox 1866 1890 3443 1966; baseline 0.003 -19"><span class='ocrx_word' id='word_1_324' title='bbox 1866 1907 2077 1947; x_wconf 92' lang='lat' dir='ltr'><strong>omnem</strong></span> <span class='ocrx_word' id='word_1_325' title='bbox 2103 1890 2291 1945; x_wconf 82' lang='lat' dir='ltr'><strong>fastum</strong></span> <span class='ocrx_word' id='word_1_326' title='bbox 2316 1893 2603 1947; x_wconf 82' lang='lat' dir='ltr'><strong>humanum</strong></span> <span class='ocrx_word' id='word_1_327' title='bbox 2628 1895 2897 1948; x_wconf 83' lang='lat' dir='ltr'><strong>calcemus</strong></span> <span class='ocrx_word' id='word_1_328' title='bbox 2933 1912 3053 1950; x_wconf 90' lang='lat' dir='ltr'><strong>cum</strong></span> <span class='ocrx_word' id='word_1_329' title='bbox 3099 1900 3443 1966; x_wconf 66' lang='lat' dir='ltr'><strong>pecuniam&quot;)</strong></span> 
     </span>
    </p>
   </div>
   <div class='ocr_carea' id='block_1_45' title="bbox 1866 1983 3449 2051">
    <p class='ocr_par' dir='ltr' id='par_1_45' title="bbox 1866 1983 3449 2051">
     <span class='ocr_line' id='line_1_45' title="bbox 1866 1983 3449 2051; baseline 0.003 -14"><span class='ocrx_word' id='word_1_330' title='bbox 1866 1983 2190 2051; x_wconf 84' lang='lat' dir='ltr'><strong>cupiditate,</strong></span> <span class='ocrx_word' id='word_1_331' title='bbox 2236 1983 2507 2051; x_wconf 86' lang='lat' dir='ltr'><strong>altumque</strong></span> <span class='ocrx_word' id='word_1_332' title='bbox 2552 2000 2766 2037; x_wconf 87' lang='lat' dir='ltr'><strong>sensum</strong></span> <span class='ocrx_word' id='word_1_333' title='bbox 2810 1999 3165 2040; x_wconf 86' lang='lat' dir='ltr'><strong>assumamus.</strong></span> <span class='ocrx_word' id='word_1_334' title='bbox 3202 1986 3255 2042; x_wconf 87' lang='lat' dir='ltr'><strong>Si</strong></span> <span class='ocrx_word' id='word_1_335' title='bbox 3304 1990 3449 2042; x_wconf 84' lang='lat' dir='ltr'><strong>enim</strong></span> 
     </span>
    </p>
   </div>
   <div class='ocr_carea' id='block_1_46' title="bbox 1866 2076 3447 2147">
    <p class='ocr_par' dir='ltr' id='par_1_46' title="bbox 1866 2076 3447 2147">
     <span class='ocr_line' id='line_1_46' title="bbox 1866 2076 3447 2147; baseline 0.003 -18"><span class='ocrx_word' id='word_1_336' title='bbox 1866 2076 2134 2144; x_wconf 88' lang='lat' dir='ltr'><strong>sapienter</strong></span> <span class='ocrx_word' id='word_1_337' title='bbox 2162 2076 2534 2140; x_wconf 84' lang='lat' dir='ltr'><strong>attendamus,</strong></span> <span class='ocrx_word' id='word_1_338' title='bbox 2571 2092 2742 2145; x_wconf 88' lang='lat' dir='ltr'><strong>neque</strong></span> <span class='ocrx_word' id='word_1_339' title='bbox 2770 2078 3000 2131; x_wconf 80' lang='lat' dir='ltr'><strong>mundus</strong></span> <span class='ocrx_word' id='word_1_340' title='bbox 3042 2080 3125 2147; x_wconf 70' lang='lat' dir='ltr'><strong>llic</strong></span> <span class='ocrx_word' id='word_1_341' title='bbox 3168 2081 3323 2135; x_wconf 80' lang='lat' dir='ltr'><strong>nobis</strong></span> <span class='ocrx_word' id='word_1_342' title='bbox 3364 2082 3447 2134; x_wconf 89' lang='lat' dir='ltr'><strong>di-</strong></span> 
     </span>
    </p>
   </div>
   <div class='ocr_carea' id='block_1_47' title="bbox 1867 2166 3450 2237">
    <p class='ocr_par' dir='ltr' id='par_1_47' title="bbox 1867 2166 3450 2237">
     <span class='ocr_line' id='line_1_47' title="bbox 1867 2166 3450 2237; baseline 0.004 -19"><span class='ocrx_word' id='word_1_343' title='bbox 1867 2183 2000 2234; x_wconf 80' lang='lat' dir='ltr'><strong>gnus</strong></span> <span class='ocrx_word' id='word_1_344' title='bbox 2018 2175 2116 2230; x_wconf 87' lang='lat' dir='ltr'><strong>est,</strong></span> <span class='ocrx_word' id='word_1_345' title='bbox 2147 2166 2339 2219; x_wconf 88' lang='lat' dir='ltr'><strong>nedum</strong></span> <span class='ocrx_word' id='word_1_346' title='bbox 2364 2169 2600 2234; x_wconf 89' lang='lat' dir='ltr'><strong>porticus</strong></span> <span class='ocrx_word' id='word_1_347' title='bbox 2628 2180 2681 2221; x_wconf 87' lang='lat' dir='ltr'><strong>et</strong></span> <span class='ocrx_word' id='word_1_348' title='bbox 2703 2170 3033 2222; x_wconf 79' lang='lat' dir='ltr'><strong>amliulacra.</strong></span> <span class='ocrx_word' id='word_1_349' title='bbox 3067 2172 3450 2237; x_wconf 80' lang='lat' dir='ltr'><strong>Quamobrem,</strong></span> 
     </span>
    </p>
   </div>
   <div class='ocr_carea' id='block_1_48' title="bbox 1869 2258 3449 2329">
    <p class='ocr_par' dir='ltr' id='par_1_48' title="bbox 1869 2258 3449 2329">
     <span class='ocr_line' id='line_1_48' title="bbox 1869 2258 3449 2329; baseline 0.004 -20"><span class='ocrx_word' id='word_1_350' title='bbox 1869 2273 2017 2325; x_wconf 82' lang='lat' dir='ltr'><strong>rogo,</strong></span> <span class='ocrx_word' id='word_1_351' title='bbox 2048 2258 2278 2309; x_wconf 79' lang='lat' dir='ltr'><strong>animant</strong></span> <span class='ocrx_word' id='word_1_352' title='bbox 2332 2267 2568 2310; x_wconf 84' lang='lat' dir='ltr'><strong>nostram</strong></span> <span class='ocrx_word' id='word_1_353' title='bbox 2604 2274 2854 2312; x_wconf 86' lang='lat' dir='ltr'><strong>ornemus</strong></span> <span class='ocrx_word' id='word_1_354' title='bbox 2879 2301 2891 2321; x_wconf 84' lang='lat'><strong>,</strong></span> <span class='ocrx_word' id='word_1_355' title='bbox 2929 2261 3063 2313; x_wconf 85' lang='lat' dir='ltr'><strong>hanc</strong></span> <span class='ocrx_word' id='word_1_356' title='bbox 3090 2260 3305 2314; x_wconf 87' lang='lat' dir='ltr'><strong>domum</strong></span> <span class='ocrx_word' id='word_1_357' title='bbox 3352 2279 3449 2329; x_wconf 85' lang='lat' dir='ltr'><strong>ap-</strong></span> 
     </span>
    </p>
   </div>
   <div class='ocr_carea' id='block_1_49' title="bbox 1870 2349 3454 2418">
    <p class='ocr_par' dir='ltr' id='par_1_49' title="bbox 1870 2349 3454 2418">
     <span class='ocr_line' id='line_1_49' title="bbox 1870 2349 3454 2418; baseline 0.004 -19"><span class='ocrx_word' id='word_1_358' title='bbox 1870 2362 2119 2414; x_wconf 89' lang='lat' dir='ltr'><strong>paremus</strong></span> <span class='ocrx_word' id='word_1_359' title='bbox 2143 2389 2154 2408; x_wconf 90' lang='lat'><strong>,</strong></span> <span class='ocrx_word' id='word_1_360' title='bbox 2204 2363 2305 2415; x_wconf 88' lang='lat' dir='ltr'><strong>qua</strong></span> <span class='ocrx_word' id='word_1_361' title='bbox 2355 2349 2515 2401; x_wconf 86' lang='lat' dir='ltr'><strong>etiam</strong></span> <span class='ocrx_word' id='word_1_362' title='bbox 2546 2358 2765 2417; x_wconf 84' lang='lat' dir='ltr'><strong>accepta</strong></span> <span class='ocrx_word' id='word_1_363' title='bbox 2802 2349 2926 2403; x_wconf 81' lang='lat' dir='ltr'><strong>hinc</strong></span> <span class='ocrx_word' id='word_1_364' title='bbox 2958 2350 3304 2417; x_wconf 79' lang='lat' dir='ltr'><strong>migrabituus</strong></span> <span class='ocrx_word' id='word_1_365' title='bbox 3327 2393 3342 2418; x_wconf 94' lang='lat'><strong>,</strong></span> <span class='ocrx_word' id='word_1_366' title='bbox 3396 2365 3454 2406; x_wconf 88' lang='lat' dir='ltr'><strong>ut</strong></span> 
     </span>
    </p>
   </div>
   <div class='ocr_carea' id='block_1_50' title="bbox 1867 2438 3451 2509">
    <p class='ocr_par' dir='ltr' id='par_1_50' title="bbox 1867 2438 3451 2509">
     <span class='ocr_line' id='line_1_50' title="bbox 1867 2438 3451 2509; baseline 0.006 -21"><span class='ocrx_word' id='word_1_367' title='bbox 1867 2445 2065 2489; x_wconf 72' lang='lat' dir='ltr'><strong>mterna</strong></span> <span class='ocrx_word' id='word_1_368' title='bbox 2089 2438 2224 2491; x_wconf 87' lang='lat' dir='ltr'><strong>bona</strong></span> <span class='ocrx_word' id='word_1_369' title='bbox 2249 2453 2663 2507; x_wconf 76' lang='lat' dir='ltr'><strong>consequamur,</strong></span> <span class='ocrx_word' id='word_1_370' title='bbox 2696 2440 2860 2508; x_wconf 78' lang='lat' dir='ltr'><strong>gratia</strong></span> <span class='ocrx_word' id='word_1_371' title='bbox 2895 2450 2946 2493; x_wconf 88' lang='lat' dir='ltr'><strong>et</strong></span> <span class='ocrx_word' id='word_1_372' title='bbox 2979 2440 3320 2509; x_wconf 80' lang='lat' dir='ltr'><strong>benignitate,</strong></span> <span class='ocrx_word' id='word_1_373' title='bbox 3346 2458 3451 2498; x_wconf 86' lang='lat' dir='ltr'><strong>etc.</strong></span> 
     </span>
    </p>
   </div>
   <div class='ocr_carea' id='block_1_51' title="bbox 3246 2577 3458 2591">
    <p class='ocr_par' dir='ltr' id='par_1_51' title="bbox 3246 2577 3458 2591">
     <span class='ocr_line' id='line_1_51' title="bbox 3246 2577 3458 2591; baseline 0 0"><span class='ocrx_word' id='word_1_374' title='bbox 3246 2577 3458 2591; x_wconf 69' lang='lat'><strong>-————</strong></span> 
     </span>
    </p>
   </div>
   <div class='ocr_carea' id='block_1_52' title="bbox 1480 2643 2083 2709">
    <p class='ocr_par' dir='ltr' id='par_1_52' title="bbox 1480 2643 2083 2709">
     <span class='ocr_line' id='line_1_52' title="bbox 1480 2643 2083 2709; baseline -0.01 0"><span class='ocrx_word' id='word_1_375' title='bbox 1480 2643 1821 2709; x_wconf 82' lang='lat' dir='ltr'><strong>HOMILIA</strong></span> <span class='ocrx_word' id='word_1_376' title='bbox 1877 2644 2083 2705; x_wconf 78' lang='lat' dir='ltr'><strong>XXV.</strong></span> 
     </span>
    </p>
   </div>
   <div class='ocr_carea' id='block_1_53' title="bbox 169 2785 1763 2871">
    <p class='ocr_par' dir='ltr' id='par_1_53' title="bbox 169 2785 1763 2871">
     <span class='ocr_line' id='line_1_53' title="bbox 169 2785 1763 2871; baseline -0.018 -6"><span class='ocrx_word' id='word_1_377' title='bbox 169 2810 306 2865; x_wconf 62' lang='lat' dir='ltr'><strong>Car.</strong></span> <span class='ocrx_word' id='word_1_378' title='bbox 348 2806 433 2862; x_wconf 75' lang='grc'><strong>10.</strong></span> <span class='ocrx_word' id='word_1_379' title='bbox 463 2821 514 2859; x_wconf 82' lang='lat' dir='ltr'><strong>v.</strong></span> <span class='ocrx_word' id='word_1_380' title='bbox 544 2804 634 2859; x_wconf 73' lang='grc'><strong>25.</strong></span> <span class='ocrx_word' id='word_1_381' title='bbox 670 2804 833 2857; x_wconf 83' lang='lat' dir='ltr'><strong>Omne</strong></span> <span class='ocrx_word' id='word_1_382' title='bbox 850 2799 985 2871; x_wconf 80' lang='lat' dir='ltr'><strong>quod</strong></span> <span class='ocrx_word' id='word_1_383' title='bbox 1025 2798 1076 2851; x_wconf 88' lang='lat' dir='ltr'><strong>in</strong></span> <span class='ocrx_word' id='word_1_384' title='bbox 1106 2794 1319 2849; x_wconf 85' lang='lat' dir='ltr'><strong>macello</strong></span> <span class='ocrx_word' id='word_1_385' title='bbox 1348 2791 1515 2855; x_wconf 81' lang='lat' dir='ltr'><strong>venit,</strong></span> <span class='ocrx_word' id='word_1_386' title='bbox 1547 2785 1763 2840; x_wconf 87' lang='lat' dir='ltr'><strong>mandu-</strong></span> 
     </span>
    </p>
   </div>
   <div class='ocr_carea' id='block_1_54' title="bbox 281 2883 1641 2965">
    <p class='ocr_par' dir='ltr' id='par_1_54' title="bbox 281 2883 1641 2965">
     <span class='ocr_line' id='line_1_54' title="bbox 281 2883 1641 2965; baseline -0.016 -10"><span class='ocrx_word' id='word_1_387' title='bbox 281 2911 397 2955; x_wconf 83' lang='lat' dir='ltr'><strong>cate</strong></span> <span class='ocrx_word' id='word_1_388' title='bbox 420 2942 435 2965; x_wconf 94' lang='lat'><strong>,</strong></span> <span class='ocrx_word' id='word_1_389' title='bbox 486 2899 613 2952; x_wconf 88' lang='lat' dir='ltr'><strong>nihil</strong></span> <span class='ocrx_word' id='word_1_390' title='bbox 634 2898 1001 2964; x_wconf 78' lang='lat' dir='ltr'><strong>interrogantes</strong></span> <span class='ocrx_word' id='word_1_391' title='bbox 1026 2898 1232 2960; x_wconf 83' lang='lat' dir='ltr'><strong>propter</strong></span> <span class='ocrx_word' id='word_1_392' title='bbox 1261 2883 1641 2940; x_wconf 74' lang='lat' dir='ltr'><strong>conscientiam.</strong></span> 
     </span>
    </p>
   </div>
   <div class='ocr_carea' id='block_1_55' title="bbox 245 2969 1764 3053">
    <p class='ocr_par' dir='ltr' id='par_1_55' title="bbox 245 2969 1764 3053">
     <span class='ocr_line' id='line_1_55' title="bbox 245 2969 1764 3053; baseline -0.017 -4"><span class='ocrx_word' id='word_1_393' title='bbox 245 2996 305 3049; x_wconf 81' lang='lat' dir='ltr'><strong>l.</strong></span> <span class='ocrx_word' id='word_1_394' title='bbox 340 2992 470 3048; x_wconf 88' lang='lat' dir='ltr'><strong>Cum</strong></span> <span class='ocrx_word' id='word_1_395' title='bbox 518 2990 743 3044; x_wconf 76' lang='lat' dir='ltr'><strong>dixisset</strong></span> <span class='ocrx_word' id='word_1_396' title='bbox 773 2981 1106 3053; x_wconf 79' lang='lat' dir='ltr'><strong>impossibile</strong></span> <span class='ocrx_word' id='word_1_397' title='bbox 1138 2994 1259 3035; x_wconf 86' lang='lat' dir='ltr'><strong>esse</strong></span> <span class='ocrx_word' id='word_1_398' title='bbox 1306 2977 1525 3031; x_wconf 88' lang='lat' dir='ltr'><strong>calicem</strong></span> <span class='ocrx_word' id='word_1_399' title='bbox 1553 2969 1764 3026; x_wconf 89' lang='lat' dir='ltr'><strong>Domini</strong></span> 
     </span>
    </p>
   </div>
   <div class='ocr_carea' id='block_1_56' title="bbox 172 3060 1765 3140">
    <p class='ocr_par' dir='ltr' id='par_1_56' title="bbox 172 3060 1765 3140">
     <span class='ocr_line' id='line_1_56' title="bbox 172 3060 1765 3140; baseline -0.018 0"><span class='ocrx_word' id='word_1_400' title='bbox 172 3085 370 3140; x_wconf 85' lang='lat' dir='ltr'><strong>bibere</strong></span> <span class='ocrx_word' id='word_1_401' title='bbox 394 3093 446 3137; x_wconf 89' lang='lat' dir='ltr'><strong>et</strong></span> <span class='ocrx_word' id='word_1_402' title='bbox 474 3080 691 3135; x_wconf 86' lang='lat' dir='ltr'><strong>calicem</strong></span> <span class='ocrx_word' id='word_1_403' title='bbox 722 3074 1110 3130; x_wconf 68' lang='lat' dir='ltr'><strong>dtemoniorum</strong></span> <span class='ocrx_word' id='word_1_404' title='bbox 1134 3092 1153 3136; x_wconf 62' lang='grc' dir='ltr'><strong>,ί</strong></span> <span class='ocrx_word' id='word_1_405' title='bbox 1180 3076 1235 3122; x_wconf 90' lang='lat' dir='ltr'><strong>et</strong></span> <span class='ocrx_word' id='word_1_406' title='bbox 1270 3066 1479 3138; x_wconf 85' lang='lat' dir='ltr'><strong>penitus</strong></span> <span class='ocrx_word' id='word_1_407' title='bbox 1518 3060 1765 3116; x_wconf 80' lang='lat' dir='ltr'><strong>abduxis-</strong></span> 
     </span>
    </p>
   </div>
   <div class='ocr_carea' id='block_1_57' title="bbox 185 3152 1768 3235">
    <p class='ocr_par' dir='ltr' id='par_1_57' title="bbox 185 3152 1768 3235">
     <span class='ocr_line' id='line_1_57' title="bbox 185 3152 1768 3235; baseline -0.018 -4"><span class='ocrx_word' id='word_1_408' title='bbox 185 3186 276 3232; x_wconf 87' lang='lat' dir='ltr'><strong>set</strong></span> <span class='ocrx_word' id='word_1_409' title='bbox 300 3190 331 3228; x_wconf 82' lang='lat' dir='ltr'><strong>a</strong></span> <span class='ocrx_word' id='word_1_410' title='bbox 360 3173 558 3229; x_wconf 86' lang='lat' dir='ltr'><strong>mensis</strong></span> <span class='ocrx_word' id='word_1_411' title='bbox 589 3170 692 3225; x_wconf 88' lang='lat' dir='ltr'><strong>illis</strong></span> <span class='ocrx_word' id='word_1_412' title='bbox 712 3210 727 3235; x_wconf 95' lang='lat'><strong>,</strong></span> <span class='ocrx_word' id='word_1_413' title='bbox 756 3168 823 3221; x_wconf 85' lang='lat' dir='ltr'><strong>ab</strong></span> <span class='ocrx_word' id='word_1_414' title='bbox 848 3162 1110 3233; x_wconf 78' lang='lat' dir='ltr'><strong>exemplis</strong></span> <span class='ocrx_word' id='word_1_415' title='bbox 1141 3160 1394 3222; x_wconf 81' lang='lat' dir='ltr'><strong>Judaicis,</strong></span> <span class='ocrx_word' id='word_1_416' title='bbox 1425 3172 1454 3210; x_wconf 92' lang='lat' dir='ltr'><strong>a</strong></span> <span class='ocrx_word' id='word_1_417' title='bbox 1474 3152 1768 3210; x_wconf 87' lang='lat' dir='ltr'><strong>ratiociniis</strong></span> 
     </span>
    </p>
   </div>
   <div class='ocr_carea' id='block_1_58' title="bbox 177 3250 1767 3331">
    <p class='ocr_par' dir='ltr' id='par_1_58' title="bbox 177 3250 1767 3331">
     <span class='ocr_line' id='line_1_58' title="bbox 177 3250 1767 3331; baseline -0.018 -9"><span class='ocrx_word' id='word_1_418' title='bbox 177 3266 436 3322; x_wconf 84' lang='lat' dir='ltr'><strong>humanis</strong></span> <span class='ocrx_word' id='word_1_419' title='bbox 463 3306 475 3327; x_wconf 92' lang='lat'><strong>,</strong></span> <span class='ocrx_word' id='word_1_420' title='bbox 506 3279 535 3317; x_wconf 89' lang='lat' dir='ltr'><strong>a</strong></span> <span class='ocrx_word' id='word_1_421' title='bbox 576 3260 850 3331; x_wconf 84' lang='lat' dir='ltr'><strong>mysteriis</strong></span> <span class='ocrx_word' id='word_1_422' title='bbox 892 3253 1215 3317; x_wconf 85' lang='lat' dir='ltr'><strong>horrendis,</strong></span> <span class='ocrx_word' id='word_1_423' title='bbox 1244 3250 1312 3304; x_wconf 89' lang='lat' dir='ltr'><strong>ab</strong></span> <span class='ocrx_word' id='word_1_424' title='bbox 1356 3250 1419 3302; x_wconf 88' lang='lat' dir='ltr'><strong>iis</strong></span> <span class='ocrx_word' id='word_1_425' title='bbox 1446 3261 1564 3316; x_wconf 68' lang='lat' dir='ltr'><strong>qua:</strong></span> <span class='ocrx_word' id='word_1_426' title='bbox 1609 3257 1767 3312; x_wconf 89' lang='lat' dir='ltr'><strong>pera-</strong></span> 
     </span>
    </p>
   </div>
   <div class='ocr_carea' id='block_1_59' title="bbox 173 3338 1771 3430">
    <p class='ocr_par' dir='ltr' id='par_1_59' title="bbox 173 3338 1771 3430">
     <span class='ocr_line' id='line_1_59' title="bbox 173 3338 1771 3430; baseline -0.016 -16"><span class='ocrx_word' id='word_1_427' title='bbox 173 3368 381 3430; x_wconf 86' lang='lat' dir='ltr'><strong>guntur</strong></span> <span class='ocrx_word' id='word_1_428' title='bbox 409 3359 460 3411; x_wconf 90' lang='lat' dir='ltr'><strong>in</strong></span> <span class='ocrx_word' id='word_1_429' title='bbox 490 3355 647 3409; x_wconf 86' lang='lat' dir='ltr'><strong>idolis</strong></span> <span class='ocrx_word' id='word_1_430' title='bbox 675 3355 689 3383; x_wconf 83' lang='grc'>¹</span> <span class='ocrx_word' id='word_1_431' title='bbox 715 3394 729 3418; x_wconf 90' lang='grc'><em>,</em></span> <span class='ocrx_word' id='word_1_432' title='bbox 764 3361 817 3406; x_wconf 89' lang='lat' dir='ltr'><strong>et</strong></span> <span class='ocrx_word' id='word_1_433' title='bbox 846 3365 966 3404; x_wconf 90' lang='lat' dir='ltr'><strong>cum</strong></span> <span class='ocrx_word' id='word_1_434' title='bbox 991 3350 1257 3417; x_wconf 78' lang='lat' dir='ltr'><strong>ingentem</strong></span> <span class='ocrx_word' id='word_1_435' title='bbox 1289 3349 1490 3395; x_wconf 90' lang='lat' dir='ltr'><strong>metum</strong></span> <span class='ocrx_word' id='word_1_436' title='bbox 1518 3338 1771 3393; x_wconf 87' lang='lat' dir='ltr'><strong>incussis-</strong></span> 
     </span>
    </p>
   </div>
   <div class='ocr_carea' id='block_1_60' title="bbox 176 3432 1768 3515">
    <p class='ocr_par' dir='ltr' id='par_1_60' title="bbox 176 3432 1768 3515">
     <span class='ocr_line' id='line_1_60' title="bbox 176 3432 1768 3515; baseline -0.014 -10"><span class='ocrx_word' id='word_1_437' title='bbox 176 3462 300 3515; x_wconf 82' lang='lat' dir='ltr'><strong>set;</strong></span> <span class='ocrx_word' id='word_1_438' title='bbox 333 3466 398 3503; x_wconf 92' lang='lat' dir='ltr'><strong>ne</strong></span> <span class='ocrx_word' id='word_1_439' title='bbox 426 3448 513 3501; x_wconf 88' lang='lat' dir='ltr'><strong>tali</strong></span> <span class='ocrx_word' id='word_1_440' title='bbox 545 3454 689 3501; x_wconf 87' lang='lat' dir='ltr'><strong>metu</strong></span> <span class='ocrx_word' id='word_1_441' title='bbox 718 3445 837 3498; x_wconf 89' lang='lat' dir='ltr'><strong>illos</strong></span> <span class='ocrx_word' id='word_1_442' title='bbox 866 3441 930 3496; x_wconf 88' lang='lat' dir='ltr'><strong>ad</strong></span> <span class='ocrx_word' id='word_1_443' title='bbox 952 3439 1094 3493; x_wconf 89' lang='lat' dir='ltr'><strong>aliud</strong></span> <span class='ocrx_word' id='word_1_444' title='bbox 1122 3446 1424 3492; x_wconf 80' lang='lat' dir='ltr'><strong>extremum</strong></span> <span class='ocrx_word' id='word_1_445' title='bbox 1451 3432 1768 3500; x_wconf 88' lang='lat' dir='ltr'><strong>impelleret,</strong></span> 
     </span>
    </p>
   </div>
   <div class='ocr_carea' id='block_1_61' title="bbox 179 3527 1771 3610">
    <p class='ocr_par' dir='ltr' id='par_1_61' title="bbox 179 3527 1771 3610">
     <span class='ocr_line' id='line_1_61' title="bbox 179 3527 1771 3610; baseline -0.014 -13"><span class='ocrx_word' id='word_1_446' title='bbox 179 3552 234 3597; x_wconf 86' lang='lat' dir='ltr'><strong>et</strong></span> <span class='ocrx_word' id='word_1_447' title='bbox 264 3540 457 3610; x_wconf 81' lang='lat' dir='ltr'><strong>majori</strong></span> <span class='ocrx_word' id='word_1_448' title='bbox 494 3554 651 3609; x_wconf 90' lang='lat' dir='ltr'><strong>quam</strong></span> <span class='ocrx_word' id='word_1_449' title='bbox 694 3552 791 3608; x_wconf 89' lang='lat' dir='ltr'><strong>par</strong></span> <span class='ocrx_word' id='word_1_450' title='bbox 822 3542 967 3589; x_wconf 87' lang='lat' dir='ltr'><strong>esset</strong></span> <span class='ocrx_word' id='word_1_451' title='bbox 1019 3539 1232 3586; x_wconf 83' lang='lat' dir='ltr'><strong>utentes</strong></span> <span class='ocrx_word' id='word_1_452' title='bbox 1258 3527 1570 3583; x_wconf 87' lang='lat' dir='ltr'><strong>curiositate</strong></span> <span class='ocrx_word' id='word_1_453' title='bbox 1615 3538 1771 3591; x_wconf 77' lang='lat' dir='ltr'><strong>coge-</strong></span> 
     </span>
    </p>
   </div>
   <div class='ocr_carea' id='block_1_62' title="bbox 181 3613 1773 3695">
    <p class='ocr_par' dir='ltr' id='par_1_62' title="bbox 181 3613 1773 3695">
     <span class='ocr_line' id='line_1_62' title="bbox 181 3613 1773 3695; baseline -0.015 -7"><span class='ocrx_word' id='word_1_454' title='bbox 181 3644 371 3688; x_wconf 88' lang='lat' dir='ltr'><strong>rentur</strong></span> <span class='ocrx_word' id='word_1_455' title='bbox 417 3631 645 3693; x_wconf 83' lang='lat' dir='ltr'><strong>tiinere,</strong></span> <span class='ocrx_word' id='word_1_456' title='bbox 695 3642 763 3682; x_wconf 92' lang='lat' dir='ltr'><strong>ne</strong></span> <span class='ocrx_word' id='word_1_457' title='bbox 808 3626 938 3695; x_wconf 90' lang='lat' dir='ltr'><strong>ipsis</strong></span> <span class='ocrx_word' id='word_1_458' title='bbox 983 3620 1351 3692; x_wconf 77' lang='lat' dir='ltr'><strong>ignorantibus</strong></span> <span class='ocrx_word' id='word_1_459' title='bbox 1404 3613 1603 3685; x_wconf 88' lang='lat' dir='ltr'><strong>aliquid</strong></span> <span class='ocrx_word' id='word_1_460' title='bbox 1668 3613 1773 3666; x_wconf 87' lang='lat' dir='ltr'><strong>tale</strong></span> 
     </span>
    </p>
   </div>
   <div class='ocr_carea' id='block_1_63' title="bbox 184 3704 1773 3779">
    <p class='ocr_par' dir='ltr' id='par_1_63' title="bbox 184 3704 1773 3779">
     <span class='ocr_line' id='line_1_63' title="bbox 184 3704 1773 3779; baseline -0.014 0"><span class='ocrx_word' id='word_1_461' title='bbox 184 3725 535 3779; x_wconf 80' lang='lat' dir='ltr'><strong>inveheretur</strong></span> <span class='ocrx_word' id='word_1_462' title='bbox 583 3728 676 3774; x_wconf 90' lang='lat' dir='ltr'><strong>aut</strong></span> <span class='ocrx_word' id='word_1_463' title='bbox 720 3734 785 3774; x_wconf 80' lang='lat' dir='ltr'><strong>ex</strong></span> <span class='ocrx_word' id='word_1_464' title='bbox 832 3717 949 3771; x_wconf 89' lang='lat' dir='ltr'><strong>l&#39;oro</strong></span> <span class='ocrx_word' id='word_1_465' title='bbox 998 3722 1092 3769; x_wconf 86' lang='lat' dir='ltr'><strong>aut</strong></span> <span class='ocrx_word' id='word_1_466' title='bbox 1134 3711 1387 3774; x_wconf 87' lang='lat' dir='ltr'><strong>aliunde,</strong></span> <span class='ocrx_word' id='word_1_467' title='bbox 1432 3710 1578 3777; x_wconf 90' lang='lat' dir='ltr'><strong>ipsos</strong></span> <span class='ocrx_word' id='word_1_468' title='bbox 1620 3722 1649 3759; x_wconf 89' lang='lat' dir='ltr'><strong>a</strong></span> <span class='ocrx_word' id='word_1_469' title='bbox 1682 3704 1773 3758; x_wconf 88' lang='lat' dir='ltr'><strong>tali</strong></span> 
     </span>
    </p>
   </div>
   <div class='ocr_carea' id='block_1_64' title="bbox 184 3797 1770 3879">
    <p class='ocr_par' dir='ltr' id='par_1_64' title="bbox 184 3797 1770 3879">
     <span class='ocr_line' id='line_1_64' title="bbox 184 3797 1770 3879; baseline -0.013 -10"><span class='ocrx_word' id='word_1_470' title='bbox 184 3813 508 3870; x_wconf 82' lang='lat' dir='ltr'><strong>necessitate</strong></span> <span class='ocrx_word' id='word_1_471' title='bbox 527 3811 761 3879; x_wconf 87' lang='lat' dir='ltr'><strong>eripiens</strong></span> <span class='ocrx_word' id='word_1_472' title='bbox 790 3808 861 3861; x_wconf 89' lang='lat' dir='ltr'><strong>ait</strong></span> <span class='ocrx_word' id='word_1_473' title='bbox 895 3824 907 3858; x_wconf 94' lang='lat'>:</span> <span class='ocrx_word' id='word_1_474' title='bbox 938 3804 1119 3870; x_wconf 88' lang='lat' dir='ltr'><strong>Omne,</strong></span> <span class='ocrx_word' id='word_1_475' title='bbox 1138 3803 1271 3871; x_wconf 84' lang='lat' dir='ltr'><strong>quod</strong></span> <span class='ocrx_word' id='word_1_476' title='bbox 1300 3802 1353 3853; x_wconf 88' lang='lat' dir='ltr'><strong>in</strong></span> <span class='ocrx_word' id='word_1_477' title='bbox 1381 3798 1592 3863; x_wconf 81' lang='lat' dir='ltr'><strong>macello</strong></span> <span class='ocrx_word' id='word_1_478' title='bbox 1620 3797 1770 3861; x_wconf 67' lang='lat' dir='ltr'><strong>vellit,</strong></span> 
     </span>
    </p>
   </div>
   <div class='ocr_carea' id='block_1_65' title="bbox 183 3888 1771 3967">
    <p class='ocr_par' dir='ltr' id='par_1_65' title="bbox 183 3888 1771 3967">
     <span class='ocr_line' id='line_1_65' title="bbox 183 3888 1771 3967; baseline -0.012 -8"><span class='ocrx_word' id='word_1_479' title='bbox 183 3905 491 3959; x_wconf 79' lang='lat' dir='ltr'><strong>ntanducate</strong></span> <span class='ocrx_word' id='word_1_480' title='bbox 510 3943 524 3965; x_wconf 91' lang='lat'><strong>,</strong></span> <span class='ocrx_word' id='word_1_481' title='bbox 553 3900 685 3954; x_wconf 84' lang='lat' dir='ltr'><strong>nihil</strong></span> <span class='ocrx_word' id='word_1_482' title='bbox 709 3900 1094 3967; x_wconf 77' lang='lat' dir='ltr'><strong>interrogantes.</strong></span> <span class='ocrx_word' id='word_1_483' title='bbox 1124 3894 1179 3948; x_wconf 91' lang='lat' dir='ltr'><strong>Si</strong></span> <span class='ocrx_word' id='word_1_484' title='bbox 1205 3892 1347 3947; x_wconf 90' lang='lat' dir='ltr'><strong>enim</strong></span> <span class='ocrx_word' id='word_1_485' title='bbox 1382 3891 1654 3959; x_wconf 79' lang='lat' dir='ltr'><strong>ignorans,</strong></span> <span class='ocrx_word' id='word_1_486' title='bbox 1687 3888 1771 3942; x_wconf 90' lang='lat' dir='ltr'><strong>iu-</strong></span> 
     </span>
    </p>
   </div>
   <div class='ocr_carea' id='block_1_66' title="bbox 184 3980 1772 4067">
    <p class='ocr_par' dir='ltr' id='par_1_66' title="bbox 184 3980 1772 4067">
     <span class='ocr_line' id='line_1_66' title="bbox 184 3980 1772 4067; baseline -0.013 -17"><span class='ocrx_word' id='word_1_487' title='bbox 184 3996 324 4067; x_wconf 83' lang='lat' dir='ltr'><strong>quit,</strong></span> <span class='ocrx_word' id='word_1_488' title='bbox 360 3992 660 4049; x_wconf 88' lang='lat' dir='ltr'><strong>comederis</strong></span> <span class='ocrx_word' id='word_1_489' title='bbox 685 3997 740 4045; x_wconf 86' lang='lat' dir='ltr'><strong>et</strong></span> <span class='ocrx_word' id='word_1_490' title='bbox 786 3988 1032 4042; x_wconf 88' lang='lat' dir='ltr'><strong>nesciens</strong></span> <span class='ocrx_word' id='word_1_491' title='bbox 1054 4026 1071 4051; x_wconf 93' lang='lat'><strong>,</strong></span> <span class='ocrx_word' id='word_1_492' title='bbox 1099 3999 1207 4038; x_wconf 91' lang='lat' dir='ltr'><strong>non</strong></span> <span class='ocrx_word' id='word_1_493' title='bbox 1245 3998 1301 4037; x_wconf 89' lang='lat' dir='ltr'><strong>es</strong></span> <span class='ocrx_word' id='word_1_494' title='bbox 1332 3980 1596 4035; x_wconf 78' lang='lat' dir='ltr'><strong>obnoxius</strong></span> <span class='ocrx_word' id='word_1_495' title='bbox 1642 3993 1772 4047; x_wconf 86' lang='lat' dir='ltr'><strong>sup-</strong></span> 
     </span>
    </p>
   </div>
   <div class='ocr_carea' id='block_1_67' title="bbox 186 4069 1775 4155">
    <p class='ocr_par' dir='ltr' id='par_1_67' title="bbox 186 4069 1775 4155">
     <span class='ocr_line' id='line_1_67' title="bbox 186 4069 1775 4155; baseline -0.011 -15"><span class='ocrx_word' id='word_1_496' title='bbox 186 4085 390 4155; x_wconf 85' lang='lat' dir='ltr'><strong>plicio;</strong></span> <span class='ocrx_word' id='word_1_497' title='bbox 421 4098 539 4136; x_wconf 89' lang='lat' dir='ltr'><strong>nam</strong></span> <span class='ocrx_word' id='word_1_498' title='bbox 572 4080 887 4151; x_wconf 70' lang='lat' dir='ltr'><strong>ignorantia:</strong></span> <span class='ocrx_word' id='word_1_499' title='bbox 917 4078 1173 4145; x_wconf 89' lang='lat' dir='ltr'><strong>deinceps</strong></span> <span class='ocrx_word' id='word_1_500' title='bbox 1203 4089 1289 4129; x_wconf 90' lang='lat' dir='ltr'><strong>res</strong></span> <span class='ocrx_word' id='word_1_501' title='bbox 1314 4081 1429 4137; x_wconf 83' lang='lat' dir='ltr'><strong>est,</strong></span> <span class='ocrx_word' id='word_1_502' title='bbox 1465 4086 1571 4126; x_wconf 92' lang='lat' dir='ltr'><strong>non</strong></span> <span class='ocrx_word' id='word_1_503' title='bbox 1605 4069 1775 4141; x_wconf 84' lang='lat' dir='ltr'><strong>inglu-</strong></span> 
     </span>
    </p>
   </div>
   <div class='ocr_carea' id='block_1_68' title="bbox 186 4163 1769 4245">
    <p class='ocr_par' dir='ltr' id='par_1_68' title="bbox 186 4163 1769 4245">
     <span class='ocr_line' id='line_1_68' title="bbox 186 4163 1769 4245; baseline -0.01 -14"><span class='ocrx_word' id='word_1_504' title='bbox 186 4178 315 4233; x_wconf 86' lang='lat' dir='ltr'><strong>viei.</strong></span> <span class='ocrx_word' id='word_1_505' title='bbox 346 4176 530 4245; x_wconf 83' lang='lat' dir='ltr'><strong>Neque</strong></span> <span class='ocrx_word' id='word_1_506' title='bbox 557 4174 625 4229; x_wconf 91' lang='lat' dir='ltr'><strong>ab</strong></span> <span class='ocrx_word' id='word_1_507' title='bbox 674 4172 773 4227; x_wconf 87' lang='lat' dir='ltr'><strong>bac</strong></span> <span class='ocrx_word' id='word_1_508' title='bbox 813 4172 1019 4225; x_wconf 82' lang='lat' dir='ltr'><strong>tantum</strong></span> <span class='ocrx_word' id='word_1_509' title='bbox 1059 4169 1178 4222; x_wconf 89' lang='lat' dir='ltr'><strong>illos</strong></span> <span class='ocrx_word' id='word_1_510' title='bbox 1217 4165 1501 4221; x_wconf 78' lang='lat' dir='ltr'><strong>formidine</strong></span> <span class='ocrx_word' id='word_1_511' title='bbox 1544 4163 1769 4226; x_wconf 89' lang='lat' dir='ltr'><strong>liberat,</strong></span> 
     </span>
    </p>
   </div>
   <div class='ocr_carea' id='block_1_69' title="bbox 188 4256 1777 4334">
    <p class='ocr_par' dir='ltr' id='par_1_69' title="bbox 188 4256 1777 4334">
     <span class='ocr_line' id='line_1_69' title="bbox 188 4256 1777 4334; baseline -0.011 -11"><span class='ocrx_word' id='word_1_512' title='bbox 188 4267 285 4323; x_wconf 77' lang='lat' dir='ltr'><strong>sed</strong></span> <span class='ocrx_word' id='word_1_513' title='bbox 314 4267 380 4321; x_wconf 88' lang='lat' dir='ltr'><strong>ab</strong></span> <span class='ocrx_word' id='word_1_514' title='bbox 407 4266 509 4320; x_wconf 87' lang='lat' dir='ltr'><strong>alia</strong></span> <span class='ocrx_word' id='word_1_515' title='bbox 541 4278 784 4334; x_wconf 89' lang='lat' dir='ltr'><strong>quoque,</strong></span> <span class='ocrx_word' id='word_1_516' title='bbox 812 4262 1034 4317; x_wconf 87' lang='lat' dir='ltr'><strong>multam</strong></span> <span class='ocrx_word' id='word_1_517' title='bbox 1059 4259 1163 4313; x_wconf 89' lang='lat' dir='ltr'><strong>illis</strong></span> <span class='ocrx_word' id='word_1_518' title='bbox 1186 4258 1488 4313; x_wconf 87' lang='lat' dir='ltr'><strong>libertatem</strong></span> <span class='ocrx_word' id='word_1_519' title='bbox 1519 4256 1777 4309; x_wconf 85' lang='lat' dir='ltr'><strong>securita-</strong></span> 
     </span>
    </p>
   </div>
   <div class='ocr_carea' id='block_1_70' title="bbox 189 4346 1776 4428">
    <p class='ocr_par' dir='ltr' id='par_1_70' title="bbox 189 4346 1776 4428">
     <span class='ocr_line' id='line_1_70' title="bbox 189 4346 1776 4428; baseline -0.011 -13"><span class='ocrx_word' id='word_1_520' title='bbox 189 4368 408 4428; x_wconf 86' lang='lat' dir='ltr'><strong>temque</strong></span> <span class='ocrx_word' id='word_1_521' title='bbox 438 4370 703 4427; x_wconf 86' lang='lat' dir='ltr'><strong>apparans</strong></span> <span class='ocrx_word' id='word_1_522' title='bbox 734 4371 747 4406; x_wconf 90' lang='lat'><strong>:</strong></span> <span class='ocrx_word' id='word_1_523' title='bbox 782 4368 955 4421; x_wconf 85' lang='lat' dir='ltr'><strong>neque</strong></span> <span class='ocrx_word' id='word_1_524' title='bbox 998 4350 1139 4406; x_wconf 90' lang='lat' dir='ltr'><strong>enim</strong></span> <span class='ocrx_word' id='word_1_525' title='bbox 1183 4349 1481 4418; x_wconf 87' lang='lat' dir='ltr'><strong>dijudicare</strong></span> <span class='ocrx_word' id='word_1_526' title='bbox 1518 4346 1776 4414; x_wconf 84' lang='lat' dir='ltr'><strong>permittit</strong></span> 
     </span>
    </p>
   </div>
   <div class='ocr_carea' id='block_1_71' title="bbox 188 4441 1775 4510">
    <p class='ocr_par' dir='ltr' id='par_1_71' title="bbox 188 4441 1775 4510">
     <span class='ocr_line' id='line_1_71' title="bbox 188 4441 1775 4510; baseline -0.008 -5"><span class='ocrx_word' id='word_1_527' title='bbox 188 4451 307 4506; x_wconf 86' lang='lat' dir='ltr'><strong>sive</strong></span> <span class='ocrx_word' id='word_1_528' title='bbox 346 4449 655 4505; x_wconf 79' lang='lat' dir='ltr'><strong>examinare</strong></span> <span class='ocrx_word' id='word_1_529' title='bbox 681 4457 733 4502; x_wconf 91' lang='lat' dir='ltr'><strong>et</strong></span> <span class='ocrx_word' id='word_1_530' title='bbox 761 4444 1063 4509; x_wconf 87' lang='lat' dir='ltr'><strong>sciscitari,</strong></span> <span class='ocrx_word' id='word_1_531' title='bbox 1096 4458 1163 4497; x_wconf 86' lang='lat' dir='ltr'><strong>an</strong></span> <span class='ocrx_word' id='word_1_532' title='bbox 1204 4441 1557 4510; x_wconf 85' lang='lat' dir='ltr'><strong>idolothytum</strong></span> <span class='ocrx_word' id='word_1_533' title='bbox 1596 4442 1665 4493; x_wconf 89' lang='lat' dir='ltr'><strong>sit</strong></span> <span class='ocrx_word' id='word_1_534' title='bbox 1706 4454 1775 4492; x_wconf 91' lang='lat' dir='ltr'><strong>an</strong></span> 
     </span>
    </p>
   </div>
   <div class='ocr_carea' id='block_1_72' title="bbox 195 4529 1777 4605">
    <p class='ocr_par' dir='ltr' id='par_1_72' title="bbox 195 4529 1777 4605">
     <span class='ocr_line' id='line_1_72' title="bbox 195 4529 1777 4605; baseline -0.008 -9"><span class='ocrx_word' id='word_1_535' title='bbox 195 4557 339 4605; x_wconf 92' lang='lat' dir='ltr'><strong>non;</strong></span> <span class='ocrx_word' id='word_1_536' title='bbox 369 4540 463 4596; x_wconf 87' lang='lat' dir='ltr'><strong>sed</strong></span> <span class='ocrx_word' id='word_1_537' title='bbox 496 4537 957 4594; x_wconf 87' lang='lat' dir='ltr'><strong>indiscriminatim</strong></span> <span class='ocrx_word' id='word_1_538' title='bbox 988 4533 1273 4589; x_wconf 89' lang='lat' dir='ltr'><strong>comedere</strong></span> <span class='ocrx_word' id='word_1_539' title='bbox 1302 4530 1557 4601; x_wconf 89' lang='lat' dir='ltr'><strong>quidquid</strong></span> <span class='ocrx_word' id='word_1_540' title='bbox 1574 4544 1637 4583; x_wconf 78' lang='lat' dir='ltr'><strong>ex</strong></span> <span class='ocrx_word' id='word_1_541' title='bbox 1663 4529 1777 4583; x_wconf 82' lang='lat' dir='ltr'><strong>foro</strong></span> 
     </span>
    </p>
   </div>
   <div class='ocr_carea' id='block_1_73' title="bbox 189 4621 1774 4702">
    <p class='ocr_par' dir='ltr' id='par_1_73' title="bbox 189 4621 1774 4702">
     <span class='ocr_line' id='line_1_73' title="bbox 189 4621 1774 4702; baseline -0.008 -14"><span class='ocrx_word' id='word_1_542' title='bbox 189 4633 436 4695; x_wconf 72' lang='lat' dir='ltr'><strong>adertur.</strong></span> <span class='ocrx_word' id='word_1_543' title='bbox 464 4646 638 4702; x_wconf 90' lang='lat' dir='ltr'><strong>neque</strong></span> <span class='ocrx_word' id='word_1_544' title='bbox 664 4630 873 4685; x_wconf 90' lang='lat' dir='ltr'><strong>discere</strong></span> <span class='ocrx_word' id='word_1_545' title='bbox 896 4626 1028 4697; x_wconf 90' lang='lat' dir='ltr'><strong>quid</strong></span> <span class='ocrx_word' id='word_1_546' title='bbox 1056 4626 1128 4680; x_wconf 88' lang='lat' dir='ltr'><strong>sit</strong></span> <span class='ocrx_word' id='word_1_547' title='bbox 1159 4624 1211 4679; x_wconf 92' lang='lat' dir='ltr'><strong>id</strong></span> <span class='ocrx_word' id='word_1_548' title='bbox 1260 4623 1400 4693; x_wconf 71' lang='lat' dir='ltr'><strong>quod</strong></span> <span class='ocrx_word' id='word_1_549' title='bbox 1427 4621 1715 4693; x_wconf 87' lang='lat' dir='ltr'><strong>apponitur</strong></span> <span class='ocrx_word' id='word_1_550' title='bbox 1761 4640 1774 4676; x_wconf 87' lang='lat'><strong>:</strong></span> 
     </span>
    </p>
   </div>
   <div class='ocr_carea' id='block_1_74' title="bbox 193 4714 1776 4791">
    <p class='ocr_par' dir='ltr' id='par_1_74' title="bbox 193 4714 1776 4791">
     <span class='ocr_line' id='line_1_74' title="bbox 193 4714 1776 4791; baseline -0.006 -14"><span class='ocrx_word' id='word_1_551' title='bbox 193 4723 336 4778; x_wconf 86' lang='lat' dir='ltr'><strong>unde</strong></span> <span class='ocrx_word' id='word_1_552' title='bbox 382 4723 440 4775; x_wconf 88' lang='lat' dir='ltr'><strong>lit</strong></span> <span class='ocrx_word' id='word_1_553' title='bbox 468 4731 525 4775; x_wconf 91' lang='lat' dir='ltr'><strong>ut</strong></span> <span class='ocrx_word' id='word_1_554' title='bbox 566 4721 656 4791; x_wconf 89' lang='lat' dir='ltr'><strong>qui</strong></span> <span class='ocrx_word' id='word_1_555' title='bbox 696 4721 945 4790; x_wconf 85' lang='lat' dir='ltr'><strong>ignorans</strong></span> <span class='ocrx_word' id='word_1_556' title='bbox 983 4716 1280 4772; x_wconf 89' lang='lat' dir='ltr'><strong>comederit</strong></span> <span class='ocrx_word' id='word_1_557' title='bbox 1320 4716 1597 4773; x_wconf 89' lang='lat' dir='ltr'><strong>liberetur.</strong></span> <span class='ocrx_word' id='word_1_558' title='bbox 1630 4714 1776 4768; x_wconf 85' lang='lat' dir='ltr'><strong>Talia</strong></span> 
     </span>
    </p>
   </div>
   <div class='ocr_carea' id='block_1_75' title="bbox 191 4804 1769 4878">
    <p class='ocr_par' dir='ltr' id='par_1_75' title="bbox 191 4804 1769 4878">
     <span class='ocr_line' id='line_1_75' title="bbox 191 4804 1769 4878; baseline -0.008 -9"><span class='ocrx_word' id='word_1_559' title='bbox 191 4815 337 4869; x_wconf 91' lang='lat' dir='ltr'><strong>enim</strong></span> <span class='ocrx_word' id='word_1_560' title='bbox 367 4820 492 4866; x_wconf 87' lang='lat' dir='ltr'><strong>sunt</strong></span> <span class='ocrx_word' id='word_1_561' title='bbox 535 4825 653 4878; x_wconf 68' lang='lat' dir='ltr'><strong>qua:</strong></span> <span class='ocrx_word' id='word_1_562' title='bbox 684 4820 869 4863; x_wconf 89' lang='lat' dir='ltr'><strong>natura</strong></span> <span class='ocrx_word' id='word_1_563' title='bbox 900 4824 1009 4863; x_wconf 92' lang='lat' dir='ltr'><strong>non</strong></span> <span class='ocrx_word' id='word_1_564' title='bbox 1036 4816 1163 4862; x_wconf 86' lang='lat' dir='ltr'><strong>sunt</strong></span> <span class='ocrx_word' id='word_1_565' title='bbox 1190 4808 1329 4861; x_wconf 88' lang='lat' dir='ltr'><strong>mala</strong></span> <span class='ocrx_word' id='word_1_566' title='bbox 1352 4846 1367 4871; x_wconf 90' lang='lat'><strong>,</strong></span> <span class='ocrx_word' id='word_1_567' title='bbox 1396 4804 1492 4861; x_wconf 87' lang='lat' dir='ltr'><strong>sed</strong></span> <span class='ocrx_word' id='word_1_568' title='bbox 1531 4820 1597 4861; x_wconf 80' lang='lat' dir='ltr'><strong>ex</strong></span> <span class='ocrx_word' id='word_1_569' title='bbox 1626 4805 1769 4874; x_wconf 87' lang='lat' dir='ltr'><strong>cogi-</strong></span> 
     </span>
    </p>
   </div>
   <div class='ocr_carea' id='block_1_76' title="bbox 195 4894 1774 4973">
    <p class='ocr_par' dir='ltr' id='par_1_76' title="bbox 195 4894 1774 4973">
     <span class='ocr_line' id='line_1_76' title="bbox 195 4894 1774 4973; baseline -0.006 -16"><span class='ocrx_word' id='word_1_570' title='bbox 195 4906 396 4959; x_wconf 82' lang='lat' dir='ltr'><strong>tatione</strong></span> <span class='ocrx_word' id='word_1_571' title='bbox 438 4900 565 4973; x_wconf 90' lang='lat' dir='ltr'><strong>quid</strong></span> <span class='ocrx_word' id='word_1_572' title='bbox 617 4898 949 4954; x_wconf 88' lang='lat' dir='ltr'><strong>immttndum</strong></span> <span class='ocrx_word' id='word_1_573' title='bbox 995 4897 1213 4952; x_wconf 79' lang='lat' dir='ltr'><strong>faciunt.</strong></span> <span class='ocrx_word' id='word_1_574' title='bbox 1266 4897 1557 4967; x_wconf 83' lang='lat' dir='ltr'><strong>Propterea</strong></span> <span class='ocrx_word' id='word_1_575' title='bbox 1607 4894 1774 4961; x_wconf 90' lang='lat' dir='ltr'><strong>dicit,</strong></span> 
     </span>
    </p>
   </div>
   <div class='ocr_carea' id='block_1_77' title="bbox 195 4984 1778 5060">
    <p class='ocr_par' dir='ltr' id='par_1_77' title="bbox 195 4984 1778 5060">
     <span class='ocr_line' id='line_1_77' title="bbox 195 4984 1778 5060; baseline -0.006 -15"><span class='ocrx_word' id='word_1_576' title='bbox 195 4992 348 5047; x_wconf 82' lang='lat' dir='ltr'><strong>Nihil</strong></span> <span class='ocrx_word' id='word_1_577' title='bbox 374 4995 759 5060; x_wconf 85' lang='lat' dir='ltr'><strong>interrogantes.</strong></span> <span class='ocrx_word' id='word_1_578' title='bbox 788 4988 876 5042; x_wconf 71' lang='lat'><strong>26.</strong></span> <span class='ocrx_word' id='word_1_579' title='bbox 908 4985 1039 5040; x_wconf 86' lang='lat' dir='ltr'><strong>Nam</strong></span> <span class='ocrx_word' id='word_1_580' title='bbox 1072 4984 1280 5039; x_wconf 82' lang='lat' dir='ltr'><strong>Domini</strong></span> <span class='ocrx_word' id='word_1_581' title='bbox 1300 4996 1371 5041; x_wconf 89' lang='lat' dir='ltr'><strong>est</strong></span> <span class='ocrx_word' id='word_1_582' title='bbox 1395 4997 1529 5040; x_wconf 88' lang='lat' dir='ltr'><strong>terra</strong></span> <span class='ocrx_word' id='word_1_583' title='bbox 1547 4995 1595 5039; x_wconf 89' lang='lat' dir='ltr'><strong>et</strong></span> <span class='ocrx_word' id='word_1_584' title='bbox 1617 4986 1778 5054; x_wconf 85' lang='lat' dir='ltr'><strong>pleni-</strong></span> 
     </span>
    </p>
   </div>
   <div class='ocr_carea' id='block_1_78' title="bbox 192 5075 1777 5154">
    <p class='ocr_par' dir='ltr' id='par_1_78' title="bbox 192 5075 1777 5154">
     <span class='ocr_line' id='line_1_78' title="bbox 192 5075 1777 5154; baseline -0.008 -15"><span class='ocrx_word' id='word_1_585' title='bbox 192 5085 316 5139; x_wconf 82' lang='lat' dir='ltr'><strong>tudo</strong></span> <span class='ocrx_word' id='word_1_586' title='bbox 336 5088 464 5154; x_wconf 71' lang='lat' dir='ltr'><strong>ejus,</strong></span> <span class='ocrx_word' id='word_1_587' title='bbox 485 5101 589 5141; x_wconf 88' lang='lat' dir='ltr'><strong>non</strong></span> <span class='ocrx_word' id='word_1_588' title='bbox 612 5082 1018 5139; x_wconf 74' lang='lat' dir='ltr'><strong>daemoniorum.</strong></span> <span class='ocrx_word' id='word_1_589' title='bbox 1040 5076 1192 5144; x_wconf 84' lang='lat' dir='ltr'><strong>Quod</strong></span> <span class='ocrx_word' id='word_1_590' title='bbox 1213 5076 1259 5131; x_wconf 90' lang='lat' dir='ltr'><strong>si</strong></span> <span class='ocrx_word' id='word_1_591' title='bbox 1288 5086 1453 5138; x_wconf 84' lang='lat' dir='ltr'><strong>terra.</strong></span> <span class='ocrx_word' id='word_1_592' title='bbox 1473 5075 1697 5137; x_wconf 78' lang='lat' dir='ltr'><strong>fructus,</strong></span> <span class='ocrx_word' id='word_1_593' title='bbox 1722 5082 1777 5127; x_wconf 89' lang='lat' dir='ltr'><strong>et</strong></span> 
     </span>
    </p>
   </div>
   <div class='ocr_carea' id='block_1_79' title="bbox 196 5165 1774 5244">
    <p class='ocr_par' dir='ltr' id='par_1_79' title="bbox 196 5165 1774 5244">
     <span class='ocr_line' id='line_1_79' title="bbox 196 5165 1774 5244; baseline -0.006 -15"><span class='ocrx_word' id='word_1_594' title='bbox 196 5176 346 5229; x_wconf 86' lang='lat' dir='ltr'><strong>bruta</strong></span> <span class='ocrx_word' id='word_1_595' title='bbox 376 5178 496 5244; x_wconf 87' lang='lat' dir='ltr'><strong>ejus</strong></span> <span class='ocrx_word' id='word_1_596' title='bbox 525 5180 729 5242; x_wconf 85' lang='lat' dir='ltr'><strong>omnia,</strong></span> <span class='ocrx_word' id='word_1_597' title='bbox 759 5174 891 5230; x_wconf 87' lang='lat' dir='ltr'><strong>nihil</strong></span> <span class='ocrx_word' id='word_1_598' title='bbox 926 5173 1122 5228; x_wconf 86' lang='lat' dir='ltr'><strong>habent</strong></span> <span class='ocrx_word' id='word_1_599' title='bbox 1149 5166 1483 5224; x_wconf 90' lang='lat' dir='ltr'><strong>immundum</strong></span> <span class='ocrx_word' id='word_1_600' title='bbox 1509 5181 1524 5220; x_wconf 88' lang='lat'><strong>:</strong></span> <span class='ocrx_word' id='word_1_601' title='bbox 1546 5165 1639 5219; x_wconf 89' lang='lat' dir='ltr'><strong>sed</strong></span> <span class='ocrx_word' id='word_1_602' title='bbox 1669 5165 1774 5219; x_wconf 91' lang='lat' dir='ltr'><strong>alio</strong></span> 
     </span>
    </p>
   </div>
   <div class='ocr_carea' id='block_1_80' title="bbox 194 5258 1776 5331">
    <p class='ocr_par' dir='ltr' id='par_1_80' title="bbox 194 5258 1776 5331">
     <span class='ocr_line' id='line_1_80' title="bbox 194 5258 1776 5331; baseline -0.006 -10"><span class='ocrx_word' id='word_1_603' title='bbox 194 5267 354 5321; x_wconf 86' lang='lat' dir='ltr'><strong>modo</strong></span> <span class='ocrx_word' id='word_1_604' title='bbox 385 5266 719 5321; x_wconf 86' lang='lat' dir='ltr'><strong>immundum</strong></span> <span class='ocrx_word' id='word_1_605' title='bbox 746 5267 974 5322; x_wconf 81' lang='lat' dir='ltr'><strong>efﬁcitur</strong></span> <span class='ocrx_word' id='word_1_606' title='bbox 1010 5279 1075 5320; x_wconf 80' lang='lat' dir='ltr'><strong>ex</strong></span> <span class='ocrx_word' id='word_1_607' title='bbox 1099 5261 1425 5331; x_wconf 86' lang='lat' dir='ltr'><strong>cogitatione</strong></span> <span class='ocrx_word' id='word_1_608' title='bbox 1454 5265 1509 5314; x_wconf 90' lang='lat' dir='ltr'><strong>et</strong></span> <span class='ocrx_word' id='word_1_609' title='bbox 1544 5272 1611 5313; x_wconf 80' lang='lat' dir='ltr'><strong>ex</strong></span> <span class='ocrx_word' id='word_1_610' title='bbox 1662 5258 1776 5311; x_wconf 90' lang='lat' dir='ltr'><strong>ino-</strong></span> 
     </span>
    </p>
   </div>
   <div class='ocr_carea' id='block_1_81' title="bbox 197 5347 1776 5426">
    <p class='ocr_par' dir='ltr' id='par_1_81' title="bbox 197 5347 1776 5426">
     <span class='ocr_line' id='line_1_81' title="bbox 197 5347 1776 5426; baseline -0.008 -13"><span class='ocrx_word' id='word_1_611' title='bbox 197 5356 463 5413; x_wconf 85' lang='lat' dir='ltr'><strong>bedientia</strong></span> <span class='ocrx_word' id='word_1_612' title='bbox 497 5371 513 5410; x_wconf 88' lang='lat'><strong>:</strong></span> <span class='ocrx_word' id='word_1_613' title='bbox 536 5353 662 5412; x_wconf 86' lang='lat' dir='ltr'><strong>ideo</strong></span> <span class='ocrx_word' id='word_1_614' title='bbox 682 5372 789 5413; x_wconf 89' lang='lat' dir='ltr'><strong>non</strong></span> <span class='ocrx_word' id='word_1_615' title='bbox 814 5357 974 5414; x_wconf 90' lang='lat' dir='ltr'><strong>modo</strong></span> <span class='ocrx_word' id='word_1_616' title='bbox 993 5353 1251 5426; x_wconf 86' lang='lat' dir='ltr'><strong>permisit,</strong></span> <span class='ocrx_word' id='word_1_617' title='bbox 1279 5350 1373 5407; x_wconf 87' lang='lat' dir='ltr'><strong>sed</strong></span> <span class='ocrx_word' id='word_1_618' title='bbox 1390 5348 1575 5414; x_wconf 82' lang='lat' dir='ltr'><strong>etiam,</strong></span> <span class='ocrx_word' id='word_1_619' title='bbox 1600 5348 1688 5403; x_wconf 73' lang='grc'><strong>27.</strong></span> <span class='ocrx_word' id='word_1_620' title='bbox 1716 5347 1776 5403; x_wconf 90' lang='lat' dir='ltr'><strong>Si</strong></span> 
     </span>
    </p>
   </div>
   <div class='ocr_carea' id='block_1_82' title="bbox 196 5439 1777 5519">
    <p class='ocr_par' dir='ltr' id='par_1_82' title="bbox 196 5439 1777 5519">
     <span class='ocr_line' id='line_1_82' title="bbox 196 5439 1777 5519; baseline -0.006 -16"><span class='ocrx_word' id='word_1_621' title='bbox 196 5450 334 5518; x_wconf 69' lang='lat' dir='ltr'><strong>quis,</strong></span> <span class='ocrx_word' id='word_1_622' title='bbox 363 5447 574 5519; x_wconf 89' lang='lat' dir='ltr'><strong>inquit,</strong></span> <span class='ocrx_word' id='word_1_623' title='bbox 607 5459 694 5499; x_wconf 73' lang='lat' dir='ltr'><strong>vos</strong></span> <span class='ocrx_word' id='word_1_624' title='bbox 723 5447 1165 5517; x_wconf 72' lang='lat' dir='ltr'><strong>voeatinﬁdelium</strong></span> <span class='ocrx_word' id='word_1_625' title='bbox 1186 5485 1201 5511; x_wconf 94' lang='lat'><strong>,</strong></span> <span class='ocrx_word' id='word_1_626' title='bbox 1232 5452 1279 5499; x_wconf 86' lang='lat' dir='ltr'><strong>et</strong></span> <span class='ocrx_word' id='word_1_627' title='bbox 1301 5441 1449 5497; x_wconf 82' lang='lat' dir='ltr'><strong>vultis</strong></span> <span class='ocrx_word' id='word_1_628' title='bbox 1475 5439 1552 5495; x_wconf 77' lang='lat' dir='ltr'><strong>ire</strong></span> <span class='ocrx_word' id='word_1_629' title='bbox 1573 5479 1589 5506; x_wconf 94' lang='lat'><strong>,</strong></span> <span class='ocrx_word' id='word_1_630' title='bbox 1629 5454 1777 5495; x_wconf 85' lang='lat' dir='ltr'><strong>omne</strong></span> 
     </span>
    </p>
   </div>
   <div class='ocr_carea' id='block_1_83' title="bbox 196 5534 1776 5611">
    <p class='ocr_par' dir='ltr' id='par_1_83' title="bbox 196 5534 1776 5611">
     <span class='ocr_line' id='line_1_83' title="bbox 196 5534 1776 5611; baseline -0.006 -15"><span class='ocrx_word' id='word_1_631' title='bbox 196 5541 329 5611; x_wconf 71' lang='lat' dir='ltr'><strong>quod</strong></span> <span class='ocrx_word' id='word_1_632' title='bbox 365 5540 501 5595; x_wconf 73' lang='lat' dir='ltr'><strong>vobis</strong></span> <span class='ocrx_word' id='word_1_633' title='bbox 552 5538 830 5608; x_wconf 70' lang='lat' dir='ltr'><strong>apponitur</strong></span> <span class='ocrx_word' id='word_1_634' title='bbox 869 5542 1206 5608; x_wconf 64' lang='lat' dir='ltr'><strong>manducata,</strong></span> <span class='ocrx_word' id='word_1_635' title='bbox 1241 5534 1371 5593; x_wconf 86' lang='lat' dir='ltr'><strong>nihil</strong></span> <span class='ocrx_word' id='word_1_636' title='bbox 1413 5540 1776 5605; x_wconf 81' lang='lat' dir='ltr'><strong>interrogantes</strong></span> 
     </span>
    </p>
   </div>
   <div class='ocr_carea' id='block_1_84' title="bbox 228 5664 1773 5741">
    <p class='ocr_par' dir='ltr' id='par_1_84' title="bbox 228 5664 1773 5741">
     <span class='ocr_line' id='line_1_84' title="bbox 228 5664 1773 5741; baseline -0.006 -17"><span class='ocrx_word' id='word_1_637' title='bbox 228 5734 235 5741; x_wconf 35' lang='grc' dir='ltr'><strong>ε</strong></span> <span class='ocrx_word' id='word_1_638' title='bbox 258 5673 274 5741; x_wconf 73' lang='grc' dir='ltr'><strong>ξ</strong></span> <span class='ocrx_word' id='word_1_639' title='bbox 310 5670 509 5723; x_wconf 80' lang='lat' dir='ltr'><strong>savillus</strong></span> <span class='ocrx_word' id='word_1_640' title='bbox 530 5666 799 5741; x_wconf 70' lang='lat' dir='ltr'><strong>legettdtttn</strong></span> <span class='ocrx_word' id='word_1_641' title='bbox 821 5674 986 5741; x_wconf 68' lang='lat' dir='ltr'><strong>putat,</strong></span> <span class='ocrx_word' id='word_1_642' title='bbox 1009 5666 1061 5719; x_wconf 75' lang='lat' dir='ltr'><strong>in</strong></span> <span class='ocrx_word' id='word_1_643' title='bbox 1082 5667 1272 5741; x_wconf 57' lang='lat' dir='ltr'><strong>templis</strong></span> <span class='ocrx_word' id='word_1_644' title='bbox 1302 5664 1564 5741; x_wconf 79' lang='lat' dir='ltr'><strong>idolorum,</strong></span> <span class='ocrx_word' id='word_1_645' title='bbox 1591 5672 1643 5717; x_wconf 90' lang='lat' dir='ltr'><strong>ct</strong></span> <span class='ocrx_word' id='word_1_646' title='bbox 1664 5666 1773 5716; x_wconf 66' lang='lat' dir='ltr'><strong>hinc</strong></span> 
     </span>
    </p>
   </div>
   <div class='ocr_carea' id='block_1_85' title="bbox 200 5727 1470 5789">
    <p class='ocr_par' dir='ltr' id='par_1_85' title="bbox 200 5727 1470 5789">
     <span class='ocr_line' id='line_1_85' title="bbox 200 5727 1470 5789; baseline -0.009 0"><span class='ocrx_word' id='word_1_647' title='bbox 200 5733 387 5789; x_wconf 66' lang='lat' dir='ltr'><strong>Vitiatur</strong></span> <span class='ocrx_word' id='word_1_648' title='bbox 411 5748 523 5787; x_wconf 66' lang='lat' dir='ltr'><strong>una</strong></span> <span class='ocrx_word' id='word_1_649' title='bbox 545 5727 717 5787; x_wconf 64' lang='lat' dir='ltr'><strong>triuio.</strong></span> <span class='ocrx_word' id='word_1_650' title='bbox 742 5727 838 5782; x_wconf 81' lang='lat' dir='ltr'><strong>sed</strong></span> <span class='ocrx_word' id='word_1_651' title='bbox 850 5727 1115 5787; x_wconf 78' lang='lat' dir='ltr'><strong>reclamant</strong></span> <span class='ocrx_word' id='word_1_652' title='bbox 1136 5727 1263 5785; x_wconf 68' lang='lat' dir='ltr'><strong>lidiu</strong></span> <span class='ocrx_word' id='word_1_653' title='bbox 1290 5737 1339 5782; x_wconf 90' lang='lat' dir='ltr'><strong>ct</strong></span> <span class='ocrx_word' id='word_1_654' title='bbox 1364 5738 1470 5781; x_wconf 76' lang='lat' dir='ltr'><strong>uss.</strong></span> 
     </span>
    </p>
   </div>
   <div class='ocr_carea' id='block_1_86' title="bbox 1876 2793 3457 2856">
    <p class='ocr_par' dir='ltr' id='par_1_86' title="bbox 1876 2793 3457 2856">
     <span class='ocr_line' id='line_1_86' title="bbox 1876 2793 3457 2856; baseline 0.008 -18"><span class='ocrx_word' id='word_1_655' title='bbox 1876 2798 2080 2856; x_wconf 81' lang='lat' dir='ltr'><strong>propter</strong></span> <span class='ocrx_word' id='word_1_656' title='bbox 2139 2793 2512 2849; x_wconf 79' lang='lat' dir='ltr'><strong>conscientiam.</strong></span> <span class='ocrx_word' id='word_1_657' title='bbox 2567 2794 2697 2852; x_wconf 81' lang='lat' dir='ltr'><strong>Vide</strong></span> <span class='ocrx_word' id='word_1_658' title='bbox 2750 2812 2937 2853; x_wconf 84' lang='lat' dir='ltr'><strong>rursus</strong></span> <span class='ocrx_word' id='word_1_659' title='bbox 2986 2796 3457 2853; x_wconf 84' lang='lat' dir='ltr'><strong>moderationem:</strong></span> 
     </span>
    </p>
   </div>
   <div class='ocr_carea' id='block_1_87' title="bbox 1877 2883 3458 2959">
    <p class='ocr_par' dir='ltr' id='par_1_87' title="bbox 1877 2883 3458 2959">
     <span class='ocr_line' id='line_1_87' title="bbox 1877 2883 3458 2959; baseline 0.006 -28"><span class='ocrx_word' id='word_1_660' title='bbox 1877 2896 2047 2948; x_wconf 87' lang='lat' dir='ltr'><strong>neque</strong></span> <span class='ocrx_word' id='word_1_661' title='bbox 2076 2883 2216 2934; x_wconf 87' lang='lat' dir='ltr'><strong>enim</strong></span> <span class='ocrx_word' id='word_1_662' title='bbox 2237 2886 2394 2950; x_wconf 85' lang='lat' dir='ltr'><strong>jussit</strong></span> <span class='ocrx_word' id='word_1_663' title='bbox 2423 2889 2503 2939; x_wconf 78' lang='lat' dir='ltr'><strong>vel</strong></span> <span class='ocrx_word' id='word_1_664' title='bbox 2538 2890 2791 2957; x_wconf 66' lang='lat' dir='ltr'><strong>prmcepit</strong></span> <span class='ocrx_word' id='word_1_665' title='bbox 2820 2890 2987 2955; x_wconf 87' lang='lat' dir='ltr'><strong>abire,</strong></span> <span class='ocrx_word' id='word_1_666' title='bbox 3016 2892 3111 2945; x_wconf 87' lang='lat' dir='ltr'><strong>sed</strong></span> <span class='ocrx_word' id='word_1_667' title='bbox 3140 2904 3314 2958; x_wconf 88' lang='lat' dir='ltr'><strong>neque</strong></span> <span class='ocrx_word' id='word_1_668' title='bbox 3337 2904 3458 2959; x_wconf 85' lang='lat' dir='ltr'><strong>pro-</strong></span> 
     </span>
    </p>
   </div>
   <div class='ocr_carea' id='block_1_88' title="bbox 1879 2969 3456 3050">
    <p class='ocr_par' dir='ltr' id='par_1_88' title="bbox 1879 2969 3456 3050">
     <span class='ocr_line' id='line_1_88' title="bbox 1879 2969 3456 3050; baseline 0.006 -26"><span class='ocrx_word' id='word_1_669' title='bbox 1879 2969 2046 3025; x_wconf 80' lang='lat' dir='ltr'><strong>liibuit</strong></span> <span class='ocrx_word' id='word_1_670' title='bbox 2080 2988 2092 3023; x_wconf 90' lang='lat'><strong>:</strong></span> <span class='ocrx_word' id='word_1_671' title='bbox 2129 2975 2480 3031; x_wconf 84' lang='lat' dir='ltr'><strong>abscedentes</strong></span> <span class='ocrx_word' id='word_1_672' title='bbox 2504 2995 2689 3031; x_wconf 84' lang='lat' dir='ltr'><strong>rursus</strong></span> <span class='ocrx_word' id='word_1_673' title='bbox 2721 2981 2787 3031; x_wconf 87' lang='lat' dir='ltr'><strong>ab</strong></span> <span class='ocrx_word' id='word_1_674' title='bbox 2813 2982 2959 3034; x_wconf 90' lang='lat' dir='ltr'><strong>omni</strong></span> <span class='ocrx_word' id='word_1_675' title='bbox 2988 2981 3291 3050; x_wconf 85' lang='lat' dir='ltr'><strong>suspicione</strong></span> <span class='ocrx_word' id='word_1_676' title='bbox 3320 2981 3456 3035; x_wconf 89' lang='lat' dir='ltr'><strong>libe-</strong></span> 
     </span>
    </p>
   </div>
   <div class='ocr_carea' id='block_1_89' title="bbox 1877 3066 3458 3132">
    <p class='ocr_par' dir='ltr' id='par_1_89' title="bbox 1877 3066 3458 3132">
     <span class='ocr_line' id='line_1_89' title="bbox 1877 3066 3458 3132; baseline 0.006 -15"><span class='ocrx_word' id='word_1_677' title='bbox 1877 3076 1977 3117; x_wconf 85' lang='lat' dir='ltr'><strong>rat.</strong></span> <span class='ocrx_word' id='word_1_678' title='bbox 2010 3066 2225 3132; x_wconf 88' lang='lat' dir='ltr'><strong>Quare?</strong></span> <span class='ocrx_word' id='word_1_679' title='bbox 2252 3068 2328 3121; x_wconf 75' lang='lat' dir='ltr'><strong>Nc</strong></span> <span class='ocrx_word' id='word_1_680' title='bbox 2356 3069 2626 3124; x_wconf 73' lang='lat' dir='ltr'><strong>videretur</strong></span> <span class='ocrx_word' id='word_1_681' title='bbox 2655 3087 2681 3124; x_wconf 91' lang='lat' dir='ltr'><strong>a</strong></span> <span class='ocrx_word' id='word_1_682' title='bbox 2712 3083 2855 3126; x_wconf 88' lang='lat' dir='ltr'><strong>metu</strong></span> <span class='ocrx_word' id='word_1_683' title='bbox 2886 3084 2976 3127; x_wconf 89' lang='lat' dir='ltr'><strong>aut</strong></span> <span class='ocrx_word' id='word_1_684' title='bbox 3007 3072 3291 3127; x_wconf 77' lang='lat' dir='ltr'><strong>formidine</strong></span> <span class='ocrx_word' id='word_1_685' title='bbox 3339 3090 3458 3127; x_wconf 88' lang='lat' dir='ltr'><strong>esse</strong></span> 
     </span>
    </p>
   </div>
   <div class='ocr_carea' id='block_1_90' title="bbox 1878 3161 3459 3235">
    <p class='ocr_par' dir='ltr' id='par_1_90' title="bbox 1878 3161 3459 3235">
     <span class='ocr_line' id='line_1_90' title="bbox 1878 3161 3459 3235; baseline 0.006 -26"><span class='ocrx_word' id='word_1_686' title='bbox 1878 3168 2018 3210; x_wconf 91' lang='lat' dir='ltr'><strong>tanta</strong></span> <span class='ocrx_word' id='word_1_687' title='bbox 2037 3161 2326 3214; x_wconf 85' lang='lat' dir='ltr'><strong>accuratio.</strong></span> <span class='ocrx_word' id='word_1_688' title='bbox 2351 3162 2477 3213; x_wconf 74' lang='lat' dir='ltr'><strong>Nam</strong></span> <span class='ocrx_word' id='word_1_689' title='bbox 2496 3165 2581 3231; x_wconf 90' lang='lat' dir='ltr'><strong>qui</strong></span> <span class='ocrx_word' id='word_1_690' title='bbox 2602 3166 2810 3217; x_wconf 86' lang='lat' dir='ltr'><strong>curiose</strong></span> <span class='ocrx_word' id='word_1_691' title='bbox 2829 3166 3067 3235; x_wconf 88' lang='lat' dir='ltr'><strong>inquirit.</strong></span> <span class='ocrx_word' id='word_1_692' title='bbox 3092 3164 3241 3235; x_wconf 85' lang='lat' dir='ltr'><strong>quasi</strong></span> <span class='ocrx_word' id='word_1_693' title='bbox 3266 3166 3459 3219; x_wconf 84' lang='lat' dir='ltr'><strong>timens</strong></span> 
     </span>
    </p>
   </div>
   <div class='ocr_carea' id='block_1_91' title="bbox 1879 3246 3459 3323">
    <p class='ocr_par' dir='ltr' id='par_1_91' title="bbox 1879 3246 3459 3323">
     <span class='ocr_line' id='line_1_91' title="bbox 1879 3246 3459 3323; baseline 0.006 -24"><span class='ocrx_word' id='word_1_694' title='bbox 1879 3246 1979 3300; x_wconf 89' lang='lat' dir='ltr'><strong>hoc</strong></span> <span class='ocrx_word' id='word_1_695' title='bbox 2022 3247 2194 3300; x_wconf 79' lang='lat' dir='ltr'><strong>facit:</strong></span> <span class='ocrx_word' id='word_1_696' title='bbox 2244 3251 2331 3319; x_wconf 84' lang='lat' dir='ltr'><strong>qui</strong></span> <span class='ocrx_word' id='word_1_697' title='bbox 2375 3260 2550 3305; x_wconf 88' lang='lat' dir='ltr'><strong>autem</strong></span> <span class='ocrx_word' id='word_1_698' title='bbox 2603 3264 2881 3323; x_wconf 87' lang='lat' dir='ltr'><strong>postquam</strong></span> <span class='ocrx_word' id='word_1_699' title='bbox 2930 3256 3132 3309; x_wconf 88' lang='lat' dir='ltr'><strong>audivit</strong></span> <span class='ocrx_word' id='word_1_700' title='bbox 3184 3255 3459 3321; x_wconf 84' lang='lat' dir='ltr'><strong>abstinet,</strong></span> 
     </span>
    </p>
   </div>
   <div class='ocr_carea' id='block_1_92' title="bbox 1878 3339 3461 3411">
    <p class='ocr_par' dir='ltr' id='par_1_92' title="bbox 1878 3339 3461 3411">
     <span class='ocr_line' id='line_1_92' title="bbox 1878 3339 3461 3411; baseline 0.006 -22"><span class='ocrx_word' id='word_1_701' title='bbox 1878 3340 2026 3407; x_wconf 85' lang='lat' dir='ltr'><strong>quasi</strong></span> <span class='ocrx_word' id='word_1_702' title='bbox 2055 3339 2354 3409; x_wconf 83' lang='lat' dir='ltr'><strong>despiciens</strong></span> <span class='ocrx_word' id='word_1_703' title='bbox 2386 3353 2439 3397; x_wconf 91' lang='lat' dir='ltr'><strong>et</strong></span> <span class='ocrx_word' id='word_1_704' title='bbox 2465 3344 2589 3397; x_wconf 86' lang='lat' dir='ltr'><strong>odio</strong></span> <span class='ocrx_word' id='word_1_705' title='bbox 2631 3346 2833 3400; x_wconf 85' lang='lat' dir='ltr'><strong>habens</strong></span> <span class='ocrx_word' id='word_1_706' title='bbox 2877 3355 2933 3400; x_wconf 84' lang='lat' dir='ltr'><strong>et</strong></span> <span class='ocrx_word' id='word_1_707' title='bbox 2973 3361 3259 3411; x_wconf 85' lang='lat' dir='ltr'><strong>aversans,</strong></span> <span class='ocrx_word' id='word_1_708' title='bbox 3295 3346 3461 3399; x_wconf 89' lang='lat' dir='ltr'><strong>absti-</strong></span> 
     </span>
    </p>
   </div>
   <div class='ocr_carea' id='block_1_93' title="bbox 1880 3432 3451 3505">
    <p class='ocr_par' dir='ltr' id='par_1_93' title="bbox 1880 3432 3451 3505">
     <span class='ocr_line' id='line_1_93' title="bbox 1880 3432 3451 3505; baseline 0.003 -21"><span class='ocrx_word' id='word_1_709' title='bbox 1880 3440 1989 3485; x_wconf 89' lang='lat' dir='ltr'><strong>net.</strong></span> <span class='ocrx_word' id='word_1_710' title='bbox 2023 3432 2143 3486; x_wconf 85' lang='lat' dir='ltr'><strong>ldea</strong></span> <span class='ocrx_word' id='word_1_711' title='bbox 2185 3434 2379 3489; x_wconf 78' lang='lat' dir='ltr'><strong>Paulus</strong></span> <span class='ocrx_word' id='word_1_712' title='bbox 2410 3446 2693 3505; x_wconf 88' lang='lat' dir='ltr'><strong>utrumque</strong></span> <span class='ocrx_word' id='word_1_713' title='bbox 2720 3436 3040 3493; x_wconf 84' lang='lat' dir='ltr'><strong>conﬁrmare</strong></span> <span class='ocrx_word' id='word_1_714' title='bbox 3070 3438 3253 3491; x_wconf 89' lang='lat' dir='ltr'><strong>volens</strong></span> <span class='ocrx_word' id='word_1_715' title='bbox 3275 3479 3289 3501; x_wconf 93' lang='lat'><strong>,</strong></span> <span class='ocrx_word' id='word_1_716' title='bbox 3318 3438 3393 3491; x_wconf 87' lang='lat' dir='ltr'><strong>ait</strong></span> <span class='ocrx_word' id='word_1_717' title='bbox 3436 3453 3451 3489; x_wconf 88' lang='lat'><strong>:</strong></span> 
     </span>
    </p>
   </div>
   <div class='ocr_carea' id='block_1_94' title="bbox 1883 3521 3459 3596">
    <p class='ocr_par' dir='ltr' id='par_1_94' title="bbox 1883 3521 3459 3596">
     <span class='ocr_line' id='line_1_94' title="bbox 1883 3521 3459 3596; baseline 0.004 -23"><span class='ocrx_word' id='word_1_718' title='bbox 1883 3521 2044 3574; x_wconf 82' lang='lat' dir='ltr'><strong>Omne</strong></span> <span class='ocrx_word' id='word_1_719' title='bbox 2071 3524 2204 3591; x_wconf 82' lang='lat' dir='ltr'><strong>quod</strong></span> <span class='ocrx_word' id='word_1_720' title='bbox 2252 3524 2385 3579; x_wconf 86' lang='lat' dir='ltr'><strong>vobis</strong></span> <span class='ocrx_word' id='word_1_721' title='bbox 2426 3528 2699 3595; x_wconf 81' lang='lat' dir='ltr'><strong>apponitur</strong></span> <span class='ocrx_word' id='word_1_722' title='bbox 2745 3527 3065 3581; x_wconf 84' lang='lat' dir='ltr'><strong>ntanducate.</strong></span> <span class='ocrx_word' id='word_1_723' title='bbox 3111 3528 3202 3582; x_wconf 68' lang='lat'><strong>28.</strong></span> <span class='ocrx_word' id='word_1_724' title='bbox 3253 3527 3311 3581; x_wconf 89' lang='lat' dir='ltr'><strong>Si</strong></span> <span class='ocrx_word' id='word_1_725' title='bbox 3344 3528 3459 3596; x_wconf 86' lang='lat' dir='ltr'><strong>quis</strong></span> 
     </span>
    </p>
   </div>
   <div class='ocr_carea' id='block_1_95' title="bbox 1880 3615 3463 3683">
    <p class='ocr_par' dir='ltr' id='par_1_95' title="bbox 1880 3615 3463 3683">
     <span class='ocr_line' id='line_1_95' title="bbox 1880 3615 3463 3683; baseline 0.004 -20"><span class='ocrx_word' id='word_1_726' title='bbox 1880 3622 2043 3665; x_wconf 85' lang='lat' dir='ltr'><strong>autem</strong></span> <span class='ocrx_word' id='word_1_727' title='bbox 2072 3615 2205 3667; x_wconf 83' lang='lat' dir='ltr'><strong>vobis</strong></span> <span class='ocrx_word' id='word_1_728' title='bbox 2236 3616 2418 3668; x_wconf 71' lang='lat' dir='ltr'><strong>dixerit</strong></span> <span class='ocrx_word' id='word_1_729' title='bbox 2445 3656 2458 3681; x_wconf 93' lang='lat'><strong>,</strong></span> <span class='ocrx_word' id='word_1_730' title='bbox 2516 3616 2623 3670; x_wconf 85' lang='lat' dir='ltr'><strong>Hoc</strong></span> <span class='ocrx_word' id='word_1_731' title='bbox 2650 3619 2963 3671; x_wconf 87' lang='lat' dir='ltr'><strong>immolatum</strong></span> <span class='ocrx_word' id='word_1_732' title='bbox 2994 3627 3064 3672; x_wconf 88' lang='lat' dir='ltr'><strong>est</strong></span> <span class='ocrx_word' id='word_1_733' title='bbox 3092 3618 3241 3672; x_wconf 84' lang='lat' dir='ltr'><strong>idolis</strong></span> <span class='ocrx_word' id='word_1_734' title='bbox 3262 3660 3277 3683; x_wconf 92' lang='lat'><strong>,</strong></span> <span class='ocrx_word' id='word_1_735' title='bbox 3310 3618 3463 3670; x_wconf 77' lang='lat' dir='ltr'><strong>nolite</strong></span> 
     </span>
    </p>
   </div>
   <div class='ocr_carea' id='block_1_96' title="bbox 1880 3708 3461 3779">
    <p class='ocr_par' dir='ltr' id='par_1_96' title="bbox 1880 3708 3461 3779">
     <span class='ocr_line' id='line_1_96' title="bbox 1880 3708 3461 3779; baseline 0.003 -23"><span class='ocrx_word' id='word_1_736' title='bbox 1880 3708 2188 3759; x_wconf 82' lang='lat' dir='ltr'><strong>manducare</strong></span> <span class='ocrx_word' id='word_1_737' title='bbox 2216 3719 2421 3778; x_wconf 84' lang='lat' dir='ltr'><strong>pr0ptcr</strong></span> <span class='ocrx_word' id='word_1_738' title='bbox 2462 3709 2607 3763; x_wconf 84' lang='lat' dir='ltr'><strong>illum</strong></span> <span class='ocrx_word' id='word_1_739' title='bbox 2652 3710 2735 3779; x_wconf 79' lang='lat' dir='ltr'><strong>qui</strong></span> <span class='ocrx_word' id='word_1_740' title='bbox 2778 3710 3041 3763; x_wconf 83' lang='lat' dir='ltr'><strong>indicavit.</strong></span> <span class='ocrx_word' id='word_1_741' title='bbox 3096 3709 3281 3778; x_wconf 84' lang='lat' dir='ltr'><strong>Neque</strong></span> <span class='ocrx_word' id='word_1_742' title='bbox 3318 3710 3461 3762; x_wconf 90' lang='lat' dir='ltr'><strong>enim</strong></span> 
     </span>
    </p>
   </div>
   <div class='ocr_carea' id='block_1_97' title="bbox 1882 3798 3456 3867">
    <p class='ocr_par' dir='ltr' id='par_1_97' title="bbox 1882 3798 3456 3867">
     <span class='ocr_line' id='line_1_97' title="bbox 1882 3798 3456 3867; baseline 0.001 -21"><span class='ocrx_word' id='word_1_743' title='bbox 1882 3804 2147 3863; x_wconf 86' lang='lat' dir='ltr'><strong>tamquam</strong></span> <span class='ocrx_word' id='word_1_744' title='bbox 2176 3811 2204 3848; x_wconf 87' lang='lat' dir='ltr'><strong>a</strong></span> <span class='ocrx_word' id='word_1_745' title='bbox 2249 3798 2355 3849; x_wconf 89' lang='lat' dir='ltr'><strong>vim</strong></span> <span class='ocrx_word' id='word_1_746' title='bbox 2395 3798 2625 3866; x_wconf 87' lang='lat' dir='ltr'><strong>aliquam</strong></span> <span class='ocrx_word' id='word_1_747' title='bbox 2653 3798 2972 3852; x_wconf 82' lang='lat' dir='ltr'><strong>habentibus</strong></span> <span class='ocrx_word' id='word_1_748' title='bbox 2999 3840 3013 3863; x_wconf 90' lang='lat'><strong>,</strong></span> <span class='ocrx_word' id='word_1_749' title='bbox 3060 3798 3156 3852; x_wconf 90' lang='lat' dir='ltr'><strong>sed</strong></span> <span class='ocrx_word' id='word_1_750' title='bbox 3188 3808 3456 3867; x_wconf 87' lang='lat' dir='ltr'><strong>tamquam</strong></span> 
     </span>
    </p>
   </div>
   <div class='ocr_carea' id='block_1_98' title="bbox 1880 3885 3459 3959">
    <p class='ocr_par' dir='ltr' id='par_1_98' title="bbox 1880 3885 3459 3959">
     <span class='ocr_line' id='line_1_98' title="bbox 1880 3885 3459 3959; baseline 0.001 -20"><span class='ocrx_word' id='word_1_751' title='bbox 1880 3885 1949 3939; x_wconf 89' lang='lat' dir='ltr'><strong>ab</strong></span> <span class='ocrx_word' id='word_1_752' title='bbox 1994 3889 2341 3942; x_wconf 77' lang='lat' dir='ltr'><strong>exsecrandis</strong></span> <span class='ocrx_word' id='word_1_753' title='bbox 2366 3888 2520 3957; x_wconf 91' lang='lat' dir='ltr'><strong>jubet</strong></span> <span class='ocrx_word' id='word_1_754' title='bbox 2567 3889 2859 3944; x_wconf 89' lang='lat' dir='ltr'><strong>abstinere.</strong></span> <span class='ocrx_word' id='word_1_755' title='bbox 2887 3888 3070 3957; x_wconf 83' lang='lat' dir='ltr'><strong>Neque</strong></span> <span class='ocrx_word' id='word_1_756' title='bbox 3094 3889 3253 3959; x_wconf 81' lang='lat' dir='ltr'><strong>igitur</strong></span> <span class='ocrx_word' id='word_1_757' title='bbox 3282 3888 3349 3941; x_wconf 86' lang='lat' dir='ltr'><strong>ab</strong></span> <span class='ocrx_word' id='word_1_758' title='bbox 3395 3888 3459 3940; x_wconf 90' lang='lat' dir='ltr'><strong>iis</strong></span> 
     </span>
    </p>
   </div>
   <div class='ocr_carea' id='block_1_99' title="bbox 1880 3981 3454 4051">
    <p class='ocr_par' dir='ltr' id='par_1_99' title="bbox 1880 3981 3454 4051">
     <span class='ocr_line' id='line_1_99' title="bbox 1880 3981 3454 4051; baseline -0.001 -18"><span class='ocrx_word' id='word_1_759' title='bbox 1880 3988 1937 4033; x_wconf 92' lang='lat' dir='ltr'><strong>ut</strong></span> <span class='ocrx_word' id='word_1_760' title='bbox 1984 3996 2101 4049; x_wconf 65' lang='lat' dir='ltr'><strong>quae</strong></span> <span class='ocrx_word' id='word_1_761' title='bbox 2154 3996 2348 4035; x_wconf 89' lang='lat' dir='ltr'><strong>nocere</strong></span> <span class='ocrx_word' id='word_1_762' title='bbox 2399 3982 2601 4049; x_wconf 85' lang='lat' dir='ltr'><strong>possint</strong></span> <span class='ocrx_word' id='word_1_763' title='bbox 2642 3981 2836 4051; x_wconf 76' lang='lat' dir='ltr'><strong>fugite;</strong></span> <span class='ocrx_word' id='word_1_764' title='bbox 2880 3982 3078 4034; x_wconf 89' lang='lat' dir='ltr'><strong>nullam</strong></span> <span class='ocrx_word' id='word_1_765' title='bbox 3125 3982 3321 4049; x_wconf 89' lang='lat' dir='ltr'><strong>quippe</strong></span> <span class='ocrx_word' id='word_1_766' title='bbox 3349 3984 3454 4031; x_wconf 86' lang='lat' dir='ltr'><strong>vim</strong></span> 
     </span>
    </p>
   </div>
   <div class='ocr_carea' id='block_1_100' title="bbox 1884 4072 3459 4144">
    <p class='ocr_par' dir='ltr' id='par_1_100' title="bbox 1884 4072 3459 4144">
     <span class='ocr_line' id='line_1_100' title="bbox 1884 4072 3459 4144; baseline -0.002 -16"><span class='ocrx_word' id='word_1_767' title='bbox 1884 4072 2113 4138; x_wconf 85' lang='lat' dir='ltr'><strong>habent;</strong></span> <span class='ocrx_word' id='word_1_768' title='bbox 2149 4089 2321 4143; x_wconf 91' lang='lat' dir='ltr'><strong>neque</strong></span> <span class='ocrx_word' id='word_1_769' title='bbox 2346 4075 2467 4144; x_wconf 90' lang='lat' dir='ltr'><strong>quia</strong></span> <span class='ocrx_word' id='word_1_770' title='bbox 2496 4074 2693 4128; x_wconf 89' lang='lat' dir='ltr'><strong>nullam</strong></span> <span class='ocrx_word' id='word_1_771' title='bbox 2723 4076 2827 4128; x_wconf 83' lang='lat' dir='ltr'><strong>vim</strong></span> <span class='ocrx_word' id='word_1_772' title='bbox 2866 4073 3064 4127; x_wconf 82' lang='lat' dir='ltr'><strong>habent</strong></span> <span class='ocrx_word' id='word_1_773' title='bbox 3090 4114 3102 4137; x_wconf 89' lang='lat'><strong>,</strong></span> <span class='ocrx_word' id='word_1_774' title='bbox 3136 4074 3459 4126; x_wconf 87' lang='lat' dir='ltr'><strong>indiscrimi-</strong></span> 
     </span>
    </p>
   </div>
   <div class='ocr_carea' id='block_1_101' title="bbox 1883 4165 3460 4234">
    <p class='ocr_par' dir='ltr' id='par_1_101' title="bbox 1883 4165 3460 4234">
     <span class='ocr_line' id='line_1_101' title="bbox 1883 4165 3460 4234; baseline -0.003 -14"><span class='ocrx_word' id='word_1_775' title='bbox 1883 4166 2047 4220; x_wconf 89' lang='lat' dir='ltr'><strong>natim</strong></span> <span class='ocrx_word' id='word_1_776' title='bbox 2079 4167 2381 4234; x_wconf 88' lang='lat' dir='ltr'><strong>percipiatis</strong></span> <span class='ocrx_word' id='word_1_777' title='bbox 2415 4183 2427 4218; x_wconf 91' lang='lat'>:</span> <span class='ocrx_word' id='word_1_778' title='bbox 2460 4166 2693 4219; x_wconf 87' lang='lat' dir='ltr'><strong>hostium</strong></span> <span class='ocrx_word' id='word_1_779' title='bbox 2739 4166 2882 4219; x_wconf 90' lang='lat' dir='ltr'><strong>enim</strong></span> <span class='ocrx_word' id='word_1_780' title='bbox 2922 4174 2975 4219; x_wconf 89' lang='lat' dir='ltr'><strong>et</strong></span> <span class='ocrx_word' id='word_1_781' title='bbox 3022 4165 3460 4218; x_wconf 75' lang='lat' dir='ltr'><strong>inhonoratorum</strong></span> 
     </span>
    </p>
   </div>
   <div class='ocr_carea' id='block_1_102' title="bbox 1880 4254 3459 4324">
    <p class='ocr_par' dir='ltr' id='par_1_102' title="bbox 1880 4254 3459 4324">
     <span class='ocr_line' id='line_1_102' title="bbox 1880 4254 3459 4324; baseline -0.003 -13"><span class='ocrx_word' id='word_1_782' title='bbox 1880 4272 2063 4311; x_wconf 86' lang='lat' dir='ltr'><strong>mensa</strong></span> <span class='ocrx_word' id='word_1_783' title='bbox 2086 4268 2185 4312; x_wconf 90' lang='lat' dir='ltr'><strong>est.</strong></span> <span class='ocrx_word' id='word_1_784' title='bbox 2212 4257 2333 4311; x_wconf 89' lang='lat' dir='ltr'><strong>Ideo</strong></span> <span class='ocrx_word' id='word_1_785' title='bbox 2359 4256 2589 4317; x_wconf 84' lang='lat' dir='ltr'><strong>dicebat.</strong></span> <span class='ocrx_word' id='word_1_786' title='bbox 2607 4256 2779 4310; x_wconf 83' lang='lat' dir='ltr'><strong>Nolite</strong></span> <span class='ocrx_word' id='word_1_787' title='bbox 2807 4254 3064 4309; x_wconf 71' lang='lat' dir='ltr'><strong>comedere</strong></span> <span class='ocrx_word' id='word_1_788' title='bbox 3090 4264 3294 4324; x_wconf 78' lang='lat' dir='ltr'><strong>propter</strong></span> <span class='ocrx_word' id='word_1_789' title='bbox 3313 4254 3459 4307; x_wconf 79' lang='lat' dir='ltr'><strong>illum</strong></span> 
     </span>
    </p>
   </div>
   <div class='ocr_carea' id='block_1_103' title="bbox 1879 4346 3457 4420">
    <p class='ocr_par' dir='ltr' id='par_1_103' title="bbox 1879 4346 3457 4420">
     <span class='ocr_line' id='line_1_103' title="bbox 1879 4346 3457 4420; baseline -0.003 -18"><span class='ocrx_word' id='word_1_790' title='bbox 1879 4353 1965 4420; x_wconf 87' lang='lat' dir='ltr'><strong>qui</strong></span> <span class='ocrx_word' id='word_1_791' title='bbox 1994 4350 2255 4414; x_wconf 86' lang='lat' dir='ltr'><strong>indicavit,</strong></span> <span class='ocrx_word' id='word_1_792' title='bbox 2284 4358 2330 4402; x_wconf 89' lang='lat' dir='ltr'><strong>et</strong></span> <span class='ocrx_word' id='word_1_793' title='bbox 2358 4360 2561 4418; x_wconf 85' lang='lat' dir='ltr'><strong>propter</strong></span> <span class='ocrx_word' id='word_1_794' title='bbox 2584 4349 2959 4402; x_wconf 82' lang='lat' dir='ltr'><strong>conscientiam.</strong></span> <span class='ocrx_word' id='word_1_795' title='bbox 2996 4346 3202 4400; x_wconf 87' lang='lat' dir='ltr'><strong>Domini</strong></span> <span class='ocrx_word' id='word_1_796' title='bbox 3224 4346 3355 4398; x_wconf 87' lang='lat' dir='ltr'><strong>enim</strong></span> <span class='ocrx_word' id='word_1_797' title='bbox 3384 4354 3457 4398; x_wconf 86' lang='lat' dir='ltr'><strong>est</strong></span> 
     </span>
    </p>
   </div>
   <div class='ocr_carea' id='block_1_104' title="bbox 1881 4435 3462 4509">
    <p class='ocr_par' dir='ltr' id='par_1_104' title="bbox 1881 4435 3462 4509">
     <span class='ocr_line' id='line_1_104' title="bbox 1881 4435 3462 4509; baseline -0.006 -15"><span class='ocrx_word' id='word_1_798' title='bbox 1881 4450 2013 4495; x_wconf 85' lang='lat' dir='ltr'><strong>terra</strong></span> <span class='ocrx_word' id='word_1_799' title='bbox 2046 4449 2093 4493; x_wconf 90' lang='lat' dir='ltr'><strong>et</strong></span> <span class='ocrx_word' id='word_1_800' title='bbox 2140 4438 2399 4509; x_wconf 82' lang='lat' dir='ltr'><strong>plenitudo</strong></span> <span class='ocrx_word' id='word_1_801' title='bbox 2430 4439 2558 4507; x_wconf 86' lang='lat' dir='ltr'><strong>ejus.</strong></span> <span class='ocrx_word' id='word_1_802' title='bbox 2604 4438 2790 4491; x_wconf 80' lang='lat' dir='ltr'><strong>Viden’</strong></span> <span class='ocrx_word' id='word_1_803' title='bbox 2820 4435 3089 4507; x_wconf 86' lang='lat' dir='ltr'><strong>quomodo</strong></span> <span class='ocrx_word' id='word_1_804' title='bbox 3119 4444 3169 4489; x_wconf 90' lang='lat' dir='ltr'><strong>et</strong></span> <span class='ocrx_word' id='word_1_805' title='bbox 3200 4450 3319 4487; x_wconf 84' lang='lat' dir='ltr'><strong>cum</strong></span> <span class='ocrx_word' id='word_1_806' title='bbox 3370 4450 3462 4487; x_wconf 87' lang='lat' dir='ltr'><strong>co-</strong></span> 
     </span>
    </p>
   </div>
   <div class='ocr_carea' id='block_1_105' title="bbox 1881 4526 3459 4601">
    <p class='ocr_par' dir='ltr' id='par_1_105' title="bbox 1881 4526 3459 4601">
     <span class='ocr_line' id='line_1_105' title="bbox 1881 4526 3459 4601; baseline -0.005 -13"><span class='ocrx_word' id='word_1_807' title='bbox 1881 4533 2097 4588; x_wconf 86' lang='lat' dir='ltr'><strong>medere</strong></span> <span class='ocrx_word' id='word_1_808' title='bbox 2120 4532 2306 4601; x_wconf 88' lang='lat' dir='ltr'><strong>jubet,</strong></span> <span class='ocrx_word' id='word_1_809' title='bbox 2338 4540 2392 4584; x_wconf 89' lang='lat' dir='ltr'><strong>et</strong></span> <span class='ocrx_word' id='word_1_810' title='bbox 2420 4546 2539 4584; x_wconf 91' lang='lat' dir='ltr'><strong>cum</strong></span> <span class='ocrx_word' id='word_1_811' title='bbox 2571 4531 2843 4584; x_wconf 90' lang='lat' dir='ltr'><strong>abstinere</strong></span> <span class='ocrx_word' id='word_1_812' title='bbox 2867 4568 2883 4593; x_wconf 94' lang='lat'><strong>,</strong></span> <span class='ocrx_word' id='word_1_813' title='bbox 2913 4527 3051 4582; x_wconf 90' lang='lat' dir='ltr'><strong>idem</strong></span> <span class='ocrx_word' id='word_1_814' title='bbox 3092 4526 3459 4581; x_wconf 88' lang='lat' dir='ltr'><strong>testimonium</strong></span> 
     </span>
    </p>
   </div>
   <div class='ocr_carea' id='block_1_106' title="bbox 1880 4616 3459 4690">
    <p class='ocr_par' dir='ltr' id='par_1_106' title="bbox 1880 4616 3459 4690">
     <span class='ocr_line' id='line_1_106' title="bbox 1880 4616 3459 4690; baseline -0.005 -11"><span class='ocrx_word' id='word_1_815' title='bbox 1880 4624 1935 4679; x_wconf 88' lang='lat' dir='ltr'><strong>in</strong></span> <span class='ocrx_word' id='word_1_816' title='bbox 1975 4622 2207 4678; x_wconf 90' lang='lat' dir='ltr'><strong>medium</strong></span> <span class='ocrx_word' id='word_1_817' title='bbox 2261 4621 2535 4676; x_wconf 85' lang='lat' dir='ltr'><strong>adducat?</strong></span> <span class='ocrx_word' id='word_1_818' title='bbox 2578 4619 2762 4690; x_wconf 86' lang='lat' dir='ltr'><strong>Neque</strong></span> <span class='ocrx_word' id='word_1_819' title='bbox 2806 4619 2947 4672; x_wconf 89' lang='lat' dir='ltr'><strong>enim</strong></span> <span class='ocrx_word' id='word_1_820' title='bbox 2999 4617 3118 4672; x_wconf 90' lang='lat' dir='ltr'><strong>ideo</strong></span> <span class='ocrx_word' id='word_1_821' title='bbox 3158 4616 3419 4686; x_wconf 82' lang='lat' dir='ltr'><strong>prohibeo</strong></span> <span class='ocrx_word' id='word_1_822' title='bbox 3445 4658 3459 4678; x_wconf 91' lang='lat'><strong>.</strong></span> 
     </span>
    </p>
   </div>
   <div class='ocr_carea' id='block_1_107' title="bbox 1882 4707 3462 4783">
    <p class='ocr_par' dir='ltr' id='par_1_107' title="bbox 1882 4707 3462 4783">
     <span class='ocr_line' id='line_1_107' title="bbox 1882 4707 3462 4783; baseline -0.005 -15"><span class='ocrx_word' id='word_1_823' title='bbox 1882 4713 2084 4783; x_wconf 86' lang='lat' dir='ltr'><strong>inquit,</strong></span> <span class='ocrx_word' id='word_1_824' title='bbox 2114 4712 2264 4783; x_wconf 88' lang='lat' dir='ltr'><strong>quasi</strong></span> <span class='ocrx_word' id='word_1_825' title='bbox 2293 4712 2465 4766; x_wconf 86' lang='lat' dir='ltr'><strong>aliena</strong></span> <span class='ocrx_word' id='word_1_826' title='bbox 2497 4710 2638 4775; x_wconf 76' lang='lat' dir='ltr'><strong>sint;</strong></span> <span class='ocrx_word' id='word_1_827' title='bbox 2664 4725 2785 4764; x_wconf 89' lang='lat' dir='ltr'><strong>nam</strong></span> <span class='ocrx_word' id='word_1_828' title='bbox 2816 4708 3022 4763; x_wconf 90' lang='lat' dir='ltr'><strong>Domini</strong></span> <span class='ocrx_word' id='word_1_829' title='bbox 3046 4716 3127 4763; x_wconf 90' lang='lat' dir='ltr'><strong>est</strong></span> <span class='ocrx_word' id='word_1_830' title='bbox 3154 4717 3333 4769; x_wconf 89' lang='lat' dir='ltr'><strong>terra;</strong></span> <span class='ocrx_word' id='word_1_831' title='bbox 3368 4707 3462 4761; x_wconf 85' lang='lat' dir='ltr'><strong>sed</strong></span> 
     </span>
    </p>
   </div>
   <div class='ocr_carea' id='block_1_108' title="bbox 1886 4797 3459 4874">
    <p class='ocr_par' dir='ltr' id='par_1_108' title="bbox 1886 4797 3459 4874">
     <span class='ocr_line' id='line_1_108' title="bbox 1886 4797 3459 4874; baseline -0.005 -16"><span class='ocrx_word' id='word_1_832' title='bbox 1886 4797 2102 4874; x_wconf 79' lang='lat' dir='ltr'><strong>pi&#39;opter</strong></span> <span class='ocrx_word' id='word_1_833' title='bbox 2132 4802 2183 4856; x_wconf 92' lang='lat' dir='ltr'><strong>id</strong></span> <span class='ocrx_word' id='word_1_834' title='bbox 2210 4801 2352 4871; x_wconf 87' lang='lat' dir='ltr'><strong>quod</strong></span> <span class='ocrx_word' id='word_1_835' title='bbox 2383 4801 2624 4854; x_wconf 89' lang='lat' dir='ltr'><strong>dicebam</strong></span> <span class='ocrx_word' id='word_1_836' title='bbox 2645 4841 2660 4865; x_wconf 96' lang='lat'><strong>,</strong></span> <span class='ocrx_word' id='word_1_837' title='bbox 2696 4810 2916 4869; x_wconf 90' lang='lat' dir='ltr'><strong>propter</strong></span> <span class='ocrx_word' id='word_1_838' title='bbox 2954 4798 3372 4861; x_wconf 86' lang='lat' dir='ltr'><strong>conscientiam;</strong></span> <span class='ocrx_word' id='word_1_839' title='bbox 3410 4797 3459 4850; x_wconf 95' lang='lat' dir='ltr'><strong>id</strong></span> 
     </span>
    </p>
   </div>
   <div class='ocr_carea' id='block_1_109' title="bbox 1883 4886 3457 4962">
    <p class='ocr_par' dir='ltr' id='par_1_109' title="bbox 1883 4886 3457 4962">
     <span class='ocr_line' id='line_1_109' title="bbox 1883 4886 3457 4962; baseline -0.008 -12"><span class='ocrx_word' id='word_1_840' title='bbox 1883 4904 1964 4950; x_wconf 85' lang='lat' dir='ltr'><strong>est</strong></span> <span class='ocrx_word' id='word_1_841' title='bbox 1983 4934 1998 4962; x_wconf 93' lang='lat'><strong>,</strong></span> <span class='ocrx_word' id='word_1_842' title='bbox 2024 4910 2091 4949; x_wconf 89' lang='lat' dir='ltr'><strong>ne</strong></span> <span class='ocrx_word' id='word_1_843' title='bbox 2116 4892 2346 4948; x_wconf 64' lang='lat' dir='ltr'><strong>laedaris.</strong></span> <span class='ocrx_word' id='word_1_844' title='bbox 2370 4892 2591 4961; x_wconf 90' lang='lat' dir='ltr'><strong>Oportet</strong></span> <span class='ocrx_word' id='word_1_845' title='bbox 2607 4906 2734 4960; x_wconf 88' lang='lat' dir='ltr'><strong>ergo</strong></span> <span class='ocrx_word' id='word_1_846' title='bbox 2754 4890 2966 4945; x_wconf 89' lang='lat' dir='ltr'><strong>curiose</strong></span> <span class='ocrx_word' id='word_1_847' title='bbox 2995 4890 3264 4957; x_wconf 86' lang='lat' dir='ltr'><strong>inquirere</strong></span> <span class='ocrx_word' id='word_1_848' title='bbox 3280 4887 3303 4940; x_wconf 72' lang='grc' dir='ltr'><strong><em>τ</em></strong></span> <span class='ocrx_word' id='word_1_849' title='bbox 3320 4886 3457 4948; x_wconf 82' lang='grc' dir='ltr'>Νυιι,</span> 
     </span>
    </p>
   </div>
   <div class='ocr_carea' id='block_1_110' title="bbox 1885 4975 3459 5056">
    <p class='ocr_par' dir='ltr' id='par_1_110' title="bbox 1885 4975 3459 5056">
     <span class='ocr_line' id='line_1_110' title="bbox 1885 4975 3459 5056; baseline -0.008 -15"><span class='ocrx_word' id='word_1_850' title='bbox 1885 4988 2053 5056; x_wconf 89' lang='lat' dir='ltr'><strong>inquit</strong></span> <span class='ocrx_word' id='word_1_851' title='bbox 2080 5002 2094 5037; x_wconf 91' lang='lat'><strong>:</strong></span> <span class='ocrx_word' id='word_1_852' title='bbox 2126 4999 2296 5053; x_wconf 89' lang='lat' dir='ltr'><strong>neque</strong></span> <span class='ocrx_word' id='word_1_853' title='bbox 2322 4984 2465 5038; x_wconf 90' lang='lat' dir='ltr'><strong>enim</strong></span> <span class='ocrx_word' id='word_1_854' title='bbox 2495 4992 2637 5035; x_wconf 91' lang='lat' dir='ltr'><strong>tuam</strong></span> <span class='ocrx_word' id='word_1_855' title='bbox 2667 4982 2775 5036; x_wconf 80' lang='lat' dir='ltr'><strong>dixi</strong></span> <span class='ocrx_word' id='word_1_856' title='bbox 2802 4979 3186 5045; x_wconf 80' lang='lat' dir='ltr'><strong>conscientiam</strong></span> <span class='ocrx_word' id='word_1_857' title='bbox 3211 5015 3227 5038; x_wconf 89' lang='lat'><strong>,</strong></span> <span class='ocrx_word' id='word_1_858' title='bbox 3254 4975 3349 5029; x_wconf 81' lang='lat' dir='ltr'><strong>sed</strong></span> <span class='ocrx_word' id='word_1_859' title='bbox 3393 4976 3459 5029; x_wconf 90' lang='lat' dir='ltr'><strong>il-</strong></span> 
     </span>
    </p>
   </div>
   <div class='ocr_carea' id='block_1_111' title="bbox 1883 5063 3459 5135">
    <p class='ocr_par' dir='ltr' id='par_1_111' title="bbox 1883 5063 3459 5135">
     <span class='ocr_line' id='line_1_111' title="bbox 1883 5063 3459 5135; baseline -0.005 -7"><span class='ocrx_word' id='word_1_860' title='bbox 1883 5075 2006 5129; x_wconf 85' lang='lat' dir='ltr'><strong>lius.</strong></span> <span class='ocrx_word' id='word_1_861' title='bbox 2032 5074 2185 5127; x_wconf 86' lang='lat' dir='ltr'><strong>Prius</strong></span> <span class='ocrx_word' id='word_1_862' title='bbox 2210 5073 2351 5125; x_wconf 91' lang='lat' dir='ltr'><strong>enim</strong></span> <span class='ocrx_word' id='word_1_863' title='bbox 2396 5070 2535 5133; x_wconf 83' lang='lat' dir='ltr'><strong>dixi,</strong></span> <span class='ocrx_word' id='word_1_864' title='bbox 2572 5068 2793 5135; x_wconf 82' lang='lat' dir='ltr'><strong>Propter</strong></span> <span class='ocrx_word' id='word_1_865' title='bbox 2818 5068 2965 5119; x_wconf 69' lang='lat' dir='ltr'><strong>illum</strong></span> <span class='ocrx_word' id='word_1_866' title='bbox 2989 5065 3074 5133; x_wconf 83' lang='lat' dir='ltr'><strong>qui</strong></span> <span class='ocrx_word' id='word_1_867' title='bbox 3102 5063 3381 5129; x_wconf 71' lang='lat' dir='ltr'><strong>indicauit;</strong></span> <span class='ocrx_word' id='word_1_868' title='bbox 3406 5073 3459 5120; x_wconf 87' lang='lat' dir='ltr'><strong>et</strong></span> 
     </span>
    </p>
   </div>
   <div class='ocr_carea' id='block_1_112' title="bbox 1882 5157 3457 5223">
    <p class='ocr_par' dir='ltr' id='par_1_112' title="bbox 1882 5157 3457 5223">
     <span class='ocr_line' id='line_1_112' title="bbox 1882 5157 3457 5223; baseline -0.004 -4"><span class='ocrx_word' id='word_1_869' title='bbox 1882 5177 2067 5219; x_wconf 80' lang='lat' dir='ltr'><strong>rursus</strong></span> <span class='ocrx_word' id='word_1_870' title='bbox 2098 5180 2111 5214; x_wconf 90' lang='lat'><strong>:</strong></span> <span class='ocrx_word' id='word_1_871' title='bbox 2141 5162 2229 5216; x_wconf 69' lang='lat'><strong>29.</strong></span> <span class='ocrx_word' id='word_1_872' title='bbox 2263 5161 2631 5215; x_wconf 84' lang='lat' dir='ltr'><strong>Conscientiam</strong></span> <span class='ocrx_word' id='word_1_873' title='bbox 2660 5158 2773 5211; x_wconf 86' lang='lat' dir='ltr'><strong>dico</strong></span> <span class='ocrx_word' id='word_1_874' title='bbox 2794 5174 2895 5211; x_wconf 78' lang='lat' dir='ltr'><strong>non</strong></span> <span class='ocrx_word' id='word_1_875' title='bbox 2924 5167 3087 5223; x_wconf 86' lang='lat' dir='ltr'><strong>tuam,</strong></span> <span class='ocrx_word' id='word_1_876' title='bbox 3112 5157 3202 5213; x_wconf 80' lang='lat' dir='ltr'><strong>sed</strong></span> <span class='ocrx_word' id='word_1_877' title='bbox 3227 5158 3457 5213; x_wconf 77' lang='lat' dir='ltr'><strong>alterius.</strong></span> 
     </span>
    </p>
   </div>
   <div class='ocr_carea' id='block_1_113' title="bbox 1883 5249 3458 5322">
    <p class='ocr_par' dir='ltr' id='par_1_113' title="bbox 1883 5249 3458 5322">
     <span class='ocr_line' id='line_1_113' title="bbox 1883 5249 3458 5322; baseline -0.004 -12"><span class='ocrx_word' id='word_1_878' title='bbox 1883 5254 1991 5311; x_wconf 91' lang='lat' dir='ltr'><strong>Sed</strong></span> <span class='ocrx_word' id='word_1_879' title='bbox 2020 5253 2156 5308; x_wconf 80' lang='lat' dir='ltr'><strong>forte</strong></span> <span class='ocrx_word' id='word_1_880' title='bbox 2179 5251 2373 5306; x_wconf 80' lang='lat' dir='ltr'><strong>dixerit</strong></span> <span class='ocrx_word' id='word_1_881' title='bbox 2397 5250 2658 5322; x_wconf 88' lang='lat' dir='ltr'><strong>quispiam</strong></span> <span class='ocrx_word' id='word_1_882' title='bbox 2686 5265 2701 5303; x_wconf 90' lang='lat'><strong>:</strong></span> <span class='ocrx_word' id='word_1_883' title='bbox 2733 5249 3009 5304; x_wconf 84' lang='lat' dir='ltr'><strong>Fratribus</strong></span> <span class='ocrx_word' id='word_1_884' title='bbox 3035 5250 3228 5305; x_wconf 89' lang='lat' dir='ltr'><strong>merito</strong></span> <span class='ocrx_word' id='word_1_885' title='bbox 3253 5251 3458 5320; x_wconf 78' lang='lat' dir='ltr'><strong>parcis,</strong></span> 
     </span>
    </p>
   </div>
   <div class='ocr_carea' id='block_1_114' title="bbox 1883 5341 3457 5415">
    <p class='ocr_par' dir='ltr' id='par_1_114' title="bbox 1883 5341 3457 5415">
     <span class='ocr_line' id='line_1_114' title="bbox 1883 5341 3457 5415; baseline -0.004 -12"><span class='ocrx_word' id='word_1_886' title='bbox 1883 5355 1938 5404; x_wconf 87' lang='lat' dir='ltr'><strong>et</strong></span> <span class='ocrx_word' id='word_1_887' title='bbox 1988 5360 2095 5401; x_wconf 92' lang='lat' dir='ltr'><strong>non</strong></span> <span class='ocrx_word' id='word_1_888' title='bbox 2139 5343 2271 5400; x_wconf 89' lang='lat' dir='ltr'><strong>sinis</strong></span> <span class='ocrx_word' id='word_1_889' title='bbox 2319 5359 2418 5399; x_wconf 89' lang='lat' dir='ltr'><strong>nos</strong></span> <span class='ocrx_word' id='word_1_890' title='bbox 2464 5353 2682 5415; x_wconf 78' lang='lat' dir='ltr'><strong>gustare</strong></span> <span class='ocrx_word' id='word_1_891' title='bbox 2722 5350 2941 5415; x_wconf 81' lang='lat' dir='ltr'><strong>prapter</strong></span> <span class='ocrx_word' id='word_1_892' title='bbox 2970 5341 3126 5407; x_wconf 89' lang='lat' dir='ltr'><strong>illos;</strong></span> <span class='ocrx_word' id='word_1_893' title='bbox 3157 5356 3227 5398; x_wconf 85' lang='lat' dir='ltr'><strong>ne</strong></span> <span class='ocrx_word' id='word_1_894' title='bbox 3270 5356 3457 5396; x_wconf 87' lang='lat' dir='ltr'><strong>eorum</strong></span> 
     </span>
    </p>
   </div>
   <div class='ocr_carea' id='block_1_115' title="bbox 1882 5432 3459 5501">
    <p class='ocr_par' dir='ltr' id='par_1_115' title="bbox 1882 5432 3459 5501">
     <span class='ocr_line' id='line_1_115' title="bbox 1882 5432 3459 5501; baseline -0.004 -8"><span class='ocrx_word' id='word_1_895' title='bbox 1882 5436 2209 5494; x_wconf 82' lang='lat' dir='ltr'><strong>conscientia</strong></span> <span class='ocrx_word' id='word_1_896' title='bbox 2232 5451 2352 5491; x_wconf 90' lang='lat' dir='ltr'><strong>cum</strong></span> <span class='ocrx_word' id='word_1_897' title='bbox 2382 5436 2451 5490; x_wconf 88' lang='lat' dir='ltr'><strong>sit</strong></span> <span class='ocrx_word' id='word_1_898' title='bbox 2474 5434 2684 5490; x_wconf 77' lang='lat' dir='ltr'><strong>infirma</strong></span> <span class='ocrx_word' id='word_1_899' title='bbox 2706 5476 2720 5501; x_wconf 96' lang='lat'><strong>,</strong></span> <span class='ocrx_word' id='word_1_900' title='bbox 2752 5436 3036 5489; x_wconf 84' lang='lat' dir='ltr'><strong>inducatur</strong></span> <span class='ocrx_word' id='word_1_901' title='bbox 3063 5433 3128 5487; x_wconf 85' lang='lat' dir='ltr'><strong>ad</strong></span> <span class='ocrx_word' id='word_1_902' title='bbox 3169 5432 3459 5487; x_wconf 90' lang='lat' dir='ltr'><strong>comeden-</strong></span> 
     </span>
    </p>
   </div>
   <div class='ocr_carea' id='block_1_116' title="bbox 1883 5525 3457 5602">
    <p class='ocr_par' dir='ltr' id='par_1_116' title="bbox 1883 5525 3457 5602">
     <span class='ocr_line' id='line_1_116' title="bbox 1883 5525 3457 5602; baseline -0.007 -11"><span class='ocrx_word' id='word_1_903' title='bbox 1883 5532 2009 5591; x_wconf 90' lang='lat' dir='ltr'><strong>dum</strong></span> <span class='ocrx_word' id='word_1_904' title='bbox 2037 5546 2101 5587; x_wconf 81' lang='lat' dir='ltr'><strong>ea</strong></span> <span class='ocrx_word' id='word_1_905' title='bbox 2125 5571 2139 5596; x_wconf 90' lang='lat'><strong>,</strong></span> <span class='ocrx_word' id='word_1_906' title='bbox 2171 5546 2291 5602; x_wconf 79' lang='lat' dir='ltr'><strong>qua:</strong></span> <span class='ocrx_word' id='word_1_907' title='bbox 2311 5529 2474 5585; x_wconf 87' lang='lat' dir='ltr'><strong>idolis</strong></span> <span class='ocrx_word' id='word_1_908' title='bbox 2494 5537 2619 5585; x_wconf 88' lang='lat' dir='ltr'><strong>sunt</strong></span> <span class='ocrx_word' id='word_1_909' title='bbox 2646 5527 2916 5582; x_wconf 87' lang='lat' dir='ltr'><strong>immolata</strong></span> <span class='ocrx_word' id='word_1_910' title='bbox 2966 5544 2978 5579; x_wconf 95' lang='lat'>:</span> <span class='ocrx_word' id='word_1_911' title='bbox 3011 5526 3054 5579; x_wconf 87' lang='lat' dir='ltr'><strong>si</strong></span> <span class='ocrx_word' id='word_1_912' title='bbox 3088 5539 3218 5579; x_wconf 70' lang='lat' dir='ltr'><strong>vero</strong></span> <span class='ocrx_word' id='word_1_913' title='bbox 3242 5525 3457 5595; x_wconf 74' lang='lat' dir='ltr'><strong>gentilis</strong></span> 
     </span>
    </p>
   </div>
   <div class='ocr_carea' id='block_1_117' title="bbox 1881 5615 3455 5696">
    <p class='ocr_par' dir='ltr' id='par_1_117' title="bbox 1881 5615 3455 5696">
     <span class='ocr_line' id='line_1_117' title="bbox 1881 5615 3455 5696; baseline -0.006 -17"><span class='ocrx_word' id='word_1_914' title='bbox 1881 5624 2143 5696; x_wconf 86' lang='lat' dir='ltr'><strong>quispiam</strong></span> <span class='ocrx_word' id='word_1_915' title='bbox 2169 5622 2324 5676; x_wconf 79' lang='lat' dir='ltr'><strong>fuerit</strong></span> <span class='ocrx_word' id='word_1_916' title='bbox 2348 5663 2364 5687; x_wconf 94' lang='lat'><strong>,</strong></span> <span class='ocrx_word' id='word_1_917' title='bbox 2394 5620 2519 5690; x_wconf 86' lang='lat' dir='ltr'><strong>quid</strong></span> <span class='ocrx_word' id='word_1_918' title='bbox 2552 5619 2644 5673; x_wconf 91' lang='lat' dir='ltr'><strong>tibi</strong></span> <span class='ocrx_word' id='word_1_919' title='bbox 2674 5634 2817 5673; x_wconf 77' lang='lat' dir='ltr'><strong>cura:</strong></span> <span class='ocrx_word' id='word_1_920' title='bbox 2846 5617 2965 5673; x_wconf 79' lang='lat' dir='ltr'><strong>est?</strong></span> <span class='ocrx_word' id='word_1_921' title='bbox 2994 5630 3169 5670; x_wconf 90' lang='lat' dir='ltr'><strong>nonne</strong></span> <span class='ocrx_word' id='word_1_922' title='bbox 3211 5624 3266 5669; x_wconf 92' lang='lat' dir='ltr'><strong>tn</strong></span> <span class='ocrx_word' id='word_1_923' title='bbox 3304 5615 3455 5671; x_wconf 86' lang='lat' dir='ltr'><strong>dice-</strong></span> 
     </span>
    </p>
   </div>
   <div class='ocr_carea' id='block_1_118' title="bbox 1884 5697 3457 5785">
    <p class='ocr_par' dir='ltr' id='par_1_118' title="bbox 1884 5697 3457 5785">
     <span class='ocr_line' id='line_1_118' title="bbox 1884 5697 3457 5785; baseline -0.01 -13"><span class='ocrx_word' id='word_1_924' title='bbox 1884 5715 1978 5772; x_wconf 83' lang='lat' dir='ltr'><strong>bas</strong></span> <span class='ocrx_word' id='word_1_925' title='bbox 2002 5755 2017 5780; x_wconf 88' lang='lat'><strong>,</strong></span> <span class='ocrx_word' id='word_1_926' title='bbox 2050 5713 2186 5785; x_wconf 82' lang='lat' dir='ltr'><strong>Quid</strong></span> <span class='ocrx_word' id='word_1_927' title='bbox 2227 5712 2361 5767; x_wconf 77' lang='lat' dir='ltr'><strong>enim</strong></span> <span class='ocrx_word' id='word_1_928' title='bbox 2405 5711 2526 5765; x_wconf 88' lang='lat' dir='ltr'><strong>mihi</strong></span> <span class='ocrx_word' id='word_1_929' title='bbox 2553 5709 2615 5766; x_wconf 85' lang='lat' dir='ltr'><strong>de</strong></span> <span class='ocrx_word' id='word_1_930' title='bbox 2660 5709 2723 5764; x_wconf 85' lang='lat' dir='ltr'><strong>iis</strong></span> <span class='ocrx_word' id='word_1_931' title='bbox 2762 5708 2848 5781; x_wconf 80' lang='lat' dir='ltr'><strong>qui</strong></span> <span class='ocrx_word' id='word_1_932' title='bbox 2874 5706 3005 5779; x_wconf 84' lang='lat' dir='ltr'><strong>[oris</strong></span> <span class='ocrx_word' id='word_1_933' title='bbox 3047 5715 3163 5761; x_wconf 87' lang='lat' dir='ltr'><strong>sunt</strong></span> <span class='ocrx_word' id='word_1_934' title='bbox 3206 5697 3457 5770; x_wconf 71' lang='lat' dir='ltr'><strong>judicare</strong></span> 
     </span>
    </p>
   </div>
  </div>
