4086 6340
667 256 771 314 £07

670 371 745 439 (l.
768 367 887 425 Cor.
919 368 975 424 5.
1006 365 1140 437 li)?
1166 381 1262 423 cur
1288 381 1418 436 ergo
1437 380 1627 421 rursus
1649 363 1718 420 de
1739 364 1844 419 illis
1868 378 2054 417 curam
2075 361 2254 432 geris?

670 461 785 514 Non
812 457 978 521 illius,
1001 457 1194 528 inquit,
1225 454 1320 513 sed
1347 456 1510 511 etiam
1540 455 1627 511 hic
1653 455 1730 510 tui
1754 469 1938 509 curam
1958 468 2113 523 gero.
2130 451 2256 506 Ideo

669 552 945 621 subjunxit
988 570 1001 605 :
1034 548 1106 607 Ut
1143 551 1266 619 quid
1310 550 1447 604 enim
1497 549 1704 603 libertas
1741 564 1855 602 nica
1892 548 2161 617 judicatur
2194 543 2256 600 ab

667 646 839 699 aliena
856 644 1163 698 conscientia
1183 643 1210 696 .’
1230 642 1531 701 libertatem
1548 640 1757 705 dicens,
1775 641 1914 711 quod
1941 654 2045 694 non
2072 639 2258 695 obser-

673 745 823 790 retur
853 749 1026 805 neque
1048 734 1405 806 prohibeatur
1443 750 1459 788 :
1503 731 1607 787 hoc
1634 732 1779 787 enim
1811 732 2033 788 libertas
2063 740 2147 786 est
2165 771 2184 797 ,
2226 745 2255 785 a

668 825 890 882 Judaica
940 826 1203 881 servitute
1252 822 1500 878 liberata.
1542 822 1657 879 Hoc
1696 832 1877 878 autem
1905 822 2015 877 vult
2047 820 2257 893 signiti-

668 932 794 973 care
826 934 841 970 :
872 916 1103 972 liberum
1144 931 1233 970 me
1271 914 1397 969 fecit
1448 914 1590 969 Deus
1614 956 1636 983 ,
1656 923 1713 969 et
1745 914 1892 970 oruni
1932 914 2259 969 documnto

668 1010 1037 1079 superiorem;
1068 1006 1163 1064 sed
1188 1008 1360 1063 nescit
1385 1008 1599 1077 gentilis
1622 1008 1691 1062 de
1720 1022 1838 1062 mea
1864 1004 2108 1075 judicare
2136 1002 2257 1073 phi-

671 1097 939 1171 losophia,
966 1114 1137 1170 neque
1160 1099 1371 1154 Domini
1392 1099 1498 1153 mei
1530 1098 1904 1153 liberalitatem
1929 1097 2256 1167 perspicere,

671 1193 767 1247 sed
796 1191 1177 1247 condemnabit
1205 1198 1261 1246 et
1286 1190 1426 1259 apud
1457 1204 1518 1245 se
1556 1188 1703 1245 dicet
1730 1206 1744 1243 :
1776 1187 1994 1243 Fabula:
2018 1194 2149 1241 sunt
2172 1198 2261 1239 res

668 1282 1095 1339 Christianorum
1125 1300 1137 1336 :
1165 1283 1440 1338 abstinent
1479 1281 1549 1337 ab
1594 1281 1751 1336 idolis
1772 1322 1788 1344 ,
1818 1279 2030 1350 fugiunt
2057 1278 2260 1334 ἀπωθ-

670 1388 768 1427 nas
789 1415 804 1437 ,
836 1383 891 1429 et
918 1372 1127 1428 hit-rent
1156 1373 1221 1427 iis
1248 1388 1369 1441 qua:
1410 1371 1516 1426 illis
1551 1370 1853 1425 oﬂeruntur
1880 1384 1895 1422 :
1928 1370 2075 1439 viget
2116 1366 2259 1436 apud

671 1465 790 1518 illos
819 1465 959 1534 gula.
994 1464 1061 1519 Et
1085 1464 1210 1534 quid
1242 1471 1355 1518 tum
1381 1502 1399 1529 ,
1431 1459 1820 1533 inquies?quid
1852 1460 2006 1515 nobis
2034 1459 2214 1515 dantni
2238 1500 2254 1524 ,

663 1555 711 1609 si
760 1554 848 1609 ille
874 1555 1014 1609 male
1057 1553 1305 1624 iudicet?
1333 1553 1545 1621 Quanto
1572 1563 1756 1608 autem
1804 1551 2001 1605 melius
2027 1566 2133 1605 non
2179 1549 2257 1604 illi

666 1645 1009 1700 occasionem
1052 1644 1184 1700 dare
1213 1655 1269 1699 ut
1293 1642 1544 1714 iudicet?
1566 1643 1612 1699 si
1640 1644 1783 1698 enim
1829 1642 2137 1705 abstineas,
2188 1653 2259 1695 ne

670 1737 786 1791 huic
803 1737 1018 1807 quidem
1041 1736 1201 1792 dicet.
1227 1736 1527 1805 Quomodo,
1552 1736 1777 1807 inquies,
1810 1750 1917 1791 non
1940 1735 2119 1790 dicet?
2135 1748 2257 1788 cum

668 1829 813 1883 enim
843 1829 1031 1883 viderit
1054 1845 1141 1885 me
1168 1828 1285 1885 bzcc
1314 1845 1420 1884 non
1440 1830 1770 1893 esuuinare,
1801 1844 1907 1882 non
1933 1829 1989 1883 in
2009 1825 2256 1889 macello,

670 1936 777 1975 non
802 1919 855 1972 iu
880 1918 1130 1975 convivio
1152 1961 1170 1986 ,
1196 1919 1471 1989 quomodo
1498 1934 1606 1975 non
1632 1920 1778 1974 dicet
1817 1933 1999 1989 neque
2038 1918 2267 1971 dannia-r

670 2012 780 2078 bit,
810 2021 867 2066 ut
900 2012 991 2084 qui
1047 2012 1536 2069 indiscriminatim
1576 2011 1770 2066 horum
1803 2011 2072 2080 particeps
2113 2010 2259 2065 sim?

668 2105 1016 2175 Nequaquam
1050 2120 1063 2158 :
1095 2119 1272 2176 neque
1302 2106 1447 2160 enim
1490 2105 1603 2159 lucc
1633 2115 1904 2174 tamquam
1956 2104 2113 2159 idolis
2155 2104 2258 2158 im—

670 2198 868 2252 molata
913 2198 1194 2263 comedis,
1241 2198 1335 2254 sed
1384 2208 1656 2268 tamquam
1706 2198 1905 2261 munda
1937 2215 1950 2251 :
1981 2199 2028 2253 sl
2074 2206 2253 2253 autem

670 2304 777 2342 non
808 2288 1021 2343 curiose
1061 2288 1284 2359 inquiris
1309 2331 1322 2351 ,
1355 2288 1461 2343 huc
1488 2287 1618 2343 facis
1648 2299 1704 2344 ut
1732 2289 1985 2344 ostendas
2011 2298 2064 2345 te
2087 2303 2260 2359 appo-

670 2378 770 2431 sila
794 2394 900 2433 non
929 2380 1140 2435 timere.
1167 2379 1457 2449 Pr0pterca
1486 2380 1600 2435 sire
1625 2383 1677 2435 in
1706 2380 1923 2436 domum
1946 2381 2258 2437 Gre-eorum

674 2467 994 2539 ingrediaris
1016 2511 1032 2535 ,
1064 2470 1181 2525 sive
1213 2471 1265 2523 in
1296 2470 1472 2525 forum
1502 2472 1717 2525 veneris
1737 2512 1755 2535 ,
1782 2486 1889 2525 non
1916 2474 2173 2541 permitto
2208 2480 2263 2526 te

674 2560 937 2614 sciscitari
967 2600 984 2626 ,
1012 2574 1081 2614 ne
1110 2559 1393 2629 strepitum
1424 2563 1634 2622 timeas,
1676 2561 1757 2615 vel
1785 2560 2096 2628 impliceris,
2125 2574 2262 2615 neve

676 2649 1026 2719 percellaris,
1074 2665 1213 2706 nere
1261 2650 1359 2705 tibi
1408 2647 1681 2719 superﬂua
1728 2650 1975 2720 prtebeas
2019 2650 2259 2720 negotia.

672 2741 761 2796 30.
822 2740 887 2798 Si
931 2757 1024 2812 ego
1070 2757 1189 2795 cum
1223 2742 1391 2813 gratia
1438 2740 1694 2811 participe
1711 2782 1727 2806 ,
1766 2739 1891 2811 quid
1940 2739 2262 2810 blasphemor

672 2850 764 2902 pro
788 2848 848 2887 eo
884 2831 1022 2902 quod
1060 2831 1253 2904 gratias
1286 2847 1384 2902 ago
1403 2831 1636 2900 IICujus,
1668 2838 1853 2900 qutes‘o
1882 2839 1963 2897 te,
1993 2830 2262 2899 particeps

669 2925 774 2978 es?
802 2923 898 2978 Dei
924 2923 1188 2979 donorum
1218 2923 1375 2993 :ejus
1398 2923 1542 2978 enim
1562 2923 1733 2994 gratia
1761 2931 1906 2977 tanta
1934 2931 2035 2987 est,
2067 2930 2126 2975 ut
2145 2921 2263 2974 ani-

672 3034 815 3071 mam
863 3032 1039 3072 meam
1070 3015 1267 3072 reddat
1290 3014 1628 3084 impollutam
1673 3023 1728 3069 et
1756 3013 1904 3068 omni
1936 3012 2145 3066 macula
2171 3025 2262 3066 su—

671 3109 965 3177 periorem.
988 3105 1453 3175 Quemadmodum
1480 3106 1625 3159 enim
1649 3103 1732 3157 sol
1763 3101 1944 3157 radios
1970 3103 2264 3156 immittens

673 3200 724 3253 iu
755 3199 949 3253 multas
974 3196 1212 3252 maculas
1233 3238 1247 3263 ,
1300 3210 1486 3251 rursus
1513 3194 1634 3249 illos
1675 3193 1938 3264 recolligit
1964 3192 2199 3248 mundos
2245 3210 2260 3246 :

673 3291 745 3345 ita
772 3298 827 3345 et
855 3305 976 3353 nos,
1005 3298 1060 3343 et
1086 3289 1257 3344 multo
1284 3288 1456 3357 magis
1487 3288 1541 3342 in
1557 3286 1738 3341 medio
1755 3286 1939 3341 mundi
1957 3293 2258 3349 venantes,

673 3382 797 3449 puri
825 3395 1130 3445 manemus,
1157 3381 1203 3435 si
1234 3378 1467 3435 velimus
1486 3418 1508 3447 ,
1538 3392 1649 3449 quo
1671 3378 1834 3433 etiam
1863 3377 1969 3433 vim
2002 3375 2264 3431 habemus

673 3473 931 3543 majorem
942 3513 958 3529 .

743 3564 798 3618 2.
842 3563 949 3619 Cur
976 3578 1128 3633 ergo,
1154 3562 1326 3633 inquit
1347 3604 1363 3628 ,
1392 3558 1674 3617 abstines?
1721 3559 1837 3615 Non
1863 3558 2019 3629 quasi
2056 3558 2266 3613 futurus

673 3661 777 3711 sim
803 3654 1136 3721 immundus,
1154 3654 1327 3721 absit;
1356 3653 1454 3710 sed
1480 3661 1704 3724 propter
1730 3651 1975 3719 fratrem,
2004 3662 2059 3708 et
2080 3668 2147 3707 ne
2162 3652 2263 3707 sim

674 3749 854 3806 secius
903 3748 1317 3815 daemoniorum,
1371 3762 1508 3804 neve
1540 3746 1753 3817 judioer
1778 3747 1847 3802 ab
1892 3746 2116 3802 inﬁdeli.
2167 3746 2267 3801 Hic

672 3846 815 3899 enim
848 3860 957 3900 non
981 3844 1212 3913 amplius
1236 3852 1452 3905 natura,
1494 3840 1591 3895 sed
1615 3840 1981 3894 inobedientia
2005 3882 2021 3905 ,
2047 3848 2101 3893 et
2129 3839 2264 3892 ami-

676 3936 798 3992 cit'a
825 3951 953 4006 erga
983 3936 1283 3999 d.-cmouas,
1308 3950 1395 3987 me
1414 3933 1539 3985 facit
1564 3931 1926 3997 immundum,
1957 3943 2011 3986 et
2040 3931 2265 3985 liberum

674 4028 957 4081 arbitrium
1009 4026 1249 4079 maculas
1299 4032 1577 4092 Operatur.
1625 4021 1763 4089 Quid
1790 4022 1895 4075 sibi
1942 4022 2061 4076 vult
2079 4031 2265 4076 autem

676 4118 802 4173 illud
829 4136 841 4168 :
871 4117 1009 4185 Quid
1035 4116 1358 4184 blasphemor
1398 4131 1491 4183 pro
1514 4130 1574 4169 eo
1606 4114 1745 4182 quod
1770 4115 1967 4184 gratias
1991 4116 2128 4186 ego!
2158 4114 2269 4183 Ego

675 4209 842 4274 enim,
861 4209 1053 4278 inquit,
1082 4208 1283 4277 gratias
1303 4221 1403 4276 ago
1431 4207 1560 4269 Deo,
1604 4204 1746 4275 quod
1776 4220 1863 4259 me
1888 4205 1957 4258 ita
1986 4206 2268 4259 sublimem

676 4301 887 4364 fet-erit,
915 4309 969 4353 et
992 4299 1291 4353 humilitate
1316 4298 1537 4353 .ludaica
1559 4296 1919 4365 superiorem,
1950 4298 2020 4349 ita
2044 4305 2101 4350 ut
2127 4296 2269 4350 nulla

676 4409 743 4448 ex
798 4403 950 4461 parte
979 4391 1192 4445 lmdar:
1236 4391 1463 4454 gentiles
1511 4397 1689 4443 autem
1742 4404 1914 4443 meam
1961 4389 2271 4459 ignorantes

680 4481 1102 4553 philosophiam,
1156 4480 1425 4534 contraria
1471 4479 1888 4547 suspicabantur
1937 4488 1992 4533 et
2042 4478 2267 4535 dicent:

676 4573 969 4627 Christiani
1003 4580 1186 4625 nostra
1223 4578 1511 4639 appetunt,
1542 4578 1599 4623 ct
1636 4580 1761 4626 sunt
1792 4570 2118 4639 hypocritm;
2148 4586 2270 4625 nam

682 4680 803 4719 cum
839 4664 1115 4719 dzemoncs
1143 4664 1446 4732 rituperent
1476 4672 1530 4716 et
1557 4672 1896 4727 aversentur,
1946 4660 2016 4715 ad
2058 4676 2273 4716 mensas

683 4771 875 4811 eorum
910 4767 1217 4820 accurrunt;
1251 4769 1357 4823 quo
1380 4755 1502 4822 quid
1529 4754 1769 4807 insanius
1789 4768 1909 4808 esse
1933 4752 2139 4823 possit?
2168 4768 2274 4807 non

682 4861 812 4917 ergo
841 4848 1080 4901 veritatis
1122 4863 1281 4901 causa
1304 4889 1318 4911 ,
1351 4848 1446 4901 sed
1496 4847 1804 4901 ambitionis
1836 4854 1889 4900 et
1946 4845 2277 4914 principatus

683 4939 887 4995 artioris
914 4937 983 4990 ad
1030 4936 1133 4990 hoc
1164 4938 1352 5005 dogma
1385 4954 1445 4992 se
1489 4939 1851 4992 contulerunt.
1896 4937 2123 5003 Quanta:
2148 4950 2279 5005 ergo

680 5030 907 5088 insania:
937 5028 1114 5091 luerit,
1138 5028 1181 5081 si
1214 5044 1308 5096 pro
1332 5029 1439 5081 illis
1466 5030 1659 5096 quibus
1684 5030 1909 5084 allectus
1928 5044 2047 5083 sum
2072 5028 2277 5083 beneﬁ-

684 5101 782 5176 ciis
807 5120 989 5181 tantis,
1020 5117 1172 5171 ut'de
1190 5117 1296 5170 illis
1316 5117 1518 5184 gratias
1544 5133 1719 5185 agam,
1750 5119 2098 5187 blasphemia:
2118 5132 2279 5172 causa

685 5212 923 5269 fuerim?
954 5212 1020 5264 At
1053 5210 1169 5261 haec
1197 5220 1411 5276 quoque
1444 5220 1585 5260 nunc
1613 5205 1757 5260 dicet
1775 5207 2015 5273 Grzecus,
2049 5208 2277 5276 inquies,

679 5320 807 5358 cum
840 5300 1033 5356 viderit
1062 5315 1149 5353 me
1181 5313 1288 5351 non
1318 5295 1533 5349 curiose
1558 5295 1872 5362 inquirere?
1904 5296 2277 5365 Nequaquam:

687 5408 865 5462 neque
888 5390 1033 5446 enim
1064 5389 1243 5443 omnia
1269 5386 1427 5457 plena
1463 5393 1587 5437 sunt
1615 5383 1948 5454 idolothytis,
1978 5394 2037 5439 ut
2060 5384 2162 5438 hoc
2189 5402 2281 5438 sn-

702 5486 945 5551 spiceris,
978 5498 1153 5553 neque
1195 5491 1250 5537 tu
1305 5479 1395 5534 illa
1424 5489 1478 5532 ut
1510 5477 1805 5547 itlolothyta
1848 5476 2122 5545 degustes.
2162 5475 2283 5529 Noli

689 5592 825 5645 ergo
845 5578 1056 5633 curiose
1082 5576 1335 5647 indagare
1356 5585 1786 5643 supervacanea;
1808 5584 1981 5636 neque
2004 5582 2209 5629 rursus,
2239 5568 2285 5621 si

701 5667 865 5736 aliqui
891 5668 1090 5738 dicant,
1106 5669 1266 5725 ldolis
1294 5666 1627 5723 immolatum
1644 5673 1743 5733 est,
1760 5662 1875 5734 ejus
1892 5663 1966 5717 sis
1986 5662 2275 5733 particeps.

1372 253 1430 309 S.
1471 252 1749 310 JOANNIS
1782 250 2258 308 ιςιιιιῖεοδτοιιι
2297 250 2611 307 Αιιεηιερ.
2651 251 3182 313 CONSTANTINOP.

3848 268 3959 328 ξος

2363 361 2499 415 Nam
2517 362 2745 433 gratiam
2765 364 2859 419 tibi
2878 363 3126 422 Christus
3146 366 3312 435 dedit,
3333 372 3727 445 sublimemque
3755 388 3808 434 te
3827 380 3960 437 fecit

2363 462 2525 522 atque
2556 451 2685 509 huic
2727 451 2926 509 damno
2953 458 3311 527 superiorem,
3339 477 3448 516 non
3473 472 3536 519 ut
3558 466 3703 522 male
3738 468 3956 538 audias,

2365 560 2540 616 neque
2565 554 2643 611 ut,
2673 546 2819 602 unde
2843 557 3048 605 tantum
3078 548 3316 609 lucratus
3341 568 3401 610 es
3421 564 3481 612 ut
3506 559 3708 627 gratias
3734 575 3958 632 ageres.

2365 635 2488 691 inde
2516 635 2585 690 ita
2615 636 2751 693 alios
2774 638 2941 694 laedas
2966 648 3026 695 ut
3052 640 3445 713 blasphement.
3501 646 3612 703 Cur
3649 651 3823 717 enim,
3866 651 3958 708 in-

2363 726 2499 794 quit,
2527 741 2635 782 nou
2680 727 2805 784 dico
2840 729 3055 797 Gneo,
3086 731 3242 787 Rodo
3279 744 3336 790 et
3383 737 3514 790 nihil
3544 738 3729 806 latior,
3774 757 3963 815 neque

2363 815 2515 883 quasi
2555 816 2859 874 dzetnonum
2898 822 3104 877 amicus
3134 824 3235 879 hoc
3266 826 3402 882 facio
3423 828 3447 882 l
3471 828 3606 897 Quia
3636 847 3746 887 non
3772 844 3963 904 potest

2365 908 2709 975 perwadere,
2738 912 2951 967 etiamsi
2976 913 3172 970 millies
3202 916 3349 973 dicas
3378 934 3393 971 :
3423 918 3667 977 inﬁrmus
3715 940 3963 997 namque

2363 1007 2531 1054 estet
2546 999 2818 1058 inimicus.
2852 1002 2909 1059 Si
2949 1005 3094 1083 enim
3126 1008 3277 1063 fratri
3319 1010 3556 1067 nondum
3607 1016 3960 1083 persuasisti,

2364 1090 2533 1146 multo
2572 1092 2749 1148 minus
2792 1082 3010 1151 inimico
3053 1104 3110 1152 et
3135 1096 3329 1154 Greco
3353 1082 3725 1171 persuadebis.
3763 1106 3822 1164 Si
3864 1082 3965 1162 ille

2365 1198 2460 1253 per
2488 1186 2875 1242 conscientiam
2925 1187 3084 1245 idolis
3129 1192 3390 1249 immolati
3447 1196 3733 1263 retinetur,
3780 1201 3963 1255 multo

2364 1277 2535 1347 magis
2563 1277 2809 1335 inﬁdelis.
2832 1279 2973 1349 Quid
2994 1291 3174 1338 autem
3202 1285 3357 1341 nobis
3376 1295 3483 1342 tam
3502 1290 3687 1347 multis
3706 1306 3848 1361 opus
3870 1303 3964 1348 est

2363 1367 2638 1437 negotiis!
2666 1368 2804 1437 Quid
2836 1386 2986 1442 ergo,
3018 1372 3143 1444 quia
3171 1374 3449 1431 Christum
3473 1381 3719 1436 novimus
3741 1392 3797 1438 et
3824 1399 3961 1455 gra-

2366 1461 2467 1516 tias
2493 1463 2722 1531 agimus,
2755 1463 2831 1519 illi
2849 1474 3028 1521 autem
3053 1466 3450 1538 blasphemaut,
3470 1472 3592 1527 ideo
3616 1474 3685 1529 ab
3704 1475 3807 1531 hoc
3826 1478 3963 1532 abs-

2365 1553 2685 1609 tinebimus?
2712 1558 2896 1628 Apage
2922 1577 2937 1614 :
2964 1574 3072 1615 non
3106 1562 3260 1616 enim
3288 1578 3385 1633 par
3412 1580 3501 1622 nes
3522 1578 3645 1621 est:
3675 1569 3781 1624 illic
3806 1572 3961 1626 enim

2363 1646 2571 1701 lucrum
2601 1664 2852 1718 magnum
2876 1660 2981 1719 est,
3008 1654 3149 1723 quod
3173 1654 3559 1726 blasphemiam
3590 1660 3849 1729 feramus,
3868 1662 3963 1719 hic

2363 1749 2540 1793 autem
2567 1740 2702 1794 nihil
2722 1743 2823 1796 erit
2845 1743 2998 1798 lucri.
3019 1744 3142 1800 Ideo
3167 1746 3316 1816 prius
3340 1749 3551 1805 dicebat
3616 1753 3796 1819 Neque
3820 1756 3963 1809 enim

2362 1827 2407 1880 si
2420 1830 2809 1898 manducamus,
2833 1833 3173 1903 abundamus;
3194 1856 3354 1909 nequ
3370 1842 3415 1896 si
3432 1859 3536 1895 non
3560 1847 3957 1913 muscam,

2366 1916 2626 1985 deﬁcimus
2653 1919 2733 1989 (l.
2756 1920 2876 1975 Cor.
2908 1922 2961 1978 8.
2986 1924 3067 1994 8).
3097 1925 3301 1983 Frater
3326 1928 3441 1986 hac
3471 1940 3649 1988 autem
3681 1950 3798 1990 rem
3830 1950 3963 1993 esse

2367 2002 2672 2077 fugiendam
2696 2015 3082 2082 pronuntiavit,
3105 2016 3175 2073 ita
3193 2020 3363 2075 utalia
3381 2026 3543 2079 etiam
3558 2024 3767 2082 ratione
3788 2027 3963 2083 absti-

2366 2115 2494 2191 nere
2524 2112 2788 2169 epos-teat,
2823 2122 2929 2161 non
2960 2106 3083 2163 ideo
3113 2117 3342 2177 tantum,
3375 2115 3470 2170 sed
3521 2116 3592 2171 ob
3632 2119 3766 2174 alias
3817 2137 3963 2191 quas

2363 2189 2498 2245 dixit
2524 2206 2736 2249 causas.
2766 2196 2853 2252 δι.
2875 2196 2997 2253 Siue
3013 2216 3137 2269 ergo
3154 2204 3497 2273 manducetis,
3526 2208 3628 2262 sive
3645 2189 3963 2279 διιιιιεζέη

2364 2281 2509 2333 aliud
2527 2283 2655 2352 quid
2672 2285 2865 2354 facitis,
2891 2291 3064 2343 omnia
3078 2292 3139 2345 iis
3155 2293 3376 2364 glorians
3395 2296 3494 2351 Dei
3508 2300 3679 2369 facile.
3704 2301 3960 2359 Vidistin‘

2363 2372 2638 2440 quomodo
2679 2389 2712 2429 ιι
2741 2392 2803 2433 re
2831 2381 3103 2447 proposita
3132 2382 3203 2440 ad
3249 2384 3301 2440 id
3349 2387 3491 2455 quod
3523 2390 3828 2448 universale
3872 2404 3962 2449 est

2365 2463 2794 2521 adhortationem
2820 2467 3125 2537 deduxerit,
3148 2489 3251 2529 una
3271 2478 3626 2545 pulcherrima
3651 2483 3804 2538 nobis
3829 2484 3960 2541 data

2364 2551 2699 2622 deﬁnitione,
2740 2568 2798 2611 ut
2830 2558 2971 2614 Deus
2999 2577 3094 2631 per
3121 2566 3296 2619 omnia
3321 2568 3687 2637 gloriﬁcetur?
3709 2576 3803 2630 32.
3830 2576 3961 2632 Situ

2364 2640 2645 2708 offensione
2662 2657 2816 2702 cslolc
2833 2648 3031 2706 Iudicis
3056 2664 3105 2707 ct
3131 2658 3364 2725 gentibus
3391 2668 3440 2713 et
3467 2659 3714 2721 Ecclesia
3748 2666 3868 2722 Dei.
3900 2668 3959 2724 Id

2366 2744 2468 2795 est,
2497 2736 2703 2792 nullan
2725 2741 2977 2811 cuiquam
3001 2743 3148 2799 detis
3189 2761 3398 2804 ansam.
3427 2748 3567 2807 Nam
3593 2753 3761 2811 inter
3782 2758 3961 2815 oleo-

2356 2823 2528 2888 ditur,
2550 2826 2765 2885 Judaeus
2794 2834 2965 2903 magis
2994 2846 3046 2891 te
3065 2837 3192 2892 odio
3227 2828 3445 2896 habebit
3473 2852 3630 2913 teque
3656 2847 3958 2917 damnabit,

2365 2918 2582 3016 gentilis
2606 2921 2856 3016 similiter
2878 2936 3154 2997 tamquam
3184 2930 3487 2989 helluonern
3508 2937 3751 2996 irridebit
3778 2954 3834 2997 et
3865 2944 3961 3016 hy-

2369 3007 2655 3103 pocritam.
2691 3011 2813 3067 Non
2838 3016 3002 3071 modo
3041 3017 3238 3076 fratres
3262 3022 3539 3083 oﬂendere
3563 3045 3669 3084 non
3700 3007 3923 3103 operte;
3943 3078 3958 3102 ,

2367 3099 2485 3164 sed,
2517 3111 2777 3170 quantum
2833 3104 2950 3161 ﬁeri
2982 3118 3189 3178 potest,
3235 3128 3306 3169 ne
3328 3128 3583 3174 externos
3627 3099 3871 3191 quidem
3904 3099 3958 3181 Si

2366 3196 2510 3271 enim
2544 3194 2632 3249 lux
2658 3211 2845 3252 sumus
2869 3207 2923 3253 et
2939 3200 3261 3257 fermentum
3286 3216 3343 3261 et
3369 3207 3647 3265 luminaria
3675 3221 3729 3268 et
3769 3216 3875 3281 sal,
3904 3218 3965 3270 il-

2370 3284 2658 3353 luminare,
2691 3304 2797 3344 non
2830 3292 3070 3348 tenebris
3095 3292 3374 3351 oﬁundere
3393 3310 3641 3368 oportet;
3669 3305 3959 3377 stringere,

2368 3393 2475 3433 non
2506 3379 2837 3448 dissolvere;
2865 3383 2932 3437 ad
2961 3397 3060 3439 nos
3082 3385 3329 3443 inﬁdeles
3356 3390 3646 3458 attrahere,
3680 3410 3795 3450 non
3813 3398 3963 3468 fuga-

2370 3486 2449 3526 re.
2483 3472 2623 3541 Quid
2649 3489 2779 3543 ergo
2810 3478 3151 3546 persequeris
3181 3494 3294 3546 eos,
3325 3496 3461 3551 quos
3492 3486 3770 3542 attrahere
3797 3504 3959 3561 opor-

2370 3564 2480 3616 tet?
2541 3563 2751 3618 Etenim
2776 3565 2948 3620 (ἔτωοὶ
2976 3566 3319 3625 οσειιᾶιιιιιιιτ
3346 3586 3469 3627 cum
3514 3590 3613 3629 nos
3662 3577 3852 3634 vident
3895 3582 3962 3637 ad

2372 3652 2497 3708 talia
2522 3664 2891 3711 revertentes:
2921 3668 3158 3714 mentem
3181 3663 3323 3716 enim
3348 3674 3584 3720 nostram
3605 3683 3713 3723 non
3740 3682 3959 3737 norunt,

2372 3761 2549 3815 neque
2574 3747 2721 3817 quod
2746 3749 2921 3803 anima
2944 3761 3127 3805 nostra
3154 3753 3229 3807 sit
3250 3754 3530 3812 sublimior
3554 3761 3815 3832 omnique
3840 3778 3964 3818 sen-

2370 3836 2515 3891 sibili
2568 3837 2776 3893 macula
2831 3842 3099 3910 superior.
3141 3843 3312 3899 Judaei
3354 3862 3487 3902 vero
3538 3859 3593 3905 et
3636 3851 3964 3909 inﬁrmiores

2373 3926 2568 3985 fratres
2596 3930 2789 3985 eadem
2832 3934 2945 4001 ipsa
2974 3934 3263 4002 patientur.
3300 3938 3488 3993 Viden’
3513 3954 3744 4010 quantas
3772 3961 3964 4013 posue-

2374 4017 2444 4071 rit
2472 4033 2684 4085 causas,
2720 4020 2790 4073 oh
2817 4037 2951 4089 quas
2978 4033 3225 4092 oporteat
3244 4026 3313 4079 ab
3340 4027 3405 4080 iis
3422 4043 3541 4097 qua:
3570 4030 3727 4085 idolis
3770 4034 3963 4088 immo

2376 4113 2478 4167 lata
2546 4121 2666 4166 sunt
2712 4112 3026 4169 abstinere?
3070 4125 3290 4185 propter
3321 4119 3698 4192 inutilitatem,
3746 4140 3963 4199 propter

2375 4203 2823 4273 superﬂuitatem,
2850 4205 2919 4260 ob
2937 4206 3191 4263 damnum
3215 4210 3246 4264 Ii
3263 4213 3415 4279 atris,
3439 4214 3507 4267 ob
3528 4214 3699 4270 Judaei
3720 4218 3961 4291 blasphe-

2376 4297 2561 4359 miam,
2591 4296 2660 4349 ob
2686 4296 2857 4351 Grmci
2883 4299 3256 4367 maledictum;
3278 4308 3417 4371 quod
3441 4322 3544 4360 non
3574 4320 3822 4378 oporteat
3846 4327 3959 4369 cum

2376 4384 2708 4440 dmmonibus
2759 4390 3196 4454 communicare,
3232 4394 3373 4461 quod
3422 4410 3484 4448 ea
3522 4412 3606 4451 res
3662 4398 3964 4458 idololatria

2378 4478 2619 4547 quaedam
2650 4479 2739 4534 sit.
2774 4481 2977 4535 Deinde
3006 4484 3128 4549 quia
3157 4482 3313 4549 dixit,
3342 4485 3468 4540 Sine
3486 4486 3767 4553 o/fcnsione
3790 4504 3955 4559 more

2378 4578 2439 4622 et
2472 4567 2734 4624 obnoxios
2764 4570 2883 4625 illos
2931 4572 3057 4627 fecit
3077 4582 3131 4627 et
3155 4574 3438 4644 gentilium
3466 4586 3521 4631 et
3542 4578 3853 4639 Judatorum
3879 4585 3961 4638 da-

2382 4661 2547 4725 mnis,
2568 4670 2726 4729 alque
2757 4662 2881 4715 illud
2901 4678 3061 4733 grave
3090 4665 3479 4735 molestumque
3506 4679 3655 4732 erat;
3684 4673 3804 4727 ride
3832 4690 3959 4744 quo-

2383 4752 2544 4807 modo
2585 4753 2717 4807 illud
2748 4757 3077 4824 acceptabile
3120 4767 3173 4811 et
3199 4758 3319 4812 leve
3361 4757 3554 4823 iaciat,
3585 4776 3708 4817 sese
3734 4763 3960 4819 medium

2384 4859 2592 4912 ponens
2614 4858 2677 4898 ac
2696 4845 2882 4900 dicens
2916 4864 2929 4900 :
2956 4846 3044 4901 55.
3068 4847 3213 4902 Sicut
3234 4858 3280 4901 et
3305 4866 3396 4918 ego
3427 4866 3517 4917 per
3540 4853 3714 4906 omnia
3742 4856 3961 4909 omnibus

2385 4934 2595 5003 placeo;
2626 4951 2726 4987 non
2754 4951 2985 5004 quamam
3012 4938 3150 5006 quod
3164 4939 3287 4991 mihi
3305 4940 3431 4992 utile
3454 4951 3549 5005 est,
3574 4944 3665 4996 sed
3681 4947 3823 5013 quod
3843 4948 3963 4999 mul-

2385 5026 2479 5087 tis,
2512 5033 2567 5077 ut
2593 5026 2721 5078 salvi
2766 5027 2913 5093 ﬁant.
2946 5026 3099 5097 (Cap.
3132 5022 3305 5091 11.)].
3340 5028 3632 5087 lmitulorcs
3660 5036 3759 5090 mei
3787 5046 3961 5099 estote,

2385 5116 2515 5169 sicut
2565 5132 2654 5185 ego
2710 5118 2923 5172 Christi.

2459 5207 2511 5261 5.
2555 5206 2668 5262 Hoc
2691 5217 2777 5262 est
2800 5209 2985 5277 regula
3012 5208 3388 5278 perfectissimi
3415 5213 3840 5286 Christianismi,
3874 5220 3961 5272 hoc

2388 5307 2637 5353 accurata
2668 5298 2913 5354 deﬁnitio
2938 5342 2951 5364 ,
3002 5301 3102 5355 hoc
3130 5315 3398 5358 summum
3431 5305 3724 5379 laetigium,
3757 5326 3876 5380 qure
3918 5311 3961 5361 in

2389 5404 2670 5444 commune
2697 5392 2982 5448 conferunt
3002 5409 3245 5462 quaerere
3269 5412 3283 5449 :
3313 5399 3456 5465 quod
3476 5410 3528 5455 et
3559 5403 3671 5471 ipse
3698 5402 3962 5456 declarans

2392 5480 2687 5549 subjunxit,
2716 5485 2862 5539 Sicut
2891 5496 2937 5539 et
2964 5502 3055 5555 ego
3083 5482 3290 5540 Christi.
3325 5488 3467 5544 Nihil
3506 5492 3650 5545 enim
3684 5492 3754 5544 ita
3802 5500 3961 5559 potest

2395 5570 2713 5627 imitatorem
2742 5575 2939 5631 Christi
2970 5577 3167 5641 facere,
3198 5587 3258 5633 ut
3281 5596 3465 5635 curam
3508 5581 3735 5649 proximi
3764 5595 3957 5649 gerere.

2395 5661 2497 5717 Sed
2524 5664 2729 5720 etiamsi
2749 5668 3095 5737 jejunaveris,
3140 5670 3287 5727 humi
3313 5672 3586 5737 cubueris,
3622 5672 3666 5726 si
3699 5681 3772 5737 te,
3806 5682 3861 5729 ut
3896 5672 3954 5727 ita
