4066 6332
563 324 666 378 20')

562 435 824 490 ἀπόλλυσι
855 433 979 492 τοὺς
1008 434 1294 503 μετιόντας
1322 437 1532 506 καὶτῆς
1558 436 1828 508 σωτηρίας
1858 434 2142 488 ἐκπίπτειν

562 517 723 568 ποιεῖ·
760 515 874 567 ἀλλ’
896 517 1042 585 ὅμως
1071 517 1339 587 ὑπέμεινα
1366 519 1458 571 καὶ
1479 518 1650 573 ταῦτα
1680 519 1767 571 διὰ
1795 519 1854 570 16
1877 518 1933 580 ἐξ
1959 516 2135 569 αὐτῶν

564 599 770 668 κέρδος.
815 598 1081 653 Ἐνταῦθα
1119 601 1173 654 δὲ
1202 601 1352 654 οὐδὲν
1383 602 1640 656 τοιοῦτον.
1687 603 1832 653 Ἐκεῖ
1875 603 1972 671 μὲν
2009 601 2138 667 γὰρ,

564 681 626 733 iv
660 680 732 750 μή
759 685 934 751 προσῇ
961 683 995 752 ή
1031 681 1270 750 ὠφέλεια
1306 685 1401 736 καὶ
1429 684 1490 737 τὸ
1525 685 1594 737 δι’
1623 684 1841 753 ἐτέρους
1868 681 2139 750 γενέσθαι,

564 764 681 815 τότε
711 763 904 832 βλάϐος
929 764 987 816 16
1021 767 1252 835 πρᾶγμα
1278 767 1508 832 γίνεται·
1541 767 1772 820 ἐνταῦθα
1799 767 1876 830 δὲ,
1905 765 2006 818 κάν
2042 781 2143 834 μη-

564 846 670 909 δεὶς
700 848 728 898 6
760 845 1242 917 σκανδαλιξόμενος
1373 851 1467 902 xal
1503 851 1677 911 οὕτως
1711 848 2003 916 ἀπέχεσθαι
2033 846 2142 897 τῶν

564 929 952 999 κεκωλυμένων
988 932 1113 999 χρή.
1164 932 1238 982 Οὐ
1274 932 1432 1000 μόνον
1481 932 1537 984 δέ
1590 931 1846 1001 βλαϐερά,
1886 929 2022 983 ἀλλά
2052 928 2144 979 xal

563 1013 792 1066 ἐπίπονα
847 1013 1135 1083 ὑπέμεινα.
1174 1015 1400 1079 Ἀλλης
1451 1015 1558 1084 γάρ
1603 1015 1961 1081 Ἐκκλησίας
1999 1013 2144 1066 ἐσύ-

564 1099 747 1161 λησα,
786 1096 941 1164 φησὶ,
971 1097 1172 1149 λαϐὼν
1210 1096 1493 1163 ὀψώνιον,
1536 1098 1630 1150 καὶ
1668 1098 1786 1162 ἐξὸν
1826 1097 2026 1149 ἐσθίειν
2052 1094 2146 1146 καὶ

566 1178 640 1247 μὴ
663 1177 1008 1244 ἐργάζεσθαι,
1037 1179 1136 1231 οὐκ
1159 1179 1399 1249 ἐζήτησα
1419 1180 1596 1243 τοῦτο,
1615 1180 1726 1232 ἀλλ’
1755 1179 1974 1247 εἱλόμην
2002 1174 2146 1244 λιμῷ

564 1260 924 1330 διαφθαρῆναι
947 1262 1164 1331 μᾶλλον,
1200 1263 1232 1331 ἢ
1259 1263 1605 1316 σκανδαλίσαι
1636 1265 1840 1332 ἕτερον.
1874 1261 1971 1312 Διά
1990 1258 2146 1312 τοῦτό

565 1359 717 1410 φησι,
762 1343 960 1396 Πάντα
993 1343 1181 1397 πᾶσιν
1203 1346 1455 1411 ἀρέσκω.
1495 1346 1595 1398 Ἂν
1620 1363 1677 1397 τε
1709 1346 2044 1412 παράνομον,
2083 1343 2147 1394 ἀν

562 1443 619 1476 τε
656 1427 909 1479 ἐπίπονον
949 1430 1039 1481 καὶ
1078 1430 1418 1482 ἐπικίνδυνον
1444 1429 1537 1500 δέῃ
1573 1429 1815 1496 ποιῆσαι,
1863 1429 2038 1480 πάντα
2069 1427 2147 1486 είς

562 1507 623 1558 16
653 1509 852 1578 ἐτέρων
887 1512 1159 1579 συμφέρον
1184 1512 1464 1580 ὑπομένω,
1485 1508 1707 1563 Πάντων
1726 1510 1855 1578 γοῦν
1878 1509 2147 1577 ἀνώτερος

561 1589 638 1641 ῶν
666 1592 805 1643 κατὰ
839 1592 937 1661 τὴν
979 1593 1285 1662 ἀκρίϐειαν,
1331 1594 1547 1646 πάντων
1602 1594 1910 1662 κατώτερος
1955 1591 2145 1659 γέγονε

565 1673 705 1725 κατά
736 1674 834 1741 τὴν
863 1674 1289 1738 ωγκατάϐασιν.

637 1756 741 1806 Καὶ
768 1756 874 1823 γὰρ
913 1756 1063 1809 οὐδὲν
1094 1757 1422 1826 κατόρθωμα
1471 1760 1671 1830 σφόδρα
1721 1759 1862 1828 μέγα
1885 1753 2021 1811 εἶναι
2051 1757 2145 1811 δύ-

563 1839 698 1889 ναιτ’
731 1838 818 1901 ἂν,
849 1842 976 1892 ὅταν
1014 1840 1086 1909 μὴ
1117 1841 1176 1892 16
1208 1842 1392 1910 κέρδος
1421 1845 1514 1894 καὶ
1546 1847 1622 1905 εἰς
1655 1843 1872 1912 ἐτέρους
1906 1842 2142 1910 διαδιδῴ·

564 1921 657 1972 καὶ
681 1920 827 1989 δηλοῖ
856 1923 882 1973 6
911 1922 972 1973 16
999 1923 1256 1975 τάλαντον
1280 1925 1429 1992 ὑγιὲς
1457 1928 1861 1992 προσενεγκὼν,
1891 1925 1986 1976 καὶ
2007 1923 2148 1993 διχο-

560 2003 817 2073 τομηθεὶς
851 2004 1033 2073 ἐπειδὴ
1057 2005 1186 2056 αὐτὸ
1227 2005 1326 2058 οὐκ
1368 2006 1679 2060 ἐπλεόνασε.
1708 2008 1818 2060 Kal
1854 2008 1915 2059 σὺ
1946 2006 2144 2068 τοίνυν,

562 2085 776 2151 ἀδελφέ,
820 2087 923 2137 κᾶν
955 2087 1136 2149 60:10;
1169 2089 1354 2158 μένῃς,
1397 2089 1501 2140 κᾶν
1525 2088 1696 2158 χαμαὶ
1732 2089 2011 2159 καθεύδῃς,
2047 2087 2148 2139 κᾶν

564 2169 769 2238 τέφραν
802 2168 1007 2238 ἐσθίῃς,
1059 2169 1158 2221 κᾶν
1211 2169 1411 2240 θρηνῇς
1456 2172 1763 2232 διαπαντὸς,
1801 2174 1892 2223 καὶ
1945 2171 2146 2240 μηδένα

561 2250 747 2316 ἕτερον
768 2250 1002 2320 ὡφελῇς.
1027 2252 1183 2304 οὐδὲν
1219 2255 1360 2322 μέγα
1385 2254 1612 2324 ἐργάσῃ.
1647 2254 1756 2305 Kal
1786 2255 1892 2323 γὰρ
1914 2254 2005 2306 καὶ
2037 2256 2146 2314 τοῖς

563 2334 622 2383 ἐν
667 2334 807 2402 ἀρχῇ
870 2336 1124 2403 μεγάλοις
1182 2338 1277 2388 xal
1329 2336 1599 2402 γενναίοις
1654 2337 1879 2399 ἐκείνοις
1920 2336 2146 2403 ἀνδράσι

562 2415 720 2467 τοῦτο
776 2417 1009 2483 μάλιστα
1054 2418 1520 2488 περισπούδαστον
1563 2414 1655 2488 ήν·
1689 2419 1938 2482 ἐξέτασον
1968 2419 2146 2470 αὐτῶν

565 2498 703 2565 μετά
737 2499 1021 2566 ἀκριϐείας
1057 2501 1146 2552 τὸν
1183 2502 1316 2568 βίον,
1347 2501 1438 2554 καὶ
1473 2502 1592 2569 δῴει
1623 2503 1828 2570 σαφῶς,
1862 2503 1943 2554 ὅτι
1972 2501 2147 2561 οὐδεὶς

563 2581 746 2632 αὐτῶν
765 2582 831 2633 τά
855 2582 1047 2634 ἑαυτοῦ
1068 2599 1196 2634 ποτε
1224 2582 1548 2654 ὲσκόπησεν,
1568 2585 1703 2637 ἀλλά
1719 2585 1788 2636 τὰ
1805 2584 1903 2648 τοῦ
1922 2582 2148 2651 πλησίον

563 2666 812 2726 ἔκαστος·
838 2666 958 2718 ὅθεν
996 2667 1088 2718 καὶ
1126 2666 1370 2736 ἔλαμψαν
1407 2669 1626 2736 μᾶλλον.
1656 2667 1765 2718 Kal
1803 2665 1909 2735 γὰρ
1939 2665 2032 2716 xal
2070 2664 2149 2733 τῷ

564 2748 768 2816 Μωῦσῇ
808 2748 975 2800 πολλά
999 2749 1085 2801 xal
1121 2750 1334 2818 μεγάλα
1365 2750 1624 2819 εἰργάσθη
1651 2750 1904 2818 θαύματα
1934 2749 2026 2800 καὶ
2055 2764 2150 2817 ση-

567 2831 714 2896 μεῖα·
748 2831 860 2882 ἀλλ’
892 2831 1041 2881 οῦδὲν
1075 2832 1236 2882 αὐτὸν
1280 2830 1421 2882 οὕτω
1470 2832 1644 2899 μέγαν
1688 2832 1965 2900 ἐποίησεν,
1995 2831 2070 2894 ὡς
2114 2834 2146 2900 ἡ

569 2912 814 2981 μακαρία
857 2912 1038 2980 ἐκείνη
1088 2913 1258 2982 φωνὴ,
1288 2913 1355 2983 ἣν
1381 2914 1516 2983 πρὸς
1549 2914 1639 2965 τὸν
1665 2914 1795 2966 Θεὸν
1826 2914 2029 2982 ἀφῆκε,
2057 2912 2147 2966 λέ-

568 3010 696 3060 γων·
733 2997 800 3046 Εί
832 2995 945 3063 μὲν
971 2994 1128 3061 ἀφῇς
1163 2995 1368 3061 αἰτοῖς
1401 2996 1514 3061 τὴν
1553 2997 1864 3064 ἁμαρτίαν,
1895 2997 2063 3062 ἄφες·
2097 2998 2150 3047 εί

565 3077 635 3126 δὲ
663 3077 768 3144 μὴ,
806 3077 954 3144 κάμὲ
1001 3077 1351 3146 ἐξάλειψον.
1385 3077 1633 3140 Τοιοῦτος
1673 3077 1824 3147 [εει]
1861 3074 1927 3147 ἦν
1981 3079 2076 3130 καὶ
2122 3080 2149 3130 6

568 3160 763 3210 Δαυῖδ·
830 3160 912 3212 διὸ
960 3161 1052 3212 καὶ
1091 3161 1293 3226 ἔλεγεν,
1336 3160 1482 3229 Ἐγὼ
1529 3164 1561 3213 ό
1604 3161 1830 3229 ποιμὴν
1859 3161 2144 3229 ἥμαρτον,

567 3243 667 3294 καὶ
698 3241 811 3308 ἐγὼ
839 3243 1268 3307 ἐκιικοποίησα,
1318 3244 1416 3295 καὶ
1457 3239 1623 3298 οὗτοι
1667 3245 1733 3296 τὸ
1781 3245 2059 3313 ποίμνιον
2092 3245 2149 3297 τί

567 3328 900 3392 ἐποίησαν;
927 3324 1204 3392 Γενέσθω
1250 3329 1288 3394 ἠ
1327 3327 1454 3394 χείρ
1482 3343 1598 3379 σου
1628 3328 1720 3377 ἐπ’
1759 3327 1883 3395 ἐμὲ,
1913 3327 2013 3381 καί
2049 3327 2149 3380 ἐπὶ

569 3411 678 3462 τὸν
693 3405 860 3462 οἷκον
877 3411 983 3463 τοῦ
1009 3412 1231 3477 πατρός
1254 3429 1391 3477 μου.
1419 3408 1572 3462 Οὕτω
1602 3411 1694 3464 καὶ
1716 3412 1743 3464 6
1773 3412 2020 3481 Ἀϐραὰμ
2048 3413 2147 3463 ούκ

568 3491 752 3560 ἐζήτει
782 3493 839 3543 16
866 3491 1057 3544 ἐαυτοῦ
1088 3493 1385 3562 συμφέρον,
1420 3493 1553 3545 ἀλλά
1574 3492 1634 3544 16
1659 3493 1765 3545 τῶν
1798 3494 2026 3548 πολλῶν.
2058 3494 2148 3546 Διὸ

571 3576 662 3626 καὶ
694 3573 954 3636 κινδύνοις
978 3576 1168 3627 ἐαυτὸν
1199 3575 1452 3640 ἐξεδίδου,
1482 3576 1577 3627 καὶ
1602 3575 1691 3627 τὸν
1719 3576 1852 3628 Θεὸν
1880 3577 2019 3647 ὑπὲρ
2041 3577 2147 3629 τῶν

569 3655 720 3708 οὐδὲν
750 3656 895 3726 αύτῴ
926 3657 1309 3725 προσηκόντων
1350 3657 1668 3726 παρεκάλει.
1713 3659 1821 3710 Kal
1851 3652 1997 3711 οὗτοι
2048 3660 2147 3729 μὲν

569 3739 741 3801 οὕτως
772 3739 1040 3808 ἔλαμψαν·
1073 3741 1120 3790 οί
1161 3738 1217 3791 δὲ
1243 3739 1311 3790 τὰ
1344 3740 1551 3792 ἑαυτῶν
1583 3739 1911 3810 ζητήσαντες
1956 3741 2146 3794 σκόπει

572 3825 690 3884 πῶς
743 3825 836 3876 καὶ
872 3824 1197 3892 ἐϐλάϐησαν.
1243 3824 1297 3876 Ὀ
1345 3824 1476 3892 γοῦν
1524 3825 1835 3893 ἀδελφιδοῦς
1882 3826 2143 3889 ὁτούτου,

569 3908 756 3977 ἐπειδὴ
782 3909 1030 3977 ηκουσεν,
1059 3912 1127 3963 El
1156 3909 1236 3962 σὺ
1258 3912 1344 3974 είς
1366 3909 1552 3974 δεξιὰ,
1581 3909 1695 3976 ἐγὼ
1716 3909 1783 3960 δὲ
1804 3911 1892 3974 είς
1915 3911 2147 3976 ἀριστε-

563 3993 664 4061 ρὰ,
696 3991 789 4044 καὶ
813 3992 910 4061 τὴν
935 3993 1149 4062 αἵρεσιν
1171 3992 1376 4054 λαϐὼν,
1405 3993 1465 4044 16
1494 3991 1686 4044 ἐαυτοῦ
1721 3994 1994 4062 συμφέρον
2021 3992 2147 4062 ἐζή-

569 4093 754 4143 τησεν,
783 4075 903 4128 ούδέ
932 4075 992 4126 τὸ
1019 4076 1214 4128 ἐαυτοῦ
1249 4069 1425 4144 εὗρεν·
1449 4075 1562 4127 ἀλλ’
1592 4075 1730 4146 αῦτη
1773 4078 1871 4145 μὲν
1897 4074 2148 4145 ἐνεπυρί-

571 4157 693 4219 ζετο
733 4159 766 4226 ή
802 4156 974 4226 χώρα,
1005 4157 1185 4226 ἐκείνη
1216 4157 1269 4209 δὲ
1305 4159 1496 4228 ἔμενεν
1534 4158 1829 4223 ἀνέπαφος.
1864 4158 1921 4211 'U
1965 4160 2148 4221 Ἰωνᾶς

571 4239 732 4294 πάλιν
770 4241 832 4291 ού
863 4240 1104 4309 ζητήσας
1138 4240 1198 4291 16
1222 4239 1331 4292 τῶν
1364 4240 1569 4295 πολλῶν
1601 4241 1902 4310 συμφέρον,
1924 4240 2060 4293 ἀλλά
2087 4241 2149 4294 16

570 4321 787 4384 ἐαυτοῦ,
827 4323 917 4374 καὶ
946 4322 1239 4383 ἀπολέσθαι
1265 4323 1622 4376 ἐκινδύνευσε·
1663 4325 1756 4376 καὶ
1783 4328 1815 4393 ή
1862 4325 1960 4393 μὲν
1995 4325 2150 4389 πόλις

574 4408 835 4473 εἱστήκει,
867 4407 1027 4469 αὐτὸς
1052 4405 1107 4460 δέ
1141 4406 1425 4461 ἐσαλεύετο
1458 4408 1553 4460 xal
1578 4407 1963 4479 ἐκλυδωνίζετο
1995 4421 2018 4449 ι
2055 4413 2150 4462 καὶ

576 4489 1010 4549 κατεποντίζετο.
1062 4484 1290 4541 Ὅτεδέ
1341 4488 1402 4540 16
1444 4489 1550 4541 τῶν
1614 4490 1823 4541 πολλῶν
1873 4491 2150 4560 συμφέρον

575 4570 828 4639 ἐζήτησε,
860 4569 980 4620 τότε
1014 4568 1106 4620 καί
1141 4569 1201 4619 τὸ
1231 4569 1425 4621 ἐαυτοῦ
1459 4562 1638 4639 εὗρεν.
1671 4571 1828 4624 Οὕτω
1855 4572 1948 4624 καὶ
1977 4574 2006 4623 6
2044 4574 2149 4624 'la-

576 4653 689 4706 κὼϐ
733 4653 825 4704 ἐπὶ
857 4650 966 4704 τῶν
1002 4650 1265 4719 ποιμνίων
1306 4650 1379 4720 μή
1418 4651 1659 4723 ζητήσας
1701 4653 1760 4706 16
1785 4654 1983 4706 οίκεῖον
2019 4652 2149 4724 κέρ-

573 4734 682 4798 δος,
709 4734 809 4802 τῆς
837 4733 1038 4801 πολλῆς
1060 4733 1318 4803 εὐπορίας
1348 4735 1649 4804 ἀπήλαυσε.
1675 4736 1785 4789 Kal
1817 4737 1846 4788 6
1877 4735 2072 4806 Ἰωσὴφ
2093 4735 2151 4788 δέ

574 4819 635 4870 τὸ
673 4817 780 4868 τῶν
813 4815 1054 4882 ἀδελφῶν
1095 4816 1371 4883 συμφέρον
1410 4817 1670 4887 ζητήσας,
1698 4814 1824 4889 εὗρε
1849 4819 1909 4873 16
1936 4818 2148 4874 ἐαυτοῦ.

575 4899 935 4970 Πεμπόμενος
955 4897 1084 4966 γοῦν
1114 4899 1267 4968 παρά
1293 4897 1387 4950 τοῦ
1418 4901 1620 4968 πατρὸς
1650 4903 1748 4954 οὐκ
1769 4897 1912 4965 εἶπε,
1936 4903 2003 4954 Τί
2030 4901 2155 4955 τοῦ·

574 4998 668 5049 10;
707 4981 806 5036 οὐκ
835 4981 1072 5052 ήκουσας
1103 4981 1185 5034 ὅτι
1218 4980 1357 5050 ὺπέρ
1390 4979 1564 5047 ὅψεως
1615 4981 1710 5034 xal
1753 4982 2020 5035 ἐνυπνίων
2059 4985 2155 5037 καὶ

574 5067 873 5121 διασπᾶσαι
903 5083 969 5137 με
994 5064 1334 5137 ἐπεχείρουν,
1367 5065 1461 5119 καὶ
1488 5066 1783 5136 ὀνειράτων
1811 5065 2038 5129 εὐθύνας
2060 5068 2156 5120 ὐπ-

576 5152 742 5218 εῖχον,
771 5150 866 5204 καὶ
895 5149 990 5204 τοῦ
1028 5149 1300 5217 φιλεῖσθαί
1328 5166 1395 5220 με
1426 5148 1702 5221 παράισοῦ
1733 5149 1926 5221 δίδωμι
1956 5150 2151 5220 δίκην;

575 5231 630 5302 τί
658 5227 750 5285 οὖν
788 5233 887 5284 οὐκ
927 5232 1251 5304 ἐργάσονταί
1281 5249 1349 5303 με
1385 5232 1639 5297 λαϐόντες
1682 5236 1764 5297 είς
1815 5236 2014 5304 μέσον;
2050 5233 2156 5287 Οὑ-

578 5313 677 5371 δέν,
735 5313 939 5368 τούτων
997 5313 1178 5382 εἶπεν,
1238 5319 1338 5372 οὐκ
1387 5317 1698 5386 ἐνενόησεν,
1745 5317 1880 5372 ἀλλά
1937 5318 2157 5373 πάντων

579 5397 822 5468 προτιμᾷ
849 5397 949 5468 τὴν
985 5398 1092 5452 τῶν
1123 5400 1366 5468 ἀδελφῶν
1396 5398 1711 5470 θεραπείαν.
1742 5400 1843 5453 Διά
1873 5401 2029 5454 τοῦτο
2063 5402 2155 5455 καὶ

580 5481 798 5534 πάντων
825 5481 934 5535 τῶν
965 5481 1104 5552 μετά
1140 5483 1312 5537 ταῦτα
1351 5483 1660 5537 ἀπέλαυσεν
1706 5482 1949 5550 ἀγαθῶν,
1992 5485 2028 5538 ἀ
2061 5486 2156 5538 καὶ

581 5563 789 5639 σφόδρα
830 5564 1079 5637 λαμπρὸν
1132 5566 1392 5636 ἐποίησαν
1450 5567 1544 5621 xal
1594 5563 1799 5632 ἔνδοξον
1848 5565 2153 5635 ἀπέφηναν.

645 5819 675 5848 ⁸
693 5817 903 5868 Damni
932 5817 1054 5879 har,
1075 5815 1155 5866 καὶ
1180 5814 1529 5872 έκλυδωνίζετο.

1283 324 1338 409 S.
1376 322 1659 380 JOANNIS
1695 317 2178 379 CHRYSOSTOMI
2211 319 2527 378 ARCHIEP.
2565 321 3114 379 CONSTANTINOP.

3723 315 3832 374 2m

2250 435 2404 490 Οῦτω
2471 439 2566 492 καὶ
2632 441 2903 507 Μωῦσῆς·
2971 436 3124 489 οὐδὲν
3184 435 3291 507 γὰρ
3354 434 3552 489 κωλύει
3612 434 3708 487 καὶ
3769 438 3835 485 ἐκ

2248 518 2503 591 δευτέρου
2569 521 2730 574 πάλιν
2783 519 2947 572 αὑτοῦ
3016 518 3339 588 μνησθῆναι,
3397 517 3491 570 καὶ
3538 517 3666 569 ἰδεῖν
3713 515 3836 573 πῶς

2248 602 2317 654 16
2363 605 2483 656 καθ’
2513 605 2704 657 ἐαυτὸν
2751 602 3035 674 παρεώρα,
3081 602 3178 654 καὶ
3217 601 3285 652 τὰ
3334 601 3442 652 τῶν
3485 599 3660 653 ἄλλων
3706 597 3835 668 ἐζή-

2249 702 2349 739 τει.
2401 681 2563 748 Οὗτος
2608 687 2716 756 γὰρ
2761 688 2818 737 ἐν
2868 683 3158 755 βασιλείοις
3218 681 3601 752 στρεφόμενος,
3643 679 3833 748 ἐπειδὴ

2255 769 2475 837 μείζονα
2509 769 2736 822 πλοῦτον
2782 772 3027 839 ἡγήσατο
3077 767 3186 819 τῶν
3228 764 3500 830 Δίγύπτου
3542 761 3835 833 θησαυρῶν

2251 851 2342 902 16v
2371 851 2692 921 ὀνειδισμὸν,
2729 854 2821 904 καὶ
2850 852 3028 904 πάντα
3082 849 3192 902 ἀπὸ
3249 848 3357 900 τῶν
3409 844 3608 915 χειρῶν
3644 845 3833 914 ῥίψας.

2253 933 2525 985 ἐκοινώνει
2554 934 2660 987 τῶν
2688 935 2871 986 κακῶν
2899 936 3012 995 τοῖς
3050 929 3346 1001 Ἑϐραίοις,
3371 930 3432 981 ού
3471 927 3631 997 μόνον
3673 925 3839 986 αὐτὸς

2253 1016 2351 1067 ούκ
2376 1016 2666 1088 ἐδουλώθη,
2701 1017 2836 1068 ἀλλά
2874 1018 2966 1068 καὶ
2997 1016 3237 1078 ἐκείνους
3263 1013 3503 1074 δουλείας
3532 1008 3836 1079 ἀπήλλαξε.

2255 1101 2483 1167 Μεγάλα
2519 1102 2618 1172 μὲν
2656 1097 2748 1155 οὖν
2778 1101 2972 1166 ταῦτα,
3025 1101 3119 1153 καὶ
3164 1097 3466 1167 ἀγγελικῆς
3509 1095 3635 1159 ἀξια
3679 1093 3839 1147 πολι·

2255 1185 2424 1245 τείας.

2323 1267 2385 1320 δ’.
2411 1266 2482 1317 T6
2498 1267 2552 1319 δὲ
2577 1266 2669 1318 τοῦ
2689 1267 2900 1318 Παύλου
2933 1265 3134 1333 πολλὴν
3164 1264 3276 1332 ἔχει
3303 1263 3402 1330 τὴν
3419 1260 3750 1331 ὑπερϐολήν.
3774 1260 3840 1309 οι

2259 1349 2354 1417 μὲν
2389 1350 2494 1417 γάρ
2529 1348 2678 1400 ἄλλοι
2715 1350 2913 1410 πάντες
2937 1348 3006 1400 τὰ
3037 1346 3215 1400 αὐτῶν
3241 1346 3468 1414 ἀφέντες
3492 1343 3694 1409 ἀγαθὰ,
3724 1345 3842 1403 τοῖς

2255 1431 2362 1481 τῶν
2410 1431 2635 1500 πλησίον
2670 1432 2872 1483 εἵλοντο
2907 1432 3183 1483 κοινωνεῖν
3219 1430 3409 1486 κακοῖς
3433 1443 3446 1458 ·
3477 1427 3506 1477 6
3539 1425 3592 1478 δὲ
3629 1423 3842 1483 Παῦλος

2257 1511 2431 1581 πολλῷ
2464 1513 2646 1582 μεῖξον
2677 1514 2949 1582 ἐποίησεν.
2987 1513 3058 1565 Ού
3085 1512 3191 1579 γὰρ
3225 1513 3343 1572 ταῖς
3374 1509 3459 1561 ἑτέ
3472 1526 3576 1576 ρων
3606 1506 3844 1574 ἠθέλησε

2255 1597 2580 1666 κοινωνῆσαι
2613 1599 2935 1666 συμφοραῖς,
2970 1596 3082 1647 ἀλλ’
3111 1596 3281 1647 εἵλετο
3307 1593 3468 1655 αὐτὸς
3491 1587 3631 1643 εἷναι
3649 1592 3706 1641 ἐν
3729 1593 3843 1649 τοῖς

2256 1683 2521 1749 ἐσχάτοις,
2553 1682 2636 1733 ἵνα
2666 1683 2841 1750 ἐτεροι
2880 1682 3134 1747 γίνωνται
3183 1681 3249 1730 ἐν·
3288 1678 3531 1743 ἀγαθοῖς.
3565 1675 3682 1727 Οὐκ
3726 1672 3846 1724 ἐστι

2254 1766 2310 1816 δὲ
2365 1767 2476 1817 ἴσον
2506 1766 2635 1818 ὄντα
2671 1767 2729 1816 ἐν
2761 1767 2938 1833 τρυφῇ
2975 1763 3126 1830 ῥῖψαι
3171 1762 3379 1831 τρυφὴν
3415 1761 3507 1810 xal
3554 1756 3846 1833 κακουχεῖ-

2259 1846 2400 1907 σθαι,
2418 1848 2578 1898 αὑτὸν
2597 1847 2755 1914 μόνον
2777 1845 3045 1913 κακουχού
3056 1861 3212 1911 μενον
3231 1843 3445 1910 ἐτέρους
3466 1838 3685 1906 ποιῆσαι
3701 1831 3847 1886 εἶναι

2258 1932 2313 1979 ἐν
2340 1931 2490 2000 ἀδείᾳ
2538 1931 2629 1981 καὶ
2656 1931 2810 1998 τιμῇ.
2847 1927 3109 1980 Ἐνταῦθα
3148 1927 3244 1994 μὲν
3271 1924 3378 1991 γὰρ
3407 1925 3452 1973 εί
3483 1924 3576 1973 καὶ
3609 1921 3757 1989 μέγα
3785 1919 3847 1970 16

2258 2011 2584 2073 ἀλλάξασθαι
2624 2011 2690 2063 1‘1
2732 2010 2875 2062 κακά
2925 2011 3031 2062 τῶν
3076 2008 3296 2075 ἀγαθῶν
3342 2004 3428 2057 διὰ
3468 2005 3557 2054 τὸν
3592 2001 3847 2069 πλησίον.

2257 2095 2368 2148 ἀλλ’
2400 2097 2547 2164 ὅμως
2585 2095 2738 2165 φέρει
2760 2094 2879 2146 τινὰ
2912 2092 3263 2162 παραμυθίαν
3285 2089 3342 2142 16
3373 2088 3661 2165 κοινωνοὺς
3701 2085 3850 2151 ἔχειν

2255 2179 2353 2246 τῆς
2392 2163 2744 2247 δυσημερίας·
2788 2177 2846 2228 16
2887 2177 2944 2228 δὲ
2977 2176 3138 2228 αὑτὸν
3174 2174 3331 2244 μόνον
3368 2171 3571 2225 ἐθέλειν
3615 2163 3756 2220 εἶναι
3787 2168 3848 2218 ἐν

2254 2265 2367 2323 τοῖς
2396 2261 2676 2328 λυπηροῖς,
2716 2262 2801 2312 ἵνα
2828 2260 3003 2329 ἕτεροι
3039 2257 3146 2308 τῶν
3185 2255 3437 2325 χρηστῶν
3467 2251 3846 2309 ἀπολαύσωσι,

2257 2343 2414 2395 τοῦτο
2459 2344 2636 2412 πολλῷ
2681 2341 3077 2410 νεανικωτέρας
3124 2339 3302 2408 ψυχῆς
3346 2339 3439 2390 xal
3492 2335 3586 2388 τοῦ
3628 2333 3848 2386 Παύλου

2259 2429 2622 2495 φρονήματος.

2328 2511 2400 2560 Ού
2425 2511 2594 2577 ταύτῃ
2628 2508 2684 2558 δὲ
2719 2508 2897 2576 μόνον,
2921 2505 3056 2557 ἀλλά
3085 2504 3177 2557 καὶ
3208 2502 3368 2572 ἐτέρᾳ
3391 2499 3543 2572 [225]
3570 2498 3850 2569 ὑπερϐολῇ

2262 2593 2465 2660 μείζονι
2520 2592 2647 2659 νικᾷ
2685 2592 2811 2651 τοὺς
2857 2587 3287 2657 προειρημένους
3337 2587 3598 2645 ἅπαντας.
3647 2583 3704 2635 Ὀ
3749 2583 3851 2650 μὲν

2258 2675 2365 2743 γὰρ
2412 2674 2662 2746 Ἀϐραὰμ
2695 2674 2787 2724 xal
2813 2673 2859 2723 οἱ
2886 2671 3063 2723 λοιποὶ
3093 2669 3290 2730 πάντες
3321 2667 3588 2727 κινδύνοις
3621 2664 3852 2726 ἑαυτοὺς

2261 2757 2581 2826 περιέϐαλον
2636 2759 2747 2817 τοῖς
2813 2756 2867 2806 ἐν
2915 2754 2992 2824 τῷ
3058 2754 3284 2822 παρόντι
3335 2752 3455 2820 βίῳ,
3507 2751 3604 2802 καὶ
3647 2750 3851 2808 πάντες

2259 2841 2595 2904 ἁπαξαπλῶς
2648 2841 2845 2891 ἐκεῖνοι
2891 2837 3077 2890 τοῦτον
3108 2837 3270 2905 ᾔτουν
3301 2835 3391 2887 16v
3425 2833 3676 2885 θάνατον·
3718 2833 3747 2882 6
3796 2829 3851 2880 δέ

2259 2924 2468 2985 Παῦλος
2517 2923 2615 2992 τῆς
2648 2922 2810 2987 δόξης
2851 2922 2952 2987 τῆς
2999 2917 3301 2987 μελλούσης
3344 2915 3546 2985 ηὔξατο
3593 2913 3854 2965 ἐκπεσεῖν

2261 3007 2399 3078 ὑπὲρ
2444 3007 2542 3074 τῆς
2575 3005 2683 3056 τῶν
2735 3002 2931 3072 ἐτέρων
2982 2999 3272 3068 σωτηρίας.
3314 2999 3460 3066 Ἔχω
3515 2997 3608 3048 xal
3657 2995 3854 3065 τρίτην

2259 3093 2430 3142 εἰπεῖν
2488 3086 2812 3158 ὑπερϐολήν.
2849 3083 3012 3136 Ποίαν
3062 3082 3116 3134 δέ
3172 3081 3415 3150 ταύτην;
3450 3080 3572 3130 Ὅτι
3622 3078 3857 3128 ἐκείνων

2262 3175 2359 3244 μὲν
2401 3173 2548 3236 ἔνιοι,
2594 3173 2640 3223 εί
2687 3169 2782 3222 καὶ
2814 3167 2923 3220 τῶν
2957 3165 3459 3218 ἐπιϐουλευσάντων
3498 3164 3853 3232 προῖσταντο,

2258 3243 2371 3311 ἀλλ’
2400 3257 2546 3324 ὅμως
2577 3247 2652 3305 ὧν
2674 3254 2772 3322 τὴν
2798 3247 3157 3319 δημαγωγίαν
3191 3243 3329 3317 ἦσαν
3351 3243 3853 3313 ἐγκεχειρισμένα·

2259 3340 2350 3393 xal
2405 3338 2600 3390 ταύτὸν
2653 3334 2988 3394 συνέϐαινεν,
3022 3327 3132 3384 οἷον
3177 3331 3243 3383 ἂν
3289 3331 3342 3381 εῐ
3367 3347 3449 3389 τις
3488 3327 3806 3397 προῖσταιτο
3834 3336 3852 3355 ⁸

2261 3423 2374 3473 υἱοῦ
2417 3420 2619 3490 φαύλου
2655 3418 2752 3486 μὲν
2783 3417 2877 3469 καὶ
2920 3415 3260 3484 παρανόμου,
3290 3411 3404 3464 υἱοῦ
3435 3411 3490 3463 δὲ
3519 3409 3688 3490 ὅμως·
3719 3411 3748 3460 6
3792 3407 3853 3458 δέ

2260 3484 2469 3564 Παῦλος
2496 3500 2634 3568 ὑπὲρ
2657 3484 2866 3550 τούτων
2892 3497 3139 3550 ἐϐούλετο
3165 3490 3303 3547 εἶναι
3335 3491 3602 3560 ἀνάθεμα,
3635 3484 3712 3541 ὧν
3745 3490 3854 3541 οὐκ

2256 3582 2322 3654 ἦν
2346 3580 2850 3653 ἐμπεπιστευμένος
2870 3581 2967 3650 τὴν
2995 3578 3348 3648 προστασίαν·
3380 3575 3458 3636 είς
3485 3573 3596 3640 γὰρ
3618 3571 3688 3623 16
3714 3569 3849 3640 ἐθνη

2255 3665 2322 3738 ἦν
2349 3665 2772 3732 ἀπεσταλμένος.
2808 3659 2957 3724 Εἶδες
2990 3660 3166 3730 ψυχῆς
3194 3658 3419 3728 μέγεθος
3449 3655 3541 3707 xal
3565 3655 3854 3738 φρονήμα-

2257 3737 2343 3813 τος
2383 3750 2516 3818 ῦψος
2551 3746 2712 3799 αὑτὸν
2751 3744 3078 3814 ὑπερϐαῖνον
3108 3743 3199 3795 τὸν
3229 3741 3490 3811 ούρανόν;
3537 3737 3708 3789 Τοῦτο
3743 3738 3849 3806 ζή-

2258 3836 2446 3887 λωσον·
2480 3835 2528 3884 εί
2557 3831 2613 3884 δέ
2645 3830 2705 3883 οὐ
2734 3828 2980 3886 δύνασαι.
3006 3826 3110 3878 κᾶν
3133 3825 3257 3885 τοὺς
3291 3825 3349 3874 ἐν
3369 3827 3434 3891 τῇ
3467 3819 3678 3888 Παλαιᾷ
3701 3818 3852 3887 λάμ-

2256 3917 2482 3985 ψαντας.
2518 3913 2674 3966 Οὖτω
2709 3911 2815 3979 γὰρ
2852 3910 3105 3979 εὑρήσεις
3144 3907 3203 3959 τό
3237 3923 3318 3958 σοι
3348 3903 3645 3985 συμφέρον,
3683 3901 3751 3954 ἀν
3785 3901 3852 3955 16

2257 3984 2349 4053 τοῦ
2401 3997 2629 4066 πλησίον
2669 3993 2859 4063 ζητῇς.
2898 3993 3061 4042 Ὥστε
3103 3991 3232 4042 ὅταν
3270 3988 3434 4056 ὀκνῇς
3464 3984 3851 4055 ἐπιμελεῖσθαι

2255 4082 2350 4135 τοῦ
2388 4078 2638 4147 ἀδελφοῦ.
2676 4077 2931 4144 ἐννοήσας
2958 4075 3038 4125 ὃτι
3070 4072 3191 4125 οὐδὲ
3218 4071 3393 4132 άλλως
3423 4069 3628 4141 δυνήσῃ
3660 4067 3850 4135 σωθῆ-

2257 4183 2366 4227 ναι,
2392 4163 2478 4215 διά
2509 4160 2639 4230 γοῦν
2676 4157 2868 4211 σαυτὸν
2894 4155 3102 4209 ἐκείνου
3138 4151 3405 4223 πρόστηθι
3431 4151 3524 4204 καὶ
3550 4150 3658 4202 τῶν
3693 4148 3852 4200 ἐκεί-

2256 4265 2348 4300 νου
2391 4244 2748 4316 πραγμάτων.
2795 4239 2976 4293 Ἱκανά
3021 4239 3117 4307 μὲν
3162 4238 3272 4306 γάρ
3321 4235 3416 4288 xal
3459 4234 3528 4287 16
3573 4231 3852 4302 είρημένα

2260 4333 2464 4386 πεῖσαι,
2493 4329 2574 4379 ὃτι
2605 4325 2780 4385 άλλως
2823 4323 2923 4375 οὐκ
2958 4322 3034 4374 ένι
3068 4320 3127 4373 16
3153 4323 3286 4390 ἡμῖν
3327 4318 3605 4387 συμφέρον
3639 4316 3850 4385 εὑρεῖν.

2260 4414 2322 4464 Εἰ
2359 4410 2416 4462 δέ
2448 4408 2624 4478 βούλει
2653 4407 2746 4458 καὶ
2779 4407 2843 4458 ἐκ
2866 4405 2974 4457 τῶν
3006 4406 3064 4456 ἐν
3101 4402 3360 4473 συνηθείᾳ
3388 4397 3854 4467 παραδειγμάτων

2258 4492 2416 4545 τοῦτο
2461 4491 2672 4560 μαθεῖν,
2701 4487 2953 4557 ἐννόησον
2982 4488 3030 4537 εί
3057 4485 3300 4554 συμϐαίη
3327 4500 3428 4536 που
3461 4480 3572 4550 πῦρ
3603 4478 3854 4548 ἀναφθῆ-

2260 4592 2348 4627 ναι
2396 4576 2452 4627 ἐν
2481 4573 2648 4642 οίκίᾳ,
2677 4566 2796 4623 εἶτά
2845 4585 2988 4631 τινες
3038 4567 3144 4620 τῶν
3180 4566 3405 4636 πλησίον
3434 4563 3746 4622 οἰκούντων,
3793 4561 3858 4612 16

2262 4656 2470 4708 ἐαυτῶν
2496 4655 2824 4715 σκοποῦντες
2857 4651 2933 4722 μὴ
2968 4651 3385 4724 παρατάξωνται
3416 4648 3529 4708 τοῖς
3562 4645 3855 4711 κινδύνοις,

2261 4736 2397 4790 ἀλλά
2426 4739 2520 4789 xal
2551 4735 3006 4796 κατακλείσαντες
3053 4733 3280 4792 ἑαυτοὺς
3313 4729 3452 4781 οῐκοι
3483 4729 3729 4796 μείνωσι,
3761 4729 3850 4781 δε-

2261 4821 2500 4882 δοικότες
2533 4821 2608 4888 μή
2639 4835 2722 4880 τις
2750 4816 3079 4871 ἐπεισελθὼν
3129 4809 3392 4883 ὑφέληται
3440 4827 3493 4863 τι
3537 4811 3647 4863 τῶν
3677 4810 3858 4876 ινδον,

2261 4906 2396 4978 ὅσην
2444 4901 2843 4968 ύποστήσονται
2871 4899 3178 4968 τιμωρίαν;
3208 4896 3318 4978 Kal
3345 4892 3454 4962 γὰρ
3504 4890 3858 4978 16711130611;-

2263 4975 2415 5037 ἐλθὸν
2453 4983 2668 5037 ἃπαντα
2699 4981 3024 5051 καταφλέξει
3063 4981 3132 5034 16
3171 4977 3416 5030 ἐκείνων·
3449 4977 3546 5030 καὶ
3571 4975 3758 5045 ἐπειδὴ
3796 4976 3860 5028 16

2262 5069 2356 5121 τοῦ
2385 5066 2613 5134 πλησίον
2633 5065 2909 5136 συμφέρον
2935 5065 3035 5118 οὐκ
3063 5059 3221 5124 εἶδον,
3251 5059 3422 5138 καὶτὸ
3447 5060 3660 5114 ἐαυτῶν
3681 5074 3860 5129 προσ-

2265 5150 2609 5204 απολλύουσι.
2658 5150 2768 5202 Καὶ
2819 5146 2930 5218 γὰρ
2972 5147 3002 5199 6
3044 5143 3177 5205 Θεὸς
3225 5140 3545 5211 βουλόμενος
3589 5141 3858 5209 συνδῆσαι

2266 5233 2473 5297 πάντας
2499 5233 2772 5304 ἀλληλοις,
2801 5229 3057 5297 τοιαύτην
3089 5226 3203 5287 τοῖς
3236 5225 3554 5296 πράγμασιν
3579 5223 3858 5304 ἐπέθηκεν

2264 5316 2534 5385 ἀνάγκην,
2694 5316 2752 5368 ἐν
2789 5313 2866 5383 τῷ
2897 5308 2990 5364 τοῦ
3025 5304 3252 5376 πλησίον
3291 5307 3624 5378 συμφέροντι
3659 5305 3725 5360 τδ
3753 5301 3855 5358 τοῦ

2265 5399 2453 5470 ἐτέρου
2487 5396 2750 5452 δεδέσθαι·
2784 5397 2879 5448 καὶ
2902 5395 2931 5445 ὁ
2952 5389 3156 5460 κόσμος
3184 5389 3329 5453 ἀπας
3352 5388 3494 5444 οὕτω
3523 5387 3850 5470 συνέστηκε.

2265 5469 2365 5536 Διά
2392 5481 2462 5550 δή
2493 5481 2654 5535 τοῦτο
2685 5479 2778 5534 xal
2807 5479 2865 5529 ἐν
2896 5473 3082 5544 πλοίῳ,
3113 5473 3161 5525 εί
3195 5472 3464 5545 χειμῶνος
3494 5471 3796 5541 γενομένου
3822 5469 3854 5522 6

2265 5564 2604 5638 κυϐερνήτης
2625 5565 2783 5633 ἀφεὶς
2803 5559 2864 5613 16
2878 5557 2987 5613 τῶν
3013 5555 3222 5614 πολλῶν
3242 5555 3544 5631 συμφέρον,
3567 5553 3631 5607 16
3651 5551 3852 5610 ἐαυτοῦ

2340 5825 2363 5854 ο
2395 5823 2540 5881 [ιρι.
2565 5814 2815 5882 προσταίη.
