4086 6340
263 398 374 455 209

259 513 440 570 theam
464 554 479 577 .
530 517 956 587 strangulaveris
982 559 995 580 ,
1027 517 1253 588 proximi
1299 528 1479 572 autem
1516 529 1698 571 curam
1753 529 1858 570 non

261 619 444 673 geras,
461 604 594 660 nihil
632 610 806 677 magni
832 607 1023 671 fecisti,
1042 607 1137 662 sed
1159 606 1333 661 adhuc
1349 608 1506 677 longe
1526 606 1656 660 abes
1674 603 1742 658 ab
1763 602 1864 659 hac

263 698 501 765 imagine
544 703 657 756 hac
698 698 917 754 faciens.
963 699 1123 768 Atqui
1150 698 1237 753 hic
1269 699 1486 768 quidem
1513 697 1623 766 ipsa
1649 709 1862 766 quoque

263 800 354 842 res
397 796 595 842 natura
623 802 720 843 sua
745 796 829 843 est
863 789 1006 842 utilis
1030 830 1044 852 ,
1076 789 1347 843 abstinere
1382 787 1449 843 ab
1479 787 1544 842 iis
1587 801 1708 855 qua:
1737 793 1862 840 sunt

265 877 428 933 idolis
462 879 738 934 immolata
769 895 782 932 :
810 894 910 949 ego
938 867 1116 933 autem
1148 879 1371 948 plurima
1392 878 1516 942 feci,
1559 875 1747 946 inquit,
1792 890 1860 930 ex

262 969 332 1022 iis
353 984 480 1044 qua:
513 989 610 1042 per
633 988 692 1027 se
727 987 835 1026 non
862 981 986 1025 sunt
1013 972 1163 1026 utilia
1189 1013 1205 1036 ,
1263 987 1454 1043 nempe
1483 967 1701 1042 quando
1750 969 1858 1023 cir-

260 1064 526 1127 cumcidi.
548 1064 763 1135 quando
782 1065 1097 1128 sacriﬁcavi.
1126 1065 1251 1119 [lare
1275 1066 1417 1119 enim
1445 1063 1657 1135 quando
1681 1077 1778 1133 per
1803 1077 1859 1116 se

268 1156 676 1221 examinantur,
714 1164 769 1210 et
799 1156 1031 1226 perdunt
1055 1171 1150 1211 eos
1175 1156 1264 1227 qui
1307 1143 1361 1211 id
1400 1154 1631 1220 faciunt,
1660 1163 1712 1208 et
1742 1153 1859 1207 effl-

268 1247 424 1302 ciunt
452 1254 512 1301 ut
539 1260 575 1302 ει
603 1247 775 1302 salute
801 1247 1052 1304 excidant
1082 1264 1098 1299 :
1131 1258 1364 1301 attamen
1405 1247 1634 1301 sustinui
1659 1246 1749 1300 illa
1789 1245 1859 1299 ob

271 1339 483 1395 lucrum
514 1338 637 1393 inde
670 1339 1011 1409 proveniens.
1039 1338 1138 1394 Hic
1163 1350 1339 1394 autem
1361 1338 1495 1393 nihil
1523 1340 1715 1394 simile.
1745 1338 1859 1393 Illic

267 1433 416 1488 enim
449 1431 554 1488 nisi
591 1431 732 1487 adsit
760 1433 990 1500 utilitas,
1021 1441 1075 1488 et
1104 1432 1206 1487 nisi
1235 1432 1356 1486 aliis
1395 1433 1586 1501 prosit,
1615 1440 1738 1486 tunc
1771 1446 1858 1486 res

270 1523 538 1579 damnosa
588 1534 702 1581 est:
756 1523 844 1580 hic
883 1538 1046 1589 vero,
1077 1523 1292 1579 etiamsi-
1332 1539 1490 1578 nemo
1535 1523 1853 1589 offendatur,

272 1624 491 1685 oportet
519 1623 692 1668 tamen
721 1629 752 1667 a
781 1613 1063 1683 prohibitis
1091 1614 1385 1669 abstinere.
1415 1614 1531 1668 Non
1565 1614 1735 1670 solum
1762 1629 1858 1667 au-

276 1712 385 1761 tem
415 1703 610 1769 noxia,
651 1703 747 1758 sed
773 1705 932 1759 etiam
960 1704 1224 1759 laboriosa
1268 1706 1485 1774 pertuli.
1529 1706 1671 1759 Alias
1712 1707 1854 1759 enim

272 1795 532 1850 Ecclesia
559 1795 896 1864 depopulatus
926 1812 1060 1859 sum,
1096 1795 1286 1866 inquit,
1331 1806 1534 1865 accepto
1581 1796 1852 1865 stipendio,

266 1897 326 1943 et
360 1903 482 1942 cum
531 1884 818 1942 comedere
849 1888 1036 1942 liceret
1081 1894 1135 1942 et
1172 1902 1278 1942 non
1309 1887 1520 1956 operari
1550 1925 1567 1951 ,
1617 1886 1718 1940 hoc
1746 1901 1852 1940 non

263 1977 489 2049 quaesivi
517 2019 532 2043 ,
562 1975 657 2032 sed
684 1976 846 2031 malui
876 1975 1014 2032 fame
1044 1977 1220 2046 perire
1266 1978 1462 2046 potius,
1511 1993 1671 2048 quam
1700 1979 1850 2034 alteri

262 2067 594 2124 oﬂendiculo
618 2082 760 2122 esse.
782 2067 906 2122 Ideo
933 2067 1007 2121 ait
1035 2083 1049 2118 :
1085 2065 1190 2120 Per
1212 2068 1382 2120 omnia
1407 2069 1636 2122 omnibus
1677 2071 1852 2138 placeo

263 2140 348 2229 (9..
379 2155 497 2213 Cor.
533 2157 620 2211 Il.
652 2157 730 2225 8).
750 2155 1004 2212 Siverem
1023 2156 1226 2226 legibus
1241 2157 1542 2223 adversam,
1569 2164 1680 2214 sive
1698 2160 1850 2212 labo-

261 2249 463 2305 riosam
484 2290 499 2312 ,
536 2247 646 2303 sive
677 2247 1035 2318 periculosam
1060 2249 1307 2318 oporteat
1337 2247 1536 2316 facere,
1567 2250 1748 2304 omnia
1796 2253 1849 2305 in

258 2341 490 2396 aliorum
520 2341 803 2395 utilitatem
849 2340 1112 2395 sustineo.
1141 2339 1276 2396 Cum
1319 2357 1446 2411 ergo
1472 2342 1724 2398 omnibus
1747 2357 1847 2397 su-

259 2435 444 2502 perior
481 2442 630 2487 esset
655 2442 907 2501 quantum
947 2433 1012 2487 ad
1042 2444 1344 2488 accuratam
1376 2434 1500 2488 vita:
1549 2436 1812 2491 rationem
1832 2479 1845 2500 ,

256 2526 513 2580 omnibus
548 2524 764 2580 inferior
784 2534 900 2579 erat
923 2541 1019 2596 per
1046 2528 1563 2594 attemperationem.

335 2615 660 2671 Fractarum
690 2618 818 2670 nihil
838 2627 931 2680 est,
959 2618 1059 2670 nisi
1097 2617 1213 2671 aliis
1234 2619 1296 2670 sit
1325 2617 1681 2672 utile.—Nam
1723 2621 1846 2674 nul-

256 2708 366 2762 lum
406 2709 667 2777 praeclare
709 2716 916 2776 gestum
950 2708 1020 2760 ita
1051 2722 1301 2776 magnum
1347 2722 1467 2762 esse
1498 2710 1703 2777 possit,
1749 2710 1846 2762 nisi

257 2799 550 2853 utilitatem
586 2797 649 2850 ad
674 2795 810 2851 alios
841 2798 1195 2850 transmiserit
1231 2816 1241 2848 :
1276 2796 1433 2865 idque
1473 2799 1644 2866 palam
1674 2808 1749 2851 cst
1780 2816 1844 2853 ex

255 2890 374 2956 illo,
418 2888 513 2957 qui
545 2889 801 2943 talentum
835 2888 1097 2958 integrum
1128 2888 1306 2942 retulit
1327 2930 1339 2950 ,
1371 2897 1424 2943 et
1454 2889 1717 2943 dissectus
1764 2898 1846 2942 est

254 2984 515 3052 quoniam
549 2980 678 3034 illud
707 2995 812 3034 non
867 2979 1255 3049 multiplicavit.
1290 2979 1350 3034 Et
1387 2990 1439 3033 tu
1477 2997 1625 3050 ergo,
1658 2981 1840 3047 frater,

254 3073 469 3127 etiamsi
498 3072 772 3126 abstineas
794 3086 824 3124 a
844 3070 985 3135 cibo,
1016 3071 1223 3124 etiamsi
1253 3071 1397 3125 humi
1426 3071 1608 3138 cubes,
1635 3074 1843 3128 etiamsi

253 3165 498 3219 cinerem
551 3162 803 3217 comedas
829 3203 844 3227 ,
897 3176 1223 3231 semperque
1275 3163 1604 3229 lamenteris,
1635 3166 1676 3218 si
1711 3165 1844 3222 nihil

253 3256 421 3310 alium
464 3255 636 3323 iuves,
673 3251 802 3306 nihil
857 3267 1110 3320 magnum
1164 3255 1424 3322 Operaris.
1472 3255 1685 3308 Etenim
1738 3256 1842 3309 illis

252 3350 309 3405 in
365 3349 630 3419 principio
659 3348 786 3403 viris
815 3349 1024 3417 magnis
1053 3358 1107 3404 et
1149 3347 1421 3417 prmciaris
1473 3348 1572 3401 hoc
1611 3347 1841 3401 maxime

253 3456 399 3495 ευτ’ςέ
429 3451 548 3494 erat
581 3457 592 3491 ε
624 3455 812 3495 eorum
844 3440 1007 3494 vitam
1036 3448 1286 3495 accurate
1314 3449 1574 3501 scrutare,
1602 3447 1656 3493 ει
1699 3438 1842 3493 clare

256 3530 466 3584 videbis
494 3545 682 3584 eorum
725 3531 994 3584 neminem
1033 3545 1124 3582 sua
1148 3536 1420 3598 spectasse
1439 3567 1456 3596 ,
1483 3528 1575 3583 sed
1605 3529 1841 3596 singulos

253 3637 314 3677 ea
340 3637 462 3691 qua:
497 3621 722 3687 proximi
745 3629 900 3674 erant
923 3638 937 3686 ;
964 3621 1101 3675 unde
1117 3622 1278 3675 etiam
1304 3620 1472 3690 magis
1493 3620 1839 3690 resplendue—

254 3722 395 3768 runt.
416 3711 548 3765 Nam
576 3720 629 3766 et
649 3727 678 3764 a
703 3711 881 3782 Moyse
911 3712 1074 3765 multa
1096 3721 1151 3766 et
1167 3727 1356 3780 magna
1377 3720 1578 3779 patrata
1597 3721 1718 3765 sunt
1738 3712 1839 3765 mi-

252 3803 433 3857 racula
463 3812 517 3857 et
546 3803 728 3871 signa;
773 3802 866 3856 sed
909 3802 1041 3856 nihil
1086 3803 1230 3856 illum
1285 3811 1390 3856 tam
1419 3818 1665 3872 magnum
1697 3803 1836 3867 fecit,

255 3903 312 3946 ut
353 3893 508 3946 beata
539 3893 627 3946 illa
673 3907 775 3945 vox
821 3907 979 3959 quam
1006 3891 1072 3945 ad
1098 3892 1260 3947 Deum
1293 3891 1490 3956 emisit,
1522 3892 1704 3946 dicens
1733 3912 1743 3944 :
1781 3894 1840 3947 Si

253 3996 422 4039 autem
447 3984 660 4038 dimittis
686 3985 788 4037 illis
820 3995 1099 4054 peccatum,
1123 3985 1354 4048 dimitte;
1383 3985 1460 4038 sin
1493 3987 1727 4044 mimis,~t
1766 4003 1841 4038 me

253 4094 454 4147 quoque
474 4078 586 4129 dele
615 4075 808 4146 (Exod.
844 4077 932 4129 δί.
963 4076 1076 4146 52).
1109 4076 1254 4130 Talis
1275 4091 1485 4144 quoque
1510 4075 1671 4128 David
1703 4086 1836 4142 erat;

255 4167 485 4234 ideoque
506 4164 715 4218 dicebat
742 4181 753 4215 :
789 4164 897 4232 Ego
922 4173 1091 4231 pastor
1125 4169 1345 4235 peccari,
1381 4177 1425 4219 et
1452 4182 1542 4235 ego
1575 4167 1837 4231 malefeci,

252 4269 302 4312 et
331 4259 413 4311 isti
443 4258 530 4324 qui
557 4266 672 4309 sunt
699 4274 820 4325 grex
841 4258 960 4326 quid
982 4262 1206 4329 fecerunt
1230 4259 1252 4310 ?
1275 4258 1354 4311 Sit
1377 4276 1555 4311 manus
1576 4267 1661 4310 tua
1691 4275 1842 4327 super

254 4367 333 4403 me
362 4361 409 4403 et
439 4366 592 4416 super
622 4349 825 4401 domum
855 4351 1014 4420 patris
1043 4352 1138 4403 mei
1171 4350 1244 4419 (2.
1292 4347 1417 4419 Reg.
1473 4350 1562 4402 24.
1597 4350 1708 4418 17).
1753 4350 1842 4404 Sic

253 4440 531 4495 Abraham
558 4456 662 4494 non
691 4439 762 4503 id,
796 4441 938 4508 quod
971 4440 1070 4494 sibi
1117 4449 1448 4508 competeret
1480 4479 1492 4501 ,
1543 4438 1838 4508 quaerebat,

253 4533 351 4585 sed
384 4531 528 4600 quod
581 4532 783 4585 multis.
833 4531 1063 4599 Ideoque
1093 4532 1342 4600 periculis
1371 4545 1488 4585 sese
1516 4530 1834 4599 exponebat,

258 4621 539 4690 Deumque
571 4622 792 4690 rogabat
831 4637 926 4691 pro
949 4625 1032 4686 iis,
1064 4624 1150 4691 qui
1184 4623 1248 4676 ad
1279 4623 1448 4690 ipsum
1496 4623 1622 4675 nihil
1649 4623 1842 4676 attine-

255 4712 406 4766 bant.
461 4713 526 4768 Ει
555 4711 607 4765 Ιιί
638 4714 848 4782 quidem
881 4715 949 4767 ita
981 4715 1306 4766 claruerunt.
1349 4713 1446 4778 Qui
1479 4729 1602 4767 vero
1631 4728 1689 4767 ea
1722 4727 1840 4781 qua

255 4818 353 4857 sua
384 4814 564 4857 essent
591 4805 918 4873 quaerebant,
952 4805 1070 4858 vide
1109 4813 1362 4873 quantum
1394 4803 1573 4858 damni
1623 4819 1842 4872 accepe-

257 4894 386 4947 rint.
435 4892 564 4961 Ejus
591 4903 736 4948 certe
762 4893 938 4947 fratris
967 4895 1123 4959 filius,
1149 4910 1268 4948 cum
1297 4893 1533 4951 audisset
1563 4912 1578 4948 ;
1617 4894 1676 4948 Si
1705 4903 1756 4947 tu
1775 4896 1843 4946 ad
1875 4945 1878 4950 .

258 4983 540 5046 dexteram,
570 4999 660 5052 ego
689 4985 754 5036 ad
792 4985 1049 5037 sinistram
1089 4983 1240 5054 (Gen.
1275 4985 1358 5037 13.
1393 4983 1484 5052 9);
1523 4992 1575 5037 et
1605 4993 1841 5056 Optasset

259 5074 407 5140 quod
446 5073 546 5126 sibi
604 5075 734 5128 utile
777 5083 896 5129 erat
943 5075 1214 5143 quaesivit,
1267 5091 1442 5143 neque
1487 5074 1628 5143 quod
1685 5089 1840 5128 suum

259 5174 378 5219 erat
429 5163 664 5228 invenit;
722 5165 814 5218 sed
864 5164 976 5220 hinc
1016 5166 1229 5235 quidem
1287 5167 1434 5236 regio
1484 5174 1595 5219 tota
1646 5165 1841 5218 confla-

258 5254 451 5325 gravit,
485 5252 569 5306 illa
610 5261 786 5307 autem
823 5256 1018 5310 mansit
1046 5257 1229 5310 illmsa.
1276 5255 1439 5311 Jonas
1482 5271 1692 5309 rursum
1721 5269 1841 5308 cum

263 5363 371 5402 non
394 5345 675 5416 quaasisset
704 5345 754 5398 id
783 5347 925 5415 quod
969 5348 1152 5403 multis
1173 5390 1188 5415 ,
1221 5349 1315 5402 sed
1341 5348 1484 5418 quod
1511 5348 1611 5401 sibi
1636 5347 1842 5401 condu-

261 5440 441 5504 cebat,
472 5438 523 5494 in
551 5438 843 5506 periculum
870 5440 1020 5493 exitii
1051 5443 1197 5496 venit
1230 5458 1244 5493 :
1271 5449 1325 5494 et
1348 5440 1475 5494 urbs
1503 5439 1716 5508 quidem
1737 5448 1844 5492 sta-

266 5531 378 5598 bat,
419 5531 536 5600 ipse
583 5543 716 5583 vero
759 5527 990 5598 agitatus
1032 5529 1283 5585 fluctibus
1309 5540 1364 5586 et
1405 5530 1687 5584 demersus
1726 5530 1840 5583 fuit.

260 5619 400 5675 Cum
421 5631 601 5675 autem
632 5618 686 5674 id
711 5618 854 5689 quod
878 5619 1062 5673 inultis
1089 5621 1219 5674 utile
1247 5630 1364 5675 erat
1392 5618 1638 5689 quasivit
1657 5659 1673 5683 ,
1720 5628 1845 5672 tunc

265 5709 410 5778 quod
434 5725 591 5767 suum
610 5719 727 5766 erat
754 5709 976 5763 invenit.
993 5707 1080 5763 Sic
1106 5719 1161 5764 et
1178 5708 1347 5764 Jacob
1371 5710 1424 5762 in
1446 5707 1694 5778 gregibus
1721 5721 1841 5761 cum

265 5818 372 5861 non
401 5803 608 5859 lucrum
641 5801 917 5875 proprium
945 5800 1317 5872 quaesivisset,
1362 5814 1580 5872 magnas
1603 5813 1735 5870 opes
1764 5807 1847 5856 est

1301 402 1365 459 IN
1406 398 1620 458 EPIST.
1663 401 1681 455 I
1747 399 1839 457 AD
1875 397 2030 456 COR.
2074 398 2306 457 IIOMIL.
2351 403 2516 460 XXV.

3447 410 3559 466 9η)

1972 526 2312 584 asscquutus.
2333 517 2398 572 Et
2410 517 2612 589 ,loscpb
2634 533 2758 576 cum
2787 519 3009 578 fratrum
3032 522 3375 581 commodum
3411 538 3558 594 quae-

1971 606 2200 670 sivisset,
2251 623 2407 664 suum
2438 609 2660 666 invenit.
2687 611 2879 666 Missus
2905 614 3048 668 enim
3074 628 3103 666 a
3133 623 3305 683 patre.
3334 630 3439 669 non
3478 614 3530 667 di

1976 698 2073 759 xit,
2106 697 2243 765 Quid
2276 700 2376 754 hoc
2425 702 2545 756 est?
2573 716 2679 757 non
2706 702 2902 758 audisti
2928 703 3068 771 quod
3099 719 3197 774 pro
3237 705 3355 760 visu
3382 716 3436 760 et
3465 719 3554 760 suo

1972 790 2130 844 mniis
2165 806 2252 846 me
2281 791 2590 865 discerpere
2629 795 2807 849 conati
2833 795 2958 860 sint,
2986 804 3043 850 et
3079 811 3176 866 pro
3228 797 3453 852 somniis
3496 799 3550 854 in

1970 883 2173 938 crimen
2203 892 2424 938 vocatus
2451 886 2574 951 sim,
2605 894 2659 941 et
2686 885 2828 955 quod
2849 902 2880 941 a
2907 896 2957 941 te
2978 870 3168 957 diligar
3189 903 3376 957 poenas
3398 887 3553 944 dede-

1950 973 2110 1034 rim?
2138 976 2261 1044 quid
2287 990 2415 1044 ergo
2449 990 2553 1031 n0n
2583 976 2772 1031 facturi
2800 987 2946 1044 sunt,
2978 979 3022 1032 si
3055 995 3139 1033 me
3167 980 3217 1033 in
3250 980 3425 1034 medio
3475 989 3552 1033 te-

1971 1068 2182 1120 nuerint
2199 1066 2223 1120 ἲ
2239 1066 2382 1122 Nihil
2411 1067 2599 1122 horum
2621 1068 2774 1133 dixit,
2804 1084 2904 1124 nec
2920 1069 3190 1138 cogitavit,
3215 1069 3308 1124 sed
3330 1070 3549 1125 fratrum

1969 1172 2152 1212 curam
2207 1158 2459 1212 omnibus
2511 1158 2760 1228 prmtulit.
2791 1158 3019 1228 Ideoque
3050 1160 3227 1215 omnia
3280 1177 3398 1230 quas
3431 1167 3551 1230 post

1969 1248 2057 1302 illa
2083 1248 2388 1317 obtigerunt
2411 1256 2731 1318 assequutus
2754 1257 2838 1303 est
2861 1250 3021 1310 bona,
3048 1265 3167 1318 qua:
3195 1249 3356 1305 etiam
3399 1250 3549 1305 illum

1969 1338 2121 1395 valde
2147 1341 2347 1393 clarum
2379 1339 2618 1395 fecerunt
2646 1347 2701 1394 et
2724 1341 3032 1408 gloriosum.
3064 1340 3151 1394 Sic
3190 1347 3245 1393 et
3297 1341 3542 1414 Moyses;

1969 1433 2100 1486 nihil
2129 1433 2271 1487 enim
2299 1432 2522 1502 impedit
2547 1434 2994 1504 quominusillum
3020 1435 3255 1490 secundo
3284 1450 3550 1490 memore-

1968 1538 2106 1587 mus,
2149 1531 2203 1577 et
2233 1523 2506 1578 videamus
2538 1524 2805 1594 quomodo
2836 1541 2930 1579 sua
2979 1524 3302 1591 despexerit,
3333 1532 3387 1578 et
3428 1523 3548 1577 aliis

1965 1613 2102 1668 bona
2131 1616 2371 1668 conferre
2400 1616 2688 1684 quaesierit.
2715 1615 2806 1670 Illo
2825 1630 3053 1685 namque
3071 1616 3122 1668 in
3141 1615 3283 1685 regia
3306 1629 3545 1678 versans,

1965 1706 2086 1776 quia
2119 1705 2350 1774 majores
2370 1705 2582 1760 divitias
2607 1722 2726 1761 esse
2758 1707 2973 1776 putabat
2999 1707 3364 1777 opprobrium;
3389 1721 3546 1776 quam

1967 1796 2184 1870 rEgypli
2215 1796 2518 1864 thesauros,
2545 1799 2798 1868 proiectis
2823 1800 3071 1854 omnibus
3098 1815 3216 1869 qua:
3242 1814 3350 1869 prae
3380 1800 3551 1852 mani-

1962 1889 2062 1944 bus
2090 1888 2336 1951 habebat,
2366 1889 2627 1944 malorum
2660 1890 2840 1944 socius
2879 1906 3002 1944 cum
3031 1889 3270 1944 Hebrmis
3300 1889 3416 1953 fuit,
3446 1905 3546 1944 nec

1963 1980 2124 2034 modo
2151 1979 2266 2048 ipse
2296 1994 2402 2034 non
2435 1980 2486 2034 in
2510 1981 2823 2034 servitutem
2849 1980 3097 2034 redactus
3127 1993 3227 2046 est,
3258 1981 3350 2034 sed
3383 1981 3544 2034 etiam

1963 2071 2086 2124 illos
2117 2085 2147 2124 a
2193 2073 2447 2125 servitute
2483 2070 2744 2126 liberavit.
2795 2070 2981 2142 Magna
3012 2071 3223 2143 quidem
3257 2072 3370 2127 haec
3396 2082 3543 2140 sunt,

1960 2172 2012 2216 et
2043 2161 2285 2232 angelico
2312 2161 2470 2232 digna
2501 2163 2761 2215 instituto.

2029 2254 2084 2307 4.
2118 2254 2188 2306 At
2215 2252 2354 2322 quod
2384 2252 2600 2305 Paulum
2632 2260 2857 2322 spectat,
2879 2253 3036 2323 longe
3061 2253 3412 2308 excellentius
3438 2263 3542 2306 est.

1959 2344 2064 2398 Alii
2087 2345 2229 2398 enim
2257 2359 2445 2398 omnes
2474 2344 2585 2398 suis
2608 2345 2806 2398 relictis
2823 2345 2996 2411 bonis,
3024 2345 3248 2414 proximi
3278 2345 3541 2400 malorum

1957 2436 2088 2490 socii
2112 2450 2231 2490 esse
2255 2437 2538 2491 voluerunt
2562 2453 2575 2488 :
2602 2437 2796 2490 Paulus
2821 2451 2948 2491 vero
2970 2453 3079 2491 rem
3111 2438 3266 2506 longe
3286 2438 3541 2507 majovcm

1957 2526 2099 2580 fecit.
2133 2525 2247 2581 Non
2267 2527 2406 2605 enim
2433 2527 2728 2581 alienarum
2755 2527 3117 2582 calamitatum
3144 2529 3407 2597 particeps
3422 2544 3542 2582 esse

1957 2615 2144 2680 voluit,
2176 2616 2270 2669 sed
2304 2615 2353 2670 id
2383 2616 2564 2685 elegit,
2599 2617 2788 2685 utipse
2815 2617 2866 2670 in
2894 2618 3149 2672 extremis
3176 2628 3338 2684 esset,
3368 2629 3426 2673 ut
3451 2619 3541 2673 alii

1958 2706 2007 2758 in
2057 2705 2212 2760 bonis
2239 2705 2510 2776 degerent.
2539 2707 2645 2761 Nec
2671 2723 2763 2776 par
2788 2724 2873 2761 res
2899 2717 2983 2762 est
3011 2708 3063 2761 in
3090 2709 3293 2763 deliciis
3323 2726 3543 2764 versan-

1958 2804 2060 2849 tem
2092 2797 2311 2849 delicias
2343 2811 2618 2866 respuere,
2654 2807 2708 2850 et
2735 2797 2932 2867 affligi;
2967 2805 3026 2851 et
3067 2801 3239 2851 solum
3292 2798 3454 2868 afﬂigi
3485 2809 3540 2853 et

1955 2888 2157 2951 vexari,
2184 2897 2239 2940 ut
2272 2887 2362 2939 alii
2386 2889 2435 2940 in
2467 2889 2760 2943 securitate
2793 2900 2846 2944 et
2873 2889 3077 2944 honore
3107 2901 3407 2946 versentur.
3444 2891 3538 2946 llic

1954 2981 2095 3034 enim
2123 2980 2221 3034 etsi
2246 2996 2497 3050 magnum
2515 2990 2596 3035 est
2627 2982 2761 3036 mala
2794 2983 2947 3036 bonis
2963 2992 3291 3037 commutare
3322 2994 3540 3053 propter

1953 3072 2253 3140 proximum
2274 3115 2289 3136 ,
2335 3075 2564 3142 aliquam
2593 3069 3214 3128 tamen'ctmsolationem
3246 3073 3417 3139 affert,
3449 3091 3533 3130 re-

1951 3178 2068 3217 rum
2123 3163 2469 3218 adversarum
2522 3165 2700 3219 socios
2757 3164 2992 3231 habere,
3042 3178 3102 3219 se
3154 3176 3329 3218 autem
3396 3166 3536 3220 velle

1951 3256 2124 3309 solum
2169 3270 2290 3309 esse
2343 3254 2392 3309 in
2441 3256 2600 3309 rebus
2628 3258 2870 3324 asperis,
2929 3266 2985 3311 ut
3030 3257 3119 3310 alii
3175 3256 3332 3311 bouis
3354 3257 3534 3310 fruan-

1952 3356 2071 3410 tur;
2117 3345 2216 3401 hoc
2242 3356 2324 3401 cst
2356 3348 2509 3417 longe
2559 3346 2917 3417 generosioris
2971 3348 3132 3402 animi
3177 3357 3228 3402 et
3272 3348 3439 3401 Pauli.

2023 3436 2177 3491 Pauli
2203 3439 2495 3507 magnitudo
2521 3439 2694 3491 animi.
2720 3469 2789 3477 —
2809 3438 2921 3493 Non
2951 3439 3074 3493 hinc
3101 3449 3276 3492 autem
3306 3449 3531 3503 tantum,

1950 3528 2044 3582 sed
2089 3544 2154 3582 ex
2197 3528 2410 3581 sublimi
2438 3531 2642 3583 ratione
2685 3530 2785 3582 alia
2823 3529 2934 3600 jam
2981 3541 3302 3583 memoratos
3346 3544 3531 3584 omnes

1950 3619 2106 3686 longe
2134 3619 2220 3673 ille
2261 3630 2496 3688 superat.-
2544 3619 2674 3673 Nam
2720 3620 2988 3674 Abraham
3026 3620 3239 3690 quidem
3268 3630 3320 3674 et
3348 3622 3529 3676 caeteri

1948 3724 2137 3764 omnes
2174 3725 2293 3764 sese
2323 3711 2384 3764 iis
2426 3709 2671 3778 obiecere
2698 3712 2949 3780 periculis
2980 3721 3182 3773 tantum
3204 3753 3216 3775 ,
3250 3729 3367 3782 qua}
3407 3721 3530 3765 sunt

1949 3802 2002 3855 in
2049 3803 2296 3870 praesenti
2329 3802 2436 3854 vita
2458 3843 2471 3863 ,
2504 3810 2555 3853 et
2586 3817 2773 3855 oumes
2818 3802 2891 3854 illi
2924 3800 3059 3855 hanc
3102 3803 3269 3856 semel
3307 3816 3528 3868 expete-

1949 3893 2074 3946 bant
2115 3901 2341 3944 mortem
2376 3908 2389 3943 :
2419 3891 2613 3944 Paulus
2655 3905 2776 3944 vero
2807 3907 2835 3943 a
2865 3892 3038 3945 futura
3076 3893 3241 3961 gloria
3282 3891 3528 3945 excidere

1950 3983 2206 4053 rogabat,
2270 3998 2363 4051 pro
2396 3983 2621 4035 aliorum
2680 3983 2871 4038 salute.
2930 3982 3150 4037 Possum
3209 3993 3257 4036 et
3315 3985 3526 4037 tertiam

1895 4067 1897 4070 i
1950 4077 2128 4129 dicere
2174 4075 2506 4142 superiorem
2547 4073 2935 4138 excellentiam.
2965 4075 3133 4139 Quam
3163 4074 3302 4127 illam
3331 4073 3351 4126 ἲ
3380 4077 3526 4141 Quod

1948 4167 2107 4235 aliqui
2150 4181 2373 4231 eorum,
2415 4166 2512 4218 etsi
2552 4171 2730 4218 curam
2785 4166 3041 4237 gerebant
3078 4181 3261 4218 eorum
3302 4167 3388 4235 qui
3430 4167 3527 4220 sibi

1949 4267 2251 4313 struxerant
2300 4255 2554 4321 insidias,
2599 4271 2784 4310 eorum
2833 4267 3008 4312 tamen
3051 4272 3231 4310 curam
3274 4257 3529 4325 gerebant

1947 4351 2036 4420 qui
2079 4350 2177 4403 sibi
2226 4348 2403 4403 traditi
2454 4349 2658 4401 fuerant
2698 4348 3023 4417 gubernandi
3057 4367 3069 4401 :
3102 4358 3259 4416 atque
3303 4349 3525 4415 idtpsmn

1949 4441 2323 4512 contingebat,
2357 4457 2418 4494 ac
2457 4442 2501 4495 si
2547 4443 2665 4510 quis
2693 4457 2872 4494 curam
2917 4452 3127 4509 gereret
3172 4440 3264 4494 lilii
3312 4441 3524 4510 quidem

1949 4534 2094 4603 pravi
2136 4544 2188 4587 et
2226 4535 2474 4597 scelesti,
2520 4533 2613 4586 sed
2656 4543 2829 4586 tamen
2873 4535 2982 4586 filii.
3028 4534 3222 4587 Paulus
3261 4549 3388 4587 vero
3428 4548 3523 4602 pro

1949 4626 2034 4679 bis
2065 4626 2275 4680 volebat
2304 4625 2586 4679 anathema
2619 4641 2737 4679 esse
2759 4668 2771 4688 ,
2801 4627 2888 4695 qui
2923 4627 3037 4694 ejus
3066 4642 3208 4680 cura:
3251 4643 3357 4680 non
3405 4643 3525 4679 cre-

1950 4717 2041 4770 diti
2075 4718 2282 4770 fuerant
2311 4734 2324 4769 :
2358 4717 2408 4769 in
2446 4727 2634 4785 gentes
2660 4718 2800 4771 cnim
2844 4717 3038 4771 missus
3062 4727 3197 4770 erat.
3272 4710 3533 4765 Vidistin'

1950 4811 2108 4863 animi
2139 4808 2554 4878 magnitudinem
2577 4851 2589 4873 ,
2624 4818 2679 4862 et
2708 4809 3086 4863 sublimitatem
3132 4812 3300 4878 ipsum
3333 4809 3522 4863 caelum

1951 4906 2331 4969 superantem?
2373 4900 2521 4954 Ilunc
2566 4902 2774 4954 imitare
2805 4920 2816 4952 :
2844 4904 2887 4953 si
2918 4916 3048 4955 vero
3073 4917 3178 4953 non
3214 4911 3361 4969 potes
3381 4941 3395 4965 ,
3425 4901 3529 4953 sal-

1954 5004 2057 5045 tem
2111 5007 2202 5046 eos
2259 4992 2350 5059 qui
2391 4993 2441 5045 in
2499 4992 2673 5047 Veteri
2733 4993 3075 5047 Testamento
3114 4991 3399 5047 fulserunt.
3440 4990 3529 5046 Sic

1951 5085 2091 5138 enim
2120 5084 2258 5152 quod
2293 5084 2382 5137 tibi
2416 5084 2541 5138 utile
2566 5084 2667 5138 erit
2690 5084 2926 5139 invenies
2950 5128 2966 5150 ,
2995 5087 3037 5139 si
3067 5084 3289 5153 proximi
3317 5083 3530 5137 utilitati

1952 5174 2234 5242 advigiles.
2266 5172 2446 5242 Itaque
2485 5189 2602 5228 cum
2655 5177 2833 5243 Segnis
2869 5176 2977 5228 eris
3017 5175 3080 5226 ad
3122 5172 3300 5226 fratris
3350 5188 3531 5227 coram

1951 5266 2239 5332 gerendam
2263 5308 2277 5330 ,
2305 5269 2548 5335 cogitans
2586 5276 2636 5320 te
2665 5283 2767 5319 non
2800 5268 2903 5318 alio
2932 5281 3088 5334 posse
3121 5266 3278 5319 modo
3305 5267 3531 5318 salutem

1951 5357 2208 5422 consequi
2234 5398 2246 5419 ,
2279 5367 2497 5426 propter
2541 5368 2592 5412 te
2637 5357 2823 5411 saltem
2856 5357 3004 5410 illum
3034 5367 3088 5411 et
3117 5372 3204 5411 res
3233 5357 3347 5426 ejus
3378 5371 3527 5410 cura.

1953 5443 2235 5498 Sufﬁciunt
2263 5460 2323 5499 ea
2353 5461 2472 5514 quae
2503 5448 2640 5500 dicta
2673 5457 2829 5513 sunt,
2877 5454 2936 5500 ut
2982 5445 3135 5500 nobis
3176 5443 3533 5517 persuadeant

1953 5548 2058 5586 non
2091 5548 2247 5601 posse
2292 5550 2390 5587 nos
2421 5536 2527 5589 alio
2555 5536 2717 5590 modo
2753 5553 2813 5591 ea
2863 5553 2982 5605 qua:
3030 5537 3181 5591 nobis
3229 5535 3536 5590 conducunt

1956 5623 2214 5676 invenire.
2275 5624 2428 5688 Quod
2458 5627 2504 5680 si
2534 5628 2668 5682 velis
2705 5644 2768 5683 ex
2809 5629 3080 5684 consuetis
3133 5626 3392 5696 exetuplis
3430 5626 3534 5683 hoc

1953 5711 2193 5767 ediscere
2223 5733 2235 5767 :
2264 5715 2307 5770 si
2350 5719 2630 5789 contigerit
2672 5719 2867 5775 alicubi
2912 5719 3126 5773 domum
3172 5720 3289 5789 igne
3328 5719 3538 5775 conﬂa-

1954 5811 2110 5866 grare
2136 5819 2150 5872 ;
2181 5803 2375 5862 deinde
2418 5810 2576 5866 aliqui
2622 5826 2684 5866 ex
2729 5809 2912 5864 vicinis
2959 5809 3067 5864 suis
3110 5810 3537 5881 prospicientes.
