4086 6340
592 426 691 484 ιιι

592 556 703 595 non
732 554 792 596 se
817 550 1076 612 apparent
1099 539 1362 596 adversus
1387 540 1622 611 pericula
1647 579 1662 602 ,
1689 537 1784 593 scd
1810 536 2009 593 clausis
2029 536 2183 590 ostiis

591 630 741 687 domi
772 640 1052 697 maneant,
1096 640 1401 686 metuentes
1424 646 1494 686 ne
1522 631 1643 701 quis
1670 629 1943 699 ingressus
1982 627 2181 696 aliquid

590 724 847 790 feretur;
894 730 1153 794 quantum
1198 720 1580 777 illi'subibunt
1624 717 1987 790 supplicium?
2036 717 2183 772 Pro—

592 829 813 886 gressus
845 815 996 872 enim
1049 815 1189 887 ignis
1222 814 1404 869 omnia
1434 812 1649 867 illorum
1678 810 1820 866 bona
1864 809 2181 869 eomburet;

595 918 651 962 et
677 907 933 978 ignauiam
978 905 1210 977 proximi
1256 904 1545 959 utilitatem
1592 916 1699 956 non
1748 914 2043 965 curavere,
2084 913 2183 955 sua

592 1014 807 1071 quoque
841 998 1088 1069 perdent.
1135 996 1276 1051 Deus
1314 996 1457 1050 enim
1497 994 1683 1049 volens
1719 1008 1908 1047 omnes
1947 991 2088 1047 inter
2123 1004 2185 1044 se

593 1094 887 1163 adligare,
938 1099 1137 1146 tantam
1182 1088 1342 1144 rebus
1382 1088 1638 1158 imposuit
1682 1084 2057 1140 necessitatem
2082 1124 2097 1149 ,
2126 1090 2186 1137 ut

594 1201 718 1240 cum
760 1185 986 1254 proximi
1030 1183 1260 1238 utilitate
1287 1182 1513 1237 alterius
1551 1179 1753 1234 utilitas
1776 1177 2059 1247 colligetur
2087 1191 2103 1230 :
2132 1182 2189 1230 ct

596 1276 671 1329 ita
695 1274 948 1330 consistit
973 1273 1205 1329 mundus
1235 1281 1400 1328 totus.
1444 1271 1571 1327 Ideo
1600 1270 1654 1324 in
1684 1268 1811 1325 navi
1851 1281 2101 1339 quoque,
2137 1266 2185 1321 si

598 1371 878 1439 ingruente
903 1375 1228 1437 tempestate
1251 1366 1582 1436 gubernator
1600 1404 1614 1427 ,
1661 1362 1862 1432 reiecta
1892 1359 2184 1414 multorum

599 1459 864 1524 utilitate,
905 1472 1057 1513 suam
1096 1457 1214 1527 ipse
1250 1466 1460 1510 tantum
1499 1462 1735 1524 qumrat,
1776 1463 1831 1506 et
1860 1452 2094 1521 seipsum
2132 1458 2188 1505 et

595 1552 731 1607 alios
772 1550 882 1606 cito
910 1551 1239 1619 suismet-get.
1265 1548 1334 1601 Et
1359 1548 1413 1602 in
1448 1546 1676 1616 singulis
1700 1544 1939 1609 artibus,
1978 1542 2025 1597 si
2056 1555 2186 1596 una.

590 1655 822 1712 quicque
843 1639 991 1712 quod
1031 1639 1133 1694 sibi
1172 1636 1441 1693 conducat
1470 1644 1675 1691 tantum
1713 1633 2023 1705 quasierit,
2074 1631 2181 1686 vita

594 1749 885 1805 numquam
928 1734 1269 1797 constiterit,
1323 1744 1497 1802 neque
1538 1742 1629 1785 ars
1672 1743 1793 1799 qua:
1826 1727 1929 1782 hoc
1969 1724 2180 1797 qumrit.

596 1826 723 1882 Ideo
750 1825 985 1896 agricola
1009 1839 1115 1880 non
1143 1822 1305 1880 modo
1335 1830 1539 1876 tantum
1564 1818 1816 1875 frumenti
1846 1817 1978 1873 serit
2005 1831 2181 1888 quaa-

597 1927 708 1972 tum
745 1914 849 1971 sibi
895 1916 1027 1970 satis
1069 1915 1178 1979 sit;
1218 1911 1455 1981 alioquin
1503 1910 1649 1967 enim
1670 1909 1783 1980 iam
1825 1907 1917 1963 diu
1962 1916 2018 1962 et
2045 1920 2104 1961 se
2130 1914 2187 1961 et

592 2008 731 2065 alios
755 2007 1113 2079 perdidisset;
1134 2005 1231 2062 sed
1256 2005 1311 2060 id
1333 2004 1522 2072 quaerit
1541 2001 1681 2072 quod
1701 1999 1946 2057 conferat
1966 1998 2146 2054 multis
2165 2016 2184 2053 :

593 2109 650 2155 et
675 2099 834 2155 miles
861 2113 968 2154 non
996 2106 1055 2153 ut
1078 2111 1140 2153 se
1166 2103 1381 2152 tueatur
1408 2104 1613 2150 tantum
1640 2091 1901 2148 adversus
1953 2089 2185 2161 pericula

594 2200 705 2249 stat
741 2192 797 2248 in
832 2191 986 2256 acie,
1026 2188 1123 2246 sed
1160 2197 1220 2244 ut
1255 2188 1499 2244 civitates
1536 2188 1592 2242 ln
1641 2194 1756 2241 tuto
1807 2183 2039 2240 collucet
2076 2198 2092 2236 :
2132 2191 2189 2237 et

594 2292 867 2339 mercator
911 2298 1018 2337 non
1068 2290 1271 2337 tantum
1303 2279 1626 2347 transvehit,
1658 2284 1911 2349 quantum
1953 2275 2054 2331 sibi
2083 2275 2184 2330 soli

594 2370 727 2429 satis
769 2374 873 2441 sit,
903 2372 997 2428 sed
1026 2380 1281 2442 quantum
1305 2379 1361 2426 et
1402 2370 1583 2425 multis
1614 2369 1755 2423 aliis.
1795 2367 1852 2423 Si
1893 2367 2013 2437 quis
2056 2381 2187 2420 vero

594 2465 829 2531 dixerit,
876 2464 994 2521 Non
1024 2480 1205 2520 meum
1226 2505 1242 2529 ,
1285 2463 1380 2520 sed
1426 2478 1581 2519 suum
1610 2463 1833 2534 quisque
1857 2473 2056 2515 curans
2082 2458 2186 2513 hoc

597 2558 760 2623 facit;
789 2572 913 2613 nam
934 2564 993 2612 et
1017 2557 1270 2626 pecunias
1296 2555 1399 2612 sibi
1425 2564 1480 2612 et
1506 2555 1731 2626 gloriam
1760 2562 1817 2609 et
1840 2552 2183 2609 securitatem

595 2663 894 2721 apparans,
927 2647 1042 2703 haec
1070 2648 1250 2703 omnia
1275 2655 1534 2718 operatur
1563 2664 1579 2701 :
1625 2658 1793 2716 quare
1818 2657 1993 2698 meam
2033 2656 2185 2711 qum-

595 2754 722 2795 rcns
759 2740 1077 2805 utilitatem,
1114 2754 1268 2793 suam
1317 2738 1551 2808 qmerit:
1582 2735 1687 2790 hoc
1728 2744 1782 2790 et
1822 2748 1922 2805 ego
1947 2732 2102 2798 dico,
2131 2740 2188 2788 et

590 2834 700 2901 iam
731 2832 859 2888 olim
897 2832 1085 2886 audire
1122 2831 1367 2886 volebam
1391 2872 1409 2897 ,
1448 2838 1504 2885 et
1540 2829 1658 2899 ejus
1696 2828 1774 2884 rei
1812 2842 1974 2883 causa
2014 2837 2180 2883 totam

594 2925 895 2979 orationem
934 2921 1177 2989 institui,
1219 2929 1278 2975 ut
1314 2920 1657 2976 ostenderem
1699 2927 1825 2975 tunc
1875 2920 2183 2989 proximum

593 3031 745 3072 suam
793 3016 1077 3071 utilitatem
1122 3030 1402 3087 quaarere,
1452 3028 1573 3069 cum
1607 3021 1752 3069 tuam
1791 3020 2019 3081 spectat.
2047 3012 2183 3079 Quia

592 3108 738 3163 enim
769 3123 874 3163 non
917 3107 1073 3163 aliter
1120 3106 1367 3161 homines
1397 3104 1597 3159 vellent
1646 3117 1767 3173 qum
1804 3112 1930 3157 sunt
1958 3102 2185 3172 proximi

591 3215 872 3270 quzcrere,
919 3199 1022 3254 nisi
1064 3199 1117 3252 iu
1158 3197 1296 3252 hanc
1335 3196 1718 3251 inducerentur
1764 3194 2180 3261 necessitatem;

591 3291 713 3345 ideo
752 3290 891 3345 Deus
934 3288 1055 3345 haec
1094 3290 1164 3343 ita
1212 3288 1519 3358 colligavit,
1552 3294 1607 3342 et
1632 3300 1741 3341 non
1788 3287 1915 3341 sinit
1941 3287 2090 3358 prius
2115 3289 2183 3345 ad

594 3381 875 3436 utilitatem
906 3379 1176 3451 propriam
1203 3378 1420 3445 venire,
1468 3392 1628 3449 quam
1673 3392 1773 3447 per
1813 3392 1878 3433 ea
1901 3393 2023 3449 qua:
2063 3379 2183 3435 aliis

591 3470 894 3526 conducant
942 3472 1042 3525 iter
1071 3470 1349 3525 habeatur.
1391 3469 1506 3524 Hoc
1547 3476 1694 3525 certe
1731 3468 2022 3523 humanum
2053 3478 2136 3525 est
2161 3510 2177 3536 ,

595 3563 665 3616 ita
693 3563 759 3615 ad
786 3562 1016 3631 proximi
1047 3561 1331 3617 utilitatem
1358 3574 1418 3615 se
1443 3558 1713 3615 conferre.
1748 3558 1972 3629 Oportet
1998 3568 2180 3615 autem

593 3671 699 3708 non
732 3653 856 3708 inde
875 3694 891 3718 ,
918 3652 1014 3708 scd
1044 3669 1072 3705 a
1106 3653 1199 3708 Dei
1228 3652 1427 3723 placito
1454 3650 1785 3723 persuaderi.
1824 3651 2007 3721 Neque
2036 3654 2181 3708 enim

590 3747 770 3800 salvus
811 3759 931 3800 esse
980 3744 1145 3813 possit
1188 3744 1276 3814 qui
1308 3740 1413 3798 hoc
1441 3760 1547 3799 non
1594 3743 1793 3808 habet;
1833 3743 1928 3798 sed
1969 3743 2179 3798 etiamsi

591 3849 853 3896 summam
885 3832 1277 3905 philosophiam
1318 3848 1573 3889 exerceas
1595 3874 1613 3901 ,
1641 3844 1696 3890 et
1720 3842 1913 3889 caztera
1942 3849 2179 3905 pereun-

592 3928 663 3981 tia
695 3942 800 3981 non
829 3942 984 3982 cures
1004 3968 1019 3994 ,
1056 3926 1255 3982 nullam
1282 3926 1508 3980 habebis
1534 3926 1677 3997 apud
1706 3926 1874 3980 Deum
1903 3925 2178 3981 ﬁduciam.

591 4017 872 4075 Uudenam
923 4018 1027 4072 hoc
1075 4016 1324 4072 constat?
1368 4014 1448 4071 Ex
1494 4016 1559 4070 iis
1597 4031 1719 4086 quae
1766 4015 1955 4071 beatus
1981 4015 2180 4071 Paulus

591 4110 957 4178 pronuntiavit
989 4126 1002 4162 :
1035 4108 1096 4164 Si
1146 4109 1279 4163 enim
1326 4123 1497 4162 omnes
1544 4124 1680 4162 meas
1710 4108 1970 4177 facultates
1999 4108 2173 4163 distri-

1309 423 1363 479 S.
1404 420 1683 480 JOANNIS
1718 418 2187 477 CIIRYSOSTOSII
2228 418 2547 477 ARClllEP.
2586 420 3119 478 CONSTANTINOP.

3788 425 3888 480 Eli

2291 537 2442 589 bum
2475 538 2530 591 its
2551 537 2689 591 cibos
2717 554 2998 610 pauperum
3016 579 3035 606 ,
3062 549 3110 593 et
3134 540 3179 594 si
3207 540 3469 595 tradidero
3497 556 3692 612 corpus
3723 560 3883 600 auertat

2290 637 2345 680 ut
2371 627 2587 692 ardeat,
2635 630 2901 683 caritatem
2942 640 3113 685 autalt
3155 646 3257 685 non
3305 631 3552 699 habeam,
3599 635 3738 689 nihil
3767 638 3886 691 mihi

2291 719 2491 789 prodest
2514 720 2592 790 (Ι.
2611 719 2731 775 Cor.
2757 720 2843 776 l3.
2874 721 2964 792 3),
2991 721 3181 792 inquit.
3210 721 3392 778 Viden’
3405 736 3666 792 quantum
3696 726 3886 783 Paulus

2289 813 2466 884 exigat
2494 828 2523 867 a
2558 814 2757 869 nobis?
2801 830 3128 886 quamquam
3156 816 3203 871 is
3228 818 3318 888 qui
3365 817 3518 874 cibos
3565 819 3883 885 distribuit,

2291 917 2398 957 non
2441 918 2574 971 sua,
2626 904 2721 959 sed
2766 919 2888 974 qua:
2930 907 3159 977 proximi
3185 916 3349 973 sunt,
3377 921 3602 978 quaerat.
3643 910 3753 967 Sed
3781 910 3881 967 hoc

2290 990 2463 1047 solum
2516 1008 2624 1049 non
2683 993 2919 1062 suflicit,
2977 997 3150 1067 inquit
3189 1014 3206 1052 :
3244 1012 3369 1052 nam
3424 999 3554 1054 illud
3592 1000 3887 1059 admodum

2290 1084 2499 1138 sincere
2524 1084 2635 1139 vult
2660 1086 2926 1156 prazstari,
2942 1094 2999 1141 et
3022 1102 3145 1142 cum
3175 1104 3366 1160 magna
3385 1092 3880 1149 commiseratione.

2292 1173 2416 1230 Ideo
2454 1176 2598 1230 enim
2626 1176 2729 1232 hoc
2769 1177 2912 1233 Deus
2937 1181 3196 1251 pracepit
3217 1222 3233 1247 ,
3265 1190 3326 1237 ut
3349 1182 3417 1237 ad
3443 1184 3720 1240 vinculum
3743 1187 3883 1241 cari-

2293 1265 2416 1320 tatis
2440 1265 2751 1323 adduceret.
2784 1266 2919 1324 Cum
2944 1283 3075 1340 ergo
3105 1270 3195 1327 ille
3227 1281 3429 1328 tantam
3459 1274 3641 1345 exigat
3668 1292 3882 1331 mensu-

2291 1372 2403 1411 ram
2426 1398 2442 1423 ,
2489 1374 2591 1413 nos
2628 1375 2757 1415 vero
2795 1375 2972 1433 neque
2998 1364 3142 1434 quod
3182 1365 3359 1421 minus
3392 1378 3478 1423 est
3505 1369 3882 1439 pmbealttts,

2291 1464 2395 1519 qua
2420 1450 2565 1521 digni
2587 1452 2789 1508 erimus
2814 1454 2968 1509 venia
2988 1455 3013 1506 ?
3040 1454 3109 1510 Et
3132 1455 3426 1526 quomodo,
3457 1458 3669 1528 inquies
3689 1501 3706 1523 .
3735 1461 3884 1517 dice-

2290 1541 2382 1596 bat
2413 1542 2553 1597 Deus
2595 1543 2732 1598 Loto
2774 1558 2873 1614 per
2898 1545 3153 1617 angelos,
3201 1546 3425 1604 Senatu
3467 1566 3614 1604 serva
3657 1568 3883 1607 enim

2291 1642 2431 1686 tuam
2450 1633 2602 1703 (Gen.
2636 1635 2721 1691 l9.
2750 1636 2861 1706 22)
2884 1636 2911 1691 ἳ
2944 1636 3032 1691 dic
3077 1639 3292 1709 quando
3337 1649 3390 1697 et
3433 1656 3621 1711 quare.
3654 1642 3883 1710 Quando

2292 1726 2623 1784 inferebatur
2701 1730 3063 1800 supplicium,
3131 1747 3237 1786 non
3305 1733 3520 1803 quando
3592 1736 3881 1805 oportebat

2289 1820 2525 1890 corrigi,
2548 1821 2642 1876 sed
2668 1822 2880 1891 quando
2904 1822 3141 1878 damnati
3165 1832 3400 1881 erantet
3424 1827 3710 1886 iucurabili
3741 1846 3884 1886 mor-

2291 1909 2362 1964 bo
2391 1911 2744 1979 laborabant,
2792 1927 2857 1969 ac
2893 1928 3054 1971 senes
3088 1915 3424 1988 iuvenesque
3450 1919 3505 1973 in
3547 1921 3773 1977 eosdem
3801 1923 3882 1978 in-

2292 2002 2533 2058 silierant
2556 2018 2797 2072 amores,
2823 2020 2887 2062 ac
2914 2006 3129 2063 demum
3153 2009 3396 2065 comburi
3422 2010 3542 2066 illos
3572 2014 3878 2082 oportebat,

2292 2102 2348 2148 et
2388 2094 2440 2148 in
2468 2094 2556 2150 illa
2580 2094 2670 2151 die
2692 2137 2708 2162 ,
2737 2110 2861 2152 cum
2890 2096 3113 2153 fulmina
3152 2097 3491 2155 immittenda
3521 2112 3697 2157 erant.
3733 2105 3882 2161 Alio-

2292 2184 2420 2254 quin
2466 2193 2645 2241 autem
2695 2200 2804 2241 non
2832 2186 2903 2243 de
2929 2186 3060 2243 vitio
3087 2197 3143 2244 et
3162 2188 3363 2246 virtute
3400 2190 3515 2247 haec
3548 2191 3695 2248 dicta
3725 2206 3878 2259 sunt.

2292 2274 2386 2331 sed
2430 2275 2500 2332 de
2530 2276 2682 2347 plaga
2720 2277 2977 2335 divinitus
3022 2280 3282 2337 immissa.
3322 2282 3460 2351 maid
3489 2286 3664 2351 enim,
3698 2303 3883 2357 qumso

2290 2375 2375 2433 te,
2408 2368 2708 2425 faciendum
2752 2371 2907 2427 erat?
2946 2388 3014 2427 an
3055 2373 3249 2430 sedere
3285 2377 3565 2447 oportebat
3590 2389 3647 2436 et
3678 2383 3883 2452 suppli-

2289 2459 2431 2513 cium
2459 2460 2705 2530 accipere
2724 2503 2741 2528 ,
2780 2471 2837 2517 et
2870 2464 2987 2518 sine
3023 2463 3199 2533 aliqua
3229 2465 3443 2522 illorum
3472 2469 3706 2525 utilitate
3727 2487 3878 2527 com-

2293 2547 2447 2601 buri?
2499 2550 2570 2602 At
2616 2548 2719 2605 hoc
2768 2560 3025 2606 extrema:
3077 2553 3364 2610 dementia:
3420 2556 3629 2613 fuisset.
3697 2560 3881 2632 Neque

2289 2639 2434 2694 enim
2480 2640 2582 2695 hoe
2605 2656 2708 2712 ego
2731 2640 2880 2708 dico,
2926 2643 3069 2714 quod
3099 2643 3295 2700 frustra
3325 2644 3381 2702 et
3405 2647 3671 2705 incassum
3715 2667 3881 2723 opor-

2293 2738 2402 2786 teat
2449 2732 2770 2803 supplicium
2816 2735 3034 2801 subire,
3083 2744 3281 2807 prater
3326 2738 3419 2794 Dei
3450 2739 3708 2811 placitum
3739 2762 3755 2800 :
3783 2745 3879 2801 sed

2289 2823 2505 2892 quando
2548 2823 2711 2880 homo
2760 2824 2815 2879 iu
2858 2827 3096 2897 nequitia
3138 2840 3420 2898 versatur,
3454 2840 3578 2888 tunc
3614 2834 3783 2904 iubeo
3828 2847 3880 2894 te

2290 2914 2345 2968 in
2376 2915 2610 2970 medium
2657 2918 2878 2987 iniicere
2903 2929 2957 2975 et
2982 2920 3129 2974 illum
3158 2936 3352 2977 curare
3376 2938 3393 2987 ;
3416 2906 3645 2994 propter
3689 2930 3879 2998 proxi-

2289 3007 2362 3060 mi
2406 3007 2721 3073 utilitatem,
2764 3009 2809 3063 si
2838 3009 3051 3078 quidem
3095 3012 3270 3077 velis;
3315 3014 3397 3068 sin
3442 3015 3652 3081 minus,
3685 3019 3878 3075 saltem

2292 3107 2510 3167 propter
2537 3106 2701 3153 tuam.
2749 3099 2881 3153 Illud
2910 3115 3073 3171 porro
3116 3103 3306 3157 melius
3348 3112 3433 3159 est
3460 3120 3476 3158 :
3508 3106 3649 3176 quod
3692 3108 3741 3163 si
3771 3125 3878 3167 non

2290 3189 2357 3243 ad
2410 3189 2547 3245 hanc
2598 3189 2979 3247 sublimitatem
3030 3194 3303 3263 attigeris,
3361 3195 3557 3251 saltem
3607 3199 3683 3253 tui
3713 3214 3877 3255 causa

2291 3281 2472 3337 iacias.
2527 3281 2597 3337 Et
2643 3298 2803 3339 nemo
2851 3285 2993 3355 quod
3022 3299 3177 3341 suum
3227 3295 3312 3342 est
3360 3297 3597 3358 quzerat',
3629 3301 3688 3345 ut
3735 3296 3877 3362 quod

2290 3390 2443 3430 suum
2474 3384 2559 3430 est
2589 3376 2823 3431 inveniat
2852 3394 2866 3431 :
2896 3386 2952 3433 et
2977 3378 3273 3448 cogitantes
3295 3421 3312 3445 ,
3341 3395 3517 3450 neque
3560 3382 3877 3441 facultatum

2288 3464 2681 3522 abdicationem
2702 3507 2717 3533 ,
2751 3481 2925 3537 neque
2966 3471 3311 3540 martyrium,
3350 3486 3524 3540 neque
3546 3472 3692 3528 aliud
3722 3476 3880 3544 quid-

2288 3557 2430 3624 piam
2471 3555 2627 3610 nobis
2668 3556 2998 3627 patrocinari
3025 3572 3182 3627 posse
3205 3598 3222 3624 ,
3251 3560 3353 3614 nisi
3378 3574 3642 3617 summam
3672 3566 3877 3619 carita-

2290 3658 2396 3703 tem
2452 3648 2776 3715 habeamus,
2830 3648 2969 3704 bane
3019 3666 3133 3720 pm
3181 3651 3301 3707 aliis
3345 3668 3659 3721 servemus,
3692 3666 3751 3710 ut
3783 3673 3879 3727 per

2288 3739 2431 3794 illam
2483 3740 2585 3794 alia
2648 3754 3043 3812 consequamur
3092 3750 3151 3798 et
3196 3746 3476 3813 prasentia
3522 3756 3574 3800 ct
3609 3751 3877 3817 promissa

2286 3832 2425 3886 bona
2453 3849 2470 3885 :
2503 3848 2622 3902 quae
2667 3833 2867 3888 utinam
2918 3848 3017 3888 nos
3059 3848 3250 3889 omnes
3291 3835 3655 3905 adipiscamur
3702 3842 3875 3909 gratia

2287 3934 2340 3977 et
2386 3923 2715 3992 benignitate
2756 3923 2968 3978 Domini
2996 3925 3166 3980 nostri
3209 3924 3339 3980 Jesu
3363 3926 3562 3981 Christi
3590 3968 3607 3993 ,
3652 3930 3872 3999 quicum

2286 4015 2430 4070 Patri
2452 4030 2663 4084 unaque
2680 4013 2901 4085 Spiritui
2920 4023 3108 4070 sancto
3126 4015 3317 4086 gloria,
3342 4015 3648 4084 imperium,
3675 4017 3876 4088 honor,

2285 4123 2427 4163 nunc
2453 4116 2506 4163 el
2532 4121 2775 4178 semper,
2803 4115 2858 4162 et
2879 4106 2935 4162 in
2960 4108 3153 4163 sarcula
3180 4108 3523 4164 seculorum.
3553 4111 3750 4166 Amen.

1924 4312 2270 4377 HOMILIA
2309 4315 2546 4378 XXVI.

586 4464 715 4518 Car.
746 4461 832 4515 ll.
860 4475 915 4514 v.
946 4460 1003 4512 2.
1034 4456 1215 4511 Laudo
1240 4466 1408 4509 autem
1434 4471 1539 4519 vos,
1567 4458 1771 4526 fratres,
1790 4455 1929 4523 quod
1957 4471 2048 4525 per
2066 4471 2177 4510 om.

659 4556 746 4609 nia
764 4553 861 4607 mei
890 4565 1134 4605 memores
1163 4548 1305 4616 estis,
1334 4554 1381 4601 et
1405 4546 1535 4601 sicut
1556 4544 1749 4599 tradidi
1777 4544 1913 4599 vobis
1938 4545 2176 4600 traditio-

656 4664 767 4713 nes,
804 4647 877 4699 ita
922 4642 1121 4698 tenetis.

660 4741 713 4794 1.
744 4739 878 4793 Cum
908 4733 1230 4791 absolvisset
1254 4730 1557 4787 orationem
1582 4727 1651 4784 de
1689 4728 1754 4783 iis
1779 4742 1900 4797 quae
1928 4728 2195 4783 immolr-

585 4843 638 4884 ta
668 4838 793 4885 sunt
818 4828 996 4891 idolis,
1027 4834 1083 4879 ut
1104 4839 1163 4879 se
1190 4824 1369 4879 facere
1392 4822 1640 4885 decebat,
1670 4830 1725 4876 et
1747 4836 1866 4877 eam
1893 4820 2174 4891 perfectis-

585 4923 777 4976 simam
830 4917 1068 4981 fecisset,
1110 4914 1308 4969 ttansit
1353 4911 1423 4966 ad
1470 4911 1653 4976 aliud,
1703 4913 1847 4980 quod
1896 4921 1952 4966 et
2000 4912 2173 4982 ipsum

584 5012 793 5067 crimen
814 5014 953 5072 erat,
977 5004 1076 5060 sed
1100 5018 1209 5058 non
1230 5011 1461 5057 tantum.
1489 4999 1645 5064 Nam,
1668 5008 1732 5052 ut
1747 5000 1859 5068 iam
1880 5000 2010 5065 dixi,
2033 5015 2175 5055 nunc

585 5117 800 5177 quoque
827 5099 1001 5154 dicam
1019 5138 1037 5163 ,
1068 5097 1246 5167 ipsum
1274 5108 1379 5148 non
1406 5091 1750 5147 continenter
1776 5104 1977 5158 ponere
2004 5091 2173 5145 velte-

585 5196 881 5253 mentiures
908 5189 1310 5251 accusationes;
1342 5184 1438 5240 sed
1482 5183 1613 5253 ipsis
1641 5182 1957 5252 congruenti
1985 5180 2175 5236 ordine

585 5287 796 5357 positis,
836 5285 890 5339 in
918 5281 1150 5337 medium
1191 5292 1381 5333 eorum
1426 5274 1626 5329 leviora
1674 5273 1881 5337 inserit,
1931 5273 2073 5343 quod
2120 5272 2171 5326 in

582 5392 832 5435 sermone
862 5374 1139 5430 molestius
1160 5380 1242 5425 est
1262 5366 1601 5424 audientibus
1617 5380 1682 5419 ex
1700 5364 1969 5434 frequenti
1997 5366 2172 5420 incre-

584 5472 818 5539 patione,
848 5466 1022 5523 lenius
1051 5461 1302 5519 reddens.
1331 5459 1562 5528 Ideoque
1592 5455 1735 5526 quod
1764 5456 2172 5510 vehementissi-

584 5576 728 5614 mum
764 5560 1004 5615 omnium
1031 5565 1168 5619 erat,
1204 5566 1397 5621 nempe
1423 5550 1490 5604 de
1521 5546 1936 5610 resurrectione,
1960 5555 2169 5616 postre-

582 5665 725 5702 mum
754 5651 919 5719 ponit.
949 5648 1165 5703 Interim
1192 5658 1319 5698 vero
1343 5642 1408 5696 ad
1435 5639 1601 5704 aliud,
1643 5638 1785 5708 quod
1815 5638 1990 5691 lenius
2015 5648 2134 5693 erat
2153 5681 2165 5701 ,

584 5739 845 5806 procedit,
874 5737 1061 5795 dicens
1094 5755 1107 5791 :
1136 5733 1317 5789 Laudo
1357 5742 1525 5787 autem
1565 5747 1671 5793 eos,
1720 5730 1856 5799 quod
1885 5746 1975 5799 per
1998 5732 2167 5784 omnia

578 5833 677 5886 turi
726 5848 965 5888 memores
1012 5832 1153 5887 estis.
1208 5828 1339 5885 Nam
1384 5841 1507 5881 cum
1546 5823 1614 5879 de
1658 5821 1894 5879 admisso
1940 5835 2159 5893 peccato

2280 4469 2513 4524 constat,
2569 4460 2921 4515 vehementer
2966 4463 3173 4516 incusat
3212 4470 3269 4515 et
3312 4460 3714 4516 comminatur:
3747 4475 3870 4517 cum

2282 4561 2461 4605 autem
2504 4550 2574 4607 de
2602 4561 2823 4620 peccato
2862 4553 3158 4617 dubitatur,
3191 4552 3319 4607 illud
3361 4552 3537 4623 primo
3571 4553 3783 4623 probat,
3816 4564 3872 4607 ct

2284 4651 2408 4698 tunc
2431 4644 2672 4713 increpat
2691 4663 2702 4698 :
2724 4653 2781 4699 et
2798 4644 2940 4714 quod
2960 4645 3175 4715 quidem
3192 4646 3244 4699 in
3261 4643 3514 4700 confesso
3529 4654 3619 4700 est
3636 4644 3866 4708 extollit;

2283 4735 2412 4790 illud
2442 4752 2591 4803 vero,
2623 4736 2691 4791 de
2718 4752 2825 4807 quo
2852 4736 3146 4801 dubitatur,
3176 4736 3231 4791 in
3266 4737 3661 4791 confessoesse
3686 4745 3869 4789 osten-

2280 4826 2376 4879 dit.
2402 4827 2649 4895 Exempli
2670 4841 2831 4881 causa
2848 4828 2917 4882 de
2938 4826 3287 4882 fornicatione
3321 4825 3536 4894 quidem
3550 4824 3865 4889 constabat;

2282 4918 2509 4986 ideoque
2535 4932 2645 4971 non
2677 4932 2812 4985 opus
2838 4916 2939 4970 fuit
2982 4915 3271 4970 ostendere
3300 4914 3353 4968 id
3378 4928 3504 4968 esse
3548 4923 3862 4982 peccatum;

2282 5005 2374 5058 sed
2407 5004 2587 5059 delicti
2624 5006 3043 5075 magnitudinem
3087 5005 3196 5058 illic
3224 5004 3489 5074 probavit,
3519 5012 3575 5059 et
3593 5020 3692 5075 per
3718 5020 3866 5062 com-

2282 5094 2609 5161 parationem
2662 5095 2963 5147 oratiooem
3009 5093 3252 5161 protulit.
3293 5092 3499 5149 Rursus
3541 5095 3681 5164 apud
3729 5097 3864 5152 alios

2276 5183 2523 5252 iudicari,
2574 5194 2846 5254 peccatum
2891 5183 3109 5253 quidem
3157 5193 3294 5247 erat,
3333 5185 3428 5239 sed
3476 5200 3584 5241 non
3616 5196 3859 5251 tantum;

2281 5274 2506 5344 ideoque
2536 5274 2662 5327 illud
2688 5275 2957 5345 interiecit
2979 5284 3034 5329 et
3061 5272 3325 5343 probavit.
3357 5274 3431 5331 De
3459 5276 3522 5331 iis
3549 5277 3711 5331 etiam
3742 5292 3862 5347 quas

2279 5366 2435 5423 idolis
2456 5368 2727 5422 immolata
2748 5377 2901 5421 erant
2917 5365 3282 5434 dubitabatur,
3303 5368 3397 5423 sed
3421 5383 3675 5440 magnum
3695 5370 3859 5423 etiam

2277 5460 2475 5511 malum
2507 5466 2653 5512 erat:
2684 5464 3010 5526 quapropter
3036 5456 3273 5512 ostendit
3292 5472 3415 5514 esse
3443 5468 3750 5528 peccatum,
3781 5455 3858 5509 id-

2276 5564 2380 5617 que
2412 5548 2595 5604 verbis
2636 5546 2865 5603 extollit.
2917 5546 3142 5614 Quando
3177 5559 3360 5604 autem
3406 5547 3512 5603 hoc
3552 5544 3702 5609 facit,
3751 5559 3854 5597 non

2276 5640 2447 5693 solum
2476 5639 2691 5695 abducit
2719 5652 2749 5691 a
2797 5638 3130 5705 criminibus,
3158 5638 3254 5695 sed
3282 5639 3446 5695 etiam
3474 5635 3541 5691 ad
3584 5635 3852 5690 contraria

2275 5730 2437 5785 ducit.
2472 5730 2653 5799 Neque
2674 5729 2819 5784 enim
2844 5728 2979 5784 dixit
3008 5730 3168 5786 modo
3206 5744 3317 5785 non
3341 5734 3595 5797 oportere
3624 5723 3849 5778 fornica-

2275 5822 2339 5889 ri,
2375 5820 2468 5877 sed
2494 5820 2655 5876 etiam
2680 5834 2923 5889 magnam
2949 5833 3069 5877 esse
3094 5815 3451 5877 exhibendam
3476 5813 3847 5871 sanctitatem.
