4086 6340
228 307 333 363 215

232 422 463 493 tdedque
491 418 806 490 subiunxit:
841 413 1134 483 Gloriﬁcate
1159 411 1321 467 Deum
1341 411 1402 465 in
1418 423 1628 481 corpore
1648 415 1812 493 oestro

233 527 279 571 et
315 492 502 585 spiritu
530 522 694 565 uestro
734 509 813 579 (1.
835 504 955 563 Cor.
987 506 1041 561 6.
1067 504 1179 567 20).
1208 502 1296 579 ‘Et
1334 514 1520 556 rursus
1560 513 1683 553 cum
1722 492 1815 553 di-

234 609 402 662 xisset
432 619 543 659 non
567 610 816 673 oportere
841 598 1134 669 sapientem
1154 609 1273 649 esse
1295 602 1514 649 externa
1532 589 1815 661 sapientia,

233 717 345 755 non
383 701 487 753 hoe
522 676 805 752 contentus
842 700 945 755 est,
986 688 1079 743 sed
1118 686 1271 758 jubet
1311 686 1530 741 stultum
1571 682 1713 737 ﬁeri.
1750 679 1816 735 Et

232 808 361 846 cum
388 792 481 845 dat
518 785 803 841 consilium
844 796 948 836 non
974 780 1177 849 judicio
1206 774 1646 833 contendendum
1696 786 1818 827 esse

232 881 375 951 apud
428 888 705 941 externos,
754 888 928 935 neque
973 870 1220 941 injuriam
1275 883 1399 922 esse
1452 862 1817 958 inferendam;

232 986 556 1044 progressus
605 970 764 1024 etiam
810 964 1012 1036 judicio
1068 961 1397 1039 contendere
1446 958 1713 1027 prohibet,
1763 964 1820 1012 et

229 1056 517 1121 consilium
557 1062 649 1115 dat
670 1070 726 1114 ut
763 1074 868 1112 non
904 1055 1064 1111 modo
1098 1067 1201 1108 non
1226 1052 1472 1121 injuriam
1506 1048 1814 1113 inferamus,

228 1159 327 1212 sed
352 1166 411 1211 ut
432 1156 677 1223 iniuriam
704 1151 985 1221 patiamur.
1013 1149 1077 1203 Et
1098 1147 1165 1201 de
1188 1144 1497 1214 idolothytis
1518 1141 1814 1211 disserens,

233 1264 343 1302 non
384 1247 519 1301 dixit
550 1243 708 1309 modo
736 1258 764 1294 a
796 1224 1075 1310 prohibitis
1114 1236 1383 1291 abstinere
1418 1242 1689 1302 oportere.
1724 1230 1816 1286 sed

230 1343 399 1395 etiam
447 1353 477 1391 a
525 1336 819 1405 concessis,
866 1330 1081 1401 quando
1128 1336 1214 1383 res
1257 1325 1584 1381 oﬂ‘endiculo
1630 1325 1814 1387 luerit;

232 1447 410 1502 neque
437 1429 596 1485 modo
623 1442 730 1481 non
754 1423 1099 1478 offendendos
1124 1433 1244 1475 esse
1269 1418 1482 1479 fratres.
1510 1432 1695 1471 verum
1718 1430 1818 1470 nec

231 1525 455 1579 Gnaeos
480 1536 578 1574 nec
614 1519 864 1581 Judaeos;
897 1514 1023 1569 Sme
1046 1511 1343 1579 oﬁ'ensione,
1377 1510 1566 1579 inquit,
1594 1518 1749 1562 estote
1772 1516 1817 1561 et

229 1614 433 1668 luditis
464 1622 510 1665 et
556 1610 748 1665 Grecis
774 1613 822 1661 et
855 1606 1103 1660 Ecclesia:
1146 1603 1260 1659 Dei.
1290 1602 1424 1657 Cum
1468 1616 1596 1671 ergo
1637 1600 1704 1655 de
1733 1600 1817 1656 his

230 1706 489 1760 omnibus
529 1703 827 1757 orationem
871 1697 1207 1760 absolvisset,
1253 1694 1509 1762 deinceps
1560 1692 1625 1746 ad
1674 1690 1816 1745 aliud

229 1800 440 1853 crimen
483 1794 744 1867 procedit.
785 1791 1063 1858 Quodnam
1092 1788 1221 1843 illud
1256 1788 1411 1843 erat?
1450 1785 1818 1841 Muliercs'de-

234 1899 392 1943 tecta:
420 1897 475 1943 et
520 1885 665 1940 nudo
708 1885 883 1953 capite
926 1891 982 1937 et
1026 1880 1255 1934 orabant
1299 1887 1355 1932 et
1392 1877 1814 1948 praphetabant;

231 1990 362 2036 tunc
384 1981 529 2036 enim
563 1976 949 2049 prophetabant
972 1974 1256 2027 mulieres:
1282 1971 1382 2026 viri
1408 1980 1584 2026 autem
1610 1984 1815 2025 comam

231 2073 473 2135 alebant,
521 2080 705 2135 utpote
740 2068 831 2137 qui
869 2068 920 2118 in
966 2063 1301 2135 philosophia
1358 2071 1723 2127 versarentur,
1764 2069 1820 2115 et

231 2164 491 2231 tegebant
513 2168 671 2229 caput
692 2168 907 2211 orantes
928 2168 979 2209 et
998 2153 1415 2225 prophetantes;
1443 2152 1582 2222 quod
1612 2160 1817 2205 utrum-

230 2269 340 2325 que
362 2255 498 2321 legis
540 2251 845 2307 Gra'eormn
870 2257 1004 2304 erat.
1047 2246 1179 2315 Quia
1203 2260 1330 2315 ergo
1359 2244 1425 2298 de
1451 2244 1534 2297 his
1572 2243 1819 2307 omnibus

230 2363 350 2409 eos,
404 2360 527 2399 cum
568 2344 801 2406 adesset,
850 2339 1149 2401 admonuit;
1187 2348 1240 2393 et
1281 2336 1520 2389 fortassis
1565 2335 1653 2389 alii
1701 2334 1820 2405 qui-

230 2437 355 2492 dem
379 2436 680 2499 audierant,
706 2434 793 2487 alii
818 2448 923 2488 non
944 2441 1261 2501 paruerant:
1288 2429 1407 2483 ideo
1430 2444 1523 2499 per
1541 2428 1817 2498 epistolam

232 2542 445 2591 rursus,
496 2535 555 2581 ut
593 2526 807 2593 sapiens
846 2522 1302 2585 medicus,_verha
1346 2520 1657 2584 infundens,
1692 2535 1817 2589 pcc«

229 2630 415 2674 catum
458 2617 698 2685 corrigit.
742 2615 872 2668 Nam
918 2613 1056 2682 quod
1081 2627 1174 2667 eos
1210 2611 1318 2680 jam
1342 2622 1462 2665 cum
1485 2610 1698 2665 adesset
1721 2610 1815 2664 ad-

231 2708 529 2780 monuerit,
554 2708 726 2776 palam
754 2714 835 2759 est
860 2705 1008 2759 exiis
1037 2718 1154 2771 quae
1177 2702 1228 2754 in
1254 2702 1515 2770 prooemio
1540 2698 1687 2755 dicit.
1708 2700 1821 2754 Cur

229 2801 381 2855 enim
404 2812 525 2854 cum
555 2798 683 2851 nihil
714 2797 813 2850 hac
836 2794 903 2850 de
929 2782 987 2848 re
1009 2794 1228 2848 dixisset
1248 2809 1469 2863 usquam
1493 2794 1546 2846 in
1566 2780 1817 2863 epistola,

230 2893 329 2955 sed
374 2892 445 2947 ab
482 2891 603 2945 aliis
630 2889 943 2945 criminibus
976 2888 1211 2942 invectus
1233 2888 1396 2953 esset,
1440 2887 1618 2941 Statim
1658 2886 1818 2941 dicit:

228 2984 421 3039 Laudo
449 2995 617 3037 mitem
642 3000 761 3048 uos,
790 2984 923 3051 quod
952 2999 1041 3051 per
1076 2982 1245 3036 omnia
1273 2983 1372 3036 mei
1401 3000 1643 3037 memores
1671 2984 1817 3049 estis,

231 3089 282 3129 et
318 3078 451 3128 sicut
498 3076 685 3127 tradidi
725 3075 861 3128 vobis
897 3074 1214 3138 traditiones,
1258 3073 1327 3125 ila
1368 3056 1578 3126 tenetis?
1635 3073 1821 3128 Viden’

232 3169 510 3239 quoaiodo
555 3168 641 3220 alii
696 3166 909 3235 quidem
956 3166 1241 3229 audierint,
1293 3180 1425 3235 quos
1481 3162 1821 3231 laudat;‘alii

234 3278 347 3315 non
378 3260 664 3324 audierint,
696 3273 831 3327 quos
870 3258 1093 3328 corrigit
1124 3274 1218 3326 per
1257 3258 1558 3327 sequentia.
1601 3258 1817 3313 dicens:

235 3351 298 3405 Si
327 3367 442 3419 quis
463 3361 630 3403 autent
654 3349 847 3402 videtur
870 3365 976 3402 esse
1001 3351 1358 3415 contentiosus,
1397 3366 1487 3401 nos
1520 3350 1669 3403 talem
1696 3366 1820 3403 con-

231 3438 555 3495 suetudinem
583 3457 683 3493 non
704 3440 943 3513 habemus
966 3439 1041 3511 (i.
1073 3439 1192 3493 Cor.
1220 3442 1305 3496 ll.
1335 3440 1462 3510 (6)?
1486 3441 1617 3495 Nam
1641 3442 1684 3495 si
1702 3442 1822 3496 aliis

234 3544 386 3587 recte
415 3532 711 3603 agentibus,
740 3532 987 3585 aliisnon
1014 3531 1374 3597 audientibus,
1408 3548 1598 3587 omnes
1630 3532 1680 3586 in
1710 3535 1819 3587 cri-

235 3638 363 3677 men
394 3631 655 3689 vocasset,
698 3622 819 3676 illos
847 3621 1180 3689 audaciores,
1209 3623 1308 3677 hos
1336 3625 1611 3695 segniores
1641 3624 1821 3679 reddi-

235 3714 436 3768 disset:
470 3726 609 3767 nunc
634 3724 811 3767 autem
839 3712 971 3767 alios
995 3713 1218 3768 laudans
1242 3722 1297 3768 et
1324 3724 1572 3783 acceptos
1595 3715 1818 3781 habens,

236 3805 374 3860 alios
399 3804 710 3874 obiurgans,
740 3812 796 3859 et
834 3805 953 3859 illos
982 3805 1153 3874 magis
1190 3805 1501 3871 concitavit,
1533 3814 1586 3861 et
1613 3806 1697 3860 his
1725 3822 1822 3876 pu-

238 3892 425 3952 dorem
458 3899 701 3954 incussit.
745 3898 875 3952 Nam
920 3898 1269 3966 reprehensio
1313 3914 1407 3966 per
1446 3915 1503 3951 se
1539 3898 1710 3952 solum
1755 3900 1821 3952 ad

240 3989 646 4056 percellendum
669 3988 893 4054 sufficit;
913 4004 1034 4042 eum
1056 4004 1187 4043 vero
1212 3990 1347 4042 litad
1369 3986 1844 4057 comparationem”

236 4085 487 4143 aliorum,
516 4082 603 4152 qui
629 4082 884 4150 praeclare
911 4090 1133 4151 egerunt
1152 4089 1207 4136 et
1235 4081 1535 4143 laudantur,
1561 4080 1819 4150 majorem

237 4174 406 4227 infert
449 4174 746 4227 stimulum.
792 4172 895 4226 Sed
928 4173 1138 4227 interim
1182 4189 1287 4234 non
1317 4187 1343 4224 a
1380 4172 1817 4239 reprehensione,

235 4264 336 4319 sed
381 4265 450 4318 ab
488 4266 747 4319 encomiis
780 4263 1004 4323 orditur,
1037 4272 1090 4315 et
1121 4277 1148 4313 a
1196 4262 1402 4329 magnis
1431 4259 1709 4325 encomiis,
1739 4260 1821 4313 di—

238 4368 399 4409 cens:
432 4354 612 4409 Laudo
641 4365 807 4409 autem
834 4369 941 4417 vos,
972 4352 1109 4423 quod
1138 4367 1226 4421 per
1251 4352 1422 4402 omnia
1452 4351 1548 4402 mei
1578 4365 1819 4403 memores

236 4446 379 4499 estis.
412 4443 557 4497 Talis
583 4446 725 4499 enim
747 4461 864 4500 mos
884 4455 966 4498 est
992 4442 1161 4505 Pauli,
1187 4455 1281 4506 pro
1310 4441 1485 4505 parvis
1510 4440 1670 4493 etiam
1700 4440 1817 4492 lau-

235 4538 337 4592 des
366 4547 587 4604 magnas
615 4537 763 4595 texit.
796 4551 900 4589 non
929 4552 994 4590 ex
1024 4534 1351 4595 adulatione,
1386 4530 1556 4591 absit;
1586 4545 1815 4597 quomo-

234 4631 310 4684 do
335 4628 480 4685 enim
508 4627 587 4682 sic
621 4635 824 4695 ageret,
855 4640 975 4679 eum
1020 4642 1118 4680 nec
1149 4626 1422 4693 pecunias,
1455 4636 1549 4675 nec
1576 4622 1813 4689 gloriam,

237 4735 343 4774 nec
367 4719 515 4774 aliud
540 4717 664 4788 quid
692 4716 864 4769 simile
894 4716 1138 4785 expetat?
1160 4715 1253 4768 sed
1287 4729 1381 4781 pro
1412 4714 1622 4766 illorum
1649 4712 1817 4765 salute

235 4811 424 4863 omnia
465 4808 685 4864 faciens.
731 4807 959 4875 ideoque
1001 4804 1208 4858 laudem
1240 4820 1451 4872 queqse
1488 4802 1697 4857 extollit
1740 4804 1821 4857 di-

235 4915 394 4963 cens,
425 4900 605 4956 Laudo
626 4914 791 4955 autem
815 4918 924 4964 vos,
947 4898 1081 4968 quod
1121 4914 1209 4966 per
1246 4900 1415 4949 munia
1452 4898 1542 4950 mei
1577 4914 1821 4954 memores

130 5019 143 5024 -
234 4989 383 5043 estis.
426 4990 685 5055 Quaenam
716 5002 841 5044 sunt
878 4991 961 5043 illa
995 4986 1209 5042 omnia?
1250 4986 1376 5039 Nan.
1424 4987 1489 5039 de
1518 5002 1669 5043 coma
1715 5007 1820 5046 non

238 5078 459 5141 aienda,
484 5090 537 5132 et
559 5081 626 5133 de
652 5083 822 5149 capite
850 5097 951 5132 non
982 5077 1209 5149 tegendo
1234 5083 1436 5128 tantum
1471 5075 1818 5145 loquebatur;

237 5174 360 5235 sed,
395 5182 455 5227 ut
501 5173 629 5235 dixi,
680 5176 862 5231 laudes
910 5176 1096 5238 variat,
1130 5182 1185 5226 ut
1232 5172 1585 5241 promptiores
1608 5175 1817 5232 reddat.

236 5265 368 5319 Ideo
393 5264 490 5329 ait,
529 5262 677 5328 Quod
706 5283 795 5334 per
826 5267 995 5319 omnia
1036 5267 1132 5320 mei
1156 5279 1395 5317 memores
1436 5269 1573 5329 estis,
1600 5274 1650 5318 et
1691 5270 1824 5324 sicut

239 5357 437 5410 tradidi
482 5355 619 5407 vobis
670 5356 984 5420 traditiones,
1040 5356 1123 5409 ita
1160 5355 1353 5409 tenetis.
1410 5353 1551 5422 Ergo
1595 5364 1651 5410 et
1704 5360 1823 5416 sine

236 5451 445 5515 scripto
506 5445 672 5499 multa
738 5456 865 5500 tunc
921 5446 1024 5501 illis
1085 5446 1347 5508 tradebat,
1398 5443 1539 5515 quod
1592 5453 1647 5499 et
1696 5450 1822 5505 alibi

236 5549 453 5607 quoque
480 5537 665 5598 multis
692 5537 742 5590 in
774 5536 903 5589 locis
941 5536 1103 5591 dicit:
1130 5538 1245 5593 sed.
1268 5548 1392 5591 tunc
1416 5534 1629 5606 quidem
1658 5540 1824 5594 tradi-

236 5625 317 5678 dit
346 5630 593 5693 tanttun,
615 5643 755 5685 nunc
777 5643 907 5684 vero
932 5629 1090 5682 etiam
1118 5644 1334 5683 causam
1363 5628 1535 5683 affert.
1566 5626 1641 5681 Ita
1671 5610 1837 5684 enim

239 5708 293 5771 ἀι
327 5716 427 5777 hos
456 5721 740 5779 audientes
773 5720 1023 5776 fortiores
1062 5720 1337 5787 reddebat,
1384 5731 1439 5776 et
1479 5721 1687 5777 illorum
1715 5718 1813 5774 ad—

576 5796 844 5872 Ps’rnoL.
888 5808 1003 5866 on.
1057 5802 1207 5863 LXI.

1219 294 1287 352 IN
1324 291 1536 350 EPIST.
1578 290 1598 345 I
1662 288 1755 344 Al)
1794 287 1949 345 COB.
1991 286 2225 344 HOMIL.
2265 285 2456 343 XXVI.

3403 290 3508 343 2M

1924 402 2254 480 versandum
2277 406 2471 462 fastum
2492 405 2827 479 detrahebat.
2852 407 3060 464 Deinde
3076 424 3185 481 non
3205 408 3353 473 dicit,
3375 409 3504 477 Quia

1921 512 2018 553 vos
2046 497 2325 565 obedistis,
2357 498 2447 570 alii
2470 514 2600 554 vero
2622 514 2730 554 non
2761 499 3111 564 ohedierunt;
3144 499 3239 554 sed
3266 500 3381 554 sine
3405 500 3505 553 ulla

1922 588 2226 658 suspicione
2255 604 2324 645 ex
2350 589 2593 644 doctrina
2624 604 2721 644 sua
2748 590 2799 643 id
2822 589 3125 645 subindicat
3150 588 3205 644 in
3233 592 3506 663 sequenti-

1922 681 2043 747 bus,
2075 682 2153 736 sic
2185 682 2438 752 loquens:
2469 682 2523 737 3.
2560 679 2687 735 Volo
2707 691 2875 735 autem
2900 697 2986 735 vos
3007 683 3152 745 scire,
3188 676 3325 747 quod
3342 684 3507 755 omnis

1922 773 2015 826 viri
2044 783 2197 841 caput
2222 771 2452 827 Christus
2473 782 2579 839 est;
2600 783 2756 843 caput
2777 782 2942 826 autem
2968 774 3193 827 mulieris
3222 774 3329 839 vir;
3352 760 3505 841 caput

1922 880 2036 917 vero
2083 863 2272 918 Christi
2321 863 2480 918 Deus.
2530 864 2657 918 llaec
2686 872 2769 919 est
2797 862 3013 933 quidem
3038 878 3212 917 causa:
3238 860 3505 935 redditio;

1924 969 2040 1009 eam
2079 969 2209 1010 vero
2244 952 2849 1022 affert,imbecilliores
2894 954 3130 1009 reddens
3172 944 3504 1010 attentior-es.

1923 1045 2025 1113 Qui
2050 1060 2179 1115 ergo
2218 1044 2391 1100 fidelis
2437 1056 2515 1099 est
2547 1053 2602 1099 et
2646 1044 2821 1107 fortis,
2853 1055 2913 1099 ut
2954 1061 3049 1114 par
3077 1056 3179 1112 est,
3222 1047 3430 1100 ratione
3454 1053 3508 1100 et

1924 1150 2082 1192 causa
2112 1152 2217 1189 non
2245 1146 2365 1205 eget
2385 1133 2489 1205 pro
2515 1137 2580 1189 iis
2603 1152 2723 1204 qua:
2746 1144 3016 1207 praecepta
3042 1144 3187 1199 sunt,
3221 1134 3317 1191 sed
3345 1134 3497 1189 sufli-

1922 1227 1997 1281 cit
2024 1214 2251 1283 illisola
2294 1228 2509 1295 traditio
2533 1229 2663 1297 rqul
2688 1237 2865 1282 autem
2909 1227 3227 1281 imbecillior
3253 1234 3353 1290 est,
3387 1242 3510 1281 cum

1858 1322 1861 1323 ⁷
1923 1319 2085 1374 etiam
2115 1323 2332 1375 causam
2381 1320 2654 1388 didicerit,
2687 1328 2815 1375 tunc
2853 1335 2976 1374 cum
3007 1319 3197 1388 majori
3241 1319 3420 1372 studio
3456 1319 3509 1372 id

1921 1410 2065 1480 quod
2104 1412 2303 1466 dictum
2345 1420 2427 1466 est
2471 1394 2679 1489 recitat,
2725 1423 2923 1467 etcum
2968 1426 3155 1481 magna
3198 1411 3505 1481 obsequitur

1922 1502 2221 1557 alacritate.

1991 1592 2047 1646 2.
2080 1593 2308 1663 Ideoque
2332 1610 2547 1649 causam
2575 1611 2681 1650 non
2702 1595 2871 1662 dixit,
2900 1595 3072 1651 donec
3096 1595 3227 1650 vidit
3260 1595 3506 1649 violatum

1922 1698 2043 1739 esse
2071 1685 2400 1755 mandatum.
2435 1686 2693 1752 Quaenam
2718 1701 2847 1756 ergo
2874 1702 3034 1741 causa
3055 1687 3177 1741 est?
3208 1685 3388 1740 Omnis
3412 1685 3509 1740 oiri

1922 1785 2076 1845 caput
2100 1775 2331 1830 Christus
2359 1786 2447 1830 est.
2484 1778 2694 1847 Ergone
2717 1779 2879 1831 etiam
2901 1778 3075 1847 Graeci
3095 1779 3119 1830 τ
3138 1776 3504 1846 Nequaquam.

1921 1865 2054 1920 Nam
2082 1868 2127 1921 si
2153 1883 2348 1937 corpus
2370 1867 2568 1925 Christi
2602 1882 2789 1923 sumus
2824 1878 2876 1922 et
2907 1869 3143 1922 membra
3168 1882 3231 1922 ex
3254 1872 3424 1935 parte,
3446 1875 3511 1919 et

1923 1960 2025 2014 hac
2060 1960 2401 2015 ratione'ill'e
2443 1970 2603 2031 caput
2643 1974 2883 2015 nossrum
2928 1969 3045 2025 est;
3087 1974 3273 2015 eorum
3318 1958 3407 2027 qui
3454 1960 3507 2011 in

1923 2067 2151 2122 corpore
2194 2069 2299 2106 non
2352 2064 2479 2107 sunt
2520 2066 2699 2122 neque
2728 2055 3322 2115 membra-cenSentur,
3352 2059 3509 2117 caput

1924 2144 2016 2201 ille
2036 2158 2143 2213 non
2167 2144 2322 2200 fuerit
2358 2163 2370 2197 :
2395 2153 2727 2214 quapropter
2749 2159 2869 2198 cum
2901 2144 3065 2207 dicit,
3094 2142 3297 2204 Omnis.
3325 2142 3509 2197 subin-

1925 2236 2270 2307 telligendum
2300 2245 2387 2291 est
2412 2236 2607 2292 ﬁdelis.
2635 2222 2883 2290 Vidistia‘
2911 2234 3181 2305 quomodo
3203 2248 3364 2304 stipra
3394 2219 3509 2288 ubi:

1922 2343 2028 2399 que
2052 2327 2257 2399 pudore
2294 2327 2565 2384 suﬂundat
2593 2327 2931 2383 auditorem?
2957 2324 3093 2381 Nam
3119 2340 3243 2380 cum
3276 2326 3343 2380 de
3369 2324 3523 2379 C‘ifi-,

1927 2431 2035 2477 tate
2063 2409 2374 2493 dissereret,
2410 2430 2467 2477 et
2491 2435 2613 2475 cum
2639 2420 2708 2476 de
2736 2419 3039 2475 humilitate
3062 2428 3111 2475 et
3142 2434 3257 2473 cum
3280 2418 3348 2473 de
3369 2418 3513 2473 eiec-

1925 2530 2169 2587 mosyna,
2202 2514 2326 2569 inde
2355 2514 2598 2581 exempla
2622 2512 3063 2581 trahebatﬁapat
3088 2522 3255 2567 autem
3278 2511 3509 2565 mulieris

1925 2609 2001 2662 vir
2026 2623 2047 2672 ;
2075 2615 2227 2676 caput
2251 2622 2368 2659 vero
2388 2604 2574 2659 Christi
2601 2602 2757 2657 Deus.
2790 2602 2888 2658 Hic
2915 2603 2970 2657 in
3004 2618 3102 2658 nos
3134 2604 3375 2658 insiliunt
3402 2602 3511 2657 hae-

1925 2700 2096 2764 retici,
2145 2711 2213 2752 ex
2253 2697 2319 2751 iis
2354 2711 2476 2765 qua:
2503 2696 2644 2750 dicta
2689 2704 2811 2747 sunt
2856 2694 3118 2748 minorem
3167 2696 3287 2748 esse
3312 2692 3514 2747 Filium

1926 2785 2451 2858 excogitantes;sed
2504 2786 2557 2838 in
2586 2785 2794 2854 seipsos
2822 2782 3138 2839 irruunt..Si
3184 2782 3325 2837 enim
3353 2792 3511 2852 caput

1926 2882 2168 2936 mulieris
2193 2889 2277 2933 est
2301 2879 2383 2933 vir
2404 2916 2419 2942 ,
2451 2876 2797 2946 ejusdemque
2827 2888 2909 2930 est
2936 2876 3247 2930 substantiae
3270 2884 3427 2944 caput
3454 2886 3512 2931 et

1926 2988 2154 3044 corpus;
2184 2980 2342 3043 caput
2366 2984 2496 3025 vero
2523 2968 2721 3045 Christi
2748 2983 2831 3022 est
2875 2967 3041 3033 Deus,
3072 2966 3235 3020 Filius
3268 2965 3506 3035 ejusdem

1925 3081 2085 3139 atque
2130 3068 2285 3121 Pater
2329 3063 2640 3119 substantia:
2684 3072 2784 3116 est.
2816 3062 2903 3126 At,
2947 3061 3212 3129 inquiunt,
3260 3059 3509 3112 nolumus

1927 3164 2051 3218 hinc
2080 3158 2361 3215 03tendere
2391 3156 2533 3227 quod
2557 3156 2777 3210 alterive.
2806 3160 2872 3208 sit
2900 3154 3227 3211 substantiae.
3254 3153 3345 3207 sed
3368 3154 3511 3221 quod

1926 3273 1955 3309 a
1998 3255 2154 3309 Patre
2191 3251 2504 3319 imperetur.
2538 3245 2676 3315 Quid
2728 3245 2793 3300 ad
2838 3245 2940 3299 hoc
2982 3244 3305 3297 dixerimus?
3356 3243 3507 3309 Quod

1926 3364 2045 3402 cuin
2069 3344 2268 3399 humile
2292 3340 2565 3411 quidpiam
2593 3338 2785 3393 dicitur
2804 3336 2873 3390 de
2904 3336 2996 3389 illo
3028 3350 3145 3389 cum
3177 3347 3335 3387 carm:-
3360 3334 3507 3386 exsi-

1927 3449 2103 3494 steute
2124 3478 2140 3501 ,
2169 3434 2221 3489 id
2248 3432 2391 3504 quod
2440 3432 2635 3486 dicitur
2672 3445 2776 3483 non
2823 3428 2892 3481 sit.
2920 3426 3209 3481 divinitatis
3256 3420 3425 3478 iiIi-tae
3456 3432 3513 3479 et

1928 3529 2177 3601 dejectio,
2220 3542 2341 3581 cum
2387 3523 2686 3580 (economia
2730 3520 2784 3574 ii
2829 3518 3095 3588 suscipiat.
3134 3518 3389 3571 {Lmter'ur
3423 3519 3511 3571 dic

1926 3622 2196 3694 quomodo
2233 3619 2285 3673 id
2313 3632 2455 3673 nunc
2480 3617 2559 3670 vis
2583 3614 2850 3685 probare?
2872 3611 3132 3677 Quoniam
3158 3650 3173 3675 ,
3204 3609 3402 3677 inquit,
3432 3609 3509 3662 si-

1928 3723 2020 3770 cut
2045 3714 2129 3768 vir
2156 3710 2365 3766 mulieri
2399 3709 2661 3776 imperat,
2700 3704 2743 3758 si
2772 3728 2775 3733 ‹
2802 3710 2855 3756 et
2905 3703 3064 3754 Pater
3098 3698 3335 3753 Christo.
3369 3701 3511 3769 Ergo

1928 3808 2065 3860 sicut
2092 3802 2341 3871 Christus
2374 3798 2513 3863 viro,
2547 3796 2624 3850 sic
2649 3794 2807 3848 Pater
2831 3790 3001 3846 Filio:
3036 3792 3196 3844 comis
3225 3791 3365 3844 enim
3394 3791 3509 3859 viri,

1928 3894 2121 3963 inquit,
2150 3899 2301 3961 caput
2328 3887 2557 3942 Christus
2587 3894 2679 3939 est.
2699 3884 2891 3953 Ecquis
2924 3884 3035 3937 haec
3066 3898 3313 3951 umqram
3343 3882 3514 3945 admi-

1927 3985 2093 4041 serit?
2112 3984 2167 4039 Si
2196 3983 2337 4036 euim
2365 3986 2619 4049 quantum
2643 3990 2739 4030 nos
2766 3975 3014 4030 Christus
3042 3987 3281 4046 superat,
3308 3987 3515 4030 tantum

1928 4078 2086 4132 Pater
2116 4075 2311 4129 Filium
2334 4090 2347 4135 ;
2372 4068 2545 4139 cogita
2576 4086 2626 4123 In
2657 4080 2911 4139 quautam:
2941 4071 3114 4141 ipsum
3146 4070 3303 4125 deduc
3324 4072 3366 4124 is
3394 4072 3512 4123 vili-

1928 4179 2113 4224 tatem.
2163 4166 2344 4234 ltaque
2395 4178 2501 4216 non
2555 4162 2735 4216 omnia
2784 4162 2944 4216 simul
2991 4174 3113 4217 sunt
3162 4161 3509 4217 ξιξ-ῖξξῗιειῖιδτι

1927 4264 2067 4316 inter
2098 4274 2194 4312 nos
2224 4267 2279 4311 et
2315 4257 2520 4321 Deum,
2570 4256 2777 4309 etiamsi
2814 4257 3055 4311 similae:
3098 4238 3377 4331 (ligantur;
3417 4256 3513 4308 sed

1928 4348 2207 4406 tribuenda
2255 4358 2338 4402 est
2380 4348 2488 4401 Deo
2530 4340 2743 4418 prepria
2791 4349 3032 4417 qundam
3084 4346 3415 4406 cxccliemia,
3461 4352 3517 4398 et

1925 4451 2071 4494 tanta
2097 4449 2296 4509 quanta
2330 4440 2441 4494 Deo
2465 4451 2756 4509 competat.
2794 4442 2925 4493 Nam
2956 4441 2999 4494 si
3028 4441 3129 4512 hee
3158 4455 3259 4489 una
3294 4452 3507 4491 ennecs-

1926 4530 2095 4584 serint
2123 4571 2139 4595 ,
2180 4530 2343 4583 multa
2371 4542 2667 4600 sequentur
2698 4530 2943 4585 abiurds,
2962 4588 2966 4592 ,
2985 4528 3261 4597 Perpende
3290 4539 3463 4581 autem
3487 4548 3501 4579 :

1926 4629 2085 4688 caput
2125 4620 2322 4676 Christi
2354 4622 2530 4688 Deus,
2565 4622 2653 4677 hic
2682 4640 2858 4677 aea-nu
2893 4622 2989 4675 viri
3038 4634 3091 4671 ιιι
3121 4620 3209 4673 ilia:
3251 4622 3503 4673 malit-ria.

1930 4714 2069 4783 Ergo
2099 4715 2143 4767 si
2175 4715 2227 4768 in
2268 4716 2519 4771 omnibus
2546 4718 2749 4771 similite
2775 4735 2791 4765 .·
2819 4724 2977 4784 esi'ut
3006 4702 3327 4779 accipiamus
3354 4752 3359 4755 .
3398 4720 3426 4761 1..
3454 4730 3509 4761 in

1927 4816 2037 4861 tum
2068 4806 2287 4863 distabit
2317 4809 2482 4864 Filius
2502 4825 2533 4865 a
2564 4810 2741 4873 Patre,
2786 4817 3027 4876 rgenti-tvm
3050 4818 3143 4855 nos
3166 4818 3195 4853 a
3222 4799 3377 4853 Fille.

1928 4900 2091 4954 etiam
2111 4901 2308 4958 mulier
2336 4911 2541 4957 tantum
2572 4918 2600 4954 a
2634 4901 2781 4955 HObIS
2812 4894 3047 4961 distaftiz,
3073 4902 3333 4977 quantum
3356 4907 3447 4945 ,λίψ
3490 4908 3509 4937 ἰ

1930 4992 2041 5047 Deo
2066 4991 2249 5056 Verbo
2274 5011 2289 5060 ;
2316 4998 2378 5049 et
2404 4992 2545 5064 quod
2573 4999 2657 5046 est
2679 4989 2845 5043 FiiiUs
2892 5002 3011 5055 erga
3045 4984 3252 5038 PaL-(ar.
3282 5022 3297 5045 ,
3330 4988 3417 5035 iis;
3460 4992 3511 5033 et

1932 5103 2031 5139 nos
2051 5089 2253 5143 erimus
2270 5102 2394 5157 erga
2421 5084 2635 5149 Filium,
2658 5092 2711 5133 et
2740 5079 2929 5134 malit—7r
2962 5091 3143 5129 rursus
3170 5088 3289 5142 erga
3313 5073 3509 5127 virum.

1935 5176 2129 5246 Ecquis
2159 5178 2265 5231 hoc
2296 5176 2474 5231 ferat?
2501 5172 2605 5228 Sed
2636 5170 2741 5223 alio
2769 5170 2926 5222 modo
2957 5166 3007 5219 in
3054 5163 3274 5217 muliere
3319 5167 3371 5220 et
3410 5170 3515 5216 ηνςο

1932 5278 2095 5338 caput
2123 5272 2320 5341 accipis
2345 5310 2359 5334 ,
2388 5282 2544 5337 quam
2582 5265 2633 5317 in
2664 5258 2914 5315 Christo?
2940 5258 3117 5324 itaque
3146 5256 3196 5308 in
3220 5246 3355 5309 ἰίίξῐὶι
3460 5260 3509 5305 in

1936 5361 2111 5425 Patre,
2144 5363 2300 5418 aliter
2325 5360 2478 5414 nobis
2503 5353 2859 5424 accipiendut
2891 5357 2990 5403 est.
3029 5347 3094 5401 Et
3114 5344 3402 5415 quomodo.
3432 5347 3513 5401 in-

1934 5454 2108 5521 quies,
2156 5462 2241 5508 est
2273 5441 2430 5506 aliter
2475 5441 2885 5515 accipiendum?
2926 5432 3232 5494 Secundum
3273 5454 3511 5495 etiamm,

1934 5543 2067 5596 Nam
2111 5544 2155 5598 si
2188 5544 2471 5613 imperium
2513 5549 2568 5596 et
2609 5534 2831 5605 subject?
2856 5548 2997 5589 mem
3026 5532 3282 5590 voluisse:
3315 5534 3511 5596 Paulus

1931 5614 2113 5688 dicere
2138 5674 2166 5699 ,.
2186 5644 2245 5688 ut
2268 5642 2325 5688 tu
2354 5632 2489 5686 dicis
2510 5669 2525 5693 ,
2553 5641 2656 5682 non
2696 5624 2975 5681 mulierem
3014 5620 3065 5679 in
3105 5623 3340 5698 medium
3380 5644 3515 5703 pm-

1934 5718 2197 5788 duxisset,
2211 5722 2305 5780 sed
2326 5724 2501 5795 potius
2512 5734 2723 5778 servum
2736 5728 2792 5780 et
2816 5721 3109 5778 dominum.
3133 5721 3351 5781 Etiamsi
3376 5729 3520 5788 enim

3080 5823 3152 5887 iis
