4086 6340
584 325 700 379 295

597 455 789 494 ιιιιιετιιτ
816 438 970 494 nobis
997 438 1231 509 subjecta
1260 438 1349 502 sit,
1372 436 1466 492 sed
1496 446 1553 491 ut
1578 436 1790 500 mulier,
1810 433 1904 488 scd
1936 443 1990 485 ιιι
2015 432 2178 483 libera

597 544 652 586 et
699 543 755 588 ut
794 518 1159 600 par’honore.
1207 529 1275 585 Et
1303 529 1473 584 Filius
1516 542 1729 599 quoque
1770 525 1872 581 etsi
1916 524 2055 579 Patri
2086 523 2182 576 fuit

597 627 856 683 obediens
880 668 896 691 ,
931 625 1025 681 sed
1050 640 1111 680 ut
1138 623 1304 680 Filius
1335 623 1429 678 Dei
1457 664 1471 687 ,
1502 622 1597 675 sed
1628 630 1684 674 ut
1717 620 1875 674 Deus.
1916 616 2184 685 Quemado

598 719 815 774 modum
844 719 987 774 enim
1031 716 1170 772 Filio
1201 715 1372 786 major
1399 723 1484 769 est
1512 714 1863 783 obsequentia
1913 726 2037 779 erga
2083 708 2180 762 Pa-

598 823 735 868 trem
759 853 775 876 ,
807 826 967 881 quam
1017 811 1327 865 hominibus
1353 823 1476 878 erga
1507 807 1780 877 genitores
1809 818 1939 859 suos
1968 821 1981 857 :
2013 804 2091 856 sic
2127 813 2182 855 et

593 906 816 962 libertas
842 905 1038 976 major.
1068 902 1255 972 Neque
1286 902 1429 956 enim
1460 900 1579 955 Filii
1610 913 1735 968 erga
1766 898 1977 953 Patrem
2005 894 2179 949 ol‘licia

597 997 801 1068 majora
828 1006 885 1052 et
912 995 1082 1066 magis
1122 995 1352 1063 genuina
1381 1000 1506 1047 sunt
1541 1007 1701 1061 quam
1732 990 1871 1060 apud
1900 989 2179 1052 homines,

600 1090 776 1144 Patris
811 1104 942 1144 vero
986 1104 1110 1159 erga
1142 1087 1332 1143 Filium
1380 1087 1604 1141 minora.
1647 1084 1703 1139 Si
1753 1083 1896 1139 enim
1927 1082 2182 1136 miramur

596 1182 789 1238 Filium
818 1182 958 1253 quod
985 1182 1267 1247 obedicrit,
1301 1182 1371 1235 ita
1403 1189 1460 1235 ut
1480 1193 1650 1250 usque
1674 1177 1741 1233 ad
1771 1185 2000 1232 mortem
2022 1189 2183 1229 vene-

594 1277 686 1340 rit,
726 1288 788 1331 et
828 1285 1057 1332 mortem
1110 1277 1306 1342 crucis,
1345 1282 1402 1328 et
1446 1273 1551 1327 hoc
1578 1286 1846 1343 magnum
1902 1270 2182 1323 statuimus

595 1369 948 1433 miraculum;
978 1367 1193 1422 Patrem
1220 1381 1434 1435 quoque
1464 1365 1645 1419 mirari
1672 1372 1903 1434 Oportet,
1932 1362 2070 1433 Quod
2101 1373 2180 1416 ta-

594 1463 697 1517 lem
723 1463 990 1532 genuerit,
1024 1478 1130 1515 non
1160 1470 1217 1514 ut
1243 1475 1458 1515 servum
1481 1459 1566 1513 cui
1597 1459 1975 1529 imperaretur,
2005 1457 2098 1512 sed
2125 1469 2183 1511 ut

595 1553 821 1607 liberum
874 1551 1219 1605 obedientem
1269 1559 1325 1604 et
1378 1549 1739 1603 consiliarium
1786 1566 1798 1601 :
1847 1548 2182 1602 consiliarius

590 1643 734 1697 enim
765 1657 869 1695 non
898 1650 983 1696 est
1010 1656 1217 1695 servus.
1253 1639 1627 1695 Consiliarium
1670 1654 1796 1694 vero
1822 1653 2009 1693 rursus
2047 1654 2168 1692 cttm

590 1734 845 1795 audieris,
878 1748 945 1789 ne
973 1736 1044 1788 ila
1074 1733 1260 1787 audias
1289 1733 1439 1802 quasi
1470 1731 1627 1785 Pater
1655 1731 1836 1801 aliquo
1866 1732 2042 1801 egeat,
2077 1729 2173 1785 sed

592 1829 744 1898 quasi
770 1828 935 1882 Filius
964 1829 1110 1896 paris
1130 1841 1251 1880 cum
1276 1825 1532 1881 Genitore
1557 1825 1778 1877 honoris
1800 1825 1890 1878 sit.
1919 1822 2001 1878 Ne
2022 1823 2180 1892 igitur

594 1920 895 1988 exemplum
926 1918 1024 1972 tiri
1045 1930 1099 1972 et
1125 1916 1365 1971 mulieris
1390 1917 1455 1970 ad
1484 1918 1661 1969 onmia
1694 1914 1992 1984 pertrahas.
2026 1914 2177 1984 Apud

593 2028 691 2065 nos
720 2011 861 2067 enim
883 2011 1009 2080 jure
1051 2009 1244 2063 nmlier
1283 2008 1524 2077 subjecta
1554 2015 1638 2059 est
1664 2006 1778 2059 viro
1810 2024 1822 2058 :
1858 2021 1977 2059 nam
2010 2006 2178 2059 lmno-

594 2104 669 2156 ris
692 2101 969 2171 aaqualitas
1002 2100 1403 2154 contentionem
1455 2098 1597 2167 parit
1644 2116 1655 2149 ε
1701 2112 1872 2167 neque
1915 2097 2034 2151 ideo
2066 2107 2177 2150 tau-

594 2202 729 2258 tum,
761 2194 853 2246 sed
877 2191 1038 2245 etiam
1064 2199 1282 2259 prOpter
1311 2190 1683 2259 deceptionem
1717 2205 1835 2258 qua:
1868 2189 2016 2243 initio
2045 2204 2175 2244 con-

594 2285 732 2354 tigit.
780 2284 1070 2353 Propterea
1130 2298 1251 2337 cum
1308 2281 1526 2352 quidem
1585 2281 1722 2335 facta
1791 2281 2015 2345 fuisset,
2070 2296 2175 2335 non

592 2376 771 2429 statim
812 2374 1049 2444 subjecta
1081 2372 1179 2428 fuit
1208 2392 1224 2440 ;
1250 2388 1427 2444 neque
1449 2389 1573 2429 cum
1608 2375 1751 2427 illam
1779 2372 1846 2427 ad
1876 2374 2049 2427 virum
2077 2374 2175 2427 ad-

591 2467 758 2531 duxit,
794 2482 967 2538 neque
993 2466 1081 2521 illa
1112 2470 1216 2520 tale
1245 2466 1519 2537 quidpiam
1555 2481 1584 2519 a
1613 2467 1722 2521 Deo
1752 2467 1974 2531 audivit,
2005 2482 2177 2536 neque

591 2560 674 2613 vir
694 2560 766 2614 illi
795 2559 1066 2629 quidpiam
1091 2558 1267 2613 simile
1286 2558 1457 2623 dixit;
1487 2559 1581 2614 sed
1610 2568 1817 2613 tantum
1844 2558 1985 2629 quod
2013 2573 2073 2611 os
2106 2575 2172 2612 ex

591 2652 808 2707 ossibus
838 2651 977 2721 ejus,
1022 2662 1077 2707 et
1116 2667 1246 2712 caro
1293 2666 1358 2706 ex
1408 2652 1659 2706 carnibus
1702 2652 1820 2718 ejus
1862 2662 2005 2704 esset
2045 2650 2181 2705 dixit

590 2746 612 2813 (
639 2743 767 2798 Gen.
799 2742 855 2797 2.
883 2741 1026 2814 23);
1061 2743 1269 2813 imperii
1300 2753 1479 2797 autem
1524 2752 1615 2796 aut
1644 2742 1995 2813 subjectionis
2038 2744 2176 2814 apud

592 2834 736 2889 illam
768 2849 874 2889 non
904 2833 1168 2888 meminit.
1197 2832 1425 2901 Quando
1451 2842 1629 2886 autem
1659 2833 1799 2889 male
1849 2849 1941 2887 usa
1973 2845 2057 2888 cst
2086 2851 2180 2905 po-

593 2936 807 2987 testate,
836 2937 890 2981 et
913 2942 1030 2997 qua:
1052 2926 1283 2995 adjutrix
1317 2926 1454 2981 facta
1498 2926 1673 2981 fuerat
1696 2968 1712 2994 ,
1746 2926 2044 2982 insidiatrix
2083 2930 2176 2983 dc-

594 3020 859 3092 prehensa
888 3031 992 3085 est,
1022 3030 1078 3075 et
1104 3022 1282 3075 omnia
1313 3020 1582 3091 perdidit;
1614 3030 1739 3075 tunc
1757 3020 1900 3089 juste
1925 3022 2130 3075 audivit
2162 3042 2175 3076 :

599 3114 681 3165 Ad
708 3112 869 3165 uirum
892 3122 1036 3164 tuum
1068 3111 1325 3165 conversio
1350 3121 1439 3163 tua
1466 3108 1619 3179 (Gen.
1652 3111 1705 3164 5.
1740 3107 1851 3180 16).
1875 3111 2006 3177 Quia
2036 3112 2178 3167 enim

592 3204 885 3260 verisimile
914 3212 1031 3259 erat
1065 3214 1340 3272 peccatum
1373 3201 1476 3257 hoc
1503 3203 1699 3257 bellum
1739 3203 2014 3258 illaturum
2056 3219 2178 3260 esse

594 3298 649 3351 in
677 3311 845 3367 genus
876 3305 1116 3349 nostrum
1148 3295 1166 3362 (
1193 3310 1368 3363 neque
1411 3295 1554 3349 enim
1594 3294 1659 3346 ad
1711 3309 1891 3363 pacem
1926 3286 2175 3365 juvissct,

593 3386 734 3455 quod
764 3386 855 3441 illa
876 3402 938 3441 ex
965 3387 1081 3455 ipso
1107 3395 1251 3440 esset
1270 3384 1431 3447 facta,
1458 3389 1579 3439 cum
1612 3383 1712 3437 hoc
1732 3385 2016 3440 accidisset
2041 3404 2053 3451 ;
2083 3387 2177 3441 sed

596 3480 699 3533 hoc
726 3479 897 3548 ipsum
930 3478 1091 3532 etiam
1115 3477 1284 3530 virum
1312 3477 1642 3547 asperiorem
1674 3475 2009 3541 reddidisset,
2037 3480 2177 3547 quod

592 3588 713 3643 qua:
734 3587 799 3625 ex
822 3570 937 3641 ipso
966 3569 1101 3625 facta
1130 3569 1323 3635 fuerat,
1350 3584 1416 3622 ne
1439 3567 1684 3623 membro
1714 3568 1931 3637 quidem
1961 3584 2059 3624 suo
2087 3585 2177 3640 pe—

599 3662 893 3733 percisset)
920 3681 935 3728 ;
966 3676 1088 3716 cum
1118 3660 1319 3715 diaboli
1342 3658 1732 3729 malignitatem
1760 3658 1967 3715 videret
1999 3660 2140 3715 Deus
2161 3702 2174 3725 ,

596 3757 701 3809 hoc
727 3755 946 3810 verbum
977 3753 1127 3823 quasi
1157 3767 1365 3807 murum
1411 3751 1699 3821 opposuit,
1734 3760 1789 3805 et
1823 3752 2173 3817 inimicitiam,

594 3863 714 3919 qua:
752 3862 819 3921 ex
859 3844 1067 3901 insidiis
1096 3844 1297 3899 oritura
1343 3853 1480 3908 erat,
1534 3858 1631 3913 per
1677 3844 1814 3898 hanc
1856 3843 2178 3897 sententiam

595 3939 833 4003 sustulit,
866 3939 1065 3993 inuata:
1090 3934 1550 4005 concupiscentia:
1577 3934 1729 4003 quasi
1762 3932 1938 3987 medio
1971 3934 2176 4002 pariete

599 4033 830 4103 dejecto,
860 4045 1000 4095 eam,
1034 4044 1155 4098 quae
1184 4043 1253 4083 ex
1288 4036 1517 4097 peccato
1545 4035 1660 4079 orta
1691 4036 1827 4090 erat,
1862 4025 2069 4095 injuria:
2093 4040 2182 4079 ac-

598 4136 770 4194 cepta:
812 4116 1241 4177 recordationem
1282 4118 1521 4174 abstulit.
1556 4117 1661 4172 Sed
1692 4118 1744 4171 in
1786 4117 1895 4171 Deo
1916 4127 1972 4172 et
2001 4118 2179 4171 incor-

598 4224 751 4284 rupta
772 4212 1071 4267 substantia
1100 4212 1208 4276 illa,
1236 4209 1372 4265 nihil
1403 4209 1527 4263 licet
1553 4207 1861 4277 hujusmodi
1892 4209 2175 4277 suspicari.

596 4305 675 4360 Ne
706 4319 837 4373 ergo
880 4304 950 4358 de
996 4302 1248 4357 omnibus
1293 4301 1537 4371 exempla
1582 4300 1814 4369 accipias
1860 4315 2025 4353 :nam
2056 4300 2179 4355 alibi

600 4411 813 4468 quoque
836 4396 1006 4451 multa
1032 4394 1162 4449 hinc
1186 4395 1367 4464 gravia
1411 4402 1698 4448 occurrent
1723 4403 1939 4462 peccata
1973 4410 1987 4445 :
2019 4394 2183 4464 siqui-

600 4492 722 4543 clem
761 4499 815 4543 et
853 4488 905 4541 in
934 4486 1159 4541 exordio
1186 4485 1428 4555 epistolae
1469 4485 1682 4541 dicebat
1731 4502 1743 4536 :
1785 4484 1974 4539 Omnia
2018 4496 2182 4541 vestra

601 4590 739 4642 sunt,
770 4592 856 4633 ros
880 4588 1049 4633 autent
1077 4577 1303 4644 Christi,
1336 4577 1569 4633 Christus
1591 4593 1706 4632 vero
1738 4576 1832 4632 Dei
1859 4580 1936 4650 (ι.
1967 4578 2087 4633 Cor.
2120 4582 2175 4635 5.

600 4672 691 4730 22.
720 4669 791 4724 es
814 4673 854 4740 ).

675 4761 728 4815 5.
759 4759 899 4827 Quid
940 4760 1110 4827 ergo?
1137 4760 1454 4814 similiterne
1494 4763 1671 4815 omnia
1702 4774 1883 4819 nostra
1914 4772 2055 4830 sunt,
2088 4780 2185 4821 nos

607 4854 802 4909 Christi
831 4861 885 4908 et
908 4850 1155 4905 Christus
1188 4851 1277 4904 Dei
1309 4851 1332 4903 ?
1358 4850 1699 4922 Nequaquam
1722 4855 1848 4917 ;sed
1874 4856 1975 4910 illis
1993 4859 2182 4924 etiam,

604 4948 690 5014 qui
722 4943 874 5000 valde
898 4943 1215 5012 insipientes
1235 4950 1377 5001 sunt.
1407 4953 1530 4995 nota
1552 4953 1635 4996 est
1658 4944 1978 5010 dim-rentia,
1999 4949 2187 5002 etiam-

605 5040 649 5095 si
685 5039 787 5093 hoc
815 5037 1019 5094 dictum
1050 5037 1119 5091 de
1143 5037 1297 5090 nobis
1316 5075 1333 5100 ,
1362 5034 1431 5089 de
1462 5035 1571 5088 Deo
1598 5043 1651 5087 et
1670 5035 1739 5089 de
1764 5035 1979 5090 Christo
2005 5039 2184 5106 profe-

572 5196 575 5199 ,
610 5145 775 5185 ratur.
806 5132 875 5186 Et
899 5114 1025 5188 alibi
1040 5147 1172 5188 cum
1209 5131 1377 5185 virum
1410 5139 1569 5198 caput
1595 5130 1837 5184 mulieris
1867 5147 1987 5185 esse
2019 5132 2187 5186 dixis.

611 5234 715 5285 set.
741 5224 1013 5293 Subjunxit
1044 5244 1058 5278 :
1091 5226 1240 5281 Sicut
1269 5225 1516 5279 Christus
1540 5234 1621 5277 est
1665 5232 1827 5291 caput
1854 5233 1907 5277 et
1945 5224 2190 5280 Salvator

610 5316 862 5371 Ecclesia:
902 5324 958 5369 et
994 5315 1263 5380 defensor,
1319 5319 1395 5369 sic
1434 5324 1489 5371 et
1523 5316 1601 5367 vir
1646 5313 1807 5367 debet
1857 5314 2039 5368 uxoris
2081 5329 2190 5367 sure

609 5426 729 5464 esse
772 5408 987 5479 (Ephes.
1015 5408 1050 5461 5
1100 5409 1187 5463 ‘25.
1222 5408 1349 5480 Ἡ).
1385 5408 1643 5463 Similiter
1675 5406 1835 5475 igitur
1864 5407 2188 5475 accipiemus

601 5506 813 5558 dictum
841 5510 896 5558 et
915 5500 1018 5557 hoc
1042 5509 1095 5554 et
1116 5502 1291 5559 omnia
1318 5518 1437 5569 qua:
1469 5511 1588 5570 post
1614 5501 1815 5568 scripta
1843 5509 1970 5552 sunt
1998 5498 2179 5567 Ephe-

611 5596 705 5649 siis
750 5594 818 5649 de
861 5594 965 5649 hoc
1007 5594 1363 5661 argumento?
1407 5594 1560 5649 Absit
1609 5613 1621 5648 :
1668 5607 1843 5663 neque
1888 5591 2028 5645 enim
2077 5592 2189 5645 lieri

612 5695 805 5752 potest.
830 5685 963 5742 Nam
984 5683 1171 5739 eadem
1194 5684 1403 5753 quidem
1428 5686 1585 5738 verba
1611 5682 1953 5753 proferuntur
1982 5680 2051 5736 de
2083 5681 2191 5735 Deo

613 5789 667 5830 et
689 5776 762 5829 de
790 5776 1094 5832 boniinibus
1123 5792 1136 5841 ;
1170 5774 1262 5832 sed
1294 5774 1398 5830 alio
1430 5776 1588 5830 modo
1612 5776 1718 5843 illa,
1750 5776 1857 5831 alio
1880 5776 2003 5832 lucc
2034 5774 2188 5829 intel-

1302 323 1356 379 S.
1398 320 1675 379 JOANNIS
1708 312 2183 374 CIIRYSOSTOMI
2224 312 2540 371 ARCHIEP.
2580 316 3112 380 CONSTANTINOP.

3763 330 3879 383 21ιῖ

2293 435 2501 498 lugenda
2525 444 2684 498 sunt;
2714 451 2813 493 nec
2840 447 3015 495 tamen
3039 457 3226 499 rursus
3251 450 3426 501 omnia
3452 448 3671 507 diverse
3705 471 3726 525 ί
3754 470 3884 508 nam

2285 534 2472 575 rursus
2501 531 2701 580 temere
2731 537 2785 582 et
2813 529 3006 585 frustra
3042 544 3259 604 accepta
3288 538 3636 608 videbuntur,
3660 545 3706 598 sl
3740 545 3883 600 nihil

2286 625 2383 663 nos
2413 610 2617 670 fructus
2645 617 2715 671 ab
2737 618 2843 675 illis
2866 622 3166 679 tulerimus.
3198 628 3349 682 Sicut
3376 633 3517 686 enim
3550 650 3657 688 non
3690 639 3880 692 osnnia

2284 703 2529 760 similiter
2567 720 2693 763 sunt
2721 713 3029 782 accipienda
3057 759 3071 781 ,
3098 719 3177 774 sic
3207 735 3307 775 nec
3330 726 3507 780 omnia
3538 736 3749 785 temere
3789 746 3882 785 re-

2279 795 2534 865 jicienda.
2590 800 2659 857 Ut
2703 815 2882 859 autem
2937 808 2989 862 id
3040 810 3183 879 quod
3233 812 3357 866 dico
3408 816 3601 873 clarius
3653 822 3879 886 evadat,

2283 893 2534 985 exemplo
2578 895 2627 948 id
2668 897 2843 966 palam
2877 899 3054 957 facere
3093 905 3351 961 conabor.
3384 908 3567 965 Dictus
3600 924 3689 968 est
3710 926 3883 985 caput

2285 982 2539 1052 Ecclesiae
2571 987 2854 1045 Christus:
2884 996 2927 1046 si
2960 996 3090 1050 nihil
3139 998 3427 1055 humanum
3457 1018 3744 1075 accepero,
3775 982 3882 1064 cur

2287 1072 2387 1128 hoc
2420 1077 2547 1131 mihi
2574 1079 2773 1134 dictum
2802 1086 2926 1139 est?
2957 1086 3161 1143 Rursus
3180 1092 3225 1145 si
3245 1095 3425 1146 omnia
3449 1072 3681 1151 humana
3709 1072 3880 1155 acce-

2286 1180 2436 1234 pero,
2470 1170 2630 1225 multa
2664 1186 3025 1244 consequetur
3048 1180 3350 1237 absurditas
3381 1204 3394 1238 :
3420 1201 3541 1241 nam
3574 1188 3767 1243 iisdem
3790 1203 3882 1247 est

2285 1259 2625 1326 passionibus
2651 1266 2941 1323 obnoxium
2970 1283 3148 1341 caput,
3176 1276 3369 1344 quibus
3398 1295 3613 1349 corpus,
3650 1282 3879 1339 iisdem-

2284 1365 2391 1443 que
2418 1353 2522 1407 erit
2550 1354 2858 1413 obnoxium.
2887 1360 3022 1427 Quid
3044 1378 3174 1434 ergo
3202 1368 3635 1438 relinquendum,
3666 1375 3878 1443 etquid

2283 1442 2647 1513 accipiendum
2666 1449 3081 1521 Hiehnquenda
3104 1458 3315 1525 quidem
3344 1471 3470 1515 sunt
3488 1478 3550 1517 ea
3583 1479 3707 1533 qua:
3734 1442 3876 1528 dixi,

2283 1536 2594 1606 accipienda
2625 1549 2804 1597 autem
2841 1555 2925 1599 est
2957 1546 3193 1615 perfecta
3240 1551 3367 1604 unio
3397 1562 3449 1605 et
3472 1568 3635 1607 causa
3667 1565 3723 1609 et
3764 1557 3879 1625 pri-

2283 1642 2430 1682 mum
2461 1630 2799 1703 principium.
2854 1634 3040 1706 Neque
3066 1640 3179 1694 haec
3211 1650 3449 1709 temere;
3479 1646 3571 1699 sed
3600 1646 3689 1699 hic
3728 1664 3872 1717 quo-

2281 1734 2384 1789 que
2407 1721 2456 1775 id
2478 1722 2620 1790 quod
2645 1725 2816 1795 majus
2843 1737 2996 1783 estet
3018 1730 3129 1785 Deo
3145 1735 3470 1789 conveniens
3485 1738 3836 1806 cogitandum
3860 1759 3874 1791 :

2283 1828 2404 1866 nam
2428 1823 2482 1868 et
2531 1816 2657 1870 unio
2697 1819 2858 1871 tutior
2898 1828 2952 1873 et
2982 1822 3302 1892 principium
3348 1827 3716 1883 bonorabilius
3764 1843 3872 1886 est.

2283 1903 2487 1959 Rursus
2515 1906 2762 1963 audivisti
2797 1910 2988 1965 Filiqu
3021 1930 3035 1965 :
3066 1930 3132 1969 ne
3158 1915 3245 1969 hic
3283 1934 3495 1989 quoque
3516 1924 3699 1975 omnia
3730 1926 3880 1978 acci-

2284 1997 2419 2064 pias,
2452 2013 2625 2066 neque
2651 2003 2827 2055 omnia
2851 2005 3062 2074 rejicias
3088 2024 3102 2071 ;
3134 2008 3227 2063 sed
3256 2010 3319 2064 iis
3339 2028 3457 2081 qum
3479 2014 3644 2069 Deum
3678 2016 3879 2072 decent

2280 2090 2533 2159 acceptis.
2566 2094 2708 2161 quod
2736 2096 2807 2149 sit
2832 2100 3329 2171 consubsmntialis,
3348 2106 3486 2174 quod
3518 2124 3584 2162 ex
3614 2111 3735 2179 ipso
3760 2113 3873 2177 sit;

2280 2196 2397 2251 qum
2439 2184 2665 2240 absurda
2722 2200 2776 2243 ct
2815 2207 2933 2259 quze
2966 2193 3290 2251 infirmitatis
3335 2198 3583 2257 humana:
3625 2215 3772 2267 sunt,
3820 2208 3874 2260 in

2283 2284 2423 2330 terra
2457 2280 2720 2351 relinque.
2753 2283 2959 2341 Rursus
2993 2286 3133 2343 Deus
3161 2290 3249 2343 lux
3276 2291 3451 2347 dictus
3479 2295 3572 2348 fuit
3611 2316 3622 2348 :
3656 2314 3868 2364 ergone

2280 2371 2457 2424 omnia
2503 2387 2840 2429 assumemus
2878 2395 2999 2446 qum
3048 2380 3113 2433 ad
3158 2381 3297 2437 hanc
3338 2386 3505 2439 Ιιιειιιιι
3551 2390 3874 2455 pertinent?

2280 2460 2497 2517 Minime
2527 2482 2541 2517 :
2563 2465 2651 2519 illa
2677 2469 2873 2539 quippe
2896 2472 3127 2526 tenebris
3149 2483 3202 2528 et
3230 2475 3348 2531 loco
3372 2478 3839 2539 circumscribitur
3856 2526 3873 2550 ,

2282 2559 2336 2604 et
2366 2551 2536 2606 altera
2583 2556 2631 2609 vi
2680 2571 2927 2613 movetur
2955 2573 3005 2615 ct
3036 2564 3391 2621 obumbratur
3418 2586 3431 2622 :
3475 2585 3704 2639 quorum
3737 2578 3872 2631 nihil

2283 2657 2350 2697 ne
2379 2643 2614 2713 cogitare
2656 2648 2869 2718 quidem
2903 2652 3025 2707 licet
3064 2655 3132 2711 de
3174 2656 3261 2711 illa
3302 2662 3558 2716 essentia.
3594 2663 3699 2718 Sed
3755 2684 3867 2722 non

2283 2731 2404 2787 ideo
2460 2738 2637 2792 omnia
2690 2741 3007 2811 ejiciemus,
3058 2761 3244 2802 verum
3290 2752 3559 2821 quidpiam
3617 2758 3747 2811 utile
3802 2760 3873 2813 ab

2282 2829 2527 2897 exemplo
2554 2830 2941 2901 decerpemus;
2978 2836 3420 2895 illuminatinnem
3467 2862 3586 2917 quin
3610 2863 3638 2899 a
3676 2849 3785 2904 Deo
3817 2852 3872 2906 in

2281 2932 2380 2971 nos
2405 2931 2615 2987 manat,
2647 2923 3018 2980 liberationem
3040 2942 3071 2982 a
3119 2930 3353 2985 tenebris
3385 2948 3451 2986 cx
3482 2933 3569 2988 illa
3599 2938 3867 3008 colligen-

2283 3016 2382 3062 tes.
2432 3009 2499 3063 Et
2543 3010 2657 3068 have
2697 3014 2911 3085 quidem
2952 3017 3213 3076 adversus
3244 3021 3561 3090 hmreticos;
3590 3028 3700 3097 jam
3738 3048 3873 3087 vero

2285 3108 2451 3154 totum
2483 3101 2655 3158 locum
2677 3116 3006 3175 pertractare
3033 3126 3168 3181 Opus
3194 3123 3295 3168 est.
3326 3116 3589 3175 Fortassis
3616 3124 3759 3179 enim
3783 3126 3873 3181 hic

2281 3192 2545 3285 quispiam
2600 3201 2953 3267 quaestionem
3005 3208 3251 3275 moverit,
3299 3211 3437 3279 apud
3474 3229 3532 3268 se
3578 3232 3869 3285 qumrens.

2282 3284 2422 3351 quod
2454 3285 2656 3348 crimen
2687 3302 2803 3343 erat
2838 3292 3093 3349 mulieres
3129 3296 3341 3354 detecto
3364 3342 3378 3367 ,
3408 3303 3550 3357 viros
3593 3314 3866 3372 teeto_ca-

2282 3376 2392 3443 pite
2422 3379 2579 3461 esse?
2618 3380 2772 3446 Quo’d
2814 3384 2885 3437 sit
2919 3387 3122 3442 crimen
3174 3390 3323 3452 iilud.
3369 3391 3493 3449 hinc
3538 3396 3649 3466 jam
3697 3399 3870 3457 disce.

2280 3468 2437 3539 Signa
2465 3472 2585 3526 data
2615 3484 2741 3528 sunt
2768 3476 2882 3530 viro
2911 3488 2966 3533 et
2993 3482 3202 3536 mulieri
3235 3486 3396 3539 multa
3427 3487 3529 3542 alia
3553 3530 3569 3552 ,
3599 3490 3675 3545 illi
3699 3493 3871 3563 impe-

2282 3566 2370 3629 rii,
2400 3566 2525 3620 huic
2552 3567 2901 3641 subjectinnis
2930 3587 2944 3622 :
2976 3585 3097 3626 cum
3128 3572 3210 3626 his
3236 3586 3415 3630 autem
3445 3587 3499 3633 ει
3525 3580 3655 3635 illud
3684 3624 3699 3644 ,
3723 3584 3869 3653 quod

2283 3657 2366 3709 illa
2399 3658 2611 3726 quidem
2648 3668 2871 3727 tegatur,
2909 3662 2993 3717 hic
3022 3680 3150 3718 vero
3175 3667 3317 3720 nudo
3344 3669 3517 3738 capite
3537 3671 3627 3727 sit.
3656 3674 3715 3729 Si
3739 3690 3874 3743 ergo

2281 3749 2428 3819 signa
2476 3751 2586 3805 sint
2638 3749 2789 3815 huic,
2849 3754 3008 3809 ambo
3049 3768 3310 3826 peccant,
3356 3760 3598 3816 ordinem
3645 3766 3872 3819 turbau-

2283 3850 2363 3896 tes
2391 3852 2445 3896 et
2481 3843 2572 3896 Dei
2620 3856 2945 3915 pnrceptum
2995 3850 3349 3919 propriosque
3394 3854 3719 3908 exeedeutes
3763 3866 3876 3912 ter-

2283 3935 2493 3996 minos;
2532 3934 2620 3989 ille
2662 3936 2876 4004 quidem
2927 3938 3180 3995 decidens
3210 3940 3261 3994 in
3308 3942 3545 3999 mulieris
3584 3945 3870 4016 vilitatem,

2284 4024 2369 4077 illa
2401 4035 2576 4078 autem
2611 4027 2661 4077 in
2696 4026 2863 4080 virum
2892 4029 3173 4099 insurgens
3196 4046 3294 4099 per
3338 4031 3599 4089 habitum.
3631 4035 3688 4092 Si
3719 4041 3869 4095 etaim

2283 4126 2484 4171 vestem
2514 4126 2719 4171 tnutare
2747 4134 2851 4172 non
2882 4121 3024 4186 licet,
3050 4137 3223 4191 neque
3252 4122 3325 4177 illi
3354 4123 3433 4178 fas
3470 4136 3553 4181 est
3581 4129 3874 4203 chlamyde

2284 4209 2452 4273 indui,
2482 4223 2655 4278 neque
2676 4210 2790 4265 viro
2811 4212 2947 4279 palla
2979 4222 3034 4266 et
3063 4222 3407 4283 tegumenta;
3434 4215 3555 4271 Non
3576 4222 3673 4273 erit
3702 4224 3871 4289 enim,

2285 4302 2476 4371 inquit,
2502 4302 2593 4355 viri
2615 4312 2825 4357 ornatus
2848 4322 2999 4376 super
3028 4307 3311 4372 nmlierem,
3342 4326 3499 4381 neque
3524 4312 3767 4369 inderetur
3795 4319 3874 4369 uir

2283 4404 2415 4447 ueste
2442 4397 2672 4449 muliebri
2699 4396 2875 4467 (Deut.
2901 4398 2994 4453 2'2.
3020 4399 3107 4469 5);
3143 4402 3310 4453 multo
3337 4404 3505 4473 magis
3529 4405 3645 4460 huic
3667 4408 3866 4459 mutari

2287 4500 2390 4539 non
2421 4496 2652 4556 oportet.
2687 4488 2781 4542 lite
2810 4490 3027 4559 quidem
3056 4490 3196 4559 apud
3239 4492 3481 4549 homines
3511 4497 3703 4564 positze
3745 4508 3874 4552 sunt

2288 4575 2433 4646 leges
2458 4617 2472 4641 ,
2498 4578 2707 4632 etiamsi
2752 4580 2891 4635 Deus
2918 4582 3035 4636 illas
3062 4594 3243 4652 postea
3269 4586 3669 4640 conlirmavcrit
3698 4604 3711 4638 :
3740 4588 3871 4644 illud

2286 4678 2461 4722 autem
2490 4684 2519 4722 a
2545 4680 2757 4737 natura,
2784 4673 2924 4741 quod
2954 4682 3181 4743 tegatur,
3213 4675 3355 4742 dico,
3390 4678 3470 4730 vel
3503 4692 3610 4729 non
3640 4687 3869 4748 tegatur.

2287 4761 2419 4814 Cum
2445 4771 2624 4815 autem
2652 4773 2896 4817 naturam
2928 4767 3160 4834 profero,
3191 4767 3357 4820 Deum
3373 4765 3530 4820 dico:
3558 4768 3646 4821 ille
3674 4770 3874 4843 quippe

2289 4864 2532 4908 naturam
2562 4858 2785 4910 creavit.
2817 4857 2950 4910 Cum
2993 4873 3121 4926 ergo
3150 4859 3411 4912 terminos
3452 4858 3617 4915 hosce
3641 4862 3875 4921 subver-

2293 4945 2440 5008 tcris,
2474 4945 2596 4998 vide
2623 4955 2820 5014 quanta
2853 4947 2977 5001 hine
3018 4950 3260 5002 oriantur
3285 4948 3501 5003 damna.
3532 4951 3717 5022 Neque
3746 4959 3873 5012 mihi

2291 5035 2393 5089 hoc
2437 5035 2582 5088 dicas
2626 5051 2847 5103 parvum
2890 5054 3012 5093 esse
3041 5049 3315 5108 peccatum
3349 5059 3362 5094 :
3391 5059 3640 5114 maguum
3682 5051 3875 5122 quippe

2291 5136 2375 5179 est
2404 5141 2498 5195 per
2527 5140 2585 5179 se
2617 5144 2629 5177 :
2660 5142 2781 5180 nam
2809 5140 2890 5185 est
2929 5132 3304 5186 inohedientia.
3338 5133 3559 5192 Etiamsi
3592 5155 3724 5196 vero
3750 5159 3873 5213 par-

2292 5234 2414 5270 vum
2447 5229 2606 5280 esset,
2633 5236 2880 5289 magnum
2912 5222 3080 5288 ﬁeret,
3106 5226 3227 5292 quia
3249 5242 3557 5298 magnarum
3583 5249 3767 5290 rerum
3796 5242 3877 5289 est

2293 5312 2614 5381 symbolum.
2641 5313 2790 5379 Quod
2818 5325 2994 5369 autem
3014 5333 3261 5387 magnum
3282 5322 3373 5387 sit,
3397 5325 3570 5393 [mlum
3595 5344 3659 5382 ex
3689 5343 3754 5383 eo
3768 5337 3870 5388 est,

2293 5403 2433 5470 quod
2462 5405 2642 5470 generi
2663 5405 2897 5460 humano
2914 5416 3020 5462 tam
3044 5411 3321 5478 pulchrum
3348 5418 3583 5483 prteheat
3606 5420 3869 5474 ordinent.

2297 5495 2644 5562 imperantem
2674 5505 2729 5549 et
2772 5497 3063 5566 subjectum
3108 5504 3158 5556 in
3204 5516 3392 5560 ornatu
3423 5508 3639 5564 decenti
3675 5509 3873 5559 consti-

2298 5593 2470 5637 tucns.
2505 5586 2685 5654 Itaque
2716 5589 2804 5657 qui
2833 5593 3217 5662 transgreditur
3242 5637 3258 5661 ,
3285 5598 3461 5651 omnia
3491 5595 3794 5657 confundit,
3826 5609 3875 5651 ct

2299 5680 2392 5733 Dei
2428 5681 2564 5734 dona
2606 5683 2799 5750 prodit,
2848 5696 2902 5740 ct
2947 5700 3176 5757 superne
3225 5691 3327 5745 sibi
3374 5690 3557 5743 datum
3619 5690 3872 5746 honorem

2300 5772 2443 5827 humi
2468 5773 2650 5843 abjicit
2668 5792 2683 5842 ;
2712 5792 2816 5831 non
2852 5778 2932 5832 vir
2964 5780 3121 5836 modo
3142 5825 3156 5851 ,
3187 5780 3282 5837 sed
3311 5780 3469 5835 etiam
3498 5780 3690 5837 mulier
3746 5781 3873 5841 Nam
