4086 6340
149 360 257 416 ΞΠ

151 475 426 530 maximus
475 483 626 529 certe
672 480 752 528 est
802 473 972 526 honor
1023 471 1132 534 ille,
1171 470 1445 540 proprium
1496 468 1744 530 ordinem

151 581 413 638 servare,
432 572 492 618 ut
522 563 693 634 pudor
722 572 806 618 est
831 564 970 617 inter
997 577 1054 616 se
1074 560 1354 616 dissidere.
1387 559 1747 626 Quamobrem

151 658 208 709 in
241 656 489 724 utrisque
521 655 622 709 hoc
662 655 874 724 posuit,
909 653 1095 707 dicens
1130 671 1142 704 :
1175 653 1228 705 4.
1276 651 1452 704 Omnis
1492 651 1568 702 vir
1595 666 1748 702 orans

150 756 243 799 aut
292 749 602 814 prophetam
639 746 801 799 velato
831 747 1014 813 capite,
1033 744 1283 811 -deturpat
1330 752 1483 812 caput
1533 759 1678 795 suum
1728 759 1746 795 :

149 838 206 890 5.
231 839 399 892 omnis
422 848 589 891 autem
613 837 793 890 mulier
828 853 980 890 orans
1008 845 1095 888 aut
1124 837 1432 904 prophetam
1458 851 1558 887 non
1585 826 1748 888 velato

149 930 324 995 capite
347 969 362 992 ,
395 931 633 997 deturpat
658 938 809 998 caput
835 944 1004 988 suum.
1034 928 1196 981 Erant
1225 927 1368 979 enim
1391 967 1404 990 ,
1439 935 1497 979 ut
1519 925 1627 978 dixi
1653 966 1666 988 ,
1695 933 1749 978 et

154 1022 256 1075 viri
293 1031 346 1074 et
377 1021 634 1075 mulieres
679 1020 1093 1091 propILetantes.
1124 1029 1180 1073 et
1209 1020 1463 1073 mulieres
1495 1028 1618 1071 tunc
1648 1016 1748 1070 hoc

151 1113 359 1165 donum
395 1112 649 1167 habentes
673 1154 687 1175 ,
722 1122 780 1166 ut
803 1111 1031 1180 Philippi
1069 1110 1210 1175 ﬁlim,
1240 1120 1294 1164 nt
1322 1111 1441 1164 alia:
1470 1103 1522 1164 ei
1550 1119 1673 1163 ante
1694 1120 1747 1162 et

151 1214 278 1272 p0st
321 1205 480 1268 illas;
512 1204 579 1258 de
623 1204 816 1274 quibus
845 1203 1057 1257 dicebat
1087 1204 1216 1256 olim
1266 1202 1527 1270 propheta
1561 1219 1572 1252 :
1619 1200 1749 1252 Pro-

152 1298 439 1363 phetabunt
470 1299 567 1364 ﬁlii
613 1299 794 1363 vestri,
831 1308 876 1350 et
901 1297 1021 1363 ﬁlia:
1051 1306 1223 1348 vestrae
1269 1296 1482 1348 visiones
1511 1294 1750 1348 videbunt

152 1388 319 1451 (Joel.
354 1388 409 1442 2.
441 1388 556 1457 38).
595 1389 778 1441 Virum
825 1404 984 1456 porro
1015 1403 1120 1440 non
1149 1401 1362 1454 semper
1389 1387 1600 1439 detecto
1628 1398 1749 1438 esse

150 1481 331 1546 capite
350 1480 526 1547 jubet,
560 1479 652 1532 scd
682 1493 803 1531 cum
835 1488 950 1530 orat
978 1486 1183 1531 tantum
1221 1495 1232 1529 :
1268 1477 1445 1530 Omnis
1474 1476 1618 1530 enim
1649 1476 1743 1538 vir,

155 1571 364 1637 inquit,
405 1586 559 1621 orans
588 1579 674 1621 aut
707 1569 1012 1638 prOphetans
1052 1578 1224 1638 Oper-to
1267 1573 1462 1637 capite,
1511 1568 1748 1633 deturpat

152 1671 308 1729 caput
335 1678 484 1714 suum
520 1677 536 1713 :
573 1661 850 1715 mulierem
881 1670 1059 1715 autem
1090 1676 1304 1728 semper
1346 1670 1483 1713 te-cto
1515 1674 1632 1712 esse
1660 1673 1748 1711 ca-

155 1753 267 1819 pite
299 1752 477 1820 jubet.
523 1753 881 1819 Quamobrem
909 1769 1028 1806 cum
1055 1754 1279 1806 dixisset
1309 1769 1323 1806 :
1367 1752 1542 1804 Omnis
1566 1751 1749 1804 mulier

154 1858 311 1895 orans
338 1852 428 1895 aut
457 1843 764 1912 prophetam
796 1860 896 1894 non
923 1851 1096 1912 operto
1117 1843 1297 1909 capite,
1333 1843 1570 1907 deturpat
1596 1850 1750 1920 caput

1163 353 1230 409 ΙΝ
1269 352 1484 410 EPIST.
1526 353 1546 406 1
1607 351 1701 408 AD
1736 350 1895 408 COR.
1936 348 2164 408 HOMIL.
2207 352 2399 409 XXVI.

3331 361 3436 415 Siti

1858 475 1912 522 et
1939 468 2163 524 dixisset
2194 488 2210 528 :
2248 471 2311 526 Si
2340 480 2508 525 autem
2547 482 2690 542 turpe
2735 487 2806 529 est
2854 477 3054 531 mulieri
3107 480 3300 532 tonderi
3355 488 3439 530 om

1853 560 1968 613 radi
1985 577 2003 624 ;
2033 562 2174 629 quod
2201 577 2231 616 a
2261 565 2439 632 seipso
2463 572 2580 619 erat
2610 575 2734 621 tunc
2757 569 2953 637 posuit,
2979 567 3178 633 dicens,
3217 569 3437 623 l’eletnr.

1853 651 2035 722 Neque
2060 653 2214 715 dixit,
2239 652 2458 709 Comam
2487 657 2705 725 nutriat,
2730 658 2841 723 sed,
2873 656 3070 712 γαιέων
3095 675 3113 723 ;
3142 659 3255 713 lucc
3277 661 3436 713 ambo

1856 762 2016 800 unum
2044 762 2164 802 esse
2219 748 2334 818 lege
2364 752 2717 815 constituens,
2768 762 2822 806 et
2863 754 3129 820 utrimque
3172 751 3255 805 illa
3305 769 3433 805 con-

1856 838 2094 902 llrmans,
2124 837 2190 892 ab
2221 839 2288 894 iis
2325 856 2444 908 qua:
2483 842 2771 896 constituta
2816 853 2941 896 sunt
2969 852 3024 898 et
3057 859 3084 895 a
3132 843 3430 898 contrariis.

1854 928 1986 982 Nam
2012 929 2253 984 velamen
2285 939 2340 984 et
2363 946 2570 985 comam
2600 949 2764 986 unum
2797 927 2916 989 esse
2938 935 3097 999 dicit;
3133 935 3269 989 idem
3300 952 3434 1004 quu-

1852 1037 1957 1090 que
2012 1039 2131 1077 esse
2178 1035 2231 1078 et
2277 1039 2473 1089 rasam,
2526 1035 2580 1080 et
2633 1043 2749 1081 eam
2783 1044 2901 1094 qum
2929 1030 3071 1082 nudo
3097 1039 3178 1082 est
3220 1032 3433 1098 rapite:

1859 1115 2025 1170 Unum
2057 1129 2128 1172 est
2155 1121 2308 1185 enim,
2337 1113 2525 1188 inquit,
2557 1129 2604 1174 et
2629 1122 2868 1189 idipsum,
2895 1124 3028 1190 quod
3051 1139 3186 1175 rasa.
3218 1121 3366 1190 Quod
3391 1123 3448 1176 si

1852 1211 1972 1279 quis
2013 1211 2227 1278 dixerit,
2260 1213 2327 1267 Et
2354 1198 2622 1283 quomodo
2649 1232 2807 1269 unum
2837 1226 2938 1275 est,
2991 1217 3035 1270 si
3096 1217 3180 1269 illa
3222 1216 3436 1285 quidem

1855 1314 2217 1372 tegumentum
2243 1317 2446 1360 natura:
2477 1308 2656 1370 habet,
2682 1309 2767 1361 illa
2799 1325 2925 1362 vero
2954 1326 3070 1376 qure
3094 1325 3208 1362 rasa
3230 1319 3312 1362 est
3334 1328 3435 1362 non

1855 1397 2020 1449 item?
2044 1394 2508 1465 respondebimus,
2529 1399 2672 1452 illam
2692 1400 2912 1454 arbitrio
2929 1416 3024 1454 δυο
3044 1402 3142 1454 hoc
3162 1403 3438 1471 reliquisse

1854 1496 1908 1542 et
1937 1488 2134 1541 nudum
2163 1488 2363 1572 habere
2384 1500 2542 1559 caput
2563 1509 2576 1542 :
2598 1491 2739 1561 quod
2772 1493 2813 1544 si
2841 1482 2944 1546 non
2977 1494 3183 1576 capillis
3211 1494 3436 1559 nudum,

1855 1584 1955 1637 hoc
1976 1599 2039 1638 ex
2063 1593 2270 1652 natura,
2300 1601 2405 1638 non
2454 1602 2518 1640 ex
2544 1586 2686 1639 illius
2713 1587 2933 1640 arbitrio
2959 1565 3097 1643 esse.
3133 1589 3310 1657 Itaque
3351 1591 3435 1643 illa

1854 1693 1972 1744 qum
1997 1691 2114 1730 rasa
2150 1687 2250 1738 est,
2291 1677 2492 1732 nudum
2522 1689 2679 1747 caput
2710 1679 2887 1742 habet,
2929 1691 2984 1734 et
3033 1682 3116 1734 illa
3168 1682 3434 1736 similiter.

1855 1765 1978 1821 Ideo
2008 1768 2148 1821 enim
2173 1778 2374 1821 naturzr.
2407 1770 2667 1836 permisit,
2708 1782 2762 1824 ιιι
2807 1773 2945 1825 illam
2988 1759 3294 1841 tegeret,'nt
3324 1774 3440 1828 lure

1853 1860 1920 1916 ab
1950 1861 2032 1913 illa
2059 1859 2160 1914 hoc
2186 1861 2420 1923 discens,
2451 1863 2768 1929 operiretur.
2797 1864 2996 1918 Deinde
3023 1880 3236 1919 causam
3260 1865 3437 1934 θίγω,

1855 1959 1912 2004 ut
1941 1963 2084 2019 saepe
2114 1951 2244 2009 dixi,
2293 1961 2561 2021 tamquam
2609 1970 2727 2005 cum
2789 1953 2974 2008 liberis
3014 1956 3251 2023 loquens.
3307 1956 3436 2022 Quae

1854 2044 2012 2112 igitur
2041 2058 2198 2096 causa
2225 2043 2351 2102 est?
2372 2044 2423 2095 7.
2459 2043 2594 2097 Nam
2621 2047 2695 2096 uir
2727 2047 2926 2113 quidem
2959 2065 3058 2099 non
3095 2049 3233 2100 debet
3275 2047 3439 2101 velare

131 1945 306 2004 gestuin
329 1952 351 1998 ;
377 1950 480 1988 non
507 1935 590 1988 hic
615 1935 874 1999 constitit,
898 1934 991 1988 sed
1017 1943 1371 2002 prosequutus
1393 1943 1496 1997 est,
1521 1933 1707 1987 dicens
1733 1949 1744 1984 :

131 2017 331 2079 lUnum
358 2029 494 2080 enim
530 2039 601 2082 est
627 2045 687 2081 ac
713 2029 757 2080 si
785 2029 1086 2080 decalvetur.
1121 2027 1271 2092 Quod
1301 2027 1346 2080 si
1391 2040 1606 2096 semper
1630 2040 1749 2081 esse

131 2125 336 2172 1rasam
370 2127 525 2187 turpe
553 2128 637 2172 est
658 2160 672 2181 ,
702 2119 877 2187 palam
911 2130 994 2172 est
1030 2119 1192 2173 etiam
1241 2133 1455 2187 semper
1482 2117 1746 2172 detectam

150 2226 298 2276 esse,
329 2212 626 2280 opprobrio
652 2215 807 2265 verti.

222 2302 281 2355 4.
305 2301 627 2372 Nequehme
653 2304 822 2356 solum
853 2304 983 2356 satis
1011 2303 1190 2356 habuit
1214 2346 1226 2368 ,
1260 2304 1352 2358 sed
1382 2318 1568 2357 rursus
1595 2303 1750 2356 addi-

148 2395 268 2448 dit:
301 2393 390 2449 10.
425 2393 582 2449 Debet
615 2395 795 2448 mulier
838 2406 1134 2463 potestatem
1181 2395 1362 2448 habere
1411 2412 1562 2465 super
1597 2406 1750 2465 caput

149 2502 306 2539 suum
335 2497 541 2554 propter
561 2487 787 2555 angelos.
811 2480 1053 2541 Ostendit
1077 2504 1180 2540 non
1221 2488 1478 2544 orationis
1509 2499 1750 2556 tempore

153 2588 407 2642 tantum,
458 2577 552 2631 sed
605 2579 766 2631 etiam
820 2588 1079 2646 perpetuo
1143 2579 1262 2632 illas
1305 2580 1411 2648 tegi
1475 2590 1743 2647 oportere.

153 2667 345 2720 Virum
376 2676 556 2721 autem
597 2682 702 2720 non
734 2667 863 2721 item
902 2667 969 2721 de
1014 2676 1346 2736 tegumento,
1368 2668 1459 2722 sed
1489 2670 1558 2722 de
1596 2685 1748 2723 coma

147 2759 392 2814 instituit
423 2776 437 2813 :
469 2759 717 2828 prohibet
764 2771 940 2814 autem
986 2775 1053 2814 ne
1097 2771 1304 2827 tegatur
1341 2777 1460 2814 cum
1489 2774 1607 2816 orat
1637 2773 1751 2816 tan-

149 2863 302 2916 tum,
359 2867 569 2906 comam
619 2861 797 2906 autem
840 2854 984 2907 alere
1041 2868 1256 2922 semper
1310 2855 1576 2923 prohibet.
1627 2857 1752 2909 Ideo

148 2945 297 2997 sicut
321 2943 391 2998 de
421 2945 645 2998 muliere
668 2942 801 2998 dixit
830 2961 843 2997 :
872 2945 925 2999 6.
957 2945 1018 3000 Si
1055 2955 1221 2998 autem
1249 2962 1350 2998 non
1383 2946 1609 3011 veletur,"
1634 2957 1751 3001 ton-

149 3037 342 3088 deatur
369 3052 388 3088 :
417 3036 495 3090 sic
521 3043 579 3092 et
605 3036 672 3089 de
701 3036 816 3090 viro
849 3053 862 3090 ε
893 3035 954 3090 Si
978 3052 1177 3089 comam
1205 3039 1429 3101 nutriat,
1473 3039 1752 3108 ignominia

150 3139 227 3181 est
252 3129 353 3182 illi.
382 3126 498 3184 Non
526 3128 688 3191 dixit,
723 3127 779 3182 Si
808 3138 1035 3198 tegatur,
1072 3130 1187 3195 sed,
1221 3119 1512 3184 Si'comam
1540 3133 1747 3185 nutriat.

152 3220 286 3276 Ideo
303 3221 356 3274 in
383 3220 640 3289 principio
656 3221 826 3274 dixit:
855 3221 1032 3274 Omnis
1052 3223 1128 3275 vir
1144 3239 1294 3276 orans
1317 3233 1402 3275 aut
1420 3230 1749 3292 prophetnus,

149 3330 312 3382 super
339 3322 494 3380 caput
522 3315 728 3366 habens.
772 3312 887 3368 Non
920 3314 1071 3379 dixit,
1105 3313 1355 3383 Opertus,
1412 3316 1524 3380 sed,
1582 3317 1754 3385 Super

154 3393 311 3474 caput
335 3404 555 3466 habens;
572 3404 859 3459 ostendens
875 3403 1014 3475 quod
1033 3406 1238 3459 etiamsi
1262 3412 1406 3460 nudo
1424 3417 1539 3461 oret
1556 3411 1748 3476 Capite,

155 3512 376 3551 comam
422 3508 596 3551 autem
626 3499 850 3562 habeat,
893 3515 986 3567 par
1015 3499 1086 3552 sit
1113 3499 1186 3552 illi
1213 3501 1300 3568 qui
1341 3509 1561 3568 apertus
1587 3510 1747 3554 esset.

155 3587 319 3644 Coma
349 3590 514 3654 enim,
547 3593 734 3660 inquit,
765 3608 858 3660 pro
900 3593 1145 3646 velamine
1175 3595 1272 3660 ipsi
1299 3593 1418 3645 data
1445 3605 1536 3647 est.
1560 3595 1630 3648 Si
1660 3613 1753 3648 au—

160 3694 260 3736 tem
281 3700 388 3737 non
413 3685 606 3736 velatur
627 3683 827 3748 mulier,
863 3685 1131 3737 tondeatur
1157 3700 1176 3737 :
1205 3685 1247 3738 si
1275 3696 1442 3738 autem
1490 3695 1633 3754 turpe
1683 3695 1753 3739 est

160 3779 364 3831 mulieri
385 3777 578 3831 tonderi
589 3789 674 3830 aut
693 3779 824 3843 radi,
850 3779 1052 3831 veletur.
1071 3777 1124 3833 ln
1141 3779 1398 3848 principio
1414 3780 1552 3833 enim
1573 3788 1752 3834 utnon

160 3871 368 3924 nudum
415 3870 610 3924 habeat
650 3880 809 3940 caput
865 3871 1088 3940 requirit
1122 3889 1134 3923 :
1169 3886 1486 3940 progressus
1530 3881 1706 3926 autem
1733 3913 1748 3938 ,

161 3971 222 4013 nt
248 3977 466 4029 semper
505 3977 637 4036 non.
667 3962 869 4016 nudum
920 3963 1113 4016 habeat
1151 3964 1484 4027 subindicat,
1525 3964 1706 4017 dicens
1731 4005 1748 4028 ,

164 4051 343 4105 Unum
384 4053 526 4105 enim
557 4064 629 4105 est
657 4070 716 4105 ac
741 4059 783 4105 sl
813 4072 928 4108 rasa
955 4057 1016 4108 sit
1040 4074 1057 4118 ;
1089 4066 1142 4110 et
1169 4071 1287 4109 cum
1315 4058 1458 4109 omni
1492 4058 1668 4110 studio
1691 4071 1752 4110 ac

158 4142 462 4212 diligentia.
483 4141 596 4194 Non
619 4144 762 4195 enim
786 4154 843 4196 ut
874 4146 1076 4198 veletur
1096 4156 1151 4199 et
1174 4155 1380 4213 tegatur
1408 4147 1566 4199 modo
1590 4148 1748 4211 dixit,

160 4235 258 4291 sed
292 4245 349 4287 ut
375 4243 707 4303 contegatur,
736 4245 788 4289 ut
814 4237 882 4289 sit
906 4237 1141 4303 undique
1163 4247 1410 4289 accurate
1433 4239 1748 4306 Composita.

161 4331 234 4385 Et
260 4345 385 4385 cum
412 4330 464 4382 in
495 4329 875 4384 absurditalem
907 4346 1019 4384 rem
1052 4331 1286 4392 deducit,
1313 4331 1514 4400 pudore
1545 4331 1751 4384 sulTun-

161 4424 260 4486 dit,
295 4420 644 4477 vehementer
692 4423 965 4476 incessens
993 4439 1055 4477 ac
1093 4423 1276 4477 dicens
1307 4441 1319 4478 :
1351 4424 1408 4477 Si
1434 4433 1602 4476 autent
1651 4441 1751 4477 non

161 4516 381 4577 velatur,
429 4511 712 4564 tondeatur.
752 4513 882 4565 Nam
909 4514 950 4567 si
983 4514 1168 4583 abjicis
1209 4523 1572 4584 tegumentum
1608 4502 1752 4568 tibia

165 4608 283 4673 lege
311 4606 404 4657 Dei
437 4603 643 4666 datum,
677 4604 867 4672 inquit,
898 4607 1057 4658 etiam
1108 4606 1157 4658 id
1187 4605 1328 4675 quod
1359 4605 1451 4659 tibi
1500 4622 1526 4658 ο
1562 4616 1749 4660 nathra

164 4695 348 4747 datum
372 4703 478 4756 est.
507 4694 699 4763 abjice.
726 4686 876 4759 Quod
906 4694 948 4746 si
975 4696 1094 4763 quis
1122 4695 1318 4750 dixerit
1352 4715 1362 4748 :
1398 4697 1461 4749 Et
1487 4699 1753 4765 quomodo

165 4783 296 4838 illud
324 4784 539 4837 mulieri
571 4794 724 4854 turpe
746 4783 928 4846 fuerit,
954 4784 995 4836 si
1018 4784 1085 4837 ad
1104 4786 1203 4840 viri
1229 4786 1448 4855 gloriam
1479 4788 1748 4842 ascendit?

165 4873 294 4927 illud
325 4873 649 4939 dixerimus,
683 4890 790 4928 non
814 4874 1122 4938 ascendere,
1159 4877 1251 4929 sed
1279 4892 1308 4930 a
1342 4879 1559 4946 proprio
1589 4875 1738 4933 exei-

162 4966 296 5020 dere
327 4964 555 5020 honore.
589 4965 722 5020 Nam
752 4968 891 5020 inter
928 4965 1172 5034 proprios
1203 4970 1459 5022 terminos
1488 4984 1591 5023 non
1638 4987 1751 5025 ma-

164 5072 300 5112 nere
325 5065 382 5129 et
411 5056 560 5126 leges
587 5073 616 5111 a
648 5059 952 5118 Deo‘latas,
987 5057 1077 5111 sed
1121 5056 1239 5111 illas
1270 5061 1581 5128 transgredi,
1643 5077 1747 5116 non

161 5149 406 5206 accessio
427 5156 533 5215 est,
557 5150 648 5204 sed
676 5152 993 5206 imminutio.
1014 5150 1468 5218 Quemadmodum
1492 5157 1631 5207 enim
1660 5156 1749 5223 qui

162 5244 338 5297 aliena
368 5241 722 5309 concupiscit,
751 5253 806 5298 et
824 5259 944 5313 qua:
985 5259 1089 5298 non
1117 5259 1208 5298 sua
1239 5255 1360 5298 sunt
1386 5247 1599 5315 abripit,
1643 5264 1748 5302 non

161 5333 290 5401 quid
341 5331 572 5401 amplius
598 5334 798 5401 accepit
827 5373 842 5394 ,
885 5327 994 5389 "sed
1025 5319 1342 5390 detrimento
1369 5347 1450 5390 cst
1492 5337 1712 5392 affectus
1733 5383 1746 5402 ,

161 5408 418 5493 quodque
449 5421 677 5476 habebat
699 5423 960 5489 perdidit;
989 5425 1040 5478 id
1064 5426 1204 5495 quod
1235 5427 1391 5480 etiam
1421 5427 1473 5479 in
1504 5430 1748 5493 paradiso

160 5515 390 5583 contigit
415 5514 538 5569 :sic
576 5521 629 5569 et
663 5512 853 5566 mulier
878 5527 982 5565 non
1007 5517 1198 5583 acclpit
1241 5517 1337 5570 viri
1382 5516 1707 5572 nobilitatem
1729 5561 1744 5585 ,

158 5603 254 5658 sed
293 5613 354 5659 et
378 5606 620 5660 mulieris
650 5604 982 5667 boneStatem
1014 5608 1245 5672 amittit;
1279 5624 1377 5665 nec
1408 5610 1529 5664 inde
1573 5611 1744 5666 solum

159 5695 284 5749 huic
317 5697 629 5765 ignominia,
653 5697 747 5753 sed
764 5696 1008 5752 etiam-ab
1029 5696 1258 5753 habendi
1283 5702 1587 5771 cupiditate.
1613 5700 1743 5756 Cum

160 5801 289 5859 ergo
319 5789 702 5860 assumpsis'set
731 5789 783 5846 id
811 5788 954 5862 quod
971 5797 1121 5863 turpe
1141 5806 1260 5850 esse
1289 5791 1343 5848 in
1364 5793 1610 5852 confesso
1635 5803 1735 5864 est,

1853 2146 2024 2203 caput,
2057 2151 2168 2187 cum
2212 2139 2279 2189 sit
2308 2137 2475 2205 imago
2519 2147 2565 2190 et
2596 2140 2757 2208 gloria
2792 2138 2901 2192 Dei.
2948 2139 3154 2198 Rursus
3196 2142 3294 2194 alia
3323 2142 3439 2195 hmc

1852 2242 2033 2281 causa.
2091 2228 2278 2297 Neque
2333 2230 2474 2282 enim
2527 2230 2914 2300 solum,,quud
2962 2243 3120 2299 caput
3167 2233 3434 2287 Christum

1855 2320 2064 2380 habent,
2101 2338 2207 2375 non
2234 2323 2395 2377 debet
2420 2334 2574 2391 caput
2605 2335 2804 2394 tegere,
2854 2327 2945 2380 sed
2974 2327 3130 2379 etiam
3164 2331 3284 2398 quia
3317 2347 3435 2384 mu-

1853 2414 1968 2466 lieri
1994 2415 2246 2480 imperat.
2276 2413 2405 2468 Nam
2436 2417 2730 2483 principem
2761 2417 2824 2470 ad
2867 2434 3043 2487 regem
3070 2421 3436 2486 accedentem,

1856 2503 2188 2575 principatus
2227 2507 2434 2575 signum
2475 2506 2678 2562 habere
2717 2520 2947 2577 oportet.
2991 2510 3076 2565 Sic
3103 2505 3230 2580 ergo
3263 2515 3440 2569 nullus

1857 2601 2104 2667 princeps
2131 2599 2248 2654 sine
2275 2599 2455 2673 balteo
2480 2610 2536 2654 et
2559 2599 2766 2670 eblzena
2810 2603 2947 2656 ausit
2973 2619 3285 2667 comparere
3311 2622 3435 2660 ante

1855 2690 2004 2742 illum
2030 2691 2116 2757 qui
2149 2687 2393 2744 diadema
2424 2700 2596 2759 gestat
2625 2707 2638 2743 :
2663 2692 2740 2746 sic
2773 2709 2945 2763 neque
2979 2703 3031 2747 tu
3056 2696 3257 2764 alisque
3284 2697 3432 2764 signa

1855 2776 2201 2849 principatus,
2233 2781 2374 2850 quod
2399 2789 2479 2833 est
2506 2782 2718 2837 detecto
2739 2799 2858 2840 esse
2877 2787 3068 2853 capite,
3097 2786 3259 2840 Deum
3288 2803 3430 2846 ores.

1857 2883 1912 2926 ut
1939 2889 2004 2926 ne
2031 2874 2352 2928 contumelia
2379 2873 2583 2927 afﬁcias
2604 2882 2658 2928 et
2689 2885 2738 2930 te
2768 2887 2823 2931 et
2853 2892 2971 2930 eum
3010 2879 3098 2945 qui
3139 2888 3190 2937 te
3230 2877 3436 2933 honore

1856 2963 2039 3019 allicit.
2073 2964 2308 3034 ldipsum
2351 2974 2404 3018 et
2431 2965 2499 3019 de
2527 2965 2753 3021 muliere
2784 2969 2900 3035 quis
2935 2967 3128 3022 dixerit
3160 2987 3170 3020 :
3205 2986 3322 3021 nam
3359 2971 3432 3023 illi

1855 3076 2067 3131 quoque
2095 3069 2178 3114 est
2209 3059 2518 3130 ignominia,
2567 3059 2609 3113 si
2642 3076 2746 3114 non
2789 3061 3132 3131 subjectionis
3161 3062 3306 3130 signa
3341 3063 3435 3114 ha-

1855 3152 2010 3206 beat.
2037 3150 2236 3205 ‘Mulier
2285 3161 2450 3204 autem
2481 3152 2645 3220 gloria
2681 3154 2775 3206 viri
2794 3165 2886 3206 est.
2922 3152 3016 3207 Est
3043 3169 3172 3221 ergo
3197 3157 3435 3207 naturale

1856 3246 1953 3298 viri
1979 3245 2280 3312 imperium.
2307 3243 2512 3298 Deinde
2544 3241 2822 3322 pbstquam
2843 3246 3162 3300 sententiam
3194 3249 3430 3316 protulit,

1856 3347 1909 3390 et
1934 3336 2170 3391 rationes
2199 3347 2252 3388 et
2280 3349 2469 3389 causas
2499 3350 2710 3388 rursum
2739 3336 2872 3390 alias
2907 3338 3074 3404 ponit,
3104 3338 3168 3390 ad
3213 3341 3434 3402 primum

1860 3440 1908 3483 te
1934 3428 2137 3483 ducens
2164 3427 2516 3489 creationem,
2539 3421 2620 3479 bis
2643 3426 2821 3480 verbis
2851 3445 2861 3481 :
2892 3410 2944 3483 ὲ.
2981 3426 3100 3481 Non
3126 3430 3262 3481 enim
3276 3430 3349 3480 vir
3377 3445 3437 3480 ea:

1859 3521 2067 3573 muliere
2105 3529 2198 3580 est,
2251 3518 2338 3571 sed
2368 3517 2548 3569 mulier
2576 3533 2639 3571 ea:
2681 3518 2806 3571 viro.
2840 3517 2895 3570 Si
2936 3527 3112 3571 autem
3167 3530 3228 3572 ex
3260 3519 3436 3585 aliquo

1857 3629 1995 3676 esse,
2019 3611 2188 3683 gloria
2222 3619 2303 3665 est
2325 3611 2439 3679 ejus
2471 3627 2535 3665 ex
2554 3625 2659 3680 quo
2687 3611 2900 3680 prodiit,
2930 3611 3098 3666 multo
3124 3614 3288 3680 magis
3318 3627 3438 3667 esse

1857 3705 2105 3758 similem.
2139 3704 2192 3758 9.
2221 3703 2420 3756 Etenim
2448 3718 2549 3756 non
2577 3714 2777 3757 creatus
2805 3714 2877 3755 est
2899 3704 2974 3754 vir
3020 3713 3224 3772 propter
3253 3705 3438 3756 mulie—

1856 3813 1982 3860 rem,
2015 3796 2104 3849 sed
2130 3795 2314 3848 mulier
2341 3805 2544 3863 propter
2571 3796 2754 3847 virum.
2792 3793 2914 3848 llaec
2941 3803 3024 3847 est
3051 3794 3283 3849 secunda
3316 3811 3435 3849 rur-

1857 3887 2119 3941 susillius
2146 3901 2255 3955 prce
2287 3886 2375 3939 illa
2402 3885 2742 3951 excellentia,
2765 3887 2869 3940 imo
2897 3897 2951 3940 et
2972 3888 3124 3942 tertia
3149 3897 3203 3940 et
3229 3899 3432 3958 quarta.

1858 3977 2056 4041 Prima,
2091 3979 2213 4044 quia
2243 3987 2403 4046 caput
2433 3988 2671 4032 nostrum
2703 3990 2782 4032 est
2823 3979 3085 4044 Christus,
3118 3989 3171 4034 et
3191 3996 3288 4032 nos
3317 3996 3434 4033 mu-

1855 4069 2034 4129 lieris;
2065 4070 2320 4131 secunda,
2352 4071 2471 4136 quia
2506 4086 2602 4123 nos
2620 4071 2782 4139 gloria
2819 4073 2909 4124 Dei
2937 4084 3221 4134 sumus,-et
3247 4073 3438 4126 mulier

1856 4160 2022 4227 gloria
2056 4168 2266 4220 nostra;
2300 4160 2474 4223 tertia,
2499 4161 2620 4226 quia
2645 4176 2747 4213 non
2776 4177 2952 4214 nosex
2977 4161 3200 4216 muliere
3231 4177 3432 4223 sumus,

1856 4251 1949 4304 sed
1999 4251 2087 4304 illa
2142 4266 2206 4305 ex
2248 4251 2434 4315 nobis;
2483 4261 2698 4320 quarta,
2761 4254 2882 4322 quia
2925 4270 3169 4321 nonnos
3223 4266 3442 4324 propter

1857 4342 2001 4396 illam
2027 4383 2042 4407 ,
2074 4341 2166 4395 sed
2209 4342 2297 4395 illa
2351 4350 2567 4411 pr0pter
2596 4358 2713 4396 nos.
2762 4343 2848 4398 10.
2898 4343 3022 4396 ideo
3075 4346 3218 4398 debet
3259 4347 3438 4397 mulier

1858 4432 2038 4486 habere
2059 4443 2350 4501 potestatem
2367 4450 2517 4501 super
2531 4443 2682 4500 caput
2697 4450 2861 4485 suum.
2887 4434 3032 4496 Ideo,
3050 4450 3150 4503 qua
3166 4434 3230 4488 de
3247 4436 3432 4489 causa?

1856 4523 1942 4577 dic
1974 4523 2100 4575 mihi
2115 4557 2131 4574 .
2163 4507 2385 4590 Propter
2403 4523 2516 4574 hzrc
2535 4523 2711 4575 omnia
2731 4523 3000 4591 qtuedicta
3021 4534 3144 4579 sunt
3165 4543 3178 4582 :
3203 4527 3308 4581 imo
3329 4544 3430 4583 non

1858 4621 2060 4665 tantum
2093 4620 2310 4679 propter
2335 4611 2447 4664 haec
2483 4613 2682 4678 omnia,
2721 4615 2812 4667 sed
2842 4617 3000 4670 etiam
3026 4616 3248 4687 Propter
3278 4637 3433 4690 auge.

1858 4705 1952 4756 los.
1982 4700 2111 4755 Nam
2136 4702 2178 4755 si
2207 4702 2375 4755 virum
2403 4702 2658 4769 despicis,
2691 4705 2888 4773 inquit,
2922 4707 3432 4776 angelos-reverere.

1930 4794 1979 4846 5.
2012 4792 2183 4861 Caput
2210 4808 2338 4863 ergo
2369 4795 2580 4862 operire
2606 4805 2684 4849 est
2720 4796 3064 4864 subjectionis
3103 4808 3158 4852 et
3202 4809 3434 4869 potestne

1859 4885 1956 4943 tis‘;
2013 4882 2177 4938 efﬁcit
2229 4884 2370 4936 enim
2402 4893 2459 4937 ut
2504 4884 2755 4938 deorsum
2797 4887 3117 4954 aspiciamus
3146 4897 3203 4944 et
3233 4890 3435 4958 pudore

1855 4977 2172 5043 allieiamur,
2224 4979 2600 5047 propriamque
2630 4993 2905 5033 servemus
2947 4980 3220 5035 virtutem.
3254 4982 3433 5036 Virtus

1855 5072 1994 5123 enim
2023 5080 2075 5125 et
2104 5069 2274 5122 honor
2303 5069 2418 5136 ejus
2461 5069 2545 5123 cui
2592 5069 2883 5136 imperatur
2912 5081 3010 5133 est,
3045 5083 3102 5127 ut
3132 5083 3343 5127 maneat
3382 5077 3433 5127 in

1856 5158 2177 5213 obedientia.
2199 5159 2293 5212 Vir
2309 5161 2502 5228 quippe
2530 5175 2631 5212 non
2655 5163 2862 5228 cogitur
2887 5161 2988 5214 hoc
3028 5162 3237 5225 facere;
3269 5165 3434 5230 ipsius

1855 5248 1996 5300 enim
2035 5248 2239 5301 Domini
2284 5249 2457 5316 imago
2502 5257 2616 5313 est;
2650 5251 2843 5305 mulier
2867 5259 3043 5304 autem
3071 5251 3190 5322 jure
3220 5257 3430 5322 merito.

1853 5340 2229 5410 Cogitaigitnr
2258 5341 2550 5411 iniquitatis
2583 5357 2883 5407 excessum,
2925 5360 3044 5397 cum
3074 5362 3265 5413 iteinpe
3288 5358 3429 5400 tanta

1857 5433 2146 5486 honoratus
2176 5442 2460 5503 petestate,
2506 5435 2729 5504 teipsum
2761 5433 3031 5504 deturpas,
3067 5438 3303 5490 mulieris
3341 5439 3434 5489 lm-

1857 5524 2019 5578 bitum
2052 5524 2285 5592 rapiens.
2321 5524 2550 5596 ldipsum
2582 5527 2709 5580 lacis
2736 5540 2796 5581 ac
2820 5529 2862 5581 si
2893 5530 3429 5598 acceptmndiadema

1855 5631 1882 5668 a
1914 5615 2086 5684 capite
2106 5610 2384 5685 abjiceres,
2414 5630 2467 5672 et
2490 5631 2588 5686 pro
2607 5616 2906 5674 diademate
2926 5621 3115 5673 servile
3143 5623 3430 5674 vestimen-

1856 5718 1964 5760 tum
1996 5720 2321 5762 assumeres.
2351 5709 2438 5763 ll.
2494 5707 2845 5765 Verumtamen
2875 5719 3030 5780 neque
3057 5715 3133 5765 air
3161 5715 3269 5767 sine
3318 5731 3429 5766 mu-

1858 5799 2012 5867 liere,
2072 5815 2227 5872 neque
2268 5800 2447 5856 mulier
2489 5800 2602 5859 sine
2633 5802 2741 5860 viro
2791 5804 2844 5859 in
2891 5801 3131 5861 Domino.
3170 5805 3428 5872 Quoniam
