4086 6340
629 330 735 385 219

629 444 810 491 autem
859 435 1079 494 multam
1118 433 1266 491 dedit
1288 434 1407 492 viro
1450 436 1849 500 excellentiam,
1902 451 2023 489 cum
2081 435 2215 489 dixit

631 526 915 581 mulierem
945 541 1067 582 esse
1092 541 1160 582 ex
1190 526 1302 590 illo,
1329 537 1551 597 propter
1576 528 1728 582 illum
1757 537 1811 582 et
1848 528 1951 582 sub
1980 527 2100 587 illo;
2154 543 2220 578 ne

629 617 774 673 viros
799 617 921 686 plus
946 632 1107 686 quam
1136 631 1231 687 par
1255 625 1376 673 erat
1419 618 1729 681 extolleret,
1756 634 1892 674 neve
1916 618 2036 672 illas
2062 618 2220 671 nimis

626 709 906 779 dejiceret,
936 709 1060 764 vide
1090 710 1361 779 quomodo
1391 713 1783 767 correctionem
1822 710 2102 775 adhibeat,
2134 709 2218 763 di-

628 814 758 856 cens
786 818 800 854 :
833 800 1190 855 Veruman
1208 818 1368 871 neque
1390 802 1467 854 vir
1484 804 1593 857 sine
1612 803 1842 864 muliere,
1865 818 2023 872 neque
2039 801 2221 854 mulier

627 892 736 945 sine
761 890 868 945 viro
892 891 947 943 in
973 888 1215 945 Domino.
1240 890 1319 946 Ne
1340 892 1498 956 mihi,
1530 892 1722 961 inquit,
1750 892 1924 962 prima
1951 891 2062 945 sola
2088 905 2217 944 exa-

628 984 825 1047 mines,
852 997 1028 1053 neque
1050 983 1378 1038 creationem
1402 984 1567 1038 illam.
1590 983 1723 1038 Nam
1748 984 1793 1037 si
1809 998 1871 1037 ea
1893 998 2011 1050 qua:
2036 992 2219 1050 postea

630 1072 766 1127 facta
806 1081 935 1128 sunt
956 1071 1239 1142 exquiras,
1292 1082 1518 1143 uterque
1560 1074 1839 1142 utriusque
1886 1080 1969 1126 est
1994 1081 2215 1133 auctor;

628 1162 740 1219 imo
768 1177 942 1233 neque
981 1170 1215 1232 uterque.
1234 1163 1548 1232 utriusque,
1600 1162 1697 1216 sed
1741 1162 1883 1216 Deus
1932 1162 2214 1214 omnium:

629 1267 798 1322 quare
827 1253 910 1307 «ait
942 1269 957 1309 :
990 1250 1170 1322 Neque
1197 1253 1274 1306 vir
1300 1253 1410 1306 sine
1445 1253 1674 1315 muliere,
1695 1268 1855 1321 neque
1902 1252 2082 1304 mulier
2110 1252 2220 1305 sine

628 1345 735 1398 uiro
777 1344 831 1398 in
885 1343 1121 1411 Domino.
1168 1342 1258 1399 {2.
1319 1342 1458 1397 Nam
1509 1344 1640 1397 sicut
1676 1344 1857 1396 mulier
1884 1359 1948 1396 ea:
1973 1344 2098 1403 viro,
2144 1344 2218 1395 ita

630 1438 707 1492 vir
734 1453 826 1507 per
850 1438 1130 1490 mulierem.
1162 1435 1277 1491 Non
1305 1436 1460 1501 dixit,
1482 1436 1560 1492 Ex
1592 1438 1837 1501 muliere,
1868 1437 1964 1492 sed
1988 1446 2175 1491 contra
2196 1478 2212 1502 ,

638 1530 723 1586 Ea:
764 1533 894 1608 viro.
951 1529 1065 1586 Hoc
1107 1530 1250 1585 enim
1299 1530 1471 1608 yisum
1523 1532 1787 1602 integrum
1842 1539 2023 1585 manet
2075 1531 2215 1601 apud

628 1624 823 1676 virum.
852 1622 1048 1677 Verum
1094 1621 1209 1677 lne‘c
1259 1632 1405 1677 recte
1449 1631 1598 1691 gesta
1652 1636 1756 1675 non
1799 1622 1918 1688 viri,
1978 1621 2074 1677 sed
2118 1621 2215 1675 Dei

628 1722 754 1768 sunt
786 1730 799 1766 :
825 1728 990 1782 quare
1018 1712 1177 1767 etiam
1204 1710 1479 1781 'subjun-xit
1504 1728 1519 1765 :
1550 1712 1659 1766 Sed
1685 1712 1856 1765 omnia
1893 1710 2105 1767 exlieo.
2157 1712 2215 1767 Si

628 1821 755 1877 ergo
777 1806 868 1861 Dei
897 1814 1022 1859 sunt
1045 1820 1245 1869 omnia,
1277 1805 1390 1875 ipse
1410 1813 1588 1859 autem
1611 1805 1698 1857 illa
1714 1804 1888 1873 jubet,
1919 1806 2217 1874 obsequere

628 1907 777 1953 etne
800 1895 1158 1952 contradicas.
1192 1896 1279 1949 15.
1328 1892 1396 1948 1η
1439 1895 1577 1949 vobis
1618 1896 1745 1964 ipsis
1780 1896 2012 1965 judicate
2041 1894 2218 1949 :deccl

629 1990 889 2044 mulierem
914 2004 1016 2042 non
1037 1986 1253 2041 velatam
1282 2003 1429 2040 orare
1460 1985 1669 2041 Deum?
1695 1985 1898 2041 Rursus
1940 1987 2060 2041 illos
2089 2002 2218 2040 con-

628 2080 798 2134 stituit
826 2078 1089 2134 dictorum
1116 2077 1344 2146 judices.
1382 2077 1527 2147 quod
1585 2079 1747 2132 etiam
1796 2078 1849 2131 in
1907 2077 2217 2149 idolothytis

630 2170 757 2225 fecit
784 2186 798 2223 :
827 2184 950 2223 nam
980 2176 1035 2222 et
1055 2167 1160 2222 illic
1186 2167 1335 2232 dicit,
1362 2167 1602 2221 Judicate
1643 2183 1729 2221 vos
1771 2169 1905 2236 quod
1954 2170 2108 2235 dico;
2162 2178 2219 2224 et

637 2261 743 2325 hic,
774 2256 840 2312 In
868 2258 1004 2313 vobis
1023 2259 1148 2329 ipsis
1160 2260 1409 2329 judicate.
1454 2259 1521 2312 Et
1563 2259 1856 2313 terribilius
1884 2261 2085 2329 aliquid
2130 2260 2217 2316 hic

631 2350 976 2409 subindicat;
1006 2349 1388 2403 contumeliam
1438 2350 1580 2404 enim
1634 2350 1723 2403 hic
1752 2351 1881 2403 dicit
1928 2352 1995 2404 ad
2051 2351 2215 2405 Deum

633 2444 884 2499 transire.
915 2441 1110 2498 Verum
1136 2457 1241 2496 non
1264 2443 1336 2496 ita
1368 2442 1619 2513 loquitur,
1649 2442 1743 2497 sed
1769 2443 1951 2496 mitius
1979 2444 2219 2511 aliquan-

634 2549 744 2590 tum
770 2544 826 2591 et
854 2536 1021 2606 magis
1050 2536 1415 2604 mnigmatice,
1450 2536 1637 2590 dicens
1666 2552 1679 2588 :
1710 2534 1927 2588 Decetne
1960 2536 2217 2587 mulierem

632 2643 734 2682 non
750 2629 966 2681 relatam
996 2628 1160 2679 Deum
1180 2627 1372 2679 orare?
1400 2626 1486 2679 14.
1527 2626 1711 2679 Annon
1755 2629 1869 2691 ipsa
1910 2636 2091 2679 natura
2133 2642 2219 2680 vos

634 2722 798 2785 docet,
827 2718 963 2790 quod
988 2719 1062 2771 vir
1095 2718 1297 2785 quidem
1327 2718 1370 2770 si
1396 2733 1593 2770 cantant
1621 2719 1832 2784 nutriat,
1861 2718 2137 2789 ignominia
2154 2722 2219 2772 sit

632 2813 747 2867 illi?
773 2813 865 2868 45.
891 2812 1074 2865 mulier
1099 2827 1214 2865 vero
1242 2811 1288 2865 si
1331 2827 1528 2863 comam
1555 2811 1766 2875 nutriat,
1794 2812 1958 2881 gloria
2000 2822 2073 2865 est
2099 2813 2219 2866 illi?

631 2907 871 2976 quoniam
897 2905 1073 2975 capilli
1094 2920 1185 2974 pro
1204 2904 1451 2958 velamine
1474 2904 1519 2957 ei
1540 2905 1647 2956 dati
1673 2915 1809 2957 sunt.
1833 2904 1985 2971 Quod
2005 2921 2220 2976 semper

634 2999 779 3065 facit,
796 2997 1096 3053 communia
1126 3010 1332 3065 ponens
1355 2994 1658 3060 ratiocinia,
1685 2994 1785 3050 hoc
1815 3006 1870 3050 et
1902 2996 1985 3050 hic
2006 3012 2219 3067 quoque

633 3089 783 3154 facit,
834 3088 902 3142 ad
951 3087 1221 3156 vulgarem
1270 3086 1715 3147 consuetudinem
1766 3088 2114 3156 confugiens,
2164 3098 2220 3144 et

633 3180 920 3235 admodum
957 3178 1159 3248 pudore
1194 3177 1506 3232 suﬁundens
1530 3193 1645 3241 eos,
1677 3179 1767 3247 qui
1813 3190 2126 3248 exspectant
2151 3181 2220 3235 ab

634 3272 732 3326 illo
757 3270 1018 3338 ediscere,
1042 3285 1162 3339 qua:
1189 3284 1258 3324 ex
1283 3270 1555 3323 communi
1582 3270 1971 3324 consuetudine
1998 3281 2222 3341 possunt

635 3362 803 3419 edisci
831 3380 845 3416 :
876 3363 989 3417 haec
1030 3362 1228 3431 quippe
1271 3370 1325 3415 et
1375 3361 1568 3416 similia
1625 3377 1695 3417 ne
1724 3363 1965 3416 barbaris
2004 3364 2219 3435 quidem

636 3457 816 3526 ignota
858 3464 1003 3509 sunt.
1031 3453 1101 3507 Et
1126 3452 1250 3513 vide
1287 3452 1558 3523 quomodo
1587 3453 1781 3523 ubique
1803 3454 2016 3509 acribus
2045 3466 2223 3513 utatur

635 3547 835 3602 verbis.
874 3545 1049 3600 Omnis
1091 3546 1167 3597 vir
1195 3561 1365 3611 orans,
1389 3546 1475 3615 qui
1503 3555 1655 3615 caput
1698 3563 1846 3599 suum
1884 3550 2022 3618 tegit,
2073 3559 2223 3619 caput

638 3655 788 3693 suum
816 3639 1088 3708 deturpat;
1115 3652 1179 3692 ac
1208 3652 1439 3719 rursum,
1465 3636 1525 3691 Si
1553 3646 1721 3691 autem
1751 3649 1896 3709 turpe
1922 3649 1993 3694 est
2024 3642 2224 3696 mulieri

640 3730 837 3785 tonderi
867 3741 955 3783 aut
982 3730 1117 3796 radi,
1146 3730 1371 3793 veletur;
1395 3738 1451 3785 et
1473 3730 1559 3783 hic
1589 3745 1797 3796 rursus,
1836 3730 1924 3784 Vir
1949 3732 2150 3803 quidem
2179 3735 2226 3789 si

640 3838 836 3876 comam
884 3824 1106 3890 nutriat,
1160 3823 1441 3892 ignominia
1492 3833 1566 3876 est
1615 3823 1745 3877 illi:
1794 3824 1976 3877 mulier
2032 3827 2077 3879 si
2132 3843 2224 3880 co-

639 3929 777 3967 mant
827 3917 1058 3977 nutriat,
1104 3915 1269 3984 gloria
1330 3923 1401 3967 est
1451 3914 1570 3980 illi,
1616 3915 1857 3985 quoniam
1903 3918 2079 3987 capilli
2132 3936 2224 3987 pro

638 4003 889 4059 velamine
927 4005 972 4058 ei
1019 4003 1125 4056 dati
1160 4013 1296 4057 sunt.
1344 4005 1411 4059 Et
1434 4006 1478 4059 si
1526 4020 1623 4075 pro
1652 4006 1915 4061 velamine
1940 4008 2048 4062 dati
2078 4020 2223 4070 sunt,

641 4096 836 4166 inquit,
858 4109 956 4150 cur
981 4105 1228 4163 oporteat
1254 4096 1496 4151 velamen
1526 4097 1670 4151 aliud
1710 4098 1984 4168 adjicere?
2013 4098 2085 4155 Ut
2115 4116 2224 4155 non

641 4186 813 4241 solum
840 4202 872 4241 a
900 4193 1108 4248 natura,
1148 4185 1241 4240 sed
1268 4188 1429 4242 etiam
1456 4187 1525 4240 ab
1567 4188 1789 4243 arbitrio
1839 4190 2226 4259 subjectionem

643 4279 976 4333 conﬁteatur.
1002 4278 1153 4346 Quod
1184 4278 1325 4331 enim
1354 4287 1405 4332 te
1429 4288 1677 4356 oporteat
1690 4280 1877 4346 velari,
1902 4280 2016 4350 ipsa
2037 4294 2225 4337 natura

644 4366 793 4434 prius
818 4370 1111 4425 constituit.
1144 4368 1295 4424 Adde
1324 4370 1483 4439 igitur
1501 4383 1721 4439 operam
1750 4380 1917 4436 tuam,
1950 4388 2017 4427 ne
2044 4373 2226 4429 videa-

642 4460 719 4515 ris
744 4467 950 4511 naturae
978 4460 1118 4528 leges
1157 4473 1401 4517 evertere
1432 4478 1445 4513 :
1473 4460 1616 4531 quod
1640 4460 1853 4531 quidem
1879 4464 2057 4517 multm
2082 4475 2228 4520 esset

644 4547 1011 4619 impudentis,
1056 4565 1162 4603 non
1195 4553 1471 4606 nobiscum
1504 4562 1729 4617 tantum,
1764 4551 1859 4609 sed
1911 4555 2071 4608 etiam
2102 4570 2223 4610 cum

648 4651 841 4697 natura
859 4655 1114 4711 pugnare.
1130 4640 1306 4707 Quare
1319 4642 1680 4725 JndteosDeus
1722 4645 1972 4702 incusans
1990 4647 2221 4702 dicehn:

648 4732 892 4787 Occidisti
918 4729 1054 4799 ﬁlios
1093 4739 1205 4783 tuos
1229 4740 1275 4783 et
1300 4732 1434 4799 ﬁlias
1462 4743 1573 4793 tuas
1603 4735 1815 4805 (Ezech.
1840 4738 1929 4793 16.
1958 4738 2052 4805 21)
2084 4760 2097 4795 :
2126 4742 2227 4795 hoc

650 4839 762 4897 prae
790 4823 1041 4879 omnibus
1068 4831 1150 4878 est
1186 4821 1667 4882 abominationibus
1696 4829 1819 4883 tuis.
1868 4829 1938 4884 Et
1988 4846 2084 4885 eos
2134 4834 2225 4901 qui

643 4914 786 4985 apud
807 4916 1081 4971 Romanos
1102 4913 1359 4985 impudici
1404 4925 1571 4970 erant.
1585 4918 1866 4989 increpans
1897 4922 2113 4989 Paulus,
2147 4926 2225 4978 sic

641 5015 803 5075 auget
826 5007 1250 5063 criminationem
1280 5006 1465 5061 dicens
1492 5023 1505 5057 :
1534 5008 1674 5076 quod
1701 5024 1805 5065 non
1828 5013 1999 5066 solum
2032 5025 2228 5083 praeter

648 5096 745 5151 Dei
773 5095 971 5165 legem,
990 5097 1085 5165 sed
1112 5107 1309 5169 praeter
1331 5106 1573 5152 naturam
1605 5112 1733 5152 usus
1758 5086 1862 5155 ille
1890 5112 2031 5157 esset
2062 5119 2077 5155 :
2106 5102 2226 5156 llu-

642 5195 823 5243 tarunt
848 5184 982 5242 enim
1011 5205 1160 5245 usum
1200 5190 1485 5244 naturalem
1522 5188 1575 5242 in
1624 5188 1789 5255 illum,
1820 5193 1907 5260 qui
1946 5204 2020 5247 est
2045 5206 2227 5265 praeter

645 5292 884 5337 naturam
909 5280 1098 5353 (Rom.
1130 5286 1181 5339 l.
1210 5285 1341 5356 26).
1372 5284 1661 5353 Propterea
1682 5282 1735 5337 in
1766 5282 1867 5338 hoc
1894 5299 1954 5339 se
1977 5302 2225 5345 sermone

647 5383 882 5442 exercet,
912 5374 1016 5431 hoc
1041 5375 1214 5446 ipsum
1242 5376 1550 5442 ostendens,
1584 5383 1640 5431 et
1662 5375 1802 5446 quod
1829 5376 1960 5430 nihil
1994 5378 2224 5435 alienum

642 5468 952 5536 constituat,
974 5465 1221 5538 quodque
1241 5469 1380 5540 apud
1395 5469 1614 5526 Graecos
1634 5468 1813 5523 omnia
1835 5467 1951 5533 ejus
1977 5450 2235 5525 novitatis

647 5557 776 5637 sint,
820 5575 940 5630 qua:
982 5568 1067 5615 est
1105 5569 1303 5628 printer
1339 5564 1605 5616 naturam.
1647 5559 1739 5617 Sic
1767 5567 1824 5613 et
1856 5559 2101 5613 Christus
2124 5560 2227 5615 hoc

650 5650 844 5717 ipsum
869 5652 1245 5722 comprobans,
1293 5652 1504 5708 dicebat
1544 5671 1556 5706 :
1592 5653 1931 5723 Quacumque
1978 5651 2129 5705 vultis
2172 5660 2228 5705 ut

652 5745 841 5799 faciant
862 5747 999 5801 vobis
1014 5746 1259 5816 homines,
1277 5754 1325 5801 et
1349 5761 1434 5799 vos
1453 5747 1603 5817 facite
1622 5745 1746 5819 ipsis
1763 5744 1978 5817 (lauit.
2005 5745 2059 5800 7.
2091 5744 2220 5815 i2);

1328 320 1384 377 s.
1425 319 1705 379 JOANNIS
1724 308 2200 378 ottsYsos'roui
2250 321 2564 379 ARCHIEP.
2596 324 3127 383 CONS'I‘ANTINOP.

3813 329 3916 383 9.20

2323 437 2632 507 signiﬁcans
2650 454 2710 494 se
2730 438 2863 494 nihil
2894 455 3090 495 novum
3118 440 3386 498 inducere.
3413 442 3502 498 l6.
3527 442 3591 497 Si
3609 444 3725 513 quis
3744 454 3913 498 autem

2322 530 2516 582 ridetur
2542 532 2882 585 contentionis
2913 548 3041 596 esse,
3069 549 3162 585 nos
3191 533 3339 586 talem
3368 534 3785 588 consuetudinem
3812 552 3913 587 non

2323 620 2582 683 habemus,
2614 639 2772 698 neque
2811 622 3054 676 Ecclesia:
3100 622 3218 677 Dei.
3271 624 3367 678 Est
3391 641 3519 695 ergo
3548 627 3913 681 contentionis

2322 720 2380 765 et
2404 726 2508 765 non
2540 715 2762 767 rationis
2809 714 2892 768 his
2922 714 3196 769 resistere.
3242 715 3508 770 Ca'tcrnm
3564 720 3643 773 sic
3699 734 3913 785 quoque

2320 804 2649 859 moderatam
2685 808 2810 861 fecit
2830 804 3269 873 increpationeni,
3299 821 3354 861 ut
3380 811 3468 879 qui
3498 810 3784 878 plurimum
3820 828 3913 880 pu-

2322 892 2468 948 doris
2512 895 2833 951 immiserit:
2860 898 3002 967 quod
3032 900 3192 953 etiam
3228 901 3526 968 graviorem
3560 900 3688 955 fecit
3705 905 3913 956 oratio—

2325 1000 2444 1039 ncm
2493 986 2602 1041 Nos
2622 988 2785 1054 enim,
2818 989 3005 1058 inquit,
3035 989 3193 1043 talem
3216 992 3653 1045 consuetudinem
3677 1006 3786 1045 non
3820 992 3913 1046 lia-

2323 1074 2529 1141 bemus,
2549 1084 2607 1131 ut
2621 1078 3008 1132 contendamus
3024 1090 3077 1133 et
3097 1080 3363 1149 litigamus
3385 1091 3439 1135 ct
3454 1082 3912 1137 conmidicamus.

2322 1164 2505 1235 Neque
2539 1177 2715 1221 tamen
2750 1169 3007 1223 hactenus
3035 1172 3298 1235 substitit,
3328 1172 3420 1225 sed
3465 1172 3763 1241 subjunxit,
3798 1170 3911 1225 Ne-

2321 1272 2416 1325 que
2449 1256 2689 1312 Ecclesite
2720 1257 2837 1324 Dei,
2861 1260 3151 1315 ostendens
3188 1262 3311 1317 illos
3352 1263 3446 1315 toti
3478 1274 3739 1316 terrarum
3794 1263 3911 1316 orbi

2321 1350 2581 1405 obsistere
2602 1361 2656 1406 et
2681 1352 2973 1418 adversari,
2999 1368 3104 1407 non
3122 1355 3394 1410 cedentes.
3420 1355 3525 1410 Sed
3548 1356 3758 1409 etiamsi
3789 1365 3913 1409 tunc

2320 1442 3015 1509 contenderentCorinthii,
3072 1461 3213 1499 nunc
3259 1457 3402 1500 totus
3459 1459 3723 1501 terrarum
3766 1446 3913 1499 orbis

2323 1532 2458 1583 lianc
2490 1532 2656 1603 legem
2684 1540 2740 1588 et
2767 1536 2974 1603 accepit
3001 1546 3057 1590 et
3081 1539 3363 1592 observat:
3386 1548 3524 1591 tanta
3552 1548 3635 1591 est
3654 1536 3913 1592 Cruciﬁxi

2320 1631 2577 1690 ptilCSlas.

2394 1714 2445 1766 (ί.
2472 1713 2576 1766 Sed
2596 1728 2785 1768 vereor
2805 1731 2891 1778 ne,
2913 1714 3014 1769 hoc
3031 1726 3251 1785 accepto
3273 1719 3473 1784 habito,
3488 1722 3747 1788 operibus
3762 1736 3910 1790 quae-

2321 1805 2440 1858 dam
2469 1821 2537 1858 ex
2558 1806 2871 1860 mulieribus
2899 1808 3237 1876 impudenter
3281 1823 3341 1864 se
3379 1826 3569 1879 gerere
3596 1811 3910 1880 deprehen-

2321 1897 2534 1961 dantur,
2587 1899 2771 1954 etalio
2801 1899 2962 1953 modo
2986 1900 3234 1955 detectm.
3282 1900 3406 1961 Ideo
3433 1902 3575 1955 enim
3620 1903 3914 1957 Timotheo

2322 2002 2533 2057 quoque
2558 1990 2799 2044 scribens
2827 1991 3041 2055 Paulus,
3062 2007 3166 2044 non
3189 1993 3319 2045 satis
3348 1993 3526 2045 habuit
3546 1993 3662 2047 haec
3683 1993 3905 2055 dixisse,

2322 2081 2413 2134 sed
2445 2082 2547 2135 alia
2574 2082 2770 2151 adjecit
2794 2083 2980 2137 dicens
3010 2101 3024 2137 :
3052 2082 3117 2136 Iit
3147 2084 3319 2136 habitu
3364 2096 3542 2137 ornato
3572 2102 3689 2137 cum
3721 2086 3911 2153 pudore

2321 2183 2368 2223 et
2391 2174 2633 2226 modestia
2659 2185 2893 2229 amantes
2920 2192 2993 2239 se,
3024 2192 3124 2229 non
3151 2177 3205 2228 in
3232 2178 3375 2229 tortis
3421 2177 3645 2230 crinibus
3672 2188 3762 2229 aut
3788 2194 3910 2230 auro

2326 2263 2400 2332 (l.
2428 2262 2558 2316 Tim.
2582 2263 2637 2319 2.
2666 2265 2745 2328 9).
2776 2265 2908 2319 Nam
2933 2268 2976 2320 si
3001 2282 3107 2319 non
3135 2276 3347 2336 Oportet
3377 2266 3575 2319 nudum
3600 2278 3766 2333 caput
3808 2270 3898 2321 ha-

2323 2354 2474 2419 bere,
2508 2356 2603 2410 sed
2652 2356 3000 2426 subjectionis
3048 2358 3256 2422 signum
3290 2356 3485 2426 ubique
3527 2358 3904 2419 circumlerre;

2322 2446 2493 2499 multo
2533 2447 2701 2515 magis
2750 2464 2843 2517 per
2887 2464 3047 2515 opera
3087 2449 3188 2502 hoc
3215 2449 3506 2503 ostetideie
3537 2462 3774 2518 oportet.
3821 2448 3908 2504 S.c

2321 2550 2467 2594 ci-rte
2519 2541 2706 2610 prisca:
2749 2541 3001 2595 mulieres
3051 2552 3105 2613 et
3134 2543 3379 2595 dominos
3426 2542 3568 2595 viros
3622 2542 3900 2605 vocabant,

2321 2639 2375 2686 et
2414 2632 2611 2700 primas
2664 2632 2793 2702 ipsis
2835 2632 3220 2687 concedebant.
3264 2631 3395 2686 Nam
3427 2641 3483 2687 et
3512 2633 3901 2701 illi,inqnii-s,

2325 2736 2519 2777 uxores
2546 2737 2672 2777 suas
2695 2723 2963 2776 amabant.
2987 2723 3098 2777 lloc
3124 2724 3246 2776 novi
3280 2738 3378 2777 nec
3409 2724 3597 2791 ignoro
3623 2742 3636 2776 :
3661 2726 3755 2777 sed
3784 2740 3900 2777 cum

2325 2822 2378 2867 te
2402 2812 2471 2867 de
2498 2813 2563 2867 iis
2589 2830 2707 2882 qua:
2756 2814 2846 2866 tibi
2892 2814 3219 2867 conveniunt
3245 2814 3619 2876 admonemus,
3654 2831 3758 2866 non
3789 2832 3906 2883 qua:

2324 2905 2531 2959 illorum
2562 2914 2690 2958 sunt
2731 2915 2964 2975 spectes.
3018 2904 3147 2967 Nam
3176 2921 3295 2959 cum
3327 2920 3521 2975 pueros
3554 2905 3907 2959 adhortantur

2324 2998 2657 3067 dicimusque
2678 3007 2736 3053 ut
2763 2999 3074 3068 parentibus
3100 3001 3482 3068 obsequantur,
3499 3000 3623 3067 quia
3645 2999 3906 3067 scriptum

2322 3101 2405 3143 est
2432 3108 2447 3146 :
2485 3088 2694 3144 Honora
2718 3101 2911 3159 patrem
2932 3101 3077 3145 tuum
3101 3100 3147 3144 et
3171 3101 3383 3143 matrem
3417 3072 3781 3159 tuninlExod.
3813 3090 3904 3145 20.

2328 3181 2447 3253 12);
2479 3182 2663 3236 dicunt
2688 3182 2761 3235 illi
2791 3184 2966 3248 nobis,
2996 3182 3183 3237 Profer
3208 3184 3371 3237 etiam
3424 3198 3485 3236 ea
3516 3198 3637 3252 qua:
3663 3197 3906 3251 sequun-

2328 3284 2411 3329 tur
2440 3291 2453 3327 :
2496 3271 2596 3327 Vos
2608 3275 3196 3346 quoqtte,patres,nolite
3219 3273 3287 3326 ad
3310 3274 3441 3327 iram
3466 3289 3742 3342 provocare
3773 3275 3909 3343 ﬁlios

2326 3374 2513 3419 vestros
2533 3362 2751 3436 (Ephes.
2781 3366 2836 3420 6.
2868 3364 2947 3435 4).
2970 3366 3175 3419 Etcum
3208 3365 3378 3419 servis
3403 3364 3629 3418 dicimus
3649 3364 3908 3432 scriptum

2326 3472 2467 3523 esse,
2495 3456 2636 3526 quod
2664 3458 3019 3513 obcdienduin
3039 3459 3108 3512 sit
3133 3456 3383 3520 dominis,
3408 3471 3582 3524 neque
3602 3456 3668 3510 ad
3694 3458 3910 3512 oculum

2327 3549 2667 3603 serviendum
2695 3564 2814 3604 esse
2840 3550 2944 3603 illis
2967 3548 3101 3619 (Col.
3135 3550 3189 3605 3.
3225 3546 3348 3618 32);
3379 3557 3434 3603 et
3460 3549 3535 3603 illi
3561 3563 3752 3603 rursus
3792 3565 3914 3619 quae.

2328 3651 2628 3711 sequuntur
2654 3658 2686 3697 a
2710 3642 2863 3697 nobis
2907 3642 3145 3712 exigunt,
3168 3642 3418 3709 juhentes
3438 3641 3673 3695 dominis
3699 3656 3919 3712 quoque

2328 3736 2515 3793 eadem
2561 3735 2806 3790 suadere.
2852 3734 2984 3789 Nam
3028 3734 3131 3789 illis
3180 3749 3415 3803 quoque,
3453 3734 3722 3804 inquiunt,
3768 3747 3913 3803 pra:-

2328 3827 2474 3897 cepit
2494 3826 2716 3892 Paulus,
2760 3827 2935 3879 minas
2960 3828 3253 3880 remittere.
3287 3824 3392 3878 Sed
3433 3839 3500 3878 ne
3523 3825 3601 3878 sic
3628 3822 3918 3888 iaciamus,

2330 3934 2504 3989 neque
2530 3930 2593 3973 ea
2617 3932 2736 3987 qua:
2760 3916 2881 3971 aliis
2900 3926 3167 3987 pra'Cepta
3193 3911 3319 3970 sunt
3339 3930 3663 3985 quaeramus,
3697 3917 3919 3986 quando

2329 4002 2397 4065 de
2427 4011 2491 4063 iis
2516 4025 2635 4080 qua:
2652 4008 2716 4064 ad
2742 4024 2840 4064 nos
2863 4009 3133 4078 pertinent
3152 4022 3506 4073 accusamur;
3544 4022 3720 4078 neque
3743 4008 3917 4070 enim,

2330 4103 2377 4156 si
2407 4102 2611 4157 socium
2638 4102 2922 4156 criminum
2948 4102 3199 4170 accipias,
3216 4102 3418 4171 aculpa
3441 4100 3789 4155 liberaberis:
3820 4101 3917 4155 sed

2332 4194 2433 4249 hoc
2481 4208 2643 4247 unum
2670 4202 2853 4262 specta
2901 4202 2958 4247 ut
3002 4202 3054 4247 te
3095 4208 3125 4246 a
3164 4192 3481 4247 criminibus
3522 4192 3742 4246 liberes.
3778 4190 3915 4246 Nam

2330 4286 2501 4340 Adam
2534 4287 2587 4340 in
2614 4286 2899 4341 mulierem
2934 4285 3144 4353 culpam
3172 4282 3470 4345 referebat,
3502 4291 3557 4337 et
3582 4283 3669 4336 illa
3700 4299 3922 4339 rursum

2332 4376 2387 4430 in
2415 4386 2749 4445 serpentem;
2781 4375 2874 4429 sed
2900 4391 3006 4428 non
3036 4374 3157 4427 illos
3182 4373 3286 4427 hoc
3310 4372 3526 4443 eripuit.
3550 4372 3627 4429 Ne
3656 4376 3840 4445 itaque
3863 4385 3919 4427 tu

2332 4470 2435 4523 hoc
2461 4467 2589 4521 mihi
2624 4482 2763 4521 nunc
2791 4466 2957 4529 dicas,
3004 4465 3098 4520 sed
3125 4473 3277 4535 grato
3296 4480 3417 4520 cum
3445 4466 3624 4521 animo
3649 4482 3770 4537 qum
3797 4482 3917 4519 ma-

2333 4562 2437 4615 rito
2476 4560 2642 4614 debes
2685 4568 2938 4628 praestare
2973 4572 3149 4613 cures.
3178 4557 3313 4614 Nam
3339 4569 3393 4615 et
3417 4560 3635 4631 quando
3660 4558 3918 4612 maritum

2334 4662 2480 4706 tuum
2510 4651 2773 4719 alloquor,
2800 4648 3088 4705 adhortans
3133 4659 3191 4705 ut
3216 4662 3266 4705 te
3308 4651 3494 4721 diligat
3531 4658 3587 4705 et
3618 4648 3690 4702 tui
3728 4662 3915 4703 curam

2331 4750 2502 4814 gerat,
2548 4755 2655 4795 non
2700 4741 2818 4796 sino
2860 4742 3004 4795 illum
3056 4742 3107 4795 in
3138 4741 3371 4795 medium
3401 4739 3592 4793 all‘crre
3625 4740 3795 4810 legem
3851 4741 3917 4795 de

2334 4835 2557 4888 muliere
2584 4834 2765 4897 latam,
2811 4833 2905 4888 sed
2951 4834 3122 4904 legem
3153 4832 3220 4885 de
3248 4831 3342 4884 illo
3367 4830 3620 4899 scriptam
3676 4833 3914 4902 requiro.

2333 4931 2398 4985 Et
2425 4941 2479 4983 tu
2508 4929 2666 5000 igitur
2694 4944 2779 4992 ea,
2814 4944 2933 4998 qum
2958 4929 3026 4981 ad
3057 4936 3110 4982 te
3144 4931 3407 4994 spectant,
3450 4924 3565 4978 sola
3592 4926 3808 4981 curiose
3837 4928 3915 4981 in-

2332 5021 2503 5092 quire,
2531 5030 2585 5075 et
2613 5030 2665 5076 te
2692 5020 2903 5090 conjugi
2943 5018 3262 5085 morigeram
3290 5014 3488 5083 praebe.
3522 5015 3656 5071 Nam
3696 5018 3740 5073 si
3784 5033 3913 5087 pro-

2334 5122 2450 5182 pter
2476 5113 2643 5167 Deum
2694 5113 2885 5165 marito
2933 5106 3266 5177 obsequaris,
3293 5122 3362 5161 ne
3407 5108 3535 5163 mihi
3568 5110 3813 5180 proferas
3854 5126 3913 5163 ea

2331 5220 2450 5273 qua:
2483 5204 2595 5271 ipse
2620 5212 2878 5274 prmstare
2902 5198 3096 5262 debet;
3119 5197 3213 5253 sed
3233 5213 3295 5253 ea
3321 5199 3517 5270 quibus
3546 5211 3598 5255 te
3623 5202 3910 5255 obnoxiam

2333 5295 2607 5363 legislator
2636 5292 2785 5356 fecit,
2826 5289 2941 5343 haec
2968 5288 3251 5358 diligenter
3276 5305 3591 5361 exsequere.
3631 5291 3744 5345 Hoc
3768 5291 3910 5343 enim

2332 5395 2416 5441 est
2444 5386 2677 5439 maxime
2706 5384 2815 5437 Deo
2844 5382 3239 5451 obtemperare,
3281 5385 3492 5439 etiamsi
3521 5382 3790 5438 contraria
3815 5397 3907 5451 pa-

2334 5476 2504 5541 tiaris,
2532 5475 2703 5543 legem
2728 5486 2835 5525 non
2856 5474 3175 5544 transgredi.
3206 5475 3331 5529 Ideo
3351 5478 3494 5530 enim
3522 5472 3611 5539 qui
3646 5487 3706 5527 se
3726 5486 3907 5527 aman-

2334 5579 2440 5620 tein
2484 5574 2649 5629 amat,
2695 5562 2825 5617 nihil
2855 5566 3032 5635 magni
3064 5565 3239 5621 facere
3282 5566 3492 5619 videtur
3516 5581 3529 5615 :
3557 5564 3648 5631 qui
3680 5578 3812 5617 vero
3854 5579 3907 5619 se

2332 5655 2601 5712 odientem
2626 5653 2774 5718 colit,
2804 5654 2890 5710 hic
2918 5658 3150 5714 maxime
3172 5666 3255 5713 est
3274 5657 3362 5726 qui
3383 5666 3686 5731 coronatur.
3709 5653 3908 5709 Eodem

2335 5760 2546 5819 quoque
2568 5744 2727 5800 modo
2752 5755 2808 5802 tu
2835 5757 3011 5803 tecum
3034 5758 3242 5820 reputa,
3270 5746 3411 5818 quod
3440 5746 3486 5803 si
3514 5746 3907 5805 molsstumtibi
