4066 6332
188 351 296 409 219

187 466 388 534 ἐπάγει
418 466 519 537 τὴν
546 466 855 538 διόρθωσιν,
890 468 1080 537 λέγων’
1112 469 1282 538 Πλὴν
1306 470 1445 522 οὔτε
1476 467 1634 536 ἀνὴρ
1663 485 1775 537 χω-

179 550 281 616 ρίς
302 550 613 620 γυναικὸς,
646 553 786 607 οὔτε
811 551 967 622 τυνὴ
1012 555 1190 623 χωρίς
1218 553 1439 621 ἀνδρὸς
1462 554 1532 605 ἐν
1559 552 1771 621 Κυρίῳ.

184 634 279 703 Μὴ
330 634 442 705 γάρ
490 651 603 705 μοι,
649 637 804 705 φησὶ,
845 638 915 690 τὰ
946 636 1141 707 πρῶτα
1183 637 1403 701 ἐξέταξε
1442 637 1600 706 μόνα.
1643 636 1780 704 μηδὲ

180 715 287 784 τὴν
311 717 674 787 δημιουργίαν
703 717 936 789 ἐκείνην
974 718 1040 772 ἂν
1072 719 1182 790 γὰρ
1210 718 1280 771 τὰ
1313 720 1453 788 μετά
1479 716 1652 771 ταῦτα
1682 720 1780 786 ζη-

181 802 309 867 τῇς,
340 802 603 871 ἑκάτερος
637 801 900 872 ἐκατέρου
932 801 1125 865 αἴτιος,
1157 802 1361 871 μᾶλλον
1380 801 1437 854 δὲ
1462 802 1580 854 οὐδὲ
1606 799 1779 863 οὕτως

182 884 451 955 ἑκάτερος
490 885 773 956 ἐκατέρου,
801 885 917 938 ἀλλ’
938 887 967 938 6
998 884 1133 948 Θεὸς
1169 885 1426 939 ἁπάντων
1448 902 1460 913 ·
1487 884 1567 937 διό
1592 900 1775 955 φησιν,

186 967 345 1021 οὔτε
372 966 527 1036 ἀνὴρ
550 967 729 1036 χωρίς
755 968 1055 1037 γυναικὸς.
1094 968 1237 1023 οὔτε
1272 967 1428 1038 τυνὴ
1466 966 1642 1035 χωρίς
1669 966 1779 1019 ἀν-

184 1050 335 1120 δρὸς
361 1052 433 1105 έν
465 1053 680 1119 κυρίῳ»
711 1053 939 1119 Ὥσπερ
967 1054 1078 1121 γὰρ
1128 1053 1166 1119 ἠ
1217 1049 1372 1121 γυνὴ
1422 1051 1492 1103 ἐκ
1528 1049 1635 1102 τοῦ
1668 1050 1776 1102 ἀν-
1798 1073 1819 1095 ο

183 1134 353 1203 δρὸς,
381 1135 538 1189 οὕτω
568 1134 722 1189 καίό
758 1134 913 1204 ἀνὴρ
941 1134 1041 1188 διὰ
1073 1133 1185 1202 τῆς
1220 1136 1523 1203 γυναικός.
1560 1133 1675 1185 Ούκ
1703 1128 1779 1185 εἶ-

186 1235 315 1275 πεν.
348 1218 444 1272 Ἐκ
458 1220 559 1290 τῆς
588 1219 868 1287 γυναικὸς,
896 1218 1032 1272 ἀλλά
1056 1218 1241 1283 πάλιν,
1285 1219 1379 1270 Ἐκ
1403 1217 1510 1271 τοῦ
1533 1217 1774 1285 ἀνδρός·

183 1304 268 1355 ἔτι
308 1304 420 1373 γὰρ
453 1302 586 1355 αὐτὸ
628 1302 789 1355 τοῦτο
819 1302 1078 1373 ἀκέραιον
1112 1302 1263 1371 μένει
1306 1300 1462 1370 παρᾶ
1491 1301 1569 1369 τῷ
1600 1301 1774 1370 ἀνδρί.

198 1385 346 1438 Ἀλλ’
374 1386 435 1438 οὐ
473 1385 567 1438 τοῦ
608 1384 800 1456 ἀνδρὸς
848 1384 1027 1437 ταῦτα
1067 1386 1137 1436 τὰ
1182 1382 1609 1453 κατορθώματα,
1639 1384 1778 1437 ἀλλὰ

181 1467 281 1522 τοῦ
320 1468 476 1522 Θεοῦ·
523 1468 604 1521 διὸ
652 1468 744 1520 καὶ
791 1467 1060 1537 ἐπήγαγε,
1106 1466 1184 1521 Τὰ
1211 1466 1281 1520 δὲ
1308 1464 1508 1518 πάντα
1549 1466 1619 1520 ἐκ
1668 1464 1778 1519 τοῦ

183 1553 363 1608 Θεοῦ.
387 1553 451 1605 Εἰ
471 1551 653 1604 τοίνυν
678 1548 773 1603 τοῦ
798 1549 935 1604 Θεοῦ
965 1552 1033 1604 τὰ
1058 1552 1258 1615 πάντα,
1289 1549 1455 1612 αὐτὸς
1480 1549 1535 1603 δέ
1562 1548 1776 1603 κελεύει

179 1637 377 1697 ταῦτα,
414 1634 602 1687 πείθου
653 1635 749 1687 καὶ
783 1634 857 1702 μὴ
886 1632 1158 1702 ἀντίλεγε.
1221 1634 1324 1687 Ἐν
1380 1632 1523 1701 ὑμῖν
1571 1630 1777 1697 αὐτοῖς

180 1720 450 1787 κρίνατε,
494 1716 729 1787 πρέπον
776 1717 911 1771 ἐστὶ
958 1717 1216 1785 γυναῖκα
1267 1718 1777 1772 ἀκατακάλυπτον

181 1800 263 1867 τῷ
305 1799 428 1866 Θεῷ
464 1802 955 1870 προσεύχεσθαι;
993 1802 1164 1855 Πάλιν
1191 1801 1392 1864 αὐτοὺς
1432 1798 1644 1862 καθίζει
1694 1798 1776 1853 δι-

181 1887 397 1949 καστάς
423 1885 533 1939 τῶν
563 1885 895 1957 λεγομένων,
919 1886 1055 1957 ὅπερ
1096 1886 1191 1940 καὶ
1222 1885 1317 1937 ἐπὶ
1349 1886 1457 1939 τῶν
1490 1884 1775 1938 εἰδωλοθύ-

180 1988 292 2023 των
327 1970 574 2039 ἐποίησε·
619 1970 715 2021 καὶ
740 1969 849 2039 γὰρ
894 1970 1012 2021 ἐκεῖ
1064 1986 1221 2039 φησι,
1246 1968 1499 2036 Κρίνατε
1531 1968 1702 2037 ὑμεῖς
1741 1968 1777 2022 ὅ

180 2070 369 2123 φημιι
408 2055 501 2106 καὶ
540 2053 797 2115 ἐνταῦθα,
843 2055 941 2107 Ἐν
965 2053 1110 2124 ὑμῖν
1143 2054 1351 2119 αὐτοῖς
1386 2055 1645 2121 κρίνατε·
1680 2053 1773 2105 καί

179 2154 233 2189 τι
268 2135 650 2207 φοϐερώτερον
694 2134 991 2189 αἰνίττεται
1016 2136 1271 2189 ἐνταῦθα·
1313 2135 1414 2207 τὴν
1463 2135 1573 2206 γὰρ
1598 2134 1773 2206 ’ὓϐριν

182 2218 425 2272 ἐνταῦθα
460 2220 541 2282 είς
580 2219 673 2273 τὸν
707 2218 840 2272 Θεόν
876 2235 1011 2289 φησι
1051 2217 1372 2273 διαϐαίνειν.
1437 2218 1579 2271 Ἀλλ’
1629 2217 1774 2272 οὕτω

182 2304 283 2371 μὲν
316 2302 379 2354 οῦ
410 2319 598 2372 φησιν,
626 2301 977 2373 ἡμερώτερον
1012 2301 1071 2354 δέ
1104 2319 1221 2364 πως
1248 2304 1344 2354 καὶ
1372 2302 1773 2373 αἰνιγματωδέ-

182 2404 377 2457 στερον
429 2387 623 2454 λέγων⁹
658 2386 899 2454 Πρέπον
937 2385 1070 2439 ἐστὶ
1110 2386 1366 2455 γυναῖκα
1395 2384 1774 2441 ἀκατακάλυ-

178 2487 337 2524 πτον
366 2469 448 2535 τῷ
482 2467 605 2534 Θεῷ
632 2470 1081 2539 προσεύχεσθαι
1105 2485 1123 2533 ;
1158 2472 1235 2525 ’Ἡ
1258 2469 1402 2523 οὐδὲ
1422 2470 1573 2537 αὕτη
1597 2470 1634 2537 ἡ
1663 2469 1775 2537 φύ-

178 2570 283 2618 σις
344 2552 506 2621 ὑμᾶς
563 2551 855 2617 διδάσκει,
904 2551 995 2604 ὅτι
1053 2553 1210 2619 ἀνὴρ
1253 2551 1372 2620 μὲν
1427 2553 1537 2604 ἐὰν
1594 2549 1770 2620 κομᾷ,

176 2636 386 2704 ἀτιμία
419 2632 580 2699 αὑτῷ
610 2635 759 2687 ἐστι’
790 2632 946 2702 γυνὴ
975 2632 1044 2685 δὲ
1076 2633 1185 2685 ἐὰν
1220 2632 1395 2700 κομᾷ,
1434 2633 1586 2697 δόξα
1617 2632 1773 2701 αὐτῇ

178 2720 311 2772 ἐστι
332 2734 352 2781 ;
382 2716 473 2768 ὅτι
496 2716 534 2783 ἠ
558 2717 710 2784 κόμη
734 2713 867 2770 ἀντὶ
893 2715 1278 2781 περιϐολαίου
1315 2714 1553 2769 δέδοται
1592 2713 1769 2782 αὐτῇ.

182 2802 366 2870 Ὅπερ
395 2799 483 2851 άεὶ
516 2799 679 2863 ποιεῖ,
705 2799 918 2860 κοινοὺς
941 2796 1233 2867 λογισμοὺς
1258 2796 1448 2862 τιθεὶς,
1486 2796 1647 2850 τοῦτο
1678 2798 1775 2850 καὶ

179 2881 423 2936 ἐνταῦθα
464 2879 615 2954 [εδδ]
657 2880 971 2952 ἐργάζεται,
1009 2882 1104 2933 ἐπὶ
1131 2880 1229 2950 τὴν
1261 2880 1448 2950 κοινὴν
1485 2879 1775 2950 συνήθειαν

181 2965 568 3035 καταφεύγων,
601 2964 697 3018 καὶ
732 2964 939 3037 σφόδρα
969 2963 1248 3036 ἐντρέπων
1300 2964 1428 3024 τοὺς
1475 2963 1775 3034 ἀναμένονο

179 3068 281 3114 τας
313 3052 491 3104 ταῦτα
520 3048 811 3120 μανθάνειν
846 3048 980 3119 παρ’
1008 3047 1198 3114 αὐτοῦ,
1222 3047 1257 3102 ἃ.
1283 3049 1381 3101 καὶ
1405 3048 1513 3100 ἀπὸ
1535 3047 1638 3117 τῆς
1662 3064 1777 3102 κοι-

179 3131 281 3200 νῆς
344 3128 636 3202 συνηθείας
694 3128 920 3181 δυνατὸν
1161 3125 1473 3196 μανθάνεινο
1536 3126 1605 3179 τὰ
1664 3126 1777 3198 γὰρ

178 3210 432 3274 τοιαῦτα,
486 3209 610 3264 οὔτε
669 3209 965 3281 βαρϐάροις
1017 3210 1293 3276 ἄγνωστα.
1354 3209 1464 3260 Καὶ
1508 3209 1610 3277 ὅρα
1658 3209 1776 3271 πῶς

181 3292 465 3365 πανταχοῦ
519 3292 837 3364 πληκτικῶς
896 3294 1162 3363 κέχρηται
1229 3293 1351 3354 ταῖς
1388 3289 1598 3355 λέξεσιο
1649 3290 1776 3357 Πᾶς

181 3378 343 3446 ἀνὴρ
375 3378 867 3447 προσευχόμενος
920 3376 1397 3428 κατακαλύπτειν
1427 3373 1616 3428 αὐτοῦ
1662 3374 1777 3442 τὴν

182 3461 486 3531 κεφαλὴν,
534 3461 924 3528 καταισχύνει
979 3458 1094 3527 τὴν
1127 3458 1407 3527 κεφαλὴν
1438 3458 1655 3513 αὐτοῦ’
1682 3459 1776 3512 καὶ

184 3546 376 3609 πάλιν,
406 3546 476 3597 El
505 3542 573 3596 δὲ
599 3545 857 3611 αἰσχρὸν
888 3543 1125 3611 γυναικί
1162 3544 1465 3611 κείρεσθαι
1502 3542 1542 3610 ἢ
1592 3541 1776 3610 ξιφᾶ-

185 3630 349 3691 σθαι,
376 3625 952 3679 κατακαλυπτέσθω·
996 3626 1091 3678 καὶ
1118 3624 1354 3678 ἐνταῦθα
1390 3624 1572 3688 πάλιν,
1605 3624 1775 3691 Ἀνὴρ

181 3707 299 3776 μὲν
339 3706 450 3760 ἐὰν
477 3704 653 3775 κομᾷ,
687 3706 886 3774 ἀτιμία
919 3705 1078 3769 αὐτῷ
1116 3705 1248 3759 ἐστι
1280 3720 1291 3732 ·
1351 3704 1506 3773 γυνὴ
1560 3704 1629 3757 δὲ
1667 3704 1777 3757 ἐὰν

187 3787 363 3859 κομᾷ,
403 3789 555 3853 δόξα
578 3787 732 3855 αὐτῆ
763 3789 955 3853 ἐστιν,
983 3787 1073 3841 ὅτι
1103 3788 1140 3855 ἡ
1174 3789 1326 3855 κόμη
1376 3786 1512 3841 ἀντὶ
1546 3788 1777 3856 περιϐο-

184 3875 367 3931 .Ialov
423 3872 679 3929 δέδοται.
720 3874 829 3927 Kal
877 3876 927 3924 εἰ
974 3872 1098 3926 ἀντὶ
1143 3869 1493 3940 περιϐολαίου
1543 3869 1772 3935 δέδοται,

186 3958 344 4027 φησὶ,
367 3956 513 4019 τίνος
553 3956 737 4009 ἕνεκεν
767 3956 848 4008 δεῖ
885 3954 1231 4026 περιϐόλαιον
1269 3952 1775 4025 ἓτερον-προστιθέ-

188 4057 275 4092 ναι
297 4056 315 4106 ;
337 4039 503 4091 Ὥστε
537 4040 613 4108 μὴ
645 4037 755 4092 ἀπὸ
792 4040 891 4107 τῆς
929 4037 1145 4106 φύσεως
1179 4038 1359 4107 μόνον,
1386 4037 1521 4090 ἀλλά
1548 4040 1640 4089 καὶ
1668 4036 1776 4089 ἀπὸ

184 4126 288 4193 τῆς
319 4120 693 4190 προαιρέσεως
721 4120 820 4189 τὴν
856 4121 1137 4189 ὑποταγὴν
1169 4121 1475 4189 ὁμολογεῖν.
1512 4121 1634 4173 Ὅτι
1665 4121 1774 4192 γὰρ

182 4207 269 4259 δεῖ
298 4220 358 4255 σε
397 4202 794 4265 καλύπτεσθαι,
823 4202 1168 4274 προλαϐοῦσα
1196 4205 1289 4255 καὶ
1320 4204 1355 4273 ἡ
1386 4202 1550 4271 φύσις
1579 4205 1771 4272 ἐνομο-

186 4286 405 4356 θέτησε.
433 4286 721 4357 Προστίθει
743 4288 919 4340 τοίνυν
944 4287 1037 4339 καὶ
1055 4288 1123 4339 τὰ
1146 4285 1297 4356 παρὰ
1322 4286 1547 4355 σαυτῆς.
1585 4286 1671 4337 ἵνα
1698 4285 1773 4357 μὴ

183 4368 346 4440 δόξῃς
375 4371 470 4423 καὶ
497 4374 622 4433 τοῦς
646 4370 747 4440 τῆς
778 4368 994 4437 φύσεως
1028 4368 1363 4439 ἀνατρέπειν
1394 4369 1609 4438 νόμους·
1636 4370 1774 4439 ὅπερ

184 4451 391 4521 πολλῆς
440 4453 587 4503 ἐστιν
625 4453 969 4523 ίταμότητος,
1014 4452 1089 4522 μὴ
1124 4452 1285 4522 μόνον
1307 4451 1460 4521 ἡμῖν,
1503 4452 1638 4504 ἀλλά
1680 4454 1774 4506 καὶ

181 4539 251 4608 τῇ
282 4537 447 4605 φύσει
486 4536 799 4592 πυκτεύειν.
828 4536 918 4590 Διὸ
949 4538 1044 4590 καὶ
1085 4530 1358 4600 Ἰουδαίοις
1386 4535 1416 4587 6
1444 4534 1577 4598 Θεὸς
1610 4537 1777 4603 ἐγκα-

184 4618 293 4673 λῶν
322 4620 530 4686 ἔλεγεν,
562 4619 870 4688 Ἐσςραξας
897 4620 1041 4686 τοὺς
1068 4620 1237 4685 υἱούς
1263 4626 1380 4673 σου
1402 4617 1501 4670 καί
1536 4618 1644 4684 τὰς
1671 4622 1773 4672 θυ-

185 4703 442 4775 γατέρας
478 4717 617 4756 σου·
654 4704 831 4757 τοῦτο
864 4703 1023 4770 παρὰ
1052 4704 1250 4758 πάντα
1284 4703 1355 4756 τὰ
1381 4701 1774 4772 βδελύτματὰ

184 4801 328 4841 σου.
361 4788 473 4840 Kal
502 4787 616 4848 τοῖς
648 4788 797 4857 παρά
829 4787 1120 4856 Ῥωμαίοις
1145 4786 1525 4855 ἀσελγαίνουσι
1557 4788 1718 4840 πάλιν
1744 4792 1774 4841 6

191 4869 405 4933 Παῦλος
450 4869 742 4938 ἐπιτιμῶν,
773 4868 943 4933 οὕτως
990 4868 1144 4937 αὔξει
1185 4870 1284 4940 τὴν
1320 4870 1656 4940 κατηγορίαν
1688 4872 1774 4924 λέ-

186 4970 323 5021 γων,
353 4954 440 5007 ὅτι
458 4955 522 5007 οὐ
548 4951 700 5023 παρά
729 4952 893 5023 νόμον
917 4953 1008 5005 τὸν
1032 4954 1128 5006 τοῦ
1149 4953 1286 5007 Θεοῦ
1312 4954 1495 5023 μόνον,
1517 4955 1653 5008 ἀλλά
1680 4957 1772 5009 καὶ

189 5035 342 5106 παρὰ
368 5035 532 5104 φύσιν
568 5039 603 5105 η
627 5034 824 5106 κρῆσις
844 5031 931 5106 ἦν’
968 5035 1345 5101 ἐνήλλαξαν
1379 5038 1490 5105 γὰρ
1518 5037 1632 5105 τὴν
1661 5056 1772 5106 φυ-

188 5114 380 5181 σικὴν
410 5116 635 5186 χρῆσιν
672 5118 760 5181 είς
799 5116 915 5184 τὴν
939 5117 1098 5185 παρὰ
1128 5116 1336 5186 φύσιν.
1372 5119 1471 5171 Διά
1510 5118 1575 5189 δὴ
1616 5118 1774 5172 τοῦτο

189 5198 287 5253 καί⁵
306 5197 543 5250 ἐνταῦθα
562 5197 752 5251 τοῦτον
787 5200 1050 5268 γυμνάζει
1074 5200 1166 5259 τὸν
1198 5201 1378 5269 λόγον,
1412 5202 1571 5255 τοῦτό
1594 5220 1653 5255 τε
1682 5206 1774 5256 αύ-

188 5284 248 5337 τὺ
294 5281 531 5343 δεικνὺς,
561 5282 658 5334 καὶ
702 5281 783 5333 ὅτι
832 5284 984 5337 οὐδὲν
1026 5283 1177 5350 ξένον
1210 5286 1511 5353 νομοτεθεῖ,
1548 5287 1641 5339 καὶ
1689 5289 1771 5340 ὃτι

188 5367 321 5438 παρ’
344 5362 577 5432 Ἕλλησι
608 5362 680 5414 τά
714 5362 815 5429 τῆς
846 5366 1196 5438 καινοτομίας
1224 5367 1441 5422 ἅπαντα
1486 5369 1585 5439 τῆς
1620 5371 1771 5440 παρά

188 5450 373 5520 φύσιν.
406 5446 565 5501 Οὕτω
596 5446 692 5497 καὶ
751 5448 780 5498 6
821 5448 1057 5517 Χριστὸς
1107 5452 1266 5505 τοῦτο
1300 5453 1515 5513 δεικνὺς
1559 5454 1767 5520 είλεγεν⁸

190 5531 347 5585 Ὅσα
385 5530 497 5584 ἐὰν
526 5526 741 5599 θέλητε
771 5528 872 5581 ἵνα
904 5530 1159 5586 ποιῶσιν
1188 5534 1329 5603 ὑμῖν
1364 5538 1417 5588 οί
1446 5534 1765 5605 ἅνθρωποι,

188 5616 285 5669 καί
320 5613 494 5684 ὑμεῖς
526 5610 747 5667 ποιεῖτε
766 5612 992 5678 αὐτοῖς·
1032 5614 1209 5683 δηλῶν
1255 5620 1341 5671 ὅτι
1383 5620 1537 5672 οὐδὲν
1579 5620 1767 5673 καινὸν

185 5699 495 5765 ὁπεισάγει.
520 5697 590 5750 El
617 5694 686 5749 δέ
709 5712 798 5762 τις
824 5694 997 5749 δοκεῖ
1016 5700 1354 5766 φιλόνεικος
1384 5699 1560 5765 εῖναι,
1595 5703 1766 5771 ἡμεῖς

189 5782 479 5846 τοιαύτην
504 5778 836 5846 συνήθειαν
854 5780 966 5833 οὐκ
997 5779 1237 5848 ἔχομεν,
1262 5782 1404 5835 οὐδέ
1428 5788 1486 5838 ai
1518 5786 1766 5851 Ἐκκλη-

185 5864 313 5916 σίαι
351 5862 457 5916 τοῦ
488 5861 835 5940 Θεοῦ.ξΛρα
856 5864 1184 5935 φιλονεικίας
1209 5864 1268 5918 τὸ
1290 5866 1610 5924 ἀντιτείνειν
1636 5870 1757 5927 τού-

1157 352 1225 409 IN
1262 350 1481 408 EPIST.
1534 354 1554 408 I
1613 350 1704 406 AD
1741 349 1899 407 COR.
1942 350 2180 406 HOMIL.
2223 353 2415 410 XXVI.

3353 358 3473 415 2‘30

1881 483 2014 532 τοις,
2050 468 2143 521 καὶ
2173 469 2235 521 οὐ
2265 469 2549 539 λογισμοῦο
2574 470 2715 541 πλὴν
2736 470 2870 523 ἀλλὰ
2900 472 2991 523 καὶ
3011 468 3155 522 οὓτω
3185 482 3476 543 μεμετρη-Δ

1884 550 2053 619 μένην
2088 550 2190 621 τὴν
2224 552 2540 622 ἐπιτίμησιν
2559 552 2803 623 ἐποίησε,
2826 553 3048 608 πλείονα
3069 551 3170 622 τὴν
3196 552 3463 626 ἐντροπὴν

1879 632 2077 695 ἐνθεὶς,
2103 633 2132 685 δ
2174 633 2238 705 δὴ
2265 636 2361 689 καὶ
2391 634 2693 708 βαρύτερον
2722 637 2897 688 ἐποίει
2933 634 3025 688 τὸν
3052 635 3231 704 λόγον.
3268 638 3462 707 Ἡμεῖς

1878 718 2007 783 γὰρ.
2059 717 2214 787 φησὶ,
2273 718 2528 787 τοιαύτην
2579 718 2868 787 συνήθειαν
2924 719 3025 772 οὐκ
3066 718 3285 789 ἔχομεν,
3319 717 3461 773 ὥστε

1879 798 2200 866 φιλονεικεῖν
2273 802 2366 855 καὶ
2430 802 2631 872 ἐρίζειν
2694 802 2786 854 καὶ
2844 801 3279 856 ἀντιτάττεσθαι.
3350 802 3463 856 Kal

1869 883 1998 935 οὐδὲ
2038 883 2203 955 μέχρι
2235 886 2428 939 τούτου
2462 885 2611 954 ἔστη,
2660 884 2795 939 ἀλλά
2828 887 2922 939 καὶ
2962 887 3264 956 ἐπήγαγεν,
3307 884 3464 940 Οὐδὲ

1877 969 1937 1020 al
2002 967 2351 1035 Ἐκκλησίαι
2406 969 2513 1024 τοῦ
2572 970 2721 1023 Θεοῦ
2752 985 2765 997 ⁸
2797 970 3011 1033 δεικνὺς
3059 970 3141 1023 ὅτι
3189 969 3339 1042 πάσῃ
3393 972 3461 1039 τῇ

1877 1050 2171 1122 οἰκουμένῃ
2226 1052 2609 1105 ἀντιπίπτουσι
2671 1052 2765 1105 καὶ
2823 1052 3215 1117 ἐναντιοῦνται,
3272 1054 3347 1123 μὴ
3395 1054 3465 1105 εἴ·

1878 1151 2085 1197 κοντες.
2127 1134 2269 1189 Ἀλλ’
2312 1137 2361 1187 εί
2393 1138 2487 1189 καὶ
2520 1136 2639 1189 τότε
2679 1135 3045 1205 ἐφιλονείκουν
3084 1139 3131 1189 οἱ
3162 1136 3461 1207 Κορίνθιοι,

1877 1216 1975 1270 νῦν
2012 1219 2164 1271 πᾶσα
2213 1221 2246 1287 ὴ
2292 1220 2584 1290 οἰκουμένη
2632 1219 2723 1271 τὸν
2750 1219 2913 1290 νόμον
2964 1218 3153 1272 τοῦτον
3200 1221 3296 1272 καὶ
3334 1236 3464 1273 κατ·

1878 1301 2093 1367 εδέξατο
2138 1304 2228 1355 καί
2277 1303 2545 1371 ἐφύλαξεο
2573 1303 2812 1373 τοσαύτη
2852 1302 2949 1357 τοῦ
2984 1302 3394 1372 σταυρωθέντος
3427 1306 3460 1372 ἠ

1876 1384 2124 1455 δύναμις.

1951 1467 2023 1533 ς’.
2045 1470 2201 1524 Ἀλλά
2220 1472 2451 1526 δέδοικα.
2473 1474 2685 1542 μήποτε
2710 1473 2771 1527 τὸ
2792 1473 2978 1544 σχῆμα
3002 1471 3461 1542 καταδεξάμεναι,

1876 1552 1969 1605 ἐπὶ
1998 1551 2107 1605 τῶν
2138 1552 2316 1623 ἔργων
2350 1555 2649 1625 εὑρεθῶσιν
2678 1557 3137 1626 ἁναισχιιντοῦσαι
3185 1555 3321 1609 ἔνιαι
3355 1556 3464 1609 τῶν

1875 1634 2172 1703 γυναικῶν,
2217 1638 2311 1689 καὶ
2365 1638 2886 1708 ἀνακεκαλυμμέναι
2922 1640 3146 1708 ἑτέρως.
3196 1639 3297 1692 Διά
3355 1640 3465 1708 γάρ

1875 1719 2033 1772 τοῦτο
2064 1720 2159 1771 καὶ
2190 1718 2442 1790 Τιμοθέῳ
2473 1720 2701 1791 γράφων
2746 1722 2847 1772 οὐκ
2896 1720 3144 1791 ἠρκέσθη
3186 1721 3399 1785 τούτοις
3436 1725 3484 1788 6,

1878 1803 2112 1867 Παυλος,
2154 1802 2265 1857 ἀλλ’
2314 1803 2479 1874 ἐτερα
2515 1803 2859 1873 προσέθηκεν
2889 1802 3088 1855 εἰπών·
3153 1805 3256 1856 Ἔν
3283 1820 3464 1857 κατα-

1876 1884 2071 1953 στολῇ
2110 1887 2341 1955 κοσμίῳ
2360 1885 2512 1954 μετὰ
2554 1886 2762 1952 αἰδοῦς
2788 1886 2886 1940 καί
2922 1887 3335 1954 σωφροσύνης
3363 1903 3464 1939 κο-

1876 1970 2055 2039 σμεῖν
2074 1971 2324 2036 ἑαυτὰς,
2349 1971 2435 2040 μὴ
2466 1971 2537 2025 ἐν
2569 1971 2913 2039 πλέγμασιν
2944 1971 2983 2037 ἢ
3011 1967 3240 2039 χρυσῷ.
3261 1970 3324 2023 Εἰ
3347 1984 3456 2040 γαρ

1875 2053 2088 2123 γυμνὴν
2111 2054 2171 2107 οὐ
2200 2054 2280 2108 δεῖ
2299 2057 2399 2125 τὴν
2425 2055 2670 2126 κεφαλὴν
2696 2054 2861 2127 ἔχειν,
2888 2054 3024 2108 ἀλλά
3064 2055 3164 2125 τῆς
3186 2054 3464 2125 ὑποταγῆς

1875 2136 1935 2186 τὸ
1989 2135 2260 2204 σύμϐολον
2320 2139 2599 2208 πανταχοῦ
2635 2139 2981 2209 περιφέρειν,
3032 2136 3214 2208 πολλῷ
3264 2137 3478 2209 μᾶλλον

1874 2220 1961 2271 διὰ
2003 2220 2113 2272 τῶν
2162 2221 2417 2288 πράξεων
2467 2222 2629 2276 τοῦτο
2672 2223 3080 2277 ἐπιδείκνυσθαι
3139 2225 3269 2294 χρή.
3308 2220 3465 2277 Οὕτω

1875 2302 2005 2369 γοῦν
2037 2305 2127 2356 καὶ
2174 2307 2229 2356 αἱ
2288 2302 2439 2375 [ἐῦϐ]
2491 2306 2755 2376 πρότεραι
2810 2308 3071 2373 γυναῖκες
3104 2307 3198 2358 καὶ
3239 2306 3463 2375 κυρίους

1873 2386 2000 2448 τοὺς
2024 2385 2219 2457 ἄνδρας
2247 2387 2499 2447 ἐκάλουν,
2533 2389 2628 2440 καὶ
2656 2388 2767 2439 τῶν
2794 2390 3080 2459 πρωτείων
3108 2389 3292 2452 αὐτοῖς
3320 2407 3465 2459 παρ-

1875 2467 2133 2538 εχώρουν.
2177 2470 2287 2522 Καὶ
2317 2470 2425 2540 γὰρ
2449 2472 2670 2532 ἐκεῖνοι,
2706 2471 2861 2539 φησὶ,
2889 2470 2988 2531 τὰς
3028 2472 3291 2536 γυναῖκας
3323 2472 3460 2540 ἠγά-

1876 2568 1996 2603 πων
2035 2552 2135 2615 τάς
2184 2552 2416 2606 ἑαυτῶν.
2450 2551 2582 2605 Οἶδα
2628 2553 2806 2619 κάγὼ,
2838 2553 2932 2604 καὶ
2963 2553 3063 2604 οὐκ
3095 2552 3309 2619 ἀγνοῶ·
3347 2554 3463 2605 ἀλλ’

1874 2633 2003 2686 ὃταν
2026 2636 2165 2705 ὑπὲρ
2189 2636 2299 2688 τῶν
2335 2653 2418 2689 σοι
2448 2636 2838 2707 προσηκόντων
2871 2634 3253 2705 παραινῶμεν,
3294 2636 3368 2704 μὴ
3395 2637 3464 2687 τὰ

1874 2717 2098 2770 ἐκείνων
2135 2720 2351 2773 σκόπει.
2409 2722 2520 2773 Kal
2576 2722 2687 2792 γὰρ
2725 2721 2853 2772 ὅταν
2902 2720 3061 2773 παισὶ
3106 2718 3463 2789 παραινῶμεν

1875 2799 2175 2853 ὑπακούειν
2218 2803 2439 2869 γονεῦσι
2489 2804 2764 2870 λέγοντες,
2797 2805 2880 2855 ὅτι
2924 2805 3275 2872 γέγραπται,
3323 2806 3465 2872 Τίμα

1874 2882 1983 2936 τὸν
2034 2882 2259 2951 πατέρα
2297 2899 2415 2937 σου
2466 2885 2566 2937 καί
2628 2884 2746 2949 τὴν
2789 2884 3025 2952 μητέρα
3056 2899 3195 2948 σου,
3244 2879 3464 2952 Ῑέγουσι

1875 2966 2012 3036 πρὸς
2040 2967 2207 3037 ἡμᾶς,
2232 2966 2367 3020 Είπέ
2395 2970 2487 3021 καὶ
2528 2968 2597 3022 τὰ
2628 2967 2777 3038 ἐξῆς,
2819 2969 2900 3020 ὅτι
2926 2968 3035 3021 Kal
3072 2969 3260 3037 ὑμεῖς,
3284 2971 3340 3021 οἱ
3360 2986 3469 3036 τοι

1874 3049 2020 3116 νεῐς,
2054 3049 2142 3118 μὴ
2193 3048 2573 3120 παροργίζετε
2600 3052 2674 3105 τὰ
2720 3050 2901 3104 τέκνα
2922 3067 2935 3082 ο
2978 3049 3073 3106 καὶ
3112 3052 3225 3112 τοῖς
3255 3048 3463 3111 δούλοις

1876 3133 2003 3185 ὅταν
2029 3134 2293 3203 εἴπωμεν,
2323 3135 2404 3186 ὃτι
2428 3134 2741 3204 γέγραπται
2764 3132 3066 3187 ὑπακούειν
3088 3135 3199 3197 τοῖς
3228 3134 3460 3203 κυρίοις,

1877 3218 1971 3269 καὶ
2016 3216 2092 3287 μὴ
2130 3220 2250 3270 κατ’
2285 3217 2778 3288 ὀφθαλμοδουλείαν
2826 3218 3120 3281 δουλεύειν,
3178 3218 3271 3270 καὶ
3309 3216 3465 3270 αὐτοὶ

1878 3298 2040 3352 πάλιν
2068 3299 2137 3351 τά
2185 3299 2312 3370 ἑξῆς
2345 3302 2495 3370 ἡμᾶς
2519 3298 2836 3363 ἀπαιτοῦσι,
2868 3300 3181 3363 κελεύοντες
3211 3303 3308 3353 καὶ
3349 3305 3463 3362 τοῖς

1875 3382 2162 3445 δεσπόταις
2194 3382 2264 3434 τά
2291 3381 2432 3435 αύτά
2462 3384 2767 3452 παραινεῖν.
2812 3384 2921 3434 Kal
2967 3385 3076 3452 γὰρ
3106 3383 3201 3435 καὶ
3230 3386 3461 3447 ἐκείνοις

1876 3468 1906 3520 6
1955 3466 2165 3530 Παῦλος
2220 3462 2500 3527 ἐκέλευσε,
2552 3468 2737 3536 φησὶν,
2793 3469 3000 3520 ἀνιέναι
3058 3469 3158 3537 τὴν
3206 3460 3459 3539 ἀπειλήν.

1890 3550 2050 3603 Ἀλλά
2083 3549 2157 3620 μὴ
2196 3548 2341 3603 οὕτω
2385 3549 2651 3619 ποιῶμεν,
2691 3550 2825 3620 μηδὲ
2862 3549 2931 3603 τὰ
2963 3550 3171 3621 ἑτέροις
3203 3550 3460 3604 ἐπιτετα-

1876 3634 2053 3704 γμένα
2095 3633 2370 3703 ζητῶμεν,
2417 3632 2546 3685 ὅταν
2587 3633 2727 3703 ὑπὲρ
2753 3633 2861 3685 τῶν
2894 3634 3177 3702 ἡμετέρων
3217 3634 3461 3702 ἐγκαλώο

1880 3717 2022 3789 μεθα
2041 3734 2054 3749 ο
2082 3717 2203 3770 οὐδὲ
2231 3717 2360 3786 γὰρ,
2382 3715 2448 3770 ἂν
2473 3718 2729 3770 κοινωνὸν
2750 3716 2919 3787 λάϐῃς
2945 3716 3056 3768 τῶν
3077 3718 3460 3789 ἐγκλημάτων,

1875 3802 2241 3873 ἀπαλλαγήσῃ
2269 3800 2373 3871 τῆς
2403 3800 2581 3863 αἰτίας
2601 3818 2615 3830 ·
2645 3799 2762 3853 ἀλλ’
2789 3799 2845 3852 ἓν
2874 3799 3067 3853 σκόπει
3097 3800 3279 3871 μόνον,
3311 3803 3461 3864 ὅπως

1875 3889 1944 3940 τὰ
1974 3888 2043 3939 σά
2084 3887 2409 3954 ἐγκλήματα
2456 3884 2725 3955 ἀποδύσῃ.
2772 3885 2927 3937 Ἐπεὶ
2971 3884 3068 3937 καὶ
3095 3886 3123 3937 6
3166 3884 3337 3954 Ἀδὰμ
3368 3886 3462 3938 ἐπὶ

1876 3968 1975 4040 τὴν
2004 3971 2241 4035 γυναῖκα
2268 3969 2368 4037 τὴν
2414 3968 2594 4021 αἰτίαν
2646 3968 2832 4037 έφερε,
2872 3968 2969 4021 καὶ
2998 3967 3135 4039 αῦτη
3171 3967 3332 4021 πάλιν
3366 3968 3461 4021 ἐπὶ

1876 4052 1967 4105 τὸν
2010 4052 2154 4119 ὅφιν,
2198 4050 2319 4104 ἀλλ’
2362 4051 2517 4102 οὐδὲν
2564 4050 2763 4112 αὐτοὺς
2818 4050 2977 4103 τοῦτο
3023 4051 3261 4115 ἐξείλετο
3282 4063 3329 4105 ι.
3367 4051 3460 4121 Μὴ

1875 4135 2053 4189 τοίνυν
2086 4133 2220 4205 μηδὲ
2249 4132 2314 4185 σὺ
2356 4130 2516 4185 τοῦτο
2565 4132 2691 4199 λέγε
2729 4148 2820 4201 μοι
2854 4132 2972 4196 νῦν,
3004 4131 3142 4184 ἀλλά
3189 4132 3459 4197 σπούδαζε

1879 4218 2017 4289 μετά
2042 4216 2465 4288 εὐγνωμοσύνης
2484 4216 2705 4285 ἀπάσης
2727 4214 3009 4286 παρέχειν,
3036 4216 3181 4286 ἆπερ
3200 4214 3453 4283 ὀφείλεις,

1874 4304 1952 4374 τῷ
2004 4301 2177 4372 ἀνδρί.
2243 4300 2398 4354 Ἐπεὶ
2445 4301 2540 4355 καὶ
2572 4302 2702 4354 ὅταν
2748 4298 2827 4369 τῷ
2860 4298 3016 4369 ἀνδρὶ
3061 4298 3140 4369 τῷ
3174 4298 3251 4369 σῷ
3280 4298 3458 4352 διαλέ⁴

1875 4402 2081 4456 γωμαι,
2109 4384 2497 4455 συμϐουλεύων
2529 4401 2588 4437 σε
2613 4385 2838 4454 ἀγαπᾷν
2866 4384 2959 4436 καὶ
2985 4384 3331 4452 θεραπεύειν,
3358 4385 3473 4437 οὑκ-

1874 4469 2076 4539 ἀφίημι
2114 4468 2278 4521 αὐτὸν
2312 4470 2664 4537 προενεγκεῖν
2698 4468 2777 4528 είς
2808 4466 2972 4535 μέσον
2999 4465 3090 4517 τὸν
3126 4468 3192 4535 τῇ
3236 4468 3457 4533 γυναικὶ

1875 4553 2128 4622 κείμενον
2153 4552 2341 4621 νόμον,
2366 4549 2501 4603 ἀλλὰ
2523 4550 2616 4602 τὸν
2637 4548 2787 4619 αὐτῷ
2807 4548 3195 4620 γεγραμμένον
3216 4550 3453 4601 ἀπαιτῶ.

1875 4636 1985 4689 Kal
2020 4635 2085 4687 σὺ
2118 4633 2299 4687 τοίνυν
2318 4633 2385 4687 τά
2415 4650 2498 4686 σοι
2529 4635 2878 4705 προσήκοντα
2902 4631 3268 4702 περιεργάζου
3299 4631 3455 4700 μόνα,

1876 4720 1971 4773 καὶ
2004 4720 2208 4788 πάρεχε
2241 4719 2445 4785 σαυτὴν
2475 4720 2689 4788 εύήνιον
2722 4718 2800 4787 τῷ
2828 4715 3183 4770 συνοικοῦντι.
3217 4717 3326 4768 Kal
3347 4715 3458 4785 γὰρ

1873 4805 1923 4855 εί
1966 4802 2055 4855 διὰ
2086 4801 2178 4855 τὸν
2206 4801 2340 4855 Θεὸν
2371 4800 2533 4873 πείθῃ
2562 4800 2640 4870 τῷ
2671 4801 2845 4871 ἀνδρὶ,
2883 4800 2955 4871 μή
2991 4815 3080 4868 μοι
3114 4798 3359 4869 πρόφερε
3387 4801 3456 4852 τὰ

1872 4886 2155 4956 ὀφείλοντα
2202 4886 2333 4955 παρ’
2373 4885 2538 4937 αὑτοῦ
2572 4884 2842 4952 γίνεσθαι.
2894 4884 3009 4937 ἀλλ’
3045 4875 3120 4936 ὧν
3156 4874 3472 4936 ὑπεύθυνόν.

1876 4987 1935 5023 σε
1986 4970 2241 5038 ἐποίησεν
2290 4970 2319 5020 6
2365 4968 2682 5037 νομοθέτης.
2730 4966 2905 5020 ταῦτα
2936 4966 3067 5020 ἄνυε
3103 4965 3243 5035 μετά
3293 4965 3455 5036 ἀκρι-

1874 5052 2044 5115 ϐείας.
2092 5051 2265 5104 Τοῦτο
2298 5052 2408 5121 γάρ
2456 5053 2572 5103 ἐστι
2616 5050 2850 5119 μάλιστα
2882 5048 3005 5118 Θεῷ
3053 5048 3361 5109 πείθεσθαι,
3396 5048 3463 5101 τὸ

1874 5134 1969 5188 καὶ
2001 5135 2219 5186 ἐναντία
2269 5134 2583 5201 πάσχουσαν
2620 5133 2694 5203 μὴ
2742 5134 3066 5202 παρακινεῖν
3118 5132 3209 5183 τὸν
3266 5131 3452 5199 νόμον.

1872 5219 1971 5272 Διά
2000 5217 2109 5289 γὰρ
2133 5216 2290 5270 τοῦτο
2319 5220 2345 5270 6
2378 5218 2477 5287 μὲν
2500 5217 2590 5271 τὸν
2621 5215 2878 5285 φιλοῦντα
2913 5214 3107 5283 φιλῶν,
3132 5214 3285 5267 οὐδὲν
3310 5214 3463 5267 δοκεῖ

1870 5319 1923 5354 τι
1960 5301 2103 5369 μέγα
2134 5304 2308 5353 ποιεῖν
2325 5318 2345 5342 ἰ
2368 5304 2398 5353 6
2425 5299 2481 5352 δέ
2510 5301 2601 5351 τὸν
2635 5299 2899 5369 μισοῦντα
2928 5297 3267 5369 θεραπεύων,
3300 5291 3463 5358 οὗτος

1876 5384 2111 5456 μάλιστα
2163 5386 2314 5438 ἐστιν
2351 5386 2380 5437 6
2410 5383 2865 5452 στεφανούμενος.
2912 5382 3017 5435 Τὸν
3043 5382 3207 5435 αὑτὸν
3236 5381 3300 5448 δὴ
3330 5379 3453 5450 τρό-

1872 5467 1974 5521 ¹ἴτον
2003 5467 2096 5520 καὶ
2143 5468 2209 5521 σὺ
2255 5465 2493 5535 λογίζου,
2531 5467 2612 5518 ὅτι
2651 5464 2717 5517 ἂν
2758 5464 2858 5532 μὲν
2900 5464 3159 5534 φορτικὸν
3203 5463 3331 5515 ὄντα
3360 5462 3452 5513 τὸν

1872 5552 2038 5621 ἄνδρα
2076 5550 2328 5622 ἐνέγκῃς,
2362 5550 2613 5619 λαμπρὸν
2641 5546 2787 5617 λήψῃ
2823 5546 2915 5597 τὸν
2960 5546 3223 5609 στέφανον
3244 5560 3261 5575 ο
3298 5542 3365 5595 ἂν
3392 5540 3451 5597 δὲ

1869 5636 2076 5705 ἥμερον
2105 5634 2197 5687 καὶ
2241 5634 2435 5703 πρᾶον,
2470 5633 2613 5693 τίνος
2655 5644 2738 5680 σοι
2784 5627 2946 5680 δώσει
2982 5624 3174 5696 μισθὸν
3202 5627 3230 5678 6
3279 5622 3460 5691 Θεόςεδ

1934 5884 1961 5913 ⁸
1991 5881 2134 5943 μοι,
2161 5879 2263 5927 ἀλλ’
2285 5878 2456 5927 οὐδένα
2479 5878 2633 5927 αὐτῶν
2654 5875 2796 5926 τοῦτο
2818 5876 3034 5934 ἐξείλετο.
