  <div class='ocr_page' id='page_1' title='image "/cluster/home/n/w/nwhite01/storage/ocr_20150623/61/pst.000005712618/228.png"; bbox 0 0 4086 6340; ppageno 0'>
   <div class='ocr_carea' id='block_1_1' title="bbox 192 370 296 429">
    <p class='ocr_par' dir='ltr' id='par_1_1' title="bbox 192 370 296 429">
     <span class='ocr_line' id='line_1_1' title="bbox 192 370 296 429; baseline -0.019 0"><span class='ocrx_word' id='word_1_1' title='bbox 192 370 296 429; x_wconf 67' lang='lat'><strong>99.!</strong></span> 
     </span>
    </p>
   </div>
   <div class='ocr_carea' id='block_1_2' title="bbox 194 568 1787 646">
    <p class='ocr_par' dir='ltr' id='par_1_2' title="bbox 194 568 1787 646">
     <span class='ocr_line' id='line_1_2' title="bbox 194 568 1787 646; baseline -0.006 -16"><span class='ocrx_word' id='word_1_2' title='bbox 194 584 409 630; x_wconf 86' lang='lat' dir='ltr'><strong>suetum</strong></span> <span class='ocrx_word' id='word_1_3' title='bbox 438 583 493 629; x_wconf 88' lang='lat' dir='ltr'><strong>et</strong></span> <span class='ocrx_word' id='word_1_4' title='bbox 520 575 729 642; x_wconf 81' lang='lat' dir='ltr'><strong>mitem,</strong></span> <span class='ocrx_word' id='word_1_5' title='bbox 757 590 918 646; x_wconf 89' lang='lat' dir='ltr'><strong>quam</strong></span> <span class='ocrx_word' id='word_1_6' title='bbox 964 574 1058 629; x_wconf 91' lang='lat' dir='ltr'><strong>tibi</strong></span> <span class='ocrx_word' id='word_1_7' title='bbox 1087 572 1226 629; x_wconf 80' lang='lat' dir='ltr'><strong>Deus</strong></span> <span class='ocrx_word' id='word_1_8' title='bbox 1269 572 1419 627; x_wconf 98' lang='lat' dir='ltr'><strong>dabit</strong></span> <span class='ocrx_word' id='word_1_9' title='bbox 1445 568 1787 625; x_wconf 75' lang='lat' dir='ltr'><strong>mercedem?</strong></span> 
     </span>
    </p>
   </div>
   <div class='ocr_carea' id='block_1_3' title="bbox 196 665 1783 737">
    <p class='ocr_par' dir='ltr' id='par_1_3' title="bbox 196 665 1783 737">
     <span class='ocr_line' id='line_1_3' title="bbox 196 665 1783 737; baseline -0.004 -17"><span class='ocrx_word' id='word_1_10' title='bbox 196 665 265 720; x_wconf 77' lang='lat' dir='ltr'><strong>Et</strong></span> <span class='ocrx_word' id='word_1_11' title='bbox 288 666 407 721; x_wconf 60' lang='lat' dir='ltr'><strong>bare</strong></span> <span class='ocrx_word' id='word_1_12' title='bbox 422 665 550 720; x_wconf 92' lang='lat' dir='ltr'><strong>dico</strong></span> <span class='ocrx_word' id='word_1_13' title='bbox 571 680 675 719; x_wconf 91' lang='lat' dir='ltr'><strong>non</strong></span> <span class='ocrx_word' id='word_1_14' title='bbox 700 665 892 734; x_wconf 88' lang='lat' dir='ltr'><strong>jubcns</strong></span> <span class='ocrx_word' id='word_1_15' title='bbox 908 667 1133 737; x_wconf 82' lang='lat' dir='ltr'><strong>maritos</strong></span> <span class='ocrx_word' id='word_1_16' title='bbox 1148 678 1267 718; x_wconf 89' lang='lat' dir='ltr'><strong>esse</strong></span> <span class='ocrx_word' id='word_1_17' title='bbox 1292 677 1462 716; x_wconf 69' lang='lat' dir='ltr'><strong>saevos</strong></span> <span class='ocrx_word' id='word_1_18' title='bbox 1476 671 1531 715; x_wconf 86' lang='lat' dir='ltr'><strong>et</strong></span> <span class='ocrx_word' id='word_1_19' title='bbox 1544 665 1783 729; x_wconf 83' lang='lat' dir='ltr'><strong>asperos,</strong></span> 
     </span>
    </p>
   </div>
   <div class='ocr_carea' id='block_1_4' title="bbox 195 751 1793 828">
    <p class='ocr_par' dir='ltr' id='par_1_4' title="bbox 195 751 1793 828">
     <span class='ocr_line' id='line_1_4' title="bbox 195 751 1793 828; baseline -0.005 -15"><span class='ocrx_word' id='word_1_20' title='bbox 195 759 295 813; x_wconf 87' lang='lat' dir='ltr'><strong>sed</strong></span> <span class='ocrx_word' id='word_1_21' title='bbox 322 757 653 828; x_wconf 78' lang='lat' dir='ltr'><strong>persuadens</strong></span> <span class='ocrx_word' id='word_1_22' title='bbox 681 758 993 813; x_wconf 75' lang='lat' dir='ltr'><strong>mulieribus</strong></span> <span class='ocrx_word' id='word_1_23' title='bbox 1019 768 1076 812; x_wconf 89' lang='lat' dir='ltr'><strong>ut</strong></span> <span class='ocrx_word' id='word_1_24' title='bbox 1100 758 1243 811; x_wconf 89' lang='lat' dir='ltr'><strong>viros</strong></span> <span class='ocrx_word' id='word_1_25' title='bbox 1273 755 1433 810; x_wconf 88' lang='lat' dir='ltr'><strong>etiam</strong></span> <span class='ocrx_word' id='word_1_26' title='bbox 1474 754 1681 809; x_wconf 81' lang='lat' dir='ltr'><strong>feroces</strong></span> <span class='ocrx_word' id='word_1_27' title='bbox 1710 751 1793 806; x_wconf 86' lang='lat' dir='ltr'><strong>fe-</strong></span> 
     </span>
    </p>
   </div>
   <div class='ocr_carea' id='block_1_5' title="bbox 194 845 1785 921">
    <p class='ocr_par' dir='ltr' id='par_1_5' title="bbox 194 845 1785 921">
     <span class='ocr_line' id='line_1_5' title="bbox 194 845 1785 921; baseline -0.004 -18"><span class='ocrx_word' id='word_1_28' title='bbox 194 860 341 921; x_wconf 74' lang='lat' dir='ltr'><strong>rant.</strong></span> <span class='ocrx_word' id='word_1_29' title='bbox 368 849 506 905; x_wconf 86' lang='lat' dir='ltr'><strong>Cum</strong></span> <span class='ocrx_word' id='word_1_30' title='bbox 544 851 688 905; x_wconf 90' lang='lat' dir='ltr'><strong>enim</strong></span> <span class='ocrx_word' id='word_1_31' title='bbox 718 852 1081 919; x_wconf 83' lang='lat' dir='ltr'><strong>unusquisque</strong></span> <span class='ocrx_word' id='word_1_32' title='bbox 1109 864 1204 903; x_wconf 89' lang='lat' dir='ltr'><strong>sua</strong></span> <span class='ocrx_word' id='word_1_33' title='bbox 1235 847 1457 916; x_wconf 89' lang='lat' dir='ltr'><strong>implere</strong></span> <span class='ocrx_word' id='word_1_34' title='bbox 1484 845 1785 909; x_wconf 75' lang='lat' dir='ltr'><strong>curaverit,</strong></span> 
     </span>
    </p>
   </div>
   <div class='ocr_carea' id='block_1_6' title="bbox 195 935 1786 1010">
    <p class='ocr_par' dir='ltr' id='par_1_6' title="bbox 195 935 1786 1010">
     <span class='ocr_line' id='line_1_6' title="bbox 195 935 1786 1010; baseline -0.004 -15"><span class='ocrx_word' id='word_1_35' title='bbox 195 943 383 996; x_wconf 82' lang='lat' dir='ltr'><strong>statim</strong></span> <span class='ocrx_word' id='word_1_36' title='bbox 408 952 701 1010; x_wconf 74' lang='lat' dir='ltr'><strong>sequentur</strong></span> <span class='ocrx_word' id='word_1_37' title='bbox 720 941 879 996; x_wconf 87' lang='lat' dir='ltr'><strong>etiam</strong></span> <span class='ocrx_word' id='word_1_38' title='bbox 897 958 957 995; x_wconf 88' lang='lat' dir='ltr'><strong>ea</strong></span> <span class='ocrx_word' id='word_1_39' title='bbox 985 956 1102 1008; x_wconf 79' lang='lat' dir='ltr'><strong>qtue</strong></span> <span class='ocrx_word' id='word_1_40' title='bbox 1122 947 1245 993; x_wconf 88' lang='lat' dir='ltr'><strong>sunt</strong></span> <span class='ocrx_word' id='word_1_41' title='bbox 1271 939 1497 1007; x_wconf 83' lang='lat' dir='ltr'><strong>proximi</strong></span> <span class='ocrx_word' id='word_1_42' title='bbox 1521 954 1534 990; x_wconf 89' lang='lat'>:</span> <span class='ocrx_word' id='word_1_43' title='bbox 1555 935 1786 1003; x_wconf 82' lang='lat' dir='ltr'><strong>exempli</strong></span> 
     </span>
    </p>
   </div>
   <div class='ocr_carea' id='block_1_7' title="bbox 195 1030 1788 1102">
    <p class='ocr_par' dir='ltr' id='par_1_7' title="bbox 195 1030 1788 1102">
     <span class='ocr_line' id='line_1_7' title="bbox 195 1030 1788 1102; baseline -0.004 -15"><span class='ocrx_word' id='word_1_44' title='bbox 195 1046 515 1097; x_wconf 84' lang='lat' dir='ltr'><strong>causa,cum</strong></span> <span class='ocrx_word' id='word_1_45' title='bbox 554 1048 687 1087; x_wconf 90' lang='lat' dir='ltr'><strong>uxor</strong></span> <span class='ocrx_word' id='word_1_46' title='bbox 716 1042 897 1102; x_wconf 82' lang='lat' dir='ltr'><strong>parata</strong></span> <span class='ocrx_word' id='word_1_47' title='bbox 928 1032 1088 1084; x_wconf 89' lang='lat' dir='ltr'><strong>fuerit</strong></span> <span class='ocrx_word' id='word_1_48' title='bbox 1115 1030 1183 1083; x_wconf 88' lang='lat' dir='ltr'><strong>ad</strong></span> <span class='ocrx_word' id='word_1_49' title='bbox 1231 1032 1403 1083; x_wconf 88' lang='lat' dir='ltr'><strong>virum</strong></span> <span class='ocrx_word' id='word_1_50' title='bbox 1432 1043 1680 1097; x_wconf 87' lang='lat' dir='ltr'><strong>aspermn</strong></span> <span class='ocrx_word' id='word_1_51' title='bbox 1705 1030 1788 1081; x_wconf 84' lang='lat' dir='ltr'><strong>fe-</strong></span> 
     </span>
    </p>
   </div>
   <div class='ocr_carea' id='block_1_8' title="bbox 196 1117 1789 1191">
    <p class='ocr_par' dir='ltr' id='par_1_8' title="bbox 196 1117 1789 1191">
     <span class='ocr_line' id='line_1_8' title="bbox 196 1117 1789 1191; baseline -0.003 -15"><span class='ocrx_word' id='word_1_52' title='bbox 196 1122 455 1187; x_wconf 89' lang='lat' dir='ltr'><strong>rendum,</strong></span> <span class='ocrx_word' id='word_1_53' title='bbox 478 1132 534 1178; x_wconf 92' lang='lat' dir='ltr'><strong>et</strong></span> <span class='ocrx_word' id='word_1_54' title='bbox 564 1126 643 1177; x_wconf 82' lang='lat' dir='ltr'><strong>vir</strong></span> <span class='ocrx_word' id='word_1_55' title='bbox 668 1124 1027 1191; x_wconf 71' lang='lat' dir='ltr'><strong>importunam</strong></span> <span class='ocrx_word' id='word_1_56' title='bbox 1056 1122 1200 1176; x_wconf 89' lang='lat' dir='ltr'><strong>illam</strong></span> <span class='ocrx_word' id='word_1_57' title='bbox 1232 1136 1339 1175; x_wconf 90' lang='lat' dir='ltr'><strong>non</strong></span> <span class='ocrx_word' id='word_1_58' title='bbox 1366 1120 1685 1175; x_wconf 72' lang='lat' dir='ltr'><strong>contumelia</strong></span> <span class='ocrx_word' id='word_1_59' title='bbox 1710 1117 1789 1172; x_wconf 72' lang='lat' dir='ltr'><strong>af—</strong></span> 
     </span>
    </p>
   </div>
   <div class='ocr_carea' id='block_1_9' title="bbox 198 1211 1787 1281">
    <p class='ocr_par' dir='ltr' id='par_1_9' title="bbox 198 1211 1787 1281">
     <span class='ocr_line' id='line_1_9' title="bbox 198 1211 1787 1281; baseline -0.002 -14"><span class='ocrx_word' id='word_1_60' title='bbox 198 1213 415 1277; x_wconf 76' lang='lat' dir='ltr'><strong>fet-erit,</strong></span> <span class='ocrx_word' id='word_1_61' title='bbox 440 1225 566 1271; x_wconf 84' lang='lat' dir='ltr'><strong>tunc</strong></span> <span class='ocrx_word' id='word_1_62' title='bbox 596 1215 774 1270; x_wconf 82' lang='lat' dir='ltr'><strong>omnia</strong></span> <span class='ocrx_word' id='word_1_63' title='bbox 815 1214 1079 1268; x_wconf 85' lang='lat' dir='ltr'><strong>serenitas</strong></span> <span class='ocrx_word' id='word_1_64' title='bbox 1105 1220 1259 1268; x_wconf 84' lang='lat' dir='ltr'><strong>erunt</strong></span> <span class='ocrx_word' id='word_1_65' title='bbox 1277 1256 1291 1277; x_wconf 94' lang='lat'><strong>,</strong></span> <span class='ocrx_word' id='word_1_66' title='bbox 1334 1223 1389 1265; x_wconf 94' lang='lat' dir='ltr'><strong>et</strong></span> <span class='ocrx_word' id='word_1_67' title='bbox 1417 1221 1603 1281; x_wconf 90' lang='lat' dir='ltr'><strong>portus</strong></span> <span class='ocrx_word' id='word_1_68' title='bbox 1628 1229 1658 1265; x_wconf 88' lang='lat' dir='ltr'><strong>a</strong></span> <span class='ocrx_word' id='word_1_69' title='bbox 1683 1211 1787 1265; x_wconf 79' lang='lat' dir='ltr'><strong>ilu—</strong></span> 
     </span>
    </p>
   </div>
   <div class='ocr_carea' id='block_1_10' title="bbox 196 1305 1786 1375">
    <p class='ocr_par' dir='ltr' id='par_1_10' title="bbox 196 1305 1786 1375">
     <span class='ocr_line' id='line_1_10' title="bbox 196 1305 1786 1375; baseline 0.001 -15"><span class='ocrx_word' id='word_1_70' title='bbox 196 1308 375 1367; x_wconf 85' lang='lat' dir='ltr'><strong>ctibus</strong></span> <span class='ocrx_word' id='word_1_71' title='bbox 402 1322 621 1362; x_wconf 88' lang='lat' dir='ltr'><strong>vacuus.</strong></span> <span class='ocrx_word' id='word_1_72' title='bbox 655 1306 743 1361; x_wconf 87' lang='lat' dir='ltr'><strong>Sic</strong></span> <span class='ocrx_word' id='word_1_73' title='bbox 769 1306 928 1360; x_wconf 88' lang='lat' dir='ltr'><strong>etiam</strong></span> <span class='ocrx_word' id='word_1_74' title='bbox 962 1322 1058 1360; x_wconf 79' lang='lat' dir='ltr'><strong>usu</strong></span> <span class='ocrx_word' id='word_1_75' title='bbox 1088 1306 1335 1360; x_wconf 81' lang='lat' dir='ltr'><strong>veniebat</strong></span> <span class='ocrx_word' id='word_1_76' title='bbox 1374 1305 1513 1375; x_wconf 87' lang='lat' dir='ltr'><strong>apud</strong></span> <span class='ocrx_word' id='word_1_77' title='bbox 1543 1305 1747 1375; x_wconf 87' lang='lat' dir='ltr'><strong>priscos</strong></span> <span class='ocrx_word' id='word_1_78' title='bbox 1772 1323 1786 1362; x_wconf 91' lang='lat'><strong>:</strong></span> 
     </span>
    </p>
   </div>
   <div class='ocr_carea' id='block_1_11' title="bbox 197 1380 1792 1469">
    <p class='ocr_par' dir='ltr' id='par_1_11' title="bbox 197 1380 1792 1469">
     <span class='ocr_line' id='line_1_11' title="bbox 197 1380 1792 1469; baseline -0.001 -17"><span class='ocrx_word' id='word_1_79' title='bbox 197 1414 293 1452; x_wconf 84' lang='lat' dir='ltr'><strong>sua</strong></span> <span class='ocrx_word' id='word_1_80' title='bbox 322 1380 855 1469; x_wconf 84' lang='lat' dir='ltr'><strong>quisqueimplebat,</strong></span> <span class='ocrx_word' id='word_1_81' title='bbox 887 1413 986 1453; x_wconf 90' lang='lat' dir='ltr'><strong>nec</strong></span> <span class='ocrx_word' id='word_1_82' title='bbox 1027 1414 1144 1467; x_wconf 79' lang='lat' dir='ltr'><strong>qua:</strong></span> <span class='ocrx_word' id='word_1_83' title='bbox 1175 1398 1405 1468; x_wconf 85' lang='lat' dir='ltr'><strong>proximi</strong></span> <span class='ocrx_word' id='word_1_84' title='bbox 1432 1407 1586 1452; x_wconf 90' lang='lat' dir='ltr'><strong>erant</strong></span> <span class='ocrx_word' id='word_1_85' title='bbox 1614 1400 1792 1468; x_wconf 80' lang='lat' dir='ltr'><strong>exige-</strong></span> 
     </span>
    </p>
   </div>
   <div class='ocr_carea' id='block_1_12' title="bbox 197 1490 1789 1561">
    <p class='ocr_par' dir='ltr' id='par_1_12' title="bbox 197 1490 1789 1561">
     <span class='ocr_line' id='line_1_12' title="bbox 197 1490 1789 1561; baseline 0.001 -18"><span class='ocrx_word' id='word_1_86' title='bbox 197 1492 310 1545; x_wconf 83' lang='lat' dir='ltr'><strong>bat.</strong></span> <span class='ocrx_word' id='word_1_87' title='bbox 358 1490 639 1561; x_wconf 86' lang='lat' dir='ltr'><strong>Perpende</strong></span> <span class='ocrx_word' id='word_1_88' title='bbox 678 1491 1101 1544; x_wconf 80' lang='lat' dir='ltr'><strong>autcmzfratris</strong></span> <span class='ocrx_word' id='word_1_89' title='bbox 1144 1490 1313 1543; x_wconf 83' lang='lat' dir='ltr'><strong>[ilium</strong></span> <span class='ocrx_word' id='word_1_90' title='bbox 1354 1504 1536 1545; x_wconf 89' lang='lat' dir='ltr'><strong>secum</strong></span> <span class='ocrx_word' id='word_1_91' title='bbox 1587 1492 1789 1559; x_wconf 91' lang='lat' dir='ltr'><strong>accepit</strong></span> 
     </span>
    </p>
   </div>
   <div class='ocr_carea' id='block_1_13' title="bbox 200 1582 1788 1652">
    <p class='ocr_par' dir='ltr' id='par_1_13' title="bbox 200 1582 1788 1652">
     <span class='ocr_line' id='line_1_13' title="bbox 200 1582 1788 1652; baseline 0.001 -17"><span class='ocrx_word' id='word_1_92' title='bbox 200 1582 509 1647; x_wconf 75' lang='lat' dir='ltr'><strong>Abraham;</strong></span> <span class='ocrx_word' id='word_1_93' title='bbox 541 1598 647 1637; x_wconf 89' lang='lat' dir='ltr'><strong>non</strong></span> <span class='ocrx_word' id='word_1_94' title='bbox 675 1584 727 1636; x_wconf 89' lang='lat' dir='ltr'><strong>id</strong></span> <span class='ocrx_word' id='word_1_95' title='bbox 760 1583 1108 1652; x_wconf 80' lang='lat' dir='ltr'><strong>reprehendit</strong></span> <span class='ocrx_word' id='word_1_96' title='bbox 1135 1597 1311 1637; x_wconf 89' lang='lat' dir='ltr'><strong>uxor:</strong></span> <span class='ocrx_word' id='word_1_97' title='bbox 1339 1583 1635 1651; x_wconf 86' lang='lat' dir='ltr'><strong>jussiteam</strong></span> <span class='ocrx_word' id='word_1_98' title='bbox 1670 1583 1788 1636; x_wconf 82' lang='lat' dir='ltr'><strong>lon-</strong></span> 
     </span>
    </p>
   </div>
   <div class='ocr_carea' id='block_1_14' title="bbox 200 1675 1789 1746">
    <p class='ocr_par' dir='ltr' id='par_1_14' title="bbox 200 1675 1789 1746">
     <span class='ocr_line' id='line_1_14' title="bbox 200 1675 1789 1746; baseline 0.001 -18"><span class='ocrx_word' id='word_1_99' title='bbox 200 1690 324 1746; x_wconf 91' lang='lat' dir='ltr'><strong>gum</strong></span> <span class='ocrx_word' id='word_1_100' title='bbox 347 1676 451 1729; x_wconf 87' lang='lat' dir='ltr'><strong>iter</strong></span> <span class='ocrx_word' id='word_1_101' title='bbox 477 1677 776 1745; x_wconf 80' lang='lat' dir='ltr'><strong>suscipere,</strong></span> <span class='ocrx_word' id='word_1_102' title='bbox 794 1692 967 1746; x_wconf 90' lang='lat' dir='ltr'><strong>neque</strong></span> <span class='ocrx_word' id='word_1_103' title='bbox 988 1676 1305 1746; x_wconf 80' lang='lat' dir='ltr'><strong>repugnavit</strong></span> <span class='ocrx_word' id='word_1_104' title='bbox 1326 1676 1435 1741; x_wconf 89' lang='lat' dir='ltr'><strong>illa,</strong></span> <span class='ocrx_word' id='word_1_105' title='bbox 1456 1675 1550 1729; x_wconf 89' lang='lat' dir='ltr'><strong>sed</strong></span> <span class='ocrx_word' id='word_1_106' title='bbox 1568 1685 1789 1745; x_wconf 81' lang='lat' dir='ltr'><strong>sequuta</strong></span> 
     </span>
    </p>
   </div>
   <div class='ocr_carea' id='block_1_15' title="bbox 199 1768 1793 1837">
    <p class='ocr_par' dir='ltr' id='par_1_15' title="bbox 199 1768 1793 1837">
     <span class='ocr_line' id='line_1_15' title="bbox 199 1768 1793 1837; baseline 0 -16"><span class='ocrx_word' id='word_1_107' title='bbox 199 1777 301 1821; x_wconf 84' lang='lat' dir='ltr'><strong>est.</strong></span> <span class='ocrx_word' id='word_1_108' title='bbox 337 1768 548 1822; x_wconf 76' lang='lat' dir='ltr'><strong>Rursus</strong></span> <span class='ocrx_word' id='word_1_109' title='bbox 574 1778 694 1837; x_wconf 87' lang='lat' dir='ltr'><strong>post</strong></span> <span class='ocrx_word' id='word_1_110' title='bbox 745 1768 867 1822; x_wconf 88' lang='lat' dir='ltr'><strong>illas</strong></span> <span class='ocrx_word' id='word_1_111' title='bbox 899 1773 1091 1822; x_wconf 87' lang='lat' dir='ltr'><strong>multas</strong></span> <span class='ocrx_word' id='word_1_112' title='bbox 1137 1784 1438 1832; x_wconf 79' lang='lat' dir='ltr'><strong>:erumnas,</strong></span> <span class='ocrx_word' id='word_1_113' title='bbox 1475 1768 1689 1822; x_wconf 82' lang='lat' dir='ltr'><strong>labores</strong></span> <span class='ocrx_word' id='word_1_114' title='bbox 1738 1777 1793 1821; x_wconf 90' lang='lat' dir='ltr'><strong>et</strong></span> 
     </span>
    </p>
   </div>
   <div class='ocr_carea' id='block_1_16' title="bbox 202 1856 1793 1926">
    <p class='ocr_par' dir='ltr' id='par_1_16' title="bbox 202 1856 1793 1926">
     <span class='ocr_line' id='line_1_16' title="bbox 202 1856 1793 1926; baseline 0.001 -15"><span class='ocrx_word' id='word_1_115' title='bbox 202 1856 449 1918; x_wconf 80' lang='lat' dir='ltr'><strong>sudores.</strong></span> <span class='ocrx_word' id='word_1_116' title='bbox 477 1872 599 1912; x_wconf 89' lang='lat' dir='ltr'><strong>cum</strong></span> <span class='ocrx_word' id='word_1_117' title='bbox 627 1858 876 1913; x_wconf 88' lang='lat' dir='ltr'><strong>dominus</strong></span> <span class='ocrx_word' id='word_1_118' title='bbox 903 1863 1141 1913; x_wconf 89' lang='lat' dir='ltr'><strong>omnium</strong></span> <span class='ocrx_word' id='word_1_119' title='bbox 1168 1868 1330 1923; x_wconf 83' lang='lat' dir='ltr'><strong>esset,</strong></span> <span class='ocrx_word' id='word_1_120' title='bbox 1352 1860 1549 1926; x_wconf 89' lang='lat' dir='ltr'><strong>primas</strong></span> <span class='ocrx_word' id='word_1_121' title='bbox 1569 1874 1793 1913; x_wconf 88' lang='lat' dir='ltr'><strong>conces-</strong></span> 
     </span>
    </p>
   </div>
   <div class='ocr_carea' id='block_1_17' title="bbox 200 1949 1789 2023">
    <p class='ocr_par' dir='ltr' id='par_1_17' title="bbox 200 1949 1789 2023">
     <span class='ocr_line' id='line_1_17' title="bbox 200 1949 1789 2023; baseline 0.001 -21"><span class='ocrx_word' id='word_1_122' title='bbox 200 1950 268 2003; x_wconf 85' lang='lat' dir='ltr'><strong>sit</strong></span> <span class='ocrx_word' id='word_1_123' title='bbox 297 1949 474 2004; x_wconf 87' lang='lat' dir='ltr'><strong>Loto:</strong></span> <span class='ocrx_word' id='word_1_124' title='bbox 503 1961 558 2004; x_wconf 91' lang='lat' dir='ltr'><strong>et</strong></span> <span class='ocrx_word' id='word_1_125' title='bbox 587 1964 693 2004; x_wconf 90' lang='lat' dir='ltr'><strong>non</strong></span> <span class='ocrx_word' id='word_1_126' title='bbox 724 1950 884 2004; x_wconf 90' lang='lat' dir='ltr'><strong>modo</strong></span> <span class='ocrx_word' id='word_1_127' title='bbox 928 1950 979 2003; x_wconf 91' lang='lat' dir='ltr'><strong>id</strong></span> <span class='ocrx_word' id='word_1_128' title='bbox 1013 1964 1118 2003; x_wconf 88' lang='lat' dir='ltr'><strong>non</strong></span> <span class='ocrx_word' id='word_1_129' title='bbox 1144 1965 1305 2023; x_wconf 67' lang='lat' dir='ltr'><strong>aegre</strong></span> <span class='ocrx_word' id='word_1_130' title='bbox 1340 1952 1457 2003; x_wconf 79' lang='lat' dir='ltr'><strong>tulit</strong></span> <span class='ocrx_word' id='word_1_131' title='bbox 1486 1951 1640 2016; x_wconf 88' lang='lat' dir='ltr'><strong>Sara,</strong></span> <span class='ocrx_word' id='word_1_132' title='bbox 1696 1950 1789 2005; x_wconf 87' lang='lat' dir='ltr'><strong>sed</strong></span> 
     </span>
    </p>
   </div>
   <div class='ocr_carea' id='block_1_18' title="bbox 200 2041 1791 2111">
    <p class='ocr_par' dir='ltr' id='par_1_18' title="bbox 200 2041 1791 2111">
     <span class='ocr_line' id='line_1_18' title="bbox 200 2041 1791 2111; baseline 0.002 -18"><span class='ocrx_word' id='word_1_133' title='bbox 200 2056 374 2109; x_wconf 88' lang='lat' dir='ltr'><strong>neque</strong></span> <span class='ocrx_word' id='word_1_134' title='bbox 416 2056 477 2095; x_wconf 86' lang='lat' dir='ltr'><strong>os</strong></span> <span class='ocrx_word' id='word_1_135' title='bbox 506 2041 735 2110; x_wconf 84' lang='lat' dir='ltr'><strong>aperuit,</strong></span> <span class='ocrx_word' id='word_1_136' title='bbox 789 2056 888 2095; x_wconf 93' lang='lat' dir='ltr'><strong>nec</strong></span> <span class='ocrx_word' id='word_1_137' title='bbox 932 2041 1215 2111; x_wconf 81' lang='lat' dir='ltr'><strong>quidpiam</strong></span> <span class='ocrx_word' id='word_1_138' title='bbox 1253 2043 1386 2096; x_wconf 81' lang='lat' dir='ltr'><strong>dixit</strong></span> <span class='ocrx_word' id='word_1_139' title='bbox 1422 2058 1630 2108; x_wconf 90' lang='lat' dir='ltr'><strong>eorum,</strong></span> <span class='ocrx_word' id='word_1_140' title='bbox 1671 2058 1791 2111; x_wconf 67' lang='lat' dir='ltr'><strong>quae</strong></span> 
     </span>
    </p>
   </div>
   <div class='ocr_carea' id='block_1_19' title="bbox 201 2132 1790 2203">
    <p class='ocr_par' dir='ltr' id='par_1_19' title="bbox 201 2132 1790 2203">
     <span class='ocr_line' id='line_1_19' title="bbox 201 2132 1790 2203; baseline 0.001 -17"><span class='ocrx_word' id='word_1_141' title='bbox 201 2147 347 2187; x_wconf 82' lang='lat' dir='ltr'><strong>nunc</strong></span> <span class='ocrx_word' id='word_1_142' title='bbox 391 2134 643 2187; x_wconf 85' lang='lat' dir='ltr'><strong>mulieres</strong></span> <span class='ocrx_word' id='word_1_143' title='bbox 695 2135 880 2187; x_wconf 81' lang='lat' dir='ltr'><strong>multa:</strong></span> <span class='ocrx_word' id='word_1_144' title='bbox 929 2132 1236 2203; x_wconf 87' lang='lat' dir='ltr'><strong>loquuntur,</strong></span> <span class='ocrx_word' id='word_1_145' title='bbox 1293 2150 1413 2187; x_wconf 93' lang='lat' dir='ltr'><strong>cum</strong></span> <span class='ocrx_word' id='word_1_146' title='bbox 1442 2134 1625 2188; x_wconf 86' lang='lat' dir='ltr'><strong>vident</strong></span> <span class='ocrx_word' id='word_1_147' title='bbox 1648 2135 1790 2187; x_wconf 86' lang='lat' dir='ltr'><strong>viros</strong></span> 
     </span>
    </p>
   </div>
   <div class='ocr_carea' id='block_1_20' title="bbox 201 2225 1791 2300">
    <p class='ocr_par' dir='ltr' id='par_1_20' title="bbox 201 2225 1791 2300">
     <span class='ocr_line' id='line_1_20' title="bbox 201 2225 1791 2300; baseline 0.002 -21"><span class='ocrx_word' id='word_1_148' title='bbox 201 2240 328 2280; x_wconf 80' lang='lat' dir='ltr'><strong>suos</strong></span> <span class='ocrx_word' id='word_1_149' title='bbox 376 2225 431 2278; x_wconf 92' lang='lat' dir='ltr'><strong>in</strong></span> <span class='ocrx_word' id='word_1_150' title='bbox 460 2225 764 2294; x_wconf 89' lang='lat' dir='ltr'><strong>hujusmodi</strong></span> <span class='ocrx_word' id='word_1_151' title='bbox 810 2226 1045 2281; x_wconf 87' lang='lat' dir='ltr'><strong>sortibus</strong></span> <span class='ocrx_word' id='word_1_152' title='bbox 1090 2227 1267 2282; x_wconf 86' lang='lat' dir='ltr'><strong>minus</strong></span> <span class='ocrx_word' id='word_1_153' title='bbox 1309 2226 1529 2300; x_wconf 85' lang='lat' dir='ltr'><strong>habere,</strong></span> <span class='ocrx_word' id='word_1_154' title='bbox 1560 2228 1791 2282; x_wconf 84' lang='lat' dir='ltr'><strong>maxime</strong></span> 
     </span>
    </p>
   </div>
   <div class='ocr_carea' id='block_1_21' title="bbox 199 2316 1790 2388">
    <p class='ocr_par' dir='ltr' id='par_1_21' title="bbox 199 2316 1790 2388">
     <span class='ocr_line' id='line_1_21' title="bbox 199 2316 1790 2388; baseline -0.001 -16"><span class='ocrx_word' id='word_1_155' title='bbox 199 2316 419 2388; x_wconf 85' lang='lat' dir='ltr'><strong>quando</strong></span> <span class='ocrx_word' id='word_1_156' title='bbox 437 2334 559 2373; x_wconf 90' lang='lat' dir='ltr'><strong>cum</strong></span> <span class='ocrx_word' id='word_1_157' title='bbox 591 2320 932 2373; x_wconf 84' lang='lat' dir='ltr'><strong>inferioribus</strong></span> <span class='ocrx_word' id='word_1_158' title='bbox 957 2333 1046 2372; x_wconf 87' lang='lat' dir='ltr'><strong>res</strong></span> <span class='ocrx_word' id='word_1_159' title='bbox 1070 2326 1173 2383; x_wconf 89' lang='lat' dir='ltr'><strong>est,</strong></span> <span class='ocrx_word' id='word_1_160' title='bbox 1192 2319 1581 2387; x_wconf 78' lang='lat' dir='ltr'><strong>exprobrantes</strong></span> <span class='ocrx_word' id='word_1_161' title='bbox 1601 2360 1615 2385; x_wconf 92' lang='lat'><strong>,</strong></span> <span class='ocrx_word' id='word_1_162' title='bbox 1651 2319 1790 2373; x_wconf 89' lang='lat' dir='ltr'><strong>stul-</strong></span> 
     </span>
    </p>
   </div>
   <div class='ocr_carea' id='block_1_22' title="bbox 201 2410 1788 2481">
    <p class='ocr_par' dir='ltr' id='par_1_22' title="bbox 201 2410 1788 2481">
     <span class='ocr_line' id='line_1_22' title="bbox 201 2410 1788 2481; baseline 0.001 -17"><span class='ocrx_word' id='word_1_163' title='bbox 201 2419 307 2474; x_wconf 83' lang='lat' dir='ltr'><strong>tos,</strong></span> <span class='ocrx_word' id='word_1_164' title='bbox 330 2411 573 2474; x_wconf 87' lang='lat' dir='ltr'><strong>insanos,</strong></span> <span class='ocrx_word' id='word_1_165' title='bbox 600 2412 839 2481; x_wconf 83' lang='lat' dir='ltr'><strong>ignavos,</strong></span> <span class='ocrx_word' id='word_1_166' title='bbox 862 2410 1161 2480; x_wconf 87' lang='lat' dir='ltr'><strong>proditores</strong></span> <span class='ocrx_word' id='word_1_167' title='bbox 1180 2411 1503 2481; x_wconf 87' lang='lat' dir='ltr'><strong>hebetesque</strong></span> <span class='ocrx_word' id='word_1_168' title='bbox 1519 2422 1788 2467; x_wconf 85' lang='lat' dir='ltr'><strong>vocantes.</strong></span> 
     </span>
    </p>
   </div>
   <div class='ocr_carea' id='block_1_23' title="bbox 201 2502 1795 2574">
    <p class='ocr_par' dir='ltr' id='par_1_23' title="bbox 201 2502 1795 2574">
     <span class='ocr_line' id='line_1_23' title="bbox 201 2502 1795 2574; baseline -0.001 -16"><span class='ocrx_word' id='word_1_169' title='bbox 201 2502 309 2558; x_wconf 85' lang='lat' dir='ltr'><strong>Sed</strong></span> <span class='ocrx_word' id='word_1_170' title='bbox 331 2504 467 2557; x_wconf 82' lang='lat' dir='ltr'><strong>nihil</strong></span> <span class='ocrx_word' id='word_1_171' title='bbox 495 2504 669 2558; x_wconf 88' lang='lat' dir='ltr'><strong>simile</strong></span> <span class='ocrx_word' id='word_1_172' title='bbox 699 2505 783 2557; x_wconf 89' lang='lat' dir='ltr'><strong>illa</strong></span> <span class='ocrx_word' id='word_1_173' title='bbox 817 2506 899 2559; x_wconf 90' lang='lat' dir='ltr'><strong>vel</strong></span> <span class='ocrx_word' id='word_1_174' title='bbox 920 2504 1151 2558; x_wconf 85' lang='lat' dir='ltr'><strong>dixitvel</strong></span> <span class='ocrx_word' id='word_1_175' title='bbox 1182 2505 1450 2574; x_wconf 78' lang='lat' dir='ltr'><strong>cogitavit,</strong></span> <span class='ocrx_word' id='word_1_176' title='bbox 1475 2504 1568 2559; x_wconf 87' lang='lat' dir='ltr'><strong>sed</strong></span> <span class='ocrx_word' id='word_1_177' title='bbox 1599 2520 1795 2574; x_wconf 83' lang='lat' dir='ltr'><strong>appro-</strong></span> 
     </span>
    </p>
   </div>
   <div class='ocr_carea' id='block_1_24' title="bbox 202 2595 1791 2666">
    <p class='ocr_par' dir='ltr' id='par_1_24' title="bbox 202 2595 1791 2666">
     <span class='ocr_line' id='line_1_24' title="bbox 202 2595 1791 2666; baseline 0 -16"><span class='ocrx_word' id='word_1_178' title='bbox 202 2596 348 2650; x_wconf 84' lang='lat' dir='ltr'><strong>bavit</strong></span> <span class='ocrx_word' id='word_1_179' title='bbox 372 2596 551 2648; x_wconf 79' lang='lat' dir='ltr'><strong>munia</strong></span> <span class='ocrx_word' id='word_1_180' title='bbox 582 2595 650 2649; x_wconf 90' lang='lat' dir='ltr'><strong>ab</strong></span> <span class='ocrx_word' id='word_1_181' title='bbox 676 2598 790 2665; x_wconf 90' lang='lat' dir='ltr'><strong>ipso</strong></span> <span class='ocrx_word' id='word_1_182' title='bbox 836 2597 993 2650; x_wconf 81' lang='lat' dir='ltr'><strong>facta.</strong></span> <span class='ocrx_word' id='word_1_183' title='bbox 1024 2596 1287 2665; x_wconf 86' lang='lat' dir='ltr'><strong>Quodque</strong></span> <span class='ocrx_word' id='word_1_184' title='bbox 1318 2598 1494 2665; x_wconf 85' lang='lat' dir='ltr'><strong>majus</strong></span> <span class='ocrx_word' id='word_1_185' title='bbox 1511 2606 1617 2661; x_wconf 87' lang='lat' dir='ltr'><strong>est,</strong></span> <span class='ocrx_word' id='word_1_186' title='bbox 1650 2608 1791 2666; x_wconf 91' lang='lat' dir='ltr'><strong>post-</strong></span> 
     </span>
    </p>
   </div>
   <div class='ocr_carea' id='block_1_25' title="bbox 183 2686 1791 2757">
    <p class='ocr_par' dir='ltr' id='par_1_25' title="bbox 183 2686 1791 2757">
     <span class='ocr_line' id='line_1_25' title="bbox 183 2686 1791 2757; baseline 0.002 -17"><span class='ocrx_word' id='word_1_187' title='bbox 183 2701 362 2757; x_wconf 71' lang='lat' dir='ltr'><strong>quam</strong></span> <span class='ocrx_word' id='word_1_188' title='bbox 407 2686 545 2740; x_wconf 86' lang='lat' dir='ltr'><strong>Loto</strong></span> <span class='ocrx_word' id='word_1_189' title='bbox 588 2686 706 2739; x_wconf 83' lang='lat' dir='ltr'><strong>data</strong></span> <span class='ocrx_word' id='word_1_190' title='bbox 737 2694 820 2739; x_wconf 82' lang='lat' dir='ltr'><strong>est</strong></span> <span class='ocrx_word' id='word_1_191' title='bbox 858 2686 1074 2755; x_wconf 81' lang='lat' dir='ltr'><strong>Optandi</strong></span> <span class='ocrx_word' id='word_1_192' title='bbox 1124 2686 1347 2740; x_wconf 80' lang='lat' dir='ltr'><strong>facultas</strong></span> <span class='ocrx_word' id='word_1_193' title='bbox 1376 2699 1429 2741; x_wconf 91' lang='lat' dir='ltr'><strong>et</strong></span> <span class='ocrx_word' id='word_1_194' title='bbox 1466 2690 1668 2742; x_wconf 88' lang='lat' dir='ltr'><strong>minora</strong></span> <span class='ocrx_word' id='word_1_195' title='bbox 1704 2690 1791 2744; x_wconf 87' lang='lat' dir='ltr'><strong>ille</strong></span> 
     </span>
    </p>
   </div>
   <div class='ocr_carea' id='block_1_26' title="bbox 202 2778 1790 2848">
    <p class='ocr_par' dir='ltr' id='par_1_26' title="bbox 202 2778 1790 2848">
     <span class='ocr_line' id='line_1_26' title="bbox 202 2778 1790 2848; baseline 0.002 -17"><span class='ocrx_word' id='word_1_196' title='bbox 202 2787 397 2848; x_wconf 85' lang='lat' dir='ltr'><strong>patruo</strong></span> <span class='ocrx_word' id='word_1_197' title='bbox 420 2779 707 2833; x_wconf 80' lang='lat' dir='ltr'><strong>concessit.</strong></span> <span class='ocrx_word' id='word_1_198' title='bbox 739 2780 791 2831; x_wconf 92' lang='lat' dir='ltr'><strong>iu</strong></span> <span class='ocrx_word' id='word_1_199' title='bbox 822 2778 1116 2847; x_wconf 88' lang='lat' dir='ltr'><strong>periculum</strong></span> <span class='ocrx_word' id='word_1_200' title='bbox 1150 2778 1239 2832; x_wconf 90' lang='lat' dir='ltr'><strong>ille</strong></span> <span class='ocrx_word' id='word_1_201' title='bbox 1260 2779 1649 2848; x_wconf 86' lang='lat' dir='ltr'><strong>graveincidit.</strong></span> <span class='ocrx_word' id='word_1_202' title='bbox 1674 2779 1790 2845; x_wconf 86' lang='lat' dir='ltr'><strong>Quo</strong></span> 
     </span>
    </p>
   </div>
   <div class='ocr_carea' id='block_1_27' title="bbox 200 2860 1789 2938">
    <p class='ocr_par' dir='ltr' id='par_1_27' title="bbox 200 2860 1789 2938">
     <span class='ocr_line' id='line_1_27' title="bbox 200 2860 1789 2938; baseline 0.003 -16"><span class='ocrx_word' id='word_1_203' title='bbox 200 2869 717 2938; x_wconf 80' lang='lat' dir='ltr'><strong>audito,patriarcha</strong></span> <span class='ocrx_word' id='word_1_204' title='bbox 764 2884 952 2923; x_wconf 89' lang='lat' dir='ltr'><strong>omnes</strong></span> <span class='ocrx_word' id='word_1_205' title='bbox 982 2860 1109 2924; x_wconf 81' lang='lat' dir='ltr'><strong>suos</strong></span> <span class='ocrx_word' id='word_1_206' title='bbox 1133 2865 1379 2935; x_wconf 83' lang='lat' dir='ltr'><strong>armavit,</strong></span> <span class='ocrx_word' id='word_1_207' title='bbox 1412 2881 1466 2926; x_wconf 91' lang='lat' dir='ltr'><strong>et</strong></span> <span class='ocrx_word' id='word_1_208' title='bbox 1488 2883 1674 2926; x_wconf 89' lang='lat' dir='ltr'><strong>contra</strong></span> <span class='ocrx_word' id='word_1_209' title='bbox 1706 2882 1789 2926; x_wconf 92' lang='lat' dir='ltr'><strong>to-</strong></span> 
     </span>
    </p>
   </div>
   <div class='ocr_carea' id='block_1_28' title="bbox 202 2962 1790 3031">
    <p class='ocr_par' dir='ltr' id='par_1_28' title="bbox 202 2962 1790 3031">
     <span class='ocr_line' id='line_1_28' title="bbox 202 2962 1790 3031; baseline 0.002 -16"><span class='ocrx_word' id='word_1_210' title='bbox 202 2970 314 3016; x_wconf 89' lang='lat' dir='ltr'><strong>tum</strong></span> <span class='ocrx_word' id='word_1_211' title='bbox 346 2962 955 3023; x_wconf 80' lang='lat' dir='ltr'><strong>Persarumexereitum</strong></span> <span class='ocrx_word' id='word_1_212' title='bbox 985 2977 1104 3016; x_wconf 88' lang='lat' dir='ltr'><strong>sese</strong></span> <span class='ocrx_word' id='word_1_213' title='bbox 1128 2965 1403 3031; x_wconf 82' lang='lat' dir='ltr'><strong>apparavit</strong></span> <span class='ocrx_word' id='word_1_214' title='bbox 1429 2979 1548 3018; x_wconf 93' lang='lat' dir='ltr'><strong>cum</strong></span> <span class='ocrx_word' id='word_1_215' title='bbox 1572 2964 1790 3020; x_wconf 89' lang='lat' dir='ltr'><strong>domes-</strong></span> 
     </span>
    </p>
   </div>
   <div class='ocr_carea' id='block_1_29' title="bbox 201 3040 1787 3126">
    <p class='ocr_par' dir='ltr' id='par_1_29' title="bbox 201 3040 1787 3126">
     <span class='ocr_line' id='line_1_29' title="bbox 201 3040 1787 3126; baseline 0.002 -18"><span class='ocrx_word' id='word_1_216' title='bbox 201 3053 322 3108; x_wconf 83' lang='lat' dir='ltr'><strong>ticis</strong></span> <span class='ocrx_word' id='word_1_217' title='bbox 350 3040 490 3109; x_wconf 27' lang='lat' dir='ltr'><strong>suis&quot;</strong></span> <span class='ocrx_word' id='word_1_218' title='bbox 518 3064 720 3108; x_wconf 79' lang='lat' dir='ltr'><strong>tanttim</strong></span> <span class='ocrx_word' id='word_1_219' title='bbox 751 3072 765 3107; x_wconf 90' lang='lat'><strong>:</strong></span> <span class='ocrx_word' id='word_1_220' title='bbox 811 3070 983 3124; x_wconf 86' lang='lat' dir='ltr'><strong>neque</strong></span> <span class='ocrx_word' id='word_1_221' title='bbox 1015 3065 1140 3110; x_wconf 85' lang='lat' dir='ltr'><strong>tunc</strong></span> <span class='ocrx_word' id='word_1_222' title='bbox 1185 3056 1337 3111; x_wconf 88' lang='lat' dir='ltr'><strong>illum</strong></span> <span class='ocrx_word' id='word_1_223' title='bbox 1384 3057 1499 3125; x_wconf 85' lang='lat' dir='ltr'><strong>ipsa</strong></span> <span class='ocrx_word' id='word_1_224' title='bbox 1540 3060 1787 3126; x_wconf 82' lang='lat' dir='ltr'><strong>retinuit,</strong></span> 
     </span>
    </p>
   </div>
   <div class='ocr_carea' id='block_1_30' title="bbox 202 3146 1790 3220">
    <p class='ocr_par' dir='ltr' id='par_1_30' title="bbox 202 3146 1790 3220">
     <span class='ocr_line' id='line_1_30' title="bbox 202 3146 1790 3220; baseline 0.003 -19"><span class='ocrx_word' id='word_1_225' title='bbox 202 3161 381 3215; x_wconf 84' lang='lat' dir='ltr'><strong>neque</strong></span> <span class='ocrx_word' id='word_1_226' title='bbox 397 3146 552 3211; x_wconf 88' lang='lat' dir='ltr'><strong>dixit,</strong></span> <span class='ocrx_word' id='word_1_227' title='bbox 585 3156 642 3200; x_wconf 84' lang='lat' dir='ltr'><strong>ut</strong></span> <span class='ocrx_word' id='word_1_228' title='bbox 665 3162 760 3216; x_wconf 86' lang='lat' dir='ltr'><strong>par</strong></span> <span class='ocrx_word' id='word_1_229' title='bbox 791 3147 1070 3203; x_wconf 84' lang='lat' dir='ltr'><strong>videbatur</strong></span> <span class='ocrx_word' id='word_1_230' title='bbox 1093 3162 1215 3204; x_wconf 87' lang='lat' dir='ltr'><strong>esse</strong></span> <span class='ocrx_word' id='word_1_231' title='bbox 1236 3166 1251 3203; x_wconf 91' lang='lat'><strong>:</strong></span> <span class='ocrx_word' id='word_1_232' title='bbox 1269 3149 1387 3215; x_wconf 85' lang='lat' dir='ltr'><strong>Quo</strong></span> <span class='ocrx_word' id='word_1_233' title='bbox 1413 3150 1610 3220; x_wconf 82' lang='lat' dir='ltr'><strong>pergis,</strong></span> <span class='ocrx_word' id='word_1_234' title='bbox 1640 3167 1672 3203; x_wconf 91' lang='lat' dir='ltr'><strong>o</strong></span> <span class='ocrx_word' id='word_1_235' title='bbox 1696 3151 1790 3207; x_wconf 93' lang='lat' dir='ltr'><strong>ho-</strong></span> 
     </span>
    </p>
   </div>
   <div class='ocr_carea' id='block_1_31' title="bbox 200 3232 1791 3309">
    <p class='ocr_par' dir='ltr' id='par_1_31' title="bbox 200 3232 1791 3309">
     <span class='ocr_line' id='line_1_31' title="bbox 200 3232 1791 3309; baseline 0.003 -17"><span class='ocrx_word' id='word_1_236' title='bbox 200 3252 315 3301; x_wconf 87' lang='lat' dir='ltr'><strong>mo,</strong></span> <span class='ocrx_word' id='word_1_237' title='bbox 336 3251 438 3305; x_wconf 88' lang='lat' dir='ltr'><strong>per</strong></span> <span class='ocrx_word' id='word_1_238' title='bbox 453 3232 745 3304; x_wconf 78' lang='lat' dir='ltr'><strong>pra-cipitia</strong></span> <span class='ocrx_word' id='word_1_239' title='bbox 775 3236 1143 3307; x_wconf 85' lang='lat' dir='ltr'><strong>teimpellens,</strong></span> <span class='ocrx_word' id='word_1_240' title='bbox 1169 3247 1225 3291; x_wconf 86' lang='lat' dir='ltr'><strong>et</strong></span> <span class='ocrx_word' id='word_1_241' title='bbox 1250 3238 1301 3291; x_wconf 91' lang='lat' dir='ltr'><strong>in</strong></span> <span class='ocrx_word' id='word_1_242' title='bbox 1327 3246 1469 3291; x_wconf 83' lang='lat' dir='ltr'><strong>tanta</strong></span> <span class='ocrx_word' id='word_1_243' title='bbox 1498 3240 1791 3309; x_wconf 89' lang='lat' dir='ltr'><strong>conjiciens</strong></span> 
     </span>
    </p>
   </div>
   <div class='ocr_carea' id='block_1_32' title="bbox 201 3329 1790 3399">
    <p class='ocr_par' dir='ltr' id='par_1_32' title="bbox 201 3329 1790 3399">
     <span class='ocr_line' id='line_1_32' title="bbox 201 3329 1790 3399; baseline 0.001 -16"><span class='ocrx_word' id='word_1_244' title='bbox 201 3329 468 3399; x_wconf 77' lang='lat' dir='ltr'><strong>pericula,</strong></span> <span class='ocrx_word' id='word_1_245' title='bbox 504 3344 611 3399; x_wconf 77' lang='lat' dir='ltr'><strong>pro</strong></span> <span class='ocrx_word' id='word_1_246' title='bbox 639 3330 753 3384; x_wconf 88' lang='lat' dir='ltr'><strong>viro</strong></span> <span class='ocrx_word' id='word_1_247' title='bbox 804 3332 891 3399; x_wconf 91' lang='lat' dir='ltr'><strong>qui</strong></span> <span class='ocrx_word' id='word_1_248' title='bbox 925 3340 977 3385; x_wconf 90' lang='lat' dir='ltr'><strong>te</strong></span> <span class='ocrx_word' id='word_1_249' title='bbox 1002 3330 1323 3385; x_wconf 88' lang='lat' dir='ltr'><strong>contumelia</strong></span> <span class='ocrx_word' id='word_1_250' title='bbox 1374 3330 1571 3395; x_wconf 78' lang='lat' dir='ltr'><strong>affecit,</strong></span> <span class='ocrx_word' id='word_1_251' title='bbox 1604 3342 1657 3387; x_wconf 89' lang='lat' dir='ltr'><strong>et</strong></span> <span class='ocrx_word' id='word_1_252' title='bbox 1704 3346 1790 3387; x_wconf 90' lang='lat' dir='ltr'><strong>tua</strong></span> 
     </span>
    </p>
   </div>
   <div class='ocr_carea' id='block_1_33' title="bbox 205 3422 1789 3496">
    <p class='ocr_par' dir='ltr' id='par_1_33' title="bbox 205 3422 1789 3496">
     <span class='ocr_line' id='line_1_33' title="bbox 205 3422 1789 3496; baseline 0.007 -24"><span class='ocrx_word' id='word_1_253' title='bbox 205 3422 385 3476; x_wconf 79' lang='lat' dir='ltr'><strong>omnia</strong></span> <span class='ocrx_word' id='word_1_254' title='bbox 428 3424 627 3492; x_wconf 85' lang='lat' dir='ltr'><strong>rapuit,</strong></span> <span class='ocrx_word' id='word_1_255' title='bbox 660 3425 970 3493; x_wconf 83' lang='lat' dir='ltr'><strong>sanguinem</strong></span> <span class='ocrx_word' id='word_1_256' title='bbox 1014 3422 1284 3478; x_wconf 87' lang='lat' dir='ltr'><strong>fundens?</strong></span> <span class='ocrx_word' id='word_1_257' title='bbox 1322 3423 1455 3479; x_wconf 88' lang='lat' dir='ltr'><strong>Nam</strong></span> <span class='ocrx_word' id='word_1_258' title='bbox 1487 3427 1530 3480; x_wconf 89' lang='lat' dir='ltr'><strong>si</strong></span> <span class='ocrx_word' id='word_1_259' title='bbox 1563 3426 1789 3496; x_wconf 88' lang='lat' dir='ltr'><strong>teipsum</strong></span> 
     </span>
    </p>
   </div>
   <div class='ocr_carea' id='block_1_34' title="bbox 203 3512 1788 3589">
    <p class='ocr_par' dir='ltr' id='par_1_34' title="bbox 203 3512 1788 3589">
     <span class='ocr_line' id='line_1_34' title="bbox 203 3512 1788 3589; baseline 0.004 -21"><span class='ocrx_word' id='word_1_260' title='bbox 203 3512 477 3583; x_wconf 76' lang='lat' dir='ltr'><strong>despicis,</strong></span> <span class='ocrx_word' id='word_1_261' title='bbox 519 3529 607 3568; x_wconf 84' lang='lat' dir='ltr'><strong>me</strong></span> <span class='ocrx_word' id='word_1_262' title='bbox 656 3514 882 3580; x_wconf 76' lang='lat' dir='ltr'><strong>Saltem,</strong></span> <span class='ocrx_word' id='word_1_263' title='bbox 922 3517 1009 3583; x_wconf 90' lang='lat' dir='ltr'><strong>qui</strong></span> <span class='ocrx_word' id='word_1_264' title='bbox 1058 3518 1248 3587; x_wconf 88' lang='lat' dir='ltr'><strong>reliqui</strong></span> <span class='ocrx_word' id='word_1_265' title='bbox 1274 3518 1512 3583; x_wconf 91' lang='lat' dir='ltr'><strong>domum,</strong></span> <span class='ocrx_word' id='word_1_266' title='bbox 1544 3522 1788 3589; x_wconf 88' lang='lat' dir='ltr'><strong>patriam,</strong></span> 
     </span>
    </p>
   </div>
   <div class='ocr_carea' id='block_1_35' title="bbox 206 3592 1791 3689">
    <p class='ocr_par' dir='ltr' id='par_1_35' title="bbox 206 3592 1791 3689">
     <span class='ocr_line' id='line_1_35' title="bbox 206 3592 1791 3689; baseline 0.006 -29"><span class='ocrx_word' id='word_1_267' title='bbox 206 3607 411 3660; x_wconf 74' lang='lat' dir='ltr'><strong>amicos</strong></span> <span class='ocrx_word' id='word_1_268' title='bbox 440 3614 496 3660; x_wconf 89' lang='lat' dir='ltr'><strong>et</strong></span> <span class='ocrx_word' id='word_1_269' title='bbox 524 3615 815 3675; x_wconf 84' lang='lat' dir='ltr'><strong>cognatos,</strong></span> <span class='ocrx_word' id='word_1_270' title='bbox 862 3616 916 3662; x_wconf 87' lang='lat' dir='ltr'><strong>et</strong></span> <span class='ocrx_word' id='word_1_271' title='bbox 968 3610 1019 3662; x_wconf 90' lang='lat' dir='ltr'><strong>in</strong></span> <span class='ocrx_word' id='word_1_272' title='bbox 1068 3619 1212 3666; x_wconf 81' lang='lat' dir='ltr'><strong>tanta</strong></span> <span class='ocrx_word' id='word_1_273' title='bbox 1266 3619 1319 3665; x_wconf 91' lang='lat' dir='ltr'><strong>te</strong></span> <span class='ocrx_word' id='word_1_274' title='bbox 1365 3592 1791 3689; x_wconf 67' lang='lat' dir='ltr'><strong>peregrinatione</strong></span> 
     </span>
    </p>
   </div>
   <div class='ocr_carea' id='block_1_36' title="bbox 206 3693 1792 3770">
    <p class='ocr_par' dir='ltr' id='par_1_36' title="bbox 206 3693 1792 3770">
     <span class='ocr_line' id='line_1_36' title="bbox 206 3693 1792 3770; baseline 0.004 -18"><span class='ocrx_word' id='word_1_275' title='bbox 206 3712 331 3752; x_wconf 80' lang='lat' dir='ltr'><strong>sum</strong></span> <span class='ocrx_word' id='word_1_276' title='bbox 349 3707 598 3765; x_wconf 85' lang='lat' dir='ltr'><strong>sequuta,</strong></span> <span class='ocrx_word' id='word_1_277' title='bbox 633 3698 909 3763; x_wconf 84' lang='lat' dir='ltr'><strong>miserare,</strong></span> <span class='ocrx_word' id='word_1_278' title='bbox 943 3714 1042 3753; x_wconf 92' lang='lat' dir='ltr'><strong>nec</strong></span> <span class='ocrx_word' id='word_1_279' title='bbox 1072 3716 1158 3755; x_wconf 92' lang='lat' dir='ltr'><strong>me</strong></span> <span class='ocrx_word' id='word_1_280' title='bbox 1198 3693 1453 3770; x_wconf 70' lang='lat' dir='ltr'><strong>coniicias</strong></span> <span class='ocrx_word' id='word_1_281' title='bbox 1484 3702 1535 3755; x_wconf 93' lang='lat' dir='ltr'><strong>in</strong></span> <span class='ocrx_word' id='word_1_282' title='bbox 1566 3703 1792 3769; x_wconf 86' lang='lat' dir='ltr'><strong>viduita-</strong></span> 
     </span>
    </p>
   </div>
   <div class='ocr_carea' id='block_1_37' title="bbox 208 3786 1791 3857">
    <p class='ocr_par' dir='ltr' id='par_1_37' title="bbox 208 3786 1791 3857">
     <span class='ocr_line' id='line_1_37' title="bbox 208 3786 1791 3857; baseline 0.004 -14"><span class='ocrx_word' id='word_1_283' title='bbox 208 3797 314 3843; x_wconf 80' lang='lat' dir='ltr'><strong>tem</strong></span> <span class='ocrx_word' id='word_1_284' title='bbox 345 3788 482 3842; x_wconf 85' lang='lat' dir='ltr'><strong>etin</strong></span> <span class='ocrx_word' id='word_1_285' title='bbox 511 3786 785 3841; x_wconf 83' lang='lat' dir='ltr'><strong>viduitatis</strong></span> <span class='ocrx_word' id='word_1_286' title='bbox 811 3789 970 3842; x_wconf 86' lang='lat' dir='ltr'><strong>mala.</strong></span> <span class='ocrx_word' id='word_1_287' title='bbox 996 3788 1137 3843; x_wconf 84' lang='lat' dir='ltr'><strong>Nihil</strong></span> <span class='ocrx_word' id='word_1_288' title='bbox 1178 3790 1366 3844; x_wconf 82' lang='lat' dir='ltr'><strong>borum</strong></span> <span class='ocrx_word' id='word_1_289' title='bbox 1397 3792 1480 3846; x_wconf 88' lang='lat' dir='ltr'><strong>vel</strong></span> <span class='ocrx_word' id='word_1_290' title='bbox 1498 3792 1661 3857; x_wconf 86' lang='lat' dir='ltr'><strong>dixit,</strong></span> <span class='ocrx_word' id='word_1_291' title='bbox 1708 3796 1791 3850; x_wconf 88' lang='lat' dir='ltr'><strong>vel</strong></span> 
     </span>
    </p>
   </div>
   <div class='ocr_carea' id='block_1_38' title="bbox 204 3874 1789 3951">
    <p class='ocr_par' dir='ltr' id='par_1_38' title="bbox 204 3874 1789 3951">
     <span class='ocr_line' id='line_1_38' title="bbox 204 3874 1789 3951; baseline 0.005 -17"><span class='ocrx_word' id='word_1_292' title='bbox 204 3883 500 3951; x_wconf 79' lang='lat' dir='ltr'><strong>cogitavit,</strong></span> <span class='ocrx_word' id='word_1_293' title='bbox 523 3882 616 3935; x_wconf 91' lang='lat' dir='ltr'><strong>sed</strong></span> <span class='ocrx_word' id='word_1_294' title='bbox 647 3891 768 3936; x_wconf 83' lang='lat' dir='ltr'><strong>cum</strong></span> <span class='ocrx_word' id='word_1_295' title='bbox 810 3882 1024 3936; x_wconf 80' lang='lat' dir='ltr'><strong>silentio</strong></span> <span class='ocrx_word' id='word_1_296' title='bbox 1053 3874 1171 3936; x_wconf 86' lang='lat' dir='ltr'><strong>tulit</strong></span> <span class='ocrx_word' id='word_1_297' title='bbox 1196 3885 1393 3937; x_wconf 89' lang='lat' dir='ltr'><strong>omnia.</strong></span> <span class='ocrx_word' id='word_1_298' title='bbox 1431 3884 1631 3940; x_wconf 80' lang='lat' dir='ltr'><strong>Deinde</strong></span> <span class='ocrx_word' id='word_1_299' title='bbox 1661 3902 1789 3942; x_wconf 90' lang='lat' dir='ltr'><strong>vero</strong></span> 
     </span>
    </p>
   </div>
   <div class='ocr_carea' id='block_1_39' title="bbox 206 3972 1787 4046">
    <p class='ocr_par' dir='ltr' id='par_1_39' title="bbox 206 3972 1787 4046">
     <span class='ocr_line' id='line_1_39' title="bbox 206 3972 1787 4046; baseline 0.003 -19"><span class='ocrx_word' id='word_1_300' title='bbox 206 3972 381 4029; x_wconf 82' lang='lat' dir='ltr'><strong>sterili</strong></span> <span class='ocrx_word' id='word_1_301' title='bbox 432 3985 685 4027; x_wconf 88' lang='lat' dir='ltr'><strong>manente</strong></span> <span class='ocrx_word' id='word_1_302' title='bbox 735 3981 908 4035; x_wconf 83' lang='lat' dir='ltr'><strong>utero,</strong></span> <span class='ocrx_word' id='word_1_303' title='bbox 953 3974 1065 4043; x_wconf 88' lang='lat' dir='ltr'><strong>ipsa</strong></span> <span class='ocrx_word' id='word_1_304' title='bbox 1110 3975 1323 4044; x_wconf 85' lang='lat' dir='ltr'><strong>quidem</strong></span> <span class='ocrx_word' id='word_1_305' title='bbox 1356 3991 1462 4029; x_wconf 89' lang='lat' dir='ltr'><strong>non</strong></span> <span class='ocrx_word' id='word_1_306' title='bbox 1500 3974 1699 4046; x_wconf 82' lang='lat' dir='ltr'><strong>patitur</strong></span> <span class='ocrx_word' id='word_1_307' title='bbox 1727 3994 1787 4033; x_wconf 88' lang='lat' dir='ltr'><strong>ea</strong></span> 
     </span>
    </p>
   </div>
   <div class='ocr_carea' id='block_1_40' title="bbox 206 4059 1791 4139">
    <p class='ocr_par' dir='ltr' id='par_1_40' title="bbox 206 4059 1791 4139">
     <span class='ocr_line' id='line_1_40' title="bbox 206 4059 1791 4139; baseline 0.003 -20"><span class='ocrx_word' id='word_1_308' title='bbox 206 4080 326 4135; x_wconf 71' lang='lat' dir='ltr'><strong>quae</strong></span> <span class='ocrx_word' id='word_1_309' title='bbox 352 4064 611 4118; x_wconf 82' lang='lat' dir='ltr'><strong>mulieres</strong></span> <span class='ocrx_word' id='word_1_310' title='bbox 638 4066 744 4133; x_wconf 87' lang='lat' dir='ltr'><strong>pati</strong></span> <span class='ocrx_word' id='word_1_311' title='bbox 769 4059 963 4139; x_wconf 85' lang='lat' dir='ltr'><strong>solent,</strong></span> <span class='ocrx_word' id='word_1_312' title='bbox 999 4081 1171 4135; x_wconf 88' lang='lat' dir='ltr'><strong>neque</strong></span> <span class='ocrx_word' id='word_1_313' title='bbox 1197 4067 1553 4123; x_wconf 85' lang='lat' dir='ltr'><strong>lamentatur:</strong></span> <span class='ocrx_word' id='word_1_314' title='bbox 1583 4068 1671 4123; x_wconf 86' lang='lat' dir='ltr'><strong>ille</strong></span> <span class='ocrx_word' id='word_1_315' title='bbox 1698 4086 1791 4124; x_wconf 85' lang='lat' dir='ltr'><strong>au-</strong></span> 
     </span>
    </p>
   </div>
   <div class='ocr_carea' id='block_1_41' title="bbox 206 4156 1790 4229">
    <p class='ocr_par' dir='ltr' id='par_1_41' title="bbox 206 4156 1790 4229">
     <span class='ocr_line' id='line_1_41' title="bbox 206 4156 1790 4229; baseline 0.005 -18"><span class='ocrx_word' id='word_1_316' title='bbox 206 4166 312 4211; x_wconf 89' lang='lat' dir='ltr'><strong>tem</strong></span> <span class='ocrx_word' id='word_1_317' title='bbox 336 4156 503 4223; x_wconf 86' lang='lat' dir='ltr'><strong>luget,</strong></span> <span class='ocrx_word' id='word_1_318' title='bbox 532 4156 627 4209; x_wconf 89' lang='lat' dir='ltr'><strong>sed</strong></span> <span class='ocrx_word' id='word_1_319' title='bbox 658 4172 761 4209; x_wconf 86' lang='lat' dir='ltr'><strong>non</strong></span> <span class='ocrx_word' id='word_1_320' title='bbox 783 4156 922 4225; x_wconf 90' lang='lat' dir='ltr'><strong>apud</strong></span> <span class='ocrx_word' id='word_1_321' title='bbox 948 4173 1189 4224; x_wconf 86' lang='lat' dir='ltr'><strong>uxorem,</strong></span> <span class='ocrx_word' id='word_1_322' title='bbox 1216 4159 1308 4212; x_wconf 88' lang='lat' dir='ltr'><strong>sed</strong></span> <span class='ocrx_word' id='word_1_323' title='bbox 1332 4161 1470 4229; x_wconf 86' lang='lat' dir='ltr'><strong>apud</strong></span> <span class='ocrx_word' id='word_1_324' title='bbox 1498 4157 1690 4217; x_wconf 77' lang='lat' dir='ltr'><strong>Deum.</strong></span> <span class='ocrx_word' id='word_1_325' title='bbox 1725 4165 1790 4219; x_wconf 89' lang='lat' dir='ltr'><strong>Et</strong></span> 
     </span>
    </p>
   </div>
   <div class='ocr_carea' id='block_1_42' title="bbox 205 4244 1789 4321">
    <p class='ocr_par' dir='ltr' id='par_1_42' title="bbox 205 4244 1789 4321">
     <span class='ocr_line' id='line_1_42' title="bbox 205 4244 1789 4321; baseline 0.008 -26"><span class='ocrx_word' id='word_1_326' title='bbox 205 4246 328 4301; x_wconf 80' lang='lat' dir='ltr'><strong>vide</strong></span> <span class='ocrx_word' id='word_1_327' title='bbox 356 4244 630 4313; x_wconf 90' lang='lat' dir='ltr'><strong>quomodo</strong></span> <span class='ocrx_word' id='word_1_328' title='bbox 661 4246 875 4316; x_wconf 77' lang='lat' dir='ltr'><strong>singuli,</strong></span> <span class='ocrx_word' id='word_1_329' title='bbox 896 4247 1034 4314; x_wconf 85' lang='lat' dir='ltr'><strong>quod</strong></span> <span class='ocrx_word' id='word_1_330' title='bbox 1066 4262 1163 4317; x_wconf 87' lang='lat' dir='ltr'><strong>par</strong></span> <span class='ocrx_word' id='word_1_331' title='bbox 1180 4257 1313 4315; x_wconf 89' lang='lat' dir='ltr'><strong>erat,</strong></span> <span class='ocrx_word' id='word_1_332' title='bbox 1344 4260 1580 4305; x_wconf 86' lang='lat' dir='ltr'><strong>servent.</strong></span> <span class='ocrx_word' id='word_1_333' title='bbox 1606 4252 1789 4321; x_wconf 79' lang='lat' dir='ltr'><strong>Neque</strong></span> 
     </span>
    </p>
   </div>
   <div class='ocr_carea' id='block_1_43' title="bbox 192 4334 1788 4411">
    <p class='ocr_par' dir='ltr' id='par_1_43' title="bbox 192 4334 1788 4411">
     <span class='ocr_line' id='line_1_43' title="bbox 192 4334 1788 4411; baseline 0.004 -20"><span class='ocrx_word' id='word_1_334' title='bbox 192 4334 477 4391; x_wconf 68' lang='lat' dir='ltr'><strong>enimille</strong></span> <span class='ocrx_word' id='word_1_335' title='bbox 505 4334 693 4389; x_wconf 88' lang='lat' dir='ltr'><strong>Saram</strong></span> <span class='ocrx_word' id='word_1_336' title='bbox 717 4336 960 4407; x_wconf 79' lang='lat' dir='ltr'><strong>despexit</strong></span> <span class='ocrx_word' id='word_1_337' title='bbox 989 4346 1045 4390; x_wconf 92' lang='lat' dir='ltr'><strong>ut</strong></span> <span class='ocrx_word' id='word_1_338' title='bbox 1071 4338 1328 4403; x_wconf 87' lang='lat' dir='ltr'><strong>sterilem,</strong></span> <span class='ocrx_word' id='word_1_339' title='bbox 1362 4356 1533 4411; x_wconf 89' lang='lat' dir='ltr'><strong>neque</strong></span> <span class='ocrx_word' id='word_1_340' title='bbox 1564 4342 1638 4396; x_wconf 90' lang='lat' dir='ltr'><strong>illi</strong></span> <span class='ocrx_word' id='word_1_341' title='bbox 1668 4343 1788 4398; x_wconf 91' lang='lat' dir='ltr'><strong>ideo</strong></span> 
     </span>
    </p>
   </div>
   <div class='ocr_carea' id='block_1_44' title="bbox 203 4426 1787 4498">
    <p class='ocr_par' dir='ltr' id='par_1_44' title="bbox 203 4426 1787 4498">
     <span class='ocr_line' id='line_1_44' title="bbox 203 4426 1787 4498; baseline 0.004 -16"><span class='ocrx_word' id='word_1_342' title='bbox 203 4426 481 4498; x_wconf 86' lang='lat' dir='ltr'><strong>quidpiam</strong></span> <span class='ocrx_word' id='word_1_343' title='bbox 508 4428 872 4495; x_wconf 88' lang='lat' dir='ltr'><strong>exprobravit.</strong></span> <span class='ocrx_word' id='word_1_344' title='bbox 908 4428 1000 4482; x_wconf 89' lang='lat' dir='ltr'><strong>llla</strong></span> <span class='ocrx_word' id='word_1_345' title='bbox 1047 4444 1175 4483; x_wconf 88' lang='lat' dir='ltr'><strong>vero</strong></span> <span class='ocrx_word' id='word_1_346' title='bbox 1200 4431 1433 4486; x_wconf 82' lang='lat' dir='ltr'><strong>vicissim</strong></span> <span class='ocrx_word' id='word_1_347' title='bbox 1462 4435 1787 4489; x_wconf 90' lang='lat' dir='ltr'><strong>consolatio-</strong></span> 
     </span>
    </p>
   </div>
   <div class='ocr_carea' id='block_1_45' title="bbox 206 4512 1785 4595">
    <p class='ocr_par' dir='ltr' id='par_1_45' title="bbox 206 4512 1785 4595">
     <span class='ocr_line' id='line_1_45' title="bbox 206 4512 1785 4595; baseline 0.002 -17"><span class='ocrx_word' id='word_1_348' title='bbox 206 4537 330 4578; x_wconf 81' lang='lat' dir='ltr'><strong>nem</strong></span> <span class='ocrx_word' id='word_1_349' title='bbox 364 4521 651 4591; x_wconf 87' lang='lat' dir='ltr'><strong>quamdam</strong></span> <span class='ocrx_word' id='word_1_350' title='bbox 677 4538 773 4591; x_wconf 91' lang='lat' dir='ltr'><strong>pro</strong></span> <span class='ocrx_word' id='word_1_351' title='bbox 800 4523 1029 4577; x_wconf 87' lang='lat' dir='ltr'><strong>orbitate</strong></span> <span class='ocrx_word' id='word_1_352' title='bbox 1073 4512 1515 4595; x_wconf 49' lang='lat' dir='ltr'><strong>excogitavit‘per</strong></span> <span class='ocrx_word' id='word_1_353' title='bbox 1540 4528 1785 4582; x_wconf 86' lang='lat' dir='ltr'><strong>ancillam</strong></span> 
     </span>
    </p>
   </div>
   <div class='ocr_carea' id='block_1_46' title="bbox 204 4598 1789 4686">
    <p class='ocr_par' dir='ltr' id='par_1_46' title="bbox 204 4598 1789 4686">
     <span class='ocr_line' id='line_1_46' title="bbox 204 4598 1789 4686; baseline 0.003 -16"><span class='ocrx_word' id='word_1_354' title='bbox 204 4598 357 4670; x_wconf 80' lang='lat' dir='ltr'><strong>suam</strong></span> <span class='ocrx_word' id='word_1_355' title='bbox 390 4633 402 4668; x_wconf 93' lang='lat'><strong>:</strong></span> <span class='ocrx_word' id='word_1_356' title='bbox 435 4614 669 4668; x_wconf 92' lang='lat' dir='ltr'><strong>nondum</strong></span> <span class='ocrx_word' id='word_1_357' title='bbox 710 4616 851 4670; x_wconf 89' lang='lat' dir='ltr'><strong>enim</strong></span> <span class='ocrx_word' id='word_1_358' title='bbox 901 4616 987 4670; x_wconf 87' lang='lat' dir='ltr'><strong>illa</strong></span> <span class='ocrx_word' id='word_1_359' title='bbox 1034 4624 1158 4670; x_wconf 90' lang='lat' dir='ltr'><strong>tunc</strong></span> <span class='ocrx_word' id='word_1_360' title='bbox 1207 4618 1468 4686; x_wconf 87' lang='lat' dir='ltr'><strong>prohibita</strong></span> <span class='ocrx_word' id='word_1_361' title='bbox 1500 4630 1685 4685; x_wconf 88' lang='lat' dir='ltr'><strong>erant,</strong></span> <span class='ocrx_word' id='word_1_362' title='bbox 1733 4632 1789 4675; x_wconf 92' lang='lat' dir='ltr'><strong>ut</strong></span> 
     </span>
    </p>
   </div>
   <div class='ocr_carea' id='block_1_47' title="bbox 206 4698 1785 4773">
    <p class='ocr_par' dir='ltr' id='par_1_47' title="bbox 206 4698 1785 4773">
     <span class='ocr_line' id='line_1_47' title="bbox 206 4698 1785 4773; baseline 0.003 -13"><span class='ocrx_word' id='word_1_363' title='bbox 206 4714 357 4760; x_wconf 80' lang='lat' dir='ltr'><strong>nunc</strong></span> <span class='ocrx_word' id='word_1_364' title='bbox 380 4715 526 4760; x_wconf 87' lang='lat' dir='ltr'><strong>sunt.</strong></span> <span class='ocrx_word' id='word_1_365' title='bbox 554 4698 707 4760; x_wconf 84' lang='lat' dir='ltr'><strong>Nunc</strong></span> <span class='ocrx_word' id='word_1_366' title='bbox 731 4706 875 4761; x_wconf 84' lang='lat' dir='ltr'><strong>enim</strong></span> <span class='ocrx_word' id='word_1_367' title='bbox 906 4720 1078 4773; x_wconf 86' lang='lat' dir='ltr'><strong>neque</strong></span> <span class='ocrx_word' id='word_1_368' title='bbox 1105 4709 1357 4763; x_wconf 79' lang='lat' dir='ltr'><strong>uxoribus</strong></span> <span class='ocrx_word' id='word_1_369' title='bbox 1385 4710 1513 4765; x_wconf 90' lang='lat' dir='ltr'><strong>licet</strong></span> <span class='ocrx_word' id='word_1_370' title='bbox 1553 4711 1680 4764; x_wconf 89' lang='lat' dir='ltr'><strong>viris</strong></span> <span class='ocrx_word' id='word_1_371' title='bbox 1706 4720 1785 4765; x_wconf 77' lang='lat' dir='ltr'><strong>ta-</strong></span> 
     </span>
    </p>
   </div>
   <div class='ocr_carea' id='block_1_48' title="bbox 203 4795 1787 4868">
    <p class='ocr_par' dir='ltr' id='par_1_48' title="bbox 203 4795 1787 4868">
     <span class='ocr_line' id='line_1_48' title="bbox 203 4795 1787 4868; baseline 0.003 -16"><span class='ocrx_word' id='word_1_372' title='bbox 203 4795 312 4852; x_wconf 81' lang='lat' dir='ltr'><strong>lem</strong></span> <span class='ocrx_word' id='word_1_373' title='bbox 338 4796 570 4864; x_wconf 70' lang='lat' dir='ltr'><strong>gratiam</strong></span> <span class='ocrx_word' id='word_1_374' title='bbox 596 4797 836 4862; x_wconf 74' lang='lat' dir='ltr'><strong>referre;</strong></span> <span class='ocrx_word' id='word_1_375' title='bbox 868 4811 1040 4868; x_wconf 90' lang='lat' dir='ltr'><strong>neque</strong></span> <span class='ocrx_word' id='word_1_376' title='bbox 1064 4796 1189 4863; x_wconf 85' lang='lat' dir='ltr'><strong>illis,</strong></span> <span class='ocrx_word' id='word_1_377' title='bbox 1213 4800 1325 4853; x_wconf 90' lang='lat' dir='ltr'><strong>sive</strong></span> <span class='ocrx_word' id='word_1_378' title='bbox 1346 4801 1654 4864; x_wconf 85' lang='lat' dir='ltr'><strong>scientibus,</strong></span> <span class='ocrx_word' id='word_1_379' title='bbox 1674 4803 1787 4857; x_wconf 88' lang='lat' dir='ltr'><strong>sive</strong></span> 
     </span>
    </p>
   </div>
   <div class='ocr_carea' id='block_1_49' title="bbox 204 4880 1782 4961">
    <p class='ocr_par' dir='ltr' id='par_1_49' title="bbox 204 4880 1782 4961">
     <span class='ocr_line' id='line_1_49' title="bbox 204 4880 1782 4961; baseline 0.004 -18"><span class='ocrx_word' id='word_1_380' title='bbox 204 4880 579 4961; x_wconf 69' lang='lat' dir='ltr'><strong>ignorantibus</strong></span> <span class='ocrx_word' id='word_1_381' title='bbox 627 4890 916 4952; x_wconf 84' lang='lat' dir='ltr'><strong>uxoribus,</strong></span> <span class='ocrx_word' id='word_1_382' title='bbox 971 4889 1103 4943; x_wconf 84' lang='lat' dir='ltr'><strong>tales</strong></span> <span class='ocrx_word' id='word_1_383' title='bbox 1163 4899 1367 4945; x_wconf 85' lang='lat' dir='ltr'><strong>tentare</strong></span> <span class='ocrx_word' id='word_1_384' title='bbox 1436 4894 1782 4959; x_wconf 88' lang='lat' dir='ltr'><strong>concubitus,</strong></span> 
     </span>
    </p>
   </div>
   <div class='ocr_carea' id='block_1_50' title="bbox 200 4980 1789 5063">
    <p class='ocr_par' dir='ltr' id='par_1_50' title="bbox 200 4980 1789 5063">
     <span class='ocr_line' id='line_1_50' title="bbox 200 4980 1789 5063; baseline 0.001 -26"><span class='ocrx_word' id='word_1_385' title='bbox 200 4980 493 5054; x_wconf 78' lang='lat' dir='ltr'><strong>quantovis</strong></span> <span class='ocrx_word' id='word_1_386' title='bbox 519 4981 764 5037; x_wconf 86' lang='lat' dir='ltr'><strong>orbitatis</strong></span> <span class='ocrx_word' id='word_1_387' title='bbox 782 4981 966 5036; x_wconf 91' lang='lat' dir='ltr'><strong>dolore</strong></span> <span class='ocrx_word' id='word_1_388' title='bbox 990 4991 1314 5050; x_wconf 86' lang='lat' dir='ltr'><strong>premantur.</strong></span> <span class='ocrx_word' id='word_1_389' title='bbox 1354 4982 1487 5037; x_wconf 88' lang='lat' dir='ltr'><strong>Nam</strong></span> <span class='ocrx_word' id='word_1_390' title='bbox 1512 4986 1620 5063; x_wconf 86' lang='lat' dir='ltr'><strong>ipsi</strong></span> <span class='ocrx_word' id='word_1_391' title='bbox 1654 5001 1789 5055; x_wconf 86' lang='lat' dir='ltr'><strong>quo-</strong></span> 
     </span>
    </p>
   </div>
   <div class='ocr_carea' id='block_1_51' title="bbox 202 5067 1786 5145">
    <p class='ocr_par' dir='ltr' id='par_1_51' title="bbox 202 5067 1786 5145">
     <span class='ocr_line' id='line_1_51' title="bbox 202 5067 1786 5145; baseline 0.002 -18"><span class='ocrx_word' id='word_1_392' title='bbox 202 5086 313 5145; x_wconf 70' lang='lat' dir='ltr'><strong>quo</strong></span> <span class='ocrx_word' id='word_1_393' title='bbox 339 5067 581 5133; x_wconf 75' lang='lat' dir='ltr'><strong>audient,</strong></span> <span class='ocrx_word' id='word_1_394' title='bbox 622 5069 816 5126; x_wconf 71' lang='lat' dir='ltr'><strong>Vel-mis</strong></span> <span class='ocrx_word' id='word_1_395' title='bbox 843 5088 1016 5125; x_wconf 75' lang='lat' dir='ltr'><strong>eorum</strong></span> <span class='ocrx_word' id='word_1_396' title='bbox 1041 5088 1138 5124; x_wconf 78' lang='lat' dir='ltr'><strong>non</strong></span> <span class='ocrx_word' id='word_1_397' title='bbox 1164 5069 1423 5137; x_wconf 71' lang='lat' dir='ltr'><strong>mdrietur,</strong></span> <span class='ocrx_word' id='word_1_398' title='bbox 1452 5084 1501 5128; x_wconf 80' lang='lat' dir='ltr'><strong>et</strong></span> <span class='ocrx_word' id='word_1_399' title='bbox 1524 5077 1656 5145; x_wconf 74' lang='lat' dir='ltr'><strong>ignis</strong></span> <span class='ocrx_word' id='word_1_400' title='bbox 1700 5092 1786 5130; x_wconf 75' lang='grc' dir='ltr'><strong>ιο·</strong></span> 
     </span>
    </p>
   </div>
   <div class='ocr_carea' id='block_1_52' title="bbox 202 5160 1783 5233">
    <p class='ocr_par' dir='ltr' id='par_1_52' title="bbox 202 5160 1783 5233">
     <span class='ocr_line' id='line_1_52' title="bbox 202 5160 1783 5233; baseline 0.003 -15"><span class='ocrx_word' id='word_1_401' title='bbox 202 5178 321 5219; x_wconf 68' lang='grc' dir='ltr'><strong>ωσι</strong></span> <span class='ocrx_word' id='word_1_402' title='bbox 342 5175 450 5214; x_wconf 64' lang='lat' dir='ltr'><strong>non</strong></span> <span class='ocrx_word' id='word_1_403' title='bbox 467 5160 808 5229; x_wconf 72' lang='lat' dir='ltr'><strong>exstinguetur</strong></span> <span class='ocrx_word' id='word_1_404' title='bbox 824 5162 1021 5233; x_wconf 78' lang='lat' dir='ltr'><strong>(Marc.</strong></span> <span class='ocrx_word' id='word_1_405' title='bbox 1040 5161 1091 5216; x_wconf 90' lang='lat'><strong>9.</strong></span> <span class='ocrx_word' id='word_1_406' title='bbox 1116 5161 1229 5233; x_wconf 72' lang='grc'><strong>45).</strong></span> <span class='ocrx_word' id='word_1_407' title='bbox 1257 5161 1372 5217; x_wconf 83' lang='lat' dir='ltr'><strong>Non</strong></span> <span class='ocrx_word' id='word_1_408' title='bbox 1390 5164 1533 5219; x_wconf 87' lang='lat' dir='ltr'><strong>enim</strong></span> <span class='ocrx_word' id='word_1_409' title='bbox 1567 5165 1617 5219; x_wconf 92' lang='lat' dir='ltr'><strong>id</strong></span> <span class='ocrx_word' id='word_1_410' title='bbox 1643 5182 1783 5222; x_wconf 83' lang='lat' dir='ltr'><strong>nunc</strong></span> 
     </span>
    </p>
   </div>
   <div class='ocr_carea' id='block_1_53' title="bbox 204 5242 1785 5327">
    <p class='ocr_par' dir='ltr' id='par_1_53' title="bbox 204 5242 1785 5327">
     <span class='ocr_line' id='line_1_53' title="bbox 204 5242 1785 5327; baseline 0.007 -26"><span class='ocrx_word' id='word_1_411' title='bbox 204 5246 559 5326; x_wconf 70' lang='lat' dir='ltr'><strong>permittitur,</strong></span> <span class='ocrx_word' id='word_1_412' title='bbox 584 5258 710 5316; x_wconf 88' lang='lat' dir='ltr'><strong>tunc</strong></span> <span class='ocrx_word' id='word_1_413' title='bbox 733 5268 862 5307; x_wconf 87' lang='lat' dir='ltr'><strong>vero</strong></span> <span class='ocrx_word' id='word_1_414' title='bbox 884 5266 990 5307; x_wconf 85' lang='lat' dir='ltr'><strong>non</strong></span> <span class='ocrx_word' id='word_1_415' title='bbox 1018 5242 1341 5319; x_wconf 81' lang='lat' dir='ltr'><strong>prohibitum</strong></span> <span class='ocrx_word' id='word_1_416' title='bbox 1362 5263 1486 5311; x_wconf 79' lang='lat' dir='ltr'><strong>.erat</strong></span> <span class='ocrx_word' id='word_1_417' title='bbox 1507 5272 1529 5313; x_wconf 84' lang='lat'><strong>.:</strong></span> <span class='ocrx_word' id='word_1_418' title='bbox 1558 5257 1785 5327; x_wconf 83' lang='lat' dir='ltr'><strong>ideoque</strong></span> 
     </span>
    </p>
   </div>
   <div class='ocr_carea' id='block_1_54' title="bbox 201 5339 1780 5414">
    <p class='ocr_par' dir='ltr' id='par_1_54' title="bbox 201 5339 1780 5414">
     <span class='ocr_line' id='line_1_54' title="bbox 201 5339 1780 5414; baseline 0.001 -13"><span class='ocrx_word' id='word_1_419' title='bbox 201 5358 356 5403; x_wconf 72' lang='lat' dir='ltr'><strong>tuor</strong></span> <span class='ocrx_word' id='word_1_420' title='bbox 375 5342 478 5397; x_wconf 90' lang='lat' dir='ltr'><strong>hoc</strong></span> <span class='ocrx_word' id='word_1_421' title='bbox 510 5339 689 5409; x_wconf 83' lang='lat' dir='ltr'><strong>jussit,</strong></span> <span class='ocrx_word' id='word_1_422' title='bbox 735 5350 791 5396; x_wconf 90' lang='lat' dir='ltr'><strong>et</strong></span> <span class='ocrx_word' id='word_1_423' title='bbox 838 5344 927 5397; x_wconf 88' lang='lat' dir='ltr'><strong>ille</strong></span> <span class='ocrx_word' id='word_1_424' title='bbox 963 5343 1571 5414; x_wconf 73' lang='lat' dir='ltr'><strong>obtemperavit,gneque</strong></span> <span class='ocrx_word' id='word_1_425' title='bbox 1604 5356 1780 5403; x_wconf 89' lang='lat' dir='ltr'><strong>tamen</strong></span> 
     </span>
    </p>
   </div>
   <div class='ocr_carea' id='block_1_55' title="bbox 204 5428 1778 5509">
    <p class='ocr_par' dir='ltr' id='par_1_55' title="bbox 204 5428 1778 5509">
     <span class='ocr_line' id='line_1_55' title="bbox 204 5428 1778 5509; baseline 0.004 -20"><span class='ocrx_word' id='word_1_426' title='bbox 204 5428 927 5505; x_wconf 46' lang='lat' dir='ltr'><strong>pmpter‘voluptatem..Sed</strong></span> <span class='ocrx_word' id='word_1_427' title='bbox 950 5434 1088 5499; x_wconf 68' lang='lat' dir='ltr'><strong>vide,</strong></span> <span class='ocrx_word' id='word_1_428' title='bbox 1120 5435 1348 5504; x_wconf 86' lang='lat' dir='ltr'><strong>inquies.</strong></span> <span class='ocrx_word' id='word_1_429' title='bbox 1376 5439 1649 5505; x_wconf 88' lang='lat' dir='ltr'><strong>quomodo</strong></span> <span class='ocrx_word' id='word_1_430' title='bbox 1667 5445 1778 5509; x_wconf 86' lang='lat' dir='ltr'><strong>ipsa</strong></span> 
     </span>
    </p>
   </div>
   <div class='ocr_carea' id='block_1_56' title="bbox 196 5516 1782 5600">
    <p class='ocr_par' dir='ltr' id='par_1_56' title="bbox 196 5516 1782 5600">
     <span class='ocr_line' id='line_1_56' title="bbox 196 5516 1782 5600; baseline 0.001 -14"><span class='ocrx_word' id='word_1_431' title='bbox 196 5526 448 5600; x_wconf 69' lang='lat' dir='ltr'><strong>lubente,</strong></span> <span class='ocrx_word' id='word_1_432' title='bbox 477 5522 725 5582; x_wconf 80' lang='lat' dir='ltr'><strong>ancillam</strong></span> <span class='ocrx_word' id='word_1_433' title='bbox 752 5523 931 5593; x_wconf 75' lang='lat' dir='ltr'><strong>eiecit.</strong></span> <span class='ocrx_word' id='word_1_434' title='bbox 962 5526 1079 5597; x_wconf 79' lang='lat' dir='ltr'><strong>Ego</strong></span> <span class='ocrx_word' id='word_1_435' title='bbox 1102 5528 1251 5583; x_wconf 81' lang='lat' dir='ltr'><strong>enim</strong></span> <span class='ocrx_word' id='word_1_436' title='bbox 1286 5516 1389 5583; x_wconf 86' lang='lat' dir='ltr'><strong>hoc</strong></span> <span class='ocrx_word' id='word_1_437' title='bbox 1426 5530 1554 5584; x_wconf 86' lang='lat' dir='ltr'><strong>volo</strong></span> <span class='ocrx_word' id='word_1_438' title='bbox 1600 5544 1782 5588; x_wconf 80' lang='lat' dir='ltr'><strong>osten-</strong></span> 
     </span>
    </p>
   </div>
   <div class='ocr_carea' id='block_1_57' title="bbox 201 5614 1783 5693">
    <p class='ocr_par' dir='ltr' id='par_1_57' title="bbox 201 5614 1783 5693">
     <span class='ocr_line' id='line_1_57' title="bbox 201 5614 1783 5693; baseline 0.004 -17"><span class='ocrx_word' id='word_1_439' title='bbox 201 5619 361 5685; x_wconf 73' lang='lat' dir='ltr'><strong>dere,</strong></span> <span class='ocrx_word' id='word_1_440' title='bbox 385 5616 530 5689; x_wconf 76' lang='lat' dir='ltr'><strong>quod</strong></span> <span class='ocrx_word' id='word_1_441' title='bbox 573 5622 629 5671; x_wconf 77' lang='lat' dir='ltr'><strong>et</strong></span> <span class='ocrx_word' id='word_1_442' title='bbox 655 5614 746 5671; x_wconf 85' lang='lat' dir='ltr'><strong>ille</strong></span> <span class='ocrx_word' id='word_1_443' title='bbox 789 5615 890 5685; x_wconf 83' lang='lat' dir='ltr'><strong>ipsi</strong></span> <span class='ocrx_word' id='word_1_444' title='bbox 919 5615 972 5670; x_wconf 86' lang='lat' dir='ltr'><strong>in</strong></span> <span class='ocrx_word' id='word_1_445' title='bbox 1003 5619 1249 5676; x_wconf 81' lang='lat' dir='ltr'><strong>omnibus</strong></span> <span class='ocrx_word' id='word_1_446' title='bbox 1274 5621 1691 5693; x_wconf 85' lang='lat' dir='ltr'><strong>obtemperaret,</strong></span> <span class='ocrx_word' id='word_1_447' title='bbox 1725 5635 1783 5682; x_wconf 88' lang='lat' dir='ltr'><strong>et</strong></span> 
     </span>
    </p>
   </div>
   <div class='ocr_carea' id='block_1_58' title="bbox 266 5793 1776 5874">
    <p class='ocr_par' dir='ltr' id='par_1_58' title="bbox 266 5793 1776 5874">
     <span class='ocr_line' id='line_1_58' title="bbox 266 5793 1776 5874; baseline 0.003 -15"><span class='ocrx_word' id='word_1_448' title='bbox 266 5802 327 5859; x_wconf 82' lang='grc'><strong>7.</strong></span> <span class='ocrx_word' id='word_1_449' title='bbox 357 5798 500 5859; x_wconf 69' lang='lat' dir='ltr'><strong>L&#39;aar</strong></span> <span class='ocrx_word' id='word_1_450' title='bbox 516 5810 566 5860; x_wconf 68' lang='lat' dir='ltr'><strong>et</strong></span> <span class='ocrx_word' id='word_1_451' title='bbox 585 5801 782 5860; x_wconf 58' lang='lat' dir='ltr'><strong>rit-non</strong></span> <span class='ocrx_word' id='word_1_452' title='bbox 803 5797 982 5871; x_wconf 75' lang='lat' dir='ltr'><strong>debent</strong></span> <span class='ocrx_word' id='word_1_453' title='bbox 998 5793 1127 5859; x_wconf 70' lang='lat' dir='ltr'><strong>alter</strong></span> <span class='ocrx_word' id='word_1_454' title='bbox 1143 5803 1351 5862; x_wconf 70' lang='lat' dir='ltr'><strong>alterius</strong></span> <span class='ocrx_word' id='word_1_455' title='bbox 1364 5814 1655 5874; x_wconf 60' lang='lat' dir='ltr'><strong>exspectare</strong></span> <span class='ocrx_word' id='word_1_456' title='bbox 1674 5811 1776 5865; x_wconf 69' lang='lat' dir='ltr'><strong>vir-</strong></span> 
     </span>
    </p>
   </div>
   <div class='ocr_carea' id='block_1_59' title="bbox 1162 356 2439 418">
    <p class='ocr_par' dir='ltr' id='par_1_59' title="bbox 1162 356 2439 418">
     <span class='ocr_line' id='line_1_59' title="bbox 1162 356 2439 418; baseline -0.002 -1"><span class='ocrx_word' id='word_1_457' title='bbox 1162 362 1165 365; x_wconf 35' lang='lat'><em>‘</em></span> <span class='ocrx_word' id='word_1_458' title='bbox 1207 362 1275 418; x_wconf 83' lang='lat' dir='ltr'><strong>IN</strong></span> <span class='ocrx_word' id='word_1_459' title='bbox 1314 360 1527 418; x_wconf 81' lang='lat' dir='ltr'><strong>EPIST.</strong></span> <span class='ocrx_word' id='word_1_460' title='bbox 1567 359 1591 416; x_wconf 82' lang='grc' dir='ltr'>Ι</span> <span class='ocrx_word' id='word_1_461' title='bbox 1653 357 1747 413; x_wconf 81' lang='lat' dir='ltr'><strong>AD</strong></span> <span class='ocrx_word' id='word_1_462' title='bbox 1782 356 2214 415; x_wconf 66' lang='grc' dir='ltr'><strong>οοωηοδηῑ..</strong></span> <span class='ocrx_word' id='word_1_463' title='bbox 2252 357 2439 417; x_wconf 70' lang='lat' dir='ltr'><strong>XXVI.</strong></span> 
     </span>
    </p>
   </div>
   <div class='ocr_carea' id='block_1_60' title="bbox 194 477 1813 563">
    <p class='ocr_par' dir='ltr' id='par_1_60' title="bbox 194 477 1813 563">
     <span class='ocr_line' id='line_1_60' title="bbox 194 477 1813 563; baseline -0.006 -27"><span class='ocrx_word' id='word_1_464' title='bbox 194 483 371 537; x_wconf 78' lang='lat' dir='ltr'><strong>virum</strong></span> <span class='ocrx_word' id='word_1_465' title='bbox 395 479 563 547; x_wconf 78' lang='lat' dir='ltr'><strong>feras,</strong></span> <span class='ocrx_word' id='word_1_466' title='bbox 589 479 922 551; x_wconf 73' lang='lat' dir='ltr'><strong>splendidam</strong></span> <span class='ocrx_word' id='word_1_467' title='bbox 948 480 1181 563; x_wconf 80' lang='lat' dir='ltr'><strong>accipies</strong></span> <span class='ocrx_word' id='word_1_468' title='bbox 1208 492 1467 534; x_wconf 78' lang='lat' dir='ltr'><strong>coronam</strong></span> <span class='ocrx_word' id='word_1_469' title='bbox 1495 495 1509 532; x_wconf 90' lang='lat'><strong>:</strong></span> <span class='ocrx_word' id='word_1_470' title='bbox 1533 477 1613 532; x_wconf 87' lang='lat' dir='ltr'><strong>sin</strong></span> <span class='ocrx_word' id='word_1_471' title='bbox 1634 484 1813 529; x_wconf 73' lang='lat' dir='ltr'><strong>man-‘</strong></span> 
     </span>
    </p>
   </div>
   <div class='ocr_carea' id='block_1_61' title="bbox 3356 376 3463 431">
    <p class='ocr_par' dir='ltr' id='par_1_61' title="bbox 3356 376 3463 431">
     <span class='ocr_line' id='line_1_61' title="bbox 3356 376 3463 431; baseline 0 0"><span class='ocrx_word' id='word_1_472' title='bbox 3356 376 3463 431; x_wconf 71' lang='lat'><strong>22?.</strong></span> 
     </span>
    </p>
   </div>
   <div class='ocr_carea' id='block_1_62' title="bbox 1896 474 3472 557">
    <p class='ocr_par' dir='ltr' id='par_1_62' title="bbox 1896 474 3472 557">
     <span class='ocr_line' id='line_1_62' title="bbox 1896 474 3472 557; baseline 0.013 -33"><span class='ocrx_word' id='word_1_473' title='bbox 1896 480 2050 525; x_wconf 74' lang='lat' dir='ltr'><strong>tuum</strong></span> <span class='ocrx_word' id='word_1_474' title='bbox 2071 474 2140 526; x_wconf 83' lang='lat' dir='ltr'><strong>ad</strong></span> <span class='ocrx_word' id='word_1_475' title='bbox 2179 476 2681 547; x_wconf 77' lang='lat' dir='ltr'><strong>philosophandum;</strong></span> <span class='ocrx_word' id='word_1_476' title='bbox 2708 496 2917 537; x_wconf 68' lang='lat' dir='ltr'><strong>uxorem</strong></span> <span class='ocrx_word' id='word_1_477' title='bbox 2944 483 3205 555; x_wconf 75' lang='lat' dir='ltr'><strong>verberare</strong></span> <span class='ocrx_word' id='word_1_478' title='bbox 3233 495 3472 557; x_wconf 67' lang='lat' dir='ltr'><strong>turpissi-</strong></span> 
     </span>
    </p>
   </div>
   <div class='ocr_carea' id='block_1_63' title="bbox 1895 564 3469 640">
    <p class='ocr_par' dir='ltr' id='par_1_63' title="bbox 1895 564 3469 640">
     <span class='ocr_line' id='line_1_63' title="bbox 1895 564 3469 640; baseline 0.011 -25"><span class='ocrx_word' id='word_1_479' title='bbox 1895 578 2032 615; x_wconf 83' lang='lat' dir='ltr'><strong>mum</strong></span> <span class='ocrx_word' id='word_1_480' title='bbox 2059 572 2150 619; x_wconf 71' lang='lat' dir='ltr'><strong>est.</strong></span> <span class='ocrx_word' id='word_1_481' title='bbox 2178 592 2250 606; x_wconf 86' lang='lat'><strong>--</strong></span> <span class='ocrx_word' id='word_1_482' title='bbox 2276 564 2540 624; x_wconf 63' lang='lat' dir='ltr'><strong>Caeterum</strong></span> <span class='ocrx_word' id='word_1_483' title='bbox 2566 585 2636 625; x_wconf 89' lang='lat' dir='ltr'><strong>ne</strong></span> <span class='ocrx_word' id='word_1_484' title='bbox 2664 569 2751 626; x_wconf 85' lang='lat' dir='ltr'><strong>his</strong></span> <span class='ocrx_word' id='word_1_485' title='bbox 2774 573 2946 628; x_wconf 85' lang='lat' dir='ltr'><strong>solum</strong></span> <span class='ocrx_word' id='word_1_486' title='bbox 2973 578 3257 640; x_wconf 82' lang='lat' dir='ltr'><strong>attendas,</strong></span> <span class='ocrx_word' id='word_1_487' title='bbox 3287 581 3381 634; x_wconf 83' lang='lat' dir='ltr'><strong>sed</strong></span> <span class='ocrx_word' id='word_1_488' title='bbox 3415 590 3469 633; x_wconf 89' lang='lat' dir='ltr'><strong>tu</strong></span> 
     </span>
    </p>
   </div>
   <div class='ocr_carea' id='block_1_64' title="bbox 1891 656 3471 737">
    <p class='ocr_par' dir='ltr' id='par_1_64' title="bbox 1891 656 3471 737">
     <span class='ocr_line' id='line_1_64' title="bbox 1891 656 3471 737; baseline 0.013 -31"><span class='ocrx_word' id='word_1_489' title='bbox 1891 669 2007 722; x_wconf 61' lang='lat' dir='ltr'><strong>quae</strong></span> <span class='ocrx_word' id='word_1_490' title='bbox 2038 656 2151 709; x_wconf 78' lang='lat' dir='ltr'><strong>hare</strong></span> <span class='ocrx_word' id='word_1_491' title='bbox 2178 656 2312 712; x_wconf 87' lang='lat' dir='ltr'><strong>dicis</strong></span> <span class='ocrx_word' id='word_1_492' title='bbox 2333 661 2494 714; x_wconf 83' lang='lat' dir='ltr'><strong>etiam</strong></span> <span class='ocrx_word' id='word_1_493' title='bbox 2519 664 2695 732; x_wconf 84' lang='lat' dir='ltr'><strong>priora</strong></span> <span class='ocrx_word' id='word_1_494' title='bbox 2723 667 2992 732; x_wconf 75' lang='lat' dir='ltr'><strong>examina,</strong></span> <span class='ocrx_word' id='word_1_495' title='bbox 3018 668 3159 737; x_wconf 85' lang='lat' dir='ltr'><strong>quod</strong></span> <span class='ocrx_word' id='word_1_496' title='bbox 3189 679 3471 728; x_wconf 74' lang='lat' dir='ltr'><strong>contume-</strong></span> 
     </span>
    </p>
   </div>
   <div class='ocr_carea' id='block_1_65' title="bbox 1894 747 3471 835">
    <p class='ocr_par' dir='ltr' id='par_1_65' title="bbox 1894 747 3471 835">
     <span class='ocr_line' id='line_1_65' title="bbox 1894 747 3471 835; baseline 0.01 -36"><span class='ocrx_word' id='word_1_497' title='bbox 1894 747 2015 801; x_wconf 87' lang='lat' dir='ltr'><strong>liam</strong></span> <span class='ocrx_word' id='word_1_498' title='bbox 2047 749 2264 804; x_wconf 85' lang='lat' dir='ltr'><strong>inferrct</strong></span> <span class='ocrx_word' id='word_1_499' title='bbox 2294 753 2339 807; x_wconf 91' lang='lat' dir='ltr'><strong>ei</strong></span> <span class='ocrx_word' id='word_1_500' title='bbox 2362 794 2375 817; x_wconf 92' lang='lat'><strong>,</strong></span> <span class='ocrx_word' id='word_1_501' title='bbox 2425 755 2566 822; x_wconf 87' lang='lat' dir='ltr'><strong>quod</strong></span> <span class='ocrx_word' id='word_1_502' title='bbox 2598 770 2667 810; x_wconf 84' lang='lat' dir='ltr'><strong>se&#39;</strong></span> <span class='ocrx_word' id='word_1_503' title='bbox 2686 768 3000 826; x_wconf 76' lang='lat' dir='ltr'><strong>arroganter</strong></span> <span class='ocrx_word' id='word_1_504' title='bbox 3027 761 3311 834; x_wconf 68' lang='lat' dir='ltr'><strong>extolleret</strong></span> <span class='ocrx_word' id='word_1_505' title='bbox 3339 778 3471 835; x_wconf 75' lang='lat' dir='ltr'><strong>con-</strong></span> 
     </span>
    </p>
   </div>
   <div class='ocr_carea' id='block_1_66' title="bbox 1895 842 3471 923">
    <p class='ocr_par' dir='ltr' id='par_1_66' title="bbox 1895 842 3471 923">
     <span class='ocr_line' id='line_1_66' title="bbox 1895 842 3471 923; baseline 0.012 -30"><span class='ocrx_word' id='word_1_506' title='bbox 1895 851 1971 894; x_wconf 84' lang='lat' dir='ltr'><strong>tra</strong></span> <span class='ocrx_word' id='word_1_507' title='bbox 2000 842 2268 896; x_wconf 85' lang='lat' dir='ltr'><strong>dominam</strong></span> <span class='ocrx_word' id='word_1_508' title='bbox 2286 863 2308 898; x_wconf 84' lang='lat'><strong>-:</strong></span> <span class='ocrx_word' id='word_1_509' title='bbox 2334 862 2440 915; x_wconf 84' lang='lat' dir='ltr'><strong>quo</strong></span> <span class='ocrx_word' id='word_1_510' title='bbox 2470 848 2597 916; x_wconf 82' lang='lat' dir='ltr'><strong>quid</strong></span> <span class='ocrx_word' id='word_1_511' title='bbox 2625 850 2911 907; x_wconf 85' lang='lat' dir='ltr'><strong>molestius</strong></span> <span class='ocrx_word' id='word_1_512' title='bbox 2930 868 3050 907; x_wconf 83' lang='lat' dir='ltr'><strong>esse</strong></span> <span class='ocrx_word' id='word_1_513' title='bbox 3077 856 3245 923; x_wconf 88' lang='lat' dir='ltr'><strong>possit</strong></span> <span class='ocrx_word' id='word_1_514' title='bbox 3288 856 3471 911; x_wconf 69' lang='lat' dir='ltr'><strong>liberm</strong></span> 
     </span>
    </p>
   </div>
   <div class='ocr_carea' id='block_1_67' title="bbox 1894 933 3474 1019">
    <p class='ocr_par' dir='ltr' id='par_1_67' title="bbox 1894 933 3474 1019">
     <span class='ocr_line' id='line_1_67' title="bbox 1894 933 3474 1019; baseline 0.013 -33"><span class='ocrx_word' id='word_1_515' title='bbox 1894 933 2099 988; x_wconf 87' lang='lat' dir='ltr'><strong>mulieri</strong></span> <span class='ocrx_word' id='word_1_516' title='bbox 2132 944 2184 989; x_wconf 92' lang='lat' dir='ltr'><strong>et</strong></span> <span class='ocrx_word' id='word_1_517' title='bbox 2218 937 2495 1003; x_wconf 77' lang='lat' dir='ltr'><strong>honestze?</strong></span> <span class='ocrx_word' id='word_1_518' title='bbox 2540 940 2617 995; x_wconf 83' lang='lat' dir='ltr'><strong>Nc</strong></span> <span class='ocrx_word' id='word_1_519' title='bbox 2666 943 2842 1012; x_wconf 87' lang='lat' dir='ltr'><strong>itaque</strong></span> <span class='ocrx_word' id='word_1_520' title='bbox 2873 946 2971 999; x_wconf 84' lang='lat' dir='ltr'><strong>viri</strong></span> <span class='ocrx_word' id='word_1_521' title='bbox 3002 948 3248 1002; x_wconf 80' lang='lat' dir='ltr'><strong>virtutem</strong></span> <span class='ocrx_word' id='word_1_522' title='bbox 3280 965 3474 1019; x_wconf 66' lang='lat' dir='ltr'><strong>exspc«</strong></span> 
     </span>
    </p>
   </div>
   <div class='ocr_carea' id='block_1_68' title="bbox 1892 1032 3470 1104">
    <p class='ocr_par' dir='ltr' id='par_1_68' title="bbox 1892 1032 3470 1104">
     <span class='ocr_line' id='line_1_68' title="bbox 1892 1032 3470 1104; baseline 0.012 -25"><span class='ocrx_word' id='word_1_523' title='bbox 1892 1034 2001 1079; x_wconf 87' lang='lat' dir='ltr'><strong>ctet</strong></span> <span class='ocrx_word' id='word_1_524' title='bbox 2043 1037 2320 1088; x_wconf 68' lang='grc' dir='ltr'>υκαι-,ιιι</span> <span class='ocrx_word' id='word_1_525' title='bbox 2365 1040 2486 1084; x_wconf 89' lang='lat' dir='ltr'><strong>tunc</strong></span> <span class='ocrx_word' id='word_1_526' title='bbox 2532 1032 2618 1089; x_wconf 78' lang='lat' dir='ltr'><strong>illa</strong></span> <span class='ocrx_word' id='word_1_527' title='bbox 2647 1050 2801 1088; x_wconf 86' lang='lat' dir='ltr'><strong>suam</strong></span> <span class='ocrx_word' id='word_1_528' title='bbox 2846 1034 3131 1104; x_wconf 82' lang='lat' dir='ltr'><strong>exhibeat;</strong></span> <span class='ocrx_word' id='word_1_529' title='bbox 3174 1040 3276 1097; x_wconf 88' lang='lat' dir='ltr'><strong>hoc</strong></span> <span class='ocrx_word' id='word_1_530' title='bbox 3329 1060 3470 1097; x_wconf 78' lang='lat' dir='ltr'><strong>enim</strong></span> 
     </span>
    </p>
   </div>
   <div class='ocr_carea' id='block_1_69' title="bbox 1895 1117 3475 1195">
    <p class='ocr_par' dir='ltr' id='par_1_69' title="bbox 1895 1117 3475 1195">
     <span class='ocr_line' id='line_1_69' title="bbox 1895 1117 3475 1195; baseline 0.014 -27"><span class='ocrx_word' id='word_1_531' title='bbox 1895 1117 2022 1171; x_wconf 86' lang='lat' dir='ltr'><strong>nihil</strong></span> <span class='ocrx_word' id='word_1_532' title='bbox 2052 1134 2295 1189; x_wconf 78' lang='lat' dir='ltr'><strong>inagnum</strong></span> <span class='ocrx_word' id='word_1_533' title='bbox 2324 1134 2495 1186; x_wconf 54' lang='lat' dir='ltr'><strong>esset;</strong></span> <span class='ocrx_word' id='word_1_534' title='bbox 2556 1142 2727 1195; x_wconf 86' lang='lat' dir='ltr'><strong>neque</strong></span> <span class='ocrx_word' id='word_1_535' title='bbox 2757 1144 2940 1184; x_wconf 85' lang='lat' dir='ltr'><strong>rursus</strong></span> <span class='ocrx_word' id='word_1_536' title='bbox 2966 1133 3047 1185; x_wconf 90' lang='lat' dir='ltr'><strong>vir</strong></span> <span class='ocrx_word' id='word_1_537' title='bbox 3075 1135 3257 1189; x_wconf 86' lang='lat' dir='ltr'><strong>uxoris</strong></span> <span class='ocrx_word' id='word_1_538' title='bbox 3290 1136 3475 1190; x_wconf 86' lang='lat' dir='ltr'><strong>mode-</strong></span> 
     </span>
    </p>
   </div>
   <div class='ocr_carea' id='block_1_70' title="bbox 1895 1212 3475 1290">
    <p class='ocr_par' dir='ltr' id='par_1_70' title="bbox 1895 1212 3475 1290">
     <span class='ocr_line' id='line_1_70' title="bbox 1895 1212 3475 1290; baseline 0.014 -28"><span class='ocrx_word' id='word_1_539' title='bbox 1895 1212 2073 1272; x_wconf 84' lang='lat' dir='ltr'><strong>stiam,</strong></span> <span class='ocrx_word' id='word_1_540' title='bbox 2103 1225 2159 1265; x_wconf 87' lang='lat' dir='ltr'><strong>ut</strong></span> <span class='ocrx_word' id='word_1_541' title='bbox 2190 1222 2313 1267; x_wconf 88' lang='lat' dir='ltr'><strong>tunc</strong></span> <span class='ocrx_word' id='word_1_542' title='bbox 2342 1214 2778 1288; x_wconf 77' lang='lat' dir='ltr'><strong>philosophetur;</strong></span> <span class='ocrx_word' id='word_1_543' title='bbox 2809 1237 2982 1290; x_wconf 83' lang='lat' dir='ltr'><strong>neque</strong></span> <span class='ocrx_word' id='word_1_544' title='bbox 3001 1224 3143 1278; x_wconf 89' lang='lat' dir='ltr'><strong>enim</strong></span> <span class='ocrx_word' id='word_1_545' title='bbox 3176 1237 3301 1279; x_wconf 84' lang='lat' dir='ltr'><strong>tunc</strong></span> <span class='ocrx_word' id='word_1_546' title='bbox 3330 1240 3475 1284; x_wconf 85' lang='lat' dir='ltr'><strong>recte</strong></span> 
     </span>
    </p>
   </div>
   <div class='ocr_carea' id='block_1_71' title="bbox 1898 1306 3469 1387">
    <p class='ocr_par' dir='ltr' id='par_1_71' title="bbox 1898 1306 3469 1387">
     <span class='ocr_line' id='line_1_71' title="bbox 1898 1306 3469 1387; baseline 0.012 -33"><span class='ocrx_word' id='word_1_547' title='bbox 1898 1306 2089 1357; x_wconf 80' lang='lat' dir='ltr'><strong>factum</strong></span> <span class='ocrx_word' id='word_1_548' title='bbox 2120 1307 2246 1361; x_wconf 88' lang='lat' dir='ltr'><strong>illud</strong></span> <span class='ocrx_word' id='word_1_549' title='bbox 2274 1309 2438 1377; x_wconf 68' lang='lat' dir='ltr'><strong>ipsius</strong></span> <span class='ocrx_word' id='word_1_550' title='bbox 2465 1321 2640 1373; x_wconf 86' lang='lat' dir='ltr'><strong>esset;</strong></span> <span class='ocrx_word' id='word_1_551' title='bbox 2681 1313 2774 1366; x_wconf 85' lang='lat' dir='ltr'><strong>sed</strong></span> <span class='ocrx_word' id='word_1_552' title='bbox 2806 1317 3205 1387; x_wconf 84' lang='lat' dir='ltr'><strong>unusquisque,</strong></span> <span class='ocrx_word' id='word_1_553' title='bbox 3237 1330 3294 1373; x_wconf 82' lang='lat' dir='ltr'><strong>ut</strong></span> <span class='ocrx_word' id='word_1_554' title='bbox 3322 1320 3469 1385; x_wconf 83' lang='lat' dir='ltr'><strong>dixi,</strong></span> 
     </span>
    </p>
   </div>
   <div class='ocr_carea' id='block_1_72' title="bbox 1895 1403 3475 1475">
    <p class='ocr_par' dir='ltr' id='par_1_72' title="bbox 1895 1403 3475 1475">
     <span class='ocr_line' id='line_1_72' title="bbox 1895 1403 3475 1475; baseline 0.012 -26"><span class='ocrx_word' id='word_1_555' title='bbox 1895 1412 2011 1475; x_wconf 65' lang='lat' dir='ltr'><strong>qua:</strong></span> <span class='ocrx_word' id='word_1_556' title='bbox 2040 1414 2132 1451; x_wconf 84' lang='lat' dir='ltr'><strong>sua</strong></span> <span class='ocrx_word' id='word_1_557' title='bbox 2166 1410 2288 1453; x_wconf 90' lang='lat' dir='ltr'><strong>sunt</strong></span> <span class='ocrx_word' id='word_1_558' title='bbox 2336 1403 2485 1471; x_wconf 87' lang='lat' dir='ltr'><strong>prius</strong></span> <span class='ocrx_word' id='word_1_559' title='bbox 2527 1404 2782 1473; x_wconf 73' lang='lat' dir='ltr'><strong>prmbeat.</strong></span> <span class='ocrx_word' id='word_1_560' title='bbox 2812 1406 2866 1461; x_wconf 85' lang='lat' dir='ltr'><strong>Si</strong></span> <span class='ocrx_word' id='word_1_561' title='bbox 2897 1410 3038 1463; x_wconf 88' lang='lat' dir='ltr'><strong>cnim</strong></span> <span class='ocrx_word' id='word_1_562' title='bbox 3076 1412 3315 1466; x_wconf 88' lang='lat' dir='ltr'><strong>externis</strong></span> <span class='ocrx_word' id='word_1_563' title='bbox 3344 1413 3475 1468; x_wconf 88' lang='lat' dir='ltr'><strong>dex-</strong></span> 
     </span>
    </p>
   </div>
   <div class='ocr_carea' id='block_1_73' title="bbox 1896 1492 3476 1573">
    <p class='ocr_par' dir='ltr' id='par_1_73' title="bbox 1896 1492 3476 1573">
     <span class='ocr_line' id='line_1_73' title="bbox 1896 1492 3476 1573; baseline 0.015 -32"><span class='ocrx_word' id='word_1_564' title='bbox 1896 1498 2063 1543; x_wconf 89' lang='lat' dir='ltr'><strong>teram</strong></span> <span class='ocrx_word' id='word_1_565' title='bbox 2090 1492 2359 1546; x_wconf 81' lang='lat' dir='ltr'><strong>maxillam</strong></span> <span class='ocrx_word' id='word_1_566' title='bbox 2385 1498 2824 1563; x_wconf 82' lang='lat' dir='ltr'><strong>pcrcuticntibus,</strong></span> <span class='ocrx_word' id='word_1_567' title='bbox 2845 1512 3055 1568; x_wconf 85' lang='lat' dir='ltr'><strong>oportet</strong></span> <span class='ocrx_word' id='word_1_568' title='bbox 3076 1506 3315 1573; x_wconf 67' lang='lat' dir='ltr'><strong>praebere</strong></span> <span class='ocrx_word' id='word_1_569' title='bbox 3339 1513 3476 1563; x_wconf 85' lang='lat' dir='ltr'><strong>alte-</strong></span> 
     </span>
    </p>
   </div>
   <div class='ocr_carea' id='block_1_74' title="bbox 1896 1584 3474 1666">
    <p class='ocr_par' dir='ltr' id='par_1_74' title="bbox 1896 1584 3474 1666">
     <span class='ocr_line' id='line_1_74' title="bbox 1896 1584 3474 1666; baseline 0.013 -32"><span class='ocrx_word' id='word_1_570' title='bbox 1896 1597 2044 1647; x_wconf 88' lang='lat' dir='ltr'><strong>ram;</strong></span> <span class='ocrx_word' id='word_1_571' title='bbox 2077 1584 2248 1637; x_wconf 91' lang='lat' dir='ltr'><strong>multo</strong></span> <span class='ocrx_word' id='word_1_572' title='bbox 2275 1588 2442 1655; x_wconf 81' lang='lat' dir='ltr'><strong>magis</strong></span> <span class='ocrx_word' id='word_1_573' title='bbox 2472 1589 2648 1644; x_wconf 88' lang='lat' dir='ltr'><strong>virum</strong></span> <span class='ocrx_word' id='word_1_574' title='bbox 2678 1592 2910 1646; x_wconf 81' lang='lat' dir='ltr'><strong>ferocem</strong></span> <span class='ocrx_word' id='word_1_575' title='bbox 2942 1593 3081 1649; x_wconf 87' lang='lat' dir='ltr'><strong>ferre</strong></span> <span class='ocrx_word' id='word_1_576' title='bbox 3109 1606 3336 1666; x_wconf 89' lang='lat' dir='ltr'><strong>oportet.</strong></span> <span class='ocrx_word' id='word_1_577' title='bbox 3368 1599 3474 1655; x_wconf 89' lang='lat' dir='ltr'><strong>Sed</strong></span> 
     </span>
    </p>
   </div>
   <div class='ocr_carea' id='block_1_75' title="bbox 1896 1674 3472 1754">
    <p class='ocr_par' dir='ltr' id='par_1_75' title="bbox 1896 1674 3472 1754">
     <span class='ocr_line' id='line_1_75' title="bbox 1896 1674 3472 1754; baseline 0.012 -27"><span class='ocrx_word' id='word_1_578' title='bbox 1896 1690 2001 1727; x_wconf 91' lang='lat' dir='ltr'><strong>non</strong></span> <span class='ocrx_word' id='word_1_579' title='bbox 2030 1674 2143 1729; x_wconf 40' lang='lat' dir='ltr'><strong>hare</strong></span> <span class='ocrx_word' id='word_1_580' title='bbox 2172 1676 2291 1730; x_wconf 85' lang='lat' dir='ltr'><strong>dico</strong></span> <span class='ocrx_word' id='word_1_581' title='bbox 2317 1686 2375 1729; x_wconf 92' lang='lat' dir='ltr'><strong>ut</strong></span> <span class='ocrx_word' id='word_1_582' title='bbox 2402 1678 2718 1735; x_wconf 80' lang='lat' dir='ltr'><strong>verberetur</strong></span> <span class='ocrx_word' id='word_1_583' title='bbox 2747 1684 2960 1749; x_wconf 88' lang='lat' dir='ltr'><strong>tnulier,</strong></span> <span class='ocrx_word' id='word_1_584' title='bbox 2993 1688 3165 1754; x_wconf 84' lang='lat' dir='ltr'><strong>absit;</strong></span> <span class='ocrx_word' id='word_1_585' title='bbox 3206 1705 3328 1744; x_wconf 86' lang='lat' dir='ltr'><strong>nam</strong></span> <span class='ocrx_word' id='word_1_586' title='bbox 3357 1690 3472 1747; x_wconf 72' lang='lat' dir='ltr'><strong>lucc</strong></span> 
     </span>
    </p>
   </div>
   <div class='ocr_carea' id='block_1_76' title="bbox 1896 1768 3469 1844">
    <p class='ocr_par' dir='ltr' id='par_1_76' title="bbox 1896 1768 3469 1844">
     <span class='ocr_line' id='line_1_76' title="bbox 1896 1768 3469 1844; baseline 0.013 -25"><span class='ocrx_word' id='word_1_587' title='bbox 1896 1774 2132 1820; x_wconf 88' lang='lat' dir='ltr'><strong>extrema</strong></span> <span class='ocrx_word' id='word_1_588' title='bbox 2162 1768 2485 1822; x_wconf 83' lang='lat' dir='ltr'><strong>contumelia</strong></span> <span class='ocrx_word' id='word_1_589' title='bbox 2511 1781 2621 1835; x_wconf 89' lang='lat' dir='ltr'><strong>est,</strong></span> <span class='ocrx_word' id='word_1_590' title='bbox 2656 1786 2762 1827; x_wconf 92' lang='lat' dir='ltr'><strong>non</strong></span> <span class='ocrx_word' id='word_1_591' title='bbox 2795 1776 3093 1831; x_wconf 72' lang='lat' dir='ltr'><strong>verberata:</strong></span> <span class='ocrx_word' id='word_1_592' title='bbox 3115 1820 3128 1844; x_wconf 92' lang='lat'><strong>,</strong></span> <span class='ocrx_word' id='word_1_593' title='bbox 3161 1782 3254 1835; x_wconf 88' lang='lat' dir='ltr'><strong>sed</strong></span> <span class='ocrx_word' id='word_1_594' title='bbox 3279 1784 3469 1838; x_wconf 84' lang='lat' dir='ltr'><strong>verbe-</strong></span> 
     </span>
    </p>
   </div>
   <div class='ocr_carea' id='block_1_77' title="bbox 1896 1856 3473 1941">
    <p class='ocr_par' dir='ltr' id='par_1_77' title="bbox 1896 1856 3473 1941">
     <span class='ocr_line' id='line_1_77' title="bbox 1896 1856 3473 1941; baseline 0.013 -32"><span class='ocrx_word' id='word_1_595' title='bbox 1896 1858 2033 1914; x_wconf 89' lang='lat' dir='ltr'><strong>ranti</strong></span> <span class='ocrx_word' id='word_1_596' title='bbox 2054 1874 2068 1918; x_wconf 90' lang='lat'><strong>;</strong></span> <span class='ocrx_word' id='word_1_597' title='bbox 2089 1858 2181 1913; x_wconf 87' lang='lat' dir='ltr'><strong>sed</strong></span> <span class='ocrx_word' id='word_1_598' title='bbox 2201 1859 2243 1913; x_wconf 84' lang='lat' dir='ltr'><strong>si</strong></span> <span class='ocrx_word' id='word_1_599' title='bbox 2263 1874 2387 1914; x_wconf 84' lang='lat' dir='ltr'><strong>casu</strong></span> <span class='ocrx_word' id='word_1_600' title='bbox 2411 1861 2589 1931; x_wconf 88' lang='lat' dir='ltr'><strong>aliquo</strong></span> <span class='ocrx_word' id='word_1_601' title='bbox 2609 1864 2765 1918; x_wconf 87' lang='lat' dir='ltr'><strong>talem</strong></span> <span class='ocrx_word' id='word_1_602' title='bbox 2784 1856 3063 1937; x_wconf 81' lang='lat' dir='ltr'><strong>conjugcm</strong></span> <span class='ocrx_word' id='word_1_603' title='bbox 3079 1873 3266 1927; x_wconf 86' lang='lat' dir='ltr'><strong>sortita</strong></span> <span class='ocrx_word' id='word_1_604' title='bbox 3284 1874 3473 1941; x_wconf 84' lang='lat' dir='ltr'><strong>fueris,</strong></span> 
     </span>
    </p>
   </div>
   <div class='ocr_carea' id='block_1_78' title="bbox 1898 1942 3471 2029">
    <p class='ocr_par' dir='ltr' id='par_1_78' title="bbox 1898 1942 3471 2029">
     <span class='ocr_line' id='line_1_78' title="bbox 1898 1942 3471 2029; baseline 0.013 -29"><span class='ocrx_word' id='word_1_605' title='bbox 1898 1962 1932 2000; x_wconf 89' lang='grc' dir='ltr'><strong>ο</strong></span> <span class='ocrx_word' id='word_1_606' title='bbox 1987 1948 2213 2015; x_wconf 88' lang='lat' dir='ltr'><strong>mulier,</strong></span> <span class='ocrx_word' id='word_1_607' title='bbox 2272 1967 2338 2005; x_wconf 87' lang='lat' dir='ltr'><strong>ne</strong></span> <span class='ocrx_word' id='word_1_608' title='bbox 2384 1952 2599 2022; x_wconf 83' lang='lat' dir='ltr'><strong>indigne</strong></span> <span class='ocrx_word' id='word_1_609' title='bbox 2656 1956 2831 2023; x_wconf 86' lang='lat' dir='ltr'><strong>feras,</strong></span> <span class='ocrx_word' id='word_1_610' title='bbox 2883 1942 3123 2029; x_wconf 83' lang='lat' dir='ltr'><strong>cogitans</strong></span> <span class='ocrx_word' id='word_1_611' title='bbox 3179 1966 3471 2027; x_wconf 84' lang='lat' dir='ltr'><strong>repositam</strong></span> 
     </span>
    </p>
   </div>
   <div class='ocr_carea' id='block_1_79' title="bbox 1898 2038 3470 2127">
    <p class='ocr_par' dir='ltr' id='par_1_79' title="bbox 1898 2038 3470 2127">
     <span class='ocr_line' id='line_1_79' title="bbox 1898 2038 3470 2127; baseline 0.013 -36"><span class='ocrx_word' id='word_1_612' title='bbox 1898 2038 1991 2093; x_wconf 91' lang='lat' dir='ltr'><strong>tibi</strong></span> <span class='ocrx_word' id='word_1_613' title='bbox 2035 2042 2372 2109; x_wconf 87' lang='lat' dir='ltr'><strong>mercedem,</strong></span> <span class='ocrx_word' id='word_1_614' title='bbox 2403 2052 2457 2097; x_wconf 89' lang='lat' dir='ltr'><strong>et</strong></span> <span class='ocrx_word' id='word_1_615' title='bbox 2492 2046 2541 2099; x_wconf 92' lang='lat' dir='ltr'><strong>in</strong></span> <span class='ocrx_word' id='word_1_616' title='bbox 2582 2046 2679 2101; x_wconf 88' lang='lat' dir='ltr'><strong>hac</strong></span> <span class='ocrx_word' id='word_1_617' title='bbox 2712 2050 2824 2127; x_wconf 84' lang='lat' dir='ltr'><strong>vita</strong></span> <span class='ocrx_word' id='word_1_618' title='bbox 2861 2049 3095 2113; x_wconf 82' lang='lat' dir='ltr'><strong>laudem.</strong></span> <span class='ocrx_word' id='word_1_619' title='bbox 3133 2054 3294 2110; x_wconf 83' lang='lat' dir='ltr'><strong>Vobis</strong></span> <span class='ocrx_word' id='word_1_620' title='bbox 3331 2074 3470 2127; x_wconf 86' lang='lat' dir='ltr'><strong>quo-</strong></span> 
     </span>
    </p>
   </div>
   <div class='ocr_carea' id='block_1_80' title="bbox 1896 2134 3476 2217">
    <p class='ocr_par' dir='ltr' id='par_1_80' title="bbox 1896 2134 3476 2217">
     <span class='ocr_line' id='line_1_80' title="bbox 1896 2134 3476 2217; baseline 0.014 -37"><span class='ocrx_word' id='word_1_621' title='bbox 1896 2144 2003 2195; x_wconf 87' lang='lat' dir='ltr'><strong>que</strong></span> <span class='ocrx_word' id='word_1_622' title='bbox 2049 2134 2174 2187; x_wconf 86' lang='lat' dir='ltr'><strong>viris</strong></span> <span class='ocrx_word' id='word_1_623' title='bbox 2222 2134 2323 2189; x_wconf 90' lang='lat' dir='ltr'><strong>hoc</strong></span> <span class='ocrx_word' id='word_1_624' title='bbox 2374 2135 2536 2191; x_wconf 86' lang='lat' dir='ltr'><strong>dico:</strong></span> <span class='ocrx_word' id='word_1_625' title='bbox 2582 2139 2718 2197; x_wconf 84' lang='lat' dir='ltr'><strong>nihil</strong></span> <span class='ocrx_word' id='word_1_626' title='bbox 2766 2142 2871 2196; x_wconf 84' lang='lat' dir='ltr'><strong>tale</strong></span> <span class='ocrx_word' id='word_1_627' title='bbox 2917 2144 2989 2197; x_wconf 88' lang='lat' dir='ltr'><strong>sit</strong></span> <span class='ocrx_word' id='word_1_628' title='bbox 3033 2156 3339 2214; x_wconf 88' lang='lat' dir='ltr'><strong>peccatum,</strong></span> <span class='ocrx_word' id='word_1_629' title='bbox 3368 2166 3476 2217; x_wconf 85' lang='lat' dir='ltr'><strong>quo</strong></span> 
     </span>
    </p>
   </div>
   <div class='ocr_carea' id='block_1_81' title="bbox 1896 2225 3477 2309">
    <p class='ocr_par' dir='ltr' id='par_1_81' title="bbox 1896 2225 3477 2309">
     <span class='ocr_line' id='line_1_81' title="bbox 1896 2225 3477 2309; baseline 0.013 -35"><span class='ocrx_word' id='word_1_630' title='bbox 1896 2225 2159 2291; x_wconf 89' lang='lat' dir='ltr'><strong>cogamini</strong></span> <span class='ocrx_word' id='word_1_631' title='bbox 2194 2240 2413 2281; x_wconf 78' lang='lat' dir='ltr'><strong>uxorem</strong></span> <span class='ocrx_word' id='word_1_632' title='bbox 2444 2230 2751 2287; x_wconf 81' lang='lat' dir='ltr'><strong>verberare.</strong></span> <span class='ocrx_word' id='word_1_633' title='bbox 2788 2232 2856 2287; x_wconf 77' lang='lat' dir='ltr'><strong>Et</strong></span> <span class='ocrx_word' id='word_1_634' title='bbox 2894 2236 3028 2309; x_wconf 84' lang='lat' dir='ltr'><strong>quid</strong></span> <span class='ocrx_word' id='word_1_635' title='bbox 3044 2237 3165 2291; x_wconf 87' lang='lat' dir='ltr'><strong>dico</strong></span> <span class='ocrx_word' id='word_1_636' title='bbox 3210 2242 3477 2294; x_wconf 86' lang='lat' dir='ltr'><strong>uxorem?</strong></span> 
     </span>
    </p>
   </div>
   <div class='ocr_carea' id='block_1_82' title="bbox 1897 2317 3476 2399">
    <p class='ocr_par' dir='ltr' id='par_1_82' title="bbox 1897 2317 3476 2399">
     <span class='ocr_line' id='line_1_82' title="bbox 1897 2317 3476 2399; baseline 0.014 -33"><span class='ocrx_word' id='word_1_637' title='bbox 1897 2329 2073 2383; x_wconf 89' lang='lat' dir='ltr'><strong>neque</strong></span> <span class='ocrx_word' id='word_1_638' title='bbox 2115 2317 2363 2375; x_wconf 74' lang='lat' dir='ltr'><strong>anciilam</strong></span> <span class='ocrx_word' id='word_1_639' title='bbox 2394 2321 2677 2384; x_wconf 58' lang='lat' dir='ltr'><strong>verbi-rare</strong></span> <span class='ocrx_word' id='word_1_640' title='bbox 2706 2336 2800 2379; x_wconf 91' lang='lat' dir='ltr'><strong>aut</strong></span> <span class='ocrx_word' id='word_1_641' title='bbox 2836 2327 2891 2381; x_wconf 91' lang='lat' dir='ltr'><strong>ei</strong></span> <span class='ocrx_word' id='word_1_642' title='bbox 2917 2344 3106 2399; x_wconf 76' lang='lat' dir='ltr'><strong>manus</strong></span> <span class='ocrx_word' id='word_1_643' title='bbox 3133 2331 3335 2387; x_wconf 83' lang='lat' dir='ltr'><strong>inferre</strong></span> <span class='ocrx_word' id='word_1_644' title='bbox 3359 2336 3476 2388; x_wconf 89' lang='lat' dir='ltr'><strong>viro</strong></span> 
     </span>
    </p>
   </div>
   <div class='ocr_carea' id='block_1_83' title="bbox 1875 2405 3481 2484">
    <p class='ocr_par' dir='ltr' id='par_1_83' title="bbox 1875 2405 3481 2484">
     <span class='ocr_line' id='line_1_83' title="bbox 1875 2405 3481 2484; baseline 0.015 -27"><span class='ocrx_word' id='word_1_645' title='bbox 1875 2405 2128 2474; x_wconf 79' lang='lat' dir='ltr'><strong>ingenuo</strong></span> <span class='ocrx_word' id='word_1_646' title='bbox 2154 2408 2309 2461; x_wconf 85' lang='lat' dir='ltr'><strong>fuerit</strong></span> <span class='ocrx_word' id='word_1_647' title='bbox 2354 2410 2709 2471; x_wconf 87' lang='lat' dir='ltr'><strong>tolerandum.</strong></span> <span class='ocrx_word' id='word_1_648' title='bbox 2739 2414 2891 2484; x_wconf 85' lang='lat' dir='ltr'><strong>Quod</strong></span> <span class='ocrx_word' id='word_1_649' title='bbox 2912 2420 2973 2471; x_wconf 87' lang='lat' dir='ltr'><strong>si</strong></span> <span class='ocrx_word' id='word_1_650' title='bbox 3010 2420 3264 2475; x_wconf 78' lang='lat' dir='ltr'><strong>ancillam</strong></span> <span class='ocrx_word' id='word_1_651' title='bbox 3292 2425 3481 2480; x_wconf 86' lang='lat' dir='ltr'><strong>verbe-</strong></span> 
     </span>
    </p>
   </div>
   <div class='ocr_carea' id='block_1_84' title="bbox 1897 2499 3477 2581">
    <p class='ocr_par' dir='ltr' id='par_1_84' title="bbox 1897 2499 3477 2581">
     <span class='ocr_line' id='line_1_84' title="bbox 1897 2499 3477 2581; baseline 0.012 -33"><span class='ocrx_word' id='word_1_652' title='bbox 1897 2509 2019 2549; x_wconf 86' lang='lat' dir='ltr'><strong>rare</strong></span> <span class='ocrx_word' id='word_1_653' title='bbox 2046 2512 2292 2565; x_wconf 86' lang='lat' dir='ltr'><strong>magnum</strong></span> <span class='ocrx_word' id='word_1_654' title='bbox 2320 2499 2479 2557; x_wconf 82' lang='lat' dir='ltr'><strong>infert</strong></span> <span class='ocrx_word' id='word_1_655' title='bbox 2506 2502 2621 2555; x_wconf 82' lang='lat' dir='ltr'><strong>viro</strong></span> <span class='ocrx_word' id='word_1_656' title='bbox 2642 2506 2935 2571; x_wconf 83' lang='lat' dir='ltr'><strong>probrum;</strong></span> <span class='ocrx_word' id='word_1_657' title='bbox 2968 2510 3134 2564; x_wconf 85' lang='lat' dir='ltr'><strong>multo</strong></span> <span class='ocrx_word' id='word_1_658' title='bbox 3157 2514 3324 2581; x_wconf 87' lang='lat' dir='ltr'><strong>magis</strong></span> <span class='ocrx_word' id='word_1_659' title='bbox 3345 2530 3477 2568; x_wconf 88' lang='lat' dir='ltr'><strong>cou-</strong></span> 
     </span>
    </p>
   </div>
   <div class='ocr_carea' id='block_1_85' title="bbox 1899 2587 3480 2661">
    <p class='ocr_par' dir='ltr' id='par_1_85' title="bbox 1899 2587 3480 2661">
     <span class='ocr_line' id='line_1_85' title="bbox 1899 2587 3480 2661; baseline 0.012 -20"><span class='ocrx_word' id='word_1_660' title='bbox 1899 2596 1987 2641; x_wconf 86' lang='lat' dir='ltr'><strong>tra</strong></span> <span class='ocrx_word' id='word_1_661' title='bbox 2029 2587 2252 2642; x_wconf 85' lang='lat' dir='ltr'><strong>liberam</strong></span> <span class='ocrx_word' id='word_1_662' title='bbox 2302 2606 2514 2646; x_wconf 86' lang='lat' dir='ltr'><strong>manum</strong></span> <span class='ocrx_word' id='word_1_663' title='bbox 2563 2594 2863 2649; x_wconf 88' lang='lat' dir='ltr'><strong>intendere.</strong></span> <span class='ocrx_word' id='word_1_664' title='bbox 2912 2597 2979 2651; x_wconf 89' lang='lat' dir='ltr'><strong>Et</strong></span> <span class='ocrx_word' id='word_1_665' title='bbox 3007 2598 3107 2654; x_wconf 87' lang='lat' dir='ltr'><strong>hoc</strong></span> <span class='ocrx_word' id='word_1_666' title='bbox 3135 2602 3187 2655; x_wconf 93' lang='lat' dir='ltr'><strong>in</strong></span> <span class='ocrx_word' id='word_1_667' title='bbox 3242 2607 3480 2661; x_wconf 86' lang='lat' dir='ltr'><strong>externis</strong></span> 
     </span>
    </p>
   </div>
   <div class='ocr_carea' id='block_1_86' title="bbox 1896 2681 3474 2764">
    <p class='ocr_par' dir='ltr' id='par_1_86' title="bbox 1896 2681 3474 2764">
     <span class='ocr_line' id='line_1_86' title="bbox 1896 2681 3474 2764; baseline 0.01 -30"><span class='ocrx_word' id='word_1_668' title='bbox 1896 2681 2059 2734; x_wconf 88' lang='lat' dir='ltr'><strong>etiam</strong></span> <span class='ocrx_word' id='word_1_669' title='bbox 2109 2682 2499 2751; x_wconf 80' lang='lat' dir='ltr'><strong>legislatoribus</strong></span> <span class='ocrx_word' id='word_1_670' title='bbox 2546 2686 2729 2742; x_wconf 87' lang='lat' dir='ltr'><strong>videre</strong></span> <span class='ocrx_word' id='word_1_671' title='bbox 2762 2698 2877 2751; x_wconf 87' lang='lat' dir='ltr'><strong>est,</strong></span> <span class='ocrx_word' id='word_1_672' title='bbox 2911 2684 3148 2759; x_wconf 82' lang='lat' dir='ltr'><strong>quieam</strong></span> <span class='ocrx_word' id='word_1_673' title='bbox 3196 2709 3317 2764; x_wconf 67' lang='lat' dir='ltr'><strong>qua:</strong></span> <span class='ocrx_word' id='word_1_674' title='bbox 3351 2697 3474 2751; x_wconf 89' lang='lat' dir='ltr'><strong>talia</strong></span> 
     </span>
    </p>
   </div>
   <div class='ocr_carea' id='block_1_87' title="bbox 1898 2772 3472 2855">
    <p class='ocr_par' dir='ltr' id='par_1_87' title="bbox 1898 2772 3472 2855">
     <span class='ocr_line' id='line_1_87' title="bbox 1898 2772 3472 2855; baseline 0.015 -33"><span class='ocrx_word' id='word_1_675' title='bbox 1898 2785 2051 2839; x_wconf 79' lang='lat' dir='ltr'><strong>passa</strong></span> <span class='ocrx_word' id='word_1_676' title='bbox 2112 2772 2209 2826; x_wconf 82' lang='lat' dir='ltr'><strong>fuit</strong></span> <span class='ocrx_word' id='word_1_677' title='bbox 2264 2792 2371 2829; x_wconf 89' lang='lat' dir='ltr'><strong>non</strong></span> <span class='ocrx_word' id='word_1_678' title='bbox 2424 2789 2619 2848; x_wconf 81' lang='lat' dir='ltr'><strong>cogunt</strong></span> <span class='ocrx_word' id='word_1_679' title='bbox 2654 2780 2899 2837; x_wconf 83' lang='lat' dir='ltr'><strong>habitare</strong></span> <span class='ocrx_word' id='word_1_680' title='bbox 2943 2798 3067 2840; x_wconf 90' lang='lat' dir='ltr'><strong>cum</strong></span> <span class='ocrx_word' id='word_1_681' title='bbox 3109 2801 3472 2855; x_wconf 87' lang='lat' dir='ltr'><strong>percussore,</strong></span> 
     </span>
    </p>
   </div>
   <div class='ocr_carea' id='block_1_88' title="bbox 1896 2863 3476 2941">
    <p class='ocr_par' dir='ltr' id='par_1_88' title="bbox 1896 2863 3476 2941">
     <span class='ocr_line' id='line_1_88' title="bbox 1896 2863 3476 2941; baseline 0.015 -30"><span class='ocrx_word' id='word_1_682' title='bbox 1896 2870 2081 2928; x_wconf 88' lang='lat' dir='ltr'><strong>utpote</strong></span> <span class='ocrx_word' id='word_1_683' title='bbox 2108 2863 2196 2931; x_wconf 85' lang='lat' dir='ltr'><strong>qui</strong></span> <span class='ocrx_word' id='word_1_684' title='bbox 2239 2864 2381 2919; x_wconf 86' lang='lat' dir='ltr'><strong>illius</strong></span> <span class='ocrx_word' id='word_1_685' title='bbox 2422 2870 2697 2923; x_wconf 80' lang='lat' dir='ltr'><strong>eoosortio</strong></span> <span class='ocrx_word' id='word_1_686' title='bbox 2738 2870 2988 2941; x_wconf 86' lang='lat' dir='ltr'><strong>indignus</strong></span> <span class='ocrx_word' id='word_1_687' title='bbox 3015 2876 3103 2930; x_wconf 85' lang='lat' dir='ltr'><strong>sit.</strong></span> <span class='ocrx_word' id='word_1_688' title='bbox 3140 2877 3347 2934; x_wconf 86' lang='lat' dir='ltr'><strong>Etenim</strong></span> <span class='ocrx_word' id='word_1_689' title='bbox 3379 2898 3476 2936; x_wconf 75' lang='lat' dir='ltr'><strong>ex-</strong></span> 
     </span>
    </p>
   </div>
   <div class='ocr_carea' id='block_1_89' title="bbox 1897 2953 3478 3037">
    <p class='ocr_par' dir='ltr' id='par_1_89' title="bbox 1897 2953 3478 3037">
     <span class='ocr_line' id='line_1_89' title="bbox 1897 2953 3478 3037; baseline 0.016 -33"><span class='ocrx_word' id='word_1_690' title='bbox 1897 2959 2081 3006; x_wconf 70' lang='lat' dir='ltr'><strong>tremm</strong></span> <span class='ocrx_word' id='word_1_691' title='bbox 2125 2962 2221 3037; x_wconf 85' lang='lat' dir='ltr'><strong>est</strong></span> <span class='ocrx_word' id='word_1_692' title='bbox 2249 2953 2542 3025; x_wconf 83' lang='lat' dir='ltr'><strong>iniquitatis</strong></span> <span class='ocrx_word' id='word_1_693' title='bbox 2565 3000 2580 3023; x_wconf 90' lang='lat'><strong>,</strong></span> <span class='ocrx_word' id='word_1_694' title='bbox 2613 2961 2737 3013; x_wconf 71' lang='lat' dir='ltr'><strong>vita:</strong></span> <span class='ocrx_word' id='word_1_695' title='bbox 2781 2974 3083 3019; x_wconf 87' lang='lat' dir='ltr'><strong>consortem</strong></span> <span class='ocrx_word' id='word_1_696' title='bbox 3104 3009 3119 3030; x_wconf 89' lang='lat'><strong>,</strong></span> <span class='ocrx_word' id='word_1_697' title='bbox 3155 2986 3274 3037; x_wconf 66' lang='lat' dir='ltr'><strong>quae</strong></span> <span class='ocrx_word' id='word_1_698' title='bbox 3304 2973 3393 3027; x_wconf 90' lang='lat' dir='ltr'><strong>tibi</strong></span> <span class='ocrx_word' id='word_1_699' title='bbox 3424 2974 3478 3028; x_wconf 85' lang='lat' dir='ltr'><strong>in</strong></span> 
     </span>
    </p>
   </div>
   <div class='ocr_carea' id='block_1_90' title="bbox 1896 3034 3476 3127">
    <p class='ocr_par' dir='ltr' id='par_1_90' title="bbox 1896 3034 3476 3127">
     <span class='ocr_line' id='line_1_90' title="bbox 1896 3034 3476 3127; baseline 0.013 -30"><span class='ocrx_word' id='word_1_700' title='bbox 1896 3044 2057 3098; x_wconf 87' lang='lat' dir='ltr'><strong>rebus</strong></span> <span class='ocrx_word' id='word_1_701' title='bbox 2084 3034 2401 3103; x_wconf 85' lang='lat' dir='ltr'><strong>necessariis</strong></span> <span class='ocrx_word' id='word_1_702' title='bbox 2419 3049 2625 3119; x_wconf 83' lang='lat' dir='ltr'><strong>jamdiu</strong></span> <span class='ocrx_word' id='word_1_703' title='bbox 2656 3067 2873 3121; x_wconf 84' lang='lat' dir='ltr'><strong>operam</strong></span> <span class='ocrx_word' id='word_1_704' title='bbox 2901 3034 3219 3127; x_wconf 78' lang='lat' dir='ltr'><strong>praestabat,</strong></span> <span class='ocrx_word' id='word_1_705' title='bbox 3244 3073 3298 3115; x_wconf 91' lang='lat' dir='ltr'><strong>ut</strong></span> <span class='ocrx_word' id='word_1_706' title='bbox 3318 3080 3476 3117; x_wconf 86' lang='lat' dir='ltr'><strong>man-</strong></span> 
     </span>
    </p>
   </div>
   <div class='ocr_carea' id='block_1_91' title="bbox 1896 3134 3475 3218">
    <p class='ocr_par' dir='ltr' id='par_1_91' title="bbox 1896 3134 3475 3218">
     <span class='ocr_line' id='line_1_91' title="bbox 1896 3134 3475 3218; baseline 0.013 -31"><span class='ocrx_word' id='word_1_707' title='bbox 1896 3134 2097 3204; x_wconf 87' lang='lat' dir='ltr'><strong>cipium</strong></span> <span class='ocrx_word' id='word_1_708' title='bbox 2126 3138 2414 3206; x_wconf 76' lang='lat' dir='ltr'><strong>ignominia</strong></span> <span class='ocrx_word' id='word_1_709' title='bbox 2454 3140 2691 3197; x_wconf 77' lang='lat' dir='ltr'><strong>afficere.</strong></span> <span class='ocrx_word' id='word_1_710' title='bbox 2725 3144 2853 3200; x_wconf 86' lang='lat' dir='ltr'><strong>ideo</strong></span> <span class='ocrx_word' id='word_1_711' title='bbox 2881 3148 3041 3201; x_wconf 88' lang='lat' dir='ltr'><strong>etiam</strong></span> <span class='ocrx_word' id='word_1_712' title='bbox 3080 3150 3235 3204; x_wconf 82' lang='lat' dir='ltr'><strong>talem</strong></span> <span class='ocrx_word' id='word_1_713' title='bbox 3267 3153 3435 3208; x_wconf 87' lang='lat' dir='ltr'><strong>virum</strong></span> <span class='ocrx_word' id='word_1_714' title='bbox 3460 3195 3475 3218; x_wconf 88' lang='lat'><strong>,</strong></span> 
     </span>
    </p>
   </div>
   <div class='ocr_carea' id='block_1_92' title="bbox 1897 3226 3477 3312">
    <p class='ocr_par' dir='ltr' id='par_1_92' title="bbox 1897 3226 3477 3312">
     <span class='ocr_line' id='line_1_92' title="bbox 1897 3226 3477 3312; baseline 0.013 -31"><span class='ocrx_word' id='word_1_715' title='bbox 1897 3226 1941 3281; x_wconf 85' lang='lat' dir='ltr'><strong>si</strong></span> <span class='ocrx_word' id='word_1_716' title='bbox 1967 3228 2143 3283; x_wconf 85' lang='lat' dir='ltr'><strong>virum</strong></span> <span class='ocrx_word' id='word_1_717' title='bbox 2166 3238 2342 3285; x_wconf 85' lang='lat' dir='ltr'><strong>tamen</strong></span> <span class='ocrx_word' id='word_1_718' title='bbox 2368 3230 2491 3286; x_wconf 90' lang='lat' dir='ltr'><strong>licet</strong></span> <span class='ocrx_word' id='word_1_719' title='bbox 2517 3236 2809 3303; x_wconf 87' lang='lat' dir='ltr'><strong>appellare,</strong></span> <span class='ocrx_word' id='word_1_720' title='bbox 2839 3253 2945 3292; x_wconf 88' lang='lat' dir='ltr'><strong>non</strong></span> <span class='ocrx_word' id='word_1_721' title='bbox 2977 3238 3163 3309; x_wconf 89' lang='lat' dir='ltr'><strong>feram,</strong></span> <span class='ocrx_word' id='word_1_722' title='bbox 3198 3245 3477 3312; x_wconf 70' lang='lat' dir='ltr'><strong>parricida:</strong></span> 
     </span>
    </p>
   </div>
   <div class='ocr_carea' id='block_1_93' title="bbox 1897 3320 3477 3407">
    <p class='ocr_par' dir='ltr' id='par_1_93' title="bbox 1897 3320 3477 3407">
     <span class='ocr_line' id='line_1_93' title="bbox 1897 3320 3477 3407; baseline 0.013 -35"><span class='ocrx_word' id='word_1_723' title='bbox 1897 3327 1953 3372; x_wconf 91' lang='lat' dir='ltr'><strong>ct</strong></span> <span class='ocrx_word' id='word_1_724' title='bbox 1997 3320 2291 3376; x_wconf 79' lang='lat' dir='ltr'><strong>matricidas</strong></span> <span class='ocrx_word' id='word_1_725' title='bbox 2338 3337 2519 3392; x_wconf 83' lang='lat' dir='ltr'><strong>parem</strong></span> <span class='ocrx_word' id='word_1_726' title='bbox 2565 3340 2687 3393; x_wconf 83' lang='lat' dir='ltr'><strong>esse</strong></span> <span class='ocrx_word' id='word_1_727' title='bbox 2716 3328 2967 3385; x_wconf 87' lang='lat' dir='ltr'><strong>dixerim.</strong></span> <span class='ocrx_word' id='word_1_728' title='bbox 3021 3332 3152 3388; x_wconf 86' lang='lat' dir='ltr'><strong>Nam</strong></span> <span class='ocrx_word' id='word_1_729' title='bbox 3182 3335 3227 3389; x_wconf 90' lang='lat' dir='ltr'><strong>si</strong></span> <span class='ocrx_word' id='word_1_730' title='bbox 3261 3347 3477 3407; x_wconf 88' lang='lat' dir='ltr'><strong>propter</strong></span> 
     </span>
    </p>
   </div>
   <div class='ocr_carea' id='block_1_94' title="bbox 1898 3408 3474 3493">
    <p class='ocr_par' dir='ltr' id='par_1_94' title="bbox 1898 3408 3474 3493">
     <span class='ocr_line' id='line_1_94' title="bbox 1898 3408 3474 3493; baseline 0.011 -28"><span class='ocrx_word' id='word_1_731' title='bbox 1898 3408 2042 3465; x_wconf 86' lang='lat' dir='ltr'><strong>illam</strong></span> <span class='ocrx_word' id='word_1_732' title='bbox 2060 3420 2117 3465; x_wconf 91' lang='lat' dir='ltr'><strong>et</strong></span> <span class='ocrx_word' id='word_1_733' title='bbox 2132 3421 2338 3482; x_wconf 87' lang='lat' dir='ltr'><strong>patrem</strong></span> <span class='ocrx_word' id='word_1_734' title='bbox 2356 3420 2410 3467; x_wconf 86' lang='lat' dir='ltr'><strong>et</strong></span> <span class='ocrx_word' id='word_1_735' title='bbox 2426 3425 2650 3470; x_wconf 85' lang='lat' dir='ltr'><strong>matrem</strong></span> <span class='ocrx_word' id='word_1_736' title='bbox 2674 3418 2982 3489; x_wconf 88' lang='lat' dir='ltr'><strong>relinquere</strong></span> <span class='ocrx_word' id='word_1_737' title='bbox 2996 3422 3129 3492; x_wconf 89' lang='lat' dir='ltr'><strong>jussi</strong></span> <span class='ocrx_word' id='word_1_738' title='bbox 3144 3441 3347 3493; x_wconf 84' lang='lat' dir='ltr'><strong>sumus,</strong></span> <span class='ocrx_word' id='word_1_739' title='bbox 3369 3444 3474 3493; x_wconf 88' lang='lat' dir='ltr'><strong>non</strong></span> 
     </span>
    </p>
   </div>
   <div class='ocr_carea' id='block_1_95' title="bbox 1898 3502 3472 3588">
    <p class='ocr_par' dir='ltr' id='par_1_95' title="bbox 1898 3502 3472 3588">
     <span class='ocr_line' id='line_1_95' title="bbox 1898 3502 3472 3588; baseline 0.013 -33"><span class='ocrx_word' id='word_1_740' title='bbox 1898 3502 2003 3557; x_wconf 90' lang='lat' dir='ltr'><strong>illis</strong></span> <span class='ocrx_word' id='word_1_741' title='bbox 2028 3502 2276 3573; x_wconf 87' lang='lat' dir='ltr'><strong>injuriam</strong></span> <span class='ocrx_word' id='word_1_742' title='bbox 2292 3504 2573 3576; x_wconf 85' lang='lat' dir='ltr'><strong>facientes,</strong></span> <span class='ocrx_word' id='word_1_743' title='bbox 2598 3510 2692 3564; x_wconf 88' lang='lat' dir='ltr'><strong>sed</strong></span> <span class='ocrx_word' id='word_1_744' title='bbox 2716 3509 2950 3567; x_wconf 84' lang='lat' dir='ltr'><strong>divinam</strong></span> <span class='ocrx_word' id='word_1_745' title='bbox 2976 3515 3146 3586; x_wconf 89' lang='lat' dir='ltr'><strong>legem</strong></span> <span class='ocrx_word' id='word_1_746' title='bbox 3172 3519 3472 3588; x_wconf 87' lang='lat' dir='ltr'><strong>implentes,</strong></span> 
     </span>
    </p>
   </div>
   <div class='ocr_carea' id='block_1_96' title="bbox 1898 3593 3475 3681">
    <p class='ocr_par' dir='ltr' id='par_1_96' title="bbox 1898 3593 3475 3681">
     <span class='ocr_line' id='line_1_96' title="bbox 1898 3593 3475 3681; baseline 0.013 -34"><span class='ocrx_word' id='word_1_747' title='bbox 1898 3593 2027 3663; x_wconf 90' lang='lat' dir='ltr'><strong>ipsis</strong></span> <span class='ocrx_word' id='word_1_748' title='bbox 2065 3598 2376 3664; x_wconf 88' lang='lat' dir='ltr'><strong>parentibus</strong></span> <span class='ocrx_word' id='word_1_749' title='bbox 2418 3600 2553 3655; x_wconf 87' lang='lat' dir='ltr'><strong>adeo</strong></span> <span class='ocrx_word' id='word_1_750' title='bbox 2598 3602 3009 3666; x_wconf 80' lang='lat' dir='ltr'><strong>desiderabilem</strong></span> <span class='ocrx_word' id='word_1_751' title='bbox 3030 3647 3044 3673; x_wconf 93' lang='lat'><strong>,</strong></span> <span class='ocrx_word' id='word_1_752' title='bbox 3074 3618 3131 3661; x_wconf 90' lang='lat' dir='ltr'><strong>ut</strong></span> <span class='ocrx_word' id='word_1_753' title='bbox 3161 3620 3215 3663; x_wconf 91' lang='lat' dir='ltr'><strong>et</strong></span> <span class='ocrx_word' id='word_1_754' title='bbox 3256 3612 3355 3679; x_wconf 87' lang='lat' dir='ltr'><strong>ipsi</strong></span> <span class='ocrx_word' id='word_1_755' title='bbox 3384 3616 3475 3681; x_wconf 81' lang='lat' dir='ltr'><strong>qui</strong></span> 
     </span>
    </p>
   </div>
   <div class='ocr_carea' id='block_1_97' title="bbox 1898 3686 3477 3759">
    <p class='ocr_par' dir='ltr' id='par_1_97' title="bbox 1898 3686 3477 3759">
     <span class='ocr_line' id='line_1_97' title="bbox 1898 3686 3477 3759; baseline 0.011 -19"><span class='ocrx_word' id='word_1_756' title='bbox 1898 3686 2274 3755; x_wconf 81' lang='lat' dir='ltr'><strong>relinquuntur</strong></span> <span class='ocrx_word' id='word_1_757' title='bbox 2313 3692 2539 3757; x_wconf 85' lang='lat' dir='ltr'><strong>gratiam</strong></span> <span class='ocrx_word' id='word_1_758' title='bbox 2587 3694 2851 3759; x_wconf 84' lang='lat' dir='ltr'><strong>habeant,</strong></span> <span class='ocrx_word' id='word_1_759' title='bbox 2885 3708 2939 3750; x_wconf 89' lang='lat' dir='ltr'><strong>et</strong></span> <span class='ocrx_word' id='word_1_760' title='bbox 2981 3696 3082 3751; x_wconf 90' lang='lat' dir='ltr'><strong>hoc</strong></span> <span class='ocrx_word' id='word_1_761' title='bbox 3129 3714 3249 3754; x_wconf 86' lang='lat' dir='ltr'><strong>cum</strong></span> <span class='ocrx_word' id='word_1_762' title='bbox 3301 3705 3477 3758; x_wconf 89' lang='lat' dir='ltr'><strong>studio</strong></span> 
     </span>
    </p>
   </div>
   <div class='ocr_carea' id='block_1_98' title="bbox 1895 3781 3476 3853">
    <p class='ocr_par' dir='ltr' id='par_1_98' title="bbox 1895 3781 3476 3853">
     <span class='ocr_line' id='line_1_98' title="bbox 1895 3781 3476 3853; baseline 0.011 -20"><span class='ocrx_word' id='word_1_763' title='bbox 1895 3795 2089 3849; x_wconf 88' lang='lat' dir='ltr'><strong>magno</strong></span> <span class='ocrx_word' id='word_1_764' title='bbox 2123 3781 2395 3837; x_wconf 78' lang='lat' dir='ltr'><strong>efficiant:</strong></span> <span class='ocrx_word' id='word_1_765' title='bbox 2470 3784 2739 3853; x_wconf 85' lang='lat' dir='ltr'><strong>quomodo</strong></span> <span class='ocrx_word' id='word_1_766' title='bbox 2768 3803 2876 3842; x_wconf 92' lang='lat' dir='ltr'><strong>non</strong></span> <span class='ocrx_word' id='word_1_767' title='bbox 2907 3801 3160 3845; x_wconf 65' lang='lat' dir='ltr'><strong>extremae</strong></span> <span class='ocrx_word' id='word_1_768' title='bbox 3190 3794 3476 3851; x_wconf 73' lang='lat' dir='ltr'><strong>dementire</strong></span> 
     </span>
    </p>
   </div>
   <div class='ocr_carea' id='block_1_99' title="bbox 1898 3874 3475 3955">
    <p class='ocr_par' dir='ltr' id='par_1_99' title="bbox 1898 3874 3475 3955">
     <span class='ocr_line' id='line_1_99' title="bbox 1898 3874 3475 3955; baseline 0.011 -29"><span class='ocrx_word' id='word_1_769' title='bbox 1898 3874 2074 3937; x_wconf 89' lang='lat' dir='ltr'><strong>fuerit,</strong></span> <span class='ocrx_word' id='word_1_770' title='bbox 2098 3889 2213 3929; x_wconf 89' lang='lat' dir='ltr'><strong>eam</strong></span> <span class='ocrx_word' id='word_1_771' title='bbox 2232 3878 2552 3931; x_wconf 88' lang='lat' dir='ltr'><strong>contumelia</strong></span> <span class='ocrx_word' id='word_1_772' title='bbox 2568 3878 2805 3945; x_wconf 80' lang='lat' dir='ltr'><strong>afficere,</strong></span> <span class='ocrx_word' id='word_1_773' title='bbox 2829 3892 3208 3952; x_wconf 89' lang='lat' dir='ltr'><strong>propterquam</strong></span> <span class='ocrx_word' id='word_1_774' title='bbox 3226 3899 3475 3955; x_wconf 86' lang='lat' dir='ltr'><strong>parentes</strong></span> 
     </span>
    </p>
   </div>
   <div class='ocr_carea' id='block_1_100' title="bbox 1901 3958 3475 4033">
    <p class='ocr_par' dir='ltr' id='par_1_100' title="bbox 1901 3958 3475 4033">
     <span class='ocr_line' id='line_1_100' title="bbox 1901 3958 3475 4033; baseline 0.009 -16"><span class='ocrx_word' id='word_1_775' title='bbox 1901 3964 2047 4018; x_wconf 90' lang='lat' dir='ltr'><strong>Deus</strong></span> <span class='ocrx_word' id='word_1_776' title='bbox 2067 3958 2227 4033; x_wconf 86' lang='lat' dir='ltr'><strong>jussit</strong></span> <span class='ocrx_word' id='word_1_777' title='bbox 2271 3967 2578 4025; x_wconf 81' lang='lat' dir='ltr'><strong>dimittere?</strong></span> <span class='ocrx_word' id='word_1_778' title='bbox 2609 3986 2734 4023; x_wconf 92' lang='lat' dir='ltr'><strong>num</strong></span> <span class='ocrx_word' id='word_1_779' title='bbox 2767 3972 2873 4025; x_wconf 88' lang='lat' dir='ltr'><strong>hoc</strong></span> <span class='ocrx_word' id='word_1_780' title='bbox 2913 3974 3115 4028; x_wconf 86' lang='lat' dir='ltr'><strong>insania</strong></span> <span class='ocrx_word' id='word_1_781' title='bbox 3148 3977 3319 4030; x_wconf 77' lang='lat' dir='ltr'><strong>solum</strong></span> <span class='ocrx_word' id='word_1_782' title='bbox 3358 3982 3475 4031; x_wconf 82' lang='lat' dir='ltr'><strong>est?</strong></span> 
     </span>
    </p>
   </div>
   <div class='ocr_carea' id='block_1_101' title="bbox 1896 4056 3475 4136">
    <p class='ocr_par' dir='ltr' id='par_1_101' title="bbox 1896 4056 3475 4136">
     <span class='ocr_line' id='line_1_101' title="bbox 1896 4056 3475 4136; baseline 0.009 -27"><span class='ocrx_word' id='word_1_783' title='bbox 1896 4056 2140 4111; x_wconf 86' lang='lat' dir='ltr'><strong>Dedecus</strong></span> <span class='ocrx_word' id='word_1_784' title='bbox 2168 4067 2224 4112; x_wconf 87' lang='lat' dir='ltr'><strong>et</strong></span> <span class='ocrx_word' id='word_1_785' title='bbox 2250 4058 2594 4130; x_wconf 78' lang='lat' dir='ltr'><strong>ignominiam</strong></span> <span class='ocrx_word' id='word_1_786' title='bbox 2620 4070 2797 4117; x_wconf 87' lang='lat' dir='ltr'><strong>autem</strong></span> <span class='ocrx_word' id='word_1_787' title='bbox 2829 4064 3131 4133; x_wconf 81' lang='lat' dir='ltr'><strong>hujusmodi</strong></span> <span class='ocrx_word' id='word_1_788' title='bbox 3158 4070 3277 4136; x_wconf 87' lang='lat' dir='ltr'><strong>quis</strong></span> <span class='ocrx_word' id='word_1_789' title='bbox 3305 4070 3475 4123; x_wconf 77' lang='lat' dir='ltr'><strong>ferat?</strong></span> 
     </span>
    </p>
   </div>
   <div class='ocr_carea' id='block_1_102' title="bbox 1894 4150 3475 4226">
    <p class='ocr_par' dir='ltr' id='par_1_102' title="bbox 1894 4150 3475 4226">
     <span class='ocr_line' id='line_1_102' title="bbox 1894 4150 3475 4226; baseline 0.009 -23"><span class='ocrx_word' id='word_1_790' title='bbox 1894 4150 2014 4218; x_wconf 89' lang='lat' dir='ltr'><strong>quis</strong></span> <span class='ocrx_word' id='word_1_791' title='bbox 2041 4164 2220 4203; x_wconf 88' lang='lat' dir='ltr'><strong>sermo</strong></span> <span class='ocrx_word' id='word_1_792' title='bbox 2248 4153 2416 4219; x_wconf 81' lang='lat' dir='ltr'><strong>possit</strong></span> <span class='ocrx_word' id='word_1_793' title='bbox 2445 4168 2562 4206; x_wconf 86' lang='lat' dir='ltr'><strong>eam</strong></span> <span class='ocrx_word' id='word_1_794' title='bbox 2592 4154 2885 4221; x_wconf 84' lang='lat' dir='ltr'><strong>explicare,</strong></span> <span class='ocrx_word' id='word_1_795' title='bbox 2916 4162 3131 4226; x_wconf 86' lang='lat' dir='ltr'><strong>quando</strong></span> <span class='ocrx_word' id='word_1_796' title='bbox 3162 4160 3392 4221; x_wconf 88' lang='lat' dir='ltr'><strong>ululatus</strong></span> <span class='ocrx_word' id='word_1_797' title='bbox 3421 4172 3475 4218; x_wconf 90' lang='lat' dir='ltr'><strong>et</strong></span> 
     </span>
    </p>
   </div>
   <div class='ocr_carea' id='block_1_103' title="bbox 1895 4244 3473 4313">
    <p class='ocr_par' dir='ltr' id='par_1_103' title="bbox 1895 4244 3473 4313">
     <span class='ocr_line' id='line_1_103' title="bbox 1895 4244 3473 4313; baseline 0.008 -18"><span class='ocrx_word' id='word_1_798' title='bbox 1895 4244 2125 4312; x_wconf 89' lang='lat' dir='ltr'><strong>gemitus</strong></span> <span class='ocrx_word' id='word_1_799' title='bbox 2156 4259 2253 4313; x_wconf 89' lang='lat' dir='ltr'><strong>per</strong></span> <span class='ocrx_word' id='word_1_800' title='bbox 2296 4246 2529 4312; x_wconf 88' lang='lat' dir='ltr'><strong>compita</strong></span> <span class='ocrx_word' id='word_1_801' title='bbox 2577 4244 2821 4301; x_wconf 86' lang='lat' dir='ltr'><strong>feruntur</strong></span> <span class='ocrx_word' id='word_1_802' title='bbox 2846 4288 2859 4311; x_wconf 94' lang='lat'><strong>,</strong></span> <span class='ocrx_word' id='word_1_803' title='bbox 2899 4254 2955 4301; x_wconf 90' lang='lat' dir='ltr'><strong>et</strong></span> <span class='ocrx_word' id='word_1_804' title='bbox 2984 4264 3277 4305; x_wconf 88' lang='lat' dir='ltr'><strong>concursus</strong></span> <span class='ocrx_word' id='word_1_805' title='bbox 3308 4263 3389 4305; x_wconf 89' lang='lat' dir='ltr'><strong>est</strong></span> <span class='ocrx_word' id='word_1_806' title='bbox 3418 4254 3473 4308; x_wconf 82' lang='lat' dir='ltr'><strong>in</strong></span> 
     </span>
    </p>
   </div>
   <div class='ocr_carea' id='block_1_104' title="bbox 1896 4334 3470 4411">
    <p class='ocr_par' dir='ltr' id='par_1_104' title="bbox 1896 4334 3470 4411">
     <span class='ocr_line' id='line_1_104' title="bbox 1896 4334 3470 4411; baseline 0.006 -22"><span class='ocrx_word' id='word_1_807' title='bbox 1896 4334 2112 4390; x_wconf 87' lang='lat' dir='ltr'><strong>domum</strong></span> <span class='ocrx_word' id='word_1_808' title='bbox 2158 4335 2309 4404; x_wconf 88' lang='lat' dir='ltr'><strong>ejus,</strong></span> <span class='ocrx_word' id='word_1_809' title='bbox 2355 4338 2442 4405; x_wconf 91' lang='lat' dir='ltr'><strong>qui</strong></span> <span class='ocrx_word' id='word_1_810' title='bbox 2487 4348 2592 4392; x_wconf 85' lang='lat' dir='ltr'><strong>tam</strong></span> <span class='ocrx_word' id='word_1_811' title='bbox 2646 4338 2903 4411; x_wconf 87' lang='lat' dir='ltr'><strong>indecore</strong></span> <span class='ocrx_word' id='word_1_812' title='bbox 2953 4355 3013 4395; x_wconf 88' lang='lat' dir='ltr'><strong>se</strong></span> <span class='ocrx_word' id='word_1_813' title='bbox 3057 4344 3193 4411; x_wconf 84' lang='lat' dir='ltr'><strong>gerit</strong></span> <span class='ocrx_word' id='word_1_814' title='bbox 3239 4352 3295 4397; x_wconf 91' lang='lat' dir='ltr'><strong>et</strong></span> <span class='ocrx_word' id='word_1_815' title='bbox 3334 4344 3470 4398; x_wconf 88' lang='lat' dir='ltr'><strong>vici-</strong></span> 
     </span>
    </p>
   </div>
   <div class='ocr_carea' id='block_1_105' title="bbox 1897 4430 3469 4505">
    <p class='ocr_par' dir='ltr' id='par_1_105' title="bbox 1897 4430 3469 4505">
     <span class='ocr_line' id='line_1_105' title="bbox 1897 4430 3469 4505; baseline 0.008 -27"><span class='ocrx_word' id='word_1_816' title='bbox 1897 4441 2084 4480; x_wconf 90' lang='lat' dir='ltr'><strong>norum</strong></span> <span class='ocrx_word' id='word_1_817' title='bbox 2115 4436 2169 4482; x_wconf 90' lang='lat' dir='ltr'><strong>ct</strong></span> <span class='ocrx_word' id='word_1_818' title='bbox 2198 4430 2630 4496; x_wconf 60' lang='lat' dir='ltr'><strong>praetereuntium</strong></span> <span class='ocrx_word' id='word_1_819' title='bbox 2653 4472 2669 4493; x_wconf 94' lang='lat'><strong>,</strong></span> <span class='ocrx_word' id='word_1_820' title='bbox 2717 4445 2778 4484; x_wconf 88' lang='lat' dir='ltr'><strong>ac</strong></span> <span class='ocrx_word' id='word_1_821' title='bbox 2811 4430 2858 4484; x_wconf 83' lang='lat' dir='ltr'><strong>si</strong></span> <span class='ocrx_word' id='word_1_822' title='bbox 2905 4430 3013 4485; x_wconf 82' lang='lat' dir='ltr'><strong>fera</strong></span> <span class='ocrx_word' id='word_1_823' title='bbox 3056 4435 3318 4501; x_wconf 76' lang='lat' dir='ltr'><strong>qumpiam</strong></span> <span class='ocrx_word' id='word_1_824' title='bbox 3350 4453 3469 4505; x_wconf 78' lang='lat' dir='ltr'><strong>qua:</strong></span> 
     </span>
    </p>
   </div>
   <div class='ocr_carea' id='block_1_106' title="bbox 1894 4518 3471 4593">
    <p class='ocr_par' dir='ltr' id='par_1_106' title="bbox 1894 4518 3471 4593">
     <span class='ocr_line' id='line_1_106' title="bbox 1894 4518 3471 4593; baseline 0.003 -18"><span class='ocrx_word' id='word_1_825' title='bbox 1894 4518 2035 4575; x_wconf 86' lang='lat' dir='ltr'><strong>intus</strong></span> <span class='ocrx_word' id='word_1_826' title='bbox 2063 4530 2187 4573; x_wconf 87' lang='lat' dir='ltr'><strong>sunt</strong></span> <span class='ocrx_word' id='word_1_827' title='bbox 2218 4520 2496 4575; x_wconf 86' lang='lat' dir='ltr'><strong>labefactet</strong></span> <span class='ocrx_word' id='word_1_828' title='bbox 2530 4532 2581 4575; x_wconf 88' lang='lat' dir='ltr'><strong>et</strong></span> <span class='ocrx_word' id='word_1_829' title='bbox 2610 4522 2833 4591; x_wconf 86' lang='lat' dir='ltr'><strong>perdat?</strong></span> <span class='ocrx_word' id='word_1_830' title='bbox 2860 4522 3157 4593; x_wconf 86' lang='lat' dir='ltr'><strong>Optabilius</strong></span> <span class='ocrx_word' id='word_1_831' title='bbox 3184 4538 3326 4581; x_wconf 88' lang='lat' dir='ltr'><strong>esset</strong></span> <span class='ocrx_word' id='word_1_832' title='bbox 3356 4538 3471 4583; x_wconf 89' lang='lat' dir='ltr'><strong>ter-</strong></span> 
     </span>
    </p>
   </div>
   <div class='ocr_carea' id='block_1_107' title="bbox 1894 4610 3472 4687">
    <p class='ocr_par' dir='ltr' id='par_1_107' title="bbox 1894 4610 3472 4687">
     <span class='ocr_line' id='line_1_107' title="bbox 1894 4610 3472 4687; baseline 0.007 -23"><span class='ocrx_word' id='word_1_833' title='bbox 1894 4627 2007 4664; x_wconf 88' lang='lat' dir='ltr'><strong>ram</strong></span> <span class='ocrx_word' id='word_1_834' title='bbox 2036 4610 2314 4665; x_wconf 84' lang='lat' dir='ltr'><strong>dehiscere</strong></span> <span class='ocrx_word' id='word_1_835' title='bbox 2343 4614 2388 4665; x_wconf 92' lang='lat' dir='ltr'><strong>ei</strong></span> <span class='ocrx_word' id='word_1_836' title='bbox 2421 4613 2511 4681; x_wconf 91' lang='lat' dir='ltr'><strong>qui</strong></span> <span class='ocrx_word' id='word_1_837' title='bbox 2560 4623 2664 4665; x_wconf 90' lang='lat' dir='ltr'><strong>tam</strong></span> <span class='ocrx_word' id='word_1_838' title='bbox 2699 4613 2898 4681; x_wconf 90' lang='lat' dir='ltr'><strong>furiose</strong></span> <span class='ocrx_word' id='word_1_839' title='bbox 2924 4630 2979 4669; x_wconf 92' lang='lat' dir='ltr'><strong>se</strong></span> <span class='ocrx_word' id='word_1_840' title='bbox 3007 4625 3193 4685; x_wconf 84' lang='lat' dir='ltr'><strong>gerat,</strong></span> <span class='ocrx_word' id='word_1_841' title='bbox 3227 4634 3384 4687; x_wconf 84' lang='lat' dir='ltr'><strong>quam</strong></span> <span class='ocrx_word' id='word_1_842' title='bbox 3414 4631 3472 4675; x_wconf 91' lang='lat' dir='ltr'><strong>ut</strong></span> 
     </span>
    </p>
   </div>
   <div class='ocr_carea' id='block_1_108' title="bbox 1896 4705 3466 4776">
    <p class='ocr_par' dir='ltr' id='par_1_108' title="bbox 1896 4705 3466 4776">
     <span class='ocr_line' id='line_1_108' title="bbox 1896 4705 3466 4776; baseline 0.005 -19"><span class='ocrx_word' id='word_1_843' title='bbox 1896 4715 2079 4772; x_wconf 90' lang='lat' dir='ltr'><strong>postea</strong></span> <span class='ocrx_word' id='word_1_844' title='bbox 2109 4705 2159 4757; x_wconf 90' lang='lat' dir='ltr'><strong>in</strong></span> <span class='ocrx_word' id='word_1_845' title='bbox 2188 4706 2303 4757; x_wconf 89' lang='lat' dir='ltr'><strong>foro</strong></span> <span class='ocrx_word' id='word_1_846' title='bbox 2326 4714 2599 4773; x_wconf 87' lang='lat' dir='ltr'><strong>appareat.</strong></span> <span class='ocrx_word' id='word_1_847' title='bbox 2632 4705 2733 4759; x_wconf 88' lang='lat' dir='ltr'><strong>Sed</strong></span> <span class='ocrx_word' id='word_1_848' title='bbox 2765 4705 2987 4774; x_wconf 89' lang='lat' dir='ltr'><strong>mulier,</strong></span> <span class='ocrx_word' id='word_1_849' title='bbox 3020 4707 3257 4776; x_wconf 85' lang='lat' dir='ltr'><strong>inquiet,</strong></span> <span class='ocrx_word' id='word_1_850' title='bbox 3293 4711 3466 4765; x_wconf 84' lang='lat' dir='ltr'><strong>audax</strong></span> 
     </span>
    </p>
   </div>
   <div class='ocr_carea' id='block_1_109' title="bbox 1893 4794 3470 4865">
    <p class='ocr_par' dir='ltr' id='par_1_109' title="bbox 1893 4794 3470 4865">
     <span class='ocr_line' id='line_1_109' title="bbox 1893 4794 3470 4865; baseline 0.002 -18"><span class='ocrx_word' id='word_1_851' title='bbox 1893 4803 1947 4847; x_wconf 92' lang='lat' dir='ltr'><strong>et</strong></span> <span class='ocrx_word' id='word_1_852' title='bbox 1990 4809 2177 4863; x_wconf 88' lang='lat' dir='ltr'><strong>aspera</strong></span> <span class='ocrx_word' id='word_1_853' title='bbox 2211 4806 2310 4849; x_wconf 88' lang='lat' dir='ltr'><strong>est.</strong></span> <span class='ocrx_word' id='word_1_854' title='bbox 2362 4794 2468 4849; x_wconf 89' lang='lat' dir='ltr'><strong>Sed</strong></span> <span class='ocrx_word' id='word_1_855' title='bbox 2499 4797 2669 4865; x_wconf 87' lang='lat' dir='ltr'><strong>cogita</strong></span> <span class='ocrx_word' id='word_1_856' title='bbox 2706 4796 2847 4849; x_wconf 85' lang='lat' dir='ltr'><strong>illam</strong></span> <span class='ocrx_word' id='word_1_857' title='bbox 2881 4812 3001 4852; x_wconf 91' lang='lat' dir='ltr'><strong>esse</strong></span> <span class='ocrx_word' id='word_1_858' title='bbox 3031 4801 3306 4854; x_wconf 88' lang='lat' dir='ltr'><strong>mulierem</strong></span> <span class='ocrx_word' id='word_1_859' title='bbox 3332 4844 3344 4863; x_wconf 91' lang='lat'><strong>,</strong></span> <span class='ocrx_word' id='word_1_860' title='bbox 3376 4818 3470 4854; x_wconf 73' lang='lat' dir='ltr'><strong>Vas</strong></span> 
     </span>
    </p>
   </div>
   <div class='ocr_carea' id='block_1_110' title="bbox 1893 4874 3469 4963">
    <p class='ocr_par' dir='ltr' id='par_1_110' title="bbox 1893 4874 3469 4963">
     <span class='ocr_line' id='line_1_110' title="bbox 1893 4874 3469 4963; baseline 0.005 -24"><span class='ocrx_word' id='word_1_861' title='bbox 1893 4886 2183 4951; x_wconf 78' lang='lat' dir='ltr'><strong>infirmum,</strong></span> <span class='ocrx_word' id='word_1_862' title='bbox 2215 4896 2265 4939; x_wconf 88' lang='lat' dir='ltr'><strong>te</strong></span> <span class='ocrx_word' id='word_1_863' title='bbox 2293 4898 2467 4941; x_wconf 87' lang='lat' dir='ltr'><strong>autem</strong></span> <span class='ocrx_word' id='word_1_864' title='bbox 2497 4890 2688 4942; x_wconf 89' lang='lat' dir='ltr'><strong>virum.</strong></span> <span class='ocrx_word' id='word_1_865' title='bbox 2720 4889 3018 4958; x_wconf 87' lang='lat' dir='ltr'><strong>Propterea</strong></span> <span class='ocrx_word' id='word_1_866' title='bbox 3046 4892 3187 4946; x_wconf 85' lang='lat' dir='ltr'><strong>enim</strong></span> <span class='ocrx_word' id='word_1_867' title='bbox 3219 4874 3469 4963; x_wconf 64' lang='lat' dir='ltr'><strong>princeps</strong></span> 
     </span>
    </p>
   </div>
   <div class='ocr_carea' id='block_1_111' title="bbox 1892 4980 3458 5051">
    <p class='ocr_par' dir='ltr' id='par_1_111' title="bbox 1892 4980 3458 5051">
     <span class='ocr_line' id='line_1_111' title="bbox 1892 4980 3458 5051; baseline 0.005 -20"><span class='ocrx_word' id='word_1_868' title='bbox 1892 4980 2213 5051; x_wconf 84' lang='lat' dir='ltr'><strong>constitutus</strong></span> <span class='ocrx_word' id='word_1_869' title='bbox 2243 4994 2299 5032; x_wconf 84' lang='lat' dir='ltr'><strong>es</strong></span> <span class='ocrx_word' id='word_1_870' title='bbox 2320 5020 2335 5045; x_wconf 96' lang='lat'><strong>,</strong></span> <span class='ocrx_word' id='word_1_871' title='bbox 2376 4991 2429 5033; x_wconf 88' lang='lat' dir='ltr'><strong>et</strong></span> <span class='ocrx_word' id='word_1_872' title='bbox 2475 4980 2643 5034; x_wconf 86' lang='lat' dir='ltr'><strong>instar</strong></span> <span class='ocrx_word' id='word_1_873' title='bbox 2670 4982 2865 5051; x_wconf 87' lang='lat' dir='ltr'><strong>capitis</strong></span> <span class='ocrx_word' id='word_1_874' title='bbox 2895 4982 3049 5037; x_wconf 88' lang='lat' dir='ltr'><strong>datus</strong></span> <span class='ocrx_word' id='word_1_875' title='bbox 3094 4998 3186 5051; x_wconf 88' lang='lat' dir='ltr'><strong>es,</strong></span> <span class='ocrx_word' id='word_1_876' title='bbox 3237 4996 3289 5037; x_wconf 90' lang='lat' dir='ltr'><strong>ut</strong></span> <span class='ocrx_word' id='word_1_877' title='bbox 3322 4985 3458 5039; x_wconf 71' lang='lat' dir='ltr'><strong>feras</strong></span> 
     </span>
    </p>
   </div>
   <div class='ocr_carea' id='block_1_112' title="bbox 1892 5048 3457 5141">
    <p class='ocr_par' dir='ltr' id='par_1_112' title="bbox 1892 5048 3457 5141">
     <span class='ocr_line' id='line_1_112' title="bbox 1892 5048 3457 5141; baseline 0.002 -15"><span class='ocrx_word' id='word_1_878' title='bbox 1892 5071 2008 5140; x_wconf 85' lang='lat' dir='ltr'><strong>ejus</strong></span> <span class='ocrx_word' id='word_1_879' title='bbox 2049 5048 2310 5141; x_wconf 48' lang='lat' dir='ltr'><strong>quae&#39;tihi</strong></span> <span class='ocrx_word' id='word_1_880' title='bbox 2336 5085 2525 5137; x_wconf 86' lang='lat' dir='ltr'><strong>parere</strong></span> <span class='ocrx_word' id='word_1_881' title='bbox 2564 5048 3203 5129; x_wconf 21' lang='lat' dir='ltr'><strong>debetvimbecillitatem.</strong></span> <span class='ocrx_word' id='word_1_882' title='bbox 3234 5073 3339 5129; x_wconf 85' lang='lat' dir='ltr'><strong>Fac</strong></span> <span class='ocrx_word' id='word_1_883' title='bbox 3370 5076 3457 5129; x_wconf 58' lang='lat' dir='ltr'><strong>itaa</strong></span> 
     </span>
    </p>
   </div>
   <div class='ocr_carea' id='block_1_113' title="bbox 1890 5156 3456 5235">
    <p class='ocr_par' dir='ltr' id='par_1_113' title="bbox 1890 5156 3456 5235">
     <span class='ocr_line' id='line_1_113' title="bbox 1890 5156 3456 5235; baseline 0.001 -15"><span class='ocrx_word' id='word_1_884' title='bbox 1890 5179 1994 5235; x_wconf 90' lang='lat' dir='ltr'><strong>que</strong></span> <span class='ocrx_word' id='word_1_885' title='bbox 2022 5174 2083 5219; x_wconf 86' lang='lat' dir='ltr'><strong>ut</strong></span> <span class='ocrx_word' id='word_1_886' title='bbox 2123 5164 2405 5232; x_wconf 88' lang='lat' dir='ltr'><strong>imperimn</strong></span> <span class='ocrx_word' id='word_1_887' title='bbox 2447 5172 2591 5216; x_wconf 86' lang='lat' dir='ltr'><strong>tuum</strong></span> <span class='ocrx_word' id='word_1_888' title='bbox 2620 5156 3047 5231; x_wconf 41' lang='lat' dir='ltr'><strong>sit&#39;splendi‘dum</strong></span> <span class='ocrx_word' id='word_1_889' title='bbox 3074 5183 3087 5217; x_wconf 87' lang='lat'><strong>:</strong></span> <span class='ocrx_word' id='word_1_890' title='bbox 3119 5165 3456 5233; x_wconf 85' lang='lat' dir='ltr'><strong>splendidum</strong></span> 
     </span>
    </p>
   </div>
   <div class='ocr_carea' id='block_1_114' title="bbox 1889 5254 3457 5324">
    <p class='ocr_par' dir='ltr' id='par_1_114' title="bbox 1889 5254 3457 5324">
     <span class='ocr_line' id='line_1_114' title="bbox 1889 5254 3457 5324; baseline 0.001 -15"><span class='ocrx_word' id='word_1_891' title='bbox 1889 5267 2066 5311; x_wconf 86' lang='lat' dir='ltr'><strong>autem</strong></span> <span class='ocrx_word' id='word_1_892' title='bbox 2088 5257 2192 5313; x_wconf 90' lang='lat' dir='ltr'><strong>erit</strong></span> <span class='ocrx_word' id='word_1_893' title='bbox 2212 5296 2227 5321; x_wconf 93' lang='lat'><strong>,</strong></span> <span class='ocrx_word' id='word_1_894' title='bbox 2252 5272 2374 5311; x_wconf 91' lang='lat' dir='ltr'><strong>cum</strong></span> <span class='ocrx_word' id='word_1_895' title='bbox 2397 5271 2527 5310; x_wconf 80' lang='lat' dir='ltr'><strong>eam</strong></span> <span class='ocrx_word' id='word_1_896' title='bbox 2542 5255 2625 5309; x_wconf 88' lang='lat' dir='ltr'><strong>cui</strong></span> <span class='ocrx_word' id='word_1_897' title='bbox 2652 5254 2883 5324; x_wconf 88' lang='lat' dir='ltr'><strong>imperas</strong></span> <span class='ocrx_word' id='word_1_898' title='bbox 2908 5270 3013 5309; x_wconf 91' lang='lat' dir='ltr'><strong>non</strong></span> <span class='ocrx_word' id='word_1_899' title='bbox 3044 5255 3309 5313; x_wconf 86' lang='lat' dir='ltr'><strong>dedecore</strong></span> <span class='ocrx_word' id='word_1_900' title='bbox 3336 5258 3457 5311; x_wconf 77' lang='lat' dir='ltr'><strong>affe-</strong></span> 
     </span>
    </p>
   </div>
   <div class='ocr_carea' id='block_1_115' title="bbox 1890 5334 3458 5417">
    <p class='ocr_par' dir='ltr' id='par_1_115' title="bbox 1890 5334 3458 5417">
     <span class='ocr_line' id='line_1_115' title="bbox 1890 5334 3458 5417; baseline -0.003 -13"><span class='ocrx_word' id='word_1_901' title='bbox 1890 5350 2051 5404; x_wconf 83' lang='lat' dir='ltr'><strong>ceris.</strong></span> <span class='ocrx_word' id='word_1_902' title='bbox 2083 5350 2159 5404; x_wconf 80' lang='lat' dir='ltr'><strong>Ac</strong></span> <span class='ocrx_word' id='word_1_903' title='bbox 2182 5349 2319 5402; x_wconf 89' lang='lat' dir='ltr'><strong>sicut</strong></span> <span class='ocrx_word' id='word_1_904' title='bbox 2345 5350 2389 5402; x_wconf 91' lang='lat' dir='ltr'><strong>is</strong></span> <span class='ocrx_word' id='word_1_905' title='bbox 2438 5347 2528 5417; x_wconf 88' lang='lat' dir='ltr'><strong>qui</strong></span> <span class='ocrx_word' id='word_1_906' title='bbox 2555 5334 2742 5415; x_wconf 85' lang='lat' dir='ltr'><strong>regnat</strong></span> <span class='ocrx_word' id='word_1_907' title='bbox 2786 5354 2913 5399; x_wconf 92' lang='lat' dir='ltr'><strong>tunc</strong></span> <span class='ocrx_word' id='word_1_908' title='bbox 2959 5349 3269 5415; x_wconf 67' lang='lat' dir='ltr'><strong>praeclarior</strong></span> <span class='ocrx_word' id='word_1_909' title='bbox 3286 5363 3458 5416; x_wconf 77' lang='lat' dir='ltr'><strong>appa-</strong></span> 
     </span>
    </p>
   </div>
   <div class='ocr_carea' id='block_1_116' title="bbox 1888 5437 3455 5508">
    <p class='ocr_par' dir='ltr' id='par_1_116' title="bbox 1888 5437 3455 5508">
     <span class='ocr_line' id='line_1_116' title="bbox 1888 5437 3455 5508; baseline -0.001 -12"><span class='ocrx_word' id='word_1_910' title='bbox 1888 5442 2062 5506; x_wconf 89' lang='lat' dir='ltr'><strong>rebit,</strong></span> <span class='ocrx_word' id='word_1_911' title='bbox 2091 5457 2212 5495; x_wconf 90' lang='lat' dir='ltr'><strong>cum</strong></span> <span class='ocrx_word' id='word_1_912' title='bbox 2240 5441 2339 5495; x_wconf 92' lang='lat' dir='ltr'><strong>sibi</strong></span> <span class='ocrx_word' id='word_1_913' title='bbox 2372 5439 2679 5494; x_wconf 88' lang='lat' dir='ltr'><strong>inferiorem</strong></span> <span class='ocrx_word' id='word_1_914' title='bbox 2728 5437 3035 5507; x_wconf 68' lang='lat' dir='ltr'><strong>praafectum</strong></span> <span class='ocrx_word' id='word_1_915' title='bbox 3066 5440 3455 5508; x_wconf 66' lang='lat' dir='ltr'><strong>prmclariorem</strong></span> 
     </span>
    </p>
   </div>
   <div class='ocr_carea' id='block_1_117' title="bbox 1887 5528 3459 5596">
    <p class='ocr_par' dir='ltr' id='par_1_117' title="bbox 1887 5528 3459 5596">
     <span class='ocr_line' id='line_1_117' title="bbox 1887 5528 3459 5596; baseline 0.001 -10"><span class='ocrx_word' id='word_1_916' title='bbox 1887 5533 2215 5596; x_wconf 85' lang='lat' dir='ltr'><strong>reddiderit;</strong></span> <span class='ocrx_word' id='word_1_917' title='bbox 2244 5531 2287 5590; x_wconf 82' lang='lat' dir='ltr'><strong>si</strong></span> <span class='ocrx_word' id='word_1_918' title='bbox 2316 5544 2492 5585; x_wconf 88' lang='lat' dir='ltr'><strong>autem</strong></span> <span class='ocrx_word' id='word_1_919' title='bbox 2520 5528 2644 5582; x_wconf 90' lang='lat' dir='ltr'><strong>illud</strong></span> <span class='ocrx_word' id='word_1_920' title='bbox 2669 5538 2871 5583; x_wconf 89' lang='lat' dir='ltr'><strong>tantum</strong></span> <span class='ocrx_word' id='word_1_921' title='bbox 2900 5542 3091 5585; x_wconf 88' lang='lat' dir='ltr'><strong>munus</strong></span> <span class='ocrx_word' id='word_1_922' title='bbox 3117 5529 3380 5585; x_wconf 81' lang='lat' dir='ltr'><strong>dedecore</strong></span> <span class='ocrx_word' id='word_1_923' title='bbox 3406 5546 3459 5587; x_wconf 87' lang='lat' dir='ltr'><strong>et</strong></span> 
     </span>
    </p>
   </div>
   <div class='ocr_carea' id='block_1_118' title="bbox 1888 5612 3453 5694">
    <p class='ocr_par' dir='ltr' id='par_1_118' title="bbox 1888 5612 3453 5694">
     <span class='ocr_line' id='line_1_118' title="bbox 1888 5612 3453 5694; baseline 0 -17"><span class='ocrx_word' id='word_1_924' title='bbox 1888 5623 2177 5694; x_wconf 82' lang='lat' dir='ltr'><strong>ignominia</strong></span> <span class='ocrx_word' id='word_1_925' title='bbox 2200 5612 2458 5683; x_wconf 74' lang='lat' dir='ltr'><strong>affecerit,</strong></span> <span class='ocrx_word' id='word_1_926' title='bbox 2479 5629 2607 5673; x_wconf 83' lang='lat' dir='ltr'><strong>tunc</strong></span> <span class='ocrx_word' id='word_1_927' title='bbox 2636 5634 2663 5671; x_wconf 90' lang='lat' dir='ltr'><strong>a</strong></span> <span class='ocrx_word' id='word_1_928' title='bbox 2697 5620 2869 5689; x_wconf 83' lang='lat' dir='ltr'><strong>gloria</strong></span> <span class='ocrx_word' id='word_1_929' title='bbox 2893 5634 2987 5674; x_wconf 87' lang='lat' dir='ltr'><strong>sua</strong></span> <span class='ocrx_word' id='word_1_930' title='bbox 3017 5634 3122 5672; x_wconf 89' lang='lat' dir='ltr'><strong>non</strong></span> <span class='ocrx_word' id='word_1_931' title='bbox 3147 5637 3331 5688; x_wconf 90' lang='lat' dir='ltr'><strong>parttm</strong></span> <span class='ocrx_word' id='word_1_932' title='bbox 3355 5622 3453 5677; x_wconf 86' lang='lat' dir='ltr'><strong>de-</strong></span> 
     </span>
    </p>
   </div>
   <div class='ocr_carea' id='block_1_119' title="bbox 1889 5704 3449 5780">
    <p class='ocr_par' dir='ltr' id='par_1_119' title="bbox 1889 5704 3449 5780">
     <span class='ocr_line' id='line_1_119' title="bbox 1889 5704 3449 5780; baseline 0.001 -14"><span class='ocrx_word' id='word_1_933' title='bbox 1889 5714 2086 5767; x_wconf 87' lang='lat' dir='ltr'><strong>mitur:</strong></span> <span class='ocrx_word' id='word_1_934' title='bbox 2119 5704 2281 5766; x_wconf 78' lang='lat' dir='ltr'><strong>sic-et</strong></span> <span class='ocrx_word' id='word_1_935' title='bbox 2320 5720 2405 5777; x_wconf 88' lang='lat' dir='ltr'><strong>tu,</strong></span> <span class='ocrx_word' id='word_1_936' title='bbox 2436 5710 2480 5763; x_wconf 91' lang='lat' dir='ltr'><strong>si</strong></span> <span class='ocrx_word' id='word_1_937' title='bbox 2510 5724 2631 5763; x_wconf 85' lang='lat' dir='ltr'><strong>eam</strong></span> <span class='ocrx_word' id='word_1_938' title='bbox 2655 5726 2774 5780; x_wconf 83' lang='lat' dir='ltr'><strong>quae</strong></span> <span class='ocrx_word' id='word_1_939' title='bbox 2802 5718 2926 5780; x_wconf 81' lang='lat' dir='ltr'><strong>pust</strong></span> <span class='ocrx_word' id='word_1_940' title='bbox 2951 5716 3005 5763; x_wconf 91' lang='lat' dir='ltr'><strong>te</strong></span> <span class='ocrx_word' id='word_1_941' title='bbox 3022 5708 3258 5779; x_wconf 85' lang='lat' dir='ltr'><strong>imperat</strong></span> <span class='ocrx_word' id='word_1_942' title='bbox 3286 5711 3449 5767; x_wconf 76' lang='lat' dir='ltr'><strong>dedo-</strong></span> 
     </span>
    </p>
   </div>
   <div class='ocr_carea' id='block_1_120' title="bbox 1890 5800 3455 5879">
    <p class='ocr_par' dir='ltr' id='par_1_120' title="bbox 1890 5800 3455 5879">
     <span class='ocr_line' id='line_1_120' title="bbox 1890 5800 3455 5879; baseline 0 -19"><span class='ocrx_word' id='word_1_943' title='bbox 1890 5822 2014 5863; x_wconf 80' lang='lat' dir='ltr'><strong>cere</strong></span> <span class='ocrx_word' id='word_1_944' title='bbox 2057 5805 2327 5872; x_wconf 69' lang='lat' dir='ltr'><strong>aﬂeccris,</strong></span> <span class='ocrx_word' id='word_1_945' title='bbox 2356 5819 2461 5860; x_wconf 89' lang='lat' dir='ltr'><strong>non</strong></span> <span class='ocrx_word' id='word_1_946' title='bbox 2494 5803 2596 5860; x_wconf 87' lang='lat' dir='ltr'><strong>levi</strong></span> <span class='ocrx_word' id='word_1_947' title='bbox 2622 5803 2829 5859; x_wconf 86' lang='lat' dir='ltr'><strong>damno</strong></span> <span class='ocrx_word' id='word_1_948' title='bbox 2855 5800 3103 5861; x_wconf 76' lang='lat' dir='ltr'><strong>olfeceris</strong></span> <span class='ocrx_word' id='word_1_949' title='bbox 3130 5802 3455 5879; x_wconf 83' lang='lat' dir='ltr'><strong>principatus</strong></span> 
     </span>
    </p>
   </div>
  </div>
