  <div class='ocr_page' id='page_1' title='image "/cluster/home/n/w/nwhite01/storage/ocr_20150623/61/pst.000005712618/229.png"; bbox 0 0 4086 6340; ppageno 0'>
   <div class='ocr_carea' id='block_1_1' title="bbox 562 246 670 301">
    <p class='ocr_par' dir='ltr' id='par_1_1' title="bbox 562 246 670 301">
     <span class='ocr_line' id='line_1_1' title="bbox 562 246 670 301; baseline 0.019 -2"><span class='ocrx_word' id='word_1_1' title='bbox 562 246 670 301; x_wconf 67' lang='lat'><strong>2‘23</strong></span> 
     </span>
    </p>
   </div>
   <div class='ocr_carea' id='block_1_2' title="bbox 569 365 2152 440">
    <p class='ocr_par' dir='ltr' id='par_1_2' title="bbox 569 365 2152 440">
     <span class='ocr_line' id='line_1_2' title="bbox 569 365 2152 440; baseline 0.001 -20"><span class='ocrx_word' id='word_1_2' title='bbox 569 368 645 420; x_wconf 89' lang='lat' dir='ltr'><strong>toi</strong></span> <span class='ocrx_word' id='word_1_3' title='bbox 699 365 979 423; x_wconf 80' lang='lat' dir='ltr'><strong>honorem.</strong></span> <span class='ocrx_word' id='word_1_4' title='bbox 1032 367 1159 426; x_wconf 66' lang='lat' dir='ltr'><strong>Haae</strong></span> <span class='ocrx_word' id='word_1_5' title='bbox 1210 369 1371 440; x_wconf 89' lang='lat' dir='ltr'><strong>igitur</strong></span> <span class='ocrx_word' id='word_1_6' title='bbox 1417 370 1596 425; x_wconf 84' lang='lat' dir='ltr'><strong>omnia</strong></span> <span class='ocrx_word' id='word_1_7' title='bbox 1643 380 1817 425; x_wconf 88' lang='lat' dir='ltr'><strong>tecum</strong></span> <span class='ocrx_word' id='word_1_8' title='bbox 1860 379 2152 440; x_wconf 76' lang='lat' dir='ltr'><strong>reputans,</strong></span> 
     </span>
    </p>
   </div>
   <div class='ocr_carea' id='block_1_3' title="bbox 574 460 2146 531">
    <p class='ocr_par' dir='ltr' id='par_1_3' title="bbox 574 460 2146 531">
     <span class='ocr_line' id='line_1_3' title="bbox 574 460 2146 531; baseline 0.001 -20"><span class='ocrx_word' id='word_1_9' title='bbox 574 468 937 527; x_wconf 87' lang='lat' dir='ltr'><strong>temperanter</strong></span> <span class='ocrx_word' id='word_1_10' title='bbox 962 476 1093 530; x_wconf 91' lang='lat' dir='ltr'><strong>age,</strong></span> <span class='ocrx_word' id='word_1_11' title='bbox 1124 470 1180 515; x_wconf 91' lang='lat' dir='ltr'><strong>et</strong></span> <span class='ocrx_word' id='word_1_12' title='bbox 1203 476 1327 515; x_wconf 92' lang='lat' dir='ltr'><strong>cum</strong></span> <span class='ocrx_word' id='word_1_13' title='bbox 1356 460 1441 515; x_wconf 87' lang='lat' dir='ltr'><strong>his</strong></span> <span class='ocrx_word' id='word_1_14' title='bbox 1468 461 1630 515; x_wconf 93' lang='lat' dir='ltr'><strong>etiam</strong></span> <span class='ocrx_word' id='word_1_15' title='bbox 1671 475 1952 531; x_wconf 79' lang='lat' dir='ltr'><strong>vesperam</strong></span> <span class='ocrx_word' id='word_1_16' title='bbox 1998 460 2146 513; x_wconf 83' lang='lat' dir='ltr'><strong>illam</strong></span> 
     </span>
    </p>
   </div>
   <div class='ocr_carea' id='block_1_4' title="bbox 568 550 2148 620">
    <p class='ocr_par' dir='ltr' id='par_1_4' title="bbox 568 550 2148 620">
     <span class='ocr_line' id='line_1_4' title="bbox 568 550 2148 620; baseline 0 -17"><span class='ocrx_word' id='word_1_17' title='bbox 568 550 772 618; x_wconf 87' lang='lat' dir='ltr'><strong>cogita,</strong></span> <span class='ocrx_word' id='word_1_18' title='bbox 798 565 900 619; x_wconf 89' lang='lat' dir='ltr'><strong>qua</strong></span> <span class='ocrx_word' id='word_1_19' title='bbox 930 559 983 605; x_wconf 89' lang='lat' dir='ltr'><strong>te</strong></span> <span class='ocrx_word' id='word_1_20' title='bbox 1009 551 1275 604; x_wconf 86' lang='lat' dir='ltr'><strong>advocato</strong></span> <span class='ocrx_word' id='word_1_21' title='bbox 1307 562 1458 620; x_wconf 89' lang='lat' dir='ltr'><strong>pater</strong></span> <span class='ocrx_word' id='word_1_22' title='bbox 1487 552 1649 605; x_wconf 83' lang='lat' dir='ltr'><strong>filiam</strong></span> <span class='ocrx_word' id='word_1_23' title='bbox 1679 566 1830 605; x_wconf 90' lang='lat' dir='ltr'><strong>suam</strong></span> <span class='ocrx_word' id='word_1_24' title='bbox 1857 550 2009 620; x_wconf 89' lang='lat' dir='ltr'><strong>quasi</strong></span> <span class='ocrx_word' id='word_1_25' title='bbox 2052 550 2148 602; x_wconf 64' lang='lat' dir='ltr'><strong>dev</strong></span> 
     </span>
    </p>
   </div>
   <div class='ocr_carea' id='block_1_5' title="bbox 569 641 2148 711">
    <p class='ocr_par' dir='ltr' id='par_1_5' title="bbox 569 641 2148 711">
     <span class='ocr_line' id='line_1_5' title="bbox 569 641 2148 711; baseline 0 -18"><span class='ocrx_word' id='word_1_26' title='bbox 569 641 801 710; x_wconf 79' lang='lat' dir='ltr'><strong>pbsitum</strong></span> <span class='ocrx_word' id='word_1_27' title='bbox 847 642 1115 711; x_wconf 78' lang='lat' dir='ltr'><strong>quoddam</strong></span> <span class='ocrx_word' id='word_1_28' title='bbox 1150 642 1369 696; x_wconf 89' lang='lat' dir='ltr'><strong>tradidit</strong></span> <span class='ocrx_word' id='word_1_29' title='bbox 1389 683 1404 705; x_wconf 86' lang='lat'><strong><em>.</em></strong></span> <span class='ocrx_word' id='word_1_30' title='bbox 1434 652 1486 697; x_wconf 92' lang='lat' dir='ltr'><strong>et</strong></span> <span class='ocrx_word' id='word_1_31' title='bbox 1518 643 1662 697; x_wconf 82' lang='lat' dir='ltr'><strong>illam</strong></span> <span class='ocrx_word' id='word_1_32' title='bbox 1692 642 1761 695; x_wconf 91' lang='lat' dir='ltr'><strong>ab</strong></span> <span class='ocrx_word' id='word_1_33' title='bbox 1786 643 2035 695; x_wconf 89' lang='lat' dir='ltr'><strong>omnibus</strong></span> <span class='ocrx_word' id='word_1_34' title='bbox 2063 654 2148 693; x_wconf 88' lang='lat' dir='ltr'><strong>se-</strong></span> 
     </span>
    </p>
   </div>
   <div class='ocr_carea' id='block_1_6' title="bbox 568 730 2148 802">
    <p class='ocr_par' dir='ltr' id='par_1_6' title="bbox 568 730 2148 802">
     <span class='ocr_line' id='line_1_6' title="bbox 568 730 2148 802; baseline 0 -19"><span class='ocrx_word' id='word_1_35' title='bbox 568 748 765 802; x_wconf 84' lang='lat' dir='ltr'><strong>parans</strong></span> <span class='ocrx_word' id='word_1_36' title='bbox 788 775 803 799; x_wconf 91' lang='lat'><strong>,</strong></span> <span class='ocrx_word' id='word_1_37' title='bbox 850 749 879 785; x_wconf 91' lang='lat' dir='ltr'><strong>a</strong></span> <span class='ocrx_word' id='word_1_38' title='bbox 922 743 1090 788; x_wconf 91' lang='lat' dir='ltr'><strong>matre</strong></span> <span class='ocrx_word' id='word_1_39' title='bbox 1110 776 1126 799; x_wconf 92' lang='lat'><strong>,</strong></span> <span class='ocrx_word' id='word_1_40' title='bbox 1158 734 1226 789; x_wconf 89' lang='lat' dir='ltr'><strong>ab</strong></span> <span class='ocrx_word' id='word_1_41' title='bbox 1267 748 1361 799; x_wconf 86' lang='lat' dir='ltr'><strong>se,</strong></span> <span class='ocrx_word' id='word_1_42' title='bbox 1391 748 1419 787; x_wconf 89' lang='lat' dir='ltr'><strong>a</strong></span> <span class='ocrx_word' id='word_1_43' title='bbox 1449 732 1611 787; x_wconf 92' lang='lat' dir='ltr'><strong>domo</strong></span> <span class='ocrx_word' id='word_1_44' title='bbox 1636 776 1651 789; x_wconf 86' lang='lat'><strong>.</strong></span> <span class='ocrx_word' id='word_1_45' title='bbox 1682 743 1844 787; x_wconf 90' lang='lat' dir='ltr'><strong>totam</strong></span> <span class='ocrx_word' id='word_1_46' title='bbox 1876 732 1971 785; x_wconf 72' lang='lat' dir='ltr'><strong>ti‘bi</strong></span> <span class='ocrx_word' id='word_1_47' title='bbox 2003 730 2148 785; x_wconf 88' lang='lat' dir='ltr'><strong>illius</strong></span> 
     </span>
    </p>
   </div>
   <div class='ocr_carea' id='block_1_7' title="bbox 566 822 2149 893">
    <p class='ocr_par' dir='ltr' id='par_1_7' title="bbox 566 822 2149 893">
     <span class='ocr_line' id='line_1_7' title="bbox 566 822 2149 893; baseline -0.004 -15"><span class='ocrx_word' id='word_1_48' title='bbox 566 838 751 879; x_wconf 88' lang='lat' dir='ltr'><strong>curam</strong></span> <span class='ocrx_word' id='word_1_49' title='bbox 797 824 1017 879; x_wconf 77' lang='lat' dir='ltr'><strong>dextera</strong></span> <span class='ocrx_word' id='word_1_50' title='bbox 1061 839 1157 879; x_wconf 86' lang='lat' dir='ltr'><strong>sua</strong></span> <span class='ocrx_word' id='word_1_51' title='bbox 1203 824 1460 881; x_wconf 85' lang='lat' dir='ltr'><strong>tradidit:</strong></span> <span class='ocrx_word' id='word_1_52' title='bbox 1507 828 1681 893; x_wconf 75' lang='lat' dir='ltr'><strong>Cogita</strong></span> <span class='ocrx_word' id='word_1_53' title='bbox 1713 834 1765 878; x_wconf 91' lang='lat' dir='ltr'><strong>te</strong></span> <span class='ocrx_word' id='word_1_54' title='bbox 1800 823 1868 878; x_wconf 92' lang='lat' dir='ltr'><strong>ab</strong></span> <span class='ocrx_word' id='word_1_55' title='bbox 1908 822 1997 876; x_wconf 90' lang='lat' dir='ltr'><strong>illa</strong></span> <span class='ocrx_word' id='word_1_56' title='bbox 2031 828 2149 890; x_wconf 82' lang='lat' dir='ltr'><strong>post</strong></span> 
     </span>
    </p>
   </div>
   <div class='ocr_carea' id='block_1_8' title="bbox 571 916 2146 988">
    <p class='ocr_par' dir='ltr' id='par_1_8' title="bbox 571 916 2146 988">
     <span class='ocr_line' id='line_1_8' title="bbox 571 916 2146 988; baseline -0.003 -18"><span class='ocrx_word' id='word_1_57' title='bbox 571 916 735 971; x_wconf 90' lang='lat' dir='ltr'><strong>Deum</strong></span> <span class='ocrx_word' id='word_1_58' title='bbox 768 916 907 971; x_wconf 81' lang='lat' dir='ltr'><strong>ﬁlios</strong></span> <span class='ocrx_word' id='word_1_59' title='bbox 934 919 1233 988; x_wconf 82' lang='lat' dir='ltr'><strong>suscepisse</strong></span> <span class='ocrx_word' id='word_1_60' title='bbox 1252 960 1267 982; x_wconf 93' lang='lat'><strong>,</strong></span> <span class='ocrx_word' id='word_1_61' title='bbox 1296 928 1351 973; x_wconf 90' lang='lat' dir='ltr'><strong>et</strong></span> <span class='ocrx_word' id='word_1_62' title='bbox 1382 928 1583 988; x_wconf 89' lang='lat' dir='ltr'><strong>patrem</strong></span> <span class='ocrx_word' id='word_1_63' title='bbox 1630 916 1878 971; x_wconf 76' lang='lat' dir='ltr'><strong>ell’ectum</strong></span> <span class='ocrx_word' id='word_1_64' title='bbox 1905 928 2027 970; x_wconf 83' lang='lat' dir='ltr'><strong>esse</strong></span> <span class='ocrx_word' id='word_1_65' title='bbox 2046 953 2060 976; x_wconf 90' lang='lat'><strong>,</strong></span> <span class='ocrx_word' id='word_1_66' title='bbox 2093 920 2146 966; x_wconf 91' lang='lat' dir='ltr'><strong>et</strong></span> 
     </span>
    </p>
   </div>
   <div class='ocr_carea' id='block_1_9' title="bbox 569 1008 1345 1078">
    <p class='ocr_par' dir='ltr' id='par_1_9' title="bbox 569 1008 1345 1078">
     <span class='ocr_line' id='line_1_9' title="bbox 569 1008 1345 1078; baseline 0 -16"><span class='ocrx_word' id='word_1_67' title='bbox 569 1008 693 1062; x_wconf 87' lang='lat' dir='ltr'><strong>inde</strong></span> <span class='ocrx_word' id='word_1_68' title='bbox 719 1023 843 1078; x_wconf 85' lang='lat' dir='ltr'><strong>erga</strong></span> <span class='ocrx_word' id='word_1_69' title='bbox 873 1008 1013 1062; x_wconf 88' lang='lat' dir='ltr'><strong>illam</strong></span> <span class='ocrx_word' id='word_1_70' title='bbox 1042 1010 1184 1063; x_wconf 88' lang='lat' dir='ltr'><strong>mitis</strong></span> <span class='ocrx_word' id='word_1_71' title='bbox 1208 1018 1345 1064; x_wconf 84' lang='lat' dir='ltr'><strong>esto.</strong></span> 
     </span>
    </p>
   </div>
   <div class='ocr_carea' id='block_1_10' title="bbox 639 1101 2151 1173">
    <p class='ocr_par' dir='ltr' id='par_1_10' title="bbox 639 1101 2151 1173">
     <span class='ocr_line' id='line_1_10' title="bbox 639 1101 2151 1173; baseline -0.003 -18"><span class='ocrx_word' id='word_1_72' title='bbox 639 1101 694 1156; x_wconf 87' lang='lat'><strong>8.</strong></span> <span class='ocrx_word' id='word_1_73' title='bbox 727 1102 840 1156; x_wconf 87' lang='lat' dir='ltr'><strong>Non</strong></span> <span class='ocrx_word' id='word_1_74' title='bbox 876 1102 1026 1157; x_wconf 80' lang='lat' dir='ltr'><strong>vides</strong></span> <span class='ocrx_word' id='word_1_75' title='bbox 1052 1103 1313 1173; x_wconf 77' lang='lat' dir='ltr'><strong>agricolas</strong></span> <span class='ocrx_word' id='word_1_76' title='bbox 1334 1144 1348 1166; x_wconf 89' lang='lat'><strong>,</strong></span> <span class='ocrx_word' id='word_1_77' title='bbox 1375 1102 1648 1172; x_wconf 86' lang='lat' dir='ltr'><strong>quomodo</strong></span> <span class='ocrx_word' id='word_1_78' title='bbox 1689 1110 1889 1155; x_wconf 90' lang='lat' dir='ltr'><strong>terram</strong></span> <span class='ocrx_word' id='word_1_79' title='bbox 1920 1114 2037 1169; x_wconf 63' lang='lat' dir='ltr'><strong>qum</strong></span> <span class='ocrx_word' id='word_1_80' title='bbox 2065 1112 2151 1151; x_wconf 89' lang='lat' dir='ltr'><strong>sc-</strong></span> 
     </span>
    </p>
   </div>
   <div class='ocr_carea' id='block_1_11' title="bbox 571 1193 2144 1263">
    <p class='ocr_par' dir='ltr' id='par_1_11' title="bbox 571 1193 2144 1263">
     <span class='ocr_line' id='line_1_11' title="bbox 571 1193 2144 1263; baseline -0.001 -17"><span class='ocrx_word' id='word_1_81' title='bbox 571 1193 677 1247; x_wconf 92' lang='lat' dir='ltr'><strong>mel</strong></span> <span class='ocrx_word' id='word_1_82' title='bbox 716 1196 919 1249; x_wconf 78' lang='lat' dir='ltr'><strong>semina</strong></span> <span class='ocrx_word' id='word_1_83' title='bbox 964 1196 1213 1263; x_wconf 85' lang='lat' dir='ltr'><strong>excepit,</strong></span> <span class='ocrx_word' id='word_1_84' title='bbox 1247 1196 1424 1249; x_wconf 90' lang='lat' dir='ltr'><strong>colant</strong></span> <span class='ocrx_word' id='word_1_85' title='bbox 1472 1196 1616 1248; x_wconf 89' lang='lat' dir='ltr'><strong>onmi</strong></span> <span class='ocrx_word' id='word_1_86' title='bbox 1660 1194 1885 1247; x_wconf 71' lang='lat' dir='ltr'><strong>cultura:</strong></span> <span class='ocrx_word' id='word_1_87' title='bbox 1911 1206 2144 1261; x_wconf 90' lang='lat' dir='ltr'><strong>genere,</strong></span> 
     </span>
    </p>
   </div>
   <div class='ocr_carea' id='block_1_12' title="bbox 568 1284 2146 1351">
    <p class='ocr_par' dir='ltr' id='par_1_12' title="bbox 568 1284 2146 1351">
     <span class='ocr_line' id='line_1_12' title="bbox 568 1284 2146 1351; baseline -0.002 -12"><span class='ocrx_word' id='word_1_88' title='bbox 568 1287 777 1341; x_wconf 90' lang='lat' dir='ltr'><strong>etiamsi</strong></span> <span class='ocrx_word' id='word_1_89' title='bbox 820 1288 1098 1342; x_wconf 87' lang='lat' dir='ltr'><strong>innumera</strong></span> <span class='ocrx_word' id='word_1_90' title='bbox 1148 1286 1345 1341; x_wconf 88' lang='lat' dir='ltr'><strong>habeat</strong></span> <span class='ocrx_word' id='word_1_91' title='bbox 1386 1286 1763 1351; x_wconf 89' lang='lat' dir='ltr'><strong>incommoda,</strong></span> <span class='ocrx_word' id='word_1_92' title='bbox 1820 1284 2031 1341; x_wconf 88' lang='lat' dir='ltr'><strong>etiamsi</strong></span> <span class='ocrx_word' id='word_1_93' title='bbox 2074 1285 2146 1337; x_wconf 89' lang='lat' dir='ltr'><strong>sit</strong></span> 
     </span>
    </p>
   </div>
   <div class='ocr_carea' id='block_1_13' title="bbox 568 1376 2145 1444">
    <p class='ocr_par' dir='ltr' id='par_1_13' title="bbox 568 1376 2145 1444">
     <span class='ocr_line' id='line_1_13' title="bbox 568 1376 2145 1444; baseline -0.001 -13"><span class='ocrx_word' id='word_1_94' title='bbox 568 1380 715 1432; x_wconf 89' lang='lat' dir='ltr'><strong>arida</strong></span> <span class='ocrx_word' id='word_1_95' title='bbox 737 1421 753 1444; x_wconf 89' lang='lat'><strong>,</strong></span> <span class='ocrx_word' id='word_1_96' title='bbox 783 1380 826 1433; x_wconf 88' lang='lat' dir='ltr'><strong>si</strong></span> <span class='ocrx_word' id='word_1_97' title='bbox 854 1380 1021 1432; x_wconf 84' lang='lat' dir='ltr'><strong>malas</strong></span> <span class='ocrx_word' id='word_1_98' title='bbox 1054 1379 1182 1431; x_wconf 85' lang='lat' dir='ltr'><strong>ferat</strong></span> <span class='ocrx_word' id='word_1_99' title='bbox 1213 1380 1437 1443; x_wconf 85' lang='lat' dir='ltr'><strong>herbas,</strong></span> <span class='ocrx_word' id='word_1_100' title='bbox 1468 1380 1514 1433; x_wconf 86' lang='lat' dir='ltr'><strong>si</strong></span> <span class='ocrx_word' id='word_1_101' title='bbox 1542 1395 1607 1433; x_wconf 87' lang='lat' dir='ltr'><strong>ex</strong></span> <span class='ocrx_word' id='word_1_102' title='bbox 1636 1379 1770 1432; x_wconf 88' lang='lat' dir='ltr'><strong>situs</strong></span> <span class='ocrx_word' id='word_1_103' title='bbox 1810 1379 2018 1432; x_wconf 82' lang='lat' dir='ltr'><strong>ratione</strong></span> <span class='ocrx_word' id='word_1_104' title='bbox 2044 1376 2145 1430; x_wconf 90' lang='lat' dir='ltr'><strong>im-</strong></span> 
     </span>
    </p>
   </div>
   <div class='ocr_carea' id='block_1_14' title="bbox 568 1471 2149 1541">
    <p class='ocr_par' dir='ltr' id='par_1_14' title="bbox 568 1471 2149 1541">
     <span class='ocr_line' id='line_1_14' title="bbox 568 1471 2149 1541; baseline -0.003 -13"><span class='ocrx_word' id='word_1_105' title='bbox 568 1474 753 1528; x_wconf 83' lang='lat' dir='ltr'><strong>bribus</strong></span> <span class='ocrx_word' id='word_1_106' title='bbox 792 1471 1116 1524; x_wconf 85' lang='lat' dir='ltr'><strong>inundetur?</strong></span> <span class='ocrx_word' id='word_1_107' title='bbox 1146 1471 1257 1525; x_wconf 82' lang='lat' dir='ltr'><strong>Hoc</strong></span> <span class='ocrx_word' id='word_1_108' title='bbox 1302 1484 1356 1526; x_wconf 89' lang='lat' dir='ltr'><strong>et</strong></span> <span class='ocrx_word' id='word_1_109' title='bbox 1396 1482 1450 1525; x_wconf 90' lang='lat' dir='ltr'><strong>tu</strong></span> <span class='ocrx_word' id='word_1_110' title='bbox 1484 1472 1641 1527; x_wconf 87' lang='lat' dir='ltr'><strong>facito</strong></span> <span class='ocrx_word' id='word_1_111' title='bbox 1670 1491 1683 1525; x_wconf 93' lang='lat'><strong>:</strong></span> <span class='ocrx_word' id='word_1_112' title='bbox 1728 1474 1796 1525; x_wconf 88' lang='lat' dir='ltr'><strong>ita</strong></span> <span class='ocrx_word' id='word_1_113' title='bbox 1828 1473 1969 1526; x_wconf 91' lang='lat' dir='ltr'><strong>enim</strong></span> <span class='ocrx_word' id='word_1_114' title='bbox 2005 1472 2149 1541; x_wconf 79' lang='lat' dir='ltr'><strong>prior</strong></span> 
     </span>
    </p>
   </div>
   <div class='ocr_carea' id='block_1_15' title="bbox 570 1561 2150 1633">
    <p class='ocr_par' dir='ltr' id='par_1_15' title="bbox 570 1561 2150 1633">
     <span class='ocr_line' id='line_1_15' title="bbox 570 1561 2150 1633; baseline -0.002 -15"><span class='ocrx_word' id='word_1_115' title='bbox 570 1562 773 1618; x_wconf 71' lang='lat' dir='ltr'><strong>frueris</strong></span> <span class='ocrx_word' id='word_1_116' title='bbox 790 1572 844 1616; x_wconf 92' lang='lat' dir='ltr'><strong>et</strong></span> <span class='ocrx_word' id='word_1_117' title='bbox 872 1561 1132 1617; x_wconf 86' lang='lat' dir='ltr'><strong>fructibus</strong></span> <span class='ocrx_word' id='word_1_118' title='bbox 1162 1572 1216 1616; x_wconf 86' lang='lat' dir='ltr'><strong>et</strong></span> <span class='ocrx_word' id='word_1_119' title='bbox 1242 1563 1626 1633; x_wconf 78' lang='lat' dir='ltr'><strong>tranquillitate</strong></span> <span class='ocrx_word' id='word_1_120' title='bbox 1654 1580 1666 1616; x_wconf 94' lang='lat'>:</span> <span class='ocrx_word' id='word_1_121' title='bbox 1700 1579 1820 1617; x_wconf 85' lang='lat' dir='ltr'><strong>nam</strong></span> <span class='ocrx_word' id='word_1_122' title='bbox 1852 1572 2040 1633; x_wconf 91' lang='lat' dir='ltr'><strong>portus</strong></span> <span class='ocrx_word' id='word_1_123' title='bbox 2066 1570 2150 1617; x_wconf 83' lang='lat' dir='ltr'><strong>est</strong></span> 
     </span>
    </p>
   </div>
   <div class='ocr_carea' id='block_1_16' title="bbox 572 1654 2151 1725">
    <p class='ocr_par' dir='ltr' id='par_1_16' title="bbox 572 1654 2151 1725">
     <span class='ocr_line' id='line_1_16' title="bbox 572 1654 2151 1725; baseline -0.001 -17"><span class='ocrx_word' id='word_1_124' title='bbox 572 1668 707 1708; x_wconf 87' lang='lat' dir='ltr'><strong>uxor</strong></span> <span class='ocrx_word' id='word_1_125' title='bbox 726 1694 742 1715; x_wconf 89' lang='lat'><strong>,</strong></span> <span class='ocrx_word' id='word_1_126' title='bbox 769 1663 822 1707; x_wconf 92' lang='lat' dir='ltr'><strong>et</strong></span> <span class='ocrx_word' id='word_1_127' title='bbox 851 1654 1194 1722; x_wconf 89' lang='lat' dir='ltr'><strong>pharmacum</strong></span> <span class='ocrx_word' id='word_1_128' title='bbox 1222 1655 1421 1709; x_wconf 70' lang='lat' dir='ltr'><strong>lanitize</strong></span> <span class='ocrx_word' id='word_1_129' title='bbox 1450 1657 1761 1709; x_wconf 85' lang='lat' dir='ltr'><strong>maximum.</strong></span> <span class='ocrx_word' id='word_1_130' title='bbox 1789 1655 1844 1710; x_wconf 89' lang='lat' dir='ltr'><strong>Si</strong></span> <span class='ocrx_word' id='word_1_131' title='bbox 1871 1670 2001 1725; x_wconf 89' lang='lat' dir='ltr'><strong>ergo</strong></span> <span class='ocrx_word' id='word_1_132' title='bbox 2028 1669 2151 1722; x_wconf 87' lang='lat' dir='ltr'><strong>por-</strong></span> 
     </span>
    </p>
   </div>
   <div class='ocr_carea' id='block_1_17' title="bbox 572 1746 2151 1813">
    <p class='ocr_par' dir='ltr' id='par_1_17' title="bbox 572 1746 2151 1813">
     <span class='ocr_line' id='line_1_17' title="bbox 572 1746 2151 1813; baseline 0.001 -14"><span class='ocrx_word' id='word_1_133' title='bbox 572 1757 682 1800; x_wconf 88' lang='lat' dir='ltr'><strong>tutn</strong></span> <span class='ocrx_word' id='word_1_134' title='bbox 712 1763 742 1800; x_wconf 93' lang='lat' dir='ltr'><strong>a</strong></span> <span class='ocrx_word' id='word_1_135' title='bbox 775 1748 947 1811; x_wconf 87' lang='lat' dir='ltr'><strong>ventis</strong></span> <span class='ocrx_word' id='word_1_136' title='bbox 975 1757 1028 1802; x_wconf 91' lang='lat' dir='ltr'><strong>et</strong></span> <span class='ocrx_word' id='word_1_137' title='bbox 1052 1747 1304 1801; x_wconf 82' lang='lat' dir='ltr'><strong>ﬂuctibus</strong></span> <span class='ocrx_word' id='word_1_138' title='bbox 1331 1756 1502 1801; x_wconf 90' lang='lat' dir='ltr'><strong>tutum</strong></span> <span class='ocrx_word' id='word_1_139' title='bbox 1544 1748 1739 1802; x_wconf 81' lang='lat' dir='ltr'><strong>reddas</strong></span> <span class='ocrx_word' id='word_1_140' title='bbox 1759 1787 1775 1813; x_wconf 95' lang='lat'><strong>,</strong></span> <span class='ocrx_word' id='word_1_141' title='bbox 1808 1747 1976 1801; x_wconf 87' lang='lat' dir='ltr'><strong>multa</strong></span> <span class='ocrx_word' id='word_1_142' title='bbox 2007 1746 2151 1801; x_wconf 85' lang='lat' dir='ltr'><strong>frue-</strong></span> 
     </span>
    </p>
   </div>
   <div class='ocr_carea' id='block_1_18' title="bbox 570 1839 2150 1905">
    <p class='ocr_par' dir='ltr' id='par_1_18' title="bbox 570 1839 2150 1905">
     <span class='ocr_line' id='line_1_18' title="bbox 570 1839 2150 1905; baseline -0.002 -12"><span class='ocrx_word' id='word_1_143' title='bbox 570 1840 646 1893; x_wconf 89' lang='lat' dir='ltr'><strong>ris</strong></span> <span class='ocrx_word' id='word_1_144' title='bbox 671 1841 994 1905; x_wconf 90' lang='lat' dir='ltr'><strong>securitate,</strong></span> <span class='ocrx_word' id='word_1_145' title='bbox 1023 1854 1145 1894; x_wconf 91' lang='lat' dir='ltr'><strong>cum</strong></span> <span class='ocrx_word' id='word_1_146' title='bbox 1173 1854 1203 1892; x_wconf 90' lang='lat' dir='ltr'><strong>a</strong></span> <span class='ocrx_word' id='word_1_147' title='bbox 1237 1840 1353 1893; x_wconf 88' lang='lat' dir='ltr'><strong>foro</strong></span> <span class='ocrx_word' id='word_1_148' title='bbox 1397 1839 1716 1903; x_wconf 86' lang='lat' dir='ltr'><strong>reverteris;</strong></span> <span class='ocrx_word' id='word_1_149' title='bbox 1764 1839 1808 1892; x_wconf 94' lang='lat' dir='ltr'><strong>si</strong></span> <span class='ocrx_word' id='word_1_150' title='bbox 1846 1850 2026 1893; x_wconf 90' lang='lat' dir='ltr'><strong>autem</strong></span> <span class='ocrx_word' id='word_1_151' title='bbox 2069 1847 2150 1891; x_wconf 88' lang='lat' dir='ltr'><strong>tu-</strong></span> 
     </span>
    </p>
   </div>
   <div class='ocr_carea' id='block_1_19' title="bbox 571 1930 2152 2001">
    <p class='ocr_par' dir='ltr' id='par_1_19' title="bbox 571 1930 2152 2001">
     <span class='ocr_line' id='line_1_19' title="bbox 571 1930 2152 2001; baseline -0.002 -15"><span class='ocrx_word' id='word_1_152' title='bbox 571 1932 742 1987; x_wconf 90' lang='lat' dir='ltr'><strong>multu</strong></span> <span class='ocrx_word' id='word_1_153' title='bbox 774 1941 826 1986; x_wconf 90' lang='lat' dir='ltr'><strong>et</strong></span> <span class='ocrx_word' id='word_1_154' title='bbox 872 1932 1273 2001; x_wconf 83' lang='lat' dir='ltr'><strong>perturbatione</strong></span> <span class='ocrx_word' id='word_1_155' title='bbox 1317 1932 1557 2001; x_wconf 84' lang='lat' dir='ltr'><strong>replens,</strong></span> <span class='ocrx_word' id='word_1_156' title='bbox 1598 1931 1692 1985; x_wconf 84' lang='lat' dir='ltr'><strong>tibi</strong></span> <span class='ocrx_word' id='word_1_157' title='bbox 1719 1933 1935 2001; x_wconf 83' lang='lat' dir='ltr'><strong>gravius</strong></span> <span class='ocrx_word' id='word_1_158' title='bbox 1976 1930 2152 2000; x_wconf 89' lang='lat' dir='ltr'><strong>paries</strong></span> 
     </span>
    </p>
   </div>
   <div class='ocr_carea' id='block_1_20' title="bbox 573 2012 2146 2093">
    <p class='ocr_par' dir='ltr' id='par_1_20' title="bbox 573 2012 2146 2093">
     <span class='ocr_line' id='line_1_20' title="bbox 573 2012 2146 2093; baseline -0.003 -16"><span class='ocrx_word' id='word_1_159' title='bbox 573 2023 925 2092; x_wconf 84' lang='lat' dir='ltr'><strong>naufragium.</strong></span> <span class='ocrx_word' id='word_1_160' title='bbox 958 2021 1035 2077; x_wconf 84' lang='lat' dir='ltr'><strong>Ne</strong></span> <span class='ocrx_word' id='word_1_161' title='bbox 1059 2023 1160 2077; x_wconf 92' lang='lat' dir='ltr'><strong>hoc</strong></span> <span class='ocrx_word' id='word_1_162' title='bbox 1190 2038 1318 2093; x_wconf 81' lang='lat' dir='ltr'><strong>ergo</strong></span> <span class='ocrx_word' id='word_1_163' title='bbox 1344 2024 1590 2088; x_wconf 87' lang='lat' dir='ltr'><strong>eveniat,</strong></span> <span class='ocrx_word' id='word_1_164' title='bbox 1621 2022 1673 2078; x_wconf 88' lang='lat' dir='ltr'><strong>id</strong></span> <span class='ocrx_word' id='word_1_165' title='bbox 1699 2012 1840 2093; x_wconf 85' lang='lat' dir='ltr'><strong>quod</strong></span> <span class='ocrx_word' id='word_1_166' title='bbox 1868 2022 1989 2077; x_wconf 90' lang='lat' dir='ltr'><strong>dico</strong></span> <span class='ocrx_word' id='word_1_167' title='bbox 2014 2022 2106 2075; x_wconf 87' lang='lat' dir='ltr'><strong>fiat</strong></span> <span class='ocrx_word' id='word_1_168' title='bbox 2131 2037 2146 2073; x_wconf 90' lang='lat'><strong>:</strong></span> 
     </span>
    </p>
   </div>
   <div class='ocr_carea' id='block_1_21' title="bbox 570 2114 2147 2184">
    <p class='ocr_par' dir='ltr' id='par_1_21' title="bbox 570 2114 2147 2184">
     <span class='ocr_line' id='line_1_21' title="bbox 570 2114 2147 2184; baseline -0.002 -14"><span class='ocrx_word' id='word_1_169' title='bbox 570 2129 693 2170; x_wconf 84' lang='lat' dir='ltr'><strong>eum</strong></span> <span class='ocrx_word' id='word_1_170' title='bbox 722 2114 847 2184; x_wconf 89' lang='lat' dir='ltr'><strong>quid</strong></span> <span class='ocrx_word' id='word_1_171' title='bbox 881 2115 1168 2169; x_wconf 90' lang='lat' dir='ltr'><strong>molestum</strong></span> <span class='ocrx_word' id='word_1_172' title='bbox 1208 2116 1355 2168; x_wconf 90' lang='lat' dir='ltr'><strong>domi</strong></span> <span class='ocrx_word' id='word_1_173' title='bbox 1399 2115 1690 2181; x_wconf 89' lang='lat' dir='ltr'><strong>acciderit,</strong></span> <span class='ocrx_word' id='word_1_174' title='bbox 1722 2115 1808 2169; x_wconf 92' lang='lat' dir='ltr'><strong>illa</strong></span> <span class='ocrx_word' id='word_1_175' title='bbox 1854 2125 2111 2184; x_wconf 80' lang='lat' dir='ltr'><strong>peccante</strong></span> <span class='ocrx_word' id='word_1_176' title='bbox 2132 2154 2147 2179; x_wconf 91' lang='lat'><strong>,</strong></span> 
     </span>
    </p>
   </div>
   <div class='ocr_carea' id='block_1_22' title="bbox 572 2206 2143 2276">
    <p class='ocr_par' dir='ltr' id='par_1_22' title="bbox 572 2206 2143 2276">
     <span class='ocr_line' id='line_1_22' title="bbox 572 2206 2143 2276; baseline -0.001 -15"><span class='ocrx_word' id='word_1_177' title='bbox 572 2207 852 2263; x_wconf 88' lang='lat' dir='ltr'><strong>consolare</strong></span> <span class='ocrx_word' id='word_1_178' title='bbox 883 2208 1027 2262; x_wconf 89' lang='lat' dir='ltr'><strong>illam</strong></span> <span class='ocrx_word' id='word_1_179' title='bbox 1053 2217 1110 2261; x_wconf 90' lang='lat' dir='ltr'><strong>et</strong></span> <span class='ocrx_word' id='word_1_180' title='bbox 1142 2223 1208 2261; x_wconf 90' lang='lat' dir='ltr'><strong>ne</strong></span> <span class='ocrx_word' id='word_1_181' title='bbox 1236 2207 1478 2261; x_wconf 87' lang='lat' dir='ltr'><strong>dolorem</strong></span> <span class='ocrx_word' id='word_1_182' title='bbox 1504 2222 1722 2276; x_wconf 84' lang='lat' dir='ltr'><strong>augeas.</strong></span> <span class='ocrx_word' id='word_1_183' title='bbox 1756 2206 1976 2262; x_wconf 88' lang='lat' dir='ltr'><strong>Etiamsi</strong></span> <span class='ocrx_word' id='word_1_184' title='bbox 2000 2207 2143 2261; x_wconf 90' lang='lat' dir='ltr'><strong>enim</strong></span> 
     </span>
    </p>
   </div>
   <div class='ocr_carea' id='block_1_23' title="bbox 573 2298 2150 2371">
    <p class='ocr_par' dir='ltr' id='par_1_23' title="bbox 573 2298 2150 2371">
     <span class='ocr_line' id='line_1_23' title="bbox 573 2298 2150 2371; baseline 0.003 -20"><span class='ocrx_word' id='word_1_185' title='bbox 573 2299 752 2354; x_wconf 87' lang='lat' dir='ltr'><strong>omnia</strong></span> <span class='ocrx_word' id='word_1_186' title='bbox 773 2299 1018 2353; x_wconf 88' lang='lat' dir='ltr'><strong>amiseris</strong></span> <span class='ocrx_word' id='word_1_187' title='bbox 1035 2342 1049 2362; x_wconf 92' lang='lat'><strong>,</strong></span> <span class='ocrx_word' id='word_1_188' title='bbox 1084 2298 1214 2353; x_wconf 85' lang='lat' dir='ltr'><strong>nihil</strong></span> <span class='ocrx_word' id='word_1_189' title='bbox 1237 2300 1441 2353; x_wconf 87' lang='lat' dir='ltr'><strong>tristius</strong></span> <span class='ocrx_word' id='word_1_190' title='bbox 1466 2312 1549 2355; x_wconf 86' lang='lat' dir='ltr'><strong>est</strong></span> <span class='ocrx_word' id='word_1_191' title='bbox 1572 2304 1732 2371; x_wconf 83' lang='lat' dir='ltr'><strong>quam</strong></span> <span class='ocrx_word' id='word_1_192' title='bbox 1758 2301 1901 2356; x_wconf 88' lang='lat' dir='ltr'><strong>domi</strong></span> <span class='ocrx_word' id='word_1_193' title='bbox 1930 2317 2150 2357; x_wconf 88' lang='lat' dir='ltr'><strong>uxorem</strong></span> 
     </span>
    </p>
   </div>
   <div class='ocr_carea' id='block_1_24' title="bbox 577 2388 2152 2463">
    <p class='ocr_par' dir='ltr' id='par_1_24' title="bbox 577 2388 2152 2463">
     <span class='ocr_line' id='line_1_24' title="bbox 577 2388 2152 2463; baseline 0.003 -21"><span class='ocrx_word' id='word_1_194' title='bbox 577 2388 809 2455; x_wconf 89' lang='lat' dir='ltr'><strong>habere,</strong></span> <span class='ocrx_word' id='word_1_195' title='bbox 852 2407 971 2458; x_wconf 72' lang='lat' dir='ltr'><strong>tuta:</strong></span> <span class='ocrx_word' id='word_1_196' title='bbox 1010 2390 1127 2445; x_wconf 90' lang='lat' dir='ltr'><strong>sine</strong></span> <span class='ocrx_word' id='word_1_197' title='bbox 1170 2392 1540 2446; x_wconf 82' lang='lat' dir='ltr'><strong>benevolentia</strong></span> <span class='ocrx_word' id='word_1_198' title='bbox 1569 2408 1689 2447; x_wconf 91' lang='lat' dir='ltr'><strong>cum</strong></span> <span class='ocrx_word' id='word_1_199' title='bbox 1719 2394 1834 2447; x_wconf 89' lang='lat' dir='ltr'><strong>viro</strong></span> <span class='ocrx_word' id='word_1_200' title='bbox 1862 2394 2056 2463; x_wconf 88' lang='lat' dir='ltr'><strong>degat:</strong></span> <span class='ocrx_word' id='word_1_201' title='bbox 2098 2403 2152 2447; x_wconf 92' lang='lat' dir='ltr'><strong>et</strong></span> 
     </span>
    </p>
   </div>
   <div class='ocr_carea' id='block_1_25' title="bbox 574 2479 2153 2552">
    <p class='ocr_par' dir='ltr' id='par_1_25' title="bbox 574 2479 2153 2552">
     <span class='ocr_line' id='line_1_25' title="bbox 574 2479 2153 2552; baseline 0.003 -20"><span class='ocrx_word' id='word_1_202' title='bbox 574 2479 947 2550; x_wconf 78' lang='lat' dir='ltr'><strong>quodcumque</strong></span> <span class='ocrx_word' id='word_1_203' title='bbox 975 2491 1247 2550; x_wconf 86' lang='lat' dir='ltr'><strong>peccatum</strong></span> <span class='ocrx_word' id='word_1_204' title='bbox 1270 2484 1493 2545; x_wconf 75' lang='lat' dir='ltr'><strong>dixeris,</strong></span> <span class='ocrx_word' id='word_1_205' title='bbox 1524 2484 1729 2537; x_wconf 90' lang='lat' dir='ltr'><strong>nullum</strong></span> <span class='ocrx_word' id='word_1_206' title='bbox 1760 2484 1943 2537; x_wconf 88' lang='lat' dir='ltr'><strong>dicere</strong></span> <span class='ocrx_word' id='word_1_207' title='bbox 1980 2484 2153 2552; x_wconf 88' lang='lat' dir='ltr'><strong>possis</strong></span> 
     </span>
    </p>
   </div>
   <div class='ocr_carea' id='block_1_26' title="bbox 576 2570 2153 2642">
    <p class='ocr_par' dir='ltr' id='par_1_26' title="bbox 576 2570 2153 2642">
     <span class='ocr_line' id='line_1_26' title="bbox 576 2570 2153 2642; baseline 0.004 -20"><span class='ocrx_word' id='word_1_208' title='bbox 576 2570 717 2640; x_wconf 90' lang='lat' dir='ltr'><strong>quod</strong></span> <span class='ocrx_word' id='word_1_209' title='bbox 760 2572 1021 2640; x_wconf 86' lang='lat' dir='ltr'><strong>majorem</strong></span> <span class='ocrx_word' id='word_1_210' title='bbox 1071 2570 1264 2626; x_wconf 81' lang='lat' dir='ltr'><strong>inferat</strong></span> <span class='ocrx_word' id='word_1_211' title='bbox 1292 2573 1569 2637; x_wconf 84' lang='lat' dir='ltr'><strong>dolorem,</strong></span> <span class='ocrx_word' id='word_1_212' title='bbox 1608 2588 1768 2642; x_wconf 90' lang='lat' dir='ltr'><strong>quam</strong></span> <span class='ocrx_word' id='word_1_213' title='bbox 1814 2589 1935 2627; x_wconf 91' lang='lat' dir='ltr'><strong>cum</strong></span> <span class='ocrx_word' id='word_1_214' title='bbox 1981 2589 2153 2630; x_wconf 87' lang='lat' dir='ltr'><strong>uxore</strong></span> 
     </span>
    </p>
   </div>
   <div class='ocr_carea' id='block_1_27' title="bbox 578 2662 2153 2736">
    <p class='ocr_par' dir='ltr' id='par_1_27' title="bbox 578 2662 2153 2736">
     <span class='ocr_line' id='line_1_27' title="bbox 578 2662 2153 2736; baseline 0.005 -21"><span class='ocrx_word' id='word_1_215' title='bbox 578 2662 809 2732; x_wconf 79' lang='lat' dir='ltr'><strong>litigare.</strong></span> <span class='ocrx_word' id='word_1_216' title='bbox 846 2664 1024 2727; x_wconf 80' lang='lat' dir='ltr'><strong>Itaque</strong></span> <span class='ocrx_word' id='word_1_217' title='bbox 1056 2675 1273 2733; x_wconf 81' lang='lat' dir='ltr'><strong>propter</strong></span> <span class='ocrx_word' id='word_1_218' title='bbox 1302 2669 1415 2719; x_wconf 79' lang='lat' dir='ltr'><strong>haec</strong></span> <span class='ocrx_word' id='word_1_219' title='bbox 1440 2668 1617 2720; x_wconf 87' lang='lat' dir='ltr'><strong>omnia</strong></span> <span class='ocrx_word' id='word_1_220' title='bbox 1645 2668 1762 2736; x_wconf 89' lang='lat' dir='ltr'><strong>ejus</strong></span> <span class='ocrx_word' id='word_1_221' title='bbox 1791 2667 2007 2723; x_wconf 88' lang='lat' dir='ltr'><strong>dilectio</strong></span> <span class='ocrx_word' id='word_1_222' title='bbox 2031 2685 2153 2723; x_wconf 91' lang='lat' dir='ltr'><strong>om-</strong></span> 
     </span>
    </p>
   </div>
   <div class='ocr_carea' id='block_1_28' title="bbox 577 2754 2153 2828">
    <p class='ocr_par' dir='ltr' id='par_1_28' title="bbox 577 2754 2153 2828">
     <span class='ocr_line' id='line_1_28' title="bbox 577 2754 2153 2828; baseline 0.006 -20"><span class='ocrx_word' id='word_1_223' title='bbox 577 2754 722 2808; x_wconf 84' lang='lat' dir='ltr'><strong>nium</strong></span> <span class='ocrx_word' id='word_1_224' title='bbox 760 2754 851 2806; x_wconf 84' lang='lat' dir='ltr'><strong>tibi</strong></span> <span class='ocrx_word' id='word_1_225' title='bbox 885 2755 1263 2822; x_wconf 86' lang='lat' dir='ltr'><strong>pretiosissima</strong></span> <span class='ocrx_word' id='word_1_226' title='bbox 1297 2758 1388 2811; x_wconf 90' lang='lat' dir='ltr'><strong>sit.</strong></span> <span class='ocrx_word' id='word_1_227' title='bbox 1420 2758 1552 2812; x_wconf 87' lang='lat' dir='ltr'><strong>Nam</strong></span> <span class='ocrx_word' id='word_1_228' title='bbox 1584 2760 1630 2814; x_wconf 90' lang='lat' dir='ltr'><strong>si</strong></span> <span class='ocrx_word' id='word_1_229' title='bbox 1673 2770 1885 2828; x_wconf 90' lang='lat' dir='ltr'><strong>oportet</strong></span> <span class='ocrx_word' id='word_1_230' title='bbox 1926 2763 2153 2817; x_wconf 90' lang='lat' dir='ltr'><strong>alterum</strong></span> 
     </span>
    </p>
   </div>
   <div class='ocr_carea' id='block_1_29' title="bbox 577 2846 2153 2922">
    <p class='ocr_par' dir='ltr' id='par_1_29' title="bbox 577 2846 2153 2922">
     <span class='ocr_line' id='line_1_29' title="bbox 577 2846 2153 2922; baseline 0.006 -23"><span class='ocrx_word' id='word_1_231' title='bbox 577 2846 799 2899; x_wconf 83' lang='lat' dir='ltr'><strong>alterius</strong></span> <span class='ocrx_word' id='word_1_232' title='bbox 829 2862 989 2902; x_wconf 87' lang='lat' dir='ltr'><strong>onera</strong></span> <span class='ocrx_word' id='word_1_233' title='bbox 1018 2858 1233 2917; x_wconf 91' lang='lat' dir='ltr'><strong>portare</strong></span> <span class='ocrx_word' id='word_1_234' title='bbox 1253 2891 1267 2914; x_wconf 92' lang='lat'><strong>,</strong></span> <span class='ocrx_word' id='word_1_235' title='bbox 1297 2850 1468 2905; x_wconf 91' lang='lat' dir='ltr'><strong>multo</strong></span> <span class='ocrx_word' id='word_1_236' title='bbox 1498 2853 1666 2922; x_wconf 88' lang='lat' dir='ltr'><strong>magis</strong></span> <span class='ocrx_word' id='word_1_237' title='bbox 1696 2856 1912 2919; x_wconf 80' lang='lat' dir='ltr'><strong>uxoris;</strong></span> <span class='ocrx_word' id='word_1_238' title='bbox 1943 2856 2153 2910; x_wconf 88' lang='lat' dir='ltr'><strong>etiamsi</strong></span> 
     </span>
    </p>
   </div>
   <div class='ocr_carea' id='block_1_30' title="bbox 581 2942 2158 3020">
    <p class='ocr_par' dir='ltr' id='par_1_30' title="bbox 581 2942 2158 3020">
     <span class='ocr_line' id='line_1_30' title="bbox 581 2942 2158 3020; baseline 0.008 -29"><span class='ocrx_word' id='word_1_239' title='bbox 581 2956 781 3009; x_wconf 78' lang='lat' dir='ltr'><strong>pauper</strong></span> <span class='ocrx_word' id='word_1_240' title='bbox 824 2943 929 3005; x_wconf 88' lang='lat' dir='ltr'><strong>sit,</strong></span> <span class='ocrx_word' id='word_1_241' title='bbox 985 2957 1056 2995; x_wconf 87' lang='lat' dir='ltr'><strong>ne</strong></span> <span class='ocrx_word' id='word_1_242' title='bbox 1120 2942 1171 2995; x_wconf 90' lang='lat' dir='ltr'><strong>id</strong></span> <span class='ocrx_word' id='word_1_243' title='bbox 1241 2944 1567 3009; x_wconf 84' lang='lat' dir='ltr'><strong>exprobres;</strong></span> <span class='ocrx_word' id='word_1_244' title='bbox 1616 2947 1826 3001; x_wconf 88' lang='lat' dir='ltr'><strong>etiamsi</strong></span> <span class='ocrx_word' id='word_1_245' title='bbox 1881 2957 2158 3020; x_wconf 89' lang='lat' dir='ltr'><strong>stutta,ue</strong></span> 
     </span>
    </p>
   </div>
   <div class='ocr_carea' id='block_1_31' title="bbox 583 3030 2156 3100">
    <p class='ocr_par' dir='ltr' id='par_1_31' title="bbox 583 3030 2156 3100">
     <span class='ocr_line' id='line_1_31' title="bbox 583 3030 2156 3100; baseline 0.01 -18"><span class='ocrx_word' id='word_1_246' title='bbox 583 3032 838 3095; x_wconf 75' lang='lat' dir='ltr'><strong>insultes,</strong></span> <span class='ocrx_word' id='word_1_247' title='bbox 870 3030 964 3086; x_wconf 89' lang='lat' dir='ltr'><strong>sed</strong></span> <span class='ocrx_word' id='word_1_248' title='bbox 990 3032 1165 3100; x_wconf 89' lang='lat' dir='ltr'><strong>potius</strong></span> <span class='ocrx_word' id='word_1_249' title='bbox 1193 3034 1334 3087; x_wconf 87' lang='lat' dir='ltr'><strong>illam</strong></span> <span class='ocrx_word' id='word_1_250' title='bbox 1360 3035 1681 3092; x_wconf 88' lang='lat' dir='ltr'><strong>moderare:</strong></span> <span class='ocrx_word' id='word_1_251' title='bbox 1714 3054 1835 3092; x_wconf 90' lang='lat' dir='ltr'><strong>nam</strong></span> <span class='ocrx_word' id='word_1_252' title='bbox 1859 3040 2156 3097; x_wconf 91' lang='lat' dir='ltr'><strong>membrum</strong></span> 
     </span>
    </p>
   </div>
   <div class='ocr_carea' id='block_1_32' title="bbox 581 3127 2154 3203">
    <p class='ocr_par' dir='ltr' id='par_1_32' title="bbox 581 3127 2154 3203">
     <span class='ocr_line' id='line_1_32' title="bbox 581 3127 2154 3203; baseline 0.008 -25"><span class='ocrx_word' id='word_1_253' title='bbox 581 3133 730 3178; x_wconf 90' lang='lat' dir='ltr'><strong>tuum</strong></span> <span class='ocrx_word' id='word_1_254' title='bbox 772 3134 851 3177; x_wconf 90' lang='lat' dir='ltr'><strong>est</strong></span> <span class='ocrx_word' id='word_1_255' title='bbox 880 3134 933 3177; x_wconf 90' lang='lat' dir='ltr'><strong>et</strong></span> <span class='ocrx_word' id='word_1_256' title='bbox 964 3140 1090 3179; x_wconf 89' lang='lat' dir='ltr'><strong>caro</strong></span> <span class='ocrx_word' id='word_1_257' title='bbox 1137 3143 1240 3182; x_wconf 90' lang='lat' dir='ltr'><strong>una</strong></span> <span class='ocrx_word' id='word_1_258' title='bbox 1288 3127 1410 3183; x_wconf 87' lang='lat' dir='ltr'><strong>facti</strong></span> <span class='ocrx_word' id='word_1_259' title='bbox 1453 3130 1604 3185; x_wconf 89' lang='lat' dir='ltr'><strong>estis.</strong></span> <span class='ocrx_word' id='word_1_260' title='bbox 1636 3130 1742 3185; x_wconf 92' lang='lat' dir='ltr'><strong>Sed</strong></span> <span class='ocrx_word' id='word_1_261' title='bbox 1781 3135 1990 3203; x_wconf 88' lang='lat' dir='ltr'><strong>garrula</strong></span> <span class='ocrx_word' id='word_1_262' title='bbox 2035 3145 2154 3203; x_wconf 90' lang='lat' dir='ltr'><strong>est,</strong></span> 
     </span>
    </p>
   </div>
   <div class='ocr_carea' id='block_1_33' title="bbox 582 3214 2155 3298">
    <p class='ocr_par' dir='ltr' id='par_1_33' title="bbox 582 3214 2155 3298">
     <span class='ocr_line' id='line_1_33' title="bbox 582 3214 2155 3298; baseline 0.01 -31"><span class='ocrx_word' id='word_1_263' title='bbox 582 3214 794 3267; x_wconf 85' lang='lat' dir='ltr'><strong>ebriosa</strong></span> <span class='ocrx_word' id='word_1_264' title='bbox 822 3225 877 3267; x_wconf 90' lang='lat' dir='ltr'><strong>et</strong></span> <span class='ocrx_word' id='word_1_265' title='bbox 906 3215 1178 3270; x_wconf 84' lang='lat' dir='ltr'><strong>iracunda.</strong></span> <span class='ocrx_word' id='word_1_266' title='bbox 1204 3220 1273 3272; x_wconf 83' lang='lat' dir='ltr'><strong>At</strong></span> <span class='ocrx_word' id='word_1_267' title='bbox 1315 3221 1481 3289; x_wconf 89' lang='lat' dir='ltr'><strong>magis</strong></span> <span class='ocrx_word' id='word_1_268' title='bbox 1511 3233 1796 3292; x_wconf 85' lang='lat' dir='ltr'><strong>eapropter</strong></span> <span class='ocrx_word' id='word_1_269' title='bbox 1836 3225 2026 3282; x_wconf 86' lang='lat' dir='ltr'><strong>dolere</strong></span> <span class='ocrx_word' id='word_1_270' title='bbox 2058 3244 2155 3298; x_wconf 85' lang='lat' dir='ltr'><strong>po-</strong></span> 
     </span>
    </p>
   </div>
   <div class='ocr_carea' id='block_1_34' title="bbox 583 3305 2159 3389">
    <p class='ocr_par' dir='ltr' id='par_1_34' title="bbox 583 3305 2159 3389">
     <span class='ocr_line' id='line_1_34' title="bbox 583 3305 2159 3389; baseline 0.011 -32"><span class='ocrx_word' id='word_1_271' title='bbox 583 3305 713 3368; x_wconf 90' lang='lat' dir='ltr'><strong>tius,</strong></span> <span class='ocrx_word' id='word_1_272' title='bbox 734 3320 890 3373; x_wconf 87' lang='lat' dir='ltr'><strong>quam</strong></span> <span class='ocrx_word' id='word_1_273' title='bbox 924 3306 1082 3362; x_wconf 87' lang='lat' dir='ltr'><strong>irasci</strong></span> <span class='ocrx_word' id='word_1_274' title='bbox 1109 3320 1340 3376; x_wconf 87' lang='lat' dir='ltr'><strong>oportet,</strong></span> <span class='ocrx_word' id='word_1_275' title='bbox 1366 3312 1636 3382; x_wconf 84' lang='lat' dir='ltr'><strong>Deumque</strong></span> <span class='ocrx_word' id='word_1_276' title='bbox 1662 3330 1847 3385; x_wconf 86' lang='lat' dir='ltr'><strong>rogare</strong></span> <span class='ocrx_word' id='word_1_277' title='bbox 1866 3358 1882 3382; x_wconf 91' lang='lat'><strong>,</strong></span> <span class='ocrx_word' id='word_1_278' title='bbox 1909 3319 2159 3389; x_wconf 88' lang='lat' dir='ltr'><strong>illamque</strong></span> 
     </span>
    </p>
   </div>
   <div class='ocr_carea' id='block_1_35' title="bbox 584 3395 2160 3478">
    <p class='ocr_par' dir='ltr' id='par_1_35' title="bbox 584 3395 2160 3478">
     <span class='ocr_line' id='line_1_35' title="bbox 584 3395 2160 3478; baseline 0.011 -30"><span class='ocrx_word' id='word_1_279' title='bbox 584 3395 800 3448; x_wconf 87' lang='lat' dir='ltr'><strong>monitis</strong></span> <span class='ocrx_word' id='word_1_280' title='bbox 838 3404 892 3450; x_wconf 93' lang='lat' dir='ltr'><strong>et</strong></span> <span class='ocrx_word' id='word_1_281' title='bbox 928 3399 1156 3453; x_wconf 89' lang='lat' dir='ltr'><strong>consilio</strong></span> <span class='ocrx_word' id='word_1_282' title='bbox 1182 3400 1436 3468; x_wconf 83' lang='lat' dir='ltr'><strong>adjuvare</strong></span> <span class='ocrx_word' id='word_1_283' title='bbox 1458 3444 1473 3467; x_wconf 88' lang='lat'><strong>,</strong></span> <span class='ocrx_word' id='word_1_284' title='bbox 1506 3404 1749 3471; x_wconf 82' lang='lat' dir='ltr'><strong>nihilque</strong></span> <span class='ocrx_word' id='word_1_285' title='bbox 1781 3421 1885 3459; x_wconf 92' lang='lat' dir='ltr'><strong>non</strong></span> <span class='ocrx_word' id='word_1_286' title='bbox 1913 3425 2071 3478; x_wconf 83' lang='lat' dir='ltr'><strong>agere</strong></span> <span class='ocrx_word' id='word_1_287' title='bbox 2102 3421 2160 3465; x_wconf 93' lang='lat' dir='ltr'><strong>ut</strong></span> 
     </span>
    </p>
   </div>
   <div class='ocr_carea' id='block_1_36' title="bbox 582 3485 2159 3567">
    <p class='ocr_par' dir='ltr' id='par_1_36' title="bbox 582 3485 2159 3567">
     <span class='ocr_line' id='line_1_36' title="bbox 582 3485 2159 3567; baseline 0.011 -28"><span class='ocrx_word' id='word_1_288' title='bbox 582 3485 767 3539; x_wconf 83' lang='lat' dir='ltr'><strong>vitium</strong></span> <span class='ocrx_word' id='word_1_289' title='bbox 795 3497 1057 3557; x_wconf 88' lang='lat' dir='ltr'><strong>amputes.</strong></span> <span class='ocrx_word' id='word_1_290' title='bbox 1088 3489 1145 3545; x_wconf 89' lang='lat' dir='ltr'><strong>Si</strong></span> <span class='ocrx_word' id='word_1_291' title='bbox 1174 3500 1353 3545; x_wconf 90' lang='lat' dir='ltr'><strong>autem</strong></span> <span class='ocrx_word' id='word_1_292' title='bbox 1382 3494 1639 3549; x_wconf 85' lang='lat' dir='ltr'><strong>verberes</strong></span> <span class='ocrx_word' id='word_1_293' title='bbox 1672 3506 1727 3550; x_wconf 92' lang='lat' dir='ltr'><strong>et</strong></span> <span class='ocrx_word' id='word_1_294' title='bbox 1753 3507 1984 3567; x_wconf 87' lang='lat' dir='ltr'><strong>atteras,</strong></span> <span class='ocrx_word' id='word_1_295' title='bbox 2014 3518 2159 3557; x_wconf 87' lang='lat' dir='ltr'><strong>mor-</strong></span> 
     </span>
    </p>
   </div>
   <div class='ocr_carea' id='block_1_37' title="bbox 587 3578 2156 3651">
    <p class='ocr_par' dir='ltr' id='par_1_37' title="bbox 587 3578 2156 3651">
     <span class='ocr_line' id='line_1_37' title="bbox 587 3578 2156 3651; baseline 0.013 -20"><span class='ocrx_word' id='word_1_296' title='bbox 587 3578 684 3632; x_wconf 91' lang='lat' dir='ltr'><strong>bus</strong></span> <span class='ocrx_word' id='word_1_297' title='bbox 716 3594 821 3633; x_wconf 90' lang='lat' dir='ltr'><strong>non</strong></span> <span class='ocrx_word' id='word_1_298' title='bbox 858 3590 1114 3647; x_wconf 88' lang='lat' dir='ltr'><strong>curatur;</strong></span> <span class='ocrx_word' id='word_1_299' title='bbox 1178 3581 1362 3638; x_wconf 80' lang='lat' dir='ltr'><strong>feritas</strong></span> <span class='ocrx_word' id='word_1_300' title='bbox 1392 3586 1535 3640; x_wconf 92' lang='lat' dir='ltr'><strong>enim</strong></span> <span class='ocrx_word' id='word_1_301' title='bbox 1562 3592 1971 3649; x_wconf 86' lang='lat' dir='ltr'><strong>mansuetudine</strong></span> <span class='ocrx_word' id='word_1_302' title='bbox 1995 3596 2156 3651; x_wconf 87' lang='lat' dir='ltr'><strong>solvi-</strong></span> 
     </span>
    </p>
   </div>
   <div class='ocr_carea' id='block_1_38' title="bbox 585 3673 2161 3747">
    <p class='ocr_par' dir='ltr' id='par_1_38' title="bbox 585 3673 2161 3747">
     <span class='ocr_line' id='line_1_38' title="bbox 585 3673 2161 3747; baseline 0.016 -25"><span class='ocrx_word' id='word_1_303' title='bbox 585 3681 669 3723; x_wconf 91' lang='lat' dir='ltr'><strong>tur</strong></span> <span class='ocrx_word' id='word_1_304' title='bbox 690 3712 705 3735; x_wconf 89' lang='lat'><strong>,</strong></span> <span class='ocrx_word' id='word_1_305' title='bbox 746 3687 853 3725; x_wconf 90' lang='lat' dir='ltr'><strong>non</strong></span> <span class='ocrx_word' id='word_1_306' title='bbox 885 3673 986 3727; x_wconf 89' lang='lat' dir='ltr'><strong>alia</strong></span> <span class='ocrx_word' id='word_1_307' title='bbox 1018 3673 1249 3729; x_wconf 89' lang='lat' dir='ltr'><strong>feritate.</strong></span> <span class='ocrx_word' id='word_1_308' title='bbox 1301 3678 1434 3732; x_wconf 89' lang='lat' dir='ltr'><strong>Cum</strong></span> <span class='ocrx_word' id='word_1_309' title='bbox 1462 3678 1545 3734; x_wconf 90' lang='lat' dir='ltr'><strong>his</strong></span> <span class='ocrx_word' id='word_1_310' title='bbox 1574 3691 1628 3736; x_wconf 90' lang='lat' dir='ltr'><strong>et</strong></span> <span class='ocrx_word' id='word_1_311' title='bbox 1660 3687 1965 3741; x_wconf 85' lang='lat' dir='ltr'><strong>mercedem</strong></span> <span class='ocrx_word' id='word_1_312' title='bbox 1991 3704 2019 3742; x_wconf 89' lang='lat' dir='ltr'><strong>a</strong></span> <span class='ocrx_word' id='word_1_313' title='bbox 2050 3692 2161 3747; x_wconf 90' lang='lat' dir='ltr'><strong>Deo</strong></span> 
     </span>
    </p>
   </div>
   <div class='ocr_carea' id='block_1_39' title="bbox 580 3765 2158 3837">
    <p class='ocr_par' dir='ltr' id='par_1_39' title="bbox 580 3765 2158 3837">
     <span class='ocr_line' id='line_1_39' title="bbox 580 3765 2158 3837; baseline 0.016 -25"><span class='ocrx_word' id='word_1_314' title='bbox 580 3771 941 3828; x_wconf 81' lang='lat' dir='ltr'><strong>exspectatam</strong></span> <span class='ocrx_word' id='word_1_315' title='bbox 970 3765 1165 3834; x_wconf 83' lang='lat' dir='ltr'><strong>c0gita.</strong></span> <span class='ocrx_word' id='word_1_316' title='bbox 1195 3765 1421 3832; x_wconf 85' lang='lat' dir='ltr'><strong>Quando</strong></span> <span class='ocrx_word' id='word_1_317' title='bbox 1444 3771 1587 3825; x_wconf 91' lang='lat' dir='ltr'><strong>enim</strong></span> <span class='ocrx_word' id='word_1_318' title='bbox 1608 3788 1730 3828; x_wconf 90' lang='lat' dir='ltr'><strong>cum</strong></span> <span class='ocrx_word' id='word_1_319' title='bbox 1755 3776 1849 3831; x_wconf 91' lang='lat' dir='ltr'><strong>tibi</strong></span> <span class='ocrx_word' id='word_1_320' title='bbox 1873 3780 2158 3837; x_wconf 87' lang='lat' dir='ltr'><strong>liceateam</strong></span> 
     </span>
    </p>
   </div>
   <div class='ocr_carea' id='block_1_40' title="bbox 580 3850 2157 3939">
    <p class='ocr_par' dir='ltr' id='par_1_40' title="bbox 580 3850 2157 3939">
     <span class='ocr_line' id='line_1_40' title="bbox 580 3850 2157 3939; baseline 0.018 -38"><span class='ocrx_word' id='word_1_321' title='bbox 580 3850 935 3917; x_wconf 73' lang='lat' dir='ltr'><strong>exscindere,</strong></span> <span class='ocrx_word' id='word_1_322' title='bbox 973 3854 1073 3907; x_wconf 91' lang='lat' dir='ltr'><strong>hoc</strong></span> <span class='ocrx_word' id='word_1_323' title='bbox 1120 3871 1227 3911; x_wconf 90' lang='lat' dir='ltr'><strong>non</strong></span> <span class='ocrx_word' id='word_1_324' title='bbox 1272 3859 1433 3914; x_wconf 86' lang='lat' dir='ltr'><strong>facias</strong></span> <span class='ocrx_word' id='word_1_325' title='bbox 1474 3872 1695 3933; x_wconf 89' lang='lat' dir='ltr'><strong>propter</strong></span> <span class='ocrx_word' id='word_1_326' title='bbox 1740 3867 1834 3922; x_wconf 90' lang='lat' dir='ltr'><strong>Dei</strong></span> <span class='ocrx_word' id='word_1_327' title='bbox 1875 3872 2117 3929; x_wconf 90' lang='lat' dir='ltr'><strong>timorem</strong></span> <span class='ocrx_word' id='word_1_328' title='bbox 2142 3918 2157 3939; x_wconf 92' lang='lat'><strong>,</strong></span> 
     </span>
    </p>
   </div>
   <div class='ocr_carea' id='block_1_41' title="bbox 580 3941 2162 4027">
    <p class='ocr_par' dir='ltr' id='par_1_41' title="bbox 580 3941 2162 4027">
     <span class='ocr_line' id='line_1_41' title="bbox 580 3941 2162 4027; baseline 0.018 -32"><span class='ocrx_word' id='word_1_329' title='bbox 580 3941 676 3996; x_wconf 81' lang='lat' dir='ltr'><strong>sed</strong></span> <span class='ocrx_word' id='word_1_330' title='bbox 725 3951 801 3996; x_wconf 92' lang='lat' dir='ltr'><strong>tot</strong></span> <span class='ocrx_word' id='word_1_331' title='bbox 850 3944 967 4014; x_wconf 83' lang='lat' dir='ltr'><strong>ejus</strong></span> <span class='ocrx_word' id='word_1_332' title='bbox 1010 3946 1137 4002; x_wconf 91' lang='lat' dir='ltr'><strong>vitia</strong></span> <span class='ocrx_word' id='word_1_333' title='bbox 1183 3946 1360 4015; x_wconf 85' lang='lat' dir='ltr'><strong>feras,</strong></span> <span class='ocrx_word' id='word_1_334' title='bbox 1394 3964 1639 4010; x_wconf 89' lang='lat' dir='ltr'><strong>metuens</strong></span> <span class='ocrx_word' id='word_1_335' title='bbox 1667 3958 1838 4027; x_wconf 84' lang='lat' dir='ltr'><strong>legem</strong></span> <span class='ocrx_word' id='word_1_336' title='bbox 1872 3960 1971 4019; x_wconf 84' lang='lat' dir='ltr'><strong>hac</strong></span> <span class='ocrx_word' id='word_1_337' title='bbox 2000 3964 2067 4021; x_wconf 89' lang='lat' dir='ltr'><strong>de</strong></span> <span class='ocrx_word' id='word_1_338' title='bbox 2103 3983 2162 4022; x_wconf 85' lang='lat' dir='ltr'><strong>re</strong></span> 
     </span>
    </p>
   </div>
   <div class='ocr_carea' id='block_1_42' title="bbox 584 4033 2162 4125">
    <p class='ocr_par' dir='ltr' id='par_1_42' title="bbox 584 4033 2162 4125">
     <span class='ocr_line' id='line_1_42' title="bbox 584 4033 2162 4125; baseline 0.018 -42"><span class='ocrx_word' id='word_1_339' title='bbox 584 4033 807 4102; x_wconf 84' lang='lat' dir='ltr'><strong>positam</strong></span> <span class='ocrx_word' id='word_1_340' title='bbox 832 4076 848 4101; x_wconf 91' lang='lat'><strong>,</strong></span> <span class='ocrx_word' id='word_1_341' title='bbox 882 4052 1001 4105; x_wconf 77' lang='lat' dir='ltr'><strong>qua:</strong></span> <span class='ocrx_word' id='word_1_342' title='bbox 1032 4054 1255 4095; x_wconf 90' lang='lat' dir='ltr'><strong>uxorem</strong></span> <span class='ocrx_word' id='word_1_343' title='bbox 1285 4033 1485 4111; x_wconf 72' lang='lat' dir='ltr'><strong>ejicere</strong></span> <span class='ocrx_word' id='word_1_344' title='bbox 1512 4040 1795 4113; x_wconf 85' lang='lat' dir='ltr'><strong>prohibet;</strong></span> <span class='ocrx_word' id='word_1_345' title='bbox 1828 4068 2162 4125; x_wconf 89' lang='lat' dir='ltr'><strong>quocumque</strong></span> 
     </span>
    </p>
   </div>
   <div class='ocr_carea' id='block_1_43' title="bbox 582 4125 2163 4204">
    <p class='ocr_par' dir='ltr' id='par_1_43' title="bbox 582 4125 2163 4204">
     <span class='ocr_line' id='line_1_43' title="bbox 582 4125 2163 4204; baseline 0.016 -25"><span class='ocrx_word' id='word_1_346' title='bbox 582 4125 793 4181; x_wconf 85' lang='lat' dir='ltr'><strong>tandem</strong></span> <span class='ocrx_word' id='word_1_347' title='bbox 817 4134 1007 4183; x_wconf 88' lang='lat' dir='ltr'><strong>morbo</strong></span> <span class='ocrx_word' id='word_1_348' title='bbox 1035 4132 1277 4197; x_wconf 89' lang='lat' dir='ltr'><strong>laboret,</strong></span> <span class='ocrx_word' id='word_1_349' title='bbox 1312 4134 1636 4192; x_wconf 72' lang='lat' dir='ltr'><strong>ineffabilem</strong></span> <span class='ocrx_word' id='word_1_350' title='bbox 1678 4136 1983 4199; x_wconf 87' lang='lat' dir='ltr'><strong>mercedem</strong></span> <span class='ocrx_word' id='word_1_351' title='bbox 2026 4150 2163 4204; x_wconf 90' lang='lat' dir='ltr'><strong>reci-</strong></span> 
     </span>
    </p>
   </div>
   <div class='ocr_carea' id='block_1_44' title="bbox 581 4218 2157 4311">
    <p class='ocr_par' dir='ltr' id='par_1_44' title="bbox 581 4218 2157 4311">
     <span class='ocr_line' id='line_1_44' title="bbox 581 4218 2157 4311; baseline 0.02 -43"><span class='ocrx_word' id='word_1_352' title='bbox 581 4218 730 4286; x_wconf 88' lang='lat' dir='ltr'><strong>pies;</strong></span> <span class='ocrx_word' id='word_1_353' title='bbox 758 4229 812 4272; x_wconf 90' lang='lat' dir='ltr'><strong>et</strong></span> <span class='ocrx_word' id='word_1_354' title='bbox 838 4230 962 4276; x_wconf 86' lang='lat' dir='ltr'><strong>ante</strong></span> <span class='ocrx_word' id='word_1_355' title='bbox 1004 4225 1309 4280; x_wconf 89' lang='lat' dir='ltr'><strong>mercedem</strong></span> <span class='ocrx_word' id='word_1_356' title='bbox 1352 4229 1583 4284; x_wconf 77' lang='lat' dir='ltr'><strong>maxima</strong></span> <span class='ocrx_word' id='word_1_357' title='bbox 1630 4232 1959 4304; x_wconf 86' lang='lat' dir='ltr'><strong>lucraberis,</strong></span> <span class='ocrx_word' id='word_1_358' title='bbox 1990 4241 2157 4311; x_wconf 87' lang='lat' dir='ltr'><strong>ipsam</strong></span> 
     </span>
    </p>
   </div>
   <div class='ocr_carea' id='block_1_45' title="bbox 1304 250 3087 310">
    <p class='ocr_par' dir='ltr' id='par_1_45' title="bbox 1304 250 3087 310">
     <span class='ocr_line' id='line_1_45' title="bbox 1304 250 3087 310; baseline 0 -3"><span class='ocrx_word' id='word_1_359' title='bbox 1304 250 1361 307; x_wconf 88' lang='lat' dir='ltr'><strong>S.</strong></span> <span class='ocrx_word' id='word_1_360' title='bbox 1394 251 1669 309; x_wconf 74' lang='lat' dir='ltr'><strong>JUANNIS</strong></span> <span class='ocrx_word' id='word_1_361' title='bbox 1694 251 2164 309; x_wconf 73' lang='lat' dir='ltr'><strong>CllllYSOSTOMl</strong></span> <span class='ocrx_word' id='word_1_362' title='bbox 2204 251 2517 308; x_wconf 76' lang='lat' dir='ltr'><strong>ARClilEP.</strong></span> <span class='ocrx_word' id='word_1_363' title='bbox 2560 252 3087 310; x_wconf 73' lang='lat' dir='ltr'><strong>CONSTANTINOP.</strong></span> 
     </span>
    </p>
   </div>
   <div class='ocr_carea' id='block_1_46' title="bbox 3724 254 3855 310">
    <p class='ocr_par' dir='ltr' id='par_1_46' title="bbox 3724 254 3855 310">
     <span class='ocr_line' id='line_1_46' title="bbox 3724 254 3855 310; baseline -0.023 0"><span class='ocrx_word' id='word_1_364' title='bbox 3724 254 3855 310; x_wconf 64' lang='grc' dir='ltr'><strong>εει</strong></span> 
     </span>
    </p>
   </div>
   <div class='ocr_carea' id='block_1_47' title="bbox 2263 367 3847 439">
    <p class='ocr_par' dir='ltr' id='par_1_47' title="bbox 2263 367 3847 439">
     <span class='ocr_line' id='line_1_47' title="bbox 2263 367 3847 439; baseline 0.001 -19"><span class='ocrx_word' id='word_1_365' title='bbox 2263 367 2357 421; x_wconf 90' lang='lat' dir='ltr'><strong>tibi</strong></span> <span class='ocrx_word' id='word_1_366' title='bbox 2369 368 2914 437; x_wconf 84' lang='lat' dir='ltr'><strong>obtemperantiorem</strong></span> <span class='ocrx_word' id='word_1_367' title='bbox 2933 367 3183 433; x_wconf 88' lang='lat' dir='ltr'><strong>reddens,</strong></span> <span class='ocrx_word' id='word_1_368' title='bbox 3198 377 3354 439; x_wconf 85' lang='lat' dir='ltr'><strong>teque</strong></span> <span class='ocrx_word' id='word_1_369' title='bbox 3369 383 3495 439; x_wconf 81' lang='lat' dir='ltr'><strong>erga</strong></span> <span class='ocrx_word' id='word_1_370' title='bbox 3515 369 3660 424; x_wconf 82' lang='lat' dir='ltr'><strong>illam</strong></span> <span class='ocrx_word' id='word_1_371' title='bbox 3675 386 3808 425; x_wconf 81' lang='lat' dir='ltr'><strong>man</strong></span> <span class='ocrx_word' id='word_1_372' title='bbox 3822 402 3847 412; x_wconf 90' lang='lat'><strong><em>-</em></strong></span> 
     </span>
    </p>
   </div>
   <div class='ocr_carea' id='block_1_48' title="bbox 2255 460 2853 516">
    <p class='ocr_par' dir='ltr' id='par_1_48' title="bbox 2255 460 2853 516">
     <span class='ocr_line' id='line_1_48' title="bbox 2255 460 2853 516; baseline 0.005 -4"><span class='ocrx_word' id='word_1_373' title='bbox 2255 461 2541 514; x_wconf 86' lang='lat' dir='ltr'><strong>suctiorem</strong></span> <span class='ocrx_word' id='word_1_374' title='bbox 2571 460 2853 516; x_wconf 88' lang='lat' dir='ltr'><strong>exhibens.</strong></span> 
     </span>
    </p>
   </div>
   <div class='ocr_carea' id='block_1_49' title="bbox 2328 554 3850 623">
    <p class='ocr_par' dir='ltr' id='par_1_49' title="bbox 2328 554 3850 623">
     <span class='ocr_line' id='line_1_49' title="bbox 2328 554 3850 623; baseline 0.001 -16"><span class='ocrx_word' id='word_1_375' title='bbox 2328 554 2631 623; x_wconf 71' lang='lat' dir='ltr'><strong>Philosophi</strong></span> <span class='ocrx_word' id='word_1_376' title='bbox 2650 556 2842 609; x_wconf 82' lang='lat' dir='ltr'><strong>dictum</strong></span> <span class='ocrx_word' id='word_1_377' title='bbox 2868 555 2931 608; x_wconf 85' lang='lat' dir='ltr'><strong>de</strong></span> <span class='ocrx_word' id='word_1_378' title='bbox 2954 571 3112 609; x_wconf 68' lang='lat' dir='ltr'><strong>uxore</strong></span> <span class='ocrx_word' id='word_1_379' title='bbox 3130 556 3456 612; x_wconf 63' lang='lat' dir='ltr'><strong>conﬁciente.</strong></span> <span class='ocrx_word' id='word_1_380' title='bbox 3482 586 3560 598; x_wconf 94' lang='lat'><strong>—</strong></span> <span class='ocrx_word' id='word_1_381' title='bbox 3577 557 3850 611; x_wconf 78' lang='lat' dir='ltr'><strong>Narratur</strong></span> 
     </span>
    </p>
   </div>
   <div class='ocr_carea' id='block_1_50' title="bbox 2240 645 3849 719">
    <p class='ocr_par' dir='ltr' id='par_1_50' title="bbox 2240 645 3849 719">
     <span class='ocr_line' id='line_1_50' title="bbox 2240 645 3849 719; baseline 0.002 -22"><span class='ocrx_word' id='word_1_382' title='bbox 2240 646 2515 714; x_wconf 81' lang='lat' dir='ltr'><strong>quispiam</strong></span> <span class='ocrx_word' id='word_1_383' title='bbox 2565 656 2910 700; x_wconf 88' lang='lat' dir='ltr'><strong>externorum</strong></span> <span class='ocrx_word' id='word_1_384' title='bbox 2961 645 3434 716; x_wconf 89' lang='lat' dir='ltr'><strong>philosophormn,</strong></span> <span class='ocrx_word' id='word_1_385' title='bbox 3492 649 3583 719; x_wconf 93' lang='lat' dir='ltr'><strong>qui</strong></span> <span class='ocrx_word' id='word_1_386' title='bbox 3636 650 3849 703; x_wconf 85' lang='lat' dir='ltr'><strong>malam</strong></span> 
     </span>
    </p>
   </div>
   <div class='ocr_carea' id='block_1_51' title="bbox 2256 736 3851 807">
    <p class='ocr_par' dir='ltr' id='par_1_51' title="bbox 2256 736 3851 807">
     <span class='ocr_line' id='line_1_51' title="bbox 2256 736 3851 807; baseline 0.004 -20"><span class='ocrx_word' id='word_1_387' title='bbox 2256 736 2475 791; x_wconf 86' lang='lat' dir='ltr'><strong>haberet</strong></span> <span class='ocrx_word' id='word_1_388' title='bbox 2503 751 2723 790; x_wconf 86' lang='lat' dir='ltr'><strong>uxorem</strong></span> <span class='ocrx_word' id='word_1_389' title='bbox 2756 746 2810 791; x_wconf 90' lang='lat' dir='ltr'><strong>et</strong></span> <span class='ocrx_word' id='word_1_390' title='bbox 2840 751 3097 807; x_wconf 85' lang='lat' dir='ltr'><strong>nugacem</strong></span> <span class='ocrx_word' id='word_1_391' title='bbox 3132 746 3186 791; x_wconf 88' lang='lat' dir='ltr'><strong>et</strong></span> <span class='ocrx_word' id='word_1_392' title='bbox 3210 739 3601 794; x_wconf 86' lang='lat' dir='ltr'><strong>couviciantem</strong></span> <span class='ocrx_word' id='word_1_393' title='bbox 3624 782 3641 805; x_wconf 90' lang='lat'><strong>,</strong></span> <span class='ocrx_word' id='word_1_394' title='bbox 3673 741 3851 793; x_wconf 80' lang='lat' dir='ltr'><strong>inter-</strong></span> 
     </span>
    </p>
   </div>
   <div class='ocr_carea' id='block_1_52' title="bbox 2255 826 3849 897">
    <p class='ocr_par' dir='ltr' id='par_1_52' title="bbox 2255 826 3849 897">
     <span class='ocr_line' id='line_1_52' title="bbox 2255 826 3849 897; baseline 0.003 -18"><span class='ocrx_word' id='word_1_395' title='bbox 2255 826 2562 895; x_wconf 88' lang='lat' dir='ltr'><strong>rogantibus</strong></span> <span class='ocrx_word' id='word_1_396' title='bbox 2582 868 2597 893; x_wconf 96' lang='lat'><strong>,</strong></span> <span class='ocrx_word' id='word_1_397' title='bbox 2624 843 2727 897; x_wconf 88' lang='lat' dir='ltr'><strong>qua</strong></span> <span class='ocrx_word' id='word_1_398' title='bbox 2756 828 2824 882; x_wconf 91' lang='lat' dir='ltr'><strong>de</strong></span> <span class='ocrx_word' id='word_1_399' title='bbox 2844 843 3029 894; x_wconf 89' lang='lat' dir='ltr'><strong>causa,</strong></span> <span class='ocrx_word' id='word_1_400' title='bbox 3063 844 3189 883; x_wconf 89' lang='lat' dir='ltr'><strong>cum</strong></span> <span class='ocrx_word' id='word_1_401' title='bbox 3215 830 3375 883; x_wconf 90' lang='lat' dir='ltr'><strong>talem</strong></span> <span class='ocrx_word' id='word_1_402' title='bbox 3408 830 3657 895; x_wconf 85' lang='lat' dir='ltr'><strong>haberet,</strong></span> <span class='ocrx_word' id='word_1_403' title='bbox 3689 831 3849 885; x_wconf 82' lang='lat' dir='ltr'><strong>illam</strong></span> 
     </span>
    </p>
   </div>
   <div class='ocr_carea' id='block_1_53' title="bbox 2256 916 3852 993">
    <p class='ocr_par' dir='ltr' id='par_1_53' title="bbox 2256 916 3852 993">
     <span class='ocr_line' id='line_1_53' title="bbox 2256 916 3852 993; baseline 0.003 -23"><span class='ocrx_word' id='word_1_404' title='bbox 2256 916 2461 983; x_wconf 88' lang='lat' dir='ltr'><strong>ferret,</strong></span> <span class='ocrx_word' id='word_1_405' title='bbox 2493 920 2835 988; x_wconf 71' lang='lat' dir='ltr'><strong>resPondissc</strong></span> <span class='ocrx_word' id='word_1_406' title='bbox 2880 934 2938 975; x_wconf 87' lang='lat' dir='ltr'><strong>se</strong></span> <span class='ocrx_word' id='word_1_407' title='bbox 2984 921 3134 990; x_wconf 88' lang='lat' dir='ltr'><strong>quasi</strong></span> <span class='ocrx_word' id='word_1_408' title='bbox 3183 920 3520 992; x_wconf 83' lang='lat' dir='ltr'><strong>gymnasium</strong></span> <span class='ocrx_word' id='word_1_409' title='bbox 3570 931 3628 976; x_wconf 92' lang='lat' dir='ltr'><strong>et</strong></span> <span class='ocrx_word' id='word_1_410' title='bbox 3678 923 3852 993; x_wconf 50' lang='lat' dir='ltr'><strong>palm»</strong></span> 
     </span>
    </p>
   </div>
   <div class='ocr_carea' id='block_1_54' title="bbox 2256 1010 3854 1082">
    <p class='ocr_par' dir='ltr' id='par_1_54' title="bbox 2256 1010 3854 1082">
     <span class='ocr_line' id='line_1_54' title="bbox 2256 1010 3854 1082; baseline 0.003 -19"><span class='ocrx_word' id='word_1_411' title='bbox 2256 1020 2420 1063; x_wconf 88' lang='lat' dir='ltr'><strong>stram</strong></span> <span class='ocrx_word' id='word_1_412' title='bbox 2454 1010 2806 1079; x_wconf 60' lang='lat' dir='ltr'><strong>philosoiibize</strong></span> <span class='ocrx_word' id='word_1_413' title='bbox 2835 1010 2978 1065; x_wconf 85' lang='lat' dir='ltr'><strong>domi</strong></span> <span class='ocrx_word' id='word_1_414' title='bbox 3021 1012 3218 1066; x_wconf 88' lang='lat' dir='ltr'><strong>habere</strong></span> <span class='ocrx_word' id='word_1_415' title='bbox 3256 1012 3354 1082; x_wconf 89' lang='lat' dir='ltr'><strong>(a).</strong></span> <span class='ocrx_word' id='word_1_416' title='bbox 3391 1014 3494 1065; x_wconf 76' lang='lat' dir='ltr'><strong>Ero</strong></span> <span class='ocrx_word' id='word_1_417' title='bbox 3525 1016 3693 1077; x_wconf 82' lang='lat' dir='ltr'><strong>enim,</strong></span> <span class='ocrx_word' id='word_1_418' title='bbox 3724 1015 3854 1067; x_wconf 80' lang='lat' dir='ltr'><strong>aie-</strong></span> 
     </span>
    </p>
   </div>
   <div class='ocr_carea' id='block_1_55' title="bbox 2259 1102 3848 1183">
    <p class='ocr_par' dir='ltr' id='par_1_55' title="bbox 2259 1102 3848 1183">
     <span class='ocr_line' id='line_1_55' title="bbox 2259 1102 3848 1183; baseline 0.004 -30"><span class='ocrx_word' id='word_1_419' title='bbox 2259 1102 2384 1175; x_wconf 80' lang='lat' dir='ltr'><strong>bat,</strong></span> <span class='ocrx_word' id='word_1_420' title='bbox 2432 1105 2553 1157; x_wconf 88' lang='lat' dir='ltr'><strong>aliis</strong></span> <span class='ocrx_word' id='word_1_421' title='bbox 2599 1105 2964 1183; x_wconf 78' lang='lat' dir='ltr'><strong>mansuetior,</strong></span> <span class='ocrx_word' id='word_1_422' title='bbox 3013 1107 3063 1158; x_wconf 93' lang='lat' dir='ltr'><strong>in</strong></span> <span class='ocrx_word' id='word_1_423' title='bbox 3109 1105 3208 1159; x_wconf 87' lang='lat' dir='ltr'><strong>liac</strong></span> <span class='ocrx_word' id='word_1_424' title='bbox 3248 1105 3487 1173; x_wconf 85' lang='lat' dir='ltr'><strong>quotidie</strong></span> <span class='ocrx_word' id='word_1_425' title='bbox 3535 1106 3848 1161; x_wconf 84' lang='lat' dir='ltr'><strong>institutus.</strong></span> 
     </span>
    </p>
   </div>
   <div class='ocr_carea' id='block_1_56' title="bbox 2257 1194 3849 1267">
    <p class='ocr_par' dir='ltr' id='par_1_56' title="bbox 2257 1194 3849 1267">
     <span class='ocr_line' id='line_1_56' title="bbox 2257 1194 3849 1267; baseline 0 -20"><span class='ocrx_word' id='word_1_426' title='bbox 2257 1194 2443 1265; x_wconf 79' lang='lat' dir='ltr'><strong>Magna</strong></span> <span class='ocrx_word' id='word_1_427' title='bbox 2466 1210 2594 1249; x_wconf 85' lang='lat' dir='ltr'><strong>voce</strong></span> <span class='ocrx_word' id='word_1_428' title='bbox 2618 1195 2992 1249; x_wconf 82' lang='lat' dir='ltr'><strong>exclamastis?</strong></span> <span class='ocrx_word' id='word_1_429' title='bbox 3012 1195 3113 1251; x_wconf 88' lang='lat' dir='ltr'><strong>Sed</strong></span> <span class='ocrx_word' id='word_1_430' title='bbox 3138 1211 3238 1266; x_wconf 90' lang='lat' dir='ltr'><strong>ego</strong></span> <span class='ocrx_word' id='word_1_431' title='bbox 3262 1196 3416 1252; x_wconf 86' lang='lat' dir='ltr'><strong>valde</strong></span> <span class='ocrx_word' id='word_1_432' title='bbox 3439 1213 3581 1252; x_wconf 83' lang='lat' dir='ltr'><strong>nune</strong></span> <span class='ocrx_word' id='word_1_433' title='bbox 3601 1198 3849 1267; x_wconf 77' lang='lat' dir='ltr'><strong>ingenio,</strong></span> 
     </span>
    </p>
   </div>
   <div class='ocr_carea' id='block_1_57' title="bbox 2255 1288 3852 1359">
    <p class='ocr_par' dir='ltr' id='par_1_57' title="bbox 2255 1288 3852 1359">
     <span class='ocr_line' id='line_1_57' title="bbox 2255 1288 3852 1359; baseline 0.001 -17"><span class='ocrx_word' id='word_1_434' title='bbox 2255 1304 2374 1342; x_wconf 89' lang='lat' dir='ltr'><strong>eum</strong></span> <span class='ocrx_word' id='word_1_435' title='bbox 2403 1288 2611 1341; x_wconf 87' lang='lat' dir='ltr'><strong>videam</strong></span> <span class='ocrx_word' id='word_1_436' title='bbox 2641 1288 2858 1343; x_wconf 65' lang='lat' dir='ltr'><strong>Grarcos</strong></span> <span class='ocrx_word' id='word_1_437' title='bbox 2904 1289 3071 1358; x_wconf 86' lang='lat' dir='ltr'><strong>magis</strong></span> <span class='ocrx_word' id='word_1_438' title='bbox 3122 1289 3469 1359; x_wconf 78' lang='lat' dir='ltr'><strong>philosophos</strong></span> <span class='ocrx_word' id='word_1_439' title='bbox 3511 1304 3638 1344; x_wconf 90' lang='lat' dir='ltr'><strong>esse</strong></span> <span class='ocrx_word' id='word_1_440' title='bbox 3680 1304 3852 1359; x_wconf 76' lang='lat' dir='ltr'><strong>quam</strong></span> 
     </span>
    </p>
   </div>
   <div class='ocr_carea' id='block_1_58' title="bbox 2257 1380 3854 1452">
    <p class='ocr_par' dir='ltr' id='par_1_58' title="bbox 2257 1380 3854 1452">
     <span class='ocr_line' id='line_1_58' title="bbox 2257 1380 3854 1452; baseline -0.001 -18"><span class='ocrx_word' id='word_1_441' title='bbox 2257 1396 2384 1441; x_wconf 85' lang='lat' dir='ltr'><strong>nos,</strong></span> <span class='ocrx_word' id='word_1_442' title='bbox 2416 1380 2505 1449; x_wconf 89' lang='lat' dir='ltr'><strong>qui</strong></span> <span class='ocrx_word' id='word_1_443' title='bbox 2530 1381 2782 1449; x_wconf 86' lang='lat' dir='ltr'><strong>jubemur</strong></span> <span class='ocrx_word' id='word_1_444' title='bbox 2820 1380 3038 1450; x_wconf 83' lang='lat' dir='ltr'><strong>angelos</strong></span> <span class='ocrx_word' id='word_1_445' title='bbox 3067 1381 3299 1444; x_wconf 88' lang='lat' dir='ltr'><strong>imitari;</strong></span> <span class='ocrx_word' id='word_1_446' title='bbox 3334 1382 3440 1436; x_wconf 87' lang='lat' dir='ltr'><strong>imo</strong></span> <span class='ocrx_word' id='word_1_447' title='bbox 3469 1382 3558 1452; x_wconf 87' lang='lat' dir='ltr'><strong>qui</strong></span> <span class='ocrx_word' id='word_1_448' title='bbox 3586 1382 3854 1451; x_wconf 87' lang='lat' dir='ltr'><strong>jubemur</strong></span> 
     </span>
    </p>
   </div>
   <div class='ocr_carea' id='block_1_59' title="bbox 2257 1471 3848 1539">
    <p class='ocr_par' dir='ltr' id='par_1_59' title="bbox 2257 1471 3848 1539">
     <span class='ocr_line' id='line_1_59' title="bbox 2257 1471 3848 1539; baseline 0.001 -15"><span class='ocrx_word' id='word_1_449' title='bbox 2257 1473 2427 1539; x_wconf 82' lang='lat' dir='ltr'><strong>ipsum</strong></span> <span class='ocrx_word' id='word_1_450' title='bbox 2456 1472 2693 1538; x_wconf 68' lang='lat' dir='ltr'><strong>mmulari</strong></span> <span class='ocrx_word' id='word_1_451' title='bbox 2728 1471 2891 1525; x_wconf 91' lang='lat' dir='ltr'><strong>Deum</strong></span> <span class='ocrx_word' id='word_1_452' title='bbox 2923 1471 2974 1525; x_wconf 92' lang='lat' dir='ltr'><strong>in</strong></span> <span class='ocrx_word' id='word_1_453' title='bbox 3002 1474 3424 1530; x_wconf 85' lang='lat' dir='ltr'><strong>mansuetudinis</strong></span> <span class='ocrx_word' id='word_1_454' title='bbox 3450 1476 3683 1529; x_wconf 85' lang='lat' dir='ltr'><strong>ratione.</strong></span> <span class='ocrx_word' id='word_1_455' title='bbox 3714 1473 3848 1529; x_wconf 86' lang='lat' dir='ltr'><strong>Plii-</strong></span> 
     </span>
    </p>
   </div>
   <div class='ocr_carea' id='block_1_60' title="bbox 2260 1564 3847 1634">
    <p class='ocr_par' dir='ltr' id='par_1_60' title="bbox 2260 1564 3847 1634">
     <span class='ocr_line' id='line_1_60' title="bbox 2260 1564 3847 1634; baseline 0.001 -16"><span class='ocrx_word' id='word_1_456' title='bbox 2260 1565 2519 1634; x_wconf 90' lang='lat' dir='ltr'><strong>losophus</strong></span> <span class='ocrx_word' id='word_1_457' title='bbox 2558 1580 2687 1634; x_wconf 88' lang='lat' dir='ltr'><strong>ergo</strong></span> <span class='ocrx_word' id='word_1_458' title='bbox 2718 1565 2803 1619; x_wconf 91' lang='lat' dir='ltr'><strong>ille</strong></span> <span class='ocrx_word' id='word_1_459' title='bbox 2834 1565 3027 1619; x_wconf 90' lang='lat' dir='ltr'><strong>dicitur</strong></span> <span class='ocrx_word' id='word_1_460' title='bbox 3060 1564 3182 1623; x_wconf 88' lang='lat' dir='ltr'><strong>ideo</strong></span> <span class='ocrx_word' id='word_1_461' title='bbox 3212 1568 3403 1620; x_wconf 90' lang='lat' dir='ltr'><strong>malam</strong></span> <span class='ocrx_word' id='word_1_462' title='bbox 3435 1568 3577 1622; x_wconf 88' lang='lat' dir='ltr'><strong>illam</strong></span> <span class='ocrx_word' id='word_1_463' title='bbox 3607 1581 3847 1622; x_wconf 69' lang='lat' dir='ltr'><strong>omnem</strong></span> 
     </span>
    </p>
   </div>
   <div class='ocr_carea' id='block_1_61' title="bbox 2258 1656 3847 1725">
    <p class='ocr_par' dir='ltr' id='par_1_61' title="bbox 2258 1656 3847 1725">
     <span class='ocr_line' id='line_1_61' title="bbox 2258 1656 3847 1725; baseline 0.001 -16"><span class='ocrx_word' id='word_1_464' title='bbox 2258 1672 2363 1709; x_wconf 91' lang='lat' dir='ltr'><strong>non</strong></span> <span class='ocrx_word' id='word_1_465' title='bbox 2393 1656 2614 1723; x_wconf 70' lang='lat' dir='ltr'><strong>eiecisse</strong></span> <span class='ocrx_word' id='word_1_466' title='bbox 2641 1672 2653 1705; x_wconf 89' lang='lat'>:</span> <span class='ocrx_word' id='word_1_467' title='bbox 2687 1656 2902 1724; x_wconf 85' lang='lat' dir='ltr'><strong>quidam</strong></span> <span class='ocrx_word' id='word_1_468' title='bbox 2926 1665 3105 1710; x_wconf 90' lang='lat' dir='ltr'><strong>autem</strong></span> <span class='ocrx_word' id='word_1_469' title='bbox 3132 1657 3316 1710; x_wconf 91' lang='lat' dir='ltr'><strong>dicunt</strong></span> <span class='ocrx_word' id='word_1_470' title='bbox 3342 1659 3515 1725; x_wconf 88' lang='lat' dir='ltr'><strong>ipsuut</strong></span> <span class='ocrx_word' id='word_1_471' title='bbox 3546 1657 3670 1713; x_wconf 90' lang='lat' dir='ltr'><strong>ideo</strong></span> <span class='ocrx_word' id='word_1_472' title='bbox 3694 1659 3847 1712; x_wconf 79' lang='lat' dir='ltr'><strong>illam</strong></span> 
     </span>
    </p>
   </div>
   <div class='ocr_carea' id='block_1_62' title="bbox 2256 1746 3847 1818">
    <p class='ocr_par' dir='ltr' id='par_1_62' title="bbox 2256 1746 3847 1818">
     <span class='ocr_line' id='line_1_62' title="bbox 2256 1746 3847 1818; baseline 0.002 -20"><span class='ocrx_word' id='word_1_473' title='bbox 2256 1746 2493 1799; x_wconf 73' lang='lat' dir='ltr'><strong>duxisse.</strong></span> <span class='ocrx_word' id='word_1_474' title='bbox 2525 1747 2634 1813; x_wconf 78' lang='lat' dir='ltr'><strong>Ego</strong></span> <span class='ocrx_word' id='word_1_475' title='bbox 2662 1762 2791 1801; x_wconf 88' lang='lat' dir='ltr'><strong>vero</strong></span> <span class='ocrx_word' id='word_1_476' title='bbox 2819 1749 2942 1816; x_wconf 85' lang='lat' dir='ltr'><strong>quia</strong></span> <span class='ocrx_word' id='word_1_477' title='bbox 2985 1747 3135 1801; x_wconf 92' lang='lat' dir='ltr'><strong>multi</strong></span> <span class='ocrx_word' id='word_1_478' title='bbox 3178 1747 3422 1803; x_wconf 88' lang='lat' dir='ltr'><strong>homines</strong></span> <span class='ocrx_word' id='word_1_479' title='bbox 3451 1758 3639 1803; x_wconf 90' lang='lat' dir='ltr'><strong>contra</strong></span> <span class='ocrx_word' id='word_1_480' title='bbox 3660 1754 3847 1818; x_wconf 75' lang='lat' dir='ltr'><strong>&#39;quam</strong></span> 
     </span>
    </p>
   </div>
   <div class='ocr_carea' id='block_1_63' title="bbox 2260 1835 3843 1904">
    <p class='ocr_par' dir='ltr' id='par_1_63' title="bbox 2260 1835 3843 1904">
     <span class='ocr_line' id='line_1_63' title="bbox 2260 1835 3843 1904; baseline 0.001 -14"><span class='ocrx_word' id='word_1_481' title='bbox 2260 1838 2394 1890; x_wconf 83' lang='lat' dir='ltr'><strong>ratio</strong></span> <span class='ocrx_word' id='word_1_482' title='bbox 2420 1835 2558 1891; x_wconf 89' lang='lat' dir='ltr'><strong>ferat</strong></span> <span class='ocrx_word' id='word_1_483' title='bbox 2586 1837 2761 1893; x_wconf 78' lang='lat' dir='ltr'><strong>all‘eCIi</strong></span> <span class='ocrx_word' id='word_1_484' title='bbox 2790 1847 2915 1893; x_wconf 90' lang='lat' dir='ltr'><strong>sunt</strong></span> <span class='ocrx_word' id='word_1_485' title='bbox 2934 1880 2950 1904; x_wconf 91' lang='lat'><strong>,</strong></span> <span class='ocrx_word' id='word_1_486' title='bbox 2980 1838 3171 1893; x_wconf 81' lang='lat' dir='ltr'><strong>hortor</strong></span> <span class='ocrx_word' id='word_1_487' title='bbox 3200 1848 3256 1893; x_wconf 94' lang='lat' dir='ltr'><strong>ut</strong></span> <span class='ocrx_word' id='word_1_488' title='bbox 3276 1839 3345 1894; x_wconf 91' lang='lat' dir='ltr'><strong>ab</strong></span> <span class='ocrx_word' id='word_1_489' title='bbox 3374 1840 3525 1894; x_wconf 90' lang='lat' dir='ltr'><strong>initio</strong></span> <span class='ocrx_word' id='word_1_490' title='bbox 3552 1839 3688 1895; x_wconf 89' lang='lat' dir='ltr'><strong>nihil</strong></span> <span class='ocrx_word' id='word_1_491' title='bbox 3732 1857 3843 1893; x_wconf 76' lang='lat' dir='ltr'><strong>non</strong></span> 
     </span>
    </p>
   </div>
   <div class='ocr_carea' id='block_1_64' title="bbox 2257 1930 3852 2000">
    <p class='ocr_par' dir='ltr' id='par_1_64' title="bbox 2257 1930 3852 2000">
     <span class='ocr_line' id='line_1_64' title="bbox 2257 1930 3852 2000; baseline 0.002 -17"><span class='ocrx_word' id='word_1_492' title='bbox 2257 1940 2416 2000; x_wconf 82' lang='lat' dir='ltr'><strong>agant</strong></span> <span class='ocrx_word' id='word_1_493' title='bbox 2442 1930 2538 1984; x_wconf 91' lang='lat' dir='ltr'><strong>viri</strong></span> <span class='ocrx_word' id='word_1_494' title='bbox 2565 1972 2578 1993; x_wconf 93' lang='lat'><strong>,</strong></span> <span class='ocrx_word' id='word_1_495' title='bbox 2610 1940 2666 1983; x_wconf 91' lang='lat' dir='ltr'><strong>ut</strong></span> <span class='ocrx_word' id='word_1_496' title='bbox 2697 1931 2831 1985; x_wconf 84' lang='lat' dir='ltr'><strong>bene</strong></span> <span class='ocrx_word' id='word_1_497' title='bbox 2862 1941 3123 1986; x_wconf 87' lang='lat' dir='ltr'><strong>moratam</strong></span> <span class='ocrx_word' id='word_1_498' title='bbox 3154 1931 3355 1987; x_wconf 86' lang='lat' dir='ltr'><strong>ducant</strong></span> <span class='ocrx_word' id='word_1_499' title='bbox 3384 1948 3607 1987; x_wconf 71' lang='lat' dir='ltr'><strong>uxorem</strong></span> <span class='ocrx_word' id='word_1_500' title='bbox 3636 1942 3693 1986; x_wconf 90' lang='lat' dir='ltr'><strong>et</strong></span> <span class='ocrx_word' id='word_1_501' title='bbox 3720 1951 3852 1985; x_wconf 83' lang='lat' dir='ltr'><strong>om-</strong></span> 
     </span>
    </p>
   </div>
   <div class='ocr_carea' id='block_1_65' title="bbox 2260 2021 3851 2093">
    <p class='ocr_par' dir='ltr' id='par_1_65' title="bbox 2260 2021 3851 2093">
     <span class='ocr_line' id='line_1_65' title="bbox 2260 2021 3851 2093; baseline 0 -18"><span class='ocrx_word' id='word_1_502' title='bbox 2260 2022 2310 2075; x_wconf 87' lang='lat' dir='ltr'><strong>ni</strong></span> <span class='ocrx_word' id='word_1_503' title='bbox 2341 2021 2552 2090; x_wconf 88' lang='lat' dir='ltr'><strong>plenam</strong></span> <span class='ocrx_word' id='word_1_504' title='bbox 2600 2024 2834 2075; x_wconf 88' lang='lat' dir='ltr'><strong>virtute:</strong></span> <span class='ocrx_word' id='word_1_505' title='bbox 2865 2023 2909 2076; x_wconf 91' lang='lat' dir='ltr'><strong>si</strong></span> <span class='ocrx_word' id='word_1_506' title='bbox 2953 2037 3082 2077; x_wconf 87' lang='lat' dir='ltr'><strong>vero</strong></span> <span class='ocrx_word' id='word_1_507' title='bbox 3107 2023 3387 2093; x_wconf 80' lang='lat' dir='ltr'><strong>contigerit</strong></span> <span class='ocrx_word' id='word_1_508' title='bbox 3419 2033 3529 2078; x_wconf 92' lang='lat' dir='ltr'><strong>uta</strong></span> <span class='ocrx_word' id='word_1_509' title='bbox 3563 2024 3851 2093; x_wconf 86' lang='lat' dir='ltr'><strong>proposito</strong></span> 
     </span>
    </p>
   </div>
   <div class='ocr_carea' id='block_1_66' title="bbox 2257 2112 3850 2183">
    <p class='ocr_par' dir='ltr' id='par_1_66' title="bbox 2257 2112 3850 2183">
     <span class='ocr_line' id='line_1_66' title="bbox 2257 2112 3850 2183; baseline 0.003 -19"><span class='ocrx_word' id='word_1_510' title='bbox 2257 2114 2540 2176; x_wconf 90' lang='lat' dir='ltr'><strong>aberrent,</strong></span> <span class='ocrx_word' id='word_1_511' title='bbox 2574 2126 2637 2165; x_wconf 88' lang='lat' dir='ltr'><strong>ac</strong></span> <span class='ocrx_word' id='word_1_512' title='bbox 2668 2127 2767 2166; x_wconf 90' lang='lat' dir='ltr'><strong>nec</strong></span> <span class='ocrx_word' id='word_1_513' title='bbox 2796 2112 2986 2166; x_wconf 88' lang='lat' dir='ltr'><strong>bonam</strong></span> <span class='ocrx_word' id='word_1_514' title='bbox 3018 2128 3117 2169; x_wconf 83' lang='lat' dir='ltr'><strong>nec</strong></span> <span class='ocrx_word' id='word_1_515' title='bbox 3147 2114 3476 2169; x_wconf 76' lang='lat' dir='ltr'><strong>tolerabilem</strong></span> <span class='ocrx_word' id='word_1_516' title='bbox 3502 2130 3759 2183; x_wconf 85' lang='lat' dir='ltr'><strong>sponsam</strong></span> <span class='ocrx_word' id='word_1_517' title='bbox 3794 2116 3850 2168; x_wconf 84' lang='lat' dir='ltr'><strong>in</strong></span> 
     </span>
    </p>
   </div>
   <div class='ocr_carea' id='block_1_67' title="bbox 2258 2194 3847 2272">
    <p class='ocr_par' dir='ltr' id='par_1_67' title="bbox 2258 2194 3847 2272">
     <span class='ocr_line' id='line_1_67' title="bbox 2258 2194 3847 2272; baseline 0.001 -16"><span class='ocrx_word' id='word_1_518' title='bbox 2258 2204 2476 2257; x_wconf 91' lang='lat' dir='ltr'><strong>domum</strong></span> <span class='ocrx_word' id='word_1_519' title='bbox 2505 2194 2847 2266; x_wconf 84' lang='lat' dir='ltr'><strong>induxerint;</strong></span> <span class='ocrx_word' id='word_1_520' title='bbox 2878 2214 3006 2258; x_wconf 90' lang='lat' dir='ltr'><strong>tunc</strong></span> <span class='ocrx_word' id='word_1_521' title='bbox 3037 2203 3415 2272; x_wconf 81' lang='lat' dir='ltr'><strong>philosophum</strong></span> <span class='ocrx_word' id='word_1_522' title='bbox 3442 2206 3588 2258; x_wconf 84' lang='lat' dir='ltr'><strong>illum</strong></span> <span class='ocrx_word' id='word_1_523' title='bbox 3620 2207 3847 2259; x_wconf 86' lang='lat' dir='ltr'><strong>imiten-</strong></span> 
     </span>
    </p>
   </div>
   <div class='ocr_carea' id='block_1_68' title="bbox 2261 2292 3855 2362">
    <p class='ocr_par' dir='ltr' id='par_1_68' title="bbox 2261 2292 3855 2362">
     <span class='ocr_line' id='line_1_68' title="bbox 2261 2292 3855 2362; baseline 0 -14"><span class='ocrx_word' id='word_1_524' title='bbox 2261 2304 2364 2357; x_wconf 92' lang='lat' dir='ltr'><strong>tur,</strong></span> <span class='ocrx_word' id='word_1_525' title='bbox 2391 2303 2445 2347; x_wconf 91' lang='lat' dir='ltr'><strong>et</strong></span> <span class='ocrx_word' id='word_1_526' title='bbox 2487 2293 2570 2345; x_wconf 92' lang='lat' dir='ltr'><strong>his</strong></span> <span class='ocrx_word' id='word_1_527' title='bbox 2600 2293 2727 2345; x_wconf 89' lang='lat' dir='ltr'><strong>nihil</strong></span> <span class='ocrx_word' id='word_1_528' title='bbox 2789 2292 3063 2360; x_wconf 77' lang='lat' dir='ltr'><strong>adjiciam.</strong></span> <span class='ocrx_word' id='word_1_529' title='bbox 3108 2292 3240 2346; x_wconf 82' lang='lat' dir='ltr'><strong>Nam</strong></span> <span class='ocrx_word' id='word_1_530' title='bbox 3267 2303 3533 2348; x_wconf 84' lang='lat' dir='ltr'><strong>mercator</strong></span> <span class='ocrx_word' id='word_1_531' title='bbox 3558 2305 3855 2362; x_wconf 84' lang='lat' dir='ltr'><strong>antequam</strong></span> 
     </span>
    </p>
   </div>
   <div class='ocr_carea' id='block_1_69' title="bbox 2260 2384 3853 2453">
    <p class='ocr_par' dir='ltr' id='par_1_69' title="bbox 2260 2384 3853 2453">
     <span class='ocr_line' id='line_1_69' title="bbox 2260 2384 3853 2453; baseline 0.001 -15"><span class='ocrx_word' id='word_1_532' title='bbox 2260 2400 2381 2438; x_wconf 91' lang='lat' dir='ltr'><strong>cum</strong></span> <span class='ocrx_word' id='word_1_533' title='bbox 2404 2386 2551 2437; x_wconf 89' lang='lat' dir='ltr'><strong>socio</strong></span> <span class='ocrx_word' id='word_1_534' title='bbox 2580 2392 2730 2451; x_wconf 88' lang='lat' dir='ltr'><strong>pacta</strong></span> <span class='ocrx_word' id='word_1_535' title='bbox 2759 2384 2920 2446; x_wconf 91' lang='lat' dir='ltr'><strong>ineat,</strong></span> <span class='ocrx_word' id='word_1_536' title='bbox 2940 2398 3057 2451; x_wconf 63' lang='lat' dir='ltr'><strong>quae</strong></span> <span class='ocrx_word' id='word_1_537' title='bbox 3079 2384 3290 2453; x_wconf 90' lang='lat' dir='ltr'><strong>possint</strong></span> <span class='ocrx_word' id='word_1_538' title='bbox 3312 2398 3499 2453; x_wconf 88' lang='lat' dir='ltr'><strong>pacem</strong></span> <span class='ocrx_word' id='word_1_539' title='bbox 3524 2385 3853 2451; x_wconf 87' lang='lat' dir='ltr'><strong>conciliare,</strong></span> 
     </span>
    </p>
   </div>
   <div class='ocr_carea' id='block_1_70' title="bbox 2261 2474 3859 2544">
    <p class='ocr_par' dir='ltr' id='par_1_70' title="bbox 2261 2474 3859 2544">
     <span class='ocr_line' id='line_1_70' title="bbox 2261 2474 3859 2544; baseline 0.001 -16"><span class='ocrx_word' id='word_1_540' title='bbox 2261 2490 2366 2528; x_wconf 89' lang='lat' dir='ltr'><strong>non</strong></span> <span class='ocrx_word' id='word_1_541' title='bbox 2402 2475 2546 2543; x_wconf 87' lang='lat' dir='ltr'><strong>prius</strong></span> <span class='ocrx_word' id='word_1_542' title='bbox 2588 2474 2764 2527; x_wconf 88' lang='lat' dir='ltr'><strong>navim</strong></span> <span class='ocrx_word' id='word_1_543' title='bbox 2792 2474 2843 2526; x_wconf 91' lang='lat' dir='ltr'><strong>in</strong></span> <span class='ocrx_word' id='word_1_544' title='bbox 2874 2489 3022 2528; x_wconf 90' lang='lat' dir='ltr'><strong>mare</strong></span> <span class='ocrx_word' id='word_1_545' title='bbox 3054 2474 3265 2538; x_wconf 89' lang='lat' dir='ltr'><strong>trahet,</strong></span> <span class='ocrx_word' id='word_1_546' title='bbox 3296 2490 3470 2544; x_wconf 87' lang='lat' dir='ltr'><strong>neque</strong></span> <span class='ocrx_word' id='word_1_547' title='bbox 3496 2475 3655 2529; x_wconf 89' lang='lat' dir='ltr'><strong>aliam</strong></span> <span class='ocrx_word' id='word_1_548' title='bbox 3687 2476 3859 2530; x_wconf 68' lang='lat' dir='ltr'><strong>attin-</strong></span> 
     </span>
    </p>
   </div>
   <div class='ocr_carea' id='block_1_71' title="bbox 2259 2566 3858 2637">
    <p class='ocr_par' dir='ltr' id='par_1_71' title="bbox 2259 2566 3858 2637">
     <span class='ocr_line' id='line_1_71' title="bbox 2259 2566 3858 2637; baseline 0 -16"><span class='ocrx_word' id='word_1_549' title='bbox 2259 2578 2347 2636; x_wconf 87' lang='lat' dir='ltr'><strong>get</strong></span> <span class='ocrx_word' id='word_1_550' title='bbox 2370 2567 2806 2636; x_wconf 87' lang='lat' dir='ltr'><strong>negotiationem.</strong></span> <span class='ocrx_word' id='word_1_551' title='bbox 2853 2566 2922 2619; x_wconf 84' lang='lat' dir='ltr'><strong>Et</strong></span> <span class='ocrx_word' id='word_1_552' title='bbox 2949 2581 3048 2621; x_wconf 88' lang='lat' dir='ltr'><strong>nos</strong></span> <span class='ocrx_word' id='word_1_553' title='bbox 3077 2567 3258 2636; x_wconf 89' lang='lat' dir='ltr'><strong>itaque</strong></span> <span class='ocrx_word' id='word_1_554' title='bbox 3288 2566 3420 2620; x_wconf 89' lang='lat' dir='ltr'><strong>nihil</strong></span> <span class='ocrx_word' id='word_1_555' title='bbox 3451 2582 3557 2620; x_wconf 91' lang='lat' dir='ltr'><strong>non</strong></span> <span class='ocrx_word' id='word_1_556' title='bbox 3587 2582 3858 2637; x_wconf 87' lang='lat' dir='ltr'><strong>agamus,</strong></span> 
     </span>
    </p>
   </div>
   <div class='ocr_carea' id='block_1_72' title="bbox 2263 2658 3859 2728">
    <p class='ocr_par' dir='ltr' id='par_1_72' title="bbox 2263 2658 3859 2728">
     <span class='ocr_line' id='line_1_72' title="bbox 2263 2658 3859 2728; baseline 0.001 -16"><span class='ocrx_word' id='word_1_557' title='bbox 2263 2670 2315 2712; x_wconf 92' lang='lat' dir='ltr'><strong>ut</strong></span> <span class='ocrx_word' id='word_1_558' title='bbox 2347 2658 2727 2728; x_wconf 84' lang='lat' dir='ltr'><strong>negotiationis</strong></span> <span class='ocrx_word' id='word_1_559' title='bbox 2753 2668 2951 2713; x_wconf 62' lang='lat' dir='ltr'><strong>nostra:</strong></span> <span class='ocrx_word' id='word_1_560' title='bbox 2978 2660 3176 2714; x_wconf 84' lang='lat' dir='ltr'><strong>sociam</strong></span> <span class='ocrx_word' id='word_1_561' title='bbox 3203 2660 3254 2712; x_wconf 93' lang='lat' dir='ltr'><strong>in</strong></span> <span class='ocrx_word' id='word_1_562' title='bbox 3284 2659 3384 2713; x_wconf 90' lang='lat' dir='ltr'><strong>hac</strong></span> <span class='ocrx_word' id='word_1_563' title='bbox 3415 2660 3537 2712; x_wconf 90' lang='lat' dir='ltr'><strong>navi</strong></span> <span class='ocrx_word' id='word_1_564' title='bbox 3567 2675 3692 2714; x_wconf 92' lang='lat' dir='ltr'><strong>cum</strong></span> <span class='ocrx_word' id='word_1_565' title='bbox 3726 2674 3859 2714; x_wconf 81' lang='lat' dir='ltr'><strong>om-</strong></span> 
     </span>
    </p>
   </div>
   <div class='ocr_carea' id='block_1_73' title="bbox 2263 2750 3861 2821">
    <p class='ocr_par' dir='ltr' id='par_1_73' title="bbox 2263 2750 3861 2821">
     <span class='ocr_line' id='line_1_73' title="bbox 2263 2750 3861 2821; baseline 0.002 -17"><span class='ocrx_word' id='word_1_566' title='bbox 2263 2753 2317 2806; x_wconf 87' lang='lat' dir='ltr'><strong>ni</strong></span> <span class='ocrx_word' id='word_1_567' title='bbox 2342 2768 2471 2821; x_wconf 87' lang='lat' dir='ltr'><strong>pace</strong></span> <span class='ocrx_word' id='word_1_568' title='bbox 2500 2752 2641 2805; x_wconf 90' lang='lat' dir='ltr'><strong>intus</strong></span> <span class='ocrx_word' id='word_1_569' title='bbox 2669 2761 2968 2805; x_wconf 87' lang='lat' dir='ltr'><strong>teneamus.</strong></span> <span class='ocrx_word' id='word_1_570' title='bbox 2993 2750 3067 2804; x_wconf 91' lang='lat' dir='ltr'><strong>Ita</strong></span> <span class='ocrx_word' id='word_1_571' title='bbox 3089 2752 3233 2805; x_wconf 89' lang='lat' dir='ltr'><strong>enim</strong></span> <span class='ocrx_word' id='word_1_572' title='bbox 3263 2758 3318 2805; x_wconf 88' lang='lat' dir='ltr'><strong>et</strong></span> <span class='ocrx_word' id='word_1_573' title='bbox 3346 2751 3449 2804; x_wconf 86' lang='lat' dir='ltr'><strong>alia</strong></span> <span class='ocrx_word' id='word_1_574' title='bbox 3476 2752 3658 2805; x_wconf 85' lang='lat' dir='ltr'><strong>omnia</strong></span> <span class='ocrx_word' id='word_1_575' title='bbox 3689 2752 3861 2807; x_wconf 80' lang='lat' dir='ltr'><strong>nobis</strong></span> 
     </span>
    </p>
   </div>
   <div class='ocr_carea' id='block_1_74' title="bbox 2263 2842 3865 2913">
    <p class='ocr_par' dir='ltr' id='par_1_74' title="bbox 2263 2842 3865 2913">
     <span class='ocr_line' id='line_1_74' title="bbox 2263 2842 3865 2913; baseline 0.002 -16"><span class='ocrx_word' id='word_1_576' title='bbox 2263 2842 2545 2912; x_wconf 83' lang='lat' dir='ltr'><strong>tranquilla</strong></span> <span class='ocrx_word' id='word_1_577' title='bbox 2576 2852 2734 2896; x_wconf 91' lang='lat' dir='ltr'><strong>erunt</strong></span> <span class='ocrx_word' id='word_1_578' title='bbox 2756 2882 2769 2905; x_wconf 89' lang='lat'><strong>,</strong></span> <span class='ocrx_word' id='word_1_579' title='bbox 2802 2851 2857 2897; x_wconf 92' lang='lat' dir='ltr'><strong>et</strong></span> <span class='ocrx_word' id='word_1_580' title='bbox 2910 2857 3033 2896; x_wconf 92' lang='lat' dir='ltr'><strong>cum</strong></span> <span class='ocrx_word' id='word_1_581' title='bbox 3082 2842 3371 2897; x_wconf 87' lang='lat' dir='ltr'><strong>securitate</strong></span> <span class='ocrx_word' id='word_1_582' title='bbox 3400 2844 3523 2897; x_wconf 72' lang='lat' dir='ltr'><strong>vita:</strong></span> <span class='ocrx_word' id='word_1_583' title='bbox 3565 2846 3865 2913; x_wconf 64' lang='lat' dir='ltr'><strong>presentis</strong></span> 
     </span>
    </p>
   </div>
   <div class='ocr_carea' id='block_1_75' title="bbox 2264 2932 3867 3005">
    <p class='ocr_par' dir='ltr' id='par_1_75' title="bbox 2264 2932 3867 3005">
     <span class='ocr_line' id='line_1_75' title="bbox 2264 2932 3867 3005; baseline 0.003 -19"><span class='ocrx_word' id='word_1_584' title='bbox 2264 2935 2481 3005; x_wconf 84' lang='lat' dir='ltr'><strong>pelagus</strong></span> <span class='ocrx_word' id='word_1_585' title='bbox 2508 2932 2858 3003; x_wconf 88' lang='lat' dir='ltr'><strong>trajiciemus.</strong></span> <span class='ocrx_word' id='word_1_586' title='bbox 2883 2933 2996 2989; x_wconf 78' lang='lat' dir='ltr'><strong>Hoc</strong></span> <span class='ocrx_word' id='word_1_587' title='bbox 3036 2934 3208 3004; x_wconf 92' lang='lat' dir='ltr'><strong>pluris</strong></span> <span class='ocrx_word' id='word_1_588' title='bbox 3237 2933 3529 3000; x_wconf 90' lang='lat' dir='ltr'><strong>faciamus,</strong></span> <span class='ocrx_word' id='word_1_589' title='bbox 3560 2951 3723 3005; x_wconf 84' lang='lat' dir='ltr'><strong>quam</strong></span> <span class='ocrx_word' id='word_1_590' title='bbox 3753 2936 3867 2991; x_wconf 88' lang='lat' dir='ltr'><strong>do-</strong></span> 
     </span>
    </p>
   </div>
   <div class='ocr_carea' id='block_1_76' title="bbox 2263 3025 3859 3096">
    <p class='ocr_par' dir='ltr' id='par_1_76' title="bbox 2263 3025 3859 3096">
     <span class='ocr_line' id='line_1_76' title="bbox 2263 3025 3859 3096; baseline 0.004 -18"><span class='ocrx_word' id='word_1_591' title='bbox 2263 3041 2432 3092; x_wconf 88' lang='lat' dir='ltr'><strong>mum,</strong></span> <span class='ocrx_word' id='word_1_592' title='bbox 2454 3025 2718 3095; x_wconf 88' lang='lat' dir='ltr'><strong>mancipia</strong></span> <span class='ocrx_word' id='word_1_593' title='bbox 2740 3066 2754 3089; x_wconf 92' lang='lat'><strong>,</strong></span> <span class='ocrx_word' id='word_1_594' title='bbox 2782 3025 3055 3095; x_wconf 85' lang='lat' dir='ltr'><strong>pecunias,</strong></span> <span class='ocrx_word' id='word_1_595' title='bbox 3084 3041 3244 3095; x_wconf 88' lang='lat' dir='ltr'><strong>agros</strong></span> <span class='ocrx_word' id='word_1_596' title='bbox 3266 3035 3319 3081; x_wconf 90' lang='lat' dir='ltr'><strong>et</strong></span> <span class='ocrx_word' id='word_1_597' title='bbox 3345 3027 3485 3096; x_wconf 89' lang='lat' dir='ltr'><strong>ipsas</strong></span> <span class='ocrx_word' id='word_1_598' title='bbox 3518 3042 3609 3082; x_wconf 89' lang='lat' dir='ltr'><strong>res</strong></span> <span class='ocrx_word' id='word_1_599' title='bbox 3636 3028 3859 3086; x_wconf 84' lang='lat' dir='ltr'><strong>civiles.</strong></span> 
     </span>
    </p>
   </div>
   <div class='ocr_carea' id='block_1_77' title="bbox 2266 3106 3860 3188">
    <p class='ocr_par' dir='ltr' id='par_1_77' title="bbox 2266 3106 3860 3188">
     <span class='ocr_line' id='line_1_77' title="bbox 2266 3106 3860 3188; baseline 0.004 -16"><span class='ocrx_word' id='word_1_600' title='bbox 2266 3117 2426 3188; x_wconf 88' lang='lat' dir='ltr'><strong>quue</strong></span> <span class='ocrx_word' id='word_1_601' title='bbox 2462 3119 2693 3173; x_wconf 88' lang='lat' dir='ltr'><strong>maxime</strong></span> <span class='ocrx_word' id='word_1_602' title='bbox 2739 3120 2979 3173; x_wconf 89' lang='lat' dir='ltr'><strong>omnium</strong></span> <span class='ocrx_word' id='word_1_603' title='bbox 3013 3121 3065 3172; x_wconf 90' lang='lat' dir='ltr'><strong>in</strong></span> <span class='ocrx_word' id='word_1_604' title='bbox 3109 3120 3283 3188; x_wconf 88' lang='lat' dir='ltr'><strong>pretio</strong></span> <span class='ocrx_word' id='word_1_605' title='bbox 3315 3106 3642 3187; x_wconf 85' lang='lat' dir='ltr'><strong>habeamus,</strong></span> <span class='ocrx_word' id='word_1_606' title='bbox 3675 3132 3735 3177; x_wconf 92' lang='lat' dir='ltr'><strong>ut</strong></span> <span class='ocrx_word' id='word_1_607' title='bbox 3763 3124 3860 3178; x_wconf 83' lang='lat' dir='ltr'><strong>illa</strong></span> 
     </span>
    </p>
   </div>
   <div class='ocr_carea' id='block_1_78' title="bbox 2265 3209 3858 3278">
    <p class='ocr_par' dir='ltr' id='par_1_78' title="bbox 2265 3209 3858 3278">
     <span class='ocr_line' id='line_1_78' title="bbox 2265 3209 3858 3278; baseline 0.004 -17"><span class='ocrx_word' id='word_1_608' title='bbox 2265 3226 2385 3278; x_wconf 62' lang='lat' dir='ltr'><strong>quae</strong></span> <span class='ocrx_word' id='word_1_609' title='bbox 2423 3209 2703 3263; x_wconf 87' lang='lat' dir='ltr'><strong>nobiscum</strong></span> <span class='ocrx_word' id='word_1_610' title='bbox 2755 3211 2806 3264; x_wconf 92' lang='lat' dir='ltr'><strong>in</strong></span> <span class='ocrx_word' id='word_1_611' title='bbox 2852 3210 3057 3263; x_wconf 67' lang='lat' dir='ltr'><strong>aedibus</strong></span> <span class='ocrx_word' id='word_1_612' title='bbox 3112 3211 3347 3277; x_wconf 90' lang='lat' dir='ltr'><strong>residet,</strong></span> <span class='ocrx_word' id='word_1_613' title='bbox 3404 3226 3509 3266; x_wconf 89' lang='lat' dir='ltr'><strong>non</strong></span> <span class='ocrx_word' id='word_1_614' title='bbox 3562 3215 3858 3267; x_wconf 85' lang='lat' dir='ltr'><strong>tumultum</strong></span> 
     </span>
    </p>
   </div>
   <div class='ocr_carea' id='block_1_79' title="bbox 2266 3298 3860 3363">
    <p class='ocr_par' dir='ltr' id='par_1_79' title="bbox 2266 3298 3860 3363">
     <span class='ocr_line' id='line_1_79' title="bbox 2266 3298 3860 3363; baseline 0.003 -9"><span class='ocrx_word' id='word_1_615' title='bbox 2266 3298 2476 3355; x_wconf 81' lang='lat' dir='ltr'><strong>iitoveat</strong></span> <span class='ocrx_word' id='word_1_616' title='bbox 2502 3340 2517 3363; x_wconf 91' lang='lat'><strong>,</strong></span> <span class='ocrx_word' id='word_1_617' title='bbox 2550 3315 2684 3355; x_wconf 83' lang='lat' dir='ltr'><strong>neve</strong></span> <span class='ocrx_word' id='word_1_618' title='bbox 2709 3316 2737 3353; x_wconf 90' lang='lat' dir='ltr'><strong>a</strong></span> <span class='ocrx_word' id='word_1_619' title='bbox 2772 3301 2925 3355; x_wconf 90' lang='lat' dir='ltr'><strong>nobis</strong></span> <span class='ocrx_word' id='word_1_620' title='bbox 2970 3302 3244 3356; x_wconf 79' lang='lat' dir='ltr'><strong>dissideat.</strong></span> <span class='ocrx_word' id='word_1_621' title='bbox 3276 3303 3351 3356; x_wconf 90' lang='lat' dir='ltr'><strong>Ita</strong></span> <span class='ocrx_word' id='word_1_622' title='bbox 3397 3304 3539 3357; x_wconf 90' lang='lat' dir='ltr'><strong>enim</strong></span> <span class='ocrx_word' id='word_1_623' title='bbox 3571 3315 3627 3358; x_wconf 92' lang='lat' dir='ltr'><strong>et</strong></span> <span class='ocrx_word' id='word_1_624' title='bbox 3649 3314 3860 3361; x_wconf 63' lang='lat' dir='ltr'><strong>caetera</strong></span> 
     </span>
    </p>
   </div>
   <div class='ocr_carea' id='block_1_80' title="bbox 2267 3390 3863 3465">
    <p class='ocr_par' dir='ltr' id='par_1_80' title="bbox 2267 3390 3863 3465">
     <span class='ocr_line' id='line_1_80' title="bbox 2267 3390 3863 3465; baseline 0.004 -21"><span class='ocrx_word' id='word_1_625' title='bbox 2267 3390 2423 3444; x_wconf 89' lang='lat' dir='ltr'><strong>nobis</strong></span> <span class='ocrx_word' id='word_1_626' title='bbox 2470 3390 2708 3444; x_wconf 89' lang='lat' dir='ltr'><strong>secundo</strong></span> <span class='ocrx_word' id='word_1_627' title='bbox 2753 3406 2921 3445; x_wconf 89' lang='lat' dir='ltr'><strong>cursu</strong></span> <span class='ocrx_word' id='word_1_628' title='bbox 2965 3394 3220 3465; x_wconf 85' lang='lat' dir='ltr'><strong>venient,</strong></span> <span class='ocrx_word' id='word_1_629' title='bbox 3268 3403 3324 3447; x_wconf 91' lang='lat' dir='ltr'><strong>et</strong></span> <span class='ocrx_word' id='word_1_630' title='bbox 3370 3396 3421 3448; x_wconf 90' lang='lat' dir='ltr'><strong>in</strong></span> <span class='ocrx_word' id='word_1_631' title='bbox 3477 3395 3863 3465; x_wconf 89' lang='lat' dir='ltr'><strong>spiritualibus</strong></span> 
     </span>
    </p>
   </div>
   <div class='ocr_carea' id='block_1_81' title="bbox 2268 3464 3859 3555">
    <p class='ocr_par' dir='ltr' id='par_1_81' title="bbox 2268 3464 3859 3555">
     <span class='ocr_line' id='line_1_81' title="bbox 2268 3464 3859 3555; baseline 0.005 -21"><span class='ocrx_word' id='word_1_632' title='bbox 2268 3481 2489 3539; x_wconf 82' lang='lat' dir='ltr'><strong>multam</strong></span> <span class='ocrx_word' id='word_1_633' title='bbox 2524 3480 2839 3536; x_wconf 91' lang='lat' dir='ltr'><strong>habebimus</strong></span> <span class='ocrx_word' id='word_1_634' title='bbox 2864 3464 3199 3550; x_wconf 83' lang='lat' dir='ltr'><strong>facilitatem,</strong></span> <span class='ocrx_word' id='word_1_635' title='bbox 3232 3486 3335 3539; x_wconf 88' lang='lat' dir='ltr'><strong>hoc</strong></span> <span class='ocrx_word' id='word_1_636' title='bbox 3357 3464 3539 3555; x_wconf 82' lang='lat' dir='ltr'><strong>jugum</strong></span> <span class='ocrx_word' id='word_1_637' title='bbox 3567 3502 3692 3541; x_wconf 90' lang='lat' dir='ltr'><strong>cum</strong></span> <span class='ocrx_word' id='word_1_638' title='bbox 3719 3502 3859 3542; x_wconf 81' lang='lat' dir='ltr'><strong>con-</strong></span> 
     </span>
    </p>
   </div>
   <div class='ocr_carea' id='block_1_82' title="bbox 2266 3572 3860 3650">
    <p class='ocr_par' dir='ltr' id='par_1_82' title="bbox 2266 3572 3860 3650">
     <span class='ocr_line' id='line_1_82' title="bbox 2266 3572 3860 3650; baseline 0.006 -24"><span class='ocrx_word' id='word_1_639' title='bbox 2266 3572 2447 3626; x_wconf 85' lang='lat' dir='ltr'><strong>cordia</strong></span> <span class='ocrx_word' id='word_1_640' title='bbox 2472 3572 2782 3639; x_wconf 88' lang='lat' dir='ltr'><strong>trahentes;</strong></span> <span class='ocrx_word' id='word_1_641' title='bbox 2824 3576 3180 3646; x_wconf 87' lang='lat' dir='ltr'><strong>omnibusque</strong></span> <span class='ocrx_word' id='word_1_642' title='bbox 3222 3578 3394 3647; x_wconf 90' lang='lat' dir='ltr'><strong>probe</strong></span> <span class='ocrx_word' id='word_1_643' title='bbox 3418 3580 3587 3646; x_wconf 79' lang='lat' dir='ltr'><strong>gestis</strong></span> <span class='ocrx_word' id='word_1_644' title='bbox 3614 3581 3860 3650; x_wconf 86' lang='lat' dir='ltr'><strong>reposita</strong></span> 
     </span>
    </p>
   </div>
   <div class='ocr_carea' id='block_1_83' title="bbox 2266 3664 3861 3739">
    <p class='ocr_par' dir='ltr' id='par_1_83' title="bbox 2266 3664 3861 3739">
     <span class='ocr_line' id='line_1_83' title="bbox 2266 3664 3861 3739; baseline 0.005 -23"><span class='ocrx_word' id='word_1_645' title='bbox 2266 3677 2657 3733; x_wconf 77' lang='lat' dir='ltr'><strong>Consequemur</strong></span> <span class='ocrx_word' id='word_1_646' title='bbox 2688 3664 2830 3719; x_wconf 89' lang='lat' dir='ltr'><strong>bona</strong></span> <span class='ocrx_word' id='word_1_647' title='bbox 2862 3684 2876 3720; x_wconf 90' lang='lat'>:</span> <span class='ocrx_word' id='word_1_648' title='bbox 2906 3682 3029 3735; x_wconf 77' lang='lat' dir='ltr'><strong>qua:</strong></span> <span class='ocrx_word' id='word_1_649' title='bbox 3055 3680 3157 3722; x_wconf 89' lang='lat' dir='ltr'><strong>nos</strong></span> <span class='ocrx_word' id='word_1_650' title='bbox 3181 3683 3373 3723; x_wconf 88' lang='lat' dir='ltr'><strong>omnes</strong></span> <span class='ocrx_word' id='word_1_651' title='bbox 3399 3670 3613 3739; x_wconf 87' lang='lat' dir='ltr'><strong>assequi</strong></span> <span class='ocrx_word' id='word_1_652' title='bbox 3638 3672 3861 3724; x_wconf 90' lang='lat' dir='ltr'><strong>contin-</strong></span> 
     </span>
    </p>
   </div>
   <div class='ocr_carea' id='block_1_84' title="bbox 2266 3756 3858 3828">
    <p class='ocr_par' dir='ltr' id='par_1_84' title="bbox 2266 3756 3858 3828">
     <span class='ocr_line' id='line_1_84' title="bbox 2266 3756 3858 3828; baseline 0.008 -25"><span class='ocrx_word' id='word_1_653' title='bbox 2266 3764 2357 3821; x_wconf 77' lang='lat' dir='ltr'><strong>gat</strong></span> <span class='ocrx_word' id='word_1_654' title='bbox 2374 3795 2390 3820; x_wconf 90' lang='lat'><strong>,</strong></span> <span class='ocrx_word' id='word_1_655' title='bbox 2414 3756 2580 3824; x_wconf 87' lang='lat' dir='ltr'><strong>gratia</strong></span> <span class='ocrx_word' id='word_1_656' title='bbox 2599 3766 2652 3810; x_wconf 90' lang='lat' dir='ltr'><strong>et</strong></span> <span class='ocrx_word' id='word_1_657' title='bbox 2677 3756 3001 3826; x_wconf 88' lang='lat' dir='ltr'><strong>benignitate</strong></span> <span class='ocrx_word' id='word_1_658' title='bbox 3024 3759 3234 3813; x_wconf 86' lang='lat' dir='ltr'><strong>Domini</strong></span> <span class='ocrx_word' id='word_1_659' title='bbox 3263 3760 3433 3814; x_wconf 89' lang='lat' dir='ltr'><strong>nostri</strong></span> <span class='ocrx_word' id='word_1_660' title='bbox 3458 3759 3589 3815; x_wconf 82' lang='lat' dir='ltr'><strong>Jesu</strong></span> <span class='ocrx_word' id='word_1_661' title='bbox 3610 3760 3858 3828; x_wconf 87' lang='lat' dir='ltr'><strong>Christi,</strong></span> 
     </span>
    </p>
   </div>
   <div class='ocr_carea' id='block_1_85' title="bbox 2268 3845 3863 3921">
    <p class='ocr_par' dir='ltr' id='par_1_85' title="bbox 2268 3845 3863 3921">
     <span class='ocr_line' id='line_1_85' title="bbox 2268 3845 3863 3921; baseline 0.008 -26"><span class='ocrx_word' id='word_1_662' title='bbox 2268 3846 2481 3913; x_wconf 89' lang='lat' dir='ltr'><strong>quicum</strong></span> <span class='ocrx_word' id='word_1_663' title='bbox 2511 3845 2653 3899; x_wconf 79' lang='lat' dir='ltr'><strong>Patri</strong></span> <span class='ocrx_word' id='word_1_664' title='bbox 2704 3861 2915 3917; x_wconf 89' lang='lat' dir='ltr'><strong>unaque</strong></span> <span class='ocrx_word' id='word_1_665' title='bbox 2944 3848 3167 3918; x_wconf 90' lang='lat' dir='ltr'><strong>Spiritui</strong></span> <span class='ocrx_word' id='word_1_666' title='bbox 3216 3858 3405 3906; x_wconf 85' lang='lat' dir='ltr'><strong>sancto</strong></span> <span class='ocrx_word' id='word_1_667' title='bbox 3443 3850 3615 3920; x_wconf 87' lang='lat' dir='ltr'><strong>gloria</strong></span> <span class='ocrx_word' id='word_1_668' title='bbox 3636 3893 3655 3917; x_wconf 89' lang='lat'><strong>,</strong></span> <span class='ocrx_word' id='word_1_669' title='bbox 3684 3852 3863 3921; x_wconf 82' lang='lat' dir='ltr'><strong>impe-</strong></span> 
     </span>
    </p>
   </div>
   <div class='ocr_carea' id='block_1_86' title="bbox 2268 3935 3860 4011">
    <p class='ocr_par' dir='ltr' id='par_1_86' title="bbox 2268 3935 3860 4011">
     <span class='ocr_line' id='line_1_86' title="bbox 2268 3935 3860 4011; baseline 0.008 -22"><span class='ocrx_word' id='word_1_670' title='bbox 2268 3937 2437 3999; x_wconf 82' lang='lat' dir='ltr'><strong>rium,</strong></span> <span class='ocrx_word' id='word_1_671' title='bbox 2467 3935 2675 4004; x_wconf 87' lang='lat' dir='ltr'><strong>honor,</strong></span> <span class='ocrx_word' id='word_1_672' title='bbox 2709 3953 2853 3994; x_wconf 92' lang='lat' dir='ltr'><strong>nunc</strong></span> <span class='ocrx_word' id='word_1_673' title='bbox 2876 3949 2931 3995; x_wconf 90' lang='lat' dir='ltr'><strong>et</strong></span> <span class='ocrx_word' id='word_1_674' title='bbox 2958 3955 3173 4011; x_wconf 89' lang='lat' dir='ltr'><strong>semper</strong></span> <span class='ocrx_word' id='word_1_675' title='bbox 3192 3982 3207 4006; x_wconf 86' lang='lat'><strong>,</strong></span> <span class='ocrx_word' id='word_1_676' title='bbox 3234 3942 3367 3997; x_wconf 90' lang='lat' dir='ltr'><strong>etin</strong></span> <span class='ocrx_word' id='word_1_677' title='bbox 3396 3943 3595 3999; x_wconf 62' lang='lat' dir='ltr'><strong>sacula</strong></span> <span class='ocrx_word' id='word_1_678' title='bbox 3624 3946 3860 4001; x_wconf 70' lang='lat' dir='ltr'><strong>saeculo—</strong></span> 
     </span>
    </p>
   </div>
   <div class='ocr_carea' id='block_1_87' title="bbox 2268 4032 2638 4083">
    <p class='ocr_par' dir='ltr' id='par_1_87' title="bbox 2268 4032 2638 4083">
     <span class='ocr_line' id='line_1_87' title="bbox 2268 4032 2638 4083; baseline 0.008 -3"><span class='ocrx_word' id='word_1_679' title='bbox 2268 4041 2408 4080; x_wconf 88' lang='lat' dir='ltr'><strong>rum.</strong></span> <span class='ocrx_word' id='word_1_680' title='bbox 2448 4032 2638 4083; x_wconf 82' lang='lat' dir='ltr'><strong>Amen.</strong></span> 
     </span>
    </p>
   </div>
   <div class='ocr_carea' id='block_1_88' title="bbox 2328 4138 3867 4259">
    <p class='ocr_par' dir='ltr' id='par_1_88' title="bbox 2328 4138 3867 4259">
     <span class='ocr_line' id='line_1_88' title="bbox 2328 4138 3867 4259; baseline 0.009 -71"><span class='ocrx_word' id='word_1_681' title='bbox 2328 4138 2409 4210; x_wconf 87' lang='lat' dir='ltr'><strong>_(a)</strong></span> <span class='ocrx_word' id='word_1_682' title='bbox 2436 4142 2517 4189; x_wconf 87' lang='lat' dir='ltr'><strong>Hic</strong></span> <span class='ocrx_word' id='word_1_683' title='bbox 2538 4141 2603 4190; x_wconf 90' lang='lat' dir='ltr'><strong>de</strong></span> <span class='ocrx_word' id='word_1_684' title='bbox 2617 4149 2841 4216; x_wconf 61' lang='lat' dir='ltr'><strong>sacrate,</strong></span> <span class='ocrx_word' id='word_1_685' title='bbox 2866 4146 2917 4194; x_wconf 91' lang='lat' dir='ltr'><strong>ni</strong></span> <span class='ocrx_word' id='word_1_686' title='bbox 2939 4144 3096 4219; x_wconf 76' lang='lat' dir='ltr'><strong>fallor,</strong></span> <span class='ocrx_word' id='word_1_687' title='bbox 3118 4149 3239 4209; x_wconf 84' lang='lat' dir='ltr'><strong>agit,</strong></span> <span class='ocrx_word' id='word_1_688' title='bbox 3265 4151 3350 4259; x_wconf 60' lang='lat' dir='ltr'><strong>qui</strong></span> <span class='ocrx_word' id='word_1_689' title='bbox 3368 4148 3718 4222; x_wconf 70' lang='lat' dir='ltr'><strong>frequentibus</strong></span> <span class='ocrx_word' id='word_1_690' title='bbox 3737 4151 3867 4201; x_wconf 82' lang='lat' dir='ltr'><strong>Xan-</strong></span> 
     </span>
     <span class='ocr_line' id='line_1_89' title="bbox 2328 4208 3867 4259; baseline 0.006 -9"><span class='ocrx_word' id='word_1_691' title='bbox 2328 4215 2467 4259; x_wconf 87' lang='lat' dir='ltr'><strong>Ippes</strong></span> <span class='ocrx_word' id='word_1_692' title='bbox 2489 4216 2656 4253; x_wconf 83' lang='lat' dir='ltr'><strong>uxoris</strong></span> <span class='ocrx_word' id='word_1_693' title='bbox 2673 4208 2851 4259; x_wconf 65' lang='lat' dir='ltr'><strong>iurgiis</strong></span> <span class='ocrx_word' id='word_1_694' title='bbox 2869 4210 3247 4259; x_wconf 76' lang='lat' dir='ltr'><strong>exemtabatur.</strong></span> <span class='ocrx_word' id='word_1_695' title='bbox 3317 4212 3403 4259; x_wconf 85' lang='lat' dir='ltr'><strong>ide</strong></span> <span class='ocrx_word' id='word_1_696' title='bbox 3423 4209 3703 4259; x_wconf 68' lang='lat' dir='ltr'><strong>Dtoaenem</strong></span> <span class='ocrx_word' id='word_1_697' title='bbox 3716 4216 3867 4259; x_wconf 73' lang='lat' dir='ltr'><strong>Laet-</strong></span> 
     </span>
    </p>
   </div>
   <div class='ocr_carea' id='block_1_89' title="bbox 2270 4200 3868 4315">
    <p class='ocr_par' dir='ltr' id='par_1_89' title="bbox 2270 4200 3868 4315">
     <span class='ocr_line' id='line_1_90' title="bbox 2270 4200 3868 4274; baseline 0.012 -27"><span class='ocrx_word' id='word_1_698' title='bbox 2270 4200 2467 4270; x_wconf 74' lang='lat' dir='ltr'><strong>lltippes</strong></span> <span class='ocrx_word' id='word_1_699' title='bbox 2489 4206 2656 4253; x_wconf 88' lang='lat' dir='ltr'><strong>uxoris</strong></span> <span class='ocrx_word' id='word_1_700' title='bbox 2673 4200 2851 4268; x_wconf 82' lang='lat' dir='ltr'><strong>jurgiis</strong></span> <span class='ocrx_word' id='word_1_701' title='bbox 2869 4200 3247 4260; x_wconf 59' lang='lat' dir='ltr'><strong>exercitabai&#39;ur&#39;.</strong></span> <span class='ocrx_word' id='word_1_702' title='bbox 3272 4200 3403 4261; x_wconf 58' lang='lat' dir='ltr'><strong>Vide</strong></span> <span class='ocrx_word' id='word_1_703' title='bbox 3423 4200 3868 4274; x_wconf 17' lang='lat' dir='ltr'><strong>Diosc-hemimet-</strong></span> 
     </span>
     <span class='ocr_line' id='line_1_91' title="bbox 2273 4264 2701 4315; baseline 0.012 -7"><span class='ocrx_word' id='word_1_704' title='bbox 2273 4268 2396 4309; x_wconf 83' lang='lat' dir='ltr'><strong>ltum</strong></span> <span class='ocrx_word' id='word_1_705' title='bbox 2419 4264 2467 4312; x_wconf 84' lang='lat' dir='ltr'><strong>in</strong></span> <span class='ocrx_word' id='word_1_706' title='bbox 2489 4271 2701 4315; x_wconf 86' lang='lat' dir='ltr'><strong>Socrate.</strong></span> 
     </span>
    </p>
   </div>
   <div class='ocr_carea' id='block_1_90' title="bbox 581 4343 3869 4417">
    <p class='ocr_par' dir='ltr' id='par_1_90' title="bbox 581 4343 3869 4417">
     <span class='ocr_line' id='line_1_92' title="bbox 581 4343 3869 4417; baseline 0.003 -56"><span class='ocrx_word' id='word_1_707' title='bbox 581 4343 3869 4417; x_wconf 31' lang='lat'><strong>_______+_____§___________</strong></span> 
     </span>
    </p>
   </div>
   <div class='ocr_carea' id='block_1_91' title="bbox 1888 4450 2693 4529">
    <p class='ocr_par' dir='ltr' id='par_1_91' title="bbox 1888 4450 2693 4529">
     <span class='ocr_line' id='line_1_93' title="bbox 1888 4450 2693 4529; baseline 0.017 -14"><span class='ocrx_word' id='word_1_708' title='bbox 1888 4450 2233 4519; x_wconf 79' lang='lat' dir='ltr'><strong>HOMILIA</strong></span> <span class='ocrx_word' id='word_1_709' title='bbox 2276 4460 2538 4529; x_wconf 80' lang='lat' dir='ltr'><strong>XXVII.</strong></span> <span class='ocrx_word' id='word_1_710' title='bbox 2690 4486 2693 4487; x_wconf 70' lang='lat'><strong><em>&#39;</em></strong></span> 
     </span>
    </p>
   </div>
   <div class='ocr_carea' id='block_1_92' title="bbox 579 4569 2165 4667">
    <p class='ocr_par' dir='ltr' id='par_1_92' title="bbox 579 4569 2165 4667">
     <span class='ocr_line' id='line_1_94' title="bbox 579 4569 2165 4667; baseline 0.018 -44"><span class='ocrx_word' id='word_1_711' title='bbox 579 4569 708 4626; x_wconf 74' lang='lat' dir='ltr'><strong>CAP.</strong></span> <span class='ocrx_word' id='word_1_712' title='bbox 734 4572 820 4626; x_wconf 85' lang='lat' dir='ltr'><strong>ll.</strong></span> <span class='ocrx_word' id='word_1_713' title='bbox 850 4589 901 4626; x_wconf 90' lang='lat' dir='ltr'><strong>v.</strong></span> <span class='ocrx_word' id='word_1_714' title='bbox 932 4575 1020 4630; x_wconf 79' lang='grc' dir='ltr'><strong>Π.</strong></span> <span class='ocrx_word' id='word_1_715' title='bbox 1054 4574 1164 4631; x_wconf 85' lang='lat' dir='ltr'><strong>Hoc</strong></span> <span class='ocrx_word' id='word_1_716' title='bbox 1191 4589 1358 4634; x_wconf 83' lang='lat' dir='ltr'><strong>autem</strong></span> <span class='ocrx_word' id='word_1_717' title='bbox 1385 4585 1703 4655; x_wconf 72' lang='lat' dir='ltr'><strong>prwcipiens,</strong></span> <span class='ocrx_word' id='word_1_718' title='bbox 1732 4605 1832 4644; x_wconf 87' lang='lat' dir='ltr'><strong>non</strong></span> <span class='ocrx_word' id='word_1_719' title='bbox 1858 4591 2011 4648; x_wconf 85' lang='lat' dir='ltr'><strong>laudo</strong></span> <span class='ocrx_word' id='word_1_720' title='bbox 2029 4598 2165 4667; x_wconf 79' lang='lat' dir='ltr'><strong>quod</strong></span> 
     </span>
    </p>
   </div>
   <div class='ocr_carea' id='block_1_93' title="bbox 756 4667 1983 4739">
    <p class='ocr_par' dir='ltr' id='par_1_93' title="bbox 756 4667 1983 4739">
     <span class='ocr_line' id='line_1_95' title="bbox 756 4667 1983 4739; baseline 0.02 -24"><span class='ocrx_word' id='word_1_721' title='bbox 756 4680 861 4717; x_wconf 81' lang='lat' dir='ltr'><strong>non</strong></span> <span class='ocrx_word' id='word_1_722' title='bbox 888 4667 941 4719; x_wconf 85' lang='lat' dir='ltr'><strong>in</strong></span> <span class='ocrx_word' id='word_1_723' title='bbox 971 4668 1151 4723; x_wconf 83' lang='lat' dir='ltr'><strong>melius</strong></span> <span class='ocrx_word' id='word_1_724' title='bbox 1169 4712 1183 4736; x_wconf 92' lang='lat'><strong>,</strong></span> <span class='ocrx_word' id='word_1_725' title='bbox 1214 4674 1303 4726; x_wconf 77' lang='lat' dir='ltr'><strong>sed</strong></span> <span class='ocrx_word' id='word_1_726' title='bbox 1333 4674 1386 4727; x_wconf 83' lang='lat' dir='ltr'><strong>in</strong></span> <span class='ocrx_word' id='word_1_727' title='bbox 1416 4675 1633 4731; x_wconf 72' lang='lat' dir='ltr'><strong>deterius</strong></span> <span class='ocrx_word' id='word_1_728' title='bbox 1658 4686 1983 4739; x_wconf 79' lang='lat' dir='ltr'><strong>conveniatis.</strong></span> 
     </span>
    </p>
   </div>
   <div class='ocr_carea' id='block_1_94' title="bbox 654 4754 2164 4836">
    <p class='ocr_par' dir='ltr' id='par_1_94' title="bbox 654 4754 2164 4836">
     <span class='ocr_line' id='line_1_96' title="bbox 654 4754 2164 4836; baseline 0.02 -28"><span class='ocrx_word' id='word_1_729' title='bbox 654 4755 703 4808; x_wconf 83' lang='lat' dir='ltr'><strong>l.</strong></span> <span class='ocrx_word' id='word_1_730' title='bbox 734 4754 965 4812; x_wconf 80' lang='lat' dir='ltr'><strong>Necesse</strong></span> <span class='ocrx_word' id='word_1_731' title='bbox 1000 4769 1083 4814; x_wconf 92' lang='lat' dir='ltr'><strong>est</strong></span> <span class='ocrx_word' id='word_1_732' title='bbox 1107 4765 1267 4816; x_wconf 86' lang='lat' dir='ltr'><strong>etiam</strong></span> <span class='ocrx_word' id='word_1_733' title='bbox 1310 4771 1589 4834; x_wconf 63' lang='lat' dir='ltr'><strong>prmseutis</strong></span> <span class='ocrx_word' id='word_1_734' title='bbox 1614 4772 1855 4829; x_wconf 87' lang='lat' dir='ltr'><strong>criminis</strong></span> <span class='ocrx_word' id='word_1_735' title='bbox 1884 4791 1979 4832; x_wconf 87' lang='lat' dir='ltr'><strong>seu</strong></span> <span class='ocrx_word' id='word_1_736' title='bbox 2006 4793 2164 4836; x_wconf 90' lang='lat' dir='ltr'><strong>accu-</strong></span> 
     </span>
    </p>
   </div>
   <div class='ocr_carea' id='block_1_95' title="bbox 570 4847 2162 4937">
    <p class='ocr_par' dir='ltr' id='par_1_95' title="bbox 570 4847 2162 4937">
     <span class='ocr_line' id='line_1_97' title="bbox 570 4847 2162 4937; baseline 0.021 -41"><span class='ocrx_word' id='word_1_737' title='bbox 570 4847 804 4929; x_wconf 77' lang='lat' dir='ltr'><strong>sationis</strong></span> <span class='ocrx_word' id='word_1_738' title='bbox 836 4851 983 4917; x_wconf 84' lang='lat' dir='ltr'><strong>prius</strong></span> <span class='ocrx_word' id='word_1_739' title='bbox 1012 4866 1225 4909; x_wconf 90' lang='lat' dir='ltr'><strong>causam</strong></span> <span class='ocrx_word' id='word_1_740' title='bbox 1265 4855 1444 4913; x_wconf 90' lang='lat' dir='ltr'><strong>dicere</strong></span> <span class='ocrx_word' id='word_1_741' title='bbox 1476 4878 1490 4912; x_wconf 87' lang='lat'><strong>:</strong></span> <span class='ocrx_word' id='word_1_742' title='bbox 1522 4860 1593 4915; x_wconf 91' lang='lat' dir='ltr'><strong>ita</strong></span> <span class='ocrx_word' id='word_1_743' title='bbox 1622 4865 1764 4920; x_wconf 93' lang='lat' dir='ltr'><strong>enim</strong></span> <span class='ocrx_word' id='word_1_744' title='bbox 1793 4882 1914 4937; x_wconf 74' lang='lat' dir='ltr'><strong>qua:</strong></span> <span class='ocrx_word' id='word_1_745' title='bbox 1937 4869 2162 4929; x_wconf 85' lang='lat' dir='ltr'><strong>dicenda</strong></span> 
     </span>
    </p>
   </div>
   <div class='ocr_carea' id='block_1_96' title="bbox 528 5212 2163 5304">
    <p class='ocr_par' dir='ltr' id='par_1_96' title="bbox 528 5212 2163 5304">
     <span class='ocr_line' id='line_1_98' title="bbox 528 5212 2163 5304; baseline 0.018 -42"><span class='ocrx_word' id='word_1_746' title='bbox 528 5216 531 5219; x_wconf 86' lang='lat'>&#39;</span> <span class='ocrx_word' id='word_1_747' title='bbox 580 5212 925 5304; x_wconf 80' lang='lat' dir='ltr'><strong>possidebant</strong></span> <span class='ocrx_word' id='word_1_748' title='bbox 954 5234 967 5267; x_wconf 89' lang='lat'><strong>:</strong></span> <span class='ocrx_word' id='word_1_749' title='bbox 994 5218 1071 5272; x_wconf 88' lang='lat' dir='ltr'><strong>sic</strong></span> <span class='ocrx_word' id='word_1_750' title='bbox 1096 5220 1255 5274; x_wconf 90' lang='lat' dir='ltr'><strong>etiam</strong></span> <span class='ocrx_word' id='word_1_751' title='bbox 1286 5221 1399 5277; x_wconf 83' lang='lat' dir='ltr'><strong>fieri</strong></span> <span class='ocrx_word' id='word_1_752' title='bbox 1426 5224 1634 5280; x_wconf 89' lang='lat' dir='ltr'><strong>solebat</strong></span> <span class='ocrx_word' id='word_1_753' title='bbox 1657 5243 1777 5283; x_wconf 91' lang='lat' dir='ltr'><strong>cum</strong></span> <span class='ocrx_word' id='word_1_754' title='bbox 1807 5230 1921 5286; x_wconf 68' lang='lat' dir='ltr'><strong>haec</strong></span> <span class='ocrx_word' id='word_1_755' title='bbox 1948 5236 2163 5304; x_wconf 83' lang='lat' dir='ltr'><strong>scripsit</strong></span> 
     </span>
    </p>
   </div>
   <div class='ocr_carea' id='block_1_97' title="bbox 578 5302 2160 5392">
    <p class='ocr_par' dir='ltr' id='par_1_97' title="bbox 578 5302 2160 5392">
     <span class='ocr_line' id='line_1_99' title="bbox 578 5302 2160 5392; baseline 0.017 -39"><span class='ocrx_word' id='word_1_756' title='bbox 578 5302 899 5369; x_wconf 81' lang='lat' dir='ltr'><strong>Apostolus;</strong></span> <span class='ocrx_word' id='word_1_757' title='bbox 932 5314 1105 5360; x_wconf 88' lang='lat' dir='ltr'><strong>atnon</strong></span> <span class='ocrx_word' id='word_1_758' title='bbox 1130 5325 1253 5364; x_wconf 92' lang='lat' dir='ltr'><strong>cum</strong></span> <span class='ocrx_word' id='word_1_759' title='bbox 1278 5321 1422 5365; x_wconf 90' lang='lat' dir='ltr'><strong>tanta</strong></span> <span class='ocrx_word' id='word_1_760' title='bbox 1449 5319 1808 5385; x_wconf 87' lang='lat' dir='ltr'><strong>accuratione,</strong></span> <span class='ocrx_word' id='word_1_761' title='bbox 1832 5321 1924 5376; x_wconf 86' lang='lat' dir='ltr'><strong>sed</strong></span> <span class='ocrx_word' id='word_1_762' title='bbox 1948 5302 2160 5392; x_wconf 89' lang='lat' dir='ltr'><strong>quidam</strong></span> 
     </span>
    </p>
   </div>
   <div class='ocr_carea' id='block_1_98' title="bbox 580 5389 2160 5483">
    <p class='ocr_par' dir='ltr' id='par_1_98' title="bbox 580 5389 2160 5483">
     <span class='ocr_line' id='line_1_100' title="bbox 580 5389 2160 5483; baseline 0.017 -42"><span class='ocrx_word' id='word_1_763' title='bbox 580 5389 741 5444; x_wconf 87' lang='lat' dir='ltr'><strong>veluti</strong></span> <span class='ocrx_word' id='word_1_764' title='bbox 769 5392 950 5449; x_wconf 81' lang='lat' dir='ltr'><strong>ﬂuxus</strong></span> <span class='ocrx_word' id='word_1_765' title='bbox 971 5395 1112 5451; x_wconf 90' lang='lat' dir='ltr'><strong>illius</strong></span> <span class='ocrx_word' id='word_1_766' title='bbox 1138 5401 1293 5465; x_wconf 87' lang='lat' dir='ltr'><strong>prisci</strong></span> <span class='ocrx_word' id='word_1_767' title='bbox 1320 5406 1576 5458; x_wconf 90' lang='lat' dir='ltr'><strong>consortii</strong></span> <span class='ocrx_word' id='word_1_768' title='bbox 1608 5412 1863 5464; x_wconf 89' lang='lat' dir='ltr'><strong>remansit</strong></span> <span class='ocrx_word' id='word_1_769' title='bbox 1887 5421 1942 5466; x_wconf 92' lang='lat' dir='ltr'><strong>et</strong></span> <span class='ocrx_word' id='word_1_770' title='bbox 1967 5389 2035 5466; x_wconf 79' lang='lat' dir='ltr'><strong>ad</strong></span> <span class='ocrx_word' id='word_1_771' title='bbox 2062 5431 2160 5483; x_wconf 84' lang='lat' dir='ltr'><strong>po-</strong></span> 
     </span>
    </p>
   </div>
   <div class='ocr_carea' id='block_1_99' title="bbox 578 5483 2160 5575">
    <p class='ocr_par' dir='ltr' id='par_1_99' title="bbox 578 5483 2160 5575">
     <span class='ocr_line' id='line_1_101' title="bbox 578 5483 2160 5575; baseline 0.017 -42"><span class='ocrx_word' id='word_1_772' title='bbox 578 5491 753 5535; x_wconf 88' lang='lat' dir='ltr'><strong>steros</strong></span> <span class='ocrx_word' id='word_1_773' title='bbox 777 5483 1070 5541; x_wconf 88' lang='lat' dir='ltr'><strong>descendit.</strong></span> <span class='ocrx_word' id='word_1_774' title='bbox 1103 5489 1235 5554; x_wconf 79' lang='lat' dir='ltr'><strong>Quia</strong></span> <span class='ocrx_word' id='word_1_775' title='bbox 1265 5508 1392 5549; x_wconf 85' lang='lat' dir='ltr'><strong>vero</strong></span> <span class='ocrx_word' id='word_1_776' title='bbox 1420 5495 1762 5566; x_wconf 86' lang='lat' dir='ltr'><strong>contingebat</strong></span> <span class='ocrx_word' id='word_1_777' title='bbox 1790 5500 1924 5556; x_wconf 91' lang='lat' dir='ltr'><strong>alios</strong></span> <span class='ocrx_word' id='word_1_778' title='bbox 1961 5520 2160 5575; x_wconf 88' lang='lat' dir='ltr'><strong>paupe-</strong></span> 
     </span>
    </p>
   </div>
   <div class='ocr_carea' id='block_1_100' title="bbox 579 5574 2163 5668">
    <p class='ocr_par' dir='ltr' id='par_1_100' title="bbox 579 5574 2163 5668">
     <span class='ocr_line' id='line_1_102' title="bbox 579 5574 2163 5668; baseline 0.017 -42"><span class='ocrx_word' id='word_1_779' title='bbox 579 5588 685 5636; x_wconf 86' lang='lat' dir='ltr'><strong>res,</strong></span> <span class='ocrx_word' id='word_1_780' title='bbox 708 5574 842 5631; x_wconf 90' lang='lat' dir='ltr'><strong>alios</strong></span> <span class='ocrx_word' id='word_1_781' title='bbox 867 5576 1059 5635; x_wconf 81' lang='lat' dir='ltr'><strong>divites</strong></span> <span class='ocrx_word' id='word_1_782' title='bbox 1084 5596 1221 5646; x_wconf 91' lang='lat' dir='ltr'><strong>esse,</strong></span> <span class='ocrx_word' id='word_1_783' title='bbox 1246 5599 1341 5639; x_wconf 89' lang='lat' dir='ltr'><strong>sua</strong></span> <span class='ocrx_word' id='word_1_784' title='bbox 1365 5587 1543 5642; x_wconf 90' lang='lat' dir='ltr'><strong>omnia</strong></span> <span class='ocrx_word' id='word_1_785' title='bbox 1569 5604 1677 5643; x_wconf 93' lang='lat' dir='ltr'><strong>non</strong></span> <span class='ocrx_word' id='word_1_786' title='bbox 1703 5590 1755 5644; x_wconf 94' lang='lat' dir='ltr'><strong>in</strong></span> <span class='ocrx_word' id='word_1_787' title='bbox 1783 5594 2013 5649; x_wconf 90' lang='lat' dir='ltr'><strong>medium</strong></span> <span class='ocrx_word' id='word_1_788' title='bbox 2041 5574 2163 5668; x_wconf 83' lang='lat' dir='ltr'><strong>pro-</strong></span> 
     </span>
    </p>
   </div>
   <div class='ocr_carea' id='block_1_101' title="bbox 580 5661 2158 5750">
    <p class='ocr_par' dir='ltr' id='par_1_101' title="bbox 580 5661 2158 5750">
     <span class='ocr_line' id='line_1_103' title="bbox 580 5661 2158 5750; baseline 0.02 -36"><span class='ocrx_word' id='word_1_789' title='bbox 580 5661 855 5735; x_wconf 81' lang='lat' dir='ltr'><strong>ferebant;</strong></span> <span class='ocrx_word' id='word_1_790' title='bbox 882 5684 1194 5731; x_wconf 89' lang='lat' dir='ltr'><strong>communes</strong></span> <span class='ocrx_word' id='word_1_791' title='bbox 1222 5683 1397 5732; x_wconf 88' lang='lat' dir='ltr'><strong>autem</strong></span> <span class='ocrx_word' id='word_1_792' title='bbox 1420 5681 1743 5750; x_wconf 88' lang='lat' dir='ltr'><strong>apparabant</strong></span> <span class='ocrx_word' id='word_1_793' title='bbox 1769 5699 1980 5741; x_wconf 90' lang='lat' dir='ltr'><strong>mensas</strong></span> <span class='ocrx_word' id='word_1_794' title='bbox 2006 5661 2158 5744; x_wconf 75' lang='lat' dir='ltr'><strong>siatis</strong></span> 
     </span>
    </p>
   </div>
   <div class='ocr_carea' id='block_1_102' title="bbox 2268 4604 3865 4699">
    <p class='ocr_par' dir='ltr' id='par_1_102' title="bbox 2268 4604 3865 4699">
     <span class='ocr_line' id='line_1_104' title="bbox 2268 4604 3865 4699; baseline 0.018 -42"><span class='ocrx_word' id='word_1_795' title='bbox 2268 4604 2484 4671; x_wconf 90' lang='lat' dir='ltr'><strong>diebus,</strong></span> <span class='ocrx_word' id='word_1_796' title='bbox 2516 4610 2590 4663; x_wconf 92' lang='lat' dir='ltr'><strong>uti</strong></span> <span class='ocrx_word' id='word_1_797' title='bbox 2625 4627 2720 4681; x_wconf 92' lang='lat' dir='ltr'><strong>par</strong></span> <span class='ocrx_word' id='word_1_798' title='bbox 2746 4624 2897 4681; x_wconf 83' lang='lat' dir='ltr'><strong>erat,</strong></span> <span class='ocrx_word' id='word_1_799' title='bbox 2924 4626 2980 4671; x_wconf 91' lang='lat' dir='ltr'><strong>et</strong></span> <span class='ocrx_word' id='word_1_800' title='bbox 3006 4629 3217 4686; x_wconf 88' lang='lat' dir='ltr'><strong>peracta</strong></span> <span class='ocrx_word' id='word_1_801' title='bbox 3247 4622 3434 4692; x_wconf 87' lang='lat' dir='ltr'><strong>synaxi</strong></span> <span class='ocrx_word' id='word_1_802' title='bbox 3456 4664 3470 4685; x_wconf 90' lang='lat'><strong>,</strong></span> <span class='ocrx_word' id='word_1_803' title='bbox 3504 4634 3627 4694; x_wconf 92' lang='lat' dir='ltr'><strong>post</strong></span> <span class='ocrx_word' id='word_1_804' title='bbox 3657 4637 3865 4699; x_wconf 81' lang='lat' dir='ltr'><strong>myste-</strong></span> 
     </span>
    </p>
   </div>
   <div class='ocr_carea' id='block_1_103' title="bbox 2269 4696 3863 4776">
    <p class='ocr_par' dir='ltr' id='par_1_103' title="bbox 2269 4696 3863 4776">
     <span class='ocr_line' id='line_1_105' title="bbox 2269 4696 3863 4776; baseline 0.017 -27"><span class='ocrx_word' id='word_1_805' title='bbox 2269 4696 2468 4752; x_wconf 91' lang='lat' dir='ltr'><strong>riorum</strong></span> <span class='ocrx_word' id='word_1_806' title='bbox 2495 4704 2928 4763; x_wconf 86' lang='lat' dir='ltr'><strong>communionem</strong></span> <span class='ocrx_word' id='word_1_807' title='bbox 2952 4707 3006 4761; x_wconf 90' lang='lat' dir='ltr'><strong>in</strong></span> <span class='ocrx_word' id='word_1_808' title='bbox 3032 4723 3318 4767; x_wconf 90' lang='lat' dir='ltr'><strong>commune</strong></span> <span class='ocrx_word' id='word_1_809' title='bbox 3342 4726 3534 4770; x_wconf 90' lang='lat' dir='ltr'><strong>omnes</strong></span> <span class='ocrx_word' id='word_1_810' title='bbox 3554 4696 3863 4776; x_wconf 80' lang='lat' dir='ltr'><strong>convivium</strong></span> 
     </span>
    </p>
   </div>
   <div class='ocr_carea' id='block_1_104' title="bbox 2268 4789 3865 4880">
    <p class='ocr_par' dir='ltr' id='par_1_104' title="bbox 2268 4789 3865 4880">
     <span class='ocr_line' id='line_1_106' title="bbox 2268 4789 3865 4880; baseline 0.015 -40"><span class='ocrx_word' id='word_1_811' title='bbox 2268 4789 2570 4880; x_wconf 78' lang='lat' dir='ltr'><strong>veniebant,</strong></span> <span class='ocrx_word' id='word_1_812' title='bbox 2600 4792 2853 4849; x_wconf 83' lang='lat' dir='ltr'><strong>divitibus</strong></span> <span class='ocrx_word' id='word_1_813' title='bbox 2881 4798 3030 4853; x_wconf 83' lang='lat' dir='ltr'><strong>cibos</strong></span> <span class='ocrx_word' id='word_1_814' title='bbox 3056 4814 3183 4855; x_wconf 90' lang='lat' dir='ltr'><strong>suos</strong></span> <span class='ocrx_word' id='word_1_815' title='bbox 3212 4801 3583 4870; x_wconf 83' lang='lat' dir='ltr'><strong>all&#39;erentibus,</strong></span> <span class='ocrx_word' id='word_1_816' title='bbox 3615 4811 3865 4880; x_wconf 82' lang='lat' dir='ltr'><strong>pauperi-</strong></span> 
     </span>
    </p>
   </div>
   <div class='ocr_carea' id='block_1_105' title="bbox 2270 4878 3862 4963">
    <p class='ocr_par' dir='ltr' id='par_1_105' title="bbox 2270 4878 3862 4963">
     <span class='ocr_line' id='line_1_107' title="bbox 2270 4878 3862 4963; baseline 0.015 -33"><span class='ocrx_word' id='word_1_817' title='bbox 2270 4878 2367 4932; x_wconf 90' lang='lat' dir='ltr'><strong>bus</strong></span> <span class='ocrx_word' id='word_1_818' title='bbox 2395 4890 2571 4934; x_wconf 92' lang='lat' dir='ltr'><strong>autem</strong></span> <span class='ocrx_word' id='word_1_819' title='bbox 2603 4890 2657 4936; x_wconf 93' lang='lat' dir='ltr'><strong>et</strong></span> <span class='ocrx_word' id='word_1_820' title='bbox 2683 4884 2816 4941; x_wconf 87' lang='lat' dir='ltr'><strong>nihil</strong></span> <span class='ocrx_word' id='word_1_821' title='bbox 2842 4887 3160 4946; x_wconf 90' lang='lat' dir='ltr'><strong>habentibus</strong></span> <span class='ocrx_word' id='word_1_822' title='bbox 3187 4893 3255 4949; x_wconf 89' lang='lat' dir='ltr'><strong>ab</strong></span> <span class='ocrx_word' id='word_1_823' title='bbox 3286 4894 3416 4963; x_wconf 89' lang='lat' dir='ltr'><strong>ipsis</strong></span> <span class='ocrx_word' id='word_1_824' title='bbox 3444 4896 3704 4954; x_wconf 86' lang='lat' dir='ltr'><strong>divitibus</strong></span> <span class='ocrx_word' id='word_1_825' title='bbox 3723 4878 3862 4954; x_wconf 81' lang='lat' dir='ltr'><strong>invi-</strong></span> 
     </span>
    </p>
   </div>
   <div class='ocr_carea' id='block_1_106' title="bbox 2269 4971 3860 5061">
    <p class='ocr_par' dir='ltr' id='par_1_106' title="bbox 2269 4971 3860 5061">
     <span class='ocr_line' id='line_1_108' title="bbox 2269 4971 3860 5061; baseline 0.014 -38"><span class='ocrx_word' id='word_1_826' title='bbox 2269 4971 2424 5035; x_wconf 90' lang='lat' dir='ltr'><strong>tatis,</strong></span> <span class='ocrx_word' id='word_1_827' title='bbox 2460 4974 2814 5045; x_wconf 88' lang='lat' dir='ltr'><strong>omnibusque</strong></span> <span class='ocrx_word' id='word_1_828' title='bbox 2855 4979 3013 5034; x_wconf 89' lang='lat' dir='ltr'><strong>simul</strong></span> <span class='ocrx_word' id='word_1_829' title='bbox 3054 4985 3486 5042; x_wconf 82' lang='lat' dir='ltr'><strong>convivantibus.</strong></span> <span class='ocrx_word' id='word_1_830' title='bbox 3527 4988 3636 5043; x_wconf 85' lang='lat' dir='ltr'><strong>Sed</strong></span> <span class='ocrx_word' id='word_1_831' title='bbox 3674 5000 3860 5061; x_wconf 82' lang='lat' dir='ltr'><strong>postea</strong></span> 
     </span>
    </p>
   </div>
   <div class='ocr_carea' id='block_1_107' title="bbox 2269 5058 3862 5147">
    <p class='ocr_par' dir='ltr' id='par_1_107' title="bbox 2269 5058 3862 5147">
     <span class='ocr_line' id='line_1_109' title="bbox 2269 5058 3862 5147; baseline 0.016 -37"><span class='ocrx_word' id='word_1_832' title='bbox 2269 5058 2355 5112; x_wconf 88' lang='lat' dir='ltr'><strong>hic</strong></span> <span class='ocrx_word' id='word_1_833' title='bbox 2380 5076 2496 5115; x_wconf 92' lang='lat' dir='ltr'><strong>mos</strong></span> <span class='ocrx_word' id='word_1_834' title='bbox 2524 5063 2806 5120; x_wconf 91' lang='lat' dir='ltr'><strong>obsolevit.</strong></span> <span class='ocrx_word' id='word_1_835' title='bbox 2832 5070 2999 5124; x_wconf 79' lang='lat' dir='ltr'><strong>Causa</strong></span> <span class='ocrx_word' id='word_1_836' title='bbox 3027 5084 3204 5127; x_wconf 89' lang='lat' dir='ltr'><strong>autem</strong></span> <span class='ocrx_word' id='word_1_837' title='bbox 3234 5075 3351 5142; x_wconf 83' lang='lat' dir='ltr'><strong>fuit,</strong></span> <span class='ocrx_word' id='word_1_838' title='bbox 3378 5078 3521 5147; x_wconf 87' lang='lat' dir='ltr'><strong>quod</strong></span> <span class='ocrx_word' id='word_1_839' title='bbox 3545 5058 3743 5135; x_wconf 84' lang='lat' dir='ltr'><strong>divulsi</strong></span> <span class='ocrx_word' id='word_1_840' title='bbox 3773 5097 3862 5135; x_wconf 88' lang='lat' dir='ltr'><strong>es-</strong></span> 
     </span>
    </p>
   </div>
   <div class='ocr_carea' id='block_1_108' title="bbox 2267 5156 3862 5237">
    <p class='ocr_par' dir='ltr' id='par_1_108' title="bbox 2267 5156 3862 5237">
     <span class='ocr_line' id='line_1_110' title="bbox 2267 5156 3862 5237; baseline 0.014 -35"><span class='ocrx_word' id='word_1_841' title='bbox 2267 5158 2407 5215; x_wconf 88' lang='lat' dir='ltr'><strong>sent,</strong></span> <span class='ocrx_word' id='word_1_842' title='bbox 2437 5166 2499 5205; x_wconf 88' lang='lat' dir='ltr'><strong>ac</strong></span> <span class='ocrx_word' id='word_1_843' title='bbox 2528 5167 2647 5207; x_wconf 87' lang='lat' dir='ltr'><strong>sese</strong></span> <span class='ocrx_word' id='word_1_844' title='bbox 2676 5156 3043 5216; x_wconf 88' lang='lat' dir='ltr'><strong>adscriberent</strong></span> <span class='ocrx_word' id='word_1_845' title='bbox 3065 5164 3155 5218; x_wconf 87' lang='lat' dir='ltr'><strong>alii</strong></span> <span class='ocrx_word' id='word_1_846' title='bbox 3182 5165 3283 5232; x_wconf 87' lang='lat' dir='ltr'><strong>bis,</strong></span> <span class='ocrx_word' id='word_1_847' title='bbox 3315 5169 3407 5223; x_wconf 87' lang='lat' dir='ltr'><strong>alii</strong></span> <span class='ocrx_word' id='word_1_848' title='bbox 3436 5170 3562 5237; x_wconf 92' lang='lat' dir='ltr'><strong>illis,</strong></span> <span class='ocrx_word' id='word_1_849' title='bbox 3591 5172 3862 5227; x_wconf 84' lang='lat' dir='ltr'><strong>dicereut-</strong></span> 
     </span>
    </p>
   </div>
   <div class='ocr_carea' id='block_1_109' title="bbox 2266 5241 3860 5332">
    <p class='ocr_par' dir='ltr' id='par_1_109' title="bbox 2266 5241 3860 5332">
     <span class='ocr_line' id='line_1_111' title="bbox 2266 5241 3860 5332; baseline 0.019 -41"><span class='ocrx_word' id='word_1_850' title='bbox 2266 5255 2405 5332; x_wconf 89' lang='lat' dir='ltr'><strong>que,</strong></span> <span class='ocrx_word' id='word_1_851' title='bbox 2435 5241 2544 5311; x_wconf 86' lang='lat' dir='ltr'><strong>Ego</strong></span> <span class='ocrx_word' id='word_1_852' title='bbox 2572 5258 2688 5299; x_wconf 89' lang='lat' dir='ltr'><strong>sum</strong></span> <span class='ocrx_word' id='word_1_853' title='bbox 2728 5246 2885 5315; x_wconf 84' lang='lat' dir='ltr'><strong>hujus</strong></span> <span class='ocrx_word' id='word_1_854' title='bbox 2904 5293 2919 5312; x_wconf 86' lang='lat'><strong>,</strong></span> <span class='ocrx_word' id='word_1_855' title='bbox 2952 5268 3052 5322; x_wconf 88' lang='lat' dir='ltr'><strong>ego</strong></span> <span class='ocrx_word' id='word_1_856' title='bbox 3083 5256 3260 5321; x_wconf 89' lang='lat' dir='ltr'><strong>illius;</strong></span> <span class='ocrx_word' id='word_1_857' title='bbox 3291 5261 3434 5328; x_wconf 86' lang='lat' dir='ltr'><strong>quod</strong></span> <span class='ocrx_word' id='word_1_858' title='bbox 3464 5264 3743 5332; x_wconf 81' lang='lat' dir='ltr'><strong>corrigens</strong></span> <span class='ocrx_word' id='word_1_859' title='bbox 3774 5263 3860 5321; x_wconf 81' lang='lat' dir='ltr'><strong>ille</strong></span> 
     </span>
    </p>
   </div>
   <div class='ocr_carea' id='block_1_110' title="bbox 2268 5331 3857 5422">
    <p class='ocr_par' dir='ltr' id='par_1_110' title="bbox 2268 5331 3857 5422">
     <span class='ocr_line' id='line_1_112' title="bbox 2268 5331 3857 5422; baseline 0.016 -37"><span class='ocrx_word' id='word_1_860' title='bbox 2268 5331 2419 5422; x_wconf 86' lang='lat' dir='ltr'><strong>initio</strong></span> <span class='ocrx_word' id='word_1_861' title='bbox 2439 5338 2678 5402; x_wconf 71' lang='lat' dir='ltr'><strong>epistola:</strong></span> <span class='ocrx_word' id='word_1_862' title='bbox 2703 5339 2914 5396; x_wconf 89' lang='lat' dir='ltr'><strong>dicebat</strong></span> <span class='ocrx_word' id='word_1_863' title='bbox 2939 5363 2951 5397; x_wconf 91' lang='lat'>:</span> <span class='ocrx_word' id='word_1_864' title='bbox 2986 5345 3346 5417; x_wconf 65' lang='lat' dir='ltr'><strong>Signiﬁcatu»;</strong></span> <span class='ocrx_word' id='word_1_865' title='bbox 3366 5364 3445 5407; x_wconf 79' lang='lat' dir='ltr'><strong>est</strong></span> <span class='ocrx_word' id='word_1_866' title='bbox 3475 5331 3624 5417; x_wconf 75' lang='lat' dir='ltr'><strong>mihi,</strong></span> <span class='ocrx_word' id='word_1_867' title='bbox 3650 5358 3857 5422; x_wconf 67' lang='lat' dir='ltr'><strong>fratres,</strong></span> 
     </span>
    </p>
   </div>
   <div class='ocr_carea' id='block_1_111' title="bbox 2266 5421 3858 5510">
    <p class='ocr_par' dir='ltr' id='par_1_111' title="bbox 2266 5421 3858 5510">
     <span class='ocr_line' id='line_1_113' title="bbox 2266 5421 3858 5510; baseline 0.019 -38"><span class='ocrx_word' id='word_1_868' title='bbox 2266 5421 2330 5473; x_wconf 83' lang='lat' dir='ltr'><strong>de</strong></span> <span class='ocrx_word' id='word_1_869' title='bbox 2354 5422 2488 5477; x_wconf 75' lang='lat' dir='ltr'><strong>vobis</strong></span> <span class='ocrx_word' id='word_1_870' title='bbox 2514 5426 2575 5477; x_wconf 89' lang='lat' dir='ltr'><strong>ab</strong></span> <span class='ocrx_word' id='word_1_871' title='bbox 2602 5428 2664 5481; x_wconf 87' lang='lat' dir='ltr'><strong>iis</strong></span> <span class='ocrx_word' id='word_1_872' title='bbox 2688 5430 2773 5499; x_wconf 86' lang='lat' dir='ltr'><strong>qui</strong></span> <span class='ocrx_word' id='word_1_873' title='bbox 2797 5443 2916 5485; x_wconf 83' lang='lat' dir='ltr'><strong>sunt</strong></span> <span class='ocrx_word' id='word_1_874' title='bbox 2944 5434 3144 5505; x_wconf 78' lang='lat' dir='ltr'><strong>Cltlaes,</strong></span> <span class='ocrx_word' id='word_1_875' title='bbox 3176 5445 3296 5510; x_wconf 83' lang='lat' dir='ltr'><strong>quia</strong></span> <span class='ocrx_word' id='word_1_876' title='bbox 3320 5421 3666 5497; x_wconf 69' lang='lat' dir='ltr'><strong>contentiones</strong></span> <span class='ocrx_word' id='word_1_877' title='bbox 3690 5444 3747 5499; x_wconf 73' lang='lat' dir='ltr'><strong>in</strong></span> <span class='ocrx_word' id='word_1_878' title='bbox 3774 5463 3858 5501; x_wconf 66' lang='grc' dir='ltr'><strong>σοι</strong></span> 
     </span>
    </p>
   </div>
   <div class='ocr_carea' id='block_1_112' title="bbox 2265 5510 3861 5602">
    <p class='ocr_par' dir='ltr' id='par_1_112' title="bbox 2265 5510 3861 5602">
     <span class='ocr_line' id='line_1_114' title="bbox 2265 5510 3861 5602; baseline 0.018 -39"><span class='ocrx_word' id='word_1_879' title='bbox 2265 5510 2340 5565; x_wconf 84' lang='lat' dir='ltr'><strong>bis</strong></span> <span class='ocrx_word' id='word_1_880' title='bbox 2376 5525 2511 5568; x_wconf 84' lang='lat' dir='ltr'><strong>sunt.</strong></span> <span class='ocrx_word' id='word_1_881' title='bbox 2551 5516 2661 5571; x_wconf 80' lang='lat' dir='ltr'><strong>Hoc</strong></span> <span class='ocrx_word' id='word_1_882' title='bbox 2696 5530 2863 5575; x_wconf 79' lang='lat' dir='ltr'><strong>autent</strong></span> <span class='ocrx_word' id='word_1_883' title='bbox 2895 5525 3043 5593; x_wconf 84' lang='lat' dir='ltr'><strong>dico,</strong></span> <span class='ocrx_word' id='word_1_884' title='bbox 3085 5531 3223 5598; x_wconf 73' lang='lat' dir='ltr'><strong>quod</strong></span> <span class='ocrx_word' id='word_1_885' title='bbox 3261 5533 3602 5602; x_wconf 72' lang='lat' dir='ltr'><strong>unusquisque</strong></span> <span class='ocrx_word' id='word_1_886' title='bbox 3640 5546 3861 5592; x_wconf 72' lang='lat' dir='ltr'><strong>uestrum</strong></span> 
     </span>
    </p>
   </div>
   <div class='ocr_carea' id='block_1_113' title="bbox 2264 5605 3861 5699">
    <p class='ocr_par' dir='ltr' id='par_1_113' title="bbox 2264 5605 3861 5699">
     <span class='ocr_line' id='line_1_115' title="bbox 2264 5605 3861 5699; baseline 0.018 -44"><span class='ocrx_word' id='word_1_887' title='bbox 2264 5605 2397 5656; x_wconf 82' lang='lat' dir='ltr'><strong>dicat</strong></span> <span class='ocrx_word' id='word_1_888' title='bbox 2422 5606 2578 5699; x_wconf 74' lang='lat' dir='ltr'><strong>Ego</strong></span> <span class='ocrx_word' id='word_1_889' title='bbox 2611 5611 2810 5675; x_wconf 79' lang='lat' dir='ltr'><strong>quidem</strong></span> <span class='ocrx_word' id='word_1_890' title='bbox 2844 5631 2954 5670; x_wconf 85' lang='lat' dir='ltr'><strong>sum</strong></span> <span class='ocrx_word' id='word_1_891' title='bbox 2986 5618 3172 5685; x_wconf 77' lang='lat' dir='ltr'><strong>Pauli,</strong></span> <span class='ocrx_word' id='word_1_892' title='bbox 3202 5638 3293 5693; x_wconf 76' lang='lat' dir='ltr'><strong>rgo</strong></span> <span class='ocrx_word' id='word_1_893' title='bbox 3317 5634 3487 5677; x_wconf 78' lang='lat' dir='ltr'><strong>autem</strong></span> <span class='ocrx_word' id='word_1_894' title='bbox 3516 5626 3737 5691; x_wconf 73' lang='lat' dir='ltr'><strong>Apollo,</strong></span> <span class='ocrx_word' id='word_1_895' title='bbox 3769 5647 3861 5699; x_wconf 71' lang='lat' dir='ltr'><strong>ego</strong></span> 
     </span>
    </p>
   </div>
   <div class='ocr_carea' id='block_1_114' title="bbox 2265 5697 3860 5786">
    <p class='ocr_par' dir='ltr' id='par_1_114' title="bbox 2265 5697 3860 5786">
     <span class='ocr_line' id='line_1_116' title="bbox 2265 5697 3860 5786; baseline 0.021 -39"><span class='ocrx_word' id='word_1_896' title='bbox 2265 5710 2377 5748; x_wconf 75' lang='lat' dir='ltr'><strong>tero</strong></span> <span class='ocrx_word' id='word_1_897' title='bbox 2416 5697 2598 5767; x_wconf 70' lang='lat' dir='ltr'><strong>Capita:</strong></span> <span class='ocrx_word' id='word_1_898' title='bbox 2624 5702 2710 5771; x_wconf 77' lang='grc' dir='ltr'><strong>(ί.</strong></span> <span class='ocrx_word' id='word_1_899' title='bbox 2739 5704 2856 5762; x_wconf 83' lang='lat' dir='ltr'><strong>Cor.</strong></span> <span class='ocrx_word' id='word_1_900' title='bbox 2889 5709 2938 5762; x_wconf 79' lang='lat' dir='ltr'><strong>l.</strong></span> <span class='ocrx_word' id='word_1_901' title='bbox 2970 5712 3059 5765; x_wconf 78' lang='lat' dir='ltr'><strong>ll.</strong></span> <span class='ocrx_word' id='word_1_902' title='bbox 3102 5711 3227 5783; x_wconf 78' lang='lat' dir='ltr'><strong>l2).</strong></span> <span class='ocrx_word' id='word_1_903' title='bbox 3270 5712 3385 5770; x_wconf 84' lang='lat' dir='ltr'><strong>Non</strong></span> <span class='ocrx_word' id='word_1_904' title='bbox 3414 5716 3557 5786; x_wconf 85' lang='lat' dir='ltr'><strong>quod</strong></span> <span class='ocrx_word' id='word_1_905' title='bbox 3598 5717 3769 5777; x_wconf 77' lang='lat' dir='ltr'><strong>Paulo</strong></span> 
     </span>
    </p>
   </div>
  </div>
