4066 6332
195 343 310 400 99.3

199 465 426 515 ᾶπαντα
453 457 749 528 σωφρόνει,
773 457 869 511 καὶ
898 456 1037 526 μετὰ
1063 456 1266 508 τούτων
1295 457 1387 509 καὶ
1420 456 1518 525 τὴν
1550 455 1791 523 ἑσπέραν

206 541 426 609 ἐκείνην
454 542 649 605 ἐννόει,
680 541 804 593 καθ’
834 542 902 609 ἣν
928 539 1166 601 καλέσας
1198 556 1257 591 σε
1306 542 1335 591 ὁ
1375 540 1573 607 πατὴρ,
1604 535 1792 606 ὥσπερ

198 624 331 676 τινά
377 641 459 675 σοι
505 622 995 694 παρακαταθήκην.
1018 623 1117 691 τὴν
1165 621 1441 692 θυγατέρα
1485 620 1789 691 παρέδωκε,

201 708 303 759 καὶ
346 706 569 758 πάντων
604 706 942 773 ἀποστήσας,
992 705 1087 757 καὶ
1116 704 1323 772 μητρὸς
1365 704 1457 756 καὶ
1489 702 1655 755 αὐτοῦ
1699 702 1792 754 καὶ

201 787 414 850 οἰκίας,
452 787 750 857 ὁλόκληρον
799 788 971 856 αὐτῆς
1020 788 1118 855 τὴν
1151 786 1451 854 ἐπιτροπὴν
1496 784 1791 853 ἐνεχείρισέ

202 890 307 923 σου
336 873 404 941 τῇ
453 869 635 940 δεξιᾷο
668 870 920 937 ἐννόησον
946 870 1028 921 ὅτι
1058 869 1197 937 μετὰ
1232 868 1324 919 τὸν
1366 868 1496 919 Θεὸν
1526 866 1591 919 δι’
1619 866 1792 933 αὐτῆς

202 952 368 1023 [239]
405 952 601 1015 παῖδας
629 952 774 1021 ἔχεις
821 953 915 1003 καὶ
963 950 1145 1021 πατὴρ
1193 951 1443 1018 γέγονας,
1500 950 1594 1002 καὶ
1639 949 1789 1017 γίνου

202 1036 310 1089 καὶ
331 1034 583 1090 ἐντεῦθεν
608 1036 814 1105 ἥμερος
844 1034 981 1104 πρὸς
1007 1034 1197 1104 αὐτήν.

281 1180 359 1245 η’.
376 1175 489 1245 Οὐχ
503 1175 636 1245 ὁρᾷς
656 1176 781 1237 τούς
796 1175 1094 1244 γεωργοὺς,
1113 1172 1228 1237 πῶς
1246 1172 1344 1242 τὴν
1364 1170 1512 1236 άπαξ
1528 1170 1689 1223 ὐποδε
1698 1168 1790 1233 ξα-

208 1263 388 1333 μένην
410 1262 479 1315 τά
501 1263 793 1333 σπέρματα
821 1264 926 1334 γῆν
955 1261 1315 1333 θεραπεύουσι
1345 1259 1673 1329 παντοδαπῷ
1700 1259 1791 1311 θε-

209 1348 451 1419 ραπείας
490 1348 699 1417 τρόπῳ,
742 1348 846 1401 κᾶν
900 1346 1067 1415 μυρία
1114 1343 1471 1413 ἐλαττώματα
1516 1344 1636 1415 ἔχῃ,
1680 1338 1791 1396 οἷον

205 1431 319 1483 κᾶν
353 1431 714 1499 λυπρόγεωςι
739 1426 796 1499 ᾖ,
825 1428 930 1480 κᾶν
964 1427 1189 1497 βοτάνας
1216 1426 1360 1499 φέρῃ
1388 1427 1649 1495 πονηρὰς,
1684 1425 1790 1477 κᾶν

207 1512 324 1565 ὑπὸ
370 1513 678 1585 ἐπομϐρίας
723 1511 1096 1581 ἐπηρεάζηται
1127 1513 1193 1581 τῇ
1228 1510 1387 1579 φύσει
1430 1510 1529 1574 τῆς
1553 1508 1788 1572 θέσεως;

205 1595 386 1647 Τοῦτο
414 1598 509 1647 καὶ
535 1595 599 1647 σύ
622 1595 785 1648 ποίει·
808 1594 952 1647 οὔτω
973 1594 1081 1665 7&9
1109 1593 1370 1664 πρότερος
1391 1590 1673 1661 ἀπολαύσῃ
1698 1597 1794 1648 καὶ

203 1678 325 1729 τῶν
355 1678 581 1747 καρπῶν
615 1671 711 1730 καὶ
740 1677 837 1745 τῆς
866 1678 1107 1746 γαλήνης
1126 1693 1139 1705 ·
1174 1676 1269 1729 καὶ
1300 1675 1410 1745 γὰρ
1436 1674 1603 1747 λιμήν
1646 1678 1793 1731 ἐστιν

205 1765 245 1830 ἡ
278 1763 443 1831 γυνὴ,
487 1761 579 1814 καὶ
613 1762 906 1831 φάρμακον
931 1760 1196 1829 εὐθυμίας
1244 1760 1520 1828 μέγιστον,
1570 1763 1667 1814 Ἂν
1697 1762 1794 1832 μὲν

184 1841 306 1899 οὖν
341 1844 432 1896 τὸν
457 1843 651 1912 λιμένα
678 1843 1005 1913 πνευμάτων
1034 1842 1357 1917 ἀπαλλάξῃς
1383 1846 1477 1898 καὶ
1510 1847 1791 1915 κυμάτων,

205 1925 422 1995 πολὶῆς
448 1925 731 1997 ἀπολαύσῃ
760 1927 859 1995 τῆς
882 1925 1068 1983 ἁδείας
1090 1925 1155 1991 ἐξ
1183 1926 1389 1997 ἀγορᾶς
1420 1926 1585 1980 ἀνιών
1602 1944 1615 1957 ·
1644 1927 1709 1979 ἂν
1737 1925 1795 1978 δὲ

207 2009 463 2079 θορύϐων
485 2009 581 2061 καὶ
602 2009 845 2079 ταραχῆς
866 2006 1179 2081 ἐμπλήσῃς,
1205 2009 1388 2081 σαυτῷ
1415 2009 1795 2080 χαλεπώτερον

209 2090 652 2165 κατασκευάζεις
687 2091 754 2147 τι
785 2093 1063 2161 ναυάγιον.
1102 2091 1201 2144 Ίν’
1230 2088 1324 2145 οὖν
1350 2092 1510 2144 τοῦτο
1546 2092 1620 2162 μὴ
1646 2092 1797 2161 γίνη-

211 2194 335 2244 ται,
376 2172 536 2231 τοῦτο
562 2178 591 2229 δ
618 2177 764 2244 λέγω
789 2176 1030 2244 γενέσθω
1048 2192 1061 2207 ·
1090 2176 1218 2229 ὅταν
1245 2193 1299 2228 τι
1326 2175 1508 2245 συμϐῇ
1548 2175 1795 2247 λυπηρὸν

215 2260 367 2315 κατὰ
403 2260 502 2331 τὴν
532 2260 728 2324 οίκίαν,
764 2259 981 2329 ἐκείνης
1023 2257 1393 2329 ἁμαρτούσης,
1444 2256 1794 2328 παραμυθοῦ,

216 2344 316 2397 καὶ
346 2344 422 2415 μὴ
451 2344 686 2397 ἐπίτεινε
712 2342 810 2413 τὴν
836 2343 1035 2411 λύπην.
1064 2342 1182 2395 Κᾶν
1207 2341 1315 2411 7&9
1339 2340 1552 2394 ἅπαντα
1584 2342 1796 2395 ἀποϐά-

215 2427 343 2498 λῃς,
380 2426 532 2480 οῦδὲν
580 2426 959 2497 λυπηρότερον
997 2424 1092 2478 τοῦ
1128 2426 1202 2494 μὴ
1235 2426 1350 2494 μετ’
1398 2425 1612 2489 εὐνοίας
1655 2426 1797 2495 ἔχειν

219 2510 457 2576 γυναῖκα
479 2507 625 2561 ἐνδον
659 2507 1011 2561 συνοικοῦσαν
1029 2524 1043 2537 '
1087 2507 1190 2560 κᾶν
1220 2508 1401 2561 ὁτιοῦν
1432 2508 1591 2578 εἴπῃς
1616 2509 1799 2577 ἁμάρο

220 2584 398 2658 τηνμα,
434 2590 585 2641 οὐδὲν
612 2588 785 2650 οὕτως
825 2589 1209 2658 ὀδυνηρότερον
1247 2591 1411 2658 ἐρεῖς,
1453 2584 1562 2640 οἷόν
1596 2591 1710 2641 ἐστι
1739 2589 1799 2640 τὸ

222 2672 364 2743 πρὸς
383 2671 598 2741 ἐκείνην
624 2669 952 2734 στασιάζειν.
979 2673 1140 2723 Ὥστε
1165 2672 1259 2724 καὶ
1278 2671 1366 2723 διὰ
1386 2670 1556 2723 ταῦτα
1582 2674 1799 2723 πάντων

222 2755 368 2806 ἔστω
388 2752 693 2823 τιμιωτέρα
716 2755 748 2824 ἠ
779 2752 982 2824 ταύτης
1002 2755 1210 2823 ἀγάπη.
1242 2753 1303 2805 Εἰ
1329 2752 1439 2823 γάρ
1464 2752 1713 2823 ἀλλήλων
1733 2753 1800 2805 τά

225 2836 372 2906 βάρη
401 2834 482 2888 δεῖ
527 2834 837 2905 βαστάζειν,
892 2835 1071 2906 πολλῷ
1123 2836 1323 2906 μᾶλλον
1373 2837 1470 2905 τῆς
1520 2836 1794 2903 γυναικός.

226 2921 348 2974 Κᾶν
383 2922 629 2990 πένησσα
676 2916 733 2992 ᾖ,
782 2922 858 2991 μὴ
881 2920 1179 2991 ὁνειδίσῃς·
1210 2921 1335 2973 κᾶν
1379 2920 1603 2990 ἀνόητος
1630 2913 1686 2990 ᾗ,
1722 2918 1796 2989 μὴ

225 3002 556 3067 ἐπέμϐαινε,
600 3002 737 3056 ἀλλὰ
787 3002 1051 3073 ῥύθμισον
1088 3003 1289 3073 μᾶλλον
1315 3021 1327 3033 ο
1368 3004 1462 3055 καὶ
1504 3002 1611 3072 7&9
1634 3001 1803 3072 ’μέλος

223 3085 347 3137 ἐστὶ
370 3085 483 3148 σὺν,
515 3084 611 3138 καὶ
638 3085 773 3155 σὰρξ
794 3085 1044 3153 ἐγένεσθε
1075 3084 1194 3155 μία.
1236 3085 1394 3136 Ἀλλά
1425 3085 1659 3154 φλύαρός
1686 3086 1800 3136 ἐστι

225 3168 326 3219 καὶ
351 3166 584 3235 μέθυσος
614 3170 709 3220 καὶ
741 3167 976 3237 ὀργίλος.
1009 3166 1218 3221 Οὐκοῦν
1236 3166 1423 3235 ἀλγεῖν
1448 3169 1539 3220 ἐπὶ
1569 3167 1797 3231 τούτοις,

224 3253 332 3304 οὐκ
358 3250 681 3321 ὀργίζεσθαι
704 3252 828 3322 χρὴ,
877 3252 971 3305 καὶ
1012 3251 1105 3305 τὸν
1145 3251 1278 3304 Θεὸν
1316 3251 1677 3320 παρακαλεῖν,
1709 3252 1802 3322 καὶ

226 3320 518 3403 παραινεῖν
540 3335 679 3405 αὐτῇ
708 3320 811 3387 καί
849 3332 1256 3404 συμϐουλεύειν,
1283 3333 1375 3386 καὶ
1402 3335 1578 3387 πάντα
1608 3320 1796 3397 ποιεῖν,

225 3417 373 3469 ῶστε
410 3418 639 3486 ἐκκόψαι
667 3418 729 3470 τὸ
767 3418 959 3481 πάθος.
995 3419 1095 3470 ’Δν
1121 3418 1176 3470 δέ
1199 3418 1429 3489 τύπτῃς,
1470 3420 1565 3471 καὶ
1593 3419 1802 3490 ἐπιτρί-

226 3502 335 3572 ϐῃς
380 3502 442 3554 τὸ
494 3502 736 3571 νόσημα,
791 3503 852 3555 οὐ
899 3500 1294 3573 θεραπεύεται·
1363 3501 1640 3573 θρασύτης
1692 3504 1802 3575 γὰρ

226 3585 501 3655 ἐπιεικείᾳ
528 3584 736 3647 λύεται,
763 3585 862 3653 οὐχ
885 3585 1048 3655 ἑτέρᾳ
1074 3585 1390 3655 θρασύτητι.
1420 3586 1574 3638 Μετὰ
1598 3586 1802 3638 τούτων

225 3670 329 3723 καὶ
376 3668 467 3720 τὸν
512 3669 663 3738 παρὰ
702 3668 795 3721 τοῦ
843 3667 979 3721 Θεοῦ
1027 3668 1216 3738 μισθὸν
1252 3670 1441 3723 ἐννόει.
1472 3670 1641 3722 Ὅταν
1672 3672 1799 3741 7&9,

225 3754 351 3819 ἐξόν
384 3768 466 3805 σοι
489 3754 741 3822 ἐκτεμεῖν
771 3751 963 3821 αὐτὴν,
996 3753 1070 3822 μὴ
1093 3755 1253 3823 ποιῇς
1278 3751 1436 3806 τοῦτο
1467 3752 1556 3805 διά
1585 3755 1677 3807 τδν
1706 3754 1801 3807 τοῦ

225 3836 365 3888 Θεοῦ
389 3835 573 3905 φόϐον,
601 3834 737 3888 ἀλλὰ
765 3835 938 3905 φέρῃς
970 3834 1327 3905 ἐλαττώματα
1354 3835 1614 3901 τοσαῦτα,
1643 3837 1803 3890 δεδοι-

226 3920 344 3980 κὼς
372 3920 463 3970 τὸν
496 3918 591 3971 ἐπὶ
617 3918 827 3982 τούτοις
869 3918 1119 3988 κείμενον
1163 3917 1325 3989 νόμον
1379 3918 1471 3971 τὸν
1526 3919 1804 3972 κωλύοντα

225 3999 481 4054 ἐκϐαλεῖν
528 4003 783 4068 γυναῖκα,
831 4000 939 4054 κάν
976 4001 1151 4054 ὁτιοῦν
1196 4001 1294 4072 ἔχῃ
1338 4001 1569 4071 νόσημα,
1597 4003 1804 4071 ἄφατον

224 4081 374 4154 λήψῃ
424 4083 648 4154 μισθόν·
691 4084 786 4137 καί⁵
817 4084 924 4154 πρὸ
948 4083 1058 4137 τῶν
1099 4085 1306 4154 μισθῶν
1344 4085 1401 4138 δὲ
1446 4087 1515 4139 τὰ
1572 4087 1804 4157 μέγιστα

296 4216 324 4245 ⁸
350 4216 500 4277 ιιεεη
522 4215 822 4277 λεπτὸγσιος.

1182 336 1248 392 m
1287 334 1508 391 EPIST.
1552 334 1571 388 ι
1613 331 1706 387 Al)
1741 330 1901 388 con.
1938 310 2171 387 HOMIL.
2211 326 2426 383 xxvu.

3352 320 3458 374 92%

1895 450 2191 520 κερδανεῖς,
2236 447 2450 515 ἐκείνην
2477 462 2535 497 τε
2573 442 2992 511 εὐπειθεστέραν
3023 439 3465 503 κατασκευάζων,

1894 533 1987 587 καὶ
2019 531 2181 594 αὐτὸς
2213 531 2623 599 ἐπιεικέστερος
2659 527 2829 596 ταύτῃ
2859 525 3159 593 γινόμενος.

1964 615 2193 680 Λέγεται
2226 611 2356 680 γοῦν
2402 628 2487 672 τις
2520 612 2615 663 καὶ
2654 609 2762 661 τῶν
2793 606 2993 673 ἔξωθεν
3031 606 3338 673 φιλοσόφων
3372 621 3470 674 μο-

1893 695 2103 765 χθηρὰν
2145 694 2286 765 έχων
2319 697 2555 761 γυναῖκα
2605 692 2701 744 καὶ
2757 691 2995 759 φλύαρον
3045 690 3138 741 καὶ
3187 690 3465 754 πάροινον,

1893 778 2029 847 πρὸς
2067 780 2194 840 τοὺς
2232 778 2574 846 ἐρωτῶντας,
2614 775 2762 836 τίνος
2806 774 2994 824 ’ἐνεκεν
3036 769 3292 838 τοιαύτην
3326 768 3470 837 ἔχων

1892 860 2159 929 ἀνέχεται,
2212 861 2406 920 εἰπεῖν,
2448 857 2588 910 ὥστε
2640 858 2938 926 γυμνάσιον
2986 854 3079 906 καὶ
3130 852 3470 920 παλαίστραν

1892 941 2034 1010 ἔχειν
2073 941 2389 1009 φιλοσοφίας
2436 942 2527 992 ἐπὶ
2562 939 2661 1006 τῆς
2710 938 2919 999 οίκίας⁶
2963 936 3195 1004 Ἐσομαι
3221 933 3327 1001 γὰρ
3357 934 3469 993 τοῖς

1891 1023 2097 1085 λοιποῖς
2149 1023 2471 1094 πραότερος,
2519 1022 2703 1090 φησιν,
2755 1021 2813 1070 ἐν
2854 1018 3030 1087 ταύτῃ
3070 1017 3189 1069 καθ’
3224 1015 3469 1081 ἑκάστην

1892 1105 2281 1174 παιδευόμενος
2307 1105 2402 1174 τὴν
2437 1104 2672 1174 ἡμέραν.
2716 1102 3011 1171 Ἐϐοήσατε
3043 1098 3292 1170 μεγάλας
3331 1097 3468 1149 Ἀλλ’

1890 1187 2002 1255 ἐγὼ
2037 1187 2133 1239 νῦν
2172 1187 2434 1258 ὀδύρομαι
2475 1187 2636 1255 μέγα,
2685 1185 2809 1237 ὅταν
2862 1182 3123 1253 Ἕλληνες
3170 1182 3325 1251 ἡμῶν
3369 1175 3472 1233 ῶσι

1892 1270 2338 1340 φιλοσοφώτεροι,
2365 1270 2519 1337 ήμῶν
2533 1268 2641 1320 τῶν
2668 1265 3066 1320 κελευσθέντων
3090 1264 3359 1332 ἀγγέλους
3386 1281 3474 1333 μι-

1894 1352 2131 1421 μεῖσθαι,
2162 1353 2361 1422 μᾶλλον
2388 1350 2444 1403 δὲ
2472 1352 2579 1403 τῶν
2605 1348 3006 1403 κελευσθέντων
3034 1346 3196 1400 αὐτὸν
3224 1346 3316 1397 τὸν
3338 1346 3473 1399 Θεὸν

1890 1430 2090 1505 ζηλοῦν
2117 1436 2257 1490 κατὰ
2283 1436 2373 1488 τὸν
2392 1436 2492 1505 τῆς
2518 1432 2817 1494 ἐπιεικείας
2839 1432 3017 1499 λόγον.
3055 1432 3111 1483 Ὀ
3137 1431 3233 1500 μὲν
3259 1428 3353 1482 οὖν
3383 1448 3471 1498 φι-

1892 1520 2119 1587 λόσοφος
2142 1518 2359 1585 λέγεται
2398 1516 2486 1569 διά
2512 1516 2669 1568 τοῦτο
2686 1515 2925 1585 πονηράν
2955 1514 3094 1583 έχων
3128 1517 3362 1580 γυναῖκα
3395 1511 3470 1582 μὴ

1895 1601 2144 1655 ἐκϐαλεῖν
2161 1616 2174 1627 '
2202 1600 2345 1661 τινὲς
2361 1600 2417 1652 δὲ
2442 1600 2534 1651 καὶ
2557 1597 2644 1651 διὰ
2678 1597 2834 1650 τοῦτο
2854 1590 3159 1663 ἀγαγέσθαι
3182 1597 3342 1648 αὐτὸν
3369 1595 3470 1647 αὐ-

1893 1685 1990 1753 τὴν
2021 1684 2288 1750 λέγουσιν.
2326 1680 2466 1749 Ἐγὼ
2490 1680 2569 1743 δέ,
2600 1678 2787 1747 ἐπειδὴ
2812 1679 2997 1731 πολλοὶ
3021 1678 3128 1729 τῶν
3164 1677 3472 1746 ἀνθρώπων

1897 1764 2047 1837 [240]
2100 1764 2437 1834 ἀλογώτερόν
2485 1765 2590 1816 εἱσι
2646 1762 3000 1830 διακείμενοι,
3056 1757 3308 1828 παραινῶ
3373 1760 3472 1827 μὲν

1897 1848 2129 1917 ἐξαρχῆς
2163 1849 2340 1900 πάντα
2372 1847 2541 1898 ποιεῖν
2579 1845 2674 1898 καὶ
2701 1842 3021 1906 σπουδάζειν
3053 1844 3199 1903 ὃπως
3230 1842 3471 1911 εὐάρμο-

1898 1947 2021 1983 στον
2050 1929 2265 1983 λάϐοιεν
2307 1928 2549 1981 σύνοικον
2577 1927 2671 1978 καὶ
2715 1925 2894 1994 πάσης
2933 1925 3208 1992 γέμουσαν
3230 1925 3431 1993 ἀρετῆς
3453 1940 3468 1954 ’

1896 2015 1945 2065 εί
1995 2013 2051 2065 δέ
2103 2012 2344 2081 συμϐαίη
2399 2011 2743 2078 διαμαρτεῖν.
2789 2010 2895 2060 καὶ
2927 2008 3001 2077 μὴ
3044 2007 3284 2076 χρηστὴν
3335 2006 3471 2075 μηδέ

1895 2093 2126 2165 ἀνεκτὴν
2150 2094 2368 2164 νύμφην
2399 2094 2712 2159 είσαγαγεῖν
2754 2092 2834 2153 είς
2853 2090 2951 2159 τὴν
2983 2089 3177 2151 οὶκίαν,
3200 2090 3315 2141 τότε
3342 2088 3471 2156 γοῦν

1896 2178 1987 2230 τὸν
2021 2177 2306 2245 φιλόσοφον
2351 2175 2539 2229 τοῦτον
2581 2172 2798 2243 ζηλοῦν,
2847 2173 2939 2225 καὶ⁵
2970 2170 3257 2242 ῥυθμίζειν
3304 2172 3472 2240 αὐτὴν

1898 2259 2149 2323 πάντοτε,
2187 2260 2282 2312 καὶ
2318 2258 2483 2329 μηδὲν
2518 2258 2723 2309 τούτων
2758 2254 3070 2325 προτιθέναι
3094 2256 3141 2307 δ.
3204 2255 3353 2307 Ἐπεὶ
3381 2254 3473 2306 καὶ⁵

1898 2341 2158 2411 ἔμπορος,
2187 2342 2317 2410 πρὶν
2356 2341 2389 2409 ἦ
2420 2338 2557 2409 πρὸς
2579 2341 2670 2390 τὸν
2696 2337 2951 2391 κοινωνὸν
2984 2336 3254 2405 συνθήκας
3285 2336 3472 2389 θέσθαι

1896 2424 1997 2485 τάς
2036 2421 2341 2491 δυναμένας
2385 2423 2609 2491 είρήνην
2651 2421 3047 2489 πρυτανεύειν,
3098 2421 3159 2471 οὐ
3209 2419 3473 2487 πρότερον

1898 2512 2144 2577 καθέλξει
2168 2512 2229 2566 τὸ
2265 2512 2448 2565 πλοῖον
2475 2514 2557 2574 είς
2592 2511 2655 2563 τὸ
2685 2511 2938 2578 πέλαγος,
2995 2511 3115 2563 οὐδέ
3158 2510 3259 2578 τῆς
3307 2510 3473 2579 ἄλλης

1899 2594 2092 2662 ἅψεται
2132 2594 2419 2666 ἐμπορίας.
2469 2594 2576 2645 Καὶ
2635 2594 2795 2662 ἡμεῖς
2845 2592 3023 2645 τοίνυν
3074 2592 3251 2644 πάντα
3297 2594 3474 2661 πράτ-

1898 2689 2102 2739 τωμεν,
2136 2672 2274 2724 ὥστε
2302 2673 2401 2744 τὴν
2425 2672 2678 2726 κοινωνὸν
2712 2671 2811 2741 τῆς
2834 2671 2927 2724 τοῦ
2952 2672 3065 2741 βίου
3094 2670 3473 2740 πραγματείας

1900 2756 2028 2825 ἡμῖν
2054 2756 2147 2807 καὶ
2166 2754 2260 2807 τοῦ
2280 2754 2464 2808 πλοίου
2484 2754 2674 2807 τούτου
2699 2754 2837 2824 μετὰ
2858 2755 3035 2824 πάσης
3060 2753 3205 2806 ἔνδον
3224 2752 3474 2823 κατέχειν

1899 2839 1998 2905 τῆς
2021 2839 2264 2909 εἰρήνης.
2294 2838 2449 2890 Οὕτω
2469 2837 2577 2908 7&9
2601 2838 2695 2889 καὶ
2721 2837 2788 2889 τὰ
2814 2836 2947 2889 ἄλλα
2980 2838 3155 2889 πάντα
3175 2838 3302 2907 ἡμῖν
3324 2836 3476 2889 ἐσται

1902 2922 2131 2992 γαληνὰ,
2174 2923 2267 2975 καὶ
2301 2922 2437 2991 μετὰ
2483 2920 2663 2984 ἁδείας
2693 2921 2755 2973 τὸ
2793 2920 3028 2987 πέλαγος
3065 2919 3158 2972 τοῦ
3208 2922 3475 2991 παρόντος

1902 3004 2305 3076 διαδραμοῦμεν
2334 3005 2471 3074 βίου.
2499 3003 2669 3057 Τοῦτο
2696 3006 2791 3057 καὶ
2820 3003 2927 3073 πρὸ
2955 3002 3129 3065 οἰκίας
3159 3003 3252 3055 καὶ
3278 3002 3475 3072 ἀνδρα-

1904 3086 2077 3153 πόδων
2098 3088 2190 3140 καὶ
2210 3088 2509 3157 χρημάτων
2530 3086 2627 3139 καὶ
2654 3085 2841 3155 ἀγρῶν
2868 3085 2963 3137 καὶ
2991 3084 3169 3137 αὐτῶν
3194 3082 3301 3135 τῶν
3325 3084 3477 3137 πολι-

1902 3170 2071 3222 τικῶν
2104 3172 2444 3240 πραγμάτων
2477 3172 2699 3239 ἄγωμεν
2719 3184 2734 3200 ·
2780 3169 2875 3223 καὶ
2919 3168 3136 3221 πάντων
3167 3169 3299 3236 ἡμῖν
3340 3184 3476 3237 προ-

1901 3255 2186 3323 τιμότερον
2230 3254 2372 3307 ἔστω
2419 3255 2478 3305 τὸ
2520 3254 2620 3324 τὴν
2669 3252 2790 3323 μεθ’
2837 3252 2994 3323 ἡμῶν
3032 3252 3266 3305 ἐπὶτῶν
3314 3251 3477 3305 οἴκων

1902 3339 2221 3407 καθημένην
2267 3337 2343 3407 μὴ
2395 3339 2710 3400 στασιάζειν
2771 3336 2905 3406 μηδέ
2959 3336 3291 3404 διχοπατείν
3342 3334 3478 3406 πρὸς

1903 3421 2071 3489 ἡμᾶς.
2098 3420 2255 3474 Οὕτω
2278 3422 2386 3489 7&9
2403 3421 2496 3473 καὶ
2517 3420 2585 3472 τά
2603 3419 2739 3474 ἄλλα
2763 3422 2895 3489 ἡμῖν
2917 3419 3057 3471 κατὰ
3078 3418 3204 3489 ῥοῦν
3225 3418 3479 3486 ﬁge-mpm}.

1902 3506 1962 3556 ἐν
1986 3505 2097 3565 τοῖς
2126 3505 2517 3573 πνευματικοῖς
2547 3504 2604 3556 δέ
2632 3502 2830 3572 πολλὴν
2848 3493 3057 3571 ¹ἕξομεν
3085 3501 3182 3573 τὴν
3206 3499 3475 3564 εὐκολίαν,

1906 3586 2046 3656 μετὰ
2072 3588 2329 3656 ὁμονοίας
2352 3587 2444 3640 τὸν
2462 3586 2622 3655 ζυγὸν
2646 3586 2835 3640 τοῦτον
2867 3586 3116 3649 ἕλκοντες
3135 3602 3148 3617 ο
3176 3586 3269 3639 καὶ
3300 3584 3479 3638 πάντα

1904 3668 2366 3741 κατορθώσαντες,
2392 3670 2500 3723 τῶν
2528 3672 2906 3741 ἀποκειμένων
2928 3668 3321 3739 ἐπιτευξόμεθα
3342 3672 3475 3736 ἀγα·-

1905 3750 2044 3803 θῶν·
2078 3746 2153 3805 ὧν
2181 3754 2391 3821 γένοιτο
2415 3754 2622 3817 πάντας
2650 3756 2799 3825 ἡμᾶς
2838 3755 3139 3822 ἐπιτυχεῖν,
3168 3753 3350 3823 χάριτι
3383 3754 3479 3804 καὶ

1905 3834 2284 3907 φιλανθρωπίᾳ
2304 3834 2397 3888 τοῦ
2421 3836 2629 3906 Κυρίου
2677 3836 2835 3906 ἡμῶν
2867 3834 3043 3907 Ἰησοῦ
3067 3835 3325 3905 Χριστοῦ,
3358 3833 3477 3904 μεθ’

1904 3911 1965 3973 οὗ
1990 3918 2067 3989 τῷ
2095 3921 2288 3989 Πατρὶ,
2310 3920 2427 3989 ἅμα
2460 3920 2535 3989 τῷ
2562 3919 2701 3989 ἁγίῳ
2734 3919 3040 3989 Πνεῦματι,
3075 3918 3221 3982 δόξα,
3253 3918 3475 3986 κράτος,

1904 4004 2061 4072 τιμὴ,
2097 4003 2192 4057 νῦν
2218 4005 2313 4058 καὶ
2344 4007 2452 4071 ἀεὶ,
2490 4007 2580 4058 καὶ
2623 4007 2703 4069 είς
2731 4007 2854 4068 τούς
2885 4005 3087 4068 αἰῶνας
3109 4004 3215 4059 τῶν
3243 4002 3473 4057 αἰώνων.

1919 4085 2111 4156 Ἀμήν.

1970 4223 1997 4252 ¹¹
2022 4223 2195 4286 Legeba
2202 4230 2281 4273 ιω·
2310 4227 2603 4289 προστιθέναι

1647 4494 1887 4549 ΟΜΙΔΙΔ
1915 4497 2042 4551 ΚΖ’.

232 4654 416 4711 Τοῦτο
434 4654 504 4706 δὲ
527 4652 975 4723 παραγγέλλω,
1003 4655 1113 4706 οὐκ
1134 4652 1358 4707 ἐπαινῶ
1377 4655 1465 4708 ὅτι
1490 4658 1600 4710 οὐκ
1625 4658 1712 4723 εις
1736 4657 1803 4711 τὸ

353 4736 643 4813 κρεῖττον,
676 4737 811 4791 ἀλλ’
843 4738 931 4802 εις
966 4734 1033 4789 τὸ
1060 4730 1244 4805 ἧττον
1269 4737 1668 4807 συνέρχεσθε.

300 4828 369 4875 α’.
388 4821 707 4887 Ἀναγκαῖον
723 4821 815 4874 καὶ.
833 4819 928 4874 τοῦ
954 4820 1218 4891 παρόντος
1234 4821 1579 4893 ἐγκλήματος
1603 4842 1642 4875 π
1649 4824 1800 4895 ρότε-

230 4922 326 4975 ρον
350 4904 448 4973 τὴν
479 4903 661 4957 αἰτίαν
687 4907 862 4958 εἰπεῖν
895 4920 911 4932 ⁸
941 4902 1085 4957 οὕτω
1109 4905 1218 4975 γὰρ
1244 4906 1373 4975 ἡμῖν
1401 4906 1805 4978 εὐμαθέστερος

230 4985 393 5040 πάλιν
410 4984 560 5037 ἔσται
574 4987 603 5037 ὁ
626 4985 803 5054 λόγος.
824 4986 921 5049 Τίς
933 4982 1026 5039 οῦν
1046 4988 1194 5039 ἐστιν
1225 4987 1363 5058 αὕτη
1383 5006 1399 5053 ;
1421 4990 1687 5059 Καθάπερ
1713 4990 1805 5043 ἐπὶ

226 5070 339 5122 τῶν
366 5065 679 5137 τρισχιλίων
719 5068 828 5120 τῶν
872 5068 934 5132 ἐξ
973 5068 1148 5139 ἀρχῆς
1192 5061 1602 5125 πιστευσάντων
1649 5075 1802 5143 κοινῇ

230 5154 434 5213 πάντες
461 5149 764 5215 εἱστιῶντο,
797 5151 894 5205 καὶ
924 5152 1077 5206 κοινά
1097 5150 1273 5204 πάντα
1298 5153 1594 5224 ἐκέκτηντο
1616 5170 1631 5184 ο
1662 5154 1806 5207 οὕτω

231 5236 328 5291 καὶ
348 5233 470 5286 τότε
485 5232 575 5284 ὅτε
601 5230 775 5284 ταῦτα
795 5232 1035 5303 ἔγραψεν
1051 5235 1080 5287 ὁ
1109 5232 1430 5297 ’Δπόστολος
1452 5235 1684 5302 ἐγίνετο,
1705 5237 1804 5307 οὐχ

228 5318 375 5374 οὓτω
409 5316 507 5388 μὲν
555 5315 694 5386 μετὰ
727 5316 1031 5386 ἀκριϐείας,
1074 5317 1263 5387 ὥσπερ
1308 5316 1365 5369 δέ
1407 5335 1490 5381 τις
1536 5320 1805 5392 ἀπόρροια

227 5404 332 5472 τῆς
369 5400 650 5463 κοινωνίας
692 5398 909 5471 ἐκείνης
943 5401 1368 5472 ἐναπομείνασα,
1409 5403 1501 5455 καὶ
1555 5405 1637 5465 είς
1677 5404 1805 5465 τοὺς

235 5478 375 5553 μετά
412 5482 586 5536 ταῦτα
612 5479 838 5550 κατέϐη.
869 5481 981 5534 Καὶ
1022 5478 1209 5557 ἐπειδὴ
1241 5483 1519 5536 συνέϐαινε
1548 5486 1673 5548 τοὺς
1703 5488 1803 5557 μὲν

231 5571 474 5636 πένητας
498 5562 657 5629 εἶναι,
686 5565 811 5628 τους
844 5564 902 5616 δέ
929 5553 1243 5630 πλουσίους,
1273 5567 1342 5620 τά
1374 5566 1474 5636 μὲν
1502 5553 1715 5619 ἐαυτῶν
1741 5570 1801 5622 οὐ

229 5644 579 5699 κατετίθεντο
624 5646 798 5700 πάντα
851 5647 931 5707 είς
970 5644 1155 5713 μέσον,
1197 5646 1383 5710 κοινάς
1420 5648 1476 5699 δὲ
1525 5647 1805 5703 ἐποιοῦντο

226 5730 332 5791 τὰς
373 5726 657 5796 τραπέζας
698 5729 757 5781 ἐν
800 5725 1035 5797 ἡμέραις
1063 5729 1497 5797 νενομισμέναις,
1527 5730 1603 5792 ὡς
1632 5731 1801 5794 είκὸς,

230 5813 323 5869 καὶ
352 5812 454 5882 τῆς
494 5807 764 5874 συνάξεως
803 5807 1229 5881 ἀπαρτισθείσης
1271 5810 1408 5878 μετὰ
1439 5811 1537 5881 τὴν
1568 5810 1676 5866 τῶν
1704 5829 1803 5882 μυ-

1912 4658 2146 4727 στηρίων
2168 4657 2450 4711 κοινωνίαν
2470 4656 2563 4709 ἐπὶ
2592 4655 2774 4725 κοινὴν
2800 4658 3001 4724 πάντες
3023 4663 3191 4732 ᾔεσαν
3223 4661 3484 4732 εὐωχίαν..

1905 4741 2013 4793 τῶν
2051 4740 2149 4809 μὲν
2186 4740 2555 4793 πλουτούντων
2588 4743 2861 4812 φερόντων
2886 4744 2955 4797 τά
2982 4745 3271 4817 ἐδέσματα,
3296 4746 3402 4799 τῶν
3422 4743 3479 4797 δὲ

1907 4821 2217 4889 πενομένων
2244 4822 2337 4874 καὶ¹
2366 4823 2517 4875 οὐδὲν
2546 4824 2779 4892 ἐχόντων
2798 4826 2890 4876 ὑπ’
2911 4827 3089 4879 αὐτῶν
3109 4829 3478 4898 καλουμένων,

1905 4905 1998 4957 καὶ
2040 4908 2193 4976 κοινῇ
2237 4905 2454 4959 πάντων
2516 4908 2880 4977 ἑστιωμένων.
2931 4909 3073 4961 Ἀλλ’
3119 4909 3350 4981 ὕπερον
3388 4910 3483 4962 καὶ

1902 4985 2061 5038 τοῦτο
2109 4987 2373 5059 διεφθάρη
2424 4990 2485 5041 τὸ
2517 4989 2658 5051 ἐθος.
2701 4988 2776 5041 Τὸ
2838 4989 2896 5042 δέ
2957 4993 3129 5045 αἴτιον
3170 4994 3235 5045 ἐκ
3276 4990 3373 5046 τοῦ
3405 4991 3484 5045 δι-

1904 5070 2172 5125 εσπάσθαι
2199 5074 2292 5124 καὶ
2334 5073 2661 5142 προσνέμειν
2686 5075 2930 5136 ἑαυτοὺς,
2961 5077 3088 5139 τοὺς
3119 5076 3218 5146 μὲν
3250 5077 3480 5138 τούτοις,

1902 5154 2029 5218 τοὺς
2060 5156 2116 5209 δέ
2142 5158 2390 5220 ἐκείνοις,
2432 5157 2525 5209 καὶ
2567 5156 2769 5224 λέγειν’
2810 5157 2952 5226 Ἐγὼ
2984 5161 3082 5230 μέν
3113 5162 3229 5229 είμι
3256 5159 3350 5213 τοῦ
3376 5159 3484 5212 δεῖ·

1902 5254 2012 5301 νος,
2043 5238 2153 5305 ἐγὼ
2180 5238 2237 5292 δέ
2275 5237 2370 5290 τοῦ
2399 5238 2566 5302 δεῖνος
2585 5256 2599 5267 ο
2633 5241 2769 5310 ὅπερ
2798 5242 2891 5293 καὶ
2923 5243 2981 5292 ἐν
3016 5242 3157 5312 ἀρχῇ
3185 5242 3284 5311 τῆς
3329 5242 3481 5294 Ἐπι-

1905 5320 2100 5388 στολῆς
2114 5320 2491 5390 διορθούμενος
2517 5321 2727 5388 ἔλεγεν·
2768 5321 3071 5389 Ἑὸηλώθη
3097 5323 3206 5392 γάρ
3226 5341 3327 5392 μοι
3347 5323 3478 5391 περὶ

1901 5400 2071 5469 ὑμῶν
2103 5401 2275 5473 [ειη.
2323 5402 2575 5471 ἀδελφοί
2610 5422 2745 5468 μου,
2788 5405 2907 5457 ὑπὸ
2955 5402 3074 5457 τῶν
3121 5408 3341 5473 Χλόης,
3390 5404 3482 5459 ὅτι

1902 5485 2092 5550 ἔριδες
2114 5484 2184 5539 ἐν
2210 5484 2353 5552 ὑμῖν
2393 5490 2532 5538 εἱσι.
2567 5485 2731 5552 Λέγω
2769 5485 2837 5538 δὲ
2877 5486 3076 5548 τοῦτο,
3111 5486 3198 5539 ὅτι
3224 5487 3480 5552 ἕκαστος

1901 5565 2071 5634 ὑμῶν
2124 5567 2306 5634 λέγει,
2374 5566 2523 5635 Ἐγὼ
2574 5570 2693 5635 μέν
2738 5569 2859 5635 εἰμι
2914 5569 3180 5629 Παύλου,
3242 5569 3357 5636 ἐγὼ
3410 5567 3480 5619 δὲ

1919 5646 2211 5710 Ἀπολλῶ,
2233 5648 2347 5716 ἐγὼ
2372 5647 2442 5700 δὲ
2473 5647 2666 5716 Κηφᾶ.
2708 5650 2821 5701 Οὐκ
2844 5650 3029 5719 ἐπειδὴ
3083 5650 3280 5717 Παύλῳ
3309 5666 3475 5718 προσ-

1909 5729 2102 5797 ένεμον
2123 5728 2347 5790 ἑαυτούς
2386 5743 2399 5756 ’
2438 5730 2559 5782 οὐδέ
2583 5730 2693 5798 7&9
2722 5730 2788 5782 ἂν
2816 5732 3072 5799 ἠνέσχετο
3097 5747 3111 5759 ·
3136 5730 3251 5782 ἀλλ’
3282 5732 3345 5781 ἐκ
3376 5745 3475 5782 πεο

1912 5811 2153 5883 ριουσίας
2176 5810 2472 5882 πρόρριζον
2513 5812 2574 5865 τὸ
2614 5813 2735 5876 ἔθος
2776 5814 3087 5868 ἀνασπάσαι
3125 5813 3466 5884 βουλόμενος,
