4086 6340
235 382 366 437 2‘25

241 498 668 560 adscriberent;
719 513 890 566 neque
938 498 1080 555 enim
1129 497 1180 552 id
1226 499 1315 553 ille
1364 499 1567 552 tulisset
1601 517 1612 552 :
1645 499 1736 553 sed
1778 516 1843 553 ex

239 592 590 651 abundanti,
641 591 825 644 volens
869 591 1010 645 hunc
1053 606 1257 646 morem
1299 591 1550 644 radicitus
1579 592 1843 656 evellere,

241 684 496 751 seipsum
529 683 792 750 apposuit,
824 685 1131 747 ostendens,
1160 682 1297 751 quod
1329 683 1371 737 si
1400 699 1456 735 se
1484 683 1597 751 quis
1631 683 1724 750 ipsi
1756 682 1847 734 ad-

238 773 525 825 scriberet
554 789 581 824 a
612 775 879 826 connuuui
921 774 1484 842 corpore-abscissus,
1524 775 1598 826 sic
1636 789 1846 842 quoque

239 878 368 915 rem
399 879 523 916 esse
555 865 836 916 absurdam
865 873 919 917 et
943 876 1195 917 extrema:
1237 864 1545 932 iniquitatis.
1579 863 1630 916 Si
1668 873 1843 916 autem

239 955 298 1004 in
340 955 447 1006 hoc
477 964 592 1007 erat
620 956 890 1024 iniquitas,
922 955 1087 1008 multo
1119 956 1285 1023 magis
1314 957 1362 1006 in
1394 956 1495 1006 illis
1516 955 1602 1021 qui
1633 954 1846 1007 interio-

203 1035 339 1099 ‘res
383 1057 560 1098 erant.
607 1048 737 1112 Quia
785 1048 944 1116 igitur
983 1047 1237 1114 disjectas
1276 1055 1330 1099 et
1366 1046 1566 1098 divisus
1604 1055 1718 1098 erat
1759 1045 1843 1098 hic

237 1155 392 1200 nios,
419 1141 810 1208 pulcherrimus
839 1140 925 1192 ille
948 1151 999 1194 et
1024 1141 1332 1193 utilissimus
1356 1141 1537 1207 (causa
1562 1140 1703 1190 euitn
1729 1146 1844 1190 erat

233 1216 528 1288 caritatis,
564 1231 886 1298 paupertatis
911 1230 1208 1283 consolatio
1228 1271 1242 1294 ,
1270 1229 1570 1281 divitiarum
1600 1227 1844 1280 modera-

239 1320 342 1379 tio,
378 1323 736 1389 maxima-que
765 1321 1117 1390 plu1050pbiie
1138 1320 1372 1385 occasio,
1398 1330 1452 1372 et
1476 1320 1715 1372 doctrina
1746 1320 1842 1372 litt-

239 1413 517 1481 llllltlltlia)
551 1433 562 1465 :
592 1417 712 1482 quia
748 1415 906 1483 igitur
933 1415 1133 1467 sciebat
1167 1423 1308 1465 tanta
1343 1413 1478 1466 bona
1509 1428 1628 1466 esse
1656 1429 1838 1466 corru-

239 1517 368 1573 pla,
417 1507 541 1574 jure
581 1508 688 1559 acri
738 1522 862 1560 usus
911 1517 993 1558 est
1035 1507 1309 1570 oratione,
1351 1507 1427 1560 sic
1467 1506 1650 1559 dicens
1684 1525 1696 1558 :
1728 1505 1841 1558 [Ioc

234 1611 419 1652 autem
453 1602 765 1666 prtecipiens,
795 1617 893 1650 non
922 1599 1095 1651 laudo.
1123 1598 1176 1651 lu
1206 1599 1366 1668 priori
1399 1615 1589 1668 nempe
1617 1615 1838 1652 accusa-

238 1693 420 1751 tione,
445 1691 583 1757 quod
616 1691 821 1758 plurimi
848 1705 1024 1743 eSsent
1052 1691 1142 1758 qui
1165 1691 1526 1752 observarent,
1554 1691 1658 1743 alio
1680 1690 1838 1742 modo

240 1780 451 1847 incepit
493 1780 576 1832 his
610 1780 786 1833 verbis
815 1797 827 1832 :
863 1779 1041 1832 Laudo
1071 1792 1236 1833 autem
1265 1797 1349 1833 vos
1369 1823 1384 1845 ,
1412 1783 1530 1850 quia
1557 1799 1645 1850 per
1670 1782 1838 1833 omnia

234 1871 340 1922 mei
389 1871 724 1933 meministis;
759 1871 841 1924 hic
871 1887 996 1924 vero
1030 1883 1213 1925 contra
1245 1877 1260 1926 ἐ
1300 1871 1411 1925 Hoc
1449 1883 1612 1924 autem
1657 1873 1839 1940 prteri-

236 1963 390 2026 piens
415 2001 428 2024 ,
465 1979 561 2014 non
596 1961 766 2015 laudo.
799 1961 1004 2018 [dcimo
1043 1979 1217 2031 neque
1258 1971 1376 2032 post
1419 1964 1835 2030 iucrepatioueru

237 2068 439 2104 eorum
473 2055 558 2120 qui
590 2052 882 2122 idolothyta
909 2055 1296 2118 comedebant,
1333 2058 1505 2123 posuit
1545 2055 1669 2107 illud
1697 2070 1710 2116 ;
1743 2055 1836 2106 sed

233 2145 365 2210 quia
397 2145 645 2210 astte-rius
676 2144 798 2196 illud
827 2153 962 2207 erat,
993 2144 1166 2197 medio
1194 2145 1473 2210 interiecto
1500 2161 1749 2198 sermone
1770 2146 1837 2198 de

234 2248 398 2284 coma
429 2249 442 2294 ;
477 2249 543 2285 ne
583 2249 647 2285 ex
693 2235 900 2300 asperis
943 2235 1403 2288 criminationibus
1436 2237 1484 2286 iu
1518 2237 1646 2288 alias
1677 2235 1834 2289 etiam

239 2331 504 2378 molestas
537 2327 800 2380 transiens
828 2326 1005 2380 acrior
1034 2328 1319 2389 videretur,
1353 2339 1473 2379 tunc
1503 2328 1569 2378 ad
1597 2329 1836 2394 asperius

239 2432 460 2468 rursum
493 2420 656 2480 venit,
685 2427 740 2473 et
764 2417 836 2471 ait
867 2438 880 2472 :
910 2417 1024 2470 Hoc
1051 2430 1217 2472 autem
1249 2420 1564 2487 prwt'ipicns,
1595 2435 1695 2470 non
1727 2419 1835 2470 lau-

239 2508 330 2560 do.
374 2508 699 2572 Quodnam?
729 2510 879 2575 Quod
919 2526 1057 2563 nunc
1085 2512 1324 2565 dicturus
1360 2526 1500 2564 sum.
1531 2511 1665 2578 Quid
1708 2511 1835 2564 illud

239 2608 350 2662 est,
387 2597 702 2666 Prwcipiens
732 2618 832 2654 non
859 2601 1052 2654 laudo?
1084 2601 1188 2655 Vos
1219 2618 1323 2654 non
1353 2602 1612 2669 approbo,
1645 2600 1833 2668 inquit,

233 2673 388 2755 'quod
420 2705 504 2742 me
534 2691 600 2741 ad
627 2691 835 2743 consilii
868 2691 1026 2743 dandi
1058 2694 1428 2745 necessitatem
1457 2693 1787 2745 adduxeritis
1819 2710 1842 2746 ε,

244 2797 354 2834 non
389 2781 581 2841 laudo,
611 2781 749 2848 quod
782 2781 879 2833 hac
913 2783 962 2832 in
995 2797 1052 2834 re
1086 2782 1327 2835 doctrina
1368 2799 1500 2848 opus
1544 2783 1835 2835 habueritis

241 2882 300 2924 et
330 2871 698 2924 admonitione
727 2888 865 2925 mea.
895 2872 1077 2926 Viden'
1103 2872 1370 2940 quomodo
1391 2873 1458 2924 ab
1483 2873 1631 2926 initio
1657 2881 1837 2926 osten-

242 2963 386 3014 derit
420 2978 530 3014 rem
562 2977 679 3015 eSse.
719 2962 1004 3015 admodum
1049 2963 1375 3016 absurdam?
1406 2964 1536 3016 Cum
1569 2966 1708 3016 enim
1739 2963 1834 3016 ad-

245 3055 545 3109 monitione
579 3070 712 3122 epus
745 3072 846 3107 non
879 3057 1074 3110 habere
1105 3057 1294 3111 debeat
1339 3058 1382 3110 is
1424 3059 1510 3125 qui
1558 3068 1741 3126 peccat
1768 3058 1834 3112 ad

247 3163 353 3196 non
388 3146 753 3213 peccandum,
781 3157 905 3200 tunc
938 3149 1086 3200 venia
1120 3149 1392 3217 indignum
1425 3160 1504 3203 est
1539 3159 1833 3217 peccatum.

243 3234 313 3287 Et
340 3251 435 3288 cur
467 3251 570 3287 non
602 3234 820 3289 laudas?
851 3236 982 3302 Quia
1005 3255 1102 3289 non
1130 3238 1178 3290 in
1205 3240 1401 3299 melius,
1430 3241 1519 3291 sed
1542 3243 1593 3293 in
1619 3242 1836 3296 deterius

244 3326 540 3389 convenitis,
569 3327 758 3395 inquit.
790 3328 901 3381 Hoc
925 3338 1026 3395 est,
1056 3330 1176 3399 quia
1200 3330 1265 3382 ad
1297 3333 1544 3383 virtutem
1577 3349 1680 3385 non
1711 3349 1835 3400 pro-

247 3416 444 3471 fectum
477 3418 702 3472 habetis.
738 3419 868 3473 Cum
899 3430 1171 3488 oporteret
1195 3423 1336 3475 enim
1361 3423 1426 3475 ad
1455 3424 1674 3476 meliora
1707 3440 1831 3493 per-

245 3526 394 3576 gere,
415 3521 469 3564 et
499 3512 670 3578 majus
705 3526 825 3565 esse
864 3512 1172 3581 proficiendi
1205 3514 1562 3579 desiderium;
1598 3531 1690 3569 vos
1714 3532 1829 3570 mo-

246 3619 357 3658 rem
382 3605 468 3674 qui
495 3605 602 3673 jam
632 3605 924 3658 invaluerat
951 3605 1237 3670 minuistis,
1269 3617 1426 3676 atque
1450 3610 1517 3661 ita
1546 3611 1829 3676 minuislis,

247 3706 304 3748 ut
339 3711 461 3748 meo
507 3697 708 3763 egealis
759 3707 1026 3764 prmcepto
1070 3714 1176 3765 quo
1214 3700 1281 3752 ad
1325 3715 1557 3767 priorem
1600 3701 1833 3755 redeatis

246 3787 512 3839 ordinem.
547 3787 749 3841 Deinde
773 3802 841 3840 ne
869 3787 1137 3840 videretur
1165 3789 1279 3843 lucc
1315 3801 1532 3859 propter
1572 3808 1831 3860 pauperes

249 3887 448 3930 tantum
478 3878 657 3932 dicere
679 3919 692 3943 ,
733 3895 838 3931 non
879 3880 1058 3932 statim
1095 3879 1160 3933 ad
1199 3895 1503 3934 sermonem
1533 3884 1600 3936 de
1632 3884 1829 3937 mensis

247 3982 533 4040 properat,
568 3983 622 4025 ut
652 3989 719 4026 ne
758 3974 1177 4042 iucrepatiouem
1227 3977 1450 4028 multum
1497 3974 1705 4034 timoris
1745 3961 1830 4028 iri-

245 4074 528 4116 cutientcru
560 4065 888 4133 contemptui
921 4075 1168 4133 exponat,
1200 4067 1294 4120 sed
1324 4068 1514 4135 quu'rit
1543 4068 1831 4122 dictionem

245 4155 582 4217 acerrimam,
613 4171 732 4224 qua:
761 4158 982 4209 multum
1017 4157 1206 4211 inferat
1238 4160 1500 4212 timorem.
1525 4159 1660 4225 Quid
1685 4160 1827 4213 enim

246 4245 355 4297 ait?
387 4245 474 4298 18.
506 4245 737 4299 Primum
768 4248 968 4318 quidem
998 4250 1398 4301 convenientibus
1431 4250 1563 4301 vobis
1594 4251 1644 4302 in
1675 4251 1831 4302 eccle-

245 4337 354 4394 sia,
386 4336 542 4386 audio
581 4338 826 4391 scissurus
864 4355 970 4390 esse
1005 4340 1135 4391 inter
1165 4355 1268 4392 vos.
1307 4338 1420 4391 Non
1454 4339 1617 4403 dicit,
1657 4339 1829 4393 Audio

244 4430 385 4482 enim
417 4442 510 4480 vos
540 4443 645 4482 non
681 4429 730 4481 in
763 4432 1031 4486 communi
1071 4445 1321 4494 manare;
1355 4431 1509 4485 audio
1551 4431 1692 4485 enim
1730 4446 1827 4486 vos

245 4521 466 4576 scorsim
496 4521 800 4583 comedere,
825 4531 880 4576 et
910 4539 1012 4575 non
1039 4538 1158 4576 cum
1187 4525 1538 4591 pauperibus;
1565 4524 1658 4577 sed
1683 4525 1826 4594 quod

247 4615 411 4684 magis
453 4622 660 4683 poterat
699 4615 933 4681 ipsorum
963 4615 1200 4668 animum
1231 4617 1697 4680 conuunvereJtoc
1728 4632 1825 4685 po-

247 4718 383 4771 suit,
417 4707 469 4760 id
496 4716 610 4770 est,
643 4707 946 4761 schismatis
974 4723 1200 4767 nomen.
1229 4710 1370 4777 quod
1406 4709 1563 4761 etiam
1605 4708 1826 4776 lmjusce

246 4799 320 4854 rei
355 4815 514 4854 causa
559 4809 678 4855 erat
708 4816 721 4852 :
752 4814 1039 4854 rursusque
1072 4800 1198 4853 illud
1231 4802 1498 4852 revocavit
1532 4803 1583 4852 in
1615 4815 1821 4855 memo-

247 4891 398 4952 riam,
427 4891 495 4953 da
529 4905 636 4960 quo
673 4891 722 4942 in
751 4890 990 4958 epistola:
1031 4889 1290 4959 principio
1319 4890 1517 4943 dictum
1549 4889 1737 4952 fuerat,
1770 4901 1823 4945 et

245 4981 594 5048 signiﬁcatum
620 4985 686 5036 ab
708 4983 771 5036 iis
793 4984 879 5052 qui
907 4994 1062 5036 erant
1088 4981 1297 5036 Chloes.
1325 4964 1473 5033 Elea:
1496 4992 1634 5045 parte
1650 4988 1818 5036 credo.

315 5064 366 5115 2.
382 5059 458 5114 Ne
473 5063 716 5119 dicerent
743 5077 908 5122 enim,
933 5060 1075 5127 Quid
1097 5062 1143 5116 si
1167 5063 1501 5116 mentiantur
1519 5069 1823 5120 calumnia-

251 5149 425 5207 tores?
455 5167 630 5219 neque
655 5153 788 5208 dicit
821 5170 879 5210 se
903 5154 1148 5215 credere,
1172 5154 1677 5220 neimpudentiores
1698 5158 1820 5214 illos

251 5243 464 5306 reddat;
493 5257 671 5310 neque
689 5259 905 5298 rursum
931 5260 1035 5298 non
1069 5244 1320 5306 credere,
1344 5259 1408 5297 ne
1439 5246 1823 5303 vid-1tnrfrc-

253 5349 359 5392 stra
372 5336 653 5403 increpare
669 5349 683 5396 ;
702 5338 814 5398 sed,
833 5335 1045 5390 Partem
1064 5335 1347 5407 quamdam
1367 5338 1542 5397 credo,
1559 5340 1751 5408 inquit,
1768 5343 1820 5397 id

254 5437 430 5494 est,“
457 5424 667 5480 modica
691 5435 843 5492 parte
866 5430 1386 5493 credo,amiosillos
1400 5428 1651 5494 reddens,
1678 5439 1731 5486 et
1754 5436 1822 5488 ad

259 5517 607 5574 correctionis
631 5515 866 5576 reditum
894 5533 1115 5575 vocans.
1141 5521 1225 5575 i9.
1253 5519 1394 5583 Nam
1415 5532 1464 5576 et
1493 5533 1693 5589 oportet
1714 5525 1824 5580 lite-

261 5626 389 5662 τρια
405 5627 516 5670 esse
535 5611 590 5665 in
608 5608 774 5673 vobis,
796 5617 853 5687 ut
873 5611 962 5678 qui
987 5613 1194 5677 probati
1223 5625 1345 5667 sunt
1361 5655 1374 5677 ,
1397 5616 1670 5681 manifesti
1687 5619 1823 5687 ﬁant

259 5699 310 5750 in
322 5699 478 5756 vobis.
496 5702 747 5759 llaues'es
773 5686 859 5756 hic
873 5703 1027 5766 dicit,
1049 5718 1156 5756 non
1181 5705 1346 5761 hasce
1364 5725 1484 5777 quae
1508 5711 1577 5765 de
1597 5712 1821 5782 dogma-

262 5788 397 5845 tibus
425 5805 585 5860 sunt,
621 5795 719 5852 sed
751 5795 943 5851 horum
980 5785 1357 5852 schismatom.
1390 5801 1542 5867 Quod
1576 5805 1620 5857 si
1655 5805 1817 5860 etiam

1284 353 1349 439 tu
1391 384 1603 440 Epts'r.
1644 380 1662 437 ι
1730 387 1818 439 Al)
1856 386 2013 445 con.
2059 389 2284 447 unum.
2330 392 2538 449 xxvu.

3426 405 3530 461 ἰεῦ

1958 500 2262 572 dogmatum
2307 509 2554 571 dit-cret,
2595 525 2765 580 neque
2816 512 2884 566 ita
2941 528 3124 570 ansam
3175 518 3344 574 daret.
3397 522 3528 576 Nam

1954 593 2198 649 Christus
2225 597 2328 657 uit,
2362 597 2578 654 Necesse
2602 614 2674 655 est
2708 613 2763 656 ut
2797 605 2994 659 veniant
3030 610 3274 663 scandala
3302 610 3529 680 (Matth.

1952 686 2039 741 18.
2063 688 2139 756 7),
2171 705 2273 742 non
2301 691 2502 744 arbitrii
2532 695 2826 752 libertatem
2858 698 3198 763 labefactans,
3231 719 3404 772 nequc
3435 724 3531 758 ue-

1951 781 2252 834 cessitatem
2289 786 2570 851 quamdam
2614 798 2667 842 et
2709 790 2813 842 vim
2849 792 2898 844 in
2930 793 3087 846 vitam
3130 795 3365 850 init-rens
3391 813 3405 860 ;
3435 800 3530 853 sed

1951 871 2088 937 (μιιηί
2120 886 2186 925 ex
2213 876 2350 927 mala
2386 870 2666 930 hominum
2700 892 2875 936 mente
2906 884 3124 938 omnino
3155 885 3384 940 futurum
3414 903 3530 947 erat

1952 962 2278 1029 pnediceus,
2311 965 2539 1020 futurum
2572 972 2795 1039 nempe,
2826 991 2929 1027 non
2959 978 3027 1029 ob
3057 978 3196 1032 illius
3225 982 3526 1047 prmdictio-

1952 1067 2090 1110 nem.
2128 1055 2220 1108 sed
2249 1073 2312 1109 ex
2341 1060 2519 1112 animo
2559 1077 2767 1128 eorum,
2799 1067 2886 1134 qui
2928 1070 3206 1124 insanabili
3241 1074 3422 1128 morbo
3448 1077 3524 1129 la-

1950 1141 2227 1198 borabant.
2259 1146 2441 1218 Neque
2470 1151 2610 1204 enim
2637 1157 2756 1223 quia
2801 1157 3064 1224 praedixit,
3096 1161 3179 1214 illa
3210 1164 3344 1217 facta
3372 1178 3493 1220 sunt
3515 1209 3527 1230 ,

1949 1235 2040 1285 sed
2069 1238 2187 1303 quia
2216 1242 2431 1294 omnino
2457 1241 2686 1297 futdrum
2715 1257 2848 1311 erat,
2876 1248 2995 1302 ideo
3025 1255 3285 1319 prtcdixit.
3319 1258 3526 1313 Etenim

1947 1327 1990 1377 si
2019 1343 2081 1379 ex
2116 1333 2432 1386 necessitate
2460 1337 2699 1390 venirent
2737 1341 3005 1406 Scandala,
3040 1357 3093 1398 et
3121 1363 3224 1399 non
3257 1365 3317 1402 ex
3349 1335 3531 1407 animo

1946 1431 2130 1470 eorum
2178 1425 2266 1489 qui
2313 1425 2395 1476 illa
2440 1427 2791 1496 induxerunt,
2833 1449 3224 1501 supervacauee
3259 1440 3527 1498 dixisset:

1954 1507 2042 1562 Vw
2081 1513 2272 1566 homini
2303 1517 2410 1578 illi,
2443 1537 2527 1586 per
2552 1539 2696 1586 quem
2719 1527 3018 1580 scandalum
3041 1532 3167 1584 venit
3205 1532 3390 1606 (Ibid).
3424 1509 3526 1592 Sed

1948 1603 2059 1655 haec
2099 1605 2333 1670 pluribus
2366 1608 2715 1667 disseruimus
2753 1617 2804 1670 in
2845 1621 2960 1685 ipso
2997 1621 3112 1674 loco
3143 1641 3155 1675 :
3189 1642 3325 1679 nunc
3349 1603 3527 1683 autem

1943 1693 2009 1745 ad
2039 1699 2365 1764 propositum
2392 1703 2708 1759 veniendum
2741 1718 2838 1762 est.
2871 1710 3022 1777 Quod
3053 1714 3118 1769 de
3147 1716 3210 1769 iis
3238 1720 3529 1775 haeresibus

1943 1785 2106 1853 dicat,
2131 1805 2250 1858 quae
2272 1793 2408 1845 circa
2443 1810 2654 1850 mensas
2679 1800 3049 1866 versabantur,
3081 1806 3250 1875 deque
3280 1811 3376 1864 hac
3403 1813 3530 1866 eoo-

1946 1879 2182 1933 teutioue
2226 1893 2279 1934 et
2322 1885 2695 1953 dissensione,
2731 1904 2795 1942 ex
2837 1896 3180 1960 sequentibus
3218 1895 3528 1958 declaravit.

1945 1965 2075 2020 Cum
2103 1969 2364 2027 dixissent
2394 1978 2534 2029 enim
2558 2017 2574 2039 ,
2602 1978 2766 2030 Audio
2805 1980 3075 2034 schismata
3116 2001 3221 2038 esse
3249 1989 3379 2041 inter
3406 2008 3492 2045 vos
3511 2033 3528 2058 ,

1944 2073 2047 2111 non
2081 2060 2163 2113 hic
2195 2066 2467 2129 constitit,
2501 2067 2591 2120 sed
2629 2071 2918 2132 ostendens
2955 2089 3197 2142 quoniam
3240 2081 3526 2134 schismata

1943 2160 2141 2213 essent,
2168 2169 2480 2222 progressus
2507 2157 2652 2216 dicit.
2682 2161 2768 2214 ‘21.
2802 2162 3150 2235 Unusquisque
3173 2185 3314 2221 suum
3337 2159 3529 2226 (tritam

1943 2245 2198 2306 praesumit
2222 2262 2240 2306 ;
2263 2259 2313 2298 et
2345 2263 2577 2310 rursum.
2602 2251 2694 2303 9.2.
2725 2252 2985 2318 Numquid
3005 2258 3181 2312 domos
3210 2278 3306 2314 non
3342 2264 3530 2317 habetis

1942 2329 2010 2378 ad
2033 2334 2444 2387 manducandum
2469 2351 2512 2390 et
2539 2340 2801 2394 bibendum
2827 2348 2849 2396 ?
2875 2358 2962 2400 aut
2990 2352 3249 2404 ecclesiam
3285 2353 3381 2407 Dei
3409 2374 3528 2410 con-

1944 2422 2326 2477 temnitis?Scd
2355 2429 2494 2495 quod
2535 2430 2608 2486 de
2644 2433 2724 2486 his
2753 2437 2926 2500 dicat,
2963 2445 3297 2509 perspicuum
3342 2459 3439 2500 est.
3475 2450 3527 2502 Si

1942 2523 2117 2564 autem
2142 2514 2424 2569 schismata
2449 2519 2536 2573 illa
2562 2534 2735 2584 vocet,
2764 2543 2830 2579 ne
2859 2529 3069 2584 mireris
3101 2550 3112 2584 :
3144 2548 3286 2597 nam,
3313 2546 3369 2590 ttt
3395 2538 3526 2605 dixi,

1943 2599 2042 2655 hac
2081 2603 2311 2660 dictione
2346 2609 2464 2662 illos
2501 2611 2768 2668 incessere
2805 2619 2933 2670 vult.
2972 2619 3026 2673 Si
3061 2639 3187 2677 vero
3221 2629 3527 2696 degmatum

1943 2692 2227 2749 schismata
2265 2709 2475 2763 essent,
2511 2718 2611 2756 utut
2643 2705 2709 2756 ita
2747 2723 3025 2763 mansuete
3049 2728 3168 2767 cum
3207 2716 3308 2768 illis
3336 2719 3525 2787 loquu-

1944 2790 2026 2834 tus
2065 2797 2225 2838 esset.
2258 2790 2409 2842 Audi’
2439 2793 2597 2860 igitur
2629 2795 2770 2849 illum
2801 2800 2904 2854 tale
2933 2803 3201 2872 quidpiam
3230 2808 3525 2876 dicentem,

1940 2887 2097 2939 quam
2123 2877 2193 2927 sit
2221 2880 2537 2944 vehemens,
2569 2894 2622 2938 et
2647 2889 2768 2939 dum
2801 2895 3082 2949 cmilirmat
3111 2906 3164 2951 et
3194 2899 3316 2952 dum
3351 2901 3527 2957 incre-

1944 2971 2066 3028 pat;
2100 2967 2430 3025 confirmans
2448 2974 2693 3041 quidem,
2735 2989 2787 3031 ut
2825 2997 2945 3036 eum
2985 2985 3113 3039 uitii.
3145 3007 3156 3038 :
3191 2990 3405 3048 Etiamsi
3430 3013 3527 3048 au-

1941 3055 2081 3122 gelus
2109 3059 2240 3111 vobis
2266 3064 2565 3133 evangelise!
2603 3080 2782 3132 printer
2820 3073 2872 3122 ia‘
2904 3077 3039 3142 quod
3068 3083 3329 3145 accepistis-
3350 3125 3363 3145 ,
3395 3102 3526 3139 artae

1942 3144 2107 3198 thema
2133 3149 2193 3200 sit
2223 3149 2361 3220 (Gal.
2393 3154 2439 3206 -l.
2475 3153 2559 3222 8);
2591 3156 2869 3227 increpans
2892 3178 3038 3225 vero,
3065 3177 3119 3218 ttt
3141 3144 3259 3222 cum
3288 3144 3362 3224 ait
3389 3191 3398 3224 :
3426 3175 3528 3239 Qui

1941 3235 1993 3287 in
2018 3236 2123 3306 lege
2147 3240 2519 3310 justi/icomini,
2546 3264 2578 3298 ιι
2601 3251 2767 3316 gratia
2794 3255 3048 3310 excitistis
3076 3258 3236 3324 (Ibid.
3271 3263 3322 3315 5.
3356 3235 3525 3332 é).vEt

1941 3343 2082 3381 nunc
2103 3332 2313 3397 quidem
2339 3351 2499 3389 canes
2527 3350 2679 3391 vocat
2700 3357 2791 3395 eos
2813 3347 2901 3411 qui
2924 3363 3289 3420 corrumpunt,
3317 3358 3523 3427 dicens,

1950 3419 2123 3474 Videte
2151 3440 2296 3477 canes
2326 3426 2577 3496 (Philipp.
2603 3432 2654 3485 '5.
2685 3432 2738 3501 2)
2767 3451 2780 3487 ε
2813 3453 2951 3491 nunc
2980 3419 3153 3495 autem
3183 3452 3418 3504 cauterio
3447 3419 3526 3505 in;

1941 3520 2110 3565 ttstam
2141 3513 2395 3570 habentes
2425 3524 2804 3579 conscientiam
2839 3529 2914 3582 ll.
2947 3529 3079 3583 Tim.
3116 3534 3165 3588 ιι.
3201 3536 3283 3602 ‘3},
3316 3551 3366 3592 et
3400 3558 3522 3596 rur—

1939 3618 2030 3657 sus
2057 3609 2274 3674 angelos
2301 3611 2517 3665 diaboli.
2548 3617 2616 3668 At
2645 3617 2728 3671 hic
2764 3621 2892 3674 nihil
2925 3624 3027 3676 tale
3057 3626 3219 3691 dixit,
3250 3631 3343 3684 sed
3376 3651 3526 3689 man-

1938 3705 2087 3747 suete
2117 3712 2178 3749 ac
2209 3701 2448 3754 remisse.
2473 3703 2607 3768 Quid
2635 3719 2714 3759 est
2741 3719 2936 3776 autem,
2969 3713 3140 3783 thui
3168 3722 3364 3785 probati
3385 3736 3522 3790 sunt,

1938 3788 2193 3853 manifesti
2222 3791 2349 3855 ﬁant
2378 3794 2428 3844 in
2456 3794 2632 3849 vobis?
2668 3798 2732 3851 Ut
2770 3805 2939 3869 magis
2980 3809 3376 3874 reSplcndeant.
3409 3788 3522 3871 Hoc

1937 3886 2018 3930 est
2040 3887 2217 3932 autem
2247 3885 2387 3950 quod
2416 3888 2525 3938 vult
2553 3887 2729 3943 dicere
2763 3910 2772 3942 :
2806 3895 2906 3947 [Cos
2938 3897 3024 3962 qui
3057 3899 3272 3955 stabiles
3303 3916 3356 3957 et
3384 3910 3520 3960 tirmi

1937 3979 2081 4033 sunt,
2116 3987 2221 4024 non
2255 3975 2412 4028 modo
2442 3977 2573 4031 nihil
2607 3983 2794 4035 borum
2829 3984 2990 4050 laulit,
3026 3990 3116 4043 sed
3159 3995 3317 4046 etiam
3353 4001 3521 4066 magis

1936 4062 2172 4115 ostendit
2200 4065 2477 4134 redditque
2497 4071 2768 4126 clariores.
2802 4075 2933 4130 lllud
2964 4082 3126 4143 enim,
3152 4094 3224 4146 ut,
3253 4101 3354 4139 non
3381 4062 3523 4140 sein-

1938 4165 2031 4216 per
2059 4167 2275 4205 causam
2309 4157 2526 4218 indicat,
2556 4161 2649 4214 sed
2678 4162 2836 4216 etiam
2871 4182 3011 4234 swpe
3044 4186 3217 4224 rerum
3248 4188 3516 4232 eventum.

1937 4239 2008 4292 lta
2035 4251 2089 4294 et
2113 4243 2356 4298 Christus
2387 4247 2437 4300 id
2469 4250 2684 4305 adhibet
2711 4270 2829 4307 cum
2860 4261 2986 4310 dicit
3019 4275 3033 4312 :
3066 4261 3396 4330 Injudicium
3428 4286 3519 4337 ego

1933 4333 2045 4385 veni
2073 4335 2123 4386 in
2155 4336 2286 4389 hunc
2317 4332 2558 4392 mundum
2583 4384 2594 4397 .
2629 4354 2684 4395 ut
2715 4362 2813 4398 non
2846 4349 2956 4401 vide
2976 4362 3065 4405 ales
3101 4355 3339 4420 videant,
3371 4371 3418 4413 et
3445 4332 3514 4413 iii--

1933 4424 2104 4478 dentes
2138 4432 2255 4479 caeci
2296 4430 2422 4494 [iant
2462 4432 2640 4499 (Joau.
2684 4436 2735 4488 9.
2766 4438 2879 4506 39).
2925 4441 3014 4494 Sic.
3052 4455 3104 4497 et
3141 4447 3254 4514 ipse
3285 4449 3478 4505 Paulus
3501 4494 3515 4515 ,

1932 4528 2051 4568 cum
2091 4516 2158 4569 de
2202 4518 2316 4586 lege
2364 4521 2633 4576 disserens
2677 4528 2862 4581 scribit
2895 4548 2908 4582 :
2945 4530 3052 4585 Lex
3092 4535 3415 4604 rubino-urit,
3459 4555 3516 4596 ut

1931 4607 2207 4660 abundaret
2237 4611 2473 4664 delictum
2505 4615 2676 4680 (Hom.
2707 4618 2759 4671 5.
2789 4618 2902 4688 ‘10).
2941 4623 3045 4677 Sed
3079 4643 3250 4695 neque
3282 4632 3359 4684 lex
3395 4634 3514 4688 ideo

1930 4696 2051 4750 data
2079 4708 2182 4764 est,
2214 4711 2269 4753 ut
2297 4713 2509 4768 peccata
2540 4706 2563 4758 ὲ
2589 4708 2846 4764 ulmorum
2877 4727 3233 4784 auge-rerum;
3267 4722 3392 4776 illud
3420 4740 3514 4778 auo

1931 4799 2037 4840 tem
2078 4793 2254 4844 evenit
2287 4810 2297 4819 ·
2329 4808 2502 4849 neoue
2537 4797 2780 4853 Christus
2814 4802 2942 4856 ideo
2970 4811 3147 4873 venit,
3181 4822 3237 4864 ut
3272 4813 3514 4870 videntes

1929 4881 2052 4933 (δαῆρί
2085 4883 2307 4945 tierent;
2337 4886 2430 4938 sed
2474 4903 2692 4956 propter
2736 4897 3061 4950 centrariam
3110 4917 3220 4953 rem
3253 4921 3268 4956 :
3301 4912 3353 4956 at
3384 4905 3511 4961 illud

1928 4969 1997 5022 ita
2023 4973 2265 5041 contigit.
2290 4976 2376 5028 Sic
2409 4976 2565 5046 igitur
2585 4989 2636 5035 et
2662 4983 2761 5038 hoc
2794 4988 2909 5040 loco
2933 4989 3328 5060 intelligendum
3356 4996 3507 5052 illud.

1930 5060 1997 5115 Ct
2022 5063 2108 5130 qui
2136 5066 2330 5130 probati
2354 5080 2502 5130 sunt,
2540 5075 2794 5144 manifesti
2819 5078 2965 5143 ﬁant.
2991 5078 3174 5148 Neque
3216 5084 3357 5137 enim
3391 5087 3513 5141 ideo

1923 5155 2078 5210 factm
2123 5165 2246 5211 sunt
2286 5159 2514 5223 haereses"
2536 5201 2549 5223 ,
2584 5173 2639 5214 ut
2675 5167 2760 5233 qui
2794 5170 2997 5234 probati
3029 5182 3209 5225 essent
3242 5179 3508 5234 manifesti

1926 5249 2117 5304 ﬁerent
2139 5266 2153 5315 ;
2178 5240 2270 5305 sed
2296 5251 2703 5308 advenientibus
2725 5257 2805 5310 liis
2830 5257 3143 5327 ltreresibus,
3171 5264 3271 5321 hoc
3293 5269 3507 5327 accidit.

1924 5344 2050 5399 Hice
2080 5361 2239 5414 porro
2261 5348 2408 5414 dicit,
2442 5363 2700 5417 pauperes
2724 5352 3031 5418 consolans,
3060 5357 3150 5425 qui
3184 5360 3342 5415 talem
3374 5377 3508 5415 con-

1923 5444 2186 5504 templum
2218 5439 2426 5492 fortiter
2458 5439 2678 5495 ferrent.
2713 5440 2835 5494 Ideo
2871 5458 2975 5496 non
3007 5445 3173 5514 dixit,
3207 5449 3272 5504 Ut
3301 5451 3505 5514 probati

1922 5529 2070 5595 ﬁant,
2100 5529 2216 5594 sed,
2250 5530 2318 5586 Ut
2343 5536 2428 5602 qui
2456 5534 2656 5602 probati
2674 5543 2812 5598 sunt,
2843 5539 3102 5607 manifesti
3127 5541 3255 5609 ﬁant
3285 5557 3304 5594 :
3329 5541 3504 5596 decla-

1921 5616 2194 5677 ransfillos
2219 5625 2378 5678 etiam
2400 5633 2554 5680 antea
2577 5626 2712 5680 tales
2736 5626 2933 5703 fuisse;
2962 5629 3057 5685 sed
3081 5631 3503 5686 commiseeban-

1921 5723 2009 5769 tur
2031 5730 2152 5769 cum
2184 5717 2444 5785 plurimis,
2477 5726 2531 5771 et
2558 5719 2978 5775 consolationem
3005 5722 3329 5790 accipientes
3358 5738 3388 5775 a
3418 5725 3503 5778 di-

1923 5807 2117 5862 vitibus
2140 5849 2157 5875 ,
2186 5822 2291 5862 non
2321 5807 2603 5863 admodum
2645 5813 2916 5880 conspicui
2941 5822 3097 5868 erant
3120 5831 3134 5867 :
3159 5829 3299 5870 nunc
3323 5823 3504 5874 autem
