4086 6340
613 390 717 451 227

614 508 731 561 iure
774 501 1039 557 dissensio
1083 508 1139 554 et
1183 500 1458 554 contentio
1507 496 1817 551 manifestos
1866 495 1984 548 illos
2035 494 2191 557 fecit;

611 595 1060 667 quemadmodum
1083 590 1497 661 gubernatorem
1523 596 1811 659 tempestas
1829 588 2080 640 ostendit.
2104 586 2199 641 Ne-

614 704 718 756 que
743 687 894 749 dixit,
923 684 993 740 Ut
1016 698 1112 738 vos
1135 682 1342 753 probati
1369 681 1704 752 appareatis;
1735 680 1849 739 sed,
1878 677 1946 731 Ut
1965 680 2055 747 qui
2080 695 2193 746 pro-

615 781 716 835 bati
755 789 904 841 sunt,
935 776 1189 844 manifesti
1232 775 1391 843 ﬁant,
1420 773 1511 842 qui
1553 787 1746 840 nempe
1785 772 1836 824 in
1870 772 2021 825 vobis
2063 771 2196 823 tales

613 883 755 928 sunt.
791 872 974 939 Neque
1002 871 1144 923 enim
1176 882 1434 921 accusans
1466 864 1778 947 manifestos
1807 864 2011 925 reddit,
2041 872 2098 915 ut
2127 877 2196 916 ne

614 969 759 1035 ipsos
795 962 1217 1039 impudentiores
1243 959 1419 1023 iaciat,
1450 973 1622 1027 neque
1648 957 1889 1022 laudans,
1918 973 1985 1011 ne
2009 956 2196 1010 reddat

612 1057 886 1126 segniores
911 1072 925 1116 ;
954 1053 1046 1107 sed
1074 1066 1385 1120 suspensam
1415 1052 1614 1119 profert
1640 1051 1956 1113 orationem,
1980 1048 2195 1103 ethunc

612 1162 666 1201 et
714 1149 860 1200 illum
905 1145 1229 1214 singulorum
1276 1144 1614 1197 conscientia:
1661 1142 2015 1211 adoptandum
2056 1156 2194 1209 prm-

614 1240 762 1291 Iicns.
810 1235 925 1289 Non
973 1234 1128 1287 modo
1170 1243 1345 1287 autem
1384 1233 1514 1286 milii
1560 1233 1645 1286 hic
1688 1247 1947 1299 pauperes
1989 1231 2196 1283 videtur

611 1327 897 1389 consolari,
926 1326 1018 1378 sed
1050 1326 1211 1378 etiam
1240 1339 1334 1378 eos
1363 1326 1450 1391 qui
1484 1338 1662 1377 mores
1692 1338 1795 1375 nou
1822 1334 2191 1390 corruperant.

611 1420 742 1473 Nam
769 1418 1059 1473 verisimile
1086 1425 1201 1471 erat
1230 1418 1281 1469 in
1318 1417 1422 1469 illis
1446 1429 1565 1469 esse
1602 1415 1691 1482 qui
1736 1414 1880 1481 ipsos
1920 1424 2193 1467 servarent

612 1511 806 1564 illwsos
838 1527 853 1563 :
885 1509 1112 1577 ideoque
1139 1506 1308 1571 dixit,
1352 1504 1559 1558 Partem
1596 1504 1821 1574 aliquam
1856 1504 2023 1557 credo.
2065 1504 2194 1559 Jure
2222 1496 2227 1503 ’

612 1602 769 1669 igitur
789 1615 884 1654 eos
909 1600 1161 1667 probatos
1185 1596 1335 1661 dicit,
1361 1596 1450 1664 qui
1480 1610 1583 1649 non
1608 1596 1766 1648 modo
1790 1610 1909 1648 cum
1936 1595 2052 1648 aliis
2081 1611 2195 1649 mo-

609 1711 724 1747 rem
756 1698 1135 1755 servaverant,
1168 1688 1261 1743 sed
1300 1688 1459 1741 etiam
1503 1688 1708 1756 absque
1738 1687 1841 1741 illis
1867 1687 2189 1741 immobilem

611 1784 750 1837 hanc
780 1781 1054 1855 pulchram
1085 1780 1371 1833 servabant
1398 1779 1589 1848 legem.
1616 1768 1730 1832 Hoc
1756 1787 1929 1831 autem
1962 1777 2104 1839 facit,
2138 1786 2194 1831 ut

611 1873 711 1926 hos
731 1882 785 1925 ct
811 1873 943 1924 alios
970 1870 1050 1923 his
1074 1869 1316 1923 laudibus
1340 1869 1624 1922 alacriores
1647 1867 1855 1923 reddat.
1888 1867 2087 1921 Deinde
2111 1868 2194 1919 di-

610 1966 683 2017 cit
705 1963 842 2032 quod
873 1976 1039 2031 genus
1067 1962 1273 2029 peccati
1303 1960 1373 2012 sit
1400 1959 1548 2011 illud.
1573 1958 1708 2025 Quid
1740 1967 1917 2011 autem
1942 1957 2044 2010 hoc
2069 1958 2193 2011 est?

609 2054 697 2110 20.
729 2052 1164 2113 Convenientibus,
1198 2050 1387 2117 inquit,
1416 2049 1552 2101 vobis
1578 2050 1629 2100 in
1660 2064 1835 2111 unum,
1853 2049 1967 2114 jam
1997 2064 2097 2101 non
2122 2056 2193 2098 est

611 2146 930 2199 Dominicam
954 2159 1149 2196 coenam
1176 2139 1507 2194 manducare.
1537 2137 1700 2192 Vides
1725 2137 1994 2207 quomodo
2022 2136 2189 2205 pudo-

608 2255 723 2293 rem
756 2237 1041 2298 incutiens,
1068 2233 1335 2287 narrantis
1362 2247 1531 2294 more,
1553 2230 1663 2299 jam
1688 2231 1966 2285 consilium
1996 2231 2193 2285 instru-

608 2328 723 2382 sit?
763 2327 1073 2381 Convcnlus
1113 2323 1255 2376 cnim
1301 2321 1526 2399 modus,
1569 2321 1764 2391 inquit,
1794 2331 1875 2375 est
1907 2321 2080 2385 alius;
2111 2333 2194 2377 est

608 2417 753 2470 enim
776 2415 1013 2471 caritatis
1038 2424 1089 2467 et
1118 2413 1365 2467 fraternae
1390 2412 1691 2466 dilectionis
1719 2429 1733 2464 :
1761 2428 1893 2465 unus
1920 2425 2064 2467 certe
2097 2430 2192 2467 vos

608 2520 798 2561 omnes
827 2505 1022 2575 excipit
1058 2504 1208 2557 locus
1228 2545 1241 2566 .
1269 2514 1323 2557 et
1353 2505 1506 2556 simul
1540 2502 1930 2573 eongregamini
1963 2520 1977 2556 :
2010 2519 2191 2557 mensa

609 2614 740 2651 vero
761 2598 870 2666 jam
900 2613 1004 2651 non
1032 2597 1223 2651 similis
1252 2606 1334 2651 est
1364 2599 1669 2652 COnventui.
1700 2597 1809 2651 Nec
1842 2596 2012 2659 dixit,
2047 2598 2192 2651 Con-

608 2689 944 2744 venicntibus
972 2690 1121 2742 vobis
1166 2707 1269 2743 non
1314 2690 1365 2741 in
1396 2690 1666 2743 communi
1696 2688 2063 2752 manducatis;
2096 2688 2191 2743 sed

608 2783 713 2836 alio
732 2781 888 2835 modo
908 2790 961 2835 et
984 2782 1151 2834 multo
1175 2781 1467 2834 terribilius
1489 2780 1609 2832 illos
1629 2771 1957 2850 perstringit,
1976 2780 2189 2835 dicens:

610 2871 733 2926 Non
755 2884 823 2925 est
850 2870 1168 2923 Dominicam
1198 2886 1388 2923 caenam
1415 2870 1724 2933 manducare
1747 2886 1764 2931 ;
1788 2870 1903 2923 illos
1926 2870 1992 2924 ad
2024 2873 2191 2940 ipsam

609 2963 979 3018 transmittens
1008 2976 1284 3026 vesperam
1305 3002 1320 3025 ,
1350 2977 1451 3031 qua
1491 2961 1765 3015 tremenda
1803 2963 2054 3033 mysteria
2081 2971 2191 3015 tra-

607 3055 743 3109 didit
766 3053 1026 3108 Christus.
1061 3052 1183 3107 ldeo
1210 3054 1371 3106 etiam
1402 3054 1680 3121 prandium
1704 3053 1833 3106 illud
1860 3056 2064 3108 vocavit
2084 3069 2191 3109 cm-

610 3164 734 3203 ttam
768 3167 783 3201 :
812 3150 1010 3200 etenim
1039 3146 1163 3199 illud
1197 3145 1476 3213 prandium
1506 3158 1694 3198 omnes
1716 3146 2072 3198 communiter
2096 3144 2193 3199 ha—

608 3238 725 3291 buit
753 3238 1147 3290 rccumbcntcs.
1190 3236 1347 3301 Atqui
1388 3250 1492 3286 non
1541 3243 1743 3287 tantum
1780 3234 1998 3289 interest
2035 3238 2189 3305 spatii

608 3330 750 3383 inter
777 3328 972 3379 divites
1004 3335 1055 3379 et
1083 3341 1367 3394 pauperes,
1400 3334 1652 3394 quantum
1681 3326 1818 3380 inter
1842 3326 2112 3380 doctorem
2137 3336 2192 3381 et

608 3420 894 3489 discipulos
925 3436 937 3469 :
970 3418 1288 3472 immensum
1314 3418 1511 3487 quippe
1550 3418 1678 3472 illud
1703 3429 1803 3473 est.
1830 3420 1897 3474 Et
1920 3420 2047 3490 quid
2069 3422 2191 3476 dico

608 3513 748 3565 inter
772 3510 1042 3564 doctorem
1065 3524 1114 3562 et
1140 3508 1473 3575 disCiDUIuS?
1499 3511 1669 3577 cogita
1693 3510 2027 3589 intervallum
2048 3514 2189 3583 quod

606 3610 691 3657 est
728 3602 865 3655 inter
903 3602 1175 3654 doctorem
1214 3608 1269 3652 et
1314 3599 1664 3668 proditorem.
1704 3604 1948 3655 Attamen
1984 3613 2039 3657 et
2076 3604 2190 3673 ipse

605 3709 729 3748 cum
756 3693 861 3748 illis
889 3691 1252 3757 recumbebat,
1284 3706 1461 3761 neque
1490 3691 1637 3745 illum
1663 3692 1842 3761 eiecit,
1876 3696 1970 3752 sed
1990 3704 2045 3750 et
2064 3696 2190 3751 salis

606 3797 910 3842 consortem
942 3786 1087 3852 fecit,
1120 3795 1173 3839 et
1201 3788 1574 3857 mysteriorum
1611 3789 1941 3861 participem.

678 3877 731 3931 5.
765 3876 967 3931 Deinde
999 3878 1379 3945 interpretatur
1405 3880 1672 3947 quomodo
1699 3897 1803 3933 non
1832 3893 1913 3935 est
1946 3882 2189 3937 Domini-

608 3984 725 4025 cam
748 3982 960 4023 ccenam
999 3968 1347 4021 manducare.
1378 3969 1470 4021 2|.
1506 3968 1860 4039 Unusquisque
1883 3973 2016 4025 enim
2042 3990 2188 4026 suam

606 4074 800 4110 caenam
826 4058 1086 4127 presumit
1107 4098 1121 4117 ,
1157 4059 1361 4127 inquit,
1396 4058 1467 4111 ad
1489 4061 1895 4115 manducandum
1928 4078 1947 4115 :
1981 4073 2029 4117 et
2055 4064 2189 4118 alius

606 4149 809 4218 quidem
832 4148 1017 4209 esurit,
1052 4148 1186 4201 alius
1222 4164 1336 4202 vero
1368 4149 1533 4204 ebrius
1569 4162 1664 4205 est.
1710 4152 1891 4209 Videu'
1920 4156 2189 4223 quomodo

610 4242 732 4295 illos
757 4243 993 4297 ostendit
1022 4256 1143 4295 sese
1186 4242 1353 4311 magis
1383 4243 1650 4298 dedecore
1678 4244 2014 4300 adicientes?
2056 4248 2185 4302 Nam

609 4332 750 4400 quod
780 4331 1111 4384 Dotniuicutn
1142 4343 1256 4385 erat
1278 4372 1292 4396 ,
1337 4334 1607 4401 proprium
1636 4333 1738 4389 sibi
1767 4335 1998 4402 faciunt;
2030 4339 2099 4391 ita
2133 4348 2189 4392 ttt

609 4424 682 4476 illi
713 4425 916 4492 priores
945 4423 1051 4475 sint
1077 4424 1166 4491 qui
1198 4423 1461 4478 dedecore
1490 4424 1797 4481 afﬁciuntur
1817 4470 1832 4492 ,
1866 4432 1955 4497 qui
1987 4447 2187 4487 mensa:

607 4529 719 4567 suae
739 4529 856 4566 eam
881 4528 998 4580 qum
1028 4514 1253 4567 maxima
1278 4525 1393 4568 erat
1415 4516 1724 4585 dignitatem
1751 4520 2017 4575 auferunt.
2040 4523 2187 4589 Quo-

610 4604 772 4658 modo
799 4614 854 4658 et
879 4620 983 4672 qua
1014 4606 1258 4661 ratione?
1303 4607 1435 4674 Quia
1478 4608 1751 4663 Dominica
1779 4627 1929 4666 C(Bna
1949 4654 1963 4677 ,
1996 4614 2044 4667 id
2075 4626 2184 4679 est,

609 4694 750 4763 quod
791 4695 1000 4749 Domini
1041 4706 1162 4761 est,
1202 4712 1486 4753 commune
1527 4700 1687 4755 debet
1723 4718 1862 4757 esse.
1891 4704 2019 4769 Quae
2046 4708 2186 4761 enim

609 4785 814 4838 domini
845 4795 970 4837 sunt
994 4826 1008 4847 ,
1047 4802 1151 4839 non
1197 4787 1352 4855 hujus
1382 4790 1597 4857 quidem
1638 4792 1815 4845 famuli
1854 4802 2009 4859 Sunt,
2044 4797 2188 4850 illius

610 4890 740 4930 vero
770 4891 877 4929 non
905 4874 1052 4935 item,
1078 4876 1171 4927 sed
1199 4878 1251 4927 in
1279 4880 1548 4931 communi
1569 4883 1825 4934 onmium.
1859 4884 2184 4939 Dominicum

609 4981 738 5033 ergo
765 4966 865 5018 hoc
890 4964 1020 5018 dicit
1045 4964 1187 5033 quod
1214 4980 1500 5019 commune
1526 4978 1627 5021 est.
1662 4969 1789 5021 Nam
1813 4973 1853 5023 si
1879 4974 2083 5028 Domini
2112 4977 2186 5029 tui

609 5064 724 5117 est,
766 5064 822 5108 ut
863 5072 1047 5109 revera
1088 5064 1203 5121 est,
1253 5072 1358 5110 non
1398 5056 1562 5111 debes
1601 5060 1840 5126 qttn‘dam
1882 5072 1937 5115 ut
1980 5069 2186 5129 propria

610 5143 860 5205 avellere,
891 5148 984 5198 sed
1018 5162 1135 5214 qua:
1160 5147 1369 5201 Domini
1397 5158 1541 5212 sunt,
1564 5150 1916 5205 conununiter
1942 5156 2188 5211 omnibus

605 5248 877 5303 opponere
905 5252 915 5286 :
941 5234 1041 5287 hoc
1062 5248 1145 5289 est
1163 5239 1303 5290 enim
1333 5238 1685 5293 Dominicum.
1710 5239 1859 5295 Nunc
1882 5253 2057 5297 autem
2082 5262 2186 5300 non

608 5324 742 5377 sinis
775 5323 899 5376 illud
927 5338 1044 5377 csse
1070 5326 1426 5391 Dominicum,
1456 5344 1577 5382 cum
1607 5345 1710 5383 non
1740 5332 1870 5384 sinis
1894 5348 2013 5389 esse
2036 5351 2187 5389 com-

610 5435 801 5483 mune,
841 5416 936 5471 sed
977 5421 1198 5471 seorsim
1244 5420 1497 5488 epularis.
1542 5420 1877 5490 QuaprOpter
1916 5427 2185 5497 subiungit

609 5510 791 5563 dicens
816 5526 828 5558 :
856 5505 1208 5577 Unusquisque
1237 5511 1367 5563 enim
1390 5527 1536 5564 suam
1560 5524 1756 5564 cenam
1779 5518 2053 5579 ρνιεεωηὶι.
2076 5518 2186 5573 Nec

608 5601 760 5661 dixit,
786 5598 1085 5661 Abscindit,
1110 5600 1203 5653 sed
1234 5600 1520 5666 Prwsumit,
1545 5603 1744 5657 sensim
1769 5604 1888 5657 illos
1911 5606 2187 5665 edacitatis

609 5702 657 5742 et
693 5690 994 5756 petulantiae
1023 5706 1303 5745 accusans.
1338 5693 1448 5747 lloc
1475 5692 1713 5749 declarat
1741 5696 1880 5763 quod
1912 5701 2184 5761 sequitur:

613 5793 729 5830 cum
771 5780 873 5834 hoc
901 5782 1043 5834 enim
1073 5781 1329 5849 dixisset,
1363 5797 1571 5837 rursum
1601 5785 1872 5854 subjunxit
1903 5804 1915 5815 ·
1948 5786 2015 5840 Et
2054 5793 2183 5846 alius

1379 384 1439 440 S.
1476 383 1754 441 JOANNIS
1789 379 2263 439 CHRYSOSTOMI
2301 380 2615 436 ABCIIIEP.
2657 382 3183 443 CONSTANTINOP.

3782 396 3883 449 ω

2301 497 2503 565 quidem
2545 499 2731 567 esurit,
2780 501 2913 553 alius
2954 514 3121 556 autern
3160 506 3326 561 ebrius
3364 517 3437 567 est
3458 526 3477 574 ;
3506 524 3629 580 qua:
3658 519 3883 582 utraque

2301 604 2407 643 non
2458 600 2683 647 servatas
2723 609 2987 648 mensurae
3024 606 3175 651 erant
3199 641 3214 664 ,
3260 600 3547 671 indigentia
3588 619 3787 673 nempe
3829 622 3884 660 et

2299 697 2569 737 cseessus.
2595 684 2732 739 Ecce
2748 687 2983 741 secunda
3002 691 3271 745 accusatio
3288 693 3407 748 illos
3430 695 3575 762 ipsos
3590 697 3879 765 impetens.

2300 772 2498 839 Prima,
2517 776 2655 844 quod
2675 793 2822 829 suam
2840 792 3047 833 coenam
3064 779 3325 837 dedecore
3338 784 3571 841 afﬁciant
3587 803 3601 853 ;
3619 790 3881 853 secunda,

2299 862 2440 930 quod
2468 874 2708 918 ventrem
2742 867 2999 934 impleant
3026 877 3081 923 et
3109 870 3470 939 inebrientur;
3500 886 3555 931 et
3581 881 3729 948 quod
3758 896 3883 951 gra-

2300 954 2415 1005 vius
2438 962 2539 1019 est,
2565 958 2921 1013 esurientibus
2942 963 3281 1029 pauperibus.
3306 965 3438 1032 Quae
3458 970 3601 1022 enim
3629 974 3883 1027 omnibus

2300 1044 2350 1097 iu
2376 1048 2644 1101 communi
2673 1054 2986 1119 opponenda
3013 1065 3186 1121 erant,
3211 1057 3275 1112 iis
3296 1058 3395 1125 ipsi
3420 1061 3518 1114 soli
3547 1063 3881 1135 ingurgitati,

2298 1144 2351 1188 et
2392 1137 2442 1189 in
2488 1136 2937 1196 insatiabilitatetn
2985 1154 3040 1198 et
3082 1146 3134 1199 in
3180 1147 3489 1204 ebrietatem
3539 1153 3880 1209 deferebant.

2299 1230 2424 1286 Ideo
2455 1250 2557 1286 non
2592 1234 2753 1301 dixit,
2785 1238 2935 1291 Alius
2952 1240 3174 1308 quidem
3205 1246 3405 1310 esurit,
3438 1248 3578 1301 alius
3608 1252 3879 1315 satiatur;

2299 1324 2413 1388 sed,
2438 1326 2622 1384 Ebrius
2642 1340 2733 1383 est.
2757 1331 2955 1385 llorum
2978 1342 3154 1387 autem
3176 1346 3457 1407 utrumque
3472 1356 3570 1409 per
3584 1358 3646 1397 se
3661 1344 3880 1412 dignum

2296 1431 2378 1474 ρει
2433 1422 2853 1490 reprehensione
2890 1442 2903 1477 :
2945 1441 3068 1479 nam
3122 1428 3372 1485 inebriari
3402 1474 3416 1495 ,
3465 1444 3627 1489 etiam
3680 1438 3883 1507 absque

2298 1526 2363 1563 co
2393 1511 2531 1579 quod
2562 1512 2925 1581 despiciantur
2964 1531 3222 1587 pauperes
3241 1561 3256 1582 ,
3285 1522 3439 1590 culpa
3465 1536 3580 1589 est;
3617 1542 3883 1597 pauperes

2296 1600 2594 1669 despicere,
2618 1605 2820 1675 absque
2839 1606 3117 1674 ebrietate,
3135 1621 3218 1665 est
3232 1612 3601 1671 criminatione
3621 1618 3878 1689 dignum:

2295 1709 2414 1747 cum
2441 1707 2616 1750 autem
2646 1700 2759 1755 haec
2785 1702 2943 1756 simul
2972 1705 3254 1773 eoajuncta
3278 1720 3422 1774 sunt,
3447 1712 3620 1780 cogita
3646 1724 3882 1781 quantus

2294 1787 2363 1837 sit
2385 1788 2673 1855 iniquitatis
2690 1806 2961 1848 excessus.
2982 1795 3179 1850 Deinde
3198 1811 3471 1869 postquam
3489 1806 3881 1863 absurditatem

2303 1879 2556 1941 usti-tulit,
2588 1895 2707 1933 cum
2737 1898 2925 1949 magna
2950 1886 3203 1955 deinceps
3232 1890 3595 1961 indignatione
3627 1899 3881 1967 increpa—

2298 1967 2494 2019 tionetn
2518 1968 2719 2038 adjicit,
2739 1972 2926 2027 dicens
2944 1993 2958 2028 :
2976 1975 3066 2031 22.
3088 1977 3350 2047 Numquid
3368 1984 3541 2038 domos
3561 2004 3666 2041 non
3690 1991 3882 2045 habetis

2296 2060 2363 2107 ad
2392 2061 2803 2118 manducandum
2829 2076 2874 2120 et
2900 2068 3203 2125 bibendum?
3226 2085 3316 2129 aut
3339 2078 3604 2132 ecclesiam
3630 2081 3733 2136 Dei
3760 2102 3879 2139 con-

2297 2153 2533 2221 temnitis,
2551 2167 2598 2208 et
2641 2160 2953 2227 confunditis
2994 2180 3079 2217 eos
3162 2170 3248 2237 qui
3290 2185 3392 2223 non
3438 2171 3663 2229 habent?
3695 2175 3881 2232 Videu‘

2295 2244 2561 2308 quomodo
2586 2262 2613 2298 a
2646 2265 2932 2319 pauperum
2959 2259 3277 2314 contumelia
3306 2263 3734 2322 criminationem
3769 2281 3881 2324 tra-

2302 2332 2461 2388 ducat
2477 2336 2541 2390 ad
2563 2337 2872 2407 Ecclesiam,
2890 2356 2947 2398 ut
2960 2352 3257 2415 graviorem
3275 2354 3523 2410 redderet
3540 2360 3843 2415 orationem
3856 2363 3881 2415 ?

2301 2424 2438 2480 Ecce
2464 2428 2621 2497 igitur
2638 2442 2881 2500 quartam
2902 2441 3317 2508 accusationem,
3339 2460 3459 2499 cum
3483 2462 3590 2501 non
3613 2465 3881 2520 pauperes

2300 2516 2483 2582 modo,
2514 2520 2608 2573 sed
2637 2522 2796 2576 etiam
2824 2524 3059 2581 Ecciesia
3095 2535 3416 2588 contumelia
3448 2516 3704 2595 afﬁcitur.
3732 2544 3882 2599 Sicut

2298 2607 2437 2659 enim
2471 2608 2798 2668 Dominicam
2836 2630 3043 2673 Cinnam
3075 2626 3342 2691 propriam
3376 2628 3468 2681 tibi
3510 2629 3643 2686 facis
3668 2676 3684 2698 ,
3718 2636 3799 2689 sic
3827 2647 3881 2690 et

2298 2694 2471 2749 locum
2509 2701 2669 2753 etiam
2693 2744 2708 2766 ,
2752 2706 2977 2761 ecclesia
3013 2720 3168 2766 utens
3205 2724 3264 2768 ut
3301 2716 3460 2772 domo
3494 2728 3602 2775 tua.
3635 2694 3878 2781 Ecclesia

2297 2786 2437 2839 enim
2466 2788 2601 2845 facta
2630 2802 2730 2860 est,
2761 2812 2863 2850 non
2890 2808 2952 2852 ut
2975 2806 3355 2863 convenientes
3376 2810 3528 2866 divisi
3552 2814 3758 2882 simus;
3785 2821 3879 2873 sed

2296 2885 2353 2928 ut
2402 2880 2490 2947 qui
2535 2880 2690 2937 divisi
2732 2897 2857 2940 sunt
2896 2892 3319 2962 conjungantur:
3348 2910 3405 2953 et
3450 2902 3551 2956 hoc
3604 2880 3881 2976 signiﬁcat

2294 2978 2607 3023 conventus.
2652 2972 2719 3026 Et
2762 2981 3071 3047 confunditis
3108 3001 3193 3037 eos
3236 2990 3322 3056 qui
3366 3006 3466 3043 non
3508 2972 3713 3050 haben}.
3760 2999 3878 3055 Non

2296 3058 2443 3123 dixit,
2477 3070 2532 3113 et
2559 3060 2701 3118 fame
2729 3070 2930 3123 necatis
2955 3087 3050 3126 eos
3078 3077 3167 3143 qui
3198 3093 3302 3132 non
3329 3079 3543 3147 habent,
3574 3089 3669 3141 sed
3704 3092 3879 3159 majo-

2297 3163 2405 3200 rem
2458 3150 2722 3209 incntiens
2769 3158 3058 3230 pudorem,
3106 3163 3459 3239 Confunditis,
3511 3178 3624 3232 sive
3676 3150 3881 3249 pudore

2296 3238 2526 3306 aflicitis,
2550 3248 2868 3304 utostendat
2889 3269 2947 3305 se
2971 3270 3077 3307 non
3099 3238 3409 3316 alimentum
3432 3275 3635 3321 tantum
3657 3238 3877 3339 curare,

2295 3342 2549 3395 quantum
2582 3340 2960 3395 contumeliam
3002 3345 3133 3413 ipsis
3167 3348 3441 3408 inﬂictam.
3472 3356 3611 3413 Ecce
3635 3363 3879 3429 quintam

2294 3425 2710 3493 accusationem,
2730 3430 2870 3497 quod
2890 3449 2992 3487 non
3013 3444 3217 3492 tantum
3236 3443 3535 3499 esurientes
3555 3425 3880 3519 despiciant,

2294 3512 2385 3565 sed
2416 3514 2575 3567 etiam
2606 3516 2731 3573 illos
2757 3521 2961 3589 pudore
2987 3524 3245 3583 afﬁciant.
3280 3531 3394 3589 Hoc
3422 3547 3601 3591 autem
3627 3512 3878 3609 diccbat,

2293 3603 2451 3657 simul
2491 3614 2544 3659 et
2583 3622 2644 3661 ea
2685 3625 2805 3678 qua:
2844 3627 3104 3684 pauperes
3143 3624 3454 3690 spectabant
3489 3628 3784 3699 lionorans,
3826 3603 3882 3691 ei

2293 4072 2763 4137 ccutetnplumque
2785 4086 3096 4140 pauperum,
3126 4076 3255 4132 lenit
3280 4097 3464 4137 rursus
3493 4086 3883 4158 increpationis

2292 4156 2704 4224 vehementiam,
2726 4163 2913 4219 dicens
2938 4166 3219 4224 :-Laudabo
3237 4186 3323 4227 vos
3339 4174 3366 4227 .’
3384 4176 3436 4229 in
3456 4177 3551 4232 hoc
3571 4156 3675 4235 non
3697 4184 3879 4243 laudo.

2294 4246 2444 4310 Quod
2483 4260 2629 4304 certe
2655 4254 2773 4321 quis
2798 4257 3030 4313 maxime
3065 4262 3322 4329 miretur,
3362 4269 3504 4337 quod
3543 4286 3667 4326 cum
3712 4277 3880 4332 velte-

2294 4341 2525 4393 mentius
2573 4342 2851 4411 increpare
2884 4359 3193 4418 oporteret,
3238 4367 3514 4428 postquam
3547 4371 3627 4419 tot
3656 4381 3878 4435 peccata

2293 4433 2560 4485 recensuit
2587 4444 2643 4487 et
2669 4438 2998 4506 perstrinxit,
3034 4442 3121 4497 hic
3149 4457 3335 4502 contra
3362 4450 3535 4506 leuius
3564 4433 3685 4526 agat
3709 4467 3765 4513 et
3790 4464 3882 4516 det

2294 4523 2595 4590 respirandi
2622 4526 2818 4583 locum.
2857 4532 3099 4598 Quanam
3129 4537 3195 4591 de
3224 4543 3421 4595 causa?
3464 4523 3700 4605 Gravius
3733 4553 3881 4621 ipsos

2294 4615 2679 4679 perstrinxerat
2699 4622 3019 4688 ampliﬁcata
3042 4630 3402 4697 accusatione,
3424 4645 3620 4691 etcum
3642 4615 3881 4709 optimus

2292 4700 2361 4752 sit
2382 4703 2642 4772 medicus,
2664 4723 3043 4780 congruentem
3065 4719 3371 4777 vulneribus
3390 4724 3514 4779 fecit
3535 4729 3875 4798 incisionem,

2296 4805 2468 4860 neque
2496 4810 2555 4848 ea
2586 4813 2704 4865 quae
2749 4803 3007 4867 profunda
3047 4808 3197 4878 plaga
3235 4826 3372 4879 opus
3406 4815 3674 4872 habebant
3704 4822 3756 4874 in
3789 4841 3880 4879 su—

2296 4883 2515 4946 perﬁcie
2545 4899 2736 4941 secans
2766 4908 2779 4942 :
2809 4892 3000 4947 audisti
3030 4899 3172 4951 enim
3201 4902 3466 4969 quomodo
3497 4902 3877 4970 fornicatorem

2297 4971 2386 5063 qui
2419 4975 2555 5041 apud
2586 4977 2707 5032 illos
2733 4992 2847 5034 erat
2871 4984 3158 5043 absciderit
3182 5010 3194 5044 :
3218 5007 3392 5059 neque
3412 5009 3497 5053 ea.
3518 5012 3635 5063 qua:
3658 5002 3879 5061 leniori-

2297 5059 2393 5114 bus
2428 5064 2656 5131 egebant
2700 5072 3144 5145 medicamentis,
3192 5080 3339 5136 l'erro
3380 5059 3616 5144 tradens.
3658 5093 3785 5149 ideo
3826 5110 3880 5153 et

2298 5150 2397 5206 hoc
2423 5154 2541 5209 loco
2564 5165 2923 5221 utansuetim-e
2944 5170 3111 5222 utitttr
3133 5186 3384 5229 sermone
3408 5197 3422 5231 :
3447 5180 3681 5253 alioquin
3710 5192 3875 5243 etiam

2297 5244 2533 5301 mitiores
2574 5249 2695 5304 illos
2739 5269 2865 5324 erga
2908 5273 3168 5325 pauperes
3206 5264 3435 5323 reddere
3461 5244 3788 5341 conabatur;
3824 5290 3875 5332 et

2298 5336 2417 5393 ideo
2454 5356 2574 5395 cum
2616 5345 2722 5400 illis
2761 5347 2936 5401 lenius
2979 5352 3230 5419 loquitur.
3264 5354 3503 5431 Deinde,
3550 5382 3670 5422 cum
3715 5370 3877 5424 vellet

2296 5427 2413 5484 illos
2458 5434 2562 5485 alio
2600 5436 2759 5489 modo
2804 5440 2991 5507 majori
3038 5443 3241 5509 pudore
3277 5427 3606 5524 suffundere,
3645 5473 3673 5511 a
3710 5462 3880 5517 rebus

2297 5523 2577 5589 przccipuis
2620 5541 2921 5580 sermonem
2969 5532 3097 5584 texit
3130 5551 3143 5586 :
3174 5535 3262 5593 23.
3309 5540 3424 5613 Ego
3463 5548 3595 5598 enim
3631 5559 3806 5618 accept
3841 5568 3874 5600 α

2296 5607 2533 5676 Domino,
2560 5615 2747 5683 inquit,
2767 5618 2905 5682 quod
2922 5628 2969 5670 et
2989 5624 3177 5678 tradidi
3192 5607 3602 5699 vobis,quouiam
3624 5607 3879 5697 Doniinus

2294 5700 2466 5767 Jesus,
2496 5710 2549 5758 in
2588 5724 2686 5773 qua
2716 5719 2860 5762 nocte
2895 5715 3215 5785 tradebatur,
3245 5725 3435 5790 accepit
3461 5740 3641 5791 partem
3660 5769 3675 5793 ,
3707 5730 3799 5787 24.
3834 5750 3879 5788 et

2296 5797 2488 5865 gratias
2516 5814 2670 5866 agens
2698 5798 2849 5869 fregit
2876 5814 2924 5856 et
2950 5807 3080 5861 dixit
3098 5849 3114 5875 ,
3144 5811 3384 5880 Accipite,
3419 5817 3721 5874 manducare
3742 5840 3761 5875 :
3780 5833 3879 5880 hor
