4086 6340
211 340 314 397 229

206 466 282 510 est
305 469 496 523 corpus
526 467 711 518 sitcum,
737 451 872 522 quod
909 465 1003 520 pro
1032 448 1171 505 vobis
1196 449 1448 522 frangitur
1471 465 1488 503 :
1511 448 1603 502 hac
1641 447 1798 518 facite

206 542 261 596 in
291 560 455 598 meant
481 541 1023 596 commemorationem.
1046 540 1156 596 Cur
1176 540 1263 595 hic
1286 540 1660 611 mysteriorum
1684 554 1801 594 me-

208 632 406 690 minit?
430 633 565 699 Quia
594 631 750 687 valde
776 630 1139 687 necessarium
1160 639 1276 687 erat
1302 631 1365 685 ad
1392 645 1626 700 praesens
1643 646 1801 700 argu-

208 734 454 781 mentum
477 705 568 779 tali
593 724 668 779 uti
692 738 961 779 sermone.
985 722 1118 778 Nam
1145 724 1399 777 Dominus
1422 731 1571 788 tuus,
1604 722 1795 792 inquit,

208 817 401 872 eadem
430 832 621 873 omnes
643 831 826 872 mensa
852 815 1097 887 dignatus
1122 825 1237 881 est;
1270 817 1367 871 etsi
1398 816 1484 870 illa
1508 814 1797 871 admodum

208 907 491 963 tremenda
520 917 658 972 erat,
688 908 1033 977 omniumque
1057 908 1368 978 dignitatem
1397 906 1553 963 valde
1579 922 1800 978 supcra-

208 999 335 1054 bat:
362 1008 419 1055 tu
441 1014 570 1055 vem
596 1000 717 1055 illos
740 1008 829 1055 tua
860 999 1107 1070 indignos
1126 1014 1246 1055 esse
1266 1009 1444 1070 putas,
1469 999 1556 1054 illa
1581 1000 1796 1069 inquam

208 1104 373 1160 parva
421 1099 476 1145 et
514 1090 637 1157 vili;
678 1098 734 1145 et
771 1106 891 1145 cum
923 1090 976 1144 in
1009 1090 1371 1161 spirituahbus
1399 1091 1529 1145 nihil
1557 1091 1673 1159 plus
1704 1091 1798 1144 ha-

209 1181 376 1235 beant
404 1197 560 1252 quam
590 1190 645 1236 tu
666 1222 682 1249 ,
725 1182 779 1236 in
822 1181 1169 1237 sensibilibus
1199 1182 1319 1236 illos
1358 1180 1556 1250 spolias
1581 1198 1593 1235 :
1622 1195 1797 1251 neque

209 1272 356 1325 enim
393 1272 507 1327 hch
549 1281 635 1326 tua
681 1281 825 1326 sunt.
869 1270 975 1326 Sed
1023 1281 1126 1326 nan
1158 1271 1261 1326 hoc
1290 1267 1504 1340 qt'tidem
1533 1270 1697 1337 dicit,
1731 1286 1797 1325 ne

208 1366 453 1431 asperior
478 1371 620 1429 esset
644 1378 844 1428 sermo,
866 1363 1013 1417 illum
1033 1378 1159 1416 vero
1187 1362 1602 1416 mansuetiorem
1631 1361 1798 1417 efﬁcit

208 1455 395 1511 dicens
418 1472 431 1508 :
459 1455 711 1522 Quoniam
738 1455 984 1510 Dominus
1002 1454 1038 1509 Ι
1043 1472 1175 1519 esus,
1200 1456 1251 1508 in
1272 1472 1369 1523 qua
1394 1464 1537 1508 nocte
1558 1456 1795 1508 tradeba-

207 1554 321 1610 tur,
362 1547 555 1615 accepit
600 1562 799 1615 panem.
836 1544 901 1598 Et
940 1559 1042 1614 qua
1081 1544 1150 1598 de
1190 1558 1350 1599 causa
1394 1555 1602 1614 tempus
1643 1546 1796 1599 nobis

207 1644 635 1699 commemorat,
682 1645 737 1690 et
782 1648 1061 1704 vesperam
1112 1634 1253 1688 illam
1299 1643 1354 1688 et
1400 1634 1795 1703 proditionem?

208 1724 322 1781 Non
349 1726 467 1780 sine
492 1740 653 1781 causa
678 1734 734 1780 et
760 1727 988 1799 ratione,
1010 1726 1106 1780 sed
1137 1736 1190 1778 ut
1214 1739 1372 1794 supra
1400 1724 1617 1779 modum
1642 1739 1793 1779 com-

208 1827 470 1887 pungeret
494 1817 654 1875 etiam
687 1833 717 1873 ιι
745 1828 1004 1889 tempore.
1034 1817 1260 1871 Etiamsi
1288 1816 1428 1871 enim
1453 1816 1586 1885 lapis
1608 1816 1795 1870 sitati-

205 1909 347 1977 quis,
375 1909 419 1963 si
450 1909 647 1980 cogitet
675 1908 819 1963 illam
838 1917 1072 1975 noctem,
1098 1906 1365 1978 quomodo
1382 1922 1502 1961 eum
1522 1906 1795 1977 discipulis

206 2007 323 2053 erat
352 1999 523 2053 tristis
548 2039 562 2063 ,
594 1998 866 2070 quomodo
894 1999 1125 2053 traditus
1150 2008 1231 2053 est
1257 2040 1274 2066 ,
1307 1998 1575 2068 quomodo
1604 2000 1795 2069 ligatus

206 2097 261 2143 et
301 2088 586 2153 abductus,
631 2090 903 2159 quomodo
946 2089 1214 2158 judicatus
1254 2100 1356 2153 est,
1400 2098 1453 2143 et
1494 2105 1599 2159 quo
1637 2101 1793 2160 pacto

205 2187 402 2233 cmtera
427 2179 610 2233 omnia
649 2179 925 2249 sequentia
954 2178 1209 2248 pertulit,
1236 2194 1360 2234 cera
1390 2179 1603 2233 mollior
1627 2180 1795 2241 efﬁci-

207 2278 312 2333 tur,
346 2284 376 2324 a
407 2280 545 2323 terra
572 2269 899 2325 abstrahitur
920 2280 970 2325 et
990 2270 1057 2323 ab
1078 2271 1222 2324 omni
1249 2270 1405 2339 hujus
1426 2270 1609 2325 saeculi
1630 2269 1786 2325 fastu.

205 2359 331 2415 Ideo
357 2362 537 2415 omnia
566 2362 653 2417 illa
678 2362 831 2417 nobis
856 2362 908 2417 in
938 2363 1247 2417 memoriam
1274 2373 1507 2428 revocat,
1535 2378 1629 2433 per
1655 2373 1791 2417 tem-

207 2466 306 2520 pus
346 2461 403 2507 et
431 2466 669 2507 mensam
696 2462 754 2508 et
783 2453 1136 2525 proditionem
1170 2452 1374 2523 pudore
1402 2444 1714 2509 snﬁ‘undens
1740 2465 1792 2509 et

203 2543 424 2601 dicens:
447 2543 704 2599 Dominus
727 2556 847 2600 tuus
870 2547 1105 2616 seipsum
1124 2562 1221 2617 pro
1242 2560 1291 2602 te
1313 2548 1561 2613 tradidit;
1587 2557 1643 2602 tu
1666 2563 1794 2603 vero

202 2630 358 2688 fratri
392 2649 564 2702 neque
591 2634 768 2689 cibum
801 2635 896 2689 das
926 2650 1022 2705 pro
1050 2636 1261 2705 teipse?

273 2724 331 2779 4.
362 2722 642 2790 Quomodo
681 2735 861 2780 autem
895 2726 1025 2781 dicit
1062 2742 1122 2782 se
1163 2728 1434 2798 accepisse
1458 2744 1488 2783 a
1522 2729 1793 2787 Domino?

203 2829 386 2886 neque
409 2815 553 2870 enim
583 2825 709 2873 tunc
735 2818 954 2883 aderat,
988 2819 1080 2875 sed
1116 2835 1183 2875 ex
1214 2836 1437 2876 numero
1467 2837 1795 2895 persequen-

203 2906 339 2961 tium
368 2912 504 2962 erat.
536 2907 604 2965 Ut
630 2908 806 2966 discas
830 2912 961 2967 nihil
992 2914 1109 2983 plus
1136 2914 1331 2970 habere
1358 2917 1501 2971 illam
1530 2934 1788 2985 mensam,

204 3013 374 3068 quam
413 2998 506 3054 illa
531 3016 651 3071 qua:
689 3012 871 3072 postea
907 3005 1019 3059 fuit.
1053 3005 1183 3059 Nam
1212 3016 1260 3060 et
1296 3006 1455 3062 hodie
1482 3008 1569 3064 ille
1598 3012 1790 3081 estqui

205 3093 390 3145 omnia
418 3090 584 3148 efficit
613 3102 668 3148 et
707 3095 888 3158 tradit,
935 3106 991 3150 ut
1029 3107 1081 3152 et
1110 3108 1256 3153 tunc.
1290 3098 1402 3153 Non
1441 3100 1563 3155 ideo
1591 3111 1791 3158 tantum

206 3181 355 3237 illam
387 3192 595 3238 noctem
624 3198 1011 3242 cominemorat
1030 3229 1045 3255 ,
1074 3189 1169 3244 sed
1204 3199 1258 3244 et
1299 3200 1353 3244 nt
1378 3191 1483 3245 alio
1514 3190 1671 3247 modo
1699 3209 1795 3249 nos

206 3281 554 3343 compungat.
594 3272 665 3329 Ut
701 3276 845 3329 enim
893 3277 1103 3332 illorum
1138 3282 1365 3335 maxime
1398 3282 1682 3337 verborum
1710 3300 1796 3339 re-

206 3364 500 3420 cordamur
524 3408 538 3431 ,
582 3383 702 3437 qua:
732 3370 913 3422 ultima
958 3370 1204 3427 audimus
1235 3388 1263 3427 a
1293 3374 1706 3444 decedentibus;
1740 3389 1796 3435 et

206 3453 502 3512 heredibus
522 3473 733 3525 eorum,
759 3462 801 3515 si
827 3462 1056 3518 audeant
1081 3464 1291 3520 illorum
1325 3479 1590 3539 praecepta
1623 3480 1797 3527 trans~

206 3543 383 3613 gredi,
410 3555 466 3601 ut
486 3548 688 3615 pudore
710 3549 1023 3615 afficiamus,
1046 3553 1273 3608 dicimus
1293 3574 1305 3609 :
1326 3556 1566 3628 Cogitate
1587 3570 1793 3629 patrem

210 3646 452 3693 vestrum
482 3638 619 3695 lianc
651 3641 888 3697 ultimam
927 3645 1173 3700 emisisse
1202 3663 1385 3702 vocem
1412 3690 1427 3715 ,
1454 3660 1507 3704 et
1535 3668 1700 3722 usque
1727 3654 1794 3710 ad

208 3727 378 3793 diem,
408 3746 509 3799 qua
536 3733 905 3802 exspiraturus
928 3746 1062 3799 erat,
1094 3740 1209 3793 hiI'C
1238 3741 1576 3799 mandavisse
1600 3762 1613 3797 :
1637 3746 1714 3802 sic
1742 3757 1795 3803 et

208 3820 408 3876 Paulus
434 3822 557 3877 inde
580 3825 762 3881 Volcus
786 3825 985 3882 dictum
1011 3830 1140 3884 illud
1172 3834 1503 3889 tremendum
1532 3838 1791 3903 reddere.

209 3911 591 3969 Recordamiui
615 3957 632 3984 ,
664 3919 873 3988 inquit,
918 3922 1058 3992 quod
1090 3923 1226 3979 hanc
1257 3926 1495 3983 ultimam
1524 3931 1675 3985 vobis
1701 3931 1795 3986 de-

209 4003 351 4059 derit
379 4009 617 4076 mySIerii
646 4010 1051 4081 institutionem,
1076 4025 1130 4070 et
1156 4018 1205 4070 in
1233 4018 1345 4087 ipsa
1370 4032 1544 4087 nocte,
1570 4038 1672 4092 qua
1700 4041 1797 4094 pro

212 4098 369 4153 vobis
395 4100 721 4158 occidendus
754 4114 909 4171 erat,
942 4107 1058 4163 haec
1089 4102 1437 4181 pracCeperit,
1486 4125 1540 4169 et
1581 4117 1795 4173 tradens

210 4188 370 4242 nobis
400 4188 540 4243 illam
570 4206 780 4247 canam
806 4236 821 4255 .
870 4205 987 4264 post
1017 4199 1161 4251 illam
1194 4216 1299 4255 non
1346 4204 1485 4258 aliud
1517 4207 1790 4275 adjeecrit.

210 4278 422 4333 Deinde
452 4280 540 4373 ille
571 4298 692 4351 qure
720 4293 846 4338 tunc
870 4286 1004 4339 facta
1035 4288 1185 4343 fuere
1218 4304 1397 4346 narrat
1430 4315 1441 4347 :
1476 4296 1676 4364 Accepit
1703 4316 1796 4366 pa—

208 4390 323 4427 nem
344 4413 361 4436 ,
395 4383 441 4427 et
467 4390 579 4428 cum
605 4378 795 4446 gratias
820 4378 1031 4448 egisset,
1076 4384 1224 4453 [regit
1261 4395 1308 4436 et
1349 4386 1473 4439 dixit
1498 4387 1790 4458 :Accipite,
1865 4442 1872 4451 ,

208 4462 550 4527 manducate;
576 4466 669 4518 hoc
699 4478 769 4520 est
794 4484 977 4538 corpus
1013 4488 1173 4525 meum
1202 4475 1335 4542 quod
1365 4492 1455 4546 pro
1482 4478 1618 4531 vobis
1645 4484 1793 4549 fran-

207 4556 369 4626 gitur.
402 4555 461 4609 Si
494 4570 621 4626 ergo
648 4569 865 4628 propter
888 4562 1262 4617 eucharistiam
1305 4568 1549 4632 accedis,
1586 4578 1635 4622 tu
1666 4572 1795 4628 nihil

208 4646 553 4704 eucharistia:
597 4649 870 4720 indignum
918 4654 1095 4717 facito,
1144 4671 1315 4725 neque
1364 4657 1566 4726 pudore
1596 4663 1796 4720 afﬁcias

210 4738 432 4795 fratrem
452 4780 471 4805 .
500 4756 597 4799 nec
628 4744 1275 4823 esurientem‘despicias,
1304 4749 1698 4823 neinebrieris,
1730 4772 1795 4812 ne

212 4829 512 4889 Ecclesium
543 4836 860 4890 contumeiia
894 4809 1112 4891 afﬁcias.
1148 4809 1387 4895 Accedis'
1408 4845 1603 4911 gratias
1634 4809 1796 4918 agens

210 4937 311 4991 pro
338 4921 403 4974 iis
434 4936 551 4988 qua:
581 4927 830 4995 accepisti
861 4946 872 4979 :
898 4944 1025 4997 ergo
1052 4940 1103 4983 et
1138 4942 1190 4983 tu
1221 4932 1388 4986 vicem
1417 4938 1670 5006 repende,
1703 4954 1798 4993 ne—

208 5028 317 5082 que
352 5022 404 5067 te
434 5012 717 5071 abscindas
745 5033 773 5071 a
804 5022 1066 5089 proximo.
1100 5023 1304 5078 Etenim
1336 5028 1579 5083 Christus
1615 5033 1791 5085 omni-

208 5104 310 5158 bus
359 5104 637 5171 :equaliter
676 5107 821 5163 dedit
866 5110 1070 5179 dicens,
1116 5117 1359 5187 Accipite,
1401 5123 1658 5176 comeditc.
1704 5126 1795 5181 Ille

209 5206 411 5263 corpus
438 5197 715 5265 :rqualiter
741 5200 885 5255 dedit
912 5219 926 5267 ;
974 5213 1026 5257 tu
1058 5221 1185 5261 vero
1214 5225 1280 5261 ne
1312 5225 1645 5266 communem
1674 5218 1795 5285 qni-

208 5286 332 5340 dem
358 5299 549 5356 panem
575 5292 851 5359 aequaliter
867 5294 995 5349 das?
1019 5314 1140 5353 nam
1165 5316 1261 5371 pro
1283 5305 1528 5358 omnibus
1552 5308 1795 5367 similiter

209 5378 442 5433 fractum
473 5386 575 5443 est,
602 5388 655 5433 et
677 5396 743 5435 ex
766 5399 918 5455 aequo
941 5386 1039 5443 fuit
1063 5404 1255 5461 corpus
1285 5409 1379 5463 pro
1408 5399 1673 5455 niuuibus.
1698 5403 1788 5459 25.

208 5467 465 5523 Similiter
500 5477 547 5521 et
577 5470 815 5537 calicem,
849 5489 1111 5549 postquam
1149 5488 1359 5539 cenavit
1383 5528 1398 5551 ,
1450 5490 1619 5543 dicens
1648 5508 1666 5546 :
1694 5494 1793 5550 llic

206 5561 351 5614 talia:
376 5576 558 5615 nouum
584 5572 934 5621 testamentum
957 5580 1030 5624 est
1062 5573 1116 5626 in
1142 5591 1249 5629 meo
1280 5580 1523 5649 sanguine
1545 5598 1563 5634 :
1586 5584 1679 5635 hoc
1706 5590 1790 5655 fa-

204 5651 324 5713 cite,
364 5652 769 5723 quotiescumque
790 5655 1040 5725 biberitis,
1077 5663 1129 5716 in
1166 5682 1326 5723 meam
1354 5651 1789 5731 commemoratio-

208 5757 343 5798 nem.
374 5743 507 5811 Quid
538 5745 711 5801 dicis?
739 5755 1303 5812 commemorationem
1330 5759 1525 5817 Christi
1553 5762 1696 5829 facis.
1728 5778 1785 5824 et

538 5855 803 5920 Pii-ruet.
852 5865 966 5923 Gn.
1012 5863 1171 5929 LXI.

1215 332 1281 391 IN
1321 332 1534 391 EPIST.
1573 331 1597 389 Ι
1662 331 1754 386 AD
1793 328 1947 385 (ΞΟΠ.
1990 329 2225 387 HUMIL.
2270 331 2482 388 XXVII.

3382 337 3489 396 230

1919 459 2185 516 pauperes
2213 448 2474 518 despicis,
2510 465 2607 506 nec
2636 451 3012 514 exhorrescis?
3057 456 3160 512 Sed
3203 459 3245 511 si
3278 457 3373 514 ﬁlii
3406 471 3508 515 aut

1913 534 2094 592 fratris
2143 544 2338 595 mortui
2386 546 2948 601 commemorationem
3001 547 3205 604 faceres
3235 592 3249 617 ,
3294 566 3326 606 a
3375 566 3501 605 cou-

1907 628 2131 683 scientia
2160 635 2472 699 puugereris
2496 676 2511 698 ,
2538 634 2582 688 si
2612 651 2714 689 non
2748 651 2951 695 morem
2982 650 3242 709 sequutus
3269 656 3418 698 esses
3450 652 3503 695 et

1906 734 2173 790 pauperes
2194 726 2498 780 vocavisses
2525 746 2536 778 :
2562 742 2679 781 eum
2706 738 2883 784 autem
2913 731 3117 786 Domini
3149 733 3219 788 tui
3251 747 3500 791 comme-

1907 812 2263 867 morationem
2304 814 2434 869 facis
2454 858 2468 879 ,
2502 832 2677 885 neque
2721 835 2919 875 mensa:
2947 822 3136 877 saltem
3165 830 3493 881 consortium

1905 899 2022 955 das.
2052 901 2187 969 Quid
2218 918 2345 958 vero
2375 906 2475 959 sibi
2500 907 2607 961 vult
2638 909 2765 963 illud
2794 909 2936 964 :.Hic
2964 913 3101 967 calix
3130 931 3311 969 notum
3341 925 3487 970 testa-

1904 1004 2124 1046 mentum
2174 997 2302 1049 est?
2347 996 2557 1052 Veteris
2614 1000 2756 1055 enim
2808 1004 3113 1079 testamenti
3157 1006 3293 1061 calix
3338 1020 3487 1062 erant

1903 1084 2156 1140 libamina
2181 1099 2234 1141 et
2262 1090 2479 1159 sanguis
2505 1090 2781 1145 brutorum
2811 1111 2822 1145 :
2850 1103 3130 1164 postquam
3154 1098 3297 1152 enim
3324 1101 3491 1154 sacri-

1903 1175 2209 1241 ﬁcaverunt,
2234 1178 2284 1231 in
2313 1179 2476 1234 calice
2506 1189 2559 1235 et
2590 1181 2762 1250 phiala
2787 1185 3100 1254 sanguinem
3134 1189 3489 1257 excipientes,

1902 1268 1979 1321 sic
2032 1268 2289 1323 libabant.
2340 1271 2475 1339 Quia
2530 1274 2691 1343 igitur
2736 1291 2832 1342 pro
2899 1278 3155 1346 sanguine
3208 1279 3491 1337 brutorum

1901 1360 2211 1427 sanguinem
2251 1376 2407 1416 suum
2462 1363 2705 1428 induxit;
2755 1382 2821 1421 ne
2873 1369 2994 1436 quis
3035 1370 3337 1425 turbaretur
3390 1373 3493 1429 huc

1901 1447 2143 1515 audiens,
2163 1451 2213 1504 in
2229 1453 2542 1507 memoriam
2557 1456 2986 1512 revocavitvctus
2999 1460 3123 1513 illud
3145 1462 3462 1517 sacriﬁcium
3474 1504 3489 1518 .

1902 1536 2105 1593 Deinde
2132 1540 2199 1595 de
2223 1556 2375 1597 omna
2401 1543 2485 1599 illa
2517 1544 2787 1615 loquutus,
2812 1550 3097 1616 praesentia
3129 1552 3192 1608 iis
3220 1569 3338 1623 quas
3364 1565 3491 1609 tunc

1899 1638 2053 1683 erant
2081 1632 2357 1702 conjungit
2382 1650 2394 1685 :
2423 1646 2481 1687 ut
2512 1636 2661 1704 quasi
2694 1637 2746 1690 iu
2784 1638 2874 1692 illa
2904 1655 3125 1709 vespera
3145 1683 3160 1707 ,
3197 1642 3249 1697 in
3277 1644 3493 1699 codem—

1900 1734 2004 1786 que
2032 1730 2201 1775 strato
2231 1725 2626 1791 recumbentes,
2647 1737 2705 1781 et
2726 1728 2793 1782 ab
2818 1729 2935 1799 ipso
2960 1731 3174 1788 Christo
3200 1734 3301 1790 hoc
3327 1738 3494 1791 sacri-

1903 1810 2081 1864 licium
2123 1814 2449 1882 accipientes
2473 1858 2485 1879 ,
2532 1817 2599 1869 ita
2648 1828 2704 1873 et
2754 1835 2897 1874 nunc
2926 1822 3257 1888 afﬁciantur;
3290 1837 3344 1881 ct
3374 1827 3486 1883 ait:

1898 1900 1988 1955 26.
2027 1902 2445 1976 Quotiescumque
2474 1909 2607 1961 enim
2646 1911 3017 1967 manducabitis
3046 1930 3227 1981 panem
3258 1917 3413 1985 hunc,
3442 1931 3490 1974 et

1898 1993 2105 2047 calicem
2139 1996 2347 2060 bibctis,
2397 2008 2604 2052 mortem
2652 2000 2863 2055 Domini
2900 2007 3295 2073 annuntiabitis,
3333 2010 3499 2065 donec

1899 2082 2085 2136 veniat.
2114 2084 2261 2140 Sicut
2286 2088 2427 2141 enim
2455 2089 2507 2142 in
2541 2105 2676 2159 pane
2704 2100 2759 2145 et
2786 2093 2839 2145 in
2865 2095 3034 2150 calice
3061 2095 3194 2151 dixit
3219 2098 3486 2169 Christus,

1902 2173 2013 2229 ΙΙοο
2039 2176 2192 2244 facite
2229 2179 2281 2232 in
2322 2197 2482 2233 meam
2513 2186 3059 2255 commemorationem,
3093 2206 3306 2245 causam
3337 2195 3490 2249 nobis

1896 2265 2143 2331 aperiens
2165 2267 2273 2321 dati
2300 2271 2563 2339 mysterii,
2591 2283 2643 2326 et
2668 2289 2788 2326 cum
2817 2276 2936 2330 aliis
2960 2276 3065 2331 hoc
3093 2280 3251 2334 etiam
3280 2281 3485 2350 dicens,

1902 2354 2069 2423 ipsam
2105 2358 2257 2411 nobis
2285 2363 2415 2414 satis
2440 2376 2561 2416 esse
2592 2364 2656 2416 ad
2688 2365 2899 2432 pietatis
2928 2380 3299 2437 argumentum
3327 2388 3485 2428 :cum

1896 2443 2037 2497 enim
2083 2447 2405 2515 cogitaveris
2448 2452 2576 2520 quid
2622 2453 2877 2511 Dominus
2918 2466 3040 2513 tuus
3083 2460 3152 2515 sit
3200 2477 3487 2532 perpessus

1896 2542 2116 2603 propter
2141 2544 2213 2599 te,
2245 2539 2415 2608 magis
2444 2540 2793 2611 philosolihus
2820 2547 2929 2601 eris
2954 2564 2968 2602 :
2991 2549 3069 2603 sic
3095 2560 3147 2604 et
3178 2551 3375 2611 Paulus
3401 2554 3489 2611 hic

1898 2624 1995 2691 ait,
2027 2626 2447 2700 Quotiescumque
2474 2633 2848 2689 manducabitis
2866 2677 2881 2703 ,
2913 2649 3124 2693 mortem
3151 2642 3260 2711 ejus
3289 2660 3489 2699 annuit-

1898 2715 2106 2769 tiabitis.
2133 2717 2199 2772 Et
2223 2720 2336 2774 haec
2358 2730 2440 2776 est
2466 2722 2553 2776 illa
2574 2738 2747 2778 caena.
2774 2726 2974 2787 Deinde
2994 2745 3115 2784 cum
3142 2734 3484 2803 ostendisset,

1897 2807 2039 2873 quod
2083 2822 2249 2877 usque
2290 2809 2356 2864 ad
2398 2816 2915 2871 consummationem
2958 2820 3051 2874 illa
3094 2834 3337 2887 maneat,
3381 2829 3483 2894 ait,

1897 2893 2072 2950 Donec
2098 2899 2281 2953 veniat.
2314 2899 2404 2955 27.
2438 2900 2621 2969 Itaque
2650 2907 2955 2978 quicumque
2983 2913 3362 2972 manducaeorit
3397 2893 3486 2987 pa?

1898 3002 2015 3043 nem
2036 2989 2170 3043 hunc
2196 2992 2274 3044 vel
2301 2992 2477 3046 biberit
2502 2992 2711 3049 calicem
2741 2996 2945 3053 Domini
2985 3002 3219 3073 indigne,
3249 3024 3363 3061 rats
3391 3010 3487 3062 erit

1895 3080 2123 3149 corporis
2149 3090 2196 3135 et
2225 3084 2489 3153 sanguinis
2517 3085 2743 3141 Domini.
2778 3089 2999 3156 Quare?
3032 3096 3162 3159 Quia
3208 3098 3391 3154 effudit
3420 3101 3486 3155 il-

1896 3170 2028 3236 lum,
2057 3180 2111 3225 et
2137 3187 2200 3228 ea
2230 3188 2317 3227 res
2344 3178 2723 3232 mactationem
2751 3182 3010 3248 exhibuit,
3042 3202 3149 3243 non
3176 3188 3293 3257 jam
3314 3194 3485 3248 sacri.

1898 3258 2095 3315 ﬁcium.
2131 3261 2201 3317 Ut
2226 3278 2355 3333 ergo
2387 3274 2513 3321 tunc
2551 3269 2640 3335 qui
2674 3269 3084 3342 transﬁxerunt,
3118 3292 3223 3332 non
3259 3289 3313 3333 ut
3339 3282 3487 3341 ωδε.

1898 3360 2017 3405 rent
2046 3352 2428 3410 transfixerunt
2449 3398 2463 3424 ,
2495 3358 2588 3412 sed
2616 3369 2673 3413 ut
2712 3360 3049 3419 eﬁ'underent
3070 3384 3085 3421 :
3108 3367 3181 3433 ita
3211 3372 3369 3427 etiam
3396 3376 3487 3445 qui

1898 3441 2115 3512 indigne
2144 3447 2427 3517 participat
2447 3489 2461 3511 ,
2492 3460 2545 3503 et
2575 3452 2707 3506 nihil
2734 3452 2860 3510 hinc
2886 3455 3090 3514 fructus
3120 3465 3365 3535 percipit.
3398 3441 3487 3522 i’i-

1898 3533 2019 3587 deu‘
2064 3551 2223 3605 quam
2274 3541 2567 3597 terribilem
2617 3561 2922 3603 sermonem
2968 3550 3175 3621 fecerit,
3228 3533 3282 3612 et
3328 3576 3487 3631 quam

1898 3625 2074 3680 valide
2103 3628 2223 3681 illos
2254 3633 2645 3700 perstrinxerit,
2680 3640 2969 3696 ostendens
3001 3646 3140 3713 quod
3172 3650 3214 3703 si
3244 3651 3324 3707 sic
3345 3625 3488 3709 bibi-

1902 3716 2007 3769 turi
2036 3716 2161 3781 sint,
2194 3719 2409 3791 indigne
2436 3724 2543 3778 sint
2570 3731 2963 3798 pmpositorum
2992 3740 3319 3809 participes?
3344 3745 3488 3812 Quo-

1904 3806 2066 3861 modo
2090 3808 2233 3863 enim
2266 3825 2370 3866 non
2400 3814 2614 3885 indigne
2640 3820 2728 3887 qui
2757 3820 2983 3891 despicit
3010 3806 3481 3906 esurientequui

1898 3894 2250 3965 despicienda
2276 3903 2483 3972 pudore
2513 3907 2804 3965 suffundit?
2835 3914 2961 3968 Nam
2992 3919 3034 3971 si
3064 3936 3167 3974 nou
3198 3923 3325 3979 dare
3346 3894 3487 3995 priu-

1900 3986 2119 4056 poribus
2150 3990 2295 4060 ejicit
2336 4008 2401 4048 ex
2446 4011 2611 4067 regno
2652 4002 2942 4069 cielorum,
2988 4009 3148 4064 etiam
3195 4016 3235 4067 si
3276 3986 3377 4084 qua
3420 4023 3487 4073 sit

1904 4076 2092 4146 virgo;
2126 4080 2236 4135 imo
2260 4084 2422 4137 etiam
2448 4086 2492 4139 si
2522 4103 2629 4142 non
2657 4090 2877 4160 largiter
2896 4096 3081 4161 detur;
3113 4116 3231 4155 nam
3259 4076 3359 4158 illa-
3384 4109 3485 4161 vir-

1900 4169 2052 4237 gines
2080 4171 2257 4226 oleum
2302 4173 2574 4231 habebant
2597 4218 2611 4244 ,
2644 4180 2737 4233 sed
2768 4197 2872 4237 non
2916 4184 3137 4257 largiter
3174 4191 3438 4249 habebant
3466 4216 3481 4253 :

1902 4269 2009 4313 tam
2042 4262 2207 4317 multa
2239 4263 2468 4320 absurda
2498 4267 2692 4327 fecisse
2713 4315 2725 4336 ,
2757 4277 2927 4346 cogita
2960 4293 3215 4349 quantum
3244 4287 3345 4339 erit
3374 4304 3485 4340 ma-

1900 4350 2032 4404 lum.

1970 4441 2024 4496 5.
2062 4442 2191 4509 Qua:
2237 4445 2485 4515 absurda,
2532 4449 2735 4522 inquit?
2774 4456 2910 4522 Quid
2955 4458 3123 4527 dicis,
3166 4466 3341 4533 qualia
3383 4470 3481 4524 ab-

1900 4533 2099 4587 surda?
2127 4534 2271 4592 Talis
2298 4553 2497 4594 mensae
2524 4542 2788 4614 particeps
2817 4546 2989 4616 fuisti,
3019 4561 3073 4607 et
3098 4568 3216 4611 cum
3243 4563 3478 4617 omnium

1902 4624 2215 4680 mitissimus
2253 4642 2374 4681 esse
2415 4627 2689 4686 debuisses
2734 4646 2786 4688 et
2830 4652 2926 4708 par
2966 4646 3201 4713 angelis,
3243 4652 3476 4707 omnium

1902 4716 2299 4769 crudelissimus
2335 4716 2554 4775 effectus
2584 4738 2663 4777 es.
2694 4724 2928 4785 Gustasti
2960 4738 3266 4805 sanguinem
3301 4741 3478 4797 Domi-

1901 4807 2079 4860 nicum
2104 4847 2117 4870 ,
2146 4816 2197 4861 et
2226 4823 2399 4877 neque
2427 4810 2645 4869 fratrem
2679 4818 2749 4873 ita
2778 4826 3055 4891 agnoscis;
3086 4836 3139 4881 et
3165 4845 3265 4899 qua
3292 4832 3481 4904 dignus

1899 4910 2053 4950 venia
2099 4896 2304 4952 fueris?
2350 4899 2678 4975 Quamquam
2728 4913 2827 4965 etsi
2879 4924 3033 4969 antea
3088 4896 3402 4990 ignorabas,
3446 4943 3476 4982 ι

1900 4999 2083 5039 mensa
2116 4986 2261 5041 illum
2290 5004 2583 5060 agnoscere
2608 5000 2844 5066 oportuit
2875 5019 2887 5054 :
2922 5019 3063 5060 nunc
3100 4986 3277 5065 autem
3310 4986 3475 5082 ipsam

1900 5078 2059 5133 etiam
2088 5089 2325 5135 mensam
2354 5081 2665 5151 dedecoras,
2698 5088 2822 5143 dum
2854 5092 2997 5148 illum
3021 5098 3111 5165 qui
3133 5078 3374 5170 dignatus
3399 5114 3483 5160 est

1901 5165 2042 5223 illius
2086 5172 2349 5241 particeps
2388 5173 2525 5241 ﬁeri,
2570 5194 2636 5232 ne
2686 5182 2817 5236 cibis
2861 5187 3073 5254 quidem
3118 5193 3220 5245 tuis
3318 5214 3476 5265 gnum

1901 5260 2195 5314 existimas.
2232 5262 2343 5316 Non
2374 5267 2567 5323 audisti
2593 5282 2786 5340 quanta
2812 5292 2995 5344 passus
3026 5292 3107 5336 est
3134 5283 3222 5340 ille
3246 5260 3340 5357 qui
3354 5306 3481 5346 cen~

1902 5357 2011 5402 tum
2038 5350 2289 5407 denarios
2324 5357 2609 5426 exigebat?
2636 5366 2905 5431 quomodo
2945 5371 3046 5425 sibi
3087 5350 3340 5434 collatum
3380 5382 3480 5436 do-

1901 5454 2025 5491 num
2059 5439 2265 5495 irritum
2296 5442 2515 5500 fecerit?
2545 5466 2651 5505 non
2672 5455 2871 5523 cogitas
2892 5460 3009 5526 quis
3029 5476 3149 5517 cum
3173 5483 3341 5536 esses,
3364 5476 3480 5543 quis

1899 5527 2118 5582 effectus
2159 5530 2363 5588 fueris?
2406 5551 2515 5593 non
2560 5542 2858 5599 recordaris
2897 5556 2952 5603 te
2996 5550 3099 5607 hoc
3144 5557 3194 5609 in
3241 5527 3479 5629 pecuniis

1897 5621 2311 5722 paupere-longe
2338 5623 2503 5682 fuisse
2529 5633 2898 5700 pauperiorem
2931 5640 2982 5694 in
3011 5642 3163 5698 bonis
3191 5621 3475 5722 operibus,

1900 5722 2024 5764 cum
2046 5711 2191 5767 mille
2213 5718 2443 5783 peccatis
2475 5719 2663 5788 plenus
2691 5726 2879 5780 esses?
2906 5728 3152 5788 Attamen
3173 5711 3343 5793 abhis
3364 5711 3475 5797 om:

1908 5799 2059 5856 nibus
2101 5812 2151 5857 te
2187 5802 2430 5861 liberavit
2475 5810 2632 5879 Deus,
2672 5824 2832 5884 teque
2878 5819 2965 5876 tali
3005 5837 3191 5879 melisa
3235 5828 3475 5899 dignatus

3076 5915 3146 5977 15
