4086 6340
547 508 757 555 est:tu
801 510 929 553 vero
973 511 1043 552 ne
1093 496 1170 551 sic
1212 496 1428 565 quidem
1483 498 1765 565 benignior
1815 497 2040 553 effectus
2064 514 2141 553 es.

553 590 741 661 Itaque
771 590 902 644 nihil
949 588 1095 643 aliud
1146 598 1338 655 restat,
1367 604 1531 657 quam
1564 598 1621 642 ut
1652 589 1879 644 tradat-is
1925 592 2140 646 tortori-

553 681 679 737 bus.
724 680 848 737 liae
874 681 1036 736 verba
1063 693 1163 734 nos
1194 694 1409 750 quoque
1440 693 1632 733 omnes
1659 680 1963 745 audiamus,
1989 691 2147 751 quot-

554 782 688 846 quot
712 789 835 831 cum
862 772 1192 846 pauperibus
1217 772 1284 826 ad
1317 786 1528 826 sacram
1558 770 1700 827 hanc
1730 786 1968 827 n-ensam
1997 788 2152 828 acce-

552 866 755 924 dimus.
781 862 1104 922 Hincautem
1127 863 1357 934 egressi,
1372 876 1441 917 ne
1465 861 1589 917 illos
1610 862 1824 932 quidem
1850 866 2153 933 respexisse

554 956 817 1019 ridemur.
843 958 941 1015 sed
970 966 1026 1013 et
1050 956 1187 1013 ebrii
1210 971 1399 1011 sumus
1422 963 1480 1011 et
1504 954 1807 1010 esurientes
1832 967 2152 1024 praetercur-

556 1052 896 1122 rimus:qua
931 1050 1000 1105 de
1041 1065 1098 1104 re
1137 1057 1266 1104 tunc
1301 1047 1570 1103 Corinthii
1611 1048 2024 1103 accusabantur.
2085 1049 2152 1105 Et

556 1143 922 1214 quandoaam,
949 1142 1176 1213 inquies,
1210 1141 1313 1196 hoc
1358 1140 1455 1195 tit?
1485 1140 1717 1209 Semper
1743 1140 1982 1210 quidem,
2014 1154 2154 1210 pra-

558 1235 718 1306 cipue
756 1248 886 1289 vero
929 1232 983 1288 in
1026 1232 1219 1288 diebus
1266 1232 1438 1298 festis,
1468 1245 1592 1286 cum
1637 1234 1876 1288 maxime
1907 1234 2018 1288 fieri
2046 1247 2151 1288 non

557 1342 855 1406 oporteret.
880 1334 1034 1388 'l'unc
1055 1332 1203 1387 enim
1233 1338 1356 1401 post
1380 1329 1816 1387 communionem
1843 1330 2025 1386 statim
2054 1346 2153 1388 ex-

554 1426 688 1497 ripit
710 1426 949 1483 ebrietas
976 1433 1032 1480 et
1062 1437 1357 1494 pauperum
1389 1430 1733 1493 contemptus
1761 1433 1845 1479 :et
1872 1432 2155 1494 postquam

555 1518 872 1589 sanguinem
903 1514 1179 1586 recepisti,
1207 1528 1333 1570 cum
1375 1512 1567 1585 jejunii
1609 1514 1701 1569 tibi
1753 1524 1961 1585 tempus
1989 1525 2074 1571 est
2101 1523 2157 1572 et

558 1610 897 1675 sobrietatis,
927 1605 1288 1663 debaccharis
1328 1615 1384 1661 et
1433 1606 1775 1661 comessaris.
1826 1606 1892 1659 Et
1937 1606 1983 1660 si
2027 1604 2155 1676 quid

559 1701 685 1758 boni
715 1698 1023 1771 perceperis
1048 1698 1105 1753 in
1130 1696 1381 1769 prandio,
1411 1712 1573 1752 caves
1608 1709 1676 1751 ne
1704 1694 1814 1751 alio
1842 1711 2006 1765 pravo
2035 1695 2156 1751 cibo

561 1792 795 1859 priorem
835 1790 1164 1847 labefactes:
1197 1803 1322 1845 cum
1366 1798 1546 1843 autem
1595 1786 1936 1857 spiritualem
1973 1787 2154 1843 cibum

560 1885 854 1953 acceperis,
878 1885 1145 1940 satanicas
1166 1882 1377 1938 inducis
1399 1882 1644 1937 delicias.
1667 1881 1853 1952 Cogita
1875 1883 2001 1953 qui-1
2020 1898 2154 1952 apo-

559 1976 684 2031 stoli
715 1975 962 2041 fecerint,
991 1990 1114 2029 cum
1150 1973 1270 2027 illas
1315 1987 1499 2028 sacras
1532 1974 1905 2041 percepisseut
1931 1987 2153 2027 manas:

561 2083 743 2123 nonne
781 2068 847 2121 ad
890 2067 1190 2122 orationem
1237 2063 1696 2126 convertebautur
1738 2075 1793 2119 et
1822 2064 1888 2118 ad
1931 2064 2158 2137 hymnos

559 2163 954 2221 cclcbrandos?
986 2176 1164 2216 nonie
1201 2160 1267 2215 ad
1316 2175 1467 2216 sacra
1511 2159 1835 2230 pervigilia?
1882 2175 2059 2222 nonne
2089 2160 2155 2213 ad

562 2258 860 2313 doctrinam
894 2256 1129 2325 longam.
1163 2270 1282 2325 qua:
1314 2269 1505 2323 magna
1556 2254 1709 2323 plena
1757 2265 1872 2309 erat
1920 2254 2158 2324 philoso-

561 2350 723 2421 phia?
758 2365 948 2421 magna
979 2350 1181 2419 quippe
1207 2357 1265 2401 et
1294 2346 1561 2401 mirabilia
1593 2354 1719 2400 tunc
1756 2346 1833 2400 illi
1870 2346 2160 2402 enarrabat

557 2453 616 2496 et
643 2440 1017 2511 praecipiebat,
1046 2438 1376 2492 abscedente
1412 2434 1575 2501 Juda,
1602 2435 1668 2490 ad
1714 2436 1991 2492 vocandus
2036 2438 2158 2493 Illos

558 2534 650 2601 qui
679 2534 853 2601 ipsum
884 2530 937 2585 in
968 2544 1183 2585 crucem
1230 2530 1403 2583 acturi
1433 2536 1610 2584 erant.
1652 2529 1767 2584 Non
1799 2528 1994 2583 audisti
2024 2544 2158 2599 quo-

560 2623 722 2679 modo
742 2622 833 2677 illa
855 2622 958 2677 tria
984 2621 1153 2675 millia
1180 2618 1481 2685 hominum,
1508 2620 1597 2689 qui
1622 2618 2020 2673 communionis
2039 2634 2159 2690 par-

560 2714 750 2785 ticipes
794 2721 973 2780 erant,
1005 2726 1222 2781 semper
1268 2709 1690 2779 perseverabant
1735 2710 1786 2763 in
1829 2710 2074 2767 oratione
2102 2721 2157 2768 et

560 2807 615 2860 in
643 2805 910 2873 doctrina,
929 2819 1037 2859 non
1062 2802 1116 2857 in
1139 2802 1512 2862 ebrietatibus,
1540 2817 1645 2855 non
1675 2801 1727 2856 in
1751 2803 2159 2859 comessationi-

560 2898 698 2953 bus?
724 2898 804 2953 Tu
829 2912 957 2952 vero
976 2906 1261 2966 antequam
1290 2894 1551 2965 percipias
1575 2894 1817 2964 quidem,
1842 2894 2077 2964 jejunas,
2104 2905 2160 2952 ut

560 2988 1066 3059 quomodocumque
1095 2989 1289 3059 dignus
1339 2989 1725 3043 communione
1773 2986 2033 3052 videaris,
2067 2987 2155 3042 ubi

564 3090 745 3134 autem
770 3079 1078 3148 percepisti,
1101 3095 1222 3133 cum
1251 3094 1372 3147 opm
1388 3087 1526 3132 teret
1548 3087 1599 3133 te
1622 3076 2029 3147 temperantiam
2059 3093 2152 3131 ar-

563 3184 712 3239 gere,
737 3170 916 3223 omnia
945 3169 1145 3237 perdis.
1180 3169 1339 3238 Atqui
1371 3182 1474 3222 non
1504 3182 1601 3235 par
1626 3181 1717 3222 res
1737 3176 1821 3221 est
1841 3176 1997 3223 antea
2019 3170 2144 3238 jeju-

563 3274 717 3325 nare,
749 3267 805 3313 et
831 3268 1015 3328 postea
1044 3277 1057 3314 :
1084 3260 1137 3313 in
1163 3268 1391 3328 utroque
1419 3259 1561 3313 enim
1589 3268 1831 3327 tempore
1854 3268 2158 3329 temperau-

562 3360 673 3404 tem
702 3365 825 3406 esse
849 3360 1086 3420 oportet,
1119 3351 1352 3406 maxime
1399 3365 1528 3405 vero
1574 3361 1854 3419 postquam
1900 3366 2155 3419 sponsum

560 3440 820 3511 excepisti
849 3450 1036 3500 zantea
1082 3440 1294 3505 quidem
1314 3482 1326 3503 ,
1358 3449 1416 3493 ut
1439 3440 1633 3510 dignus
1663 3440 1740 3493 sis
1766 3442 1853 3508 qui
1885 3438 2152 3507 accipias;

557 3531 747 3591 postea
779 3535 928 3586 vero,
957 3532 1027 3574 ne
1054 3521 1301 3588 indiguus
1329 3518 1563 3573 videaris
1602 3517 1671 3573 iis
1708 3530 1831 3587 quae
1868 3518 2143 3587 accepisti.

556 3612 694 3679 Quid
725 3626 876 3682 ergo,
906 3607 1328 3681 jejunandumne
1364 3616 1447 3663 est
1486 3614 1770 3677 postquam
1815 3605 2147 3673 acceperim?

557 3703 674 3757 Non
706 3701 809 3757 hoc
836 3701 995 3767 dico,
1026 3712 1202 3770 neque
1243 3706 1294 3753 te
1334 3710 1487 3766 cogo.
1535 3696 1741 3751 Bonum
1784 3692 1997 3764 quidem
2046 3694 2147 3750 hoc

556 3808 770 3865 quoque
791 3801 966 3857 esset;
998 3806 1183 3847 verum
1205 3804 1312 3845 non
1337 3789 1441 3843 vim
1463 3787 1657 3852 infero,
1687 3784 1783 3842 sed
1804 3785 2060 3841 adhortor
2080 3802 2149 3842 ne

560 3895 613 3938 te
630 3882 836 3938 deliciis
858 3880 1080 3952 impleas
1100 3889 1250 3936 extra
1269 3893 1598 3934 mensuram.
1621 3877 1677 3932 Si
1692 3877 1838 3933 enim
1860 3893 2148 3947 numquam

558 3979 805 4042 oporteat
825 3970 1095 4033 deliciari;
1120 3968 1225 4022 hoc
1244 3969 1386 4023 enim
1409 3967 1698 4021 declaravit
1726 3965 1924 4020 Paulus
1942 3966 2144 4034 dicens,

563 4064 693 4129 Qtue
717 4059 961 4115 calentia
980 4057 1175 4112 deliciis
1202 4064 1298 4123 est,
1339 4057 1504 4109 vivens
1546 4065 1745 4109 mortua
1783 4064 1855 4109 est
1894 4054 1968 4122 (l.
2013 4053 2145 4108 Tim.

560 4156 613 4209 5.
646 4153 735 4223 6)
763 4150 934 4207 multo
962 4148 1131 4217 magis
1159 4156 1285 4203 tunc
1313 4146 1591 4202 morietur.
1626 4145 1684 4201 Si
1728 4156 1907 4202 autem
1942 4146 2150 4201 delicia:

562 4258 706 4300 niors
729 4250 854 4299 sunt
882 4240 1119 4304 mulieri,
1147 4239 1317 4294 multo
1346 4238 1517 4309 magis
1545 4238 1696 4304 viro;
1724 4234 1789 4293 et'
1807 4237 1851 4292 si
1876 4237 1982 4292 alio
2011 4247 2149 4293 tem-

561 4349 691 4403 pore
728 4332 937 4386 delicia:
980 4329 1228 4397 perdunt,
1258 4328 1429 4383 multo
1470 4328 1639 4397 magis
1682 4336 1802 4397 post
1841 4336 2146 4396 perceptam

560 4420 943 4491 mysteriorum
998 4416 1451 4471 communionem.
1504 4414 1587 4469 Tu
1626 4424 1808 4470 autem
1852 4430 1988 4484 pane
2026 4417 2149 4470 vita:

560 4517 805 4580 accepto,
836 4522 951 4563 rem
977 4513 1151 4561 morte
1172 4504 1386 4575 dignam
1418 4503 1570 4568 facis,
1600 4512 1657 4560 et
1696 4519 1801 4559 non
1842 4504 2149 4560 horrescis?

562 4604 743 4658 nescis
766 4615 924 4672 quam
952 4598 1116 4654 multa
1144 4596 1284 4653 mala
1307 4611 1373 4653 ex
1396 4594 1605 4651 deliciis
1625 4593 1981 4650 inducantur?
2011 4595 2151 4649 risus

564 4692 972 4762 intempestivus
995 4731 1011 4755 ,
1054 4689 1323 4744 incondita
1353 4687 1538 4754 verba,
1569 4685 1866 4742 scurrilitas
1894 4686 2149 4757 perniciei

564 4787 745 4856 plena,
782 4796 937 4852 nugae
975 4781 1193 4835 inutiles
1235 4790 1289 4836 et
1333 4780 1434 4835 alia
1471 4796 1591 4851 quae
1619 4796 1689 4837 ne
1717 4780 1801 4837 fas
1828 4779 2041 4852 quidem
2071 4791 2154 4837 est

565 4876 768 4930 dicere.
812 4873 880 4927 Et
911 4869 1028 4926 hac
1066 4870 1197 4923 facis
1240 4878 1520 4939 postquam
1559 4870 1626 4925 ad
1667 4870 1866 4927 Christi
1906 4886 2148 4927 mensam

566 4977 830 5034 exceptus
869 4960 1049 5026 fuisti,
1090 4959 1187 5014 illo
1210 4958 1301 5014 die
1338 4974 1446 5028 quo
1478 4959 1729 5030 dignatus
1773 4961 1920 5017 fuisti
1961 4976 2153 5018 carnes

566 5054 683 5125 ejus
714 5054 887 5123 lingua
916 5062 1153 5123 tangere.
1183 5047 1435 5118 Quisquis
1458 5064 1588 5120 ergo
1614 5049 1711 5117 sis,
1741 5066 1811 5106 ne
1836 5051 1952 5111 hac
1981 5052 2107 5105 fiant
2131 5088 2149 5117 ,

1243 388 1301 441 S.
1344 390 1626 442 JUANNIS
1664 385 2149 443 CHRYSOSTOMI
2189 386 2501 448 AliClllEP.
2540 392 3069 454 CONSTANTINOP.

3735 420 3847 477 252

2252 528 2483 584 expurga
2513 513 2789 570 dexteram
2818 525 2982 585 tuam,
3008 519 3264 591 linguam,
3293 520 3453 586 labia,
3485 538 3606 594 qua:
3635 524 3845 595 ingrea.

2251 604 2333 657 sui
2357 604 2557 661 Christi
2586 607 2846 662 vestibula
2874 609 3052 676 fuere;
3084 619 3137 666 et
3161 613 3404 682 apposita
3440 628 3630 670 mensa
3656 617 3839 672 sensi-

2254 692 2364 757 bili,
2394 694 2459 749 ad
2501 696 2645 751 illam
2686 712 2927 754 mensam
2965 710 3201 757 mentem
3228 702 3482 773 intende,
3520 706 3587 760 ad
3631 721 3846 762 cenam

2253 785 2605 854 Dominicam,
2628 789 2694 844 ad
2717 791 2923 861 vigilias
2946 790 3331 863 discipulorum
3360 797 3447 851 illa
3467 811 3622 853 sacra
3649 808 3845 865 nocte;

2251 874 2360 930 imo
2385 892 2517 932 vero
2536 918 2551 942 ,
2589 880 2633 933 si
2663 881 2785 950 quis
2812 891 3064 939 accurate
3100 884 3515 955 examinaverit,
3556 892 3844 959 prasentia

2250 982 2357 1023 nox
2374 979 2521 1025 sunt.
2546 968 2839 1040 Vigilemus
2855 986 2985 1045 ergo
3002 989 3125 1030 cum
3149 976 3393 1046 Domino,
3417 994 3846 1053 compungamur

2248 1071 2369 1112 cum
2415 1059 2713 1130 discipulis.
2756 1061 2983 1119 Prccum
3022 1076 3234 1136 tempus
3258 1077 3375 1135 est,
3406 1086 3511 1126 non
3540 1071 3844 1141 ebrietatis,

2248 1164 2460 1220 semper
2483 1151 2720 1222 quidem,
2748 1156 2985 1211 maxime
3010 1166 3189 1212 autem
3223 1158 3275 1213 in
3297 1157 3385 1214 die
3412 1159 3571 1216 festo.
3606 1162 3733 1218 Dies
3762 1162 3843 1218 fe-

2247 1248 2363 1293 stus
2386 1241 2529 1296 enim
2560 1242 2679 1298 ideo
2704 1242 2976 1303 institutus
2999 1256 3103 1315 est,
3127 1263 3233 1304 non
3257 1259 3315 1306 ut
3345 1252 3570 1322 turpiter
3594 1268 3842 1324 agamus,

2252 1346 2358 1386 non
2391 1343 2451 1389 ut
2480 1345 2699 1404 peccata
2736 1339 3165 1405 accumulemus,
3206 1340 3302 1398 sed
3342 1351 3400 1399 ut
3442 1358 3561 1414 quae
3603 1344 3845 1401 admissa

2250 1422 2401 1479 fuere
2416 1423 2485 1481 de
2503 1425 2683 1482 medio
2701 1428 2966 1484 tollamus.
3001 1429 3069 1487 Et
3089 1431 3200 1487 scio
3213 1430 3427 1503 quidem
3448 1449 3535 1489 me
3552 1434 3606 1490 in
3625 1450 3845 1492 assum

2253 1513 2372 1570 hsce
2395 1511 2577 1571 dicere
2600 1557 2617 1583 ,
2661 1517 2755 1571 sed
2787 1535 2892 1574 non
2921 1518 3084 1575 linem
3111 1520 3328 1578 dicendi
3365 1522 3573 1578 faciam.
3621 1525 3846 1582 Etiamsi

2249 1604 2393 1660 enim
2438 1599 2628 1661 omnes
2671 1622 2779 1663 non
2821 1609 3122 1681 audieritis,
3162 1612 3259 1669 sed
3299 1630 3407 1671 non
3455 1630 3646 1672 omnes
3685 1633 3849 1694 repu-

2247 1698 2506 1768 gnabitis;
2536 1700 2646 1756 imo
2666 1717 2795 1758 vero
2820 1704 2867 1759 si
2897 1719 3087 1762 omnes
3111 1709 3444 1780 repugnetis,
3469 1710 3596 1766 mihi
3625 1713 3845 1783 quidem

2247 1789 2422 1859 major
2448 1805 2679 1860 merces,
2703 1792 2856 1849 vobis
2880 1806 3058 1852 autem
3087 1800 3303 1869 gravius
3326 1800 3608 1871 judicium.
3636 1803 3718 1861 Ne
3750 1806 3846 1875 igi-

2250 1889 2338 1936 tur
2365 1884 2580 1951 gravius
2608 1884 2851 1953 eveniat,
2883 1886 3006 1943 ideo
3028 1889 3191 1944 nem
3217 1891 3430 1947 dicendi
3461 1909 3569 1949 non
3596 1894 3793 1951 faciam
3828 1915 3841 1949 :

2248 1973 2493 2029 fortassis
2517 1977 2661 2031 enim
2687 2018 2702 2042 ,
2740 1977 2986 2035 fortassis
3008 1993 3089 2035 er
3106 1980 3370 2053 frequenti
3400 1988 3694 2043 monitione
3723 2004 3846 2045 sco-

2252 2081 2378 2135 pum
2397 2069 2678 2141 attingam.
2703 2070 2832 2128 Ideo
2850 2072 3101 2141 obsecro,
3127 2084 3188 2130 ut
3217 2092 3285 2132 ne
3310 2077 3363 2131 in
3383 2077 3644 2148 judicium
3666 2089 3724 2136 et
3746 2081 3846 2136 da-

2249 2175 2431 2215 mnum
2460 2160 2563 2217 hoc
2584 2161 2861 2231 faciamus,
2885 2164 3183 2221 nutriamus
3208 2165 3506 2237 Christum,
3524 2180 3712 2240 potum
3744 2172 3846 2242 ipsi

2248 2250 2458 2314 demus,
2482 2250 2766 2309 induamus
2786 2253 2937 2309 illum
2971 2274 2985 2309 :
3014 2255 3135 2312 haec
3163 2256 3253 2314 illa
3282 2274 3467 2315 mensa
3495 2260 3657 2333 digna
3691 2274 3843 2319 sunt.

2248 2340 2457 2395 Audisti
2494 2354 2679 2397 sacros
2717 2343 2989 2415 hymnos?
3015 2348 3201 2403 vidisti
3247 2351 3460 2420 nuptias
3496 2353 3850 2422 spirituales?

2248 2440 2509 2502 exceptus
2530 2432 2673 2487 fuisti
2695 2433 2763 2487 ad
2786 2449 3025 2490 mensam
3049 2438 3286 2505 regiam?
3308 2439 3544 2508 repletus
3559 2456 3619 2496 es
3642 2442 3847 2513 Spiritu

2248 2522 2467 2577 sancto?
2497 2522 2696 2577 choros
2734 2525 2893 2595 egisti
2938 2540 3060 2580 cum
3105 2525 3451 2596 Seraphinis?
3490 2530 3671 2586 socius
3698 2531 3847 2587 fuisti

2251 2628 2606 2683 supernorum
2637 2618 2995 2685 potestatum?
3019 2616 3095 2673 Ne
3118 2628 3314 2674 tantum
3338 2621 3574 2677 lzctitiam
3596 2623 3844 2693 abjicias,

2249 2721 2318 2760 ne
2343 2705 2587 2761 effnndas
2614 2706 2929 2763 thesaurum
2949 2749 2965 2776 ,
2998 2724 3065 2764 ne
3096 2709 3317 2767 inducas
3342 2711 3660 2770 ebrietatem
3702 2731 3843 2772 mm-

2249 2798 2387 2852 ruris
2428 2807 2652 2853 matrem
2674 2840 2690 2866 ,
2718 2798 2918 2855 diaboli
2954 2802 3206 2872 gaudium
3229 2844 3244 2867 ,
3279 2804 3426 2861 mille
3452 2806 3591 2861 mala
3621 2809 3848 2877 parien-

2251 2896 2381 2940 tem.
2412 2886 2547 2941 Iliuc
2570 2886 2714 2942 enim
2742 2899 2820 2945 est
2852 2904 3075 2946 somnus
3098 2893 3256 2947 morti
3282 2894 3493 2959 similis,
3522 2894 3653 2951 hinc
3680 2912 3845 2968 supc-

2249 2990 2360 3042 res,
2397 2977 2592 3044 morbi,
2625 2977 2857 3045 oblivio,
2886 2981 3076 3035 mortis
3104 2980 3300 3053 imago.
3338 2982 3480 3040 Sane
3509 2988 3638 3041 vino
3665 2988 3849 3060 inguru

2249 3068 2447 3137 gitatus
2488 3068 2726 3124 nolueris
2765 3085 2887 3125 cum
2936 3072 3111 3127 amico
3147 3074 3437 3145 congredi;
3483 3085 3537 3133 et
3572 3077 3847 3134 Christum

2253 3157 2395 3213 intus
2423 3158 2647 3226 habens,
2671 3175 2855 3231 quaeso
2879 3172 2949 3226 te,
2975 3170 3179 3218 tantam
3200 3165 3397 3222 audeas
3422 3166 3646 3238 injicere
3673 3178 3849 3226 temu-

2252 3246 2507 3302 lentiam?
2536 3250 2606 3304 At
2629 3249 2849 3306 delicias
2875 3252 3064 3307 amas?
3094 3254 3236 3325 Ergo
3264 3254 3385 3311 ideo
3406 3257 3655 3313 ebrietati
3682 3261 3847 3316 finem

2253 3340 2490 3410 impone.
2535 3340 2667 3395 Nam
2709 3357 2812 3412 ego
2854 3352 2905 3397 te
2949 3344 3002 3399 in
3038 3346 3181 3401 veris
3222 3346 3428 3405 deliciis
3464 3352 3668 3406 versari
3700 3353 3845 3419 wlo,

2251 3444 2373 3500 qua:
2400 3446 2688 3501 numquam
2721 3445 3073 3489 marcescant.
3104 3435 3359 3503 Quaenam
3386 3454 3516 3511 ergo
3545 3452 3672 3496 sunt
3701 3458 3847 3499 verze

2252 3523 2478 3587 deliciae,
2519 3539 2637 3593 quae
2678 3540 2894 3596 semper
2929 3526 3197 3588 oreant?
3232 3529 3316 3585 Ad
3356 3532 3639 3601 prandium
3680 3536 3847 3590 invita

2252 3612 2549 3681 Christum,
2579 3623 2664 3669 tua
2691 3615 2764 3670 illi
2797 3618 3030 3687 imperti,
3060 3619 3146 3674 vel
3172 3621 3350 3691 potius
3376 3636 3473 3677 sua
3500 3641 3514 3677 :
3543 3625 3646 3680 hoc
3674 3627 3848 3683 inter-

2253 3706 2560 3760 minabilem
2585 3705 2744 3762 habet
2772 3716 2828 3763 et
2850 3724 3065 3780 semper
3082 3710 3364 3769 orentem
3386 3714 3739 3786 voluptatem.
3773 3722 3846 3775 At

2254 3810 2360 3850 non
2387 3794 2503 3851 hac
2526 3798 2742 3851 sensilia
2768 3815 2782 3851 :
2806 3800 2986 3853 statim
3009 3801 3153 3856 enim
3173 3818 3295 3857 cum
3324 3818 3621 3874 apparuere
3650 3824 3851 3864 evane-

2253 3895 2445 3952 scunt;
2475 3896 2528 3942 et
2550 3888 2641 3959 qui
2661 3887 2870 3945 deliciis
2889 3905 3108 3960 operam
3130 3892 3300 3961 dedit,
3333 3909 3440 3949 non
3467 3897 3696 3954 meliore
3726 3915 3849 3955 con~

2254 3977 2459 4032 ditione
2483 3978 2605 4043 erit,
2636 3993 2795 4047 quam
2821 3980 2911 4048 qui
2942 3996 3048 4035 non
3072 3981 3355 4038 deliciatus
3379 3993 3489 4049 est;
3523 3986 3633 4042 imo
3660 3990 3850 4060 pejora

2255 4066 2379 4120 erit.
2407 4066 2541 4120 Nam
2573 4067 2669 4121 ille
2696 4066 2909 4136 quidem
2940 4071 3093 4138 quasi
3122 4070 3176 4125 in
3206 4082 3364 4142 portu
3388 4075 3573 4143 sedet;
3601 4077 3691 4136 hic
3717 4097 3849 4139 vero

2255 4168 2356 4207 ceu
2397 4162 2694 4209 torrentem
2738 4156 3023 4225 quemdam
3062 4168 3117 4215 et
3158 4162 3470 4220 morborum
3504 4166 3847 4228 obsidionem

2257 4244 2486 4313 excepit,
2515 4252 2570 4298 et
2593 4259 2662 4299 ne
2683 4244 2822 4301 banc
2841 4246 3055 4319 quidem
3077 4248 3219 4308 ferre
3237 4263 3417 4325 potest
3443 4265 3843 4330 tempestatem.

2255 4333 2334 4388 Nc
2366 4334 2478 4390 haec
2504 4336 2684 4406 itaque
2708 4339 3057 4410 contingant,
3089 4343 3515 4403 moderationem
3546 4346 3843 4411 ctcmur.

2256 4424 2331 4480 ita
2377 4426 2518 4482 enim
2559 4438 2614 4483 et
2657 4444 2883 4500 corpore
2922 4433 3059 4487 bene
3087 4436 3402 4505 valebimus,
3428 4447 3484 4493 et
3517 4441 3759 4498 animam
3792 4445 3848 4500 in

2257 4527 2371 4575 tuto
2396 4521 2801 4591 collocabimus,
2829 4534 2884 4580 et
2909 4539 2939 4579 a
2966 4525 3322 4594 prmseutibus
3358 4528 3661 4603 futurisque
3688 4537 3848 4591 malis

2257 4616 2635 4672 liberabimur:
2666 4633 2699 4672 a
2723 4617 2917 4689 quibus
2942 4618 3144 4674 utinam
3186 4635 3379 4677 omnes
3418 4625 3579 4693 eruti,
3618 4642 3845 4699 regnum

2258 4722 2673 4777 consequamur,
2715 4708 2887 4779 gratia
2931 4716 2987 4763 et
3034 4707 3365 4779 benignitate
3412 4713 3625 4771 Domini
3672 4720 3847 4775 nostri

2258 4799 2384 4855 Jesu
2410 4798 2630 4866 Christi,
2653 4801 2871 4870 quicum
2894 4800 3036 4857 Patri
3062 4810 3116 4856 et
3144 4816 3248 4856 una
3278 4802 3499 4874 Spiritui
3524 4819 3713 4866 sancto
3732 4811 3847 4883 glo-

2259 4891 2358 4953 ria,
2387 4890 2690 4959 imperium,
2724 4891 2918 4959 honor,
2949 4905 3093 4946 nunc
3119 4899 3175 4946 et
3200 4905 3416 4964 semper
3437 4936 3454 4963 ,
3484 4906 3537 4953 et
3567 4898 3621 4953 in
3649 4899 3847 4955 saecula

2260 4980 2599 5037 saeculorum.
2623 4982 2815 5037 Amen.

1889 5256 2233 5318 HOMILIA
2276 5258 2572 5321 XXVIII.

570 5412 664 5467 28.
698 5406 881 5463 Probet
902 5414 1070 5459 autem
1092 5412 1312 5473 setpsum
1339 5403 1511 5466 homo,
1532 5409 1579 5455 et
1605 5401 1679 5453 sic
1698 5400 1760 5453 de
1781 5415 1911 5469 pane
1931 5400 2024 5454 illo
2045 5400 2157 5454 edat

1124 5508 1171 5551 et
1196 5497 1259 5550 de
1276 5495 1432 5551 calice
1458 5494 1610 5547 bibat.

653 5594 702 5647 l.
732 5589 870 5661 Quid
906 5587 1009 5643 sibi
1037 5586 1220 5641 volunt
1248 5585 1364 5641 haec
1396 5584 1577 5649 verba,
1606 5597 1727 5637 cum
1767 5579 1909 5636 aliud
1949 5582 2019 5636 sit
2057 5584 2160 5638 hoc

580 5681 907 5753 pri-positum
932 5674 1342 5747 argumentum?
1368 5672 1468 5729 ilic
1497 5687 1615 5727 mos
1643 5680 1727 5726 est
1756 5670 1938 5735 Paulo,
1973 5680 2031 5725 ut
2050 5671 2159 5740 jam

583 5772 731 5843 prius
758 5769 889 5840 dixi,
914 5785 1020 5826 non
1045 5765 1219 5825 solum
1248 5764 1337 5820 illa
1364 5772 1589 5820 tractare
1611 5778 1730 5833 qua:
1760 5762 1857 5817 sibi
1892 5762 2159 5833 proposita

2266 5410 2411 5466 sunt,
2434 5400 2529 5456 sed
2559 5401 2604 5456 si
2626 5401 2753 5470 quid
2772 5400 2917 5454 aliud
2939 5399 3053 5455 lucc
3075 5404 3321 5460 tractanti
3345 5405 3616 5468 inciderit,
3644 5404 3695 5459 id
3716 5418 3853 5473 qun-

2264 5509 2369 5564 que
2402 5507 2595 5563 magno
2624 5491 2802 5547 studio
2832 5494 3074 5564 persequi
3104 5514 3120 5563 ;
3148 5497 3383 5555 maxime
3416 5513 3540 5553 eum
3580 5495 3650 5549 de
3690 5494 3854 5551 rebus

2265 5584 2552 5638 admodum
2590 5582 2907 5637 necessariis
2947 5593 3004 5639 et
3044 5585 3358 5656 urgentibus
3386 5586 3581 5655 agitur.
3629 5583 3849 5641 Etenim

2266 5688 2385 5729 cum
2413 5673 2480 5729 de
2508 5673 2571 5728 iis
2593 5671 2681 5743 qui
2715 5672 2924 5742 nuptias
2949 5683 3271 5730 contraxere
3297 5683 3549 5745 ageretur
3570 5714 3585 5735 .
3628 5682 3687 5729 et
3715 5673 3850 5729 inci-

2268 5764 2346 5819 dit
2387 5764 2439 5817 in
2480 5776 2785 5819 senuencm
2827 5761 2895 5819 de
2936 5764 3129 5830 servis,
3158 5762 3365 5820 fortiter
3401 5771 3456 5818 et
3490 5761 3675 5820 multis
3716 5762 3853 5823 hanc
