  <div class='ocr_page' id='page_1' title='image "/cluster/home/n/w/nwhite01/storage/ocr_20150623/61/pst.000005712618/240.png"; bbox 0 0 4086 6340; ppageno 0'>
   <div class='ocr_carea' id='block_1_1' title="bbox 202 390 308 449">
    <p class='ocr_par' dir='ltr' id='par_1_1' title="bbox 202 390 308 449">
     <span class='ocr_line' id='line_1_1' title="bbox 202 390 308 449; baseline 0 -2"><span class='ocrx_word' id='word_1_1' title='bbox 202 390 308 449; x_wconf 73' lang='lat'><strong>9.53</strong></span> 
     </span>
    </p>
   </div>
   <div class='ocr_carea' id='block_1_2' title="bbox 204 479 1786 578">
    <p class='ocr_par' dir='ltr' id='par_1_2' title="bbox 204 479 1786 578">
     <span class='ocr_line' id='line_1_2' title="bbox 204 479 1786 578; baseline -0.023 -15"><span class='ocrx_word' id='word_1_2' title='bbox 204 521 320 562; x_wconf 85' lang='lat' dir='ltr'><strong>rem</strong></span> <span class='ocrx_word' id='word_1_3' title='bbox 350 496 702 574; x_wconf 79' lang='lat' dir='ltr'><strong>pertractavit</strong></span> <span class='ocrx_word' id='word_1_4' title='bbox 730 511 746 575; x_wconf 65' lang='grc' dir='ltr'>ξ</span> <span class='ocrx_word' id='word_1_5' title='bbox 777 500 832 549; x_wconf 88' lang='lat' dir='ltr'><strong>et</strong></span> <span class='ocrx_word' id='word_1_6' title='bbox 854 504 977 547; x_wconf 86' lang='lat' dir='ltr'><strong>cum</strong></span> <span class='ocrx_word' id='word_1_7' title='bbox 1004 487 1303 578; x_wconf 76' lang='lat' dir='ltr'><strong>dissereret</strong></span> <span class='ocrx_word' id='word_1_8' title='bbox 1325 492 1377 578; x_wconf 80' lang='lat' dir='ltr'><strong>et</strong></span> <span class='ocrx_word' id='word_1_9' title='bbox 1406 479 1654 578; x_wconf 73' lang='lat' dir='ltr'><strong>probaret</strong></span> <span class='ocrx_word' id='word_1_10' title='bbox 1680 488 1786 578; x_wconf 73' lang='lat' dir='ltr'><strong>non</strong></span> 
     </span>
    </p>
   </div>
   <div class='ocr_carea' id='block_1_3' title="bbox 202 567 1788 666">
    <p class='ocr_par' dir='ltr' id='par_1_3' title="bbox 202 567 1788 666">
     <span class='ocr_line' id='line_1_3' title="bbox 202 567 1788 666; baseline -0.02 -17"><span class='ocrx_word' id='word_1_11' title='bbox 202 567 459 666; x_wconf 67' lang='lat' dir='ltr'><strong>oportere</strong></span> <span class='ocrx_word' id='word_1_12' title='bbox 482 591 537 645; x_wconf 83' lang='lat' dir='ltr'><strong>in</strong></span> <span class='ocrx_word' id='word_1_13' title='bbox 560 567 773 658; x_wconf 76' lang='lat' dir='ltr'><strong>iudiciis</strong></span> <span class='ocrx_word' id='word_1_14' title='bbox 793 582 1027 652; x_wconf 76' lang='lat' dir='ltr'><strong>litigare,</strong></span> <span class='ocrx_word' id='word_1_15' title='bbox 1053 588 1177 632; x_wconf 85' lang='lat' dir='ltr'><strong>tunc</strong></span> <span class='ocrx_word' id='word_1_16' title='bbox 1206 573 1446 666; x_wconf 78' lang='lat' dir='ltr'><strong>incidens</strong></span> <span class='ocrx_word' id='word_1_17' title='bbox 1470 574 1521 625; x_wconf 91' lang='lat' dir='ltr'><strong>in</strong></span> <span class='ocrx_word' id='word_1_18' title='bbox 1548 567 1788 623; x_wconf 84' lang='lat' dir='ltr'><strong>admoni-</strong></span> 
     </span>
    </p>
   </div>
   <div class='ocr_carea' id='block_1_4' title="bbox 205 665 1796 740">
    <p class='ocr_par' dir='ltr' id='par_1_4' title="bbox 205 665 1796 740">
     <span class='ocr_line' id='line_1_4' title="bbox 205 665 1796 740; baseline -0.019 0"><span class='ocrx_word' id='word_1_19' title='bbox 205 687 410 740; x_wconf 77' lang='lat' dir='ltr'><strong>tionem</strong></span> <span class='ocrx_word' id='word_1_20' title='bbox 441 682 584 736; x_wconf 86' lang='lat' dir='ltr'><strong>eirea</strong></span> <span class='ocrx_word' id='word_1_21' title='bbox 606 675 902 734; x_wconf 83' lang='lat' dir='ltr'><strong>avaritiam,</strong></span> <span class='ocrx_word' id='word_1_22' title='bbox 935 670 1099 724; x_wconf 88' lang='lat' dir='ltr'><strong>multa</strong></span> <span class='ocrx_word' id='word_1_23' title='bbox 1126 667 1192 721; x_wconf 87' lang='lat' dir='ltr'><strong>de</strong></span> <span class='ocrx_word' id='word_1_24' title='bbox 1212 665 1314 720; x_wconf 82' lang='lat' dir='ltr'><strong>hoc</strong></span> <span class='ocrx_word' id='word_1_25' title='bbox 1338 668 1650 733; x_wconf 80' lang='lat' dir='ltr'><strong>argumento</strong></span> <span class='ocrx_word' id='word_1_26' title='bbox 1673 670 1796 726; x_wconf 86' lang='lat' dir='ltr'><strong>pro-</strong></span> 
     </span>
    </p>
   </div>
   <div class='ocr_carea' id='block_1_5' title="bbox 206 750 1795 851">
    <p class='ocr_par' dir='ltr' id='par_1_5' title="bbox 206 750 1795 851">
     <span class='ocr_line' id='line_1_5' title="bbox 206 750 1795 851; baseline -0.018 -23"><span class='ocrx_word' id='word_1_27' title='bbox 206 775 326 828; x_wconf 87' lang='lat' dir='ltr'><strong>tulit</strong></span> <span class='ocrx_word' id='word_1_28' title='bbox 358 791 373 826; x_wconf 92' lang='lat'><strong>:</strong></span> <span class='ocrx_word' id='word_1_29' title='bbox 408 772 471 842; x_wconf 22' lang='lat' dir='ltr'><strong>id,</strong></span> <span class='ocrx_word' id='word_1_30' title='bbox 487 767 633 840; x_wconf 89' lang='lat' dir='ltr'><strong>quod</strong></span> <span class='ocrx_word' id='word_1_31' title='bbox 658 766 821 823; x_wconf 85' lang='lat' dir='ltr'><strong>etiam</strong></span> <span class='ocrx_word' id='word_1_32' title='bbox 851 762 937 818; x_wconf 88' lang='lat' dir='ltr'><strong>hic</strong></span> <span class='ocrx_word' id='word_1_33' title='bbox 965 759 1106 816; x_wconf 79' lang='lat' dir='ltr'><strong>facit.</strong></span> <span class='ocrx_word' id='word_1_34' title='bbox 1137 757 1269 825; x_wconf 84' lang='lat' dir='ltr'><strong>Quia</strong></span> <span class='ocrx_word' id='word_1_35' title='bbox 1296 755 1437 810; x_wconf 87' lang='lat' dir='ltr'><strong>enim</strong></span> <span class='ocrx_word' id='word_1_36' title='bbox 1467 750 1632 851; x_wconf 78' lang='lat' dir='ltr'><strong>semel</strong></span> <span class='ocrx_word' id='word_1_37' title='bbox 1660 762 1795 817; x_wconf 89' lang='lat' dir='ltr'><strong>opus</strong></span> 
     </span>
    </p>
   </div>
   <div class='ocr_carea' id='block_1_6' title="bbox 205 836 1795 943">
    <p class='ocr_par' dir='ltr' id='par_1_6' title="bbox 205 836 1795 943">
     <span class='ocr_line' id='line_1_6' title="bbox 205 836 1795 943; baseline -0.019 -24"><span class='ocrx_word' id='word_1_38' title='bbox 205 867 406 928; x_wconf 82' lang='lat' dir='ltr'><strong>fuerat,</strong></span> <span class='ocrx_word' id='word_1_39' title='bbox 432 836 493 917; x_wconf 86' lang='lat' dir='ltr'><strong>ut</strong></span> <span class='ocrx_word' id='word_1_40' title='bbox 510 836 584 915; x_wconf 78' lang='lat' dir='ltr'><strong>de</strong></span> <span class='ocrx_word' id='word_1_41' title='bbox 610 854 879 928; x_wconf 74' lang='lat' dir='ltr'><strong>mysteriis</strong></span> <span class='ocrx_word' id='word_1_42' title='bbox 907 850 1267 909; x_wconf 87' lang='lat' dir='ltr'><strong>meminisset,</strong></span> <span class='ocrx_word' id='word_1_43' title='bbox 1300 840 1795 943; x_wconf 62' lang='lat' dir='ltr'><strong>necessariumpu-</strong></span> 
     </span>
    </p>
   </div>
   <div class='ocr_carea' id='block_1_7' title="bbox 207 930 1799 1032">
    <p class='ocr_par' dir='ltr' id='par_1_7' title="bbox 207 930 1799 1032">
     <span class='ocr_line' id='line_1_7' title="bbox 207 930 1799 1032; baseline -0.02 -19"><span class='ocrx_word' id='word_1_44' title='bbox 207 957 340 1013; x_wconf 72' lang='lat' dir='ltr'><strong>tavit</strong></span> <span class='ocrx_word' id='word_1_45' title='bbox 366 969 491 1011; x_wconf 88' lang='lat' dir='ltr'><strong>esse</strong></span> <span class='ocrx_word' id='word_1_46' title='bbox 511 953 613 1007; x_wconf 91' lang='lat' dir='ltr'><strong>hoc</strong></span> <span class='ocrx_word' id='word_1_47' title='bbox 631 946 877 1020; x_wconf 79' lang='lat' dir='ltr'><strong>persequi</strong></span> <span class='ocrx_word' id='word_1_48' title='bbox 894 949 1288 1014; x_wconf 73' lang='lat' dir='ltr'><strong>argumentum;</strong></span> <span class='ocrx_word' id='word_1_49' title='bbox 1308 950 1480 1032; x_wconf 78' lang='lat' dir='ltr'><strong>neque</strong></span> <span class='ocrx_word' id='word_1_50' title='bbox 1501 932 1643 1032; x_wconf 79' lang='lat' dir='ltr'><strong>enim</strong></span> <span class='ocrx_word' id='word_1_51' title='bbox 1667 930 1799 1032; x_wconf 68' lang='lat' dir='ltr'><strong>levis</strong></span> 
     </span>
    </p>
   </div>
   <div class='ocr_carea' id='block_1_8' title="bbox 208 1019 1799 1109">
    <p class='ocr_par' dir='ltr' id='par_1_8' title="bbox 208 1019 1799 1109">
     <span class='ocr_line' id='line_1_8' title="bbox 208 1019 1799 1109; baseline -0.021 -4"><span class='ocrx_word' id='word_1_52' title='bbox 208 1046 473 1105; x_wconf 84' lang='lat' dir='ltr'><strong>momenti</strong></span> <span class='ocrx_word' id='word_1_53' title='bbox 521 1052 640 1109; x_wconf 88' lang='lat' dir='ltr'><strong>est;</strong></span> <span class='ocrx_word' id='word_1_54' title='bbox 666 1040 893 1108; x_wconf 79' lang='lat' dir='ltr'><strong>ideoque</strong></span> <span class='ocrx_word' id='word_1_55' title='bbox 921 1032 1207 1091; x_wconf 81' lang='lat' dir='ltr'><strong>admodum</strong></span> <span class='ocrx_word' id='word_1_56' title='bbox 1236 1026 1551 1085; x_wconf 86' lang='lat' dir='ltr'><strong>terribiliter</strong></span> <span class='ocrx_word' id='word_1_57' title='bbox 1592 1022 1659 1078; x_wconf 89' lang='lat' dir='ltr'><strong>de</strong></span> <span class='ocrx_word' id='word_1_58' title='bbox 1705 1019 1799 1074; x_wconf 90' lang='lat' dir='ltr'><strong>illo</strong></span> 
     </span>
    </p>
   </div>
   <div class='ocr_carea' id='block_1_9' title="bbox 207 1116 1798 1217">
    <p class='ocr_par' dir='ltr' id='par_1_9' title="bbox 207 1116 1798 1217">
     <span class='ocr_line' id='line_1_9' title="bbox 207 1116 1798 1217; baseline -0.019 -22"><span class='ocrx_word' id='word_1_59' title='bbox 207 1139 487 1203; x_wconf 72' lang='lat' dir='ltr'><strong>disseruit,</strong></span> <span class='ocrx_word' id='word_1_60' title='bbox 511 1136 771 1191; x_wconf 80' lang='lat' dir='ltr'><strong>bonorum</strong></span> <span class='ocrx_word' id='word_1_61' title='bbox 798 1136 961 1198; x_wconf 88' lang='lat' dir='ltr'><strong>caput</strong></span> <span class='ocrx_word' id='word_1_62' title='bbox 990 1140 1111 1183; x_wconf 84' lang='lat' dir='ltr'><strong>esse</strong></span> <span class='ocrx_word' id='word_1_63' title='bbox 1160 1120 1391 1193; x_wconf 85' lang='lat' dir='ltr'><strong>probans</strong></span> <span class='ocrx_word' id='word_1_64' title='bbox 1412 1160 1428 1182; x_wconf 89' lang='lat'><strong>,</strong></span> <span class='ocrx_word' id='word_1_65' title='bbox 1460 1116 1527 1173; x_wconf 85' lang='lat' dir='ltr'><strong>ad</strong></span> <span class='ocrx_word' id='word_1_66' title='bbox 1571 1130 1638 1217; x_wconf 61' lang='lat' dir='ltr'><strong>ea</strong></span> <span class='ocrx_word' id='word_1_67' title='bbox 1676 1127 1798 1168; x_wconf 91' lang='lat' dir='ltr'><strong>cum</strong></span> 
     </span>
    </p>
   </div>
   <div class='ocr_carea' id='block_1_10' title="bbox 207 1215 1801 1302">
    <p class='ocr_par' dir='ltr' id='par_1_10' title="bbox 207 1215 1801 1302">
     <span class='ocr_line' id='line_1_10' title="bbox 207 1215 1801 1302; baseline -0.019 -15"><span class='ocrx_word' id='word_1_68' title='bbox 207 1246 344 1302; x_wconf 83' lang='lat' dir='ltr'><strong>pura</strong></span> <span class='ocrx_word' id='word_1_69' title='bbox 368 1225 699 1285; x_wconf 79' lang='lat' dir='ltr'><strong>conscientia</strong></span> <span class='ocrx_word' id='word_1_70' title='bbox 710 1220 984 1278; x_wconf 88' lang='lat' dir='ltr'><strong>accedere.</strong></span> <span class='ocrx_word' id='word_1_71' title='bbox 1002 1215 1155 1273; x_wconf 84' lang='lat' dir='ltr'><strong>Unde</strong></span> <span class='ocrx_word' id='word_1_72' title='bbox 1177 1228 1282 1268; x_wconf 84' lang='lat' dir='ltr'><strong>non</strong></span> <span class='ocrx_word' id='word_1_73' title='bbox 1299 1218 1584 1302; x_wconf 69' lang='lat' dir='ltr'><strong>contentus</strong></span> <span class='ocrx_word' id='word_1_74' title='bbox 1606 1215 1671 1260; x_wconf 81' lang='lat' dir='ltr'><strong>iis</strong></span> <span class='ocrx_word' id='word_1_75' title='bbox 1682 1219 1801 1274; x_wconf 77' lang='lat' dir='ltr'><strong>qua:</strong></span> 
     </span>
    </p>
   </div>
   <div class='ocr_carea' id='block_1_11' title="bbox 209 1297 1803 1398">
    <p class='ocr_par' dir='ltr' id='par_1_11' title="bbox 209 1297 1803 1398">
     <span class='ocr_line' id='line_1_11' title="bbox 209 1297 1803 1398; baseline -0.021 -21"><span class='ocrx_word' id='word_1_76' title='bbox 209 1297 363 1393; x_wconf 77' lang='lat' dir='ltr'><strong>prius</strong></span> <span class='ocrx_word' id='word_1_77' title='bbox 379 1318 610 1383; x_wconf 75' lang='lat' dir='ltr'><strong>dixerat,</strong></span> <span class='ocrx_word' id='word_1_78' title='bbox 634 1315 750 1369; x_wconf 78' lang='lat' dir='ltr'><strong>luce</strong></span> <span class='ocrx_word' id='word_1_79' title='bbox 764 1323 975 1382; x_wconf 88' lang='lat' dir='ltr'><strong>quoque</strong></span> <span class='ocrx_word' id='word_1_80' title='bbox 995 1304 1177 1374; x_wconf 85' lang='lat' dir='ltr'><strong>adjicit</strong></span> <span class='ocrx_word' id='word_1_81' title='bbox 1197 1302 1401 1398; x_wconf 81' lang='lat' dir='ltr'><strong>dicens,</strong></span> <span class='ocrx_word' id='word_1_82' title='bbox 1430 1297 1613 1398; x_wconf 69' lang='lat' dir='ltr'><strong>Probet</strong></span> <span class='ocrx_word' id='word_1_83' title='bbox 1634 1303 1803 1398; x_wconf 53' lang='lat' dir='ltr'><strong>autem</strong></span> 
     </span>
    </p>
   </div>
   <div class='ocr_carea' id='block_1_12' title="bbox 210 1387 1800 1483">
    <p class='ocr_par' dir='ltr' id='par_1_12' title="bbox 210 1387 1800 1483">
     <span class='ocr_line' id='line_1_12' title="bbox 210 1387 1800 1483; baseline -0.018 -14"><span class='ocrx_word' id='word_1_84' title='bbox 210 1387 440 1483; x_wconf 51' lang='lat' dir='ltr'><strong>iam».</strong></span> <span class='ocrx_word' id='word_1_85' title='bbox 462 1410 637 1473; x_wconf 73' lang='lat' dir='ltr'><strong>homo;</strong></span> <span class='ocrx_word' id='word_1_86' title='bbox 658 1406 708 1461; x_wconf 88' lang='lat' dir='ltr'><strong>id</strong></span> <span class='ocrx_word' id='word_1_87' title='bbox 725 1402 866 1474; x_wconf 88' lang='lat' dir='ltr'><strong>quod</strong></span> <span class='ocrx_word' id='word_1_88' title='bbox 886 1400 1048 1458; x_wconf 88' lang='lat' dir='ltr'><strong>etiam</strong></span> <span class='ocrx_word' id='word_1_89' title='bbox 1067 1398 1123 1453; x_wconf 88' lang='lat' dir='ltr'><strong>in</strong></span> <span class='ocrx_word' id='word_1_90' title='bbox 1146 1390 1379 1451; x_wconf 72' lang='lat' dir='ltr'><strong>séeunda</strong></span> <span class='ocrx_word' id='word_1_91' title='bbox 1400 1388 1626 1461; x_wconf 87' lang='lat' dir='ltr'><strong>epistola</strong></span> <span class='ocrx_word' id='word_1_92' title='bbox 1643 1387 1800 1442; x_wconf 85' lang='lat' dir='ltr'><strong>dicit:</strong></span> 
     </span>
    </p>
   </div>
   <div class='ocr_carea' id='block_1_13' title="bbox 222 1484 1806 1579">
    <p class='ocr_par' dir='ltr' id='par_1_13' title="bbox 222 1484 1806 1579">
     <span class='ocr_line' id='line_1_13' title="bbox 222 1484 1806 1579; baseline -0.016 -21"><span class='ocrx_word' id='word_1_93' title='bbox 222 1502 325 1558; x_wconf 76' lang='lat' dir='ltr'><strong>Vos</strong></span> <span class='ocrx_word' id='word_1_94' title='bbox 345 1504 487 1573; x_wconf 80' lang='lat' dir='ltr'><strong>ipsos</strong></span> <span class='ocrx_word' id='word_1_95' title='bbox 505 1506 706 1558; x_wconf 74' lang='lat' dir='ltr'><strong>tentate,</strong></span> <span class='ocrx_word' id='word_1_96' title='bbox 723 1511 810 1550; x_wconf 73' lang='lat' dir='ltr'><strong>eos</strong></span> <span class='ocrx_word' id='word_1_97' title='bbox 829 1492 972 1563; x_wconf 81' lang='lat' dir='ltr'><strong>ipsos</strong></span> <span class='ocrx_word' id='word_1_98' title='bbox 994 1488 1222 1559; x_wconf 79' lang='lat' dir='ltr'><strong>probate;</strong></span> <span class='ocrx_word' id='word_1_99' title='bbox 1243 1500 1349 1539; x_wconf 92' lang='lat' dir='ltr'><strong>non</strong></span> <span class='ocrx_word' id='word_1_100' title='bbox 1378 1484 1514 1579; x_wconf 78' lang='lat' dir='ltr'><strong>sicut</strong></span> <span class='ocrx_word' id='word_1_101' title='bbox 1538 1495 1637 1535; x_wconf 88' lang='lat' dir='ltr'><strong>nos</strong></span> <span class='ocrx_word' id='word_1_102' title='bbox 1666 1491 1806 1579; x_wconf 71' lang='lat' dir='ltr'><strong>nunc</strong></span> 
     </span>
    </p>
   </div>
   <div class='ocr_carea' id='block_1_14' title="bbox 214 1568 1809 1671">
    <p class='ocr_par' dir='ltr' id='par_1_14' title="bbox 214 1568 1809 1671">
     <span class='ocr_line' id='line_1_14' title="bbox 214 1568 1809 1671; baseline -0.018 -20"><span class='ocrx_word' id='word_1_103' title='bbox 214 1568 468 1656; x_wconf 75' lang='lat' dir='ltr'><strong>facimus,</strong></span> <span class='ocrx_word' id='word_1_104' title='bbox 485 1600 725 1658; x_wconf 90' lang='lat' dir='ltr'><strong>tempore</strong></span> <span class='ocrx_word' id='word_1_105' title='bbox 744 1582 1064 1640; x_wconf 84' lang='lat' dir='ltr'><strong>conditionis</strong></span> <span class='ocrx_word' id='word_1_106' title='bbox 1082 1581 1256 1650; x_wconf 81' lang='lat' dir='ltr'><strong>potius</strong></span> <span class='ocrx_word' id='word_1_107' title='bbox 1276 1575 1426 1637; x_wconf 87' lang='lat' dir='ltr'><strong>moti,</strong></span> <span class='ocrx_word' id='word_1_108' title='bbox 1452 1585 1608 1671; x_wconf 79' lang='lat' dir='ltr'><strong>quam</strong></span> <span class='ocrx_word' id='word_1_109' title='bbox 1629 1568 1809 1671; x_wconf 79' lang='lat' dir='ltr'><strong>studio</strong></span> 
     </span>
    </p>
   </div>
   <div class='ocr_carea' id='block_1_15' title="bbox 214 1664 1806 1739">
    <p class='ocr_par' dir='ltr' id='par_1_15' title="bbox 214 1664 1806 1739">
     <span class='ocr_line' id='line_1_15' title="bbox 214 1664 1806 1739; baseline -0.016 0"><span class='ocrx_word' id='word_1_110' title='bbox 214 1682 404 1739; x_wconf 87' lang='lat' dir='ltr'><strong>animi.</strong></span> <span class='ocrx_word' id='word_1_111' title='bbox 424 1681 541 1736; x_wconf 80' lang='lat' dir='ltr'><strong>Non</strong></span> <span class='ocrx_word' id='word_1_112' title='bbox 560 1680 704 1734; x_wconf 85' lang='lat' dir='ltr'><strong>enim</strong></span> <span class='ocrx_word' id='word_1_113' title='bbox 722 1677 772 1730; x_wconf 91' lang='lat' dir='ltr'><strong>id</strong></span> <span class='ocrx_word' id='word_1_114' title='bbox 792 1688 1065 1737; x_wconf 84' lang='lat' dir='ltr'><strong>curamus,</strong></span> <span class='ocrx_word' id='word_1_115' title='bbox 1084 1680 1139 1723; x_wconf 91' lang='lat' dir='ltr'><strong>ut</strong></span> <span class='ocrx_word' id='word_1_116' title='bbox 1163 1668 1353 1738; x_wconf 88' lang='lat' dir='ltr'><strong>parati,</strong></span> <span class='ocrx_word' id='word_1_117' title='bbox 1374 1681 1402 1718; x_wconf 89' lang='lat' dir='ltr'><strong>a</strong></span> <span class='ocrx_word' id='word_1_118' title='bbox 1424 1664 1577 1720; x_wconf 87' lang='lat' dir='ltr'><strong>malis</strong></span> <span class='ocrx_word' id='word_1_119' title='bbox 1600 1664 1806 1734; x_wconf 89' lang='lat' dir='ltr'><strong>purgati</strong></span> 
     </span>
    </p>
   </div>
   <div class='ocr_carea' id='block_1_16' title="bbox 215 1754 1810 1844">
    <p class='ocr_par' dir='ltr' id='par_1_16' title="bbox 215 1754 1810 1844">
     <span class='ocr_line' id='line_1_16' title="bbox 215 1754 1810 1844; baseline -0.018 -11"><span class='ocrx_word' id='word_1_120' title='bbox 215 1773 709 1844; x_wconf 82' lang='lat' dir='ltr'><strong>eteompuuctione</strong></span> <span class='ocrx_word' id='word_1_121' title='bbox 743 1768 882 1839; x_wconf 90' lang='lat' dir='ltr'><strong>pleni</strong></span> <span class='ocrx_word' id='word_1_122' title='bbox 910 1763 1227 1820; x_wconf 81' lang='lat' dir='ltr'><strong>accedamus</strong></span> <span class='ocrx_word' id='word_1_123' title='bbox 1250 1802 1264 1826; x_wconf 93' lang='lat'><strong>,</strong></span> <span class='ocrx_word' id='word_1_124' title='bbox 1290 1758 1384 1813; x_wconf 81' lang='lat' dir='ltr'><strong>scd</strong></span> <span class='ocrx_word' id='word_1_125' title='bbox 1429 1767 1486 1813; x_wconf 94' lang='lat' dir='ltr'><strong>ut</strong></span> <span class='ocrx_word' id='word_1_126' title='bbox 1527 1756 1580 1810; x_wconf 89' lang='lat' dir='ltr'><strong>in</strong></span> <span class='ocrx_word' id='word_1_127' title='bbox 1620 1754 1810 1809; x_wconf 89' lang='lat' dir='ltr'><strong>diebus</strong></span> 
     </span>
    </p>
   </div>
   <div class='ocr_carea' id='block_1_17' title="bbox 217 1856 1124 1923">
    <p class='ocr_par' dir='ltr' id='par_1_17' title="bbox 217 1856 1124 1923">
     <span class='ocr_line' id='line_1_17' title="bbox 217 1856 1124 1923; baseline -0.017 -1"><span class='ocrx_word' id='word_1_128' title='bbox 217 1866 373 1923; x_wconf 76' lang='lat' dir='ltr'><strong>testis</strong></span> <span class='ocrx_word' id='word_1_129' title='bbox 392 1875 595 1920; x_wconf 85' lang='lat' dir='ltr'><strong>etcum</strong></span> <span class='ocrx_word' id='word_1_130' title='bbox 624 1874 813 1917; x_wconf 88' lang='lat' dir='ltr'><strong>omnes</strong></span> <span class='ocrx_word' id='word_1_131' title='bbox 842 1856 1124 1913; x_wconf 86' lang='lat' dir='ltr'><strong>accedunt.</strong></span> 
     </span>
    </p>
   </div>
   <div class='ocr_carea' id='block_1_18' title="bbox 289 1937 1813 2039">
    <p class='ocr_par' dir='ltr' id='par_1_18' title="bbox 289 1937 1813 2039">
     <span class='ocr_line' id='line_1_18' title="bbox 289 1937 1813 2039; baseline -0.016 -26"><span class='ocrx_word' id='word_1_132' title='bbox 289 1956 631 2013; x_wconf 73' lang='lat' dir='ltr'><strong>Conscientia:</strong></span> <span class='ocrx_word' id='word_1_133' title='bbox 660 1952 855 2025; x_wconf 79' lang='lat' dir='ltr'><strong>puritas</strong></span> <span class='ocrx_word' id='word_1_134' title='bbox 881 1944 1275 2006; x_wconf 77' lang='lat' dir='ltr'><strong>communicanti</strong></span> <span class='ocrx_word' id='word_1_135' title='bbox 1299 1942 1601 1997; x_wconf 74' lang='lat' dir='ltr'><strong>necessaria.</strong></span> <span class='ocrx_word' id='word_1_136' title='bbox 1626 1968 1695 2039; x_wconf 37' lang='lat'><strong>--</strong></span> <span class='ocrx_word' id='word_1_137' title='bbox 1716 1937 1813 2039; x_wconf 55' lang='lat' dir='ltr'><strong>ve:</strong></span> 
     </span>
    </p>
   </div>
   <div class='ocr_carea' id='block_1_19' title="bbox 220 2030 1812 2115">
    <p class='ocr_par' dir='ltr' id='par_1_19' title="bbox 220 2030 1812 2115">
     <span class='ocr_line' id='line_1_19' title="bbox 220 2030 1812 2115; baseline -0.015 -8"><span class='ocrx_word' id='word_1_138' title='bbox 220 2065 340 2106; x_wconf 77' lang='lat' dir='ltr'><strong>rum</strong></span> <span class='ocrx_word' id='word_1_139' title='bbox 370 2064 479 2103; x_wconf 83' lang='lat' dir='ltr'><strong>non</strong></span> <span class='ocrx_word' id='word_1_140' title='bbox 506 2051 577 2100; x_wconf 84' lang='lat' dir='ltr'><strong>ita</strong></span> <span class='ocrx_word' id='word_1_141' title='bbox 599 2044 757 2115; x_wconf 87' lang='lat' dir='ltr'><strong>jussit</strong></span> <span class='ocrx_word' id='word_1_142' title='bbox 781 2042 1012 2102; x_wconf 78' lang='lat' dir='ltr'><strong>Paulus;</strong></span> <span class='ocrx_word' id='word_1_143' title='bbox 1043 2037 1134 2092; x_wconf 81' lang='lat' dir='ltr'><strong>sed</strong></span> <span class='ocrx_word' id='word_1_144' title='bbox 1162 2051 1323 2089; x_wconf 88' lang='lat' dir='ltr'><strong>unum</strong></span> <span class='ocrx_word' id='word_1_145' title='bbox 1356 2034 1501 2087; x_wconf 87' lang='lat' dir='ltr'><strong>novit</strong></span> <span class='ocrx_word' id='word_1_146' title='bbox 1526 2030 1812 2085; x_wconf 81' lang='lat' dir='ltr'><strong>accedendi</strong></span> 
     </span>
    </p>
   </div>
   <div class='ocr_carea' id='block_1_20' title="bbox 222 2121 1814 2202">
    <p class='ocr_par' dir='ltr' id='par_1_20' title="bbox 222 2121 1814 2202">
     <span class='ocr_line' id='line_1_20' title="bbox 222 2121 1814 2202; baseline -0.014 -4"><span class='ocrx_word' id='word_1_147' title='bbox 222 2152 276 2198; x_wconf 88' lang='lat' dir='ltr'><strong>et</strong></span> <span class='ocrx_word' id='word_1_148' title='bbox 317 2134 749 2195; x_wconf 78' lang='lat' dir='ltr'><strong>communit-andi</strong></span> <span class='ocrx_word' id='word_1_149' title='bbox 782 2140 1140 2202; x_wconf 86' lang='lat' dir='ltr'><strong>opportunum</strong></span> <span class='ocrx_word' id='word_1_150' title='bbox 1185 2135 1427 2194; x_wconf 85' lang='lat' dir='ltr'><strong>tempus,</strong></span> <span class='ocrx_word' id='word_1_151' title='bbox 1473 2121 1814 2177; x_wconf 66' lang='lat' dir='ltr'><strong>conscientia:</strong></span> 
     </span>
    </p>
   </div>
   <div class='ocr_carea' id='block_1_21' title="bbox 223 2215 1813 2312">
    <p class='ocr_par' dir='ltr' id='par_1_21' title="bbox 223 2215 1813 2312">
     <span class='ocr_line' id='line_1_21' title="bbox 223 2215 1813 2312; baseline -0.014 -25"><span class='ocrx_word' id='word_1_152' title='bbox 223 2244 425 2300; x_wconf 83' lang='lat' dir='ltr'><strong>nempe</strong></span> <span class='ocrx_word' id='word_1_153' title='bbox 457 2227 761 2297; x_wconf 73' lang='lat' dir='ltr'><strong>puritatem.</strong></span> <span class='ocrx_word' id='word_1_154' title='bbox 806 2222 937 2277; x_wconf 83' lang='lat' dir='ltr'><strong>Nam</strong></span> <span class='ocrx_word' id='word_1_155' title='bbox 978 2221 1023 2273; x_wconf 90' lang='lat' dir='ltr'><strong>si</strong></span> <span class='ocrx_word' id='word_1_156' title='bbox 1068 2218 1166 2271; x_wconf 90' lang='lat' dir='ltr'><strong>hac</strong></span> <span class='ocrx_word' id='word_1_157' title='bbox 1206 2215 1392 2270; x_wconf 85' lang='lat' dir='ltr'><strong>sensili</strong></span> <span class='ocrx_word' id='word_1_158' title='bbox 1433 2227 1615 2312; x_wconf 67' lang='lat' dir='ltr'><strong>mensa</strong></span> <span class='ocrx_word' id='word_1_159' title='bbox 1657 2226 1813 2312; x_wconf 78' lang='lat' dir='ltr'><strong>num-</strong></span> 
     </span>
    </p>
   </div>
   <div class='ocr_carea' id='block_1_22' title="bbox 223 2303 1813 2395">
    <p class='ocr_par' dir='ltr' id='par_1_22' title="bbox 223 2303 1813 2395">
     <span class='ocr_line' id='line_1_22' title="bbox 223 2303 1813 2395; baseline -0.016 -18"><span class='ocrx_word' id='word_1_160' title='bbox 223 2338 388 2395; x_wconf 87' lang='lat' dir='ltr'><strong>quam</strong></span> <span class='ocrx_word' id='word_1_161' title='bbox 420 2319 647 2374; x_wconf 81' lang='lat' dir='ltr'><strong>fruimur</strong></span> <span class='ocrx_word' id='word_1_162' title='bbox 677 2314 810 2371; x_wconf 85' lang='lat' dir='ltr'><strong>febri</strong></span> <span class='ocrx_word' id='word_1_163' title='bbox 845 2312 1149 2369; x_wconf 69' lang='lat' dir='ltr'><strong>laborantes</strong></span> <span class='ocrx_word' id='word_1_164' title='bbox 1177 2318 1269 2363; x_wconf 88' lang='lat' dir='ltr'><strong>aut</strong></span> <span class='ocrx_word' id='word_1_165' title='bbox 1289 2303 1604 2361; x_wconf 82' lang='lat' dir='ltr'><strong>humoribus</strong></span> <span class='ocrx_word' id='word_1_166' title='bbox 1636 2303 1775 2395; x_wconf 87' lang='lat' dir='ltr'><strong>pleni</strong></span> <span class='ocrx_word' id='word_1_167' title='bbox 1798 2342 1813 2366; x_wconf 86' lang='lat'><strong>,</strong></span> 
     </span>
    </p>
   </div>
   <div class='ocr_carea' id='block_1_23' title="bbox 226 2394 1818 2482">
    <p class='ocr_par' dir='ltr' id='par_1_23' title="bbox 226 2394 1818 2482">
     <span class='ocr_line' id='line_1_23' title="bbox 226 2394 1818 2482; baseline -0.016 -11"><span class='ocrx_word' id='word_1_168' title='bbox 226 2394 285 2471; x_wconf 89' lang='lat' dir='ltr'><strong>ut</strong></span> <span class='ocrx_word' id='word_1_169' title='bbox 316 2429 389 2468; x_wconf 89' lang='lat' dir='ltr'><strong>ne</strong></span> <span class='ocrx_word' id='word_1_170' title='bbox 419 2424 732 2482; x_wconf 83' lang='lat' dir='ltr'><strong>pereamus;</strong></span> <span class='ocrx_word' id='word_1_171' title='bbox 763 2407 935 2461; x_wconf 90' lang='lat' dir='ltr'><strong>multo</strong></span> <span class='ocrx_word' id='word_1_172' title='bbox 956 2403 1131 2458; x_wconf 87' lang='lat' dir='ltr'><strong>minus</strong></span> <span class='ocrx_word' id='word_1_173' title='bbox 1160 2400 1299 2455; x_wconf 86' lang='lat' dir='ltr'><strong>hanc</strong></span> <span class='ocrx_word' id='word_1_174' title='bbox 1326 2408 1545 2468; x_wconf 89' lang='lat' dir='ltr'><strong>tangere</strong></span> <span class='ocrx_word' id='word_1_175' title='bbox 1576 2395 1728 2449; x_wconf 88' lang='lat' dir='ltr'><strong>nobis</strong></span> <span class='ocrx_word' id='word_1_176' title='bbox 1758 2394 1818 2447; x_wconf 77' lang='lat' dir='ltr'><strong>li-</strong></span> 
     </span>
    </p>
   </div>
   <div class='ocr_carea' id='block_1_24' title="bbox 225 2489 1820 2574">
    <p class='ocr_par' dir='ltr' id='par_1_24' title="bbox 225 2489 1820 2574">
     <span class='ocr_line' id='line_1_24' title="bbox 225 2489 1820 2574; baseline -0.019 -9"><span class='ocrx_word' id='word_1_177' title='bbox 225 2518 317 2564; x_wconf 85' lang='lat' dir='ltr'><strong>cet</strong></span> <span class='ocrx_word' id='word_1_178' title='bbox 343 2521 468 2559; x_wconf 82' lang='lat' dir='ltr'><strong>cum</strong></span> <span class='ocrx_word' id='word_1_179' title='bbox 499 2502 675 2574; x_wconf 78' lang='lat' dir='ltr'><strong>pravis</strong></span> <span class='ocrx_word' id='word_1_180' title='bbox 701 2494 1157 2567; x_wconf 83' lang='lat' dir='ltr'><strong>concupiscentiis</strong></span> <span class='ocrx_word' id='word_1_181' title='bbox 1182 2534 1196 2557; x_wconf 92' lang='lat'><strong>,</strong></span> <span class='ocrx_word' id='word_1_182' title='bbox 1226 2506 1348 2562; x_wconf 74' lang='lat' dir='ltr'><strong>qua:</strong></span> <span class='ocrx_word' id='word_1_183' title='bbox 1389 2489 1523 2545; x_wconf 84' lang='lat' dir='ltr'><strong>febri</strong></span> <span class='ocrx_word' id='word_1_184' title='bbox 1551 2495 1675 2543; x_wconf 91' lang='lat' dir='ltr'><strong>sunt</strong></span> <span class='ocrx_word' id='word_1_185' title='bbox 1701 2500 1820 2554; x_wconf 89' lang='lat' dir='ltr'><strong>gra-</strong></span> 
     </span>
    </p>
   </div>
   <div class='ocr_carea' id='block_1_25' title="bbox 227 2578 1822 2657">
    <p class='ocr_par' dir='ltr' id='par_1_25' title="bbox 227 2578 1822 2657">
     <span class='ocr_line' id='line_1_25' title="bbox 227 2578 1822 2657; baseline -0.016 -4"><span class='ocrx_word' id='word_1_186' title='bbox 227 2611 435 2653; x_wconf 76' lang='lat' dir='ltr'><strong>viores.</strong></span> <span class='ocrx_word' id='word_1_187' title='bbox 478 2594 612 2649; x_wconf 83' lang='lat' dir='ltr'><strong>Cum</strong></span> <span class='ocrx_word' id='word_1_188' title='bbox 646 2580 830 2646; x_wconf 79' lang='lat' dir='ltr'><strong>autem</strong></span> <span class='ocrx_word' id='word_1_189' title='bbox 868 2599 1059 2657; x_wconf 88' lang='lat' dir='ltr'><strong>pravas</strong></span> <span class='ocrx_word' id='word_1_190' title='bbox 1103 2584 1225 2638; x_wconf 88' lang='lat' dir='ltr'><strong>dico</strong></span> <span class='ocrx_word' id='word_1_191' title='bbox 1262 2578 1741 2648; x_wconf 88' lang='lat' dir='ltr'><strong>concupiscentias,</strong></span> <span class='ocrx_word' id='word_1_192' title='bbox 1767 2586 1822 2629; x_wconf 83' lang='lat' dir='ltr'><strong>et</strong></span> 
     </span>
    </p>
   </div>
   <div class='ocr_carea' id='block_1_26' title="bbox 228 2669 1824 2770">
    <p class='ocr_par' dir='ltr' id='par_1_26' title="bbox 228 2669 1824 2770">
     <span class='ocr_line' id='line_1_26' title="bbox 228 2669 1824 2770; baseline -0.015 -25"><span class='ocrx_word' id='word_1_193' title='bbox 228 2700 523 2757; x_wconf 82' lang='lat' dir='ltr'><strong>corporum</strong></span> <span class='ocrx_word' id='word_1_194' title='bbox 558 2683 682 2739; x_wconf 89' lang='lat' dir='ltr'><strong>dico</strong></span> <span class='ocrx_word' id='word_1_195' title='bbox 719 2679 1036 2750; x_wconf 82' lang='lat' dir='ltr'><strong>cupiditates</strong></span> <span class='ocrx_word' id='word_1_196' title='bbox 1062 2683 1117 2731; x_wconf 89' lang='lat' dir='ltr'><strong>et</strong></span> <span class='ocrx_word' id='word_1_197' title='bbox 1154 2673 1499 2745; x_wconf 84' lang='lat' dir='ltr'><strong>pecuniarum</strong></span> <span class='ocrx_word' id='word_1_198' title='bbox 1542 2679 1596 2724; x_wconf 89' lang='lat' dir='ltr'><strong>et</strong></span> <span class='ocrx_word' id='word_1_199' title='bbox 1641 2669 1732 2770; x_wconf 72' lang='lat' dir='ltr'><strong>ine</strong></span> <span class='ocrx_word' id='word_1_200' title='bbox 1761 2676 1824 2770; x_wconf 44' lang='lat' dir='ltr'><strong>.et</strong></span> 
     </span>
    </p>
   </div>
   <div class='ocr_carea' id='block_1_27' title="bbox 230 2760 1825 2850">
    <p class='ocr_par' dir='ltr' id='par_1_27' title="bbox 230 2760 1825 2850">
     <span class='ocr_line' id='line_1_27' title="bbox 230 2760 1825 2850; baseline -0.015 -14"><span class='ocrx_word' id='word_1_201' title='bbox 230 2778 554 2850; x_wconf 85' lang='lat' dir='ltr'><strong>injuriarum</strong></span> <span class='ocrx_word' id='word_1_202' title='bbox 580 2770 987 2835; x_wconf 75' lang='lat' dir='ltr'><strong>recordationis,</strong></span> <span class='ocrx_word' id='word_1_203' title='bbox 1018 2776 1074 2825; x_wconf 93' lang='lat' dir='ltr'><strong>et</strong></span> <span class='ocrx_word' id='word_1_204' title='bbox 1099 2780 1312 2832; x_wconf 87' lang='lat' dir='ltr'><strong>omnes,</strong></span> <span class='ocrx_word' id='word_1_205' title='bbox 1338 2773 1396 2819; x_wconf 94' lang='lat' dir='ltr'><strong>ut</strong></span> <span class='ocrx_word' id='word_1_206' title='bbox 1422 2778 1528 2819; x_wconf 91' lang='lat' dir='ltr'><strong>uno</strong></span> <span class='ocrx_word' id='word_1_207' title='bbox 1550 2762 1713 2817; x_wconf 89' lang='lat' dir='ltr'><strong>verbo</strong></span> <span class='ocrx_word' id='word_1_208' title='bbox 1743 2760 1825 2813; x_wconf 89' lang='lat' dir='ltr'><strong>di-</strong></span> 
     </span>
    </p>
   </div>
   <div class='ocr_carea' id='block_1_28' title="bbox 230 2856 1823 2941">
    <p class='ocr_par' dir='ltr' id='par_1_28' title="bbox 230 2856 1823 2941">
     <span class='ocr_line' id='line_1_28' title="bbox 230 2856 1823 2941; baseline -0.015 -12"><span class='ocrx_word' id='word_1_209' title='bbox 230 2887 389 2937; x_wconf 84' lang='lat' dir='ltr'><strong>cam,</strong></span> <span class='ocrx_word' id='word_1_210' title='bbox 426 2884 546 2941; x_wconf 74' lang='lat' dir='ltr'><strong>qua:</strong></span> <span class='ocrx_word' id='word_1_211' title='bbox 587 2881 762 2938; x_wconf 66' lang='lat' dir='ltr'><strong>prava:</strong></span> <span class='ocrx_word' id='word_1_212' title='bbox 790 2861 1143 2932; x_wconf 64' lang='lat' dir='ltr'><strong>absurdeque</strong></span> <span class='ocrx_word' id='word_1_213' title='bbox 1185 2867 1328 2914; x_wconf 88' lang='lat' dir='ltr'><strong>sunt.</strong></span> <span class='ocrx_word' id='word_1_214' title='bbox 1379 2856 1601 2925; x_wconf 84' lang='lat' dir='ltr'><strong>Oportet</strong></span> <span class='ocrx_word' id='word_1_215' title='bbox 1646 2862 1823 2907; x_wconf 88' lang='lat' dir='ltr'><strong>autem</strong></span> 
     </span>
    </p>
   </div>
   <div class='ocr_carea' id='block_1_29' title="bbox 230 2946 1826 3023">
    <p class='ocr_par' dir='ltr' id='par_1_29' title="bbox 230 2946 1826 3023">
     <span class='ocr_line' id='line_1_29' title="bbox 230 2946 1826 3023; baseline -0.015 -3"><span class='ocrx_word' id='word_1_216' title='bbox 230 2960 585 3019; x_wconf 71' lang='lat' dir='ltr'><strong>accedentem</strong></span> <span class='ocrx_word' id='word_1_217' title='bbox 607 2998 623 3023; x_wconf 94' lang='lat'><strong>,</strong></span> <span class='ocrx_word' id='word_1_218' title='bbox 654 2957 739 3013; x_wconf 87' lang='lat' dir='ltr'><strong>bis</strong></span> <span class='ocrx_word' id='word_1_219' title='bbox 758 2955 1010 3012; x_wconf 87' lang='lat' dir='ltr'><strong>omnibus</strong></span> <span class='ocrx_word' id='word_1_220' title='bbox 1033 2950 1309 3007; x_wconf 78' lang='lat' dir='ltr'><strong>exhaustis</strong></span> <span class='ocrx_word' id='word_1_221' title='bbox 1335 2962 1398 3002; x_wconf 90' lang='lat' dir='ltr'><strong>ac</strong></span> <span class='ocrx_word' id='word_1_222' title='bbox 1424 2946 1701 3016; x_wconf 80' lang='lat' dir='ltr'><strong>depositis.</strong></span> <span class='ocrx_word' id='word_1_223' title='bbox 1727 2959 1826 3014; x_wconf 89' lang='lat' dir='ltr'><strong>pn-</strong></span> 
     </span>
    </p>
   </div>
   <div class='ocr_carea' id='block_1_30' title="bbox 234 3036 1827 3118">
    <p class='ocr_par' dir='ltr' id='par_1_30' title="bbox 234 3036 1827 3118">
     <span class='ocr_line' id='line_1_30' title="bbox 234 3036 1827 3118; baseline -0.012 -10"><span class='ocrx_word' id='word_1_224' title='bbox 234 3067 358 3110; x_wconf 87' lang='lat' dir='ltr'><strong>rum</strong></span> <span class='ocrx_word' id='word_1_225' title='bbox 383 3049 516 3105; x_wconf 89' lang='lat' dir='ltr'><strong>illud</strong></span> <span class='ocrx_word' id='word_1_226' title='bbox 541 3049 803 3118; x_wconf 79' lang='lat' dir='ltr'><strong>attingere</strong></span> <span class='ocrx_word' id='word_1_227' title='bbox 827 3044 1179 3107; x_wconf 82' lang='lat' dir='ltr'><strong>sacrificium;</strong></span> <span class='ocrx_word' id='word_1_228' title='bbox 1209 3054 1385 3110; x_wconf 90' lang='lat' dir='ltr'><strong>neque</strong></span> <span class='ocrx_word' id='word_1_229' title='bbox 1408 3039 1642 3107; x_wconf 76' lang='lat' dir='ltr'><strong>segniter</strong></span> <span class='ocrx_word' id='word_1_230' title='bbox 1656 3045 1712 3091; x_wconf 90' lang='lat' dir='ltr'><strong>et</strong></span> <span class='ocrx_word' id='word_1_231' title='bbox 1732 3036 1827 3090; x_wconf 81' lang='lat' dir='ltr'><strong>mi-</strong></span> 
     </span>
    </p>
   </div>
   <div class='ocr_carea' id='block_1_31' title="bbox 234 3127 1826 3209">
    <p class='ocr_par' dir='ltr' id='par_1_31' title="bbox 234 3127 1826 3209">
     <span class='ocr_line' id='line_1_31' title="bbox 234 3127 1826 3209; baseline -0.012 -9"><span class='ocrx_word' id='word_1_232' title='bbox 234 3158 361 3200; x_wconf 85' lang='lat' dir='ltr'><strong>sere</strong></span> <span class='ocrx_word' id='word_1_233' title='bbox 408 3141 657 3198; x_wconf 68' lang='lat' dir='ltr'><strong>allectum</strong></span> <span class='ocrx_word' id='word_1_234' title='bbox 705 3145 923 3209; x_wconf 87' lang='lat' dir='ltr'><strong>propter</strong></span> <span class='ocrx_word' id='word_1_235' title='bbox 962 3135 1155 3191; x_wconf 88' lang='lat' dir='ltr'><strong>festum</strong></span> <span class='ocrx_word' id='word_1_236' title='bbox 1193 3131 1311 3201; x_wconf 84' lang='lat' dir='ltr'><strong>cogi</strong></span> <span class='ocrx_word' id='word_1_237' title='bbox 1338 3129 1404 3185; x_wconf 89' lang='lat' dir='ltr'><strong>ad</strong></span> <span class='ocrx_word' id='word_1_238' title='bbox 1430 3127 1826 3191; x_wconf 89' lang='lat' dir='ltr'><strong>accedendum;</strong></span> 
     </span>
    </p>
   </div>
   <div class='ocr_carea' id='block_1_32' title="bbox 236 3219 1832 3303">
    <p class='ocr_par' dir='ltr' id='par_1_32' title="bbox 236 3219 1832 3303">
     <span class='ocr_line' id='line_1_32' title="bbox 236 3219 1832 3303; baseline -0.011 -14"><span class='ocrx_word' id='word_1_239' title='bbox 236 3247 422 3303; x_wconf 87' lang='lat' dir='ltr'><strong>neque</strong></span> <span class='ocrx_word' id='word_1_240' title='bbox 461 3244 650 3287; x_wconf 87' lang='lat' dir='ltr'><strong>rursus</strong></span> <span class='ocrx_word' id='word_1_241' title='bbox 674 3234 1057 3296; x_wconf 85' lang='lat' dir='ltr'><strong>compunctum</strong></span> <span class='ocrx_word' id='word_1_242' title='bbox 1080 3233 1131 3279; x_wconf 91' lang='lat' dir='ltr'><strong>et</strong></span> <span class='ocrx_word' id='word_1_243' title='bbox 1160 3230 1401 3293; x_wconf 87' lang='lat' dir='ltr'><strong>paratum</strong></span> <span class='ocrx_word' id='word_1_244' title='bbox 1430 3219 1733 3289; x_wconf 83' lang='lat' dir='ltr'><strong>prohiberi,</strong></span> <span class='ocrx_word' id='word_1_245' title='bbox 1766 3233 1832 3273; x_wconf 81' lang='lat' dir='ltr'><strong>eo</strong></span> 
     </span>
    </p>
   </div>
   <div class='ocr_carea' id='block_1_33' title="bbox 239 3312 1832 3397">
    <p class='ocr_par' dir='ltr' id='par_1_33' title="bbox 239 3312 1832 3397">
     <span class='ocr_line' id='line_1_33' title="bbox 239 3312 1832 3397; baseline -0.011 -17"><span class='ocrx_word' id='word_1_246' title='bbox 239 3324 391 3397; x_wconf 87' lang='lat' dir='ltr'><strong>quod</strong></span> <span class='ocrx_word' id='word_1_247' title='bbox 425 3338 531 3378; x_wconf 89' lang='lat' dir='ltr'><strong>non</strong></span> <span class='ocrx_word' id='word_1_248' title='bbox 560 3322 630 3377; x_wconf 83' lang='lat' dir='ltr'><strong>sit</strong></span> <span class='ocrx_word' id='word_1_249' title='bbox 658 3320 775 3375; x_wconf 87' lang='lat' dir='ltr'><strong>dies</strong></span> <span class='ocrx_word' id='word_1_250' title='bbox 798 3319 988 3375; x_wconf 87' lang='lat' dir='ltr'><strong>festus.</strong></span> <span class='ocrx_word' id='word_1_251' title='bbox 1038 3316 1162 3372; x_wconf 85' lang='lat' dir='ltr'><strong>Dies</strong></span> <span class='ocrx_word' id='word_1_252' title='bbox 1191 3315 1332 3370; x_wconf 81' lang='lat' dir='ltr'><strong>enim</strong></span> <span class='ocrx_word' id='word_1_253' title='bbox 1362 3314 1529 3368; x_wconf 80' lang='lat' dir='ltr'><strong>festus</strong></span> <span class='ocrx_word' id='word_1_254' title='bbox 1552 3320 1635 3367; x_wconf 91' lang='lat' dir='ltr'><strong>est</strong></span> <span class='ocrx_word' id='word_1_255' title='bbox 1661 3312 1832 3366; x_wconf 89' lang='lat' dir='ltr'><strong>bono-</strong></span> 
     </span>
    </p>
   </div>
   <div class='ocr_carea' id='block_1_34' title="bbox 238 3405 1829 3485">
    <p class='ocr_par' dir='ltr' id='par_1_34' title="bbox 238 3405 1829 3485">
     <span class='ocr_line' id='line_1_34' title="bbox 238 3405 1829 3485; baseline -0.014 -10"><span class='ocrx_word' id='word_1_256' title='bbox 238 3431 365 3474; x_wconf 81' lang='lat' dir='ltr'><strong>rum</strong></span> <span class='ocrx_word' id='word_1_257' title='bbox 389 3428 611 3485; x_wconf 79' lang='lat' dir='ltr'><strong>Operam</strong></span> <span class='ocrx_word' id='word_1_258' title='bbox 632 3412 867 3468; x_wconf 82' lang='lat' dir='ltr'><strong>exhibita</strong></span> <span class='ocrx_word' id='word_1_259' title='bbox 894 3408 1070 3478; x_wconf 89' lang='lat' dir='ltr'><strong>copia,</strong></span> <span class='ocrx_word' id='word_1_260' title='bbox 1100 3407 1265 3461; x_wconf 85' lang='lat' dir='ltr'><strong>animi</strong></span> <span class='ocrx_word' id='word_1_261' title='bbox 1292 3405 1464 3474; x_wconf 87' lang='lat' dir='ltr'><strong>pietas</strong></span> <span class='ocrx_word' id='word_1_262' title='bbox 1480 3445 1497 3469; x_wconf 93' lang='lat'><strong>,</strong></span> <span class='ocrx_word' id='word_1_263' title='bbox 1522 3411 1829 3457; x_wconf 87' lang='lat' dir='ltr'><strong>accuratum</strong></span> 
     </span>
    </p>
   </div>
   <div class='ocr_carea' id='block_1_35' title="bbox 240 3493 1832 3566">
    <p class='ocr_par' dir='ltr' id='par_1_35' title="bbox 240 3493 1832 3566">
     <span class='ocr_line' id='line_1_35' title="bbox 240 3493 1832 3566; baseline -0.01 -3"><span class='ocrx_word' id='word_1_264' title='bbox 240 3509 369 3563; x_wconf 68' lang='lat' dir='ltr'><strong>vitae</strong></span> <span class='ocrx_word' id='word_1_265' title='bbox 418 3505 719 3560; x_wconf 83' lang='lat' dir='ltr'><strong>institutum</strong></span> <span class='ocrx_word' id='word_1_266' title='bbox 752 3520 765 3556; x_wconf 89' lang='lat'><strong>:</strong></span> <span class='ocrx_word' id='word_1_267' title='bbox 797 3502 840 3555; x_wconf 94' lang='lat' dir='ltr'><strong>si</strong></span> <span class='ocrx_word' id='word_1_268' title='bbox 892 3502 1007 3555; x_wconf 79' lang='lat' dir='ltr'><strong>lucc</strong></span> <span class='ocrx_word' id='word_1_269' title='bbox 1053 3498 1290 3563; x_wconf 81' lang='lat' dir='ltr'><strong>habeas,</strong></span> <span class='ocrx_word' id='word_1_270' title='bbox 1336 3504 1595 3566; x_wconf 89' lang='lat' dir='ltr'><strong>perpetuo</strong></span> <span class='ocrx_word' id='word_1_271' title='bbox 1640 3493 1832 3550; x_wconf 90' lang='lat' dir='ltr'><strong>festum</strong></span> 
     </span>
    </p>
   </div>
   <div class='ocr_carea' id='block_1_36' title="bbox 240 3585 1836 3671">
    <p class='ocr_par' dir='ltr' id='par_1_36' title="bbox 240 3585 1836 3671">
     <span class='ocr_line' id='line_1_36' title="bbox 240 3585 1836 3671; baseline -0.01 -17"><span class='ocrx_word' id='word_1_272' title='bbox 240 3604 408 3671; x_wconf 75' lang='lat' dir='ltr'><strong>agere</strong></span> <span class='ocrx_word' id='word_1_273' title='bbox 447 3596 667 3667; x_wconf 83' lang='lat' dir='ltr'><strong>poteris.</strong></span> <span class='ocrx_word' id='word_1_274' title='bbox 701 3603 755 3648; x_wconf 92' lang='lat' dir='ltr'><strong>et</strong></span> <span class='ocrx_word' id='word_1_275' title='bbox 782 3607 998 3663; x_wconf 80' lang='lat' dir='ltr'><strong>semper</strong></span> <span class='ocrx_word' id='word_1_276' title='bbox 1033 3589 1310 3645; x_wconf 89' lang='lat' dir='ltr'><strong>accedere.</strong></span> <span class='ocrx_word' id='word_1_277' title='bbox 1346 3588 1471 3641; x_wconf 87' lang='lat' dir='ltr'><strong>Ideo</strong></span> <span class='ocrx_word' id='word_1_278' title='bbox 1497 3587 1573 3640; x_wconf 85' lang='lat' dir='ltr'><strong>ait</strong></span> <span class='ocrx_word' id='word_1_279' title='bbox 1603 3602 1617 3637; x_wconf 88' lang='lat'>:</span> <span class='ocrx_word' id='word_1_280' title='bbox 1646 3585 1836 3639; x_wconf 77' lang='lat' dir='ltr'><strong>Probet</strong></span> 
     </span>
    </p>
   </div>
   <div class='ocr_carea' id='block_1_37' title="bbox 242 3676 1836 3759">
    <p class='ocr_par' dir='ltr' id='par_1_37' title="bbox 242 3676 1836 3759">
     <span class='ocr_line' id='line_1_37' title="bbox 242 3676 1836 3759; baseline -0.01 -12"><span class='ocrx_word' id='word_1_281' title='bbox 242 3703 420 3748; x_wconf 73' lang='lat' dir='ltr'><strong>autem</strong></span> <span class='ocrx_word' id='word_1_282' title='bbox 442 3690 659 3759; x_wconf 64' lang='lat' dir='ltr'><strong>“ipsum</strong></span> <span class='ocrx_word' id='word_1_283' title='bbox 687 3686 1046 3755; x_wconf 69' lang='lat' dir='ltr'><strong>unusquisque,</strong></span> <span class='ocrx_word' id='word_1_284' title='bbox 1070 3690 1123 3737; x_wconf 91' lang='lat' dir='ltr'><strong>et</strong></span> <span class='ocrx_word' id='word_1_285' title='bbox 1152 3691 1277 3736; x_wconf 90' lang='lat' dir='ltr'><strong>tunc</strong></span> <span class='ocrx_word' id='word_1_286' title='bbox 1306 3678 1546 3735; x_wconf 89' lang='lat' dir='ltr'><strong>accedat.</strong></span> <span class='ocrx_word' id='word_1_287' title='bbox 1568 3676 1680 3733; x_wconf 88' lang='lat' dir='ltr'><strong>Nec</strong></span> <span class='ocrx_word' id='word_1_288' title='bbox 1703 3693 1836 3747; x_wconf 70' lang='lat' dir='ltr'><strong>prte-</strong></span> 
     </span>
    </p>
   </div>
   <div class='ocr_carea' id='block_1_38' title="bbox 243 3772 1832 3861">
    <p class='ocr_par' dir='ltr' id='par_1_38' title="bbox 243 3772 1832 3861">
     <span class='ocr_line' id='line_1_38' title="bbox 243 3772 1832 3861; baseline -0.014 -18"><span class='ocrx_word' id='word_1_289' title='bbox 243 3786 379 3854; x_wconf 87' lang='lat' dir='ltr'><strong>cipit</strong></span> <span class='ocrx_word' id='word_1_290' title='bbox 404 3790 462 3837; x_wconf 93' lang='lat' dir='ltr'><strong>ut</strong></span> <span class='ocrx_word' id='word_1_291' title='bbox 483 3782 620 3837; x_wconf 84' lang='lat' dir='ltr'><strong>alter</strong></span> <span class='ocrx_word' id='word_1_292' title='bbox 642 3780 873 3833; x_wconf 89' lang='lat' dir='ltr'><strong>alterum</strong></span> <span class='ocrx_word' id='word_1_293' title='bbox 900 3776 1109 3846; x_wconf 88' lang='lat' dir='ltr'><strong>probet,</strong></span> <span class='ocrx_word' id='word_1_294' title='bbox 1134 3773 1229 3828; x_wconf 89' lang='lat' dir='ltr'><strong>sed</strong></span> <span class='ocrx_word' id='word_1_295' title='bbox 1254 3782 1309 3827; x_wconf 92' lang='lat' dir='ltr'><strong>ut</strong></span> <span class='ocrx_word' id='word_1_296' title='bbox 1328 3772 1551 3861; x_wconf 84' lang='lat' dir='ltr'><strong>quisque</strong></span> <span class='ocrx_word' id='word_1_297' title='bbox 1572 3772 1832 3837; x_wconf 83' lang='lat' dir='ltr'><strong>seipsnm,</strong></span> 
     </span>
    </p>
   </div>
   <div class='ocr_carea' id='block_1_39' title="bbox 241 3862 1835 3951">
    <p class='ocr_par' dir='ltr' id='par_1_39' title="bbox 241 3862 1835 3951">
     <span class='ocr_line' id='line_1_39' title="bbox 241 3862 1835 3951; baseline -0.009 -20"><span class='ocrx_word' id='word_1_298' title='bbox 241 3875 509 3946; x_wconf 85' lang='lat' dir='ltr'><strong>judiciqu</strong></span> <span class='ocrx_word' id='word_1_299' title='bbox 538 3879 781 3927; x_wconf 87' lang='lat' dir='ltr'><strong>statuens</strong></span> <span class='ocrx_word' id='word_1_300' title='bbox 806 3866 946 3939; x_wconf 89' lang='lat' dir='ltr'><strong>quod</strong></span> <span class='ocrx_word' id='word_1_301' title='bbox 975 3866 1179 3951; x_wconf 13' lang='lat' dir='ltr'><strong>non‘sit</strong></span> <span class='ocrx_word' id='word_1_302' title='bbox 1204 3864 1477 3935; x_wconf 90' lang='lat' dir='ltr'><strong>publicum</strong></span> <span class='ocrx_word' id='word_1_303' title='bbox 1497 3904 1513 3927; x_wconf 92' lang='lat'><strong>,</strong></span> <span class='ocrx_word' id='word_1_304' title='bbox 1546 3871 1598 3918; x_wconf 83' lang='lat' dir='ltr'><strong>et</strong></span> <span class='ocrx_word' id='word_1_305' title='bbox 1640 3862 1835 3931; x_wconf 66' lang='lat' dir='ltr'><strong>prohao</strong></span> 
     </span>
    </p>
   </div>
   <div class='ocr_carea' id='block_1_40' title="bbox 248 3952 1837 4023">
    <p class='ocr_par' dir='ltr' id='par_1_40' title="bbox 248 3952 1837 4023">
     <span class='ocr_line' id='line_1_40' title="bbox 248 3952 1837 4023; baseline -0.009 -2"><span class='ocrx_word' id='word_1_306' title='bbox 248 3967 455 4021; x_wconf 85' lang='lat' dir='ltr'><strong>tionem</strong></span> <span class='ocrx_word' id='word_1_307' title='bbox 479 3962 599 4018; x_wconf 84' lang='lat' dir='ltr'><strong>sine</strong></span> <span class='ocrx_word' id='word_1_308' title='bbox 632 3952 879 4016; x_wconf 80' lang='lat' dir='ltr'><strong>testibus.</strong></span> <span class='ocrx_word' id='word_1_309' title='bbox 914 3957 1004 4013; x_wconf 72' lang='lat'><strong>29.</strong></span> <span class='ocrx_word' id='word_1_310' title='bbox 1046 3955 1144 4023; x_wconf 82' lang='lat' dir='ltr'><strong>Qui</strong></span> <span class='ocrx_word' id='word_1_311' title='bbox 1174 3956 1311 4010; x_wconf 75' lang='lat' dir='ltr'><strong>enim</strong></span> <span class='ocrx_word' id='word_1_312' title='bbox 1346 3954 1618 4008; x_wconf 76' lang='lat' dir='ltr'><strong>manducet</strong></span> <span class='ocrx_word' id='word_1_313' title='bbox 1645 3965 1693 4006; x_wconf 85' lang='lat' dir='ltr'><strong>et</strong></span> <span class='ocrx_word' id='word_1_314' title='bbox 1720 3954 1837 4007; x_wconf 81' lang='lat' dir='ltr'><strong>bibit</strong></span> 
     </span>
    </p>
   </div>
   <div class='ocr_carea' id='block_1_41' title="bbox 244 4045 1834 4127">
    <p class='ocr_par' dir='ltr' id='par_1_41' title="bbox 244 4045 1834 4127">
     <span class='ocr_line' id='line_1_41' title="bbox 244 4045 1834 4127; baseline -0.007 -17"><span class='ocrx_word' id='word_1_315' title='bbox 244 4056 481 4127; x_wconf 74' lang='lat' dir='ltr'><strong>indigns,</strong></span> <span class='ocrx_word' id='word_1_316' title='bbox 498 4052 759 4124; x_wconf 62' lang='lat' dir='ltr'><strong>judicium</strong></span> <span class='ocrx_word' id='word_1_317' title='bbox 790 4048 998 4105; x_wconf 81' lang='lat' dir='ltr'><strong>Domini</strong></span> <span class='ocrx_word' id='word_1_318' title='bbox 1023 4048 1116 4102; x_wconf 87' lang='lat' dir='ltr'><strong>sibi</strong></span> <span class='ocrx_word' id='word_1_319' title='bbox 1137 4047 1410 4100; x_wconf 76' lang='lat' dir='ltr'><strong>manducet</strong></span> <span class='ocrx_word' id='word_1_320' title='bbox 1436 4056 1482 4099; x_wconf 80' lang='lat' dir='ltr'><strong>et</strong></span> <span class='ocrx_word' id='word_1_321' title='bbox 1508 4046 1647 4098; x_wconf 84' lang='lat' dir='ltr'><strong>bibit.</strong></span> <span class='ocrx_word' id='word_1_322' title='bbox 1677 4045 1834 4111; x_wconf 83' lang='lat' dir='ltr'><strong>Quid,</strong></span> 
     </span>
    </p>
   </div>
   <div class='ocr_carea' id='block_1_42' title="bbox 246 4140 1835 4219">
    <p class='ocr_par' dir='ltr' id='par_1_42' title="bbox 246 4140 1835 4219">
     <span class='ocr_line' id='line_1_42' title="bbox 246 4140 1835 4219; baseline -0.009 -16"><span class='ocrx_word' id='word_1_323' title='bbox 246 4161 459 4219; x_wconf 61' lang='lat' dir='ltr'><strong>quaso.</strong></span> <span class='ocrx_word' id='word_1_324' title='bbox 482 4142 660 4201; x_wconf 78' lang='lat' dir='ltr'><strong>dicis?</strong></span> <span class='ocrx_word' id='word_1_325' title='bbox 690 4152 770 4197; x_wconf 85' lang='lat' dir='ltr'><strong>tot</strong></span> <span class='ocrx_word' id='word_1_326' title='bbox 797 4143 1059 4213; x_wconf 85' lang='lat' dir='ltr'><strong>bonorum</strong></span> <span class='ocrx_word' id='word_1_327' title='bbox 1083 4154 1243 4196; x_wconf 88' lang='lat' dir='ltr'><strong>causa</strong></span> <span class='ocrx_word' id='word_1_328' title='bbox 1268 4181 1283 4204; x_wconf 90' lang='lat'><strong>,</strong></span> <span class='ocrx_word' id='word_1_329' title='bbox 1316 4140 1588 4209; x_wconf 83' lang='lat' dir='ltr'><strong>vitamque</strong></span> <span class='ocrx_word' id='word_1_330' title='bbox 1617 4140 1835 4207; x_wconf 86' lang='lat' dir='ltr'><strong>profun-</strong></span> 
     </span>
    </p>
   </div>
   <div class='ocr_carea' id='block_1_43' title="bbox 248 4230 1837 4305">
    <p class='ocr_par' dir='ltr' id='par_1_43' title="bbox 248 4230 1837 4305">
     <span class='ocr_line' id='line_1_43' title="bbox 248 4230 1837 4305; baseline -0.007 -9"><span class='ocrx_word' id='word_1_331' title='bbox 248 4242 393 4296; x_wconf 89' lang='lat' dir='ltr'><strong>dens</strong></span> <span class='ocrx_word' id='word_1_332' title='bbox 436 4250 643 4301; x_wconf 86' lang='lat' dir='ltr'><strong>mensa,</strong></span> <span class='ocrx_word' id='word_1_333' title='bbox 674 4235 789 4305; x_wconf 84' lang='lat' dir='ltr'><strong>ipsa</strong></span> <span class='ocrx_word' id='word_1_334' title='bbox 809 4234 1068 4304; x_wconf 85' lang='lat' dir='ltr'><strong>judicium</strong></span> <span class='ocrx_word' id='word_1_335' title='bbox 1106 4231 1374 4287; x_wconf 89' lang='lat' dir='ltr'><strong>efficitur?</strong></span> <span class='ocrx_word' id='word_1_336' title='bbox 1414 4230 1527 4286; x_wconf 85' lang='lat' dir='ltr'><strong>Non</strong></span> <span class='ocrx_word' id='word_1_337' title='bbox 1555 4248 1622 4285; x_wconf 86' lang='lat' dir='ltr'><strong>ex</strong></span> <span class='ocrx_word' id='word_1_338' title='bbox 1653 4240 1837 4285; x_wconf 90' lang='lat' dir='ltr'><strong>natura</strong></span> 
     </span>
    </p>
   </div>
   <div class='ocr_carea' id='block_1_44' title="bbox 247 4322 1842 4398">
    <p class='ocr_par' dir='ltr' id='par_1_44' title="bbox 247 4322 1842 4398">
     <span class='ocr_line' id='line_1_44' title="bbox 247 4322 1842 4398; baseline -0.006 -13"><span class='ocrx_word' id='word_1_339' title='bbox 247 4345 370 4395; x_wconf 79' lang='lat' dir='ltr'><strong>sua,</strong></span> <span class='ocrx_word' id='word_1_340' title='bbox 410 4327 602 4398; x_wconf 85' lang='lat' dir='ltr'><strong>inquit,</strong></span> <span class='ocrx_word' id='word_1_341' title='bbox 633 4326 730 4380; x_wconf 87' lang='lat' dir='ltr'><strong>sed</strong></span> <span class='ocrx_word' id='word_1_342' title='bbox 769 4338 833 4379; x_wconf 80' lang='lat' dir='ltr'><strong>ex</strong></span> <span class='ocrx_word' id='word_1_343' title='bbox 876 4325 993 4394; x_wconf 83' lang='lat' dir='ltr'><strong>ejus</strong></span> <span class='ocrx_word' id='word_1_344' title='bbox 1032 4323 1121 4393; x_wconf 81' lang='lat' dir='ltr'><strong>qui</strong></span> <span class='ocrx_word' id='word_1_345' title='bbox 1159 4323 1365 4379; x_wconf 85' lang='lat' dir='ltr'><strong>accedit</strong></span> <span class='ocrx_word' id='word_1_346' title='bbox 1404 4322 1646 4377; x_wconf 90' lang='lat' dir='ltr'><strong>arbitrio.</strong></span> <span class='ocrx_word' id='word_1_347' title='bbox 1693 4324 1842 4376; x_wconf 89' lang='lat' dir='ltr'><strong>Sicut</strong></span> 
     </span>
    </p>
   </div>
   <div class='ocr_carea' id='block_1_45' title="bbox 246 4411 1839 4495">
    <p class='ocr_par' dir='ltr' id='par_1_45' title="bbox 246 4411 1839 4495">
     <span class='ocr_line' id='line_1_45' title="bbox 246 4411 1839 4495; baseline -0.006 -19"><span class='ocrx_word' id='word_1_348' title='bbox 246 4420 398 4476; x_wconf 85' lang='lat' dir='ltr'><strong>enim</strong></span> <span class='ocrx_word' id='word_1_349' title='bbox 427 4416 711 4486; x_wconf 62' lang='lat' dir='ltr'><strong>prasentia</strong></span> <span class='ocrx_word' id='word_1_350' title='bbox 749 4415 897 4485; x_wconf 84' lang='lat' dir='ltr'><strong>ejus,</strong></span> <span class='ocrx_word' id='word_1_351' title='bbox 935 4429 1053 4485; x_wconf 69' lang='lat' dir='ltr'><strong>quas</strong></span> <span class='ocrx_word' id='word_1_352' title='bbox 1095 4428 1289 4495; x_wconf 79' lang='lat' dir='ltr'><strong>magna</strong></span> <span class='ocrx_word' id='word_1_353' title='bbox 1336 4412 1425 4469; x_wconf 88' lang='lat' dir='ltr'><strong>illa</strong></span> <span class='ocrx_word' id='word_1_354' title='bbox 1462 4422 1516 4467; x_wconf 88' lang='lat' dir='ltr'><strong>et</strong></span> <span class='ocrx_word' id='word_1_355' title='bbox 1555 4411 1839 4467; x_wconf 68' lang='lat' dir='ltr'><strong>ineffabilia</strong></span> 
     </span>
    </p>
   </div>
   <div class='ocr_carea' id='block_1_46' title="bbox 250 4502 1843 4574">
    <p class='ocr_par' dir='ltr' id='par_1_46' title="bbox 250 4502 1843 4574">
     <span class='ocr_line' id='line_1_46' title="bbox 250 4502 1843 4574; baseline -0.006 -9"><span class='ocrx_word' id='word_1_356' title='bbox 250 4509 414 4565; x_wconf 86' lang='lat' dir='ltr'><strong>nobis</strong></span> <span class='ocrx_word' id='word_1_357' title='bbox 441 4506 651 4562; x_wconf 79' lang='lat' dir='ltr'><strong>confert</strong></span> <span class='ocrx_word' id='word_1_358' title='bbox 678 4506 839 4573; x_wconf 87' lang='lat' dir='ltr'><strong>bona,</strong></span> <span class='ocrx_word' id='word_1_359' title='bbox 866 4519 959 4561; x_wconf 89' lang='lat' dir='ltr'><strong>eos</strong></span> <span class='ocrx_word' id='word_1_360' title='bbox 986 4505 1077 4574; x_wconf 90' lang='lat' dir='ltr'><strong>qui</strong></span> <span class='ocrx_word' id='word_1_361' title='bbox 1106 4518 1210 4558; x_wconf 93' lang='lat' dir='ltr'><strong>non</strong></span> <span class='ocrx_word' id='word_1_362' title='bbox 1237 4502 1503 4572; x_wconf 88' lang='lat' dir='ltr'><strong>accipiunt</strong></span> <span class='ocrx_word' id='word_1_363' title='bbox 1527 4503 1694 4572; x_wconf 83' lang='lat' dir='ltr'><strong>magis</strong></span> <span class='ocrx_word' id='word_1_364' title='bbox 1716 4517 1843 4557; x_wconf 82' lang='lat' dir='ltr'><strong>con-</strong></span> 
     </span>
    </p>
   </div>
   <div class='ocr_carea' id='block_1_47' title="bbox 246 4590 1842 4665">
    <p class='ocr_par' dir='ltr' id='par_1_47' title="bbox 246 4590 1842 4665">
     <span class='ocr_line' id='line_1_47' title="bbox 246 4590 1842 4665; baseline -0.006 -11"><span class='ocrx_word' id='word_1_365' title='bbox 246 4601 477 4654; x_wconf 82' lang='lat' dir='ltr'><strong>demnat</strong></span> <span class='ocrx_word' id='word_1_366' title='bbox 509 4614 523 4650; x_wconf 91' lang='lat'><strong>:</strong></span> <span class='ocrx_word' id='word_1_367' title='bbox 547 4596 626 4649; x_wconf 89' lang='lat' dir='ltr'><strong>sic</strong></span> <span class='ocrx_word' id='word_1_368' title='bbox 652 4602 710 4649; x_wconf 89' lang='lat' dir='ltr'><strong>et</strong></span> <span class='ocrx_word' id='word_1_369' title='bbox 734 4593 989 4665; x_wconf 81' lang='lat' dir='ltr'><strong>mysteria</strong></span> <span class='ocrx_word' id='word_1_370' title='bbox 1012 4592 1082 4648; x_wconf 90' lang='lat' dir='ltr'><strong>ad</strong></span> <span class='ocrx_word' id='word_1_371' title='bbox 1109 4592 1280 4660; x_wconf 89' lang='lat' dir='ltr'><strong>majus</strong></span> <span class='ocrx_word' id='word_1_372' title='bbox 1305 4591 1624 4660; x_wconf 89' lang='lat' dir='ltr'><strong>suppllcium</strong></span> <span class='ocrx_word' id='word_1_373' title='bbox 1655 4590 1842 4645; x_wconf 85' lang='lat' dir='ltr'><strong>viatica</strong></span> 
     </span>
    </p>
   </div>
   <div class='ocr_carea' id='block_1_48' title="bbox 248 4681 1842 4756">
    <p class='ocr_par' dir='ltr' id='par_1_48' title="bbox 248 4681 1842 4756">
     <span class='ocr_line' id='line_1_48' title="bbox 248 4681 1842 4756; baseline -0.005 -11"><span class='ocrx_word' id='word_1_374' title='bbox 248 4700 383 4746; x_wconf 87' lang='lat' dir='ltr'><strong>sunt</strong></span> <span class='ocrx_word' id='word_1_375' title='bbox 412 4688 479 4743; x_wconf 87' lang='lat' dir='ltr'><strong>iis</strong></span> <span class='ocrx_word' id='word_1_376' title='bbox 507 4685 599 4756; x_wconf 87' lang='lat' dir='ltr'><strong>qui</strong></span> <span class='ocrx_word' id='word_1_377' title='bbox 630 4683 845 4755; x_wconf 86' lang='lat' dir='ltr'><strong>indigne</strong></span> <span class='ocrx_word' id='word_1_378' title='bbox 870 4684 1207 4754; x_wconf 87' lang='lat' dir='ltr'><strong>participant.</strong></span> <span class='ocrx_word' id='word_1_379' title='bbox 1237 4681 1346 4737; x_wconf 87' lang='lat' dir='ltr'><strong>Cur</strong></span> <span class='ocrx_word' id='word_1_380' title='bbox 1374 4691 1551 4737; x_wconf 91' lang='lat' dir='ltr'><strong>autem</strong></span> <span class='ocrx_word' id='word_1_381' title='bbox 1582 4682 1842 4753; x_wconf 90' lang='lat' dir='ltr'><strong>judicium</strong></span> 
     </span>
    </p>
   </div>
   <div class='ocr_carea' id='block_1_49' title="bbox 247 4772 1842 4844">
    <p class='ocr_par' dir='ltr' id='par_1_49' title="bbox 247 4772 1842 4844">
     <span class='ocr_line' id='line_1_49' title="bbox 247 4772 1842 4844; baseline -0.004 -8"><span class='ocrx_word' id='word_1_382' title='bbox 247 4779 358 4836; x_wconf 84' lang='lat' dir='ltr'><strong>sibi</strong></span> <span class='ocrx_word' id='word_1_383' title='bbox 389 4775 717 4833; x_wconf 84' lang='lat' dir='ltr'><strong>manducat&#39;!</strong></span> <span class='ocrx_word' id='word_1_384' title='bbox 747 4773 870 4827; x_wconf 82' lang='lat' dir='ltr'><strong>Non</strong></span> <span class='ocrx_word' id='word_1_385' title='bbox 888 4773 1173 4844; x_wconf 82' lang='lat' dir='ltr'><strong>dijudicans</strong></span> <span class='ocrx_word' id='word_1_386' title='bbox 1191 4789 1375 4844; x_wconf 84' lang='lat' dir='ltr'><strong>corpus</strong></span> <span class='ocrx_word' id='word_1_387' title='bbox 1401 4772 1629 4827; x_wconf 83' lang='lat' dir='ltr'><strong>Domini.</strong></span> <span class='ocrx_word' id='word_1_388' title='bbox 1658 4774 1713 4829; x_wconf 92' lang='lat' dir='ltr'><strong>ld</strong></span> <span class='ocrx_word' id='word_1_389' title='bbox 1739 4784 1842 4840; x_wconf 88' lang='lat' dir='ltr'><strong>est,</strong></span> 
     </span>
    </p>
   </div>
   <div class='ocr_carea' id='block_1_50' title="bbox 252 4860 1839 4935">
    <p class='ocr_par' dir='ltr' id='par_1_50' title="bbox 252 4860 1839 4935">
     <span class='ocr_line' id='line_1_50' title="bbox 252 4860 1839 4935; baseline -0.003 -10"><span class='ocrx_word' id='word_1_390' title='bbox 252 4884 364 4926; x_wconf 86' lang='lat' dir='ltr'><strong>non</strong></span> <span class='ocrx_word' id='word_1_391' title='bbox 395 4867 737 4933; x_wconf 76' lang='lat' dir='ltr'><strong>examinans,</strong></span> <span class='ocrx_word' id='word_1_392' title='bbox 769 4878 875 4919; x_wconf 91' lang='lat' dir='ltr'><strong>non</strong></span> <span class='ocrx_word' id='word_1_393' title='bbox 904 4860 1167 4935; x_wconf 86' lang='lat' dir='ltr'><strong>cogitans,</strong></span> <span class='ocrx_word' id='word_1_394' title='bbox 1196 4871 1254 4918; x_wconf 89' lang='lat' dir='ltr'><strong>ut</strong></span> <span class='ocrx_word' id='word_1_395' title='bbox 1278 4873 1569 4934; x_wconf 90' lang='lat' dir='ltr'><strong>oporteret,</strong></span> <span class='ocrx_word' id='word_1_396' title='bbox 1598 4866 1839 4935; x_wconf 86' lang='lat' dir='ltr'><strong>proposi-</strong></span> 
     </span>
    </p>
   </div>
   <div class='ocr_carea' id='block_1_51' title="bbox 250 4954 1847 5029">
    <p class='ocr_par' dir='ltr' id='par_1_51' title="bbox 250 4954 1847 5029">
     <span class='ocr_line' id='line_1_51' title="bbox 250 4954 1847 5029; baseline -0.004 -12"><span class='ocrx_word' id='word_1_397' title='bbox 250 4973 440 5018; x_wconf 87' lang='lat' dir='ltr'><strong>torum</strong></span> <span class='ocrx_word' id='word_1_398' title='bbox 483 4958 902 5029; x_wconf 82' lang='lat' dir='ltr'><strong>magnitudinem</strong></span> <span class='ocrx_word' id='word_1_399' title='bbox 948 4964 1003 5012; x_wconf 89' lang='lat' dir='ltr'><strong>et</strong></span> <span class='ocrx_word' id='word_1_400' title='bbox 1046 4954 1173 5010; x_wconf 89' lang='lat' dir='ltr'><strong>doni</strong></span> <span class='ocrx_word' id='word_1_401' title='bbox 1217 4954 1612 5015; x_wconf 83' lang='lat' dir='ltr'><strong>excellentiam.</strong></span> <span class='ocrx_word' id='word_1_402' title='bbox 1641 4956 1772 5013; x_wconf 87' lang='lat' dir='ltr'><strong>Nam</strong></span> <span class='ocrx_word' id='word_1_403' title='bbox 1802 4957 1847 5010; x_wconf 88' lang='lat' dir='ltr'><strong>si</strong></span> 
     </span>
    </p>
   </div>
   <div class='ocr_carea' id='block_1_52' title="bbox 249 5044 1847 5118">
    <p class='ocr_par' dir='ltr' id='par_1_52' title="bbox 249 5044 1847 5118">
     <span class='ocr_line' id='line_1_52' title="bbox 249 5044 1847 5118; baseline -0.004 -11"><span class='ocrx_word' id='word_1_404' title='bbox 249 5056 512 5107; x_wconf 80' lang='lat' dir='ltr'><strong>accurate</strong></span> <span class='ocrx_word' id='word_1_405' title='bbox 540 5047 813 5113; x_wconf 87' lang='lat' dir='ltr'><strong>didiceris,</strong></span> <span class='ocrx_word' id='word_1_406' title='bbox 842 5048 961 5118; x_wconf 87' lang='lat' dir='ltr'><strong>quis</strong></span> <span class='ocrx_word' id='word_1_407' title='bbox 997 5048 1072 5103; x_wconf 83' lang='lat' dir='ltr'><strong>sit</strong></span> <span class='ocrx_word' id='word_1_408' title='bbox 1116 5045 1205 5101; x_wconf 92' lang='lat' dir='ltr'><strong>ille</strong></span> <span class='ocrx_word' id='word_1_409' title='bbox 1249 5044 1343 5114; x_wconf 89' lang='lat' dir='ltr'><strong>qui</strong></span> <span class='ocrx_word' id='word_1_410' title='bbox 1385 5054 1610 5114; x_wconf 80' lang='lat' dir='ltr'><strong>prostat,</strong></span> <span class='ocrx_word' id='word_1_411' title='bbox 1644 5057 1699 5100; x_wconf 90' lang='lat' dir='ltr'><strong>et</strong></span> <span class='ocrx_word' id='word_1_412' title='bbox 1725 5046 1847 5115; x_wconf 84' lang='lat' dir='ltr'><strong>quis</strong></span> 
     </span>
    </p>
   </div>
   <div class='ocr_carea' id='block_1_53' title="bbox 250 5134 1848 5210">
    <p class='ocr_par' dir='ltr' id='par_1_53' title="bbox 250 5134 1848 5210">
     <span class='ocr_line' id='line_1_53' title="bbox 250 5134 1848 5210; baseline -0.004 -13"><span class='ocrx_word' id='word_1_413' title='bbox 250 5154 384 5197; x_wconf 86' lang='lat' dir='ltr'><strong>cum</strong></span> <span class='ocrx_word' id='word_1_414' title='bbox 433 5138 525 5203; x_wconf 87' lang='lat' dir='ltr'><strong>sit,</strong></span> <span class='ocrx_word' id='word_1_415' title='bbox 576 5138 662 5191; x_wconf 89' lang='lat' dir='ltr'><strong>cui</strong></span> <span class='ocrx_word' id='word_1_416' title='bbox 702 5137 794 5192; x_wconf 88' lang='lat' dir='ltr'><strong>dat</strong></span> <span class='ocrx_word' id='word_1_417' title='bbox 833 5139 1089 5210; x_wconf 84' lang='lat' dir='ltr'><strong>seipsum,</strong></span> <span class='ocrx_word' id='word_1_418' title='bbox 1129 5134 1276 5190; x_wconf 91' lang='lat' dir='ltr'><strong>nullo</strong></span> <span class='ocrx_word' id='word_1_419' title='bbox 1303 5135 1411 5189; x_wconf 89' lang='lat' dir='ltr'><strong>alio</strong></span> <span class='ocrx_word' id='word_1_420' title='bbox 1447 5150 1582 5204; x_wconf 89' lang='lat' dir='ltr'><strong>opus</strong></span> <span class='ocrx_word' id='word_1_421' title='bbox 1624 5135 1848 5191; x_wconf 83' lang='lat' dir='ltr'><strong>habebis</strong></span> 
     </span>
    </p>
   </div>
   <div class='ocr_carea' id='block_1_54' title="bbox 252 5224 1845 5294">
    <p class='ocr_par' dir='ltr' id='par_1_54' title="bbox 252 5224 1845 5294">
     <span class='ocr_line' id='line_1_54' title="bbox 252 5224 1845 5294; baseline -0.006 -7"><span class='ocrx_word' id='word_1_422' title='bbox 252 5241 553 5292; x_wconf 79' lang='lat' dir='ltr'><strong>sermone;</strong></span> <span class='ocrx_word' id='word_1_423' title='bbox 582 5225 676 5280; x_wconf 85' lang='lat' dir='ltr'><strong>sed</strong></span> <span class='ocrx_word' id='word_1_424' title='bbox 716 5228 817 5283; x_wconf 90' lang='lat' dir='ltr'><strong>hoc</strong></span> <span class='ocrx_word' id='word_1_425' title='bbox 845 5228 938 5285; x_wconf 83' lang='lat' dir='ltr'><strong>tibi</strong></span> <span class='ocrx_word' id='word_1_426' title='bbox 965 5228 1099 5282; x_wconf 88' lang='lat' dir='ltr'><strong>satis</strong></span> <span class='ocrx_word' id='word_1_427' title='bbox 1126 5227 1229 5282; x_wconf 87' lang='lat' dir='ltr'><strong>erit</strong></span> <span class='ocrx_word' id='word_1_428' title='bbox 1256 5224 1323 5279; x_wconf 90' lang='lat' dir='ltr'><strong>ad</strong></span> <span class='ocrx_word' id='word_1_429' title='bbox 1352 5224 1706 5294; x_wconf 75' lang='lat' dir='ltr'><strong>vigilantiam,</strong></span> <span class='ocrx_word' id='word_1_430' title='bbox 1744 5226 1845 5278; x_wconf 90' lang='lat' dir='ltr'><strong>nisi</strong></span> 
     </span>
    </p>
   </div>
   <div class='ocr_carea' id='block_1_55' title="bbox 251 5310 1847 5386">
    <p class='ocr_par' dir='ltr' id='par_1_55' title="bbox 251 5310 1847 5386">
     <span class='ocr_line' id='line_1_55' title="bbox 251 5310 1847 5386; baseline -0.003 -12"><span class='ocrx_word' id='word_1_431' title='bbox 251 5317 421 5374; x_wconf 82' lang='lat' dir='ltr'><strong>valde</strong></span> <span class='ocrx_word' id='word_1_432' title='bbox 447 5316 628 5386; x_wconf 86' lang='lat' dir='ltr'><strong>lapsus</strong></span> <span class='ocrx_word' id='word_1_433' title='bbox 658 5313 842 5386; x_wconf 79' lang='lat' dir='ltr'><strong>fueris.</strong></span> <span class='ocrx_word' id='word_1_434' title='bbox 870 5310 963 5370; x_wconf 73' lang='lat'><strong>30.</strong></span> <span class='ocrx_word' id='word_1_435' title='bbox 991 5316 1120 5372; x_wconf 85' lang='lat' dir='ltr'><strong>Ideo</strong></span> <span class='ocrx_word' id='word_1_436' title='bbox 1148 5318 1277 5371; x_wconf 85' lang='lat' dir='ltr'><strong>inter</strong></span> <span class='ocrx_word' id='word_1_437' title='bbox 1300 5332 1386 5370; x_wconf 84' lang='lat' dir='ltr'><strong>vos</strong></span> <span class='ocrx_word' id='word_1_438' title='bbox 1413 5316 1560 5368; x_wconf 85' lang='lat' dir='ltr'><strong>multi</strong></span> <span class='ocrx_word' id='word_1_439' title='bbox 1581 5316 1773 5384; x_wconf 83' lang='lat' dir='ltr'><strong>inﬁrmi</strong></span> <span class='ocrx_word' id='word_1_440' title='bbox 1802 5326 1847 5369; x_wconf 85' lang='lat' dir='ltr'><strong>ct</strong></span> 
     </span>
    </p>
   </div>
   <div class='ocr_carea' id='block_1_56' title="bbox 251 5405 1849 5477">
    <p class='ocr_par' dir='ltr' id='par_1_56' title="bbox 251 5405 1849 5477">
     <span class='ocr_line' id='line_1_56' title="bbox 251 5405 1849 5477; baseline -0.003 -12"><span class='ocrx_word' id='word_1_441' title='bbox 251 5407 558 5473; x_wconf 69' lang='lat' dir='ltr'><strong>imbecilles,</strong></span> <span class='ocrx_word' id='word_1_442' title='bbox 581 5414 628 5462; x_wconf 80' lang='lat' dir='ltr'><strong>et</strong></span> <span class='ocrx_word' id='word_1_443' title='bbox 650 5405 907 5460; x_wconf 83' lang='lat' dir='ltr'><strong>dormiunt</strong></span> <span class='ocrx_word' id='word_1_444' title='bbox 933 5410 1098 5461; x_wconf 76' lang='lat' dir='ltr'><strong>mutii.</strong></span> <span class='ocrx_word' id='word_1_445' title='bbox 1129 5407 1224 5463; x_wconf 82' lang='lat' dir='ltr'><strong>llic</strong></span> <span class='ocrx_word' id='word_1_446' title='bbox 1245 5408 1359 5477; x_wconf 88' lang='lat' dir='ltr'><strong>jam</strong></span> <span class='ocrx_word' id='word_1_447' title='bbox 1383 5421 1487 5461; x_wconf 88' lang='lat' dir='ltr'><strong>non</strong></span> <span class='ocrx_word' id='word_1_448' title='bbox 1516 5406 1583 5461; x_wconf 89' lang='lat' dir='ltr'><strong>ab</strong></span> <span class='ocrx_word' id='word_1_449' title='bbox 1604 5406 1723 5461; x_wconf 88' lang='lat' dir='ltr'><strong>aliis</strong></span> <span class='ocrx_word' id='word_1_450' title='bbox 1744 5407 1849 5462; x_wconf 78' lang='lat' dir='ltr'><strong>fert</strong></span> 
     </span>
    </p>
   </div>
   <div class='ocr_carea' id='block_1_57' title="bbox 252 5494 1845 5570">
    <p class='ocr_par' dir='ltr' id='par_1_57' title="bbox 252 5494 1845 5570">
     <span class='ocr_line' id='line_1_57' title="bbox 252 5494 1845 5570; baseline 0 -18"><span class='ocrx_word' id='word_1_451' title='bbox 252 5498 514 5570; x_wconf 71' lang='lat' dir='ltr'><strong>exempla</strong></span> <span class='ocrx_word' id='word_1_452' title='bbox 543 5538 556 5562; x_wconf 94' lang='lat'><strong>,</strong></span> <span class='ocrx_word' id='word_1_453' title='bbox 587 5504 646 5552; x_wconf 90' lang='lat' dir='ltr'><strong>ut</strong></span> <span class='ocrx_word' id='word_1_454' title='bbox 672 5494 797 5550; x_wconf 86' lang='lat' dir='ltr'><strong>fecit</strong></span> <span class='ocrx_word' id='word_1_455' title='bbox 824 5496 966 5549; x_wconf 76' lang='lat' dir='ltr'><strong>circa</strong></span> <span class='ocrx_word' id='word_1_456' title='bbox 994 5509 1081 5560; x_wconf 86' lang='lat' dir='ltr'><strong>ea,</strong></span> <span class='ocrx_word' id='word_1_457' title='bbox 1104 5511 1226 5565; x_wconf 76' lang='lat' dir='ltr'><strong>qua:</strong></span> <span class='ocrx_word' id='word_1_458' title='bbox 1257 5498 1525 5552; x_wconf 89' lang='lat' dir='ltr'><strong>immolata</strong></span> <span class='ocrx_word' id='word_1_459' title='bbox 1555 5506 1709 5552; x_wconf 88' lang='lat' dir='ltr'><strong>erant</strong></span> <span class='ocrx_word' id='word_1_460' title='bbox 1731 5498 1845 5552; x_wconf 90' lang='lat' dir='ltr'><strong>ido-</strong></span> 
     </span>
    </p>
   </div>
   <div class='ocr_carea' id='block_1_58' title="bbox 254 5586 1849 5659">
    <p class='ocr_par' dir='ltr' id='par_1_58' title="bbox 254 5586 1849 5659">
     <span class='ocr_line' id='line_1_58' title="bbox 254 5586 1849 5659; baseline -0.001 -12"><span class='ocrx_word' id='word_1_461' title='bbox 254 5592 349 5656; x_wconf 85' lang='lat' dir='ltr'><strong>lis,</strong></span> <span class='ocrx_word' id='word_1_462' title='bbox 379 5597 594 5645; x_wconf 78' lang='lat' dir='ltr'><strong>veteres</strong></span> <span class='ocrx_word' id='word_1_463' title='bbox 633 5602 857 5644; x_wconf 87' lang='lat' dir='ltr'><strong>uarrans</strong></span> <span class='ocrx_word' id='word_1_464' title='bbox 884 5586 1156 5650; x_wconf 88' lang='lat' dir='ltr'><strong>historias,</strong></span> <span class='ocrx_word' id='word_1_465' title='bbox 1188 5599 1242 5642; x_wconf 89' lang='lat' dir='ltr'><strong>et</strong></span> <span class='ocrx_word' id='word_1_466' title='bbox 1272 5590 1453 5659; x_wconf 78' lang='lat' dir='ltr'><strong>plagas</strong></span> <span class='ocrx_word' id='word_1_467' title='bbox 1482 5591 1534 5643; x_wconf 90' lang='lat' dir='ltr'><strong>in</strong></span> <span class='ocrx_word' id='word_1_468' title='bbox 1562 5589 1849 5645; x_wconf 87' lang='lat' dir='ltr'><strong>solitudine</strong></span> 
     </span>
    </p>
   </div>
   <div class='ocr_carea' id='block_1_59' title="bbox 254 5677 1847 5750">
    <p class='ocr_par' dir='ltr' id='par_1_59' title="bbox 254 5677 1847 5750">
     <span class='ocr_line' id='line_1_59' title="bbox 254 5677 1847 5750; baseline -0.001 -14"><span class='ocrx_word' id='word_1_469' title='bbox 254 5689 535 5750; x_wconf 84' lang='lat' dir='ltr'><strong>acceptas,</strong></span> <span class='ocrx_word' id='word_1_470' title='bbox 560 5679 654 5735; x_wconf 87' lang='lat' dir='ltr'><strong>sed</strong></span> <span class='ocrx_word' id='word_1_471' title='bbox 682 5680 749 5734; x_wconf 92' lang='lat' dir='ltr'><strong>ab</strong></span> <span class='ocrx_word' id='word_1_472' title='bbox 779 5680 906 5749; x_wconf 84' lang='lat' dir='ltr'><strong>ipsis</strong></span> <span class='ocrx_word' id='word_1_473' title='bbox 928 5677 1316 5742; x_wconf 61' lang='lat' dir='ltr'><strong>Corinthiis,“</strong></span> <span class='ocrx_word' id='word_1_474' title='bbox 1348 5679 1490 5747; x_wconf 83' lang='lat' dir='ltr'><strong>quod</strong></span> <span class='ocrx_word' id='word_1_475' title='bbox 1514 5681 1673 5733; x_wconf 83' lang='lat' dir='ltr'><strong>etiam</strong></span> <span class='ocrx_word' id='word_1_476' title='bbox 1697 5680 1847 5735; x_wconf 86' lang='lat' dir='ltr'><strong>vehe-</strong></span> 
     </span>
    </p>
   </div>
   <div class='ocr_carea' id='block_1_60' title="bbox 256 5769 1849 5836">
    <p class='ocr_par' dir='ltr' id='par_1_60' title="bbox 256 5769 1849 5836">
     <span class='ocr_line' id='line_1_60' title="bbox 256 5769 1849 5836; baseline -0.002 -8"><span class='ocrx_word' id='word_1_477' title='bbox 256 5771 588 5828; x_wconf 83' lang='lat' dir='ltr'><strong>mentiorem</strong></span> <span class='ocrx_word' id='word_1_478' title='bbox 630 5769 885 5827; x_wconf 83' lang='lat' dir='ltr'><strong>reddebat</strong></span> <span class='ocrx_word' id='word_1_479' title='bbox 912 5783 1233 5828; x_wconf 87' lang='lat' dir='ltr'><strong>sermonem.</strong></span> <span class='ocrx_word' id='word_1_480' title='bbox 1276 5769 1408 5836; x_wconf 77' lang='lat' dir='ltr'><strong>Quia</strong></span> <span class='ocrx_word' id='word_1_481' title='bbox 1438 5770 1578 5824; x_wconf 89' lang='lat' dir='ltr'><strong>enim</strong></span> <span class='ocrx_word' id='word_1_482' title='bbox 1610 5770 1849 5825; x_wconf 88' lang='lat' dir='ltr'><strong>diccbat:</strong></span> 
     </span>
    </p>
   </div>
   <div class='ocr_carea' id='block_1_61' title="bbox 1204 359 2478 427">
    <p class='ocr_par' dir='ltr' id='par_1_61' title="bbox 1204 359 2478 427">
     <span class='ocr_line' id='line_1_61' title="bbox 1204 359 2478 427; baseline -0.009 -2"><span class='ocrx_word' id='word_1_483' title='bbox 1204 372 1265 427; x_wconf 72' lang='grc' dir='ltr'><strong>ΙΝ</strong></span> <span class='ocrx_word' id='word_1_484' title='bbox 1305 368 1524 426; x_wconf 77' lang='lat' dir='ltr'><strong>EPIST.</strong></span> <span class='ocrx_word' id='word_1_485' title='bbox 1566 366 1605 420; x_wconf 90' lang='lat' dir='ltr'><strong>l.</strong></span> <span class='ocrx_word' id='word_1_486' title='bbox 1650 362 1743 418; x_wconf 76' lang='lat' dir='ltr'><strong>AD</strong></span> <span class='ocrx_word' id='word_1_487' title='bbox 1782 359 1937 415; x_wconf 73' lang='lat' dir='ltr'><strong>COIl.</strong></span> <span class='ocrx_word' id='word_1_488' title='bbox 1983 359 2209 416; x_wconf 73' lang='lat' dir='ltr'><strong>IIOMIL.</strong></span> <span class='ocrx_word' id='word_1_489' title='bbox 2243 359 2478 417; x_wconf 70' lang='lat' dir='ltr'><strong>XXVIII.</strong></span> 
     </span>
    </p>
   </div>
   <div class='ocr_carea' id='block_1_62' title="bbox 3365 356 3473 410">
    <p class='ocr_par' dir='ltr' id='par_1_62' title="bbox 3365 356 3473 410">
     <span class='ocr_line' id='line_1_62' title="bbox 3365 356 3473 410; baseline 0.009 -2"><span class='ocrx_word' id='word_1_490' title='bbox 3365 356 3473 410; x_wconf 62' lang='lat'><strong>$35</strong></span> 
     </span>
    </p>
   </div>
   <div class='ocr_carea' id='block_1_63' title="bbox 1895 470 3472 543">
    <p class='ocr_par' dir='ltr' id='par_1_63' title="bbox 1895 470 3472 543">
     <span class='ocr_line' id='line_1_63' title="bbox 1895 470 3472 543; baseline -0.001 -17"><span class='ocrx_word' id='word_1_491' title='bbox 1895 470 2157 527; x_wconf 71' lang='lat' dir='ltr'><strong>Iudicium</strong></span> <span class='ocrx_word' id='word_1_492' title='bbox 2185 473 2279 529; x_wconf 84' lang='lat' dir='ltr'><strong>sibi</strong></span> <span class='ocrx_word' id='word_1_493' title='bbox 2309 474 2611 538; x_wconf 79' lang='lat' dir='ltr'><strong>manducat;</strong></span> <span class='ocrx_word' id='word_1_494' title='bbox 2660 482 2732 537; x_wconf 89' lang='lat' dir='ltr'><strong>el,</strong></span> <span class='ocrx_word' id='word_1_495' title='bbox 2754 471 2888 529; x_wconf 77' lang='lat' dir='ltr'><strong>Reus</strong></span> <span class='ocrx_word' id='word_1_496' title='bbox 2918 482 3022 538; x_wconf 78' lang='lat' dir='ltr'><strong>est;</strong></span> <span class='ocrx_word' id='word_1_497' title='bbox 3065 488 3133 528; x_wconf 79' lang='lat' dir='ltr'><strong>ne</strong></span> <span class='ocrx_word' id='word_1_498' title='bbox 3156 474 3315 529; x_wconf 81' lang='lat' dir='ltr'><strong>verba</strong></span> <span class='ocrx_word' id='word_1_499' title='bbox 3347 488 3472 543; x_wconf 82' lang='lat' dir='ltr'><strong>pro-</strong></span> 
     </span>
    </p>
   </div>
   <div class='ocr_carea' id='block_1_64' title="bbox 1900 548 3474 633">
    <p class='ocr_par' dir='ltr' id='par_1_64' title="bbox 1900 548 3474 633">
     <span class='ocr_line' id='line_1_64' title="bbox 1900 548 3474 633; baseline 0.003 -18"><span class='ocrx_word' id='word_1_500' title='bbox 1900 564 2036 619; x_wconf 86' lang='lat' dir='ltr'><strong>ferre</strong></span> <span class='ocrx_word' id='word_1_501' title='bbox 2058 548 2318 630; x_wconf 84' lang='lat' dir='ltr'><strong>videatur,</strong></span> <span class='ocrx_word' id='word_1_502' title='bbox 2350 565 2483 619; x_wconf 86' lang='lat' dir='ltr'><strong>facta</strong></span> <span class='ocrx_word' id='word_1_503' title='bbox 2515 563 2718 633; x_wconf 88' lang='lat' dir='ltr'><strong>adjicit,</strong></span> <span class='ocrx_word' id='word_1_504' title='bbox 2743 574 2798 619; x_wconf 87' lang='lat' dir='ltr'><strong>et</strong></span> <span class='ocrx_word' id='word_1_505' title='bbox 2818 572 2983 619; x_wconf 79' lang='lat' dir='ltr'><strong>testes</strong></span> <span class='ocrx_word' id='word_1_506' title='bbox 3006 563 3124 618; x_wconf 89' lang='lat' dir='ltr'><strong>illos</strong></span> <span class='ocrx_word' id='word_1_507' title='bbox 3153 562 3398 628; x_wconf 86' lang='lat' dir='ltr'><strong>advocat,</strong></span> <span class='ocrx_word' id='word_1_508' title='bbox 3427 565 3474 619; x_wconf 89' lang='lat' dir='ltr'><strong>id</strong></span> 
     </span>
    </p>
   </div>
   <div class='ocr_carea' id='block_1_65' title="bbox 1902 653 3479 735">
    <p class='ocr_par' dir='ltr' id='par_1_65' title="bbox 1902 653 3479 735">
     <span class='ocr_line' id='line_1_65' title="bbox 1902 653 3479 735; baseline 0.001 -29"><span class='ocrx_word' id='word_1_509' title='bbox 1902 653 2042 723; x_wconf 85' lang='lat' dir='ltr'><strong>quod</strong></span> <span class='ocrx_word' id='word_1_510' title='bbox 2095 654 2263 725; x_wconf 86' lang='lat' dir='ltr'><strong>magis</strong></span> <span class='ocrx_word' id='word_1_511' title='bbox 2309 670 2469 724; x_wconf 85' lang='lat' dir='ltr'><strong>quam</strong></span> <span class='ocrx_word' id='word_1_512' title='bbox 2517 655 2858 709; x_wconf 79' lang='lat' dir='ltr'><strong>comminatio</strong></span> <span class='ocrx_word' id='word_1_513' title='bbox 2910 655 3255 735; x_wconf 85' lang='lat' dir='ltr'><strong>perstringit,</strong></span> <span class='ocrx_word' id='word_1_514' title='bbox 3304 656 3479 708; x_wconf 82' lang='lat' dir='ltr'><strong>minas</strong></span> 
     </span>
    </p>
   </div>
   <div class='ocr_carea' id='block_1_66' title="bbox 1907 744 3478 815">
    <p class='ocr_par' dir='ltr' id='par_1_66' title="bbox 1907 744 3478 815">
     <span class='ocr_line' id='line_1_66' title="bbox 1907 744 3478 815; baseline 0.002 -21"><span class='ocrx_word' id='word_1_515' title='bbox 1907 746 2180 814; x_wconf 82' lang='lat' dir='ltr'><strong>proferens</strong></span> <span class='ocrx_word' id='word_1_516' title='bbox 2223 745 2275 799; x_wconf 82' lang='lat' dir='ltr'><strong>in</strong></span> <span class='ocrx_word' id='word_1_517' title='bbox 2307 760 2442 812; x_wconf 79' lang='lat' dir='ltr'><strong>opus</strong></span> <span class='ocrx_word' id='word_1_518' title='bbox 2464 756 2740 800; x_wconf 74' lang='lat' dir='ltr'><strong>exeuntes.</strong></span> <span class='ocrx_word' id='word_1_519' title='bbox 2783 744 2963 815; x_wconf 81' lang='lat' dir='ltr'><strong>Neque</strong></span> <span class='ocrx_word' id='word_1_520' title='bbox 2996 744 3078 800; x_wconf 87' lang='lat' dir='ltr'><strong>his</strong></span> <span class='ocrx_word' id='word_1_521' title='bbox 3110 755 3311 798; x_wconf 80' lang='lat' dir='ltr'><strong>tantum</strong></span> <span class='ocrx_word' id='word_1_522' title='bbox 3345 760 3478 798; x_wconf 87' lang='lat' dir='ltr'><strong>con-</strong></span> 
     </span>
    </p>
   </div>
   <div class='ocr_carea' id='block_1_67' title="bbox 1906 832 3481 909">
    <p class='ocr_par' dir='ltr' id='par_1_67' title="bbox 1906 832 3481 909">
     <span class='ocr_line' id='line_1_67' title="bbox 1906 832 3481 909; baseline 0.003 -18"><span class='ocrx_word' id='word_1_523' title='bbox 1906 844 2103 905; x_wconf 84' lang='lat' dir='ltr'><strong>tentus,</strong></span> <span class='ocrx_word' id='word_1_524' title='bbox 2130 838 2252 892; x_wconf 90' lang='lat' dir='ltr'><strong>hinc</strong></span> <span class='ocrx_word' id='word_1_525' title='bbox 2283 850 2585 893; x_wconf 85' lang='lat' dir='ltr'><strong>sermonem</strong></span> <span class='ocrx_word' id='word_1_526' title='bbox 2615 838 2682 893; x_wconf 86' lang='lat' dir='ltr'><strong>de</strong></span> <span class='ocrx_word' id='word_1_527' title='bbox 2712 839 2952 909; x_wconf 86' lang='lat' dir='ltr'><strong>gehenna</strong></span> <span class='ocrx_word' id='word_1_528' title='bbox 2985 832 3183 894; x_wconf 78' lang='lat' dir='ltr'><strong>inducit</strong></span> <span class='ocrx_word' id='word_1_529' title='bbox 3210 838 3481 909; x_wconf 80' lang='lat' dir='ltr'><strong>iidemque</strong></span> 
     </span>
    </p>
   </div>
   <div class='ocr_carea' id='block_1_68' title="bbox 1907 928 3482 1003">
    <p class='ocr_par' dir='ltr' id='par_1_68' title="bbox 1907 928 3482 1003">
     <span class='ocr_line' id='line_1_68' title="bbox 1907 928 3482 1003; baseline 0.004 -22"><span class='ocrx_word' id='word_1_530' title='bbox 1907 928 2066 992; x_wconf 85' lang='lat' dir='ltr'><strong>facit;</strong></span> <span class='ocrx_word' id='word_1_531' title='bbox 2098 929 2363 999; x_wconf 82' lang='lat' dir='ltr'><strong>utrimque</strong></span> <span class='ocrx_word' id='word_1_532' title='bbox 2385 942 2613 990; x_wconf 86' lang='lat' dir='ltr'><strong>terrens,</strong></span> <span class='ocrx_word' id='word_1_533' title='bbox 2644 939 2696 982; x_wconf 83' lang='lat' dir='ltr'><strong>et</strong></span> <span class='ocrx_word' id='word_1_534' title='bbox 2725 931 3073 997; x_wconf 69' lang='lat' dir='ltr'><strong>quaestionem</strong></span> <span class='ocrx_word' id='word_1_535' title='bbox 3100 931 3330 997; x_wconf 88' lang='lat' dir='ltr'><strong>solvens,</strong></span> <span class='ocrx_word' id='word_1_536' title='bbox 3362 949 3482 1003; x_wconf 70' lang='lat' dir='ltr'><strong>qua:</strong></span> 
     </span>
    </p>
   </div>
   <div class='ocr_carea' id='block_1_69' title="bbox 1908 1019 3485 1088">
    <p class='ocr_par' dir='ltr' id='par_1_69' title="bbox 1908 1019 3485 1088">
     <span class='ocr_line' id='line_1_69' title="bbox 1908 1019 3485 1088; baseline 0.006 -17"><span class='ocrx_word' id='word_1_537' title='bbox 1908 1019 2100 1088; x_wconf 82' lang='lat' dir='ltr'><strong>ubique</strong></span> <span class='ocrx_word' id='word_1_538' title='bbox 2144 1019 2611 1075; x_wconf 79' lang='lat' dir='ltr'><strong>circumferebatur</strong></span> <span class='ocrx_word' id='word_1_539' title='bbox 2680 1020 2812 1087; x_wconf 78' lang='lat' dir='ltr'><strong>Quia</strong></span> <span class='ocrx_word' id='word_1_540' title='bbox 2856 1025 2998 1077; x_wconf 89' lang='lat' dir='ltr'><strong>enim</strong></span> <span class='ocrx_word' id='word_1_541' title='bbox 3046 1024 3199 1079; x_wconf 88' lang='lat' dir='ltr'><strong>multi</strong></span> <span class='ocrx_word' id='word_1_542' title='bbox 3244 1026 3383 1081; x_wconf 88' lang='lat' dir='ltr'><strong>inter</strong></span> <span class='ocrx_word' id='word_1_543' title='bbox 3424 1044 3485 1081; x_wconf 78' lang='lat' dir='ltr'><strong>se</strong></span> 
     </span>
    </p>
   </div>
   <div class='ocr_carea' id='block_1_70' title="bbox 1906 1113 3484 1184">
    <p class='ocr_par' dir='ltr' id='par_1_70' title="bbox 1906 1113 3484 1184">
     <span class='ocr_line' id='line_1_70' title="bbox 1906 1113 3484 1184; baseline 0.008 -20"><span class='ocrx_word' id='word_1_544' title='bbox 1906 1121 2173 1179; x_wconf 72' lang='lat' dir='ltr'><strong>quaerunt,</strong></span> <span class='ocrx_word' id='word_1_545' title='bbox 2206 1113 2465 1167; x_wconf 84' lang='lat' dir='ltr'><strong>undenam</strong></span> <span class='ocrx_word' id='word_1_546' title='bbox 2500 1114 2795 1167; x_wconf 75' lang='lat' dir='ltr'><strong>immatura:</strong></span> <span class='ocrx_word' id='word_1_547' title='bbox 2827 1125 3049 1184; x_wconf 60' lang='lat' dir='ltr'><strong>mortes,</strong></span> <span class='ocrx_word' id='word_1_548' title='bbox 3078 1117 3218 1172; x_wconf 90' lang='lat' dir='ltr'><strong>unde</strong></span> <span class='ocrx_word' id='word_1_549' title='bbox 3247 1119 3484 1175; x_wconf 82' lang='lat' dir='ltr'><strong>diuturni</strong></span> 
     </span>
    </p>
   </div>
   <div class='ocr_carea' id='block_1_71' title="bbox 1910 1201 3484 1275">
    <p class='ocr_par' dir='ltr' id='par_1_71' title="bbox 1910 1201 3484 1275">
     <span class='ocr_line' id='line_1_71' title="bbox 1910 1201 3484 1275; baseline 0.008 -21"><span class='ocrx_word' id='word_1_550' title='bbox 1910 1201 2101 1267; x_wconf 82' lang='lat' dir='ltr'><strong>morbi,</strong></span> <span class='ocrx_word' id='word_1_551' title='bbox 2122 1202 2249 1256; x_wconf 90' lang='lat' dir='ltr'><strong>dicit</strong></span> <span class='ocrx_word' id='word_1_552' title='bbox 2276 1203 2366 1257; x_wconf 91' lang='lat' dir='ltr'><strong>illo</strong></span> <span class='ocrx_word' id='word_1_553' title='bbox 2391 1204 2553 1256; x_wconf 81' lang='lat' dir='ltr'><strong>inulta</strong></span> <span class='ocrx_word' id='word_1_554' title='bbox 2584 1206 2940 1273; x_wconf 74' lang='lat' dir='ltr'><strong>inexspectata</strong></span> <span class='ocrx_word' id='word_1_555' title='bbox 2966 1217 3301 1275; x_wconf 86' lang='lat' dir='ltr'><strong>peccatorum</strong></span> <span class='ocrx_word' id='word_1_556' title='bbox 3324 1226 3484 1267; x_wconf 83' lang='lat' dir='ltr'><strong>causa</strong></span> 
     </span>
    </p>
   </div>
   <div class='ocr_carea' id='block_1_72' title="bbox 1909 1292 2169 1347">
    <p class='ocr_par' dir='ltr' id='par_1_72' title="bbox 1909 1292 2169 1347">
     <span class='ocr_line' id='line_1_72' title="bbox 1909 1292 2169 1347; baseline -0.004 -2"><span class='ocrx_word' id='word_1_557' title='bbox 1909 1292 2169 1347; x_wconf 87' lang='lat' dir='ltr'><strong>accidere.</strong></span> 
     </span>
    </p>
   </div>
   <div class='ocr_carea' id='block_1_73' title="bbox 1981 1385 3483 1462">
    <p class='ocr_par' dir='ltr' id='par_1_73' title="bbox 1981 1385 3483 1462">
     <span class='ocr_line' id='line_1_73' title="bbox 1981 1385 3483 1462; baseline 0.009 -25"><span class='ocrx_word' id='word_1_558' title='bbox 1981 1385 2035 1437; x_wconf 74' lang='lat'><strong>2.</strong></span> <span class='ocrx_word' id='word_1_559' title='bbox 2069 1387 2204 1451; x_wconf 80' lang='lat' dir='ltr'><strong>Quid</strong></span> <span class='ocrx_word' id='word_1_560' title='bbox 2236 1401 2382 1457; x_wconf 86' lang='lat' dir='ltr'><strong>ergo,</strong></span> <span class='ocrx_word' id='word_1_561' title='bbox 2413 1387 2644 1458; x_wconf 86' lang='lat' dir='ltr'><strong>inquies,</strong></span> <span class='ocrx_word' id='word_1_562' title='bbox 2675 1389 2747 1441; x_wconf 87' lang='lat' dir='ltr'><strong>illi</strong></span> <span class='ocrx_word' id='word_1_563' title='bbox 2780 1391 2869 1459; x_wconf 87' lang='lat' dir='ltr'><strong>qui</strong></span> <span class='ocrx_word' id='word_1_564' title='bbox 2917 1403 3177 1462; x_wconf 89' lang='lat' dir='ltr'><strong>perpetuo</strong></span> <span class='ocrx_word' id='word_1_565' title='bbox 3210 1394 3345 1451; x_wconf 86' lang='lat' dir='ltr'><strong>bene</strong></span> <span class='ocrx_word' id='word_1_566' title='bbox 3394 1414 3483 1450; x_wconf 73' lang='lat' dir='ltr'><strong>va-</strong></span> 
     </span>
    </p>
   </div>
   <div class='ocr_carea' id='block_1_74' title="bbox 1913 1477 3484 1551">
    <p class='ocr_par' dir='ltr' id='par_1_74' title="bbox 1913 1477 3484 1551">
     <span class='ocr_line' id='line_1_74' title="bbox 1913 1477 3484 1551; baseline 0.007 -20"><span class='ocrx_word' id='word_1_567' title='bbox 1913 1477 2043 1539; x_wconf 88' lang='lat' dir='ltr'><strong>lent,</strong></span> <span class='ocrx_word' id='word_1_568' title='bbox 2071 1487 2125 1531; x_wconf 90' lang='lat' dir='ltr'><strong>et</strong></span> <span class='ocrx_word' id='word_1_569' title='bbox 2150 1477 2217 1532; x_wconf 92' lang='lat' dir='ltr'><strong>ad</strong></span> <span class='ocrx_word' id='word_1_570' title='bbox 2252 1487 2504 1547; x_wconf 83' lang='lat' dir='ltr'><strong>vegetam</strong></span> <span class='ocrx_word' id='word_1_571' title='bbox 2541 1482 2861 1549; x_wconf 77' lang='lat' dir='ltr'><strong>perveniunt</strong></span> <span class='ocrx_word' id='word_1_572' title='bbox 2907 1494 3242 1540; x_wconf 86' lang='lat' dir='ltr'><strong>senectutem</strong></span> <span class='ocrx_word' id='word_1_573' title='bbox 3269 1528 3282 1551; x_wconf 89' lang='lat'><strong>,</strong></span> <span class='ocrx_word' id='word_1_574' title='bbox 3308 1503 3484 1543; x_wconf 74' lang='lat' dir='ltr'><strong>auium</strong></span> 
     </span>
    </p>
   </div>
   <div class='ocr_carea' id='block_1_75' title="bbox 1915 1569 3564 1648">
    <p class='ocr_par' dir='ltr' id='par_1_75' title="bbox 1915 1569 3564 1648">
     <span class='ocr_line' id='line_1_75' title="bbox 1915 1569 3564 1648; baseline 0.008 -26"><span class='ocrx_word' id='word_1_575' title='bbox 1915 1569 2011 1637; x_wconf 88' lang='lat' dir='ltr'><strong>ipsi</strong></span> <span class='ocrx_word' id='word_1_576' title='bbox 2061 1569 2327 1637; x_wconf 78' lang='lat' dir='ltr'><strong>peccant?</strong></span> <span class='ocrx_word' id='word_1_577' title='bbox 2355 1570 2550 1640; x_wconf 86' lang='lat' dir='ltr'><strong>Ecquis</strong></span> <span class='ocrx_word' id='word_1_578' title='bbox 2594 1572 2694 1627; x_wconf 89' lang='lat' dir='ltr'><strong>hoc</strong></span> <span class='ocrx_word' id='word_1_579' title='bbox 2737 1572 3280 1642; x_wconf 76' lang='lat' dir='ltr'><strong>dixerit?Quomodo</strong></span> <span class='ocrx_word' id='word_1_580' title='bbox 3322 1595 3489 1648; x_wconf 80' lang='lat' dir='ltr'><strong>ergo.</strong></span> <span class='ocrx_word' id='word_1_581' title='bbox 3560 1610 3564 1613; x_wconf 61' lang='grc' dir='ltr'><strong>τ</strong></span> 
     </span>
    </p>
   </div>
   <div class='ocr_carea' id='block_1_76' title="bbox 1916 1658 3492 1737">
    <p class='ocr_par' dir='ltr' id='par_1_76' title="bbox 1916 1658 3492 1737">
     <span class='ocr_line' id='line_1_76' title="bbox 1916 1658 3492 1737; baseline 0.01 -26"><span class='ocrx_word' id='word_1_582' title='bbox 1916 1660 2143 1727; x_wconf 88' lang='lat' dir='ltr'><strong>inquies,</strong></span> <span class='ocrx_word' id='word_1_583' title='bbox 2172 1674 2277 1714; x_wconf 89' lang='lat' dir='ltr'><strong>non</strong></span> <span class='ocrx_word' id='word_1_584' title='bbox 2307 1658 2435 1714; x_wconf 86' lang='lat' dir='ltr'><strong>dant</strong></span> <span class='ocrx_word' id='word_1_585' title='bbox 2465 1662 2690 1730; x_wconf 68' lang='lat' dir='ltr'><strong>pinnas?</strong></span> <span class='ocrx_word' id='word_1_586' title='bbox 2722 1664 2854 1729; x_wconf 85' lang='lat' dir='ltr'><strong>Quia</strong></span> <span class='ocrx_word' id='word_1_587' title='bbox 2888 1665 2998 1721; x_wconf 89' lang='lat' dir='ltr'><strong>illic</strong></span> <span class='ocrx_word' id='word_1_588' title='bbox 3018 1669 3294 1737; x_wconf 85' lang='lat' dir='ltr'><strong>graviores</strong></span> <span class='ocrx_word' id='word_1_589' title='bbox 3316 1671 3492 1727; x_wconf 90' lang='lat' dir='ltr'><strong>daturi</strong></span> 
     </span>
    </p>
   </div>
   <div class='ocr_carea' id='block_1_77' title="bbox 1916 1750 3493 1831">
    <p class='ocr_par' dir='ltr' id='par_1_77' title="bbox 1916 1750 3493 1831">
     <span class='ocr_line' id='line_1_77' title="bbox 1916 1750 3493 1831; baseline 0.01 -29"><span class='ocrx_word' id='word_1_590' title='bbox 1916 1760 2059 1803; x_wconf 89' lang='lat' dir='ltr'><strong>sunt.</strong></span> <span class='ocrx_word' id='word_1_591' title='bbox 2092 1750 2201 1805; x_wconf 89' lang='lat' dir='ltr'><strong>Nos</strong></span> <span class='ocrx_word' id='word_1_592' title='bbox 2229 1759 2407 1805; x_wconf 88' lang='lat' dir='ltr'><strong>autem</strong></span> <span class='ocrx_word' id='word_1_593' title='bbox 2436 1753 2479 1807; x_wconf 89' lang='lat' dir='ltr'><strong>si</strong></span> <span class='ocrx_word' id='word_1_594' title='bbox 2513 1753 2737 1807; x_wconf 79' lang='lat' dir='ltr'><strong>velimus</strong></span> <span class='ocrx_word' id='word_1_595' title='bbox 2759 1795 2773 1818; x_wconf 91' lang='lat'><strong>,</strong></span> <span class='ocrx_word' id='word_1_596' title='bbox 2823 1771 2996 1827; x_wconf 86' lang='lat' dir='ltr'><strong>neque</strong></span> <span class='ocrx_word' id='word_1_597' title='bbox 3032 1757 3120 1812; x_wconf 89' lang='lat' dir='ltr'><strong>hic</strong></span> <span class='ocrx_word' id='word_1_598' title='bbox 3166 1775 3342 1831; x_wconf 86' lang='lat' dir='ltr'><strong>neque</strong></span> <span class='ocrx_word' id='word_1_599' title='bbox 3384 1762 3493 1817; x_wconf 86' lang='lat' dir='ltr'><strong>illic</strong></span> 
     </span>
    </p>
   </div>
   <div class='ocr_carea' id='block_1_78' title="bbox 1916 1840 3496 1920">
    <p class='ocr_par' dir='ltr' id='par_1_78' title="bbox 1916 1840 3496 1920">
     <span class='ocr_line' id='line_1_78' title="bbox 1916 1840 3496 1920; baseline 0.01 -27"><span class='ocrx_word' id='word_1_600' title='bbox 1916 1840 2089 1895; x_wconf 89' lang='lat' dir='ltr'><strong>daturi</strong></span> <span class='ocrx_word' id='word_1_601' title='bbox 2136 1856 2343 1895; x_wconf 89' lang='lat' dir='ltr'><strong>sumus.</strong></span> <span class='ocrx_word' id='word_1_602' title='bbox 2387 1842 2477 1897; x_wconf 78' lang='lat'><strong>5|.</strong></span> <span class='ocrx_word' id='word_1_603' title='bbox 2518 1843 2578 1898; x_wconf 90' lang='lat' dir='ltr'><strong>Si</strong></span> <span class='ocrx_word' id='word_1_604' title='bbox 2618 1846 2753 1898; x_wconf 84' lang='lat' dir='ltr'><strong>enim</strong></span> <span class='ocrx_word' id='word_1_605' title='bbox 2799 1863 2890 1901; x_wconf 85' lang='lat' dir='ltr'><strong>nos</strong></span> <span class='ocrx_word' id='word_1_606' title='bbox 2932 1848 3069 1916; x_wconf 86' lang='lat' dir='ltr'><strong>ipsos</strong></span> <span class='ocrx_word' id='word_1_607' title='bbox 3106 1850 3496 1920; x_wconf 77' lang='lat' dir='ltr'><strong>judicaremus,</strong></span> 
     </span>
    </p>
   </div>
   <div class='ocr_carea' id='block_1_79' title="bbox 1919 1931 3496 2007">
    <p class='ocr_par' dir='ltr' id='par_1_79' title="bbox 1919 1931 3496 2007">
     <span class='ocr_line' id='line_1_79' title="bbox 1919 1931 3496 2007; baseline 0.01 -21"><span class='ocrx_word' id='word_1_608' title='bbox 1919 1931 2122 1999; x_wconf 89' lang='lat' dir='ltr'><strong>inquit,</strong></span> <span class='ocrx_word' id='word_1_609' title='bbox 2172 1948 2276 1985; x_wconf 84' lang='lat' dir='ltr'><strong>non</strong></span> <span class='ocrx_word' id='word_1_610' title='bbox 2321 1934 2495 2002; x_wconf 83' lang='lat' dir='ltr'><strong>utique</strong></span> <span class='ocrx_word' id='word_1_611' title='bbox 2530 1934 2902 2006; x_wconf 85' lang='lat' dir='ltr'><strong>judicaremur.</strong></span> <span class='ocrx_word' id='word_1_612' title='bbox 2940 1936 3048 1995; x_wconf 87' lang='lat' dir='ltr'><strong>Nec</strong></span> <span class='ocrx_word' id='word_1_613' title='bbox 3091 1940 3260 2007; x_wconf 72' lang='lat' dir='ltr'><strong>dixit,</strong></span> <span class='ocrx_word' id='word_1_614' title='bbox 3292 1942 3349 1999; x_wconf 89' lang='lat' dir='ltr'><strong>Si</strong></span> <span class='ocrx_word' id='word_1_615' title='bbox 3396 1961 3496 2000; x_wconf 79' lang='lat' dir='ltr'><strong>nos</strong></span> 
     </span>
    </p>
   </div>
   <div class='ocr_carea' id='block_1_80' title="bbox 1920 2021 3497 2099">
    <p class='ocr_par' dir='ltr' id='par_1_80' title="bbox 1920 2021 3497 2099">
     <span class='ocr_line' id='line_1_80' title="bbox 1920 2021 3497 2099; baseline 0.011 -24"><span class='ocrx_word' id='word_1_616' title='bbox 1920 2021 2065 2093; x_wconf 78' lang='lat' dir='ltr'><strong>ipsos</strong></span> <span class='ocrx_word' id='word_1_617' title='bbox 2105 2023 2498 2093; x_wconf 87' lang='lat' dir='ltr'><strong>corriperemus</strong></span> <span class='ocrx_word' id='word_1_618' title='bbox 2536 2035 2590 2081; x_wconf 91' lang='lat' dir='ltr'><strong>et</strong></span> <span class='ocrx_word' id='word_1_619' title='bbox 2630 2029 3043 2099; x_wconf 82' lang='lat' dir='ltr'><strong>castigaremns;</strong></span> <span class='ocrx_word' id='word_1_620' title='bbox 3069 2031 3160 2087; x_wconf 85' lang='lat' dir='ltr'><strong>sed</strong></span> <span class='ocrx_word' id='word_1_621' title='bbox 3211 2043 3415 2091; x_wconf 89' lang='lat' dir='ltr'><strong>tantum</strong></span> <span class='ocrx_word' id='word_1_622' title='bbox 3452 2039 3497 2092; x_wconf 85' lang='lat' dir='ltr'><strong>si</strong></span> 
     </span>
    </p>
   </div>
   <div class='ocr_carea' id='block_1_81' title="bbox 1921 2123 3501 2198">
    <p class='ocr_par' dir='ltr' id='par_1_81' title="bbox 1921 2123 3501 2198">
     <span class='ocr_line' id='line_1_81' title="bbox 1921 2123 3501 2198; baseline 0.012 -30"><span class='ocrx_word' id='word_1_623' title='bbox 1921 2126 2139 2184; x_wconf 81' lang='lat' dir='ltr'><strong>peccata</strong></span> <span class='ocrx_word' id='word_1_624' title='bbox 2186 2134 2479 2187; x_wconf 84' lang='lat' dir='ltr'><strong>agnoscere</strong></span> <span class='ocrx_word' id='word_1_625' title='bbox 2519 2123 2779 2179; x_wconf 80' lang='lat' dir='ltr'><strong>vellemus</strong></span> <span class='ocrx_word' id='word_1_626' title='bbox 2803 2164 2818 2190; x_wconf 94' lang='lat'><strong>,</strong></span> <span class='ocrx_word' id='word_1_627' title='bbox 2846 2127 2891 2180; x_wconf 91' lang='lat' dir='ltr'><strong>si</strong></span> <span class='ocrx_word' id='word_1_628' title='bbox 2924 2142 3019 2183; x_wconf 85' lang='lat' dir='ltr'><strong>nos</strong></span> <span class='ocrx_word' id='word_1_629' title='bbox 3062 2127 3207 2198; x_wconf 88' lang='lat' dir='ltr'><strong>ipsos</strong></span> <span class='ocrx_word' id='word_1_630' title='bbox 3232 2130 3501 2187; x_wconf 86' lang='lat' dir='ltr'><strong>damnare</strong></span> 
     </span>
    </p>
   </div>
   <div class='ocr_carea' id='block_1_82' title="bbox 1922 2207 3501 2290">
    <p class='ocr_par' dir='ltr' id='par_1_82' title="bbox 1922 2207 3501 2290">
     <span class='ocr_line' id='line_1_82' title="bbox 1922 2207 3501 2290; baseline 0.012 -32"><span class='ocrx_word' id='word_1_631' title='bbox 1922 2214 1973 2258; x_wconf 88' lang='lat' dir='ltr'><strong>et</strong></span> <span class='ocrx_word' id='word_1_632' title='bbox 2002 2207 2305 2275; x_wconf 87' lang='lat' dir='ltr'><strong>improbare</strong></span> <span class='ocrx_word' id='word_1_633' title='bbox 2332 2212 2468 2266; x_wconf 90' lang='lat' dir='ltr'><strong>mala</strong></span> <span class='ocrx_word' id='word_1_634' title='bbox 2497 2229 2684 2282; x_wconf 82' lang='lat' dir='ltr'><strong>Opera,</strong></span> <span class='ocrx_word' id='word_1_635' title='bbox 2708 2215 3063 2272; x_wconf 85' lang='lat' dir='ltr'><strong>liberaremur</strong></span> <span class='ocrx_word' id='word_1_636' title='bbox 3104 2231 3158 2275; x_wconf 90' lang='lat' dir='ltr'><strong>et</strong></span> <span class='ocrx_word' id='word_1_637' title='bbox 3186 2235 3215 2273; x_wconf 89' lang='lat' dir='ltr'><strong>a</strong></span> <span class='ocrx_word' id='word_1_638' title='bbox 3249 2225 3501 2290; x_wconf 79' lang='lat' dir='ltr'><strong>praesenti</strong></span> 
     </span>
    </p>
   </div>
   <div class='ocr_carea' id='block_1_83' title="bbox 1924 2295 3497 2379">
    <p class='ocr_par' dir='ltr' id='par_1_83' title="bbox 1924 2295 3497 2379">
     <span class='ocr_line' id='line_1_83' title="bbox 1924 2295 3497 2379; baseline 0.013 -32"><span class='ocrx_word' id='word_1_639' title='bbox 1924 2302 1978 2348; x_wconf 87' lang='lat' dir='ltr'><strong>et</strong></span> <span class='ocrx_word' id='word_1_640' title='bbox 2025 2310 2055 2349; x_wconf 89' lang='lat' dir='ltr'><strong>a</strong></span> <span class='ocrx_word' id='word_1_641' title='bbox 2102 2295 2283 2353; x_wconf 79' lang='lat' dir='ltr'><strong>futuro</strong></span> <span class='ocrx_word' id='word_1_642' title='bbox 2326 2303 2610 2369; x_wconf 82' lang='lat' dir='ltr'><strong>supplicio.</strong></span> <span class='ocrx_word' id='word_1_643' title='bbox 2645 2304 2775 2359; x_wconf 88' lang='lat' dir='ltr'><strong>Nam</strong></span> <span class='ocrx_word' id='word_1_644' title='bbox 2825 2308 2915 2376; x_wconf 86' lang='lat' dir='ltr'><strong>qui</strong></span> <span class='ocrx_word' id='word_1_645' title='bbox 2958 2310 3194 2379; x_wconf 89' lang='lat' dir='ltr'><strong>seipsum</strong></span> <span class='ocrx_word' id='word_1_646' title='bbox 3245 2313 3497 2374; x_wconf 82' lang='lat' dir='ltr'><strong>damnat.</strong></span> 
     </span>
    </p>
   </div>
   <div class='ocr_carea' id='block_1_84' title="bbox 1922 2386 3505 2473">
    <p class='ocr_par' dir='ltr' id='par_1_84' title="bbox 1922 2386 3505 2473">
     <span class='ocr_line' id='line_1_84' title="bbox 1922 2386 3505 2473; baseline 0.011 -34"><span class='ocrx_word' id='word_1_647' title='bbox 1922 2386 2205 2457; x_wconf 87' lang='lat' dir='ltr'><strong>dupliciter</strong></span> <span class='ocrx_word' id='word_1_648' title='bbox 2250 2390 2415 2445; x_wconf 87' lang='lat' dir='ltr'><strong>Deum</strong></span> <span class='ocrx_word' id='word_1_649' title='bbox 2472 2394 2680 2461; x_wconf 84' lang='lat' dir='ltr'><strong>placat,</strong></span> <span class='ocrx_word' id='word_1_650' title='bbox 2712 2406 2769 2452; x_wconf 90' lang='lat' dir='ltr'><strong>et</strong></span> <span class='ocrx_word' id='word_1_651' title='bbox 2819 2399 2959 2467; x_wconf 89' lang='lat' dir='ltr'><strong>quod</strong></span> <span class='ocrx_word' id='word_1_652' title='bbox 2996 2411 3213 2469; x_wconf 81' lang='lat' dir='ltr'><strong>peccata</strong></span> <span class='ocrx_word' id='word_1_653' title='bbox 3255 2416 3505 2473; x_wconf 79' lang='lat' dir='ltr'><strong>agnoscat</strong></span> 
     </span>
    </p>
   </div>
   <div class='ocr_carea' id='block_1_85' title="bbox 1926 2480 3502 2563">
    <p class='ocr_par' dir='ltr' id='par_1_85' title="bbox 1926 2480 3502 2563">
     <span class='ocr_line' id='line_1_85' title="bbox 1926 2480 3502 2563; baseline 0.012 -32"><span class='ocrx_word' id='word_1_654' title='bbox 1926 2486 1982 2531; x_wconf 88' lang='lat' dir='ltr'><strong>et</strong></span> <span class='ocrx_word' id='word_1_655' title='bbox 2020 2480 2162 2547; x_wconf 81' lang='lat' dir='ltr'><strong>quod</strong></span> <span class='ocrx_word' id='word_1_656' title='bbox 2211 2482 2262 2535; x_wconf 89' lang='lat' dir='ltr'><strong>in</strong></span> <span class='ocrx_word' id='word_1_657' title='bbox 2309 2481 2487 2537; x_wconf 85' lang='lat' dir='ltr'><strong>futuro</strong></span> <span class='ocrx_word' id='word_1_658' title='bbox 2525 2486 2595 2538; x_wconf 84' lang='lat' dir='ltr'><strong>sit</strong></span> <span class='ocrx_word' id='word_1_659' title='bbox 2643 2487 2708 2540; x_wconf 85' lang='lat' dir='ltr'><strong>ad</strong></span> <span class='ocrx_word' id='word_1_660' title='bbox 2760 2490 3091 2557; x_wconf 89' lang='lat' dir='ltr'><strong>peccandum</strong></span> <span class='ocrx_word' id='word_1_661' title='bbox 3125 2495 3345 2548; x_wconf 81' lang='lat' dir='ltr'><strong>tardior.</strong></span> <span class='ocrx_word' id='word_1_662' title='bbox 3369 2496 3502 2563; x_wconf 80' lang='lat' dir='ltr'><strong>Quia</strong></span> 
     </span>
    </p>
   </div>
   <div class='ocr_carea' id='block_1_86' title="bbox 1929 2574 3506 2651">
    <p class='ocr_par' dir='ltr' id='par_1_86' title="bbox 1929 2574 3506 2651">
     <span class='ocr_line' id='line_1_86' title="bbox 1929 2574 3506 2651; baseline 0.013 -31"><span class='ocrx_word' id='word_1_663' title='bbox 1929 2583 2056 2624; x_wconf 87' lang='lat' dir='ltr'><strong>vero</strong></span> <span class='ocrx_word' id='word_1_664' title='bbox 2098 2587 2165 2625; x_wconf 90' lang='lat' dir='ltr'><strong>ne</strong></span> <span class='ocrx_word' id='word_1_665' title='bbox 2209 2574 2311 2626; x_wconf 89' lang='lat' dir='ltr'><strong>hoc</strong></span> <span class='ocrx_word' id='word_1_666' title='bbox 2356 2575 2568 2643; x_wconf 80' lang='lat' dir='ltr'><strong>quidem</strong></span> <span class='ocrx_word' id='word_1_667' title='bbox 2621 2578 2688 2631; x_wconf 86' lang='lat' dir='ltr'><strong>ita</strong></span> <span class='ocrx_word' id='word_1_668' title='bbox 2738 2578 2856 2634; x_wconf 77' lang='lat' dir='ltr'><strong>leve</strong></span> <span class='ocrx_word' id='word_1_669' title='bbox 2908 2580 3081 2636; x_wconf 83' lang='lat' dir='ltr'><strong>facere</strong></span> <span class='ocrx_word' id='word_1_670' title='bbox 3122 2584 3397 2651; x_wconf 86' lang='lat' dir='ltr'><strong>volumus,</strong></span> <span class='ocrx_word' id='word_1_671' title='bbox 3448 2600 3506 2641; x_wconf 90' lang='lat' dir='ltr'><strong>ut</strong></span> 
     </span>
    </p>
   </div>
   <div class='ocr_carea' id='block_1_87' title="bbox 1929 2662 3507 2740">
    <p class='ocr_par' dir='ltr' id='par_1_87' title="bbox 1929 2662 3507 2740">
     <span class='ocr_line' id='line_1_87' title="bbox 1929 2662 3507 2740; baseline 0.012 -25"><span class='ocrx_word' id='word_1_672' title='bbox 1929 2662 2101 2718; x_wconf 84' lang='lat' dir='ltr'><strong>facere</strong></span> <span class='ocrx_word' id='word_1_673' title='bbox 2141 2675 2447 2734; x_wconf 81' lang='lat' dir='ltr'><strong>Oporteret;</strong></span> <span class='ocrx_word' id='word_1_674' title='bbox 2480 2685 2546 2723; x_wconf 92' lang='lat' dir='ltr'><strong>ne</strong></span> <span class='ocrx_word' id='word_1_675' title='bbox 2574 2670 2651 2724; x_wconf 88' lang='lat' dir='ltr'><strong>sic</strong></span> <span class='ocrx_word' id='word_1_676' title='bbox 2686 2669 2898 2740; x_wconf 88' lang='lat' dir='ltr'><strong>quidem</strong></span> <span class='ocrx_word' id='word_1_677' title='bbox 2931 2688 3029 2728; x_wconf 88' lang='lat' dir='ltr'><strong>nos</strong></span> <span class='ocrx_word' id='word_1_678' title='bbox 3075 2676 3185 2729; x_wconf 90' lang='lat' dir='ltr'><strong>vult</strong></span> <span class='ocrx_word' id='word_1_679' title='bbox 3210 2691 3332 2731; x_wconf 85' lang='lat' dir='ltr'><strong>cum</strong></span> <span class='ocrx_word' id='word_1_680' title='bbox 3375 2679 3507 2734; x_wconf 87' lang='lat' dir='ltr'><strong>orbe</strong></span> 
     </span>
    </p>
   </div>
   <div class='ocr_carea' id='block_1_88' title="bbox 1930 2753 3509 2837">
    <p class='ocr_par' dir='ltr' id='par_1_88' title="bbox 1930 2753 3509 2837">
     <span class='ocr_line' id='line_1_88' title="bbox 1930 2753 3509 2837; baseline 0.011 -29"><span class='ocrx_word' id='word_1_681' title='bbox 1930 2764 2191 2809; x_wconf 88' lang='lat' dir='ltr'><strong>terrarum</strong></span> <span class='ocrx_word' id='word_1_682' title='bbox 2212 2760 2420 2825; x_wconf 85' lang='lat' dir='ltr'><strong>punire,</strong></span> <span class='ocrx_word' id='word_1_683' title='bbox 2450 2753 2636 2817; x_wconf 44' lang='lat' dir='ltr'><strong>sed&#39;sic</strong></span> <span class='ocrx_word' id='word_1_684' title='bbox 2650 2778 2864 2832; x_wconf 85' lang='lat' dir='ltr'><strong>quoque</strong></span> <span class='ocrx_word' id='word_1_685' title='bbox 2893 2767 3086 2833; x_wconf 86' lang='lat' dir='ltr'><strong>parcit,</strong></span> <span class='ocrx_word' id='word_1_686' title='bbox 3113 2767 3197 2822; x_wconf 89' lang='lat' dir='ltr'><strong>hic</strong></span> <span class='ocrx_word' id='word_1_687' title='bbox 3218 2784 3400 2837; x_wconf 69' lang='lat' dir='ltr'><strong>pmnas</strong></span> <span class='ocrx_word' id='word_1_688' title='bbox 3421 2787 3509 2825; x_wconf 88' lang='lat' dir='ltr'><strong>re-</strong></span> 
     </span>
    </p>
   </div>
   <div class='ocr_carea' id='block_1_89' title="bbox 1935 2849 3509 2932">
    <p class='ocr_par' dir='ltr' id='par_1_89' title="bbox 1935 2849 3509 2932">
     <span class='ocr_line' id='line_1_89' title="bbox 1935 2849 3509 2932; baseline 0.009 -29"><span class='ocrx_word' id='word_1_689' title='bbox 1935 2858 2121 2917; x_wconf 87' lang='lat' dir='ltr'><strong>petens</strong></span> <span class='ocrx_word' id='word_1_690' title='bbox 2141 2889 2155 2914; x_wconf 90' lang='lat'><strong>,</strong></span> <span class='ocrx_word' id='word_1_691' title='bbox 2188 2849 2274 2905; x_wconf 91' lang='lat' dir='ltr'><strong>ubi</strong></span> <span class='ocrx_word' id='word_1_692' title='bbox 2320 2853 2635 2921; x_wconf 88' lang='lat' dir='ltr'><strong>supplicium</strong></span> <span class='ocrx_word' id='word_1_693' title='bbox 2664 2866 2746 2909; x_wconf 88' lang='lat' dir='ltr'><strong>est</strong></span> <span class='ocrx_word' id='word_1_694' title='bbox 2793 2864 3195 2925; x_wconf 87' lang='lat' dir='ltr'><strong>temporaneum</strong></span> <span class='ocrx_word' id='word_1_695' title='bbox 3238 2871 3291 2915; x_wconf 89' lang='lat' dir='ltr'><strong>et</strong></span> <span class='ocrx_word' id='word_1_696' title='bbox 3320 2877 3509 2932; x_wconf 87' lang='lat' dir='ltr'><strong>magna</strong></span> 
     </span>
    </p>
   </div>
   <div class='ocr_carea' id='block_1_90' title="bbox 1932 2940 3511 3016">
    <p class='ocr_par' dir='ltr' id='par_1_90' title="bbox 1932 2940 3511 3016">
     <span class='ocr_line' id='line_1_90' title="bbox 1932 2940 3511 3016; baseline 0.009 -23"><span class='ocrx_word' id='word_1_697' title='bbox 1932 2940 2230 2995; x_wconf 88' lang='lat' dir='ltr'><strong>consolatio</strong></span> <span class='ocrx_word' id='word_1_698' title='bbox 2262 2957 2277 2995; x_wconf 92' lang='lat'><strong>:</strong></span> <span class='ocrx_word' id='word_1_699' title='bbox 2312 2957 2432 2998; x_wconf 91' lang='lat' dir='ltr'><strong>nam</strong></span> <span class='ocrx_word' id='word_1_700' title='bbox 2461 2958 2493 2999; x_wconf 88' lang='lat' dir='ltr'><strong>a</strong></span> <span class='ocrx_word' id='word_1_701' title='bbox 2530 2946 2762 3014; x_wconf 90' lang='lat' dir='ltr'><strong>peccatis</strong></span> <span class='ocrx_word' id='word_1_702' title='bbox 2814 2946 3057 3004; x_wconf 71' lang='lat' dir='ltr'><strong>liberatio</strong></span> <span class='ocrx_word' id='word_1_703' title='bbox 3107 2958 3192 3005; x_wconf 86' lang='lat' dir='ltr'><strong>est</strong></span> <span class='ocrx_word' id='word_1_704' title='bbox 3222 2993 3237 3016; x_wconf 88' lang='lat'><strong>,</strong></span> <span class='ocrx_word' id='word_1_705' title='bbox 3275 2960 3332 3007; x_wconf 92' lang='lat' dir='ltr'><strong>et</strong></span> <span class='ocrx_word' id='word_1_706' title='bbox 3372 2954 3511 3007; x_wconf 88' lang='lat' dir='ltr'><strong>bona</strong></span> 
     </span>
    </p>
   </div>
   <div class='ocr_carea' id='block_1_91' title="bbox 1934 3030 3512 3114">
    <p class='ocr_par' dir='ltr' id='par_1_91' title="bbox 1934 3030 3512 3114">
     <span class='ocr_line' id='line_1_91' title="bbox 1934 3030 3512 3114; baseline 0.009 -31"><span class='ocrx_word' id='word_1_707' title='bbox 1934 3030 2236 3087; x_wconf 84' lang='lat' dir='ltr'><strong>futurorum</strong></span> <span class='ocrx_word' id='word_1_708' title='bbox 2290 3049 2415 3103; x_wconf 88' lang='lat' dir='ltr'><strong>spes</strong></span> <span class='ocrx_word' id='word_1_709' title='bbox 2458 3052 2578 3106; x_wconf 83' lang='lat' dir='ltr'><strong>quae</strong></span> <span class='ocrx_word' id='word_1_710' title='bbox 2625 3040 2906 3107; x_wconf 73' lang='lat' dir='ltr'><strong>prmsentia</strong></span> <span class='ocrx_word' id='word_1_711' title='bbox 2956 3041 3141 3097; x_wconf 88' lang='lat' dir='ltr'><strong>leniat.</strong></span> <span class='ocrx_word' id='word_1_712' title='bbox 3174 3041 3300 3097; x_wconf 70' lang='lat' dir='ltr'><strong>Hzrc</strong></span> <span class='ocrx_word' id='word_1_713' title='bbox 3350 3058 3512 3114; x_wconf 91' lang='lat' dir='ltr'><strong>porro</strong></span> 
     </span>
    </p>
   </div>
   <div class='ocr_carea' id='block_1_92' title="bbox 1934 3115 3512 3206">
    <p class='ocr_par' dir='ltr' id='par_1_92' title="bbox 1934 3115 3512 3206">
     <span class='ocr_line' id='line_1_92' title="bbox 1934 3115 3512 3206; baseline 0.01 -30"><span class='ocrx_word' id='word_1_714' title='bbox 1934 3122 2101 3189; x_wconf 89' lang='lat' dir='ltr'><strong>dicit,</strong></span> <span class='ocrx_word' id='word_1_715' title='bbox 2135 3115 2293 3179; x_wconf 84' lang='lat' dir='ltr'><strong>simul</strong></span> <span class='ocrx_word' id='word_1_716' title='bbox 2326 3126 2565 3183; x_wconf 87' lang='lat' dir='ltr'><strong>infirmos</strong></span> <span class='ocrx_word' id='word_1_717' title='bbox 2604 3131 2923 3199; x_wconf 89' lang='lat' dir='ltr'><strong>consolans,</strong></span> <span class='ocrx_word' id='word_1_718' title='bbox 2954 3143 3009 3189; x_wconf 85' lang='lat' dir='ltr'><strong>et</strong></span> <span class='ocrx_word' id='word_1_719' title='bbox 3053 3134 3190 3190; x_wconf 89' lang='lat' dir='ltr'><strong>alios</strong></span> <span class='ocrx_word' id='word_1_720' title='bbox 3210 3136 3512 3206; x_wconf 71' lang='lat' dir='ltr'><strong>diligentio-</strong></span> 
     </span>
    </p>
   </div>
   <div class='ocr_carea' id='block_1_93' title="bbox 1938 3216 3513 3299">
    <p class='ocr_par' dir='ltr' id='par_1_93' title="bbox 1938 3216 3513 3299">
     <span class='ocr_line' id='line_1_93' title="bbox 1938 3216 3513 3299; baseline 0.01 -30"><span class='ocrx_word' id='word_1_721' title='bbox 1938 3230 2024 3269; x_wconf 86' lang='lat' dir='ltr'><strong>res</strong></span> <span class='ocrx_word' id='word_1_722' title='bbox 2050 3216 2299 3299; x_wconf 73' lang='lat' dir='ltr'><strong>reddens.</strong></span> <span class='ocrx_word' id='word_1_723' title='bbox 2332 3217 2455 3273; x_wconf 83' lang='lat' dir='ltr'><strong>Ideo</strong></span> <span class='ocrx_word' id='word_1_724' title='bbox 2480 3222 2553 3275; x_wconf 89' lang='lat' dir='ltr'><strong>ait</strong></span> <span class='ocrx_word' id='word_1_725' title='bbox 2582 3241 2595 3276; x_wconf 73' lang='grc' dir='ltr'>ε</span> <span class='ocrx_word' id='word_1_726' title='bbox 2627 3223 2714 3277; x_wconf 68' lang='grc'><strong>52.</strong></span> <span class='ocrx_word' id='word_1_727' title='bbox 2743 3222 2895 3277; x_wconf 83' lang='lat' dir='ltr'><strong>Nune</strong></span> <span class='ocrx_word' id='word_1_728' title='bbox 2934 3236 3101 3280; x_wconf 81' lang='lat' dir='ltr'><strong>autem</strong></span> <span class='ocrx_word' id='word_1_729' title='bbox 3146 3243 3262 3281; x_wconf 85' lang='lat' dir='ltr'><strong>eum</strong></span> <span class='ocrx_word' id='word_1_730' title='bbox 3299 3231 3513 3299; x_wconf 79' lang='lat' dir='ltr'><strong>judica-</strong></span> 
     </span>
    </p>
   </div>
   <div class='ocr_carea' id='block_1_94' title="bbox 1937 3295 3513 3392">
    <p class='ocr_par' dir='ltr' id='par_1_94' title="bbox 1937 3295 3513 3392">
     <span class='ocr_line' id='line_1_94' title="bbox 1937 3295 3513 3392; baseline 0.013 -33"><span class='ocrx_word' id='word_1_731' title='bbox 1937 3324 2050 3361; x_wconf 86' lang='lat' dir='ltr'><strong>nmr</strong></span> <span class='ocrx_word' id='word_1_732' title='bbox 2074 3295 2109 3375; x_wconf 82' lang='grc'><strong>,’</strong></span> <span class='ocrx_word' id='word_1_733' title='bbox 2138 3326 2169 3361; x_wconf 90' lang='lat' dir='ltr'><strong>a</strong></span> <span class='ocrx_word' id='word_1_734' title='bbox 2201 3309 2419 3365; x_wconf 88' lang='lat' dir='ltr'><strong>Domino</strong></span> <span class='ocrx_word' id='word_1_735' title='bbox 2464 3314 2778 3384; x_wconf 77' lang='lat' dir='ltr'><strong>corripiatur.</strong></span> <span class='ocrx_word' id='word_1_736' title='bbox 2805 3316 2919 3371; x_wconf 86' lang='lat' dir='ltr'><strong>Non</strong></span> <span class='ocrx_word' id='word_1_737' title='bbox 2952 3318 3085 3373; x_wconf 77' lang='lat' dir='ltr'><strong>dixit</strong></span> <span class='ocrx_word' id='word_1_738' title='bbox 3109 3362 3122 3385; x_wconf 92' lang='lat'><strong>,</strong></span> <span class='ocrx_word' id='word_1_739' title='bbox 3145 3320 3479 3392; x_wconf 85' lang='lat' dir='ltr'><strong>Castigamur</strong></span> <span class='ocrx_word' id='word_1_740' title='bbox 3498 3368 3513 3387; x_wconf 93' lang='lat'><strong>,</strong></span> 
     </span>
    </p>
   </div>
   <div class='ocr_carea' id='block_1_95' title="bbox 1942 3400 3513 3483">
    <p class='ocr_par' dir='ltr' id='par_1_95' title="bbox 1942 3400 3513 3483">
     <span class='ocr_line' id='line_1_95' title="bbox 1942 3400 3513 3483; baseline 0.013 -30"><span class='ocrx_word' id='word_1_741' title='bbox 1942 3415 2046 3454; x_wconf 89' lang='lat' dir='ltr'><strong>non</strong></span> <span class='ocrx_word' id='word_1_742' title='bbox 2078 3400 2231 3469; x_wconf 73' lang='lat' dir='ltr'><strong>dixit,</strong></span> <span class='ocrx_word' id='word_1_743' title='bbox 2260 3402 2533 3473; x_wconf 90' lang='lat' dir='ltr'><strong>Snpplicio</strong></span> <span class='ocrx_word' id='word_1_744' title='bbox 2556 3407 2844 3476; x_wconf 81' lang='lat' dir='ltr'><strong>afficimur,</strong></span> <span class='ocrx_word' id='word_1_745' title='bbox 2862 3414 2979 3480; x_wconf 87' lang='lat' dir='ltr'><strong>sed,</strong></span> <span class='ocrx_word' id='word_1_746' title='bbox 3005 3412 3321 3483; x_wconf 87' lang='lat' dir='ltr'><strong>Corripimur</strong></span> <span class='ocrx_word' id='word_1_747' title='bbox 3347 3433 3367 3471; x_wconf 88' lang='lat'><em>:</em></span> <span class='ocrx_word' id='word_1_748' title='bbox 3392 3434 3513 3473; x_wconf 90' lang='lat' dir='ltr'><strong>nam</strong></span> 
     </span>
    </p>
   </div>
   <div class='ocr_carea' id='block_1_96' title="bbox 1938 3494 3513 3577">
    <p class='ocr_par' dir='ltr' id='par_1_96' title="bbox 1938 3494 3513 3577">
     <span class='ocr_line' id='line_1_96' title="bbox 1938 3494 3513 3577; baseline 0.014 -31"><span class='ocrx_word' id='word_1_749' title='bbox 1938 3494 2079 3562; x_wconf 90' lang='lat' dir='ltr'><strong>quod</strong></span> <span class='ocrx_word' id='word_1_750' title='bbox 2110 3494 2167 3549; x_wconf 79' lang='lat' dir='ltr'><strong>fit</strong></span> <span class='ocrx_word' id='word_1_751' title='bbox 2192 3499 2360 3567; x_wconf 88' lang='lat' dir='ltr'><strong>magis</strong></span> <span class='ocrx_word' id='word_1_752' title='bbox 2397 3508 2480 3553; x_wconf 89' lang='lat' dir='ltr'><strong>est</strong></span> <span class='ocrx_word' id='word_1_753' title='bbox 2508 3500 2887 3557; x_wconf 86' lang='lat' dir='ltr'><strong>admonitionis</strong></span> <span class='ocrx_word' id='word_1_754' title='bbox 2937 3521 3094 3576; x_wconf 90' lang='lat' dir='ltr'><strong>quam</strong></span> <span class='ocrx_word' id='word_1_755' title='bbox 3118 3507 3474 3567; x_wconf 86' lang='lat' dir='ltr'><strong>damnationis</strong></span> <span class='ocrx_word' id='word_1_756' title='bbox 3498 3555 3513 3577; x_wconf 90' lang='lat'><strong>,</strong></span> 
     </span>
    </p>
   </div>
   <div class='ocr_carea' id='block_1_97' title="bbox 1941 3584 3519 3672">
    <p class='ocr_par' dir='ltr' id='par_1_97' title="bbox 1941 3584 3519 3672">
     <span class='ocr_line' id='line_1_97' title="bbox 1941 3584 3519 3672; baseline 0.013 -36"><span class='ocrx_word' id='word_1_757' title='bbox 1941 3584 2218 3640; x_wconf 80' lang='lat' dir='ltr'><strong>medicime</strong></span> <span class='ocrx_word' id='word_1_758' title='bbox 2247 3602 2404 3656; x_wconf 87' lang='lat' dir='ltr'><strong>quam</strong></span> <span class='ocrx_word' id='word_1_759' title='bbox 2436 3591 2705 3660; x_wconf 88' lang='lat' dir='ltr'><strong>supplicii,</strong></span> <span class='ocrx_word' id='word_1_760' title='bbox 2730 3597 3079 3650; x_wconf 84' lang='lat' dir='ltr'><strong>correctionis</strong></span> <span class='ocrx_word' id='word_1_761' title='bbox 3106 3614 3264 3668; x_wconf 87' lang='lat' dir='ltr'><strong>quam</strong></span> <span class='ocrx_word' id='word_1_762' title='bbox 3291 3604 3519 3672; x_wconf 85' lang='lat' dir='ltr'><strong>castiga-</strong></span> 
     </span>
    </p>
   </div>
   <div class='ocr_carea' id='block_1_98' title="bbox 1944 3675 3519 3752">
    <p class='ocr_par' dir='ltr' id='par_1_98' title="bbox 1944 3675 3519 3752">
     <span class='ocr_line' id='line_1_98' title="bbox 1944 3675 3519 3752; baseline 0.012 -24"><span class='ocrx_word' id='word_1_763' title='bbox 1944 3675 2123 3728; x_wconf 87' lang='lat' dir='ltr'><strong>tionis.</strong></span> <span class='ocrx_word' id='word_1_764' title='bbox 2149 3676 2263 3729; x_wconf 85' lang='lat' dir='ltr'><strong>Non</strong></span> <span class='ocrx_word' id='word_1_765' title='bbox 2300 3677 2400 3732; x_wconf 91' lang='lat' dir='ltr'><strong>hoc</strong></span> <span class='ocrx_word' id='word_1_766' title='bbox 2426 3689 2602 3735; x_wconf 89' lang='lat' dir='ltr'><strong>autem</strong></span> <span class='ocrx_word' id='word_1_767' title='bbox 2632 3688 2996 3739; x_wconf 87' lang='lat' dir='ltr'><strong>tantummodo</strong></span> <span class='ocrx_word' id='word_1_768' title='bbox 3017 3728 3033 3752; x_wconf 89' lang='lat'><strong>,</strong></span> <span class='ocrx_word' id='word_1_769' title='bbox 3079 3689 3170 3743; x_wconf 89' lang='lat' dir='ltr'><strong>scd</strong></span> <span class='ocrx_word' id='word_1_770' title='bbox 3198 3700 3253 3744; x_wconf 91' lang='lat' dir='ltr'><strong>ct</strong></span> <span class='ocrx_word' id='word_1_771' title='bbox 3295 3698 3519 3747; x_wconf 78' lang='lat' dir='ltr'><strong>commi-</strong></span> 
     </span>
    </p>
   </div>
   <div class='ocr_carea' id='block_1_99' title="bbox 1942 3768 3517 3841">
    <p class='ocr_par' dir='ltr' id='par_1_99' title="bbox 1942 3768 3517 3841">
     <span class='ocr_line' id='line_1_99' title="bbox 1942 3768 3517 3841; baseline 0.013 -22"><span class='ocrx_word' id='word_1_772' title='bbox 1942 3768 2159 3823; x_wconf 88' lang='lat' dir='ltr'><strong>natione</strong></span> <span class='ocrx_word' id='word_1_773' title='bbox 2190 3770 2409 3836; x_wconf 85' lang='lat' dir='ltr'><strong>majoris</strong></span> <span class='ocrx_word' id='word_1_774' title='bbox 2438 3786 2610 3840; x_wconf 70' lang='lat' dir='ltr'><strong>poeua:</strong></span> <span class='ocrx_word' id='word_1_775' title='bbox 2636 3773 2750 3830; x_wconf 84' lang='lat' dir='ltr'><strong>leve</strong></span> <span class='ocrx_word' id='word_1_776' title='bbox 2778 3776 2950 3831; x_wconf 87' lang='lat' dir='ltr'><strong>reddit</strong></span> <span class='ocrx_word' id='word_1_777' title='bbox 2979 3780 3102 3834; x_wconf 88' lang='lat' dir='ltr'><strong>illud</strong></span> <span class='ocrx_word' id='word_1_778' title='bbox 3127 3824 3141 3841; x_wconf 83' lang='lat'><strong>,</strong></span> <span class='ocrx_word' id='word_1_779' title='bbox 3173 3782 3357 3838; x_wconf 84' lang='lat' dir='ltr'><strong>dicens</strong></span> <span class='ocrx_word' id='word_1_780' title='bbox 3386 3803 3396 3835; x_wconf 92' lang='lat'>:</span> <span class='ocrx_word' id='word_1_781' title='bbox 3450 3785 3517 3840; x_wconf 77' lang='lat' dir='ltr'><strong>Ut</strong></span> 
     </span>
    </p>
   </div>
   <div class='ocr_carea' id='block_1_100' title="bbox 1943 3862 3515 3946">
    <p class='ocr_par' dir='ltr' id='par_1_100' title="bbox 1943 3862 3515 3946">
     <span class='ocr_line' id='line_1_100' title="bbox 1943 3862 3515 3946; baseline 0.015 -38"><span class='ocrx_word' id='word_1_782' title='bbox 1943 3872 2042 3909; x_wconf 87' lang='lat' dir='ltr'><strong>non</strong></span> <span class='ocrx_word' id='word_1_783' title='bbox 2088 3874 2223 3926; x_wconf 60' lang='lat' dir='ltr'><strong>cum,</strong></span> <span class='ocrx_word' id='word_1_784' title='bbox 2246 3862 2436 3915; x_wconf 86' lang='lat' dir='ltr'><strong>mundo</strong></span> <span class='ocrx_word' id='word_1_785' title='bbox 2482 3863 2797 3918; x_wconf 78' lang='lat' dir='ltr'><strong>damnentur.</strong></span> <span class='ocrx_word' id='word_1_786' title='bbox 2838 3868 3024 3923; x_wconf 61' lang='lat' dir='ltr'><strong>Viilen‘</strong></span> <span class='ocrx_word' id='word_1_787' title='bbox 3043 3874 3312 3941; x_wconf 80' lang='lat' dir='ltr'><strong>queinodo</strong></span> <span class='ocrx_word' id='word_1_788' title='bbox 3342 3886 3395 3929; x_wconf 89' lang='lat' dir='ltr'><strong>et</strong></span> <span class='ocrx_word' id='word_1_789' title='bbox 3419 3892 3515 3946; x_wconf 57' lang='lat' dir='ltr'><strong>ge.</strong></span> 
     </span>
    </p>
   </div>
   <div class='ocr_carea' id='block_1_101' title="bbox 1945 3949 3518 4031">
    <p class='ocr_par' dir='ltr' id='par_1_101' title="bbox 1945 3949 3518 4031">
     <span class='ocr_line' id='line_1_101' title="bbox 1945 3949 3518 4031; baseline 0.013 -30"><span class='ocrx_word' id='word_1_790' title='bbox 1945 3949 2177 4003; x_wconf 87' lang='lat' dir='ltr'><strong>bennam</strong></span> <span class='ocrx_word' id='word_1_791' title='bbox 2219 3952 2523 4019; x_wconf 78' lang='lat' dir='ltr'><strong>induxerit,</strong></span> <span class='ocrx_word' id='word_1_792' title='bbox 2569 3965 2624 4009; x_wconf 91' lang='lat' dir='ltr'><strong>et</strong></span> <span class='ocrx_word' id='word_1_793' title='bbox 2653 3955 2911 4012; x_wconf 85' lang='lat' dir='ltr'><strong>horribile</strong></span> <span class='ocrx_word' id='word_1_794' title='bbox 2960 3960 3087 4014; x_wconf 91' lang='lat' dir='ltr'><strong>illud</strong></span> <span class='ocrx_word' id='word_1_795' title='bbox 3144 3964 3410 4031; x_wconf 86' lang='lat' dir='ltr'><strong>tribunal,</strong></span> <span class='ocrx_word' id='word_1_796' title='bbox 3464 3978 3518 4021; x_wconf 90' lang='lat' dir='ltr'><strong>et</strong></span> 
     </span>
    </p>
   </div>
   <div class='ocr_carea' id='block_1_102' title="bbox 1944 4040 3517 4123">
    <p class='ocr_par' dir='ltr' id='par_1_102' title="bbox 1944 4040 3517 4123">
     <span class='ocr_line' id='line_1_102' title="bbox 1944 4040 3517 4123; baseline 0.015 -32"><span class='ocrx_word' id='word_1_797' title='bbox 1944 4041 2254 4096; x_wconf 84' lang='lat' dir='ltr'><strong>necessario</strong></span> <span class='ocrx_word' id='word_1_798' title='bbox 2282 4040 2511 4098; x_wconf 86' lang='lat' dir='ltr'><strong>futuram</strong></span> <span class='ocrx_word' id='word_1_799' title='bbox 2546 4048 2843 4103; x_wconf 86' lang='lat' dir='ltr'><strong>ostenderit</strong></span> <span class='ocrx_word' id='word_1_800' title='bbox 2888 4050 3030 4105; x_wconf 89' lang='lat' dir='ltr'><strong>illam</strong></span> <span class='ocrx_word' id='word_1_801' title='bbox 3081 4056 3517 4123; x_wconf 83' lang='lat' dir='ltr'><strong>perquisitinncm</strong></span> 
     </span>
    </p>
   </div>
   <div class='ocr_carea' id='block_1_103' title="bbox 1945 4131 3516 4211">
    <p class='ocr_par' dir='ltr' id='par_1_103' title="bbox 1945 4131 3516 4211">
     <span class='ocr_line' id='line_1_103' title="bbox 1945 4131 3516 4211; baseline 0.011 -31"><span class='ocrx_word' id='word_1_802' title='bbox 1945 4138 1999 4181; x_wconf 88' lang='lat' dir='ltr'><strong>et</strong></span> <span class='ocrx_word' id='word_1_803' title='bbox 2031 4131 2359 4198; x_wconf 88' lang='lat' dir='ltr'><strong>punitiouem</strong></span> <span class='ocrx_word' id='word_1_804' title='bbox 2382 4134 2405 4187; x_wconf 90' lang='lat'><strong>?</strong></span> <span class='ocrx_word' id='word_1_805' title='bbox 2428 4134 2558 4188; x_wconf 86' lang='lat' dir='ltr'><strong>Nam</strong></span> <span class='ocrx_word' id='word_1_806' title='bbox 2586 4136 2630 4189; x_wconf 88' lang='lat' dir='ltr'><strong>si</strong></span> <span class='ocrx_word' id='word_1_807' title='bbox 2667 4136 2852 4193; x_wconf 78' lang='lat' dir='ltr'><strong>ﬁdeles</strong></span> <span class='ocrx_word' id='word_1_808' title='bbox 2890 4150 2942 4193; x_wconf 86' lang='lat' dir='ltr'><strong>et</strong></span> <span class='ocrx_word' id='word_1_809' title='bbox 2963 4143 3048 4211; x_wconf 87' lang='lat' dir='ltr'><strong>qui</strong></span> <span class='ocrx_word' id='word_1_810' title='bbox 3079 4142 3184 4197; x_wconf 84' lang='lat' dir='ltr'><strong>Deo</strong></span> <span class='ocrx_word' id='word_1_811' title='bbox 3210 4159 3350 4199; x_wconf 70' lang='lat' dir='ltr'><strong>curre</strong></span> <span class='ocrx_word' id='word_1_812' title='bbox 3371 4160 3516 4210; x_wconf 85' lang='lat' dir='ltr'><strong>sunt,</strong></span> 
     </span>
    </p>
   </div>
   <div class='ocr_carea' id='block_1_104' title="bbox 1948 4221 3519 4307">
    <p class='ocr_par' dir='ltr' id='par_1_104' title="bbox 1948 4221 3519 4307">
     <span class='ocr_line' id='line_1_104' title="bbox 1948 4221 3519 4307; baseline 0.014 -36"><span class='ocrx_word' id='word_1_813' title='bbox 1948 4235 2051 4272; x_wconf 90' lang='lat' dir='ltr'><strong>non</strong></span> <span class='ocrx_word' id='word_1_814' title='bbox 2085 4221 2301 4291; x_wconf 87' lang='lat' dir='ltr'><strong>impune</strong></span> <span class='ocrx_word' id='word_1_815' title='bbox 2329 4224 2528 4294; x_wconf 82' lang='lat' dir='ltr'><strong>fugient</strong></span> <span class='ocrx_word' id='word_1_816' title='bbox 2559 4237 2896 4295; x_wconf 83' lang='lat' dir='ltr'><strong>peccatorum</strong></span> <span class='ocrx_word' id='word_1_817' title='bbox 2925 4246 3110 4300; x_wconf 63' lang='lat' dir='ltr'><strong>pinnas</strong></span> <span class='ocrx_word' id='word_1_818' title='bbox 3136 4276 3149 4297; x_wconf 84' lang='lat'><strong>,</strong></span> <span class='ocrx_word' id='word_1_819' title='bbox 3200 4245 3255 4289; x_wconf 91' lang='lat' dir='ltr'><strong>ut</strong></span> <span class='ocrx_word' id='word_1_820' title='bbox 3284 4251 3348 4290; x_wconf 81' lang='lat' dir='ltr'><strong>cx</strong></span> <span class='ocrx_word' id='word_1_821' title='bbox 3380 4255 3519 4307; x_wconf 68' lang='lat' dir='ltr'><strong>pra:-</strong></span> 
     </span>
    </p>
   </div>
   <div class='ocr_carea' id='block_1_105' title="bbox 1948 4311 3523 4400">
    <p class='ocr_par' dir='ltr' id='par_1_105' title="bbox 1948 4311 3523 4400">
     <span class='ocr_line' id='line_1_105' title="bbox 1948 4311 3523 4400; baseline 0.014 -36"><span class='ocrx_word' id='word_1_822' title='bbox 1948 4311 2189 4367; x_wconf 76' lang='lat' dir='ltr'><strong>scmibus</strong></span> <span class='ocrx_word' id='word_1_823' title='bbox 2236 4314 2408 4382; x_wconf 85' lang='lat' dir='ltr'><strong>palam</strong></span> <span class='ocrx_word' id='word_1_824' title='bbox 2438 4326 2561 4383; x_wconf 83' lang='lat' dir='ltr'><strong>est,</strong></span> <span class='ocrx_word' id='word_1_825' title='bbox 2614 4319 2780 4374; x_wconf 88' lang='lat' dir='ltr'><strong>multo</strong></span> <span class='ocrx_word' id='word_1_826' title='bbox 2829 4323 3003 4377; x_wconf 85' lang='lat' dir='ltr'><strong>minus</strong></span> <span class='ocrx_word' id='word_1_827' title='bbox 3052 4326 3289 4381; x_wconf 72' lang='lat' dir='ltr'><strong>infideles</strong></span> <span class='ocrx_word' id='word_1_828' title='bbox 3334 4341 3385 4382; x_wconf 86' lang='lat' dir='ltr'><strong>et</strong></span> <span class='ocrx_word' id='word_1_829' title='bbox 3432 4333 3523 4400; x_wconf 83' lang='lat' dir='ltr'><strong>qui</strong></span> 
     </span>
    </p>
   </div>
   <div class='ocr_carea' id='block_1_106' title="bbox 1948 4404 3522 4490">
    <p class='ocr_par' dir='ltr' id='par_1_106' title="bbox 1948 4404 3522 4490">
     <span class='ocr_line' id='line_1_106' title="bbox 1948 4404 3522 4490; baseline 0.011 -37"><span class='ocrx_word' id='word_1_830' title='bbox 1948 4404 2127 4471; x_wconf 83' lang='lat' dir='ltr'><strong>gravia</strong></span> <span class='ocrx_word' id='word_1_831' title='bbox 2159 4404 2580 4478; x_wconf 88' lang='lat' dir='ltr'><strong>insanabiliaque</strong></span> <span class='ocrx_word' id='word_1_832' title='bbox 2624 4410 2826 4466; x_wconf 85' lang='lat' dir='ltr'><strong>scelera</strong></span> <span class='ocrx_word' id='word_1_833' title='bbox 2874 4414 3178 4470; x_wconf 88' lang='lat' dir='ltr'><strong>admittunt.</strong></span> <span class='ocrx_word' id='word_1_834' title='bbox 3207 4418 3522 4490; x_wconf 60' lang='lat' dir='ltr'><strong>55.1tuque,</strong></span> 
     </span>
    </p>
   </div>
   <div class='ocr_carea' id='block_1_107' title="bbox 1950 4499 3523 4581">
    <p class='ocr_par' dir='ltr' id='par_1_107' title="bbox 1950 4499 3523 4581">
     <span class='ocr_line' id='line_1_107' title="bbox 1950 4499 3523 4581; baseline 0.013 -34"><span class='ocrx_word' id='word_1_835' title='bbox 1950 4512 2065 4549; x_wconf 85' lang='lat' dir='ltr'><strong>cum</strong></span> <span class='ocrx_word' id='word_1_836' title='bbox 2106 4499 2378 4553; x_wconf 79' lang='lat' dir='ltr'><strong>convenitis</strong></span> <span class='ocrx_word' id='word_1_837' title='bbox 2408 4501 2476 4553; x_wconf 84' lang='lat' dir='ltr'><strong>ad</strong></span> <span class='ocrx_word' id='word_1_838' title='bbox 2516 4504 2959 4571; x_wconf 82' lang='lat' dir='ltr'><strong>manducandum,</strong></span> <span class='ocrx_word' id='word_1_839' title='bbox 2983 4508 3194 4563; x_wconf 82' lang='lat' dir='ltr'><strong>invicem</strong></span> <span class='ocrx_word' id='word_1_840' title='bbox 3220 4525 3523 4581; x_wconf 73' lang='lat' dir='ltr'><strong>exspectate.</strong></span> 
     </span>
    </p>
   </div>
   <div class='ocr_carea' id='block_1_108' title="bbox 1949 4589 3528 4671">
    <p class='ocr_par' dir='ltr' id='par_1_108' title="bbox 1949 4589 3528 4671">
     <span class='ocr_line' id='line_1_108' title="bbox 1949 4589 3528 4671; baseline 0.011 -26"><span class='ocrx_word' id='word_1_841' title='bbox 1949 4589 2081 4645; x_wconf 85' lang='lat' dir='ltr'><strong>Nam</strong></span> <span class='ocrx_word' id='word_1_842' title='bbox 2116 4591 2241 4645; x_wconf 85' lang='lat' dir='ltr'><strong>dum</strong></span> <span class='ocrx_word' id='word_1_843' title='bbox 2273 4594 2413 4661; x_wconf 84' lang='lat' dir='ltr'><strong>viget</strong></span> <span class='ocrx_word' id='word_1_844' title='bbox 2451 4596 2611 4648; x_wconf 85' lang='lat' dir='ltr'><strong>timor</strong></span> <span class='ocrx_word' id='word_1_845' title='bbox 2638 4606 2691 4651; x_wconf 89' lang='lat' dir='ltr'><strong>et</strong></span> <span class='ocrx_word' id='word_1_846' title='bbox 2733 4600 2993 4667; x_wconf 70' lang='lat' dir='ltr'><strong>gehennm</strong></span> <span class='ocrx_word' id='word_1_847' title='bbox 3038 4611 3238 4658; x_wconf 88' lang='lat' dir='ltr'><strong>tremor</strong></span> <span class='ocrx_word' id='word_1_848' title='bbox 3279 4620 3528 4671; x_wconf 84' lang='lat' dir='ltr'><strong>persevc-</strong></span> 
     </span>
    </p>
   </div>
   <div class='ocr_carea' id='block_1_109' title="bbox 1952 4684 3525 4757">
    <p class='ocr_par' dir='ltr' id='par_1_109' title="bbox 1952 4684 3525 4757">
     <span class='ocr_line' id='line_1_109' title="bbox 1952 4684 3525 4757; baseline 0.011 -22"><span class='ocrx_word' id='word_1_849' title='bbox 1952 4692 2070 4748; x_wconf 86' lang='lat' dir='ltr'><strong>rat,</strong></span> <span class='ocrx_word' id='word_1_850' title='bbox 2106 4684 2217 4737; x_wconf 87' lang='lat' dir='ltr'><strong>vult</strong></span> <span class='ocrx_word' id='word_1_851' title='bbox 2247 4686 2438 4739; x_wconf 87' lang='lat' dir='ltr'><strong>iterum</strong></span> <span class='ocrx_word' id='word_1_852' title='bbox 2486 4702 2581 4755; x_wconf 91' lang='lat' dir='ltr'><strong>pro</strong></span> <span class='ocrx_word' id='word_1_853' title='bbox 2623 4691 2939 4757; x_wconf 85' lang='lat' dir='ltr'><strong>pauperibus</strong></span> <span class='ocrx_word' id='word_1_854' title='bbox 2982 4694 3396 4751; x_wconf 85' lang='lat' dir='ltr'><strong>admonitionem</strong></span> <span class='ocrx_word' id='word_1_855' title='bbox 3443 4698 3525 4751; x_wconf 91' lang='lat' dir='ltr'><strong>in-</strong></span> 
     </span>
    </p>
   </div>
   <div class='ocr_carea' id='block_1_110' title="bbox 1953 4771 3526 4851">
    <p class='ocr_par' dir='ltr' id='par_1_110' title="bbox 1953 4771 3526 4851">
     <span class='ocr_line' id='line_1_110' title="bbox 1953 4771 3526 4851; baseline 0.012 -26"><span class='ocrx_word' id='word_1_856' title='bbox 1953 4771 2183 4838; x_wconf 85' lang='lat' dir='ltr'><strong>ducere,</strong></span> <span class='ocrx_word' id='word_1_857' title='bbox 2228 4775 2380 4842; x_wconf 90' lang='lat' dir='ltr'><strong>enjus</strong></span> <span class='ocrx_word' id='word_1_858' title='bbox 2427 4791 2583 4830; x_wconf 85' lang='lat' dir='ltr'><strong>causa</strong></span> <span class='ocrx_word' id='word_1_859' title='bbox 2630 4778 2744 4833; x_wconf 61' lang='lat' dir='ltr'><strong>hinc</strong></span> <span class='ocrx_word' id='word_1_860' title='bbox 2788 4782 2965 4837; x_wconf 89' lang='lat' dir='ltr'><strong>omnia</strong></span> <span class='ocrx_word' id='word_1_861' title='bbox 3011 4783 3185 4851; x_wconf 81' lang='lat' dir='ltr'><strong>dixit,</strong></span> <span class='ocrx_word' id='word_1_862' title='bbox 3239 4788 3526 4843; x_wconf 87' lang='lat' dir='ltr'><strong>ostendens</strong></span> 
     </span>
    </p>
   </div>
   <div class='ocr_carea' id='block_1_111' title="bbox 1955 4866 3527 4946">
    <p class='ocr_par' dir='ltr' id='par_1_111' title="bbox 1955 4866 3527 4946">
     <span class='ocr_line' id='line_1_111' title="bbox 1955 4866 3527 4946; baseline 0.01 -28"><span class='ocrx_word' id='word_1_863' title='bbox 1955 4866 2097 4932; x_wconf 84' lang='lat' dir='ltr'><strong>illos,</strong></span> <span class='ocrx_word' id='word_1_864' title='bbox 2130 4867 2171 4921; x_wconf 91' lang='lat' dir='ltr'><strong>si</strong></span> <span class='ocrx_word' id='word_1_865' title='bbox 2201 4867 2252 4922; x_wconf 90' lang='lat' dir='ltr'><strong>id</strong></span> <span class='ocrx_word' id='word_1_866' title='bbox 2283 4884 2389 4922; x_wconf 84' lang='lat' dir='ltr'><strong>non</strong></span> <span class='ocrx_word' id='word_1_867' title='bbox 2418 4880 2655 4936; x_wconf 88' lang='lat' dir='ltr'><strong>servent,</strong></span> <span class='ocrx_word' id='word_1_868' title='bbox 2690 4872 2934 4944; x_wconf 87' lang='lat' dir='ltr'><strong>indignos</strong></span> <span class='ocrx_word' id='word_1_869' title='bbox 2960 4892 3082 4933; x_wconf 88' lang='lat' dir='ltr'><strong>esse</strong></span> <span class='ocrx_word' id='word_1_870' title='bbox 3111 4878 3199 4946; x_wconf 88' lang='lat' dir='ltr'><strong>qui</strong></span> <span class='ocrx_word' id='word_1_871' title='bbox 3231 4882 3527 4934; x_wconf 80' lang='lat' dir='ltr'><strong>communi-</strong></span> 
     </span>
    </p>
   </div>
   <div class='ocr_carea' id='block_1_112' title="bbox 1953 4957 3525 5035">
    <p class='ocr_par' dir='ltr' id='par_1_112' title="bbox 1953 4957 3525 5035">
     <span class='ocr_line' id='line_1_112' title="bbox 1953 4957 3525 5035; baseline 0.008 -22"><span class='ocrx_word' id='word_1_872' title='bbox 1953 4966 2096 5013; x_wconf 84' lang='lat' dir='ltr'><strong>cent.</strong></span> <span class='ocrx_word' id='word_1_873' title='bbox 2124 4957 2275 5024; x_wconf 84' lang='lat' dir='ltr'><strong>Quod</strong></span> <span class='ocrx_word' id='word_1_874' title='bbox 2322 4960 2464 5014; x_wconf 86' lang='lat' dir='ltr'><strong>side</strong></span> <span class='ocrx_word' id='word_1_875' title='bbox 2513 4960 2851 5017; x_wconf 80' lang='lat' dir='ltr'><strong>facultatibus</strong></span> <span class='ocrx_word' id='word_1_876' title='bbox 2906 4982 3008 5017; x_wconf 89' lang='lat' dir='ltr'><strong>non</strong></span> <span class='ocrx_word' id='word_1_877' title='bbox 3040 4966 3289 5035; x_wconf 84' lang='lat' dir='ltr'><strong>elargiri.</strong></span> <span class='ocrx_word' id='word_1_878' title='bbox 3322 4969 3388 5023; x_wconf 85' lang='lat' dir='ltr'><strong>ab</strong></span> <span class='ocrx_word' id='word_1_879' title='bbox 3439 4969 3525 5026; x_wconf 81' lang='lat' dir='ltr'><strong>illa</strong></span> 
     </span>
    </p>
   </div>
   <div class='ocr_carea' id='block_1_113' title="bbox 1957 5048 3516 5133">
    <p class='ocr_par' dir='ltr' id='par_1_113' title="bbox 1957 5048 3516 5133">
     <span class='ocr_line' id='line_1_113' title="bbox 1957 5048 3516 5133; baseline 0.01 -32"><span class='ocrx_word' id='word_1_880' title='bbox 1957 5064 2137 5103; x_wconf 87' lang='lat' dir='ltr'><strong>mensa</strong></span> <span class='ocrx_word' id='word_1_881' title='bbox 2165 5061 2345 5113; x_wconf 88' lang='lat' dir='ltr'><strong>arcet;</strong></span> <span class='ocrx_word' id='word_1_882' title='bbox 2379 5052 2546 5106; x_wconf 88' lang='lat' dir='ltr'><strong>multo</strong></span> <span class='ocrx_word' id='word_1_883' title='bbox 2577 5054 2745 5120; x_wconf 85' lang='lat' dir='ltr'><strong>magis</strong></span> <span class='ocrx_word' id='word_1_884' title='bbox 2776 5048 2973 5121; x_wconf 88' lang='lat' dir='ltr'><strong>rapere&#39;</strong></span> <span class='ocrx_word' id='word_1_885' title='bbox 2989 5068 3190 5111; x_wconf 86' lang='lat' dir='ltr'><strong>arceat.</strong></span> <span class='ocrx_word' id='word_1_886' title='bbox 3220 5058 3327 5114; x_wconf 80' lang='lat' dir='ltr'><strong>Nec</strong></span> <span class='ocrx_word' id='word_1_887' title='bbox 3352 5060 3516 5133; x_wconf 78' lang='lat' dir='ltr'><strong>dixit,</strong></span> 
     </span>
    </p>
   </div>
   <div class='ocr_carea' id='block_1_114' title="bbox 1958 5138 3531 5215">
    <p class='ocr_par' dir='ltr' id='par_1_114' title="bbox 1958 5138 3531 5215">
     <span class='ocr_line' id='line_1_114' title="bbox 1958 5138 3531 5215; baseline 0.013 -26"><span class='ocrx_word' id='word_1_888' title='bbox 1958 5138 2138 5207; x_wconf 85' lang='lat' dir='ltr'><strong>Itaque</strong></span> <span class='ocrx_word' id='word_1_889' title='bbox 2159 5140 2538 5195; x_wconf 86' lang='lat' dir='ltr'><strong>convenientes</strong></span> <span class='ocrx_word' id='word_1_890' title='bbox 2556 5140 2677 5194; x_wconf 87' lang='lat' dir='ltr'><strong>date</strong></span> <span class='ocrx_word' id='word_1_891' title='bbox 2697 5143 2878 5211; x_wconf 84' lang='lat' dir='ltr'><strong>egenis</strong></span> <span class='ocrx_word' id='word_1_892' title='bbox 2904 5161 2918 5208; x_wconf 91' lang='lat'><strong>;</strong></span> <span class='ocrx_word' id='word_1_893' title='bbox 2959 5144 3054 5198; x_wconf 89' lang='lat' dir='ltr'><strong>sed</strong></span> <span class='ocrx_word' id='word_1_894' title='bbox 3086 5147 3227 5215; x_wconf 89' lang='lat' dir='ltr'><strong>quod</strong></span> <span class='ocrx_word' id='word_1_895' title='bbox 3254 5149 3531 5208; x_wconf 77' lang='lat' dir='ltr'><strong>honestius</strong></span> 
     </span>
    </p>
   </div>
   <div class='ocr_carea' id='block_1_115' title="bbox 1956 5230 3535 5315">
    <p class='ocr_par' dir='ltr' id='par_1_115' title="bbox 1956 5230 3535 5315">
     <span class='ocr_line' id='line_1_115' title="bbox 1956 5230 3535 5315; baseline 0.011 -32"><span class='ocrx_word' id='word_1_896' title='bbox 1956 5240 2095 5297; x_wconf 89' lang='lat' dir='ltr'><strong>erat,</strong></span> <span class='ocrx_word' id='word_1_897' title='bbox 2128 5230 2271 5284; x_wconf 83' lang='lat' dir='ltr'><strong>Alter</strong></span> <span class='ocrx_word' id='word_1_898' title='bbox 2298 5233 2515 5286; x_wconf 80' lang='lat' dir='ltr'><strong>alterum</strong></span> <span class='ocrx_word' id='word_1_899' title='bbox 2541 5245 2843 5303; x_wconf 76' lang='lat' dir='ltr'><strong>exspectate.</strong></span> <span class='ocrx_word' id='word_1_900' title='bbox 2867 5236 2977 5291; x_wconf 88' lang='lat' dir='ltr'><strong>lloc</strong></span> <span class='ocrx_word' id='word_1_901' title='bbox 2998 5241 3138 5294; x_wconf 89' lang='lat' dir='ltr'><strong>enim</strong></span> <span class='ocrx_word' id='word_1_902' title='bbox 3172 5242 3297 5298; x_wconf 90' lang='lat' dir='ltr'><strong>illud</strong></span> <span class='ocrx_word' id='word_1_903' title='bbox 3323 5261 3535 5315; x_wconf 86' lang='lat' dir='ltr'><strong>quoque</strong></span> 
     </span>
    </p>
   </div>
   <div class='ocr_carea' id='block_1_116' title="bbox 1960 5322 3532 5403">
    <p class='ocr_par' dir='ltr' id='par_1_116' title="bbox 1960 5322 3532 5403">
     <span class='ocr_line' id='line_1_116' title="bbox 1960 5322 3532 5403; baseline 0.012 -30"><span class='ocrx_word' id='word_1_904' title='bbox 1960 5322 2255 5390; x_wconf 89' lang='lat' dir='ltr'><strong>apparabat</strong></span> <span class='ocrx_word' id='word_1_905' title='bbox 2285 5332 2336 5377; x_wconf 90' lang='lat' dir='ltr'><strong>et</strong></span> <span class='ocrx_word' id='word_1_906' title='bbox 2368 5325 2768 5391; x_wconf 87' lang='lat' dir='ltr'><strong>subindieabat,</strong></span> <span class='ocrx_word' id='word_1_907' title='bbox 2798 5342 2863 5383; x_wconf 89' lang='lat' dir='ltr'><strong>ac</strong></span> <span class='ocrx_word' id='word_1_908' title='bbox 2906 5337 3218 5403; x_wconf 83' lang='lat' dir='ltr'><strong>congruenti</strong></span> <span class='ocrx_word' id='word_1_909' title='bbox 3252 5337 3410 5391; x_wconf 87' lang='lat' dir='ltr'><strong>modo</strong></span> <span class='ocrx_word' id='word_1_910' title='bbox 3440 5340 3532 5393; x_wconf 81' lang='lat' dir='ltr'><strong>ad-</strong></span> 
     </span>
    </p>
   </div>
   <div class='ocr_carea' id='block_1_117' title="bbox 1959 5414 3532 5495">
    <p class='ocr_par' dir='ltr' id='par_1_117' title="bbox 1959 5414 3532 5495">
     <span class='ocr_line' id='line_1_117' title="bbox 1959 5414 3532 5495; baseline 0.011 -30"><span class='ocrx_word' id='word_1_911' title='bbox 1959 5414 2309 5470; x_wconf 90' lang='lat' dir='ltr'><strong>monitionem</strong></span> <span class='ocrx_word' id='word_1_912' title='bbox 2329 5415 2557 5473; x_wconf 79' lang='lat' dir='ltr'><strong>induxit.</strong></span> <span class='ocrx_word' id='word_1_913' title='bbox 2580 5420 2781 5475; x_wconf 89' lang='lat' dir='ltr'><strong>Deinde</strong></span> <span class='ocrx_word' id='word_1_914' title='bbox 2798 5436 2981 5477; x_wconf 89' lang='lat' dir='ltr'><strong>rursus</strong></span> <span class='ocrx_word' id='word_1_915' title='bbox 3000 5426 3255 5495; x_wconf 82' lang='lat' dir='ltr'><strong>pudorem</strong></span> <span class='ocrx_word' id='word_1_916' title='bbox 3279 5427 3532 5485; x_wconf 85' lang='lat' dir='ltr'><strong>inferens:</strong></span> 
     </span>
    </p>
   </div>
   <div class='ocr_carea' id='block_1_118' title="bbox 1959 5504 3541 5577">
    <p class='ocr_par' dir='ltr' id='par_1_118' title="bbox 1959 5504 3541 5577">
     <span class='ocr_line' id='line_1_118' title="bbox 1959 5504 3541 5577; baseline 0.012 -19"><span class='ocrx_word' id='word_1_917' title='bbox 1959 5504 2047 5559; x_wconf 64' lang='lat'><strong>54.</strong></span> <span class='ocrx_word' id='word_1_918' title='bbox 2077 5504 2136 5560; x_wconf 84' lang='lat' dir='ltr'><strong>Si</strong></span> <span class='ocrx_word' id='word_1_919' title='bbox 2165 5507 2277 5574; x_wconf 87' lang='lat' dir='ltr'><strong>quis</strong></span> <span class='ocrx_word' id='word_1_920' title='bbox 2292 5518 2464 5564; x_wconf 75' lang='lat' dir='ltr'><strong>autem</strong></span> <span class='ocrx_word' id='word_1_921' title='bbox 2486 5513 2664 5577; x_wconf 80' lang='lat' dir='ltr'><strong>esurit,</strong></span> <span class='ocrx_word' id='word_1_922' title='bbox 2696 5512 2832 5565; x_wconf 89' lang='lat' dir='ltr'><strong>domi</strong></span> <span class='ocrx_word' id='word_1_923' title='bbox 2862 5519 3146 5572; x_wconf 70' lang='lat' dir='ltr'><strong>manducet.</strong></span> <span class='ocrx_word' id='word_1_924' title='bbox 3173 5517 3541 5577; x_wconf 85' lang='lat' dir='ltr'><strong>Permittendo</strong></span> 
     </span>
    </p>
   </div>
   <div class='ocr_carea' id='block_1_119' title="bbox 1960 5593 3517 5678">
    <p class='ocr_par' dir='ltr' id='par_1_119' title="bbox 1960 5593 3517 5678">
     <span class='ocr_line' id='line_1_119' title="bbox 1960 5593 3517 5678; baseline 0.012 -31"><span class='ocrx_word' id='word_1_925' title='bbox 1960 5593 2237 5663; x_wconf 82' lang='lat' dir='ltr'><strong>impedivit</strong></span> <span class='ocrx_word' id='word_1_926' title='bbox 2265 5599 2429 5654; x_wconf 87' lang='lat' dir='ltr'><strong>etiam</strong></span> <span class='ocrx_word' id='word_1_927' title='bbox 2460 5601 2831 5657; x_wconf 88' lang='lat' dir='ltr'><strong>vehementius</strong></span> <span class='ocrx_word' id='word_1_928' title='bbox 2854 5645 2866 5666; x_wconf 87' lang='lat'><strong>,</strong></span> <span class='ocrx_word' id='word_1_929' title='bbox 2898 5621 3053 5676; x_wconf 88' lang='lat' dir='ltr'><strong>quam</strong></span> <span class='ocrx_word' id='word_1_930' title='bbox 3084 5607 3127 5660; x_wconf 88' lang='lat' dir='ltr'><strong>si</strong></span> <span class='ocrx_word' id='word_1_931' title='bbox 3157 5607 3517 5678; x_wconf 69' lang='lat' dir='ltr'><strong>prohibuisset</strong></span> 
     </span>
    </p>
   </div>
   <div class='ocr_carea' id='block_1_120' title="bbox 1961 5682 3530 5765">
    <p class='ocr_par' dir='ltr' id='par_1_120' title="bbox 1961 5682 3530 5765">
     <span class='ocr_line' id='line_1_120' title="bbox 1961 5682 3530 5765; baseline 0.013 -28"><span class='ocrx_word' id='word_1_932' title='bbox 1961 5682 2040 5738; x_wconf 82' lang='lat' dir='ltr'><strong>Ex</strong></span> <span class='ocrx_word' id='word_1_933' title='bbox 2071 5685 2299 5744; x_wconf 85' lang='lat' dir='ltr'><strong>ecclesia</strong></span> <span class='ocrx_word' id='word_1_934' title='bbox 2342 5691 2485 5747; x_wconf 90' lang='lat' dir='ltr'><strong>enim</strong></span> <span class='ocrx_word' id='word_1_935' title='bbox 2519 5692 2675 5748; x_wconf 91' lang='lat' dir='ltr'><strong>illum</strong></span> <span class='ocrx_word' id='word_1_936' title='bbox 2718 5695 2899 5752; x_wconf 81' lang='lat' dir='ltr'><strong>eduxit</strong></span> <span class='ocrx_word' id='word_1_937' title='bbox 2925 5740 2939 5765; x_wconf 94' lang='lat'><strong>,</strong></span> <span class='ocrx_word' id='word_1_938' title='bbox 2968 5705 3022 5752; x_wconf 89' lang='lat' dir='ltr'><strong>et</strong></span> <span class='ocrx_word' id='word_1_939' title='bbox 3048 5698 3101 5753; x_wconf 92' lang='lat' dir='ltr'><strong>in</strong></span> <span class='ocrx_word' id='word_1_940' title='bbox 3130 5698 3347 5757; x_wconf 89' lang='lat' dir='ltr'><strong>domum</strong></span> <span class='ocrx_word' id='word_1_941' title='bbox 3376 5706 3530 5759; x_wconf 80' lang='lat' dir='ltr'><strong>remi-</strong></span> 
     </span>
    </p>
   </div>
   <div class='ocr_carea' id='block_1_121' title="bbox 1963 5774 3537 5865">
    <p class='ocr_par' dir='ltr' id='par_1_121' title="bbox 1963 5774 3537 5865">
     <span class='ocr_line' id='line_1_121' title="bbox 1963 5774 3537 5865; baseline 0.013 -36"><span class='ocrx_word' id='word_1_942' title='bbox 1963 5774 2064 5844; x_wconf 87' lang='lat' dir='ltr'><strong>sit;</strong></span> <span class='ocrx_word' id='word_1_943' title='bbox 2089 5778 2185 5834; x_wconf 87' lang='lat' dir='ltr'><strong>hoc</strong></span> <span class='ocrx_word' id='word_1_944' title='bbox 2209 5781 2311 5836; x_wconf 89' lang='lat' dir='ltr'><strong>ritu</strong></span> <span class='ocrx_word' id='word_1_945' title='bbox 2338 5783 2457 5839; x_wconf 85' lang='lat' dir='ltr'><strong>illos</strong></span> <span class='ocrx_word' id='word_1_946' title='bbox 2484 5785 2833 5845; x_wconf 87' lang='lat' dir='ltr'><strong>vehementer</strong></span> <span class='ocrx_word' id='word_1_947' title='bbox 2855 5791 3218 5860; x_wconf 71' lang='lat' dir='ltr'><strong>perm-ingens</strong></span> <span class='ocrx_word' id='word_1_948' title='bbox 3242 5804 3399 5865; x_wconf 89' lang='lat' dir='ltr'><strong>atque</strong></span> <span class='ocrx_word' id='word_1_949' title='bbox 3426 5803 3537 5848; x_wconf 81' lang='lat' dir='ltr'><strong>tra-</strong></span> 
     </span>
    </p>
   </div>
  </div>
