4086 6340
630 354 742 412 235

632 468 860 530 ducens,
883 464 1036 533 quasi
1052 456 1255 517 ventris
1274 469 1485 522 servos,
1501 453 1595 526 qui
1615 466 1716 509 nec
1739 448 1956 506 ditferre
1976 453 2220 518 possent.

634 558 819 629 Neque
855 554 1000 611 enim
1026 550 1181 619 dixit,
1207 549 1265 605 Si
1285 548 1408 619 quis
1431 559 1697 618 pauperes
1721 540 1982 612 despicit;
2012 537 2130 602 sed,
2157 536 2224 590 Si

628 650 740 721 quis
755 646 929 711 esurit,
952 644 1108 716 quasi
1126 654 1323 714 pueros
1339 637 1533 694 famem
1549 651 1655 691 non
1674 635 1907 690 ferentes
1921 631 2220 721 alloquens,

625 720 900 812 tamquam
950 738 1110 792 bruta
1160 732 1335 789 ventri
1386 729 1701 786 servientis.
1732 724 2033 781 Ridiculum
2076 720 2219 777 enim

626 835 856 899 fuisset,
885 831 933 888 si
979 830 1050 884 ob
1079 827 1316 883 esuriem
1362 824 1508 879 domi
1551 820 1988 876 manducassent.
2016 814 2125 871 Sed
2164 820 2223 867 et

624 924 772 980 aliud
811 920 1105 977 terribilius
1152 916 1426 987 subiunxit
1447 957 1463 980 ,
1491 914 1678 969 dicens
1712 929 1726 966 :
1759 910 1829 966 Ut
1867 925 1969 963 non
1995 909 2051 962 in
2066 905 2219 977 judi-

628 1018 761 1069 rium
792 1012 1139 1074 conveniatis;
1166 1018 1224 1063 ut
1251 1023 1360 1062 non
1387 1006 1440 1061 in
1467 1003 1875 1075 castigationem
1897 1040 1913 1064 ,
1947 1005 2006 1052 ut
2028 1012 2133 1051 non
2164 996 2216 1049 in

624 1106 948 1179 supplicium
968 1146 983 1169 ,
1013 1103 1141 1157 dum
1180 1099 1469 1156 ecclesiam
1512 1093 1840 1152 contumelia
1880 1088 2131 1153 affieitis,
2160 1096 2218 1142 et

624 1201 845 1259 fratrem
878 1196 931 1251 in
965 1193 1229 1266 pudorem
1249 1189 1539 1259 conjicitis.
1571 1185 1706 1241 Nam
1738 1183 1859 1238 ideo
1885 1179 2211 1245 convenitis,

624 1291 833 1360 inquit,
862 1296 918 1342 ut
945 1300 1044 1340 vos
1072 1291 1262 1339 mutuo
1295 1278 1564 1349 diligatis,
1606 1285 1666 1330 ut
1689 1272 1950 1344 juvemini
1982 1278 2038 1327 et
2057 1270 2215 1340 juve-

622 1386 729 1438 tis:
760 1382 807 1437 si
853 1394 985 1435 vero
1022 1374 1354 1432 contrarium
1392 1370 1517 1436 tiat,
1566 1368 1760 1423 melius
1806 1375 1952 1420 esset
1989 1364 2035 1419 si
2065 1360 2213 1417 domi

621 1471 1001 1532 comederetis.
1026 1468 1140 1523 lloc
1164 1474 1343 1522 autem
1387 1462 1605 1519 diccbat
1624 1502 1640 1528 ,
1695 1468 1754 1515 ut
1779 1459 1902 1513 illos
1928 1456 2098 1527 magis
2124 1464 2212 1509 at-

621 1565 885 1623 tralteret.
907 1560 1032 1617 Ideo
1056 1560 1201 1615 enim
1224 1557 1476 1613 damnum
1500 1554 1622 1610 inde
1646 1564 1930 1621 emergens
1952 1547 2209 1613 ostendit,

622 1669 679 1714 et
706 1657 919 1727 culpam
949 1653 1084 1709 dixit
1122 1666 1245 1707 esse
1286 1665 1392 1704 non
1435 1661 1697 1716 parvam;
1737 1652 1902 1714 atque
1944 1640 2093 1697 omni
2134 1655 2207 1695 ex

622 1760 774 1821 parte
798 1745 1058 1804 deterruit
1088 1786 1103 1810 ,
1134 1757 1165 1796 a
1195 1740 1497 1814 mysteriis,
1520 1739 1588 1793 ab
1618 1735 1865 1801 infirmis,
1890 1748 1920 1787 a
1946 1731 2172 1788 mortuis
2191 1771 2208 1797 ,

620 1843 691 1895 ab
718 1840 837 1895 aliis
864 1852 1025 1907 supra
1052 1834 1229 1890 dictis.
1264 1831 1465 1887 Deinde
1480 1828 1586 1883 alio
1605 1840 1822 1897 quoque
1844 1823 2006 1880 modo
2023 1830 2205 1887 terret,

618 1936 804 1990 dicens
833 1950 849 1986 :
876 1930 1071 1985 Cretera
1094 1937 1269 1982 autem
1313 1941 1428 1978 cum
1458 1937 1638 1976 venero
1668 1920 1981 1991 disponam;
2010 1926 2102 1971 aut
2139 1914 2208 1969 ad

620 2022 865 2095 quaedam
896 2019 1000 2075 alia
1022 2058 1038 2086 ,
1065 2025 1158 2071 aut
1186 2014 1253 2070 ad
1292 2013 1395 2067 hoc
1436 2013 1632 2082 ipsum.
1659 2010 1795 2077 Quia
1825 2008 1970 2064 enim
2018 2006 2209 2062 verisi-

621 2116 751 2170 mile
779 2120 865 2168 cst
910 2110 1057 2180 ipsos
1084 2106 1286 2163 dixisse
1328 2103 1462 2159 alias
1500 2116 1716 2172 quoque
1748 2115 1975 2165 causas,
2002 2107 2059 2154 et
2097 2112 2206 2152 non

615 2206 862 2278 potuisse
906 2199 1086 2256 omnia
1108 2212 1205 2268 per
1229 2196 1432 2251 litteras
1458 2193 1655 2263 corrigi
1690 2191 1865 2260 :Qua:
1909 2189 2205 2253 admonui,

618 2296 829 2367 inquit,
859 2292 1075 2347 interim
1123 2294 1418 2343 serventur
1449 2302 1463 2340 :
1496 2285 1541 2339 si
1568 2282 1699 2354 quid
1741 2290 1923 2337 autem
1948 2280 2091 2337 aliud
2120 2280 2206 2335 di-

617 2386 849 2444 cendnm
899 2379 1227 2446 habueritis,
1272 2377 1323 2433 id
1366 2390 1536 2447 usque
1578 2374 1646 2429 ad
1689 2374 1981 2430 adventum
2027 2386 2207 2425 meum

620 2486 904 2543 servetur;
928 2482 1020 2529 aut
1044 2473 1112 2529 de
1140 2472 1241 2527 hac
1267 2485 1327 2526 re
1354 2471 1601 2534 loquens,
1636 2475 1694 2521 ut
1720 2466 1853 2526 dixi.
1878 2474 1971 2519 aut
1990 2463 2060 2518 de
2086 2463 2207 2517 alits

614 2566 957 2640 quibusdam,
988 2579 1110 2635 quae
1136 2578 1243 2619 non
1268 2560 1557 2616 admodum
1585 2557 1867 2627 urgebant.
1888 2554 2203 2609 Hocautem

613 2662 761 2723 facit,
793 2669 849 2712 ut
876 2658 1000 2712 illos
1023 2655 1147 2709 inde
1170 2651 1525 2708 studiosiores
1553 2647 1745 2703 reddat
1776 2664 1789 2699 :
1820 2662 1943 2700 nam
1961 2644 2031 2699 de
2056 2644 2203 2697 illius

613 2753 847 2807 adventu
878 2747 1132 2813 solliciti,
1165 2756 1384 2815 peccata
1429 2739 1767 2798 emendaturi
1817 2747 1989 2792 erant.
2024 2736 2205 2806 Neque

612 2845 756 2899 cutim
787 2842 921 2897 levis
948 2855 1037 2895 res
1058 2846 1211 2903 erat,
1242 2835 1384 2907 quod
1416 2834 1615 2889 Paulus
1643 2846 1711 2885 eo
1731 2841 1992 2886 venturus
2016 2838 2161 2883 esset
2186 2844 2201 2892 ;

613 2936 772 3003 idque
798 2930 1089 2987 ostendens
1110 2928 1325 2985 dicebat
1356 2944 1371 2981 :
1405 2927 1477 2977 .46
1503 2925 1547 2978 si
1582 2940 1687 2978 non
1728 2932 1968 2976 uenturus
2008 2922 2107 2975 sint
2135 2922 2205 2973 ad

609 3042 717 3089 eos,
746 3026 820 3077 sic
844 3022 1032 3091 'inﬂati
1065 3028 1182 3074 sunt
1224 3017 1430 3085 quidam
1478 3017 1553 3083 (Ι.
1581 3014 1702 3069 Cor.
1733 3015 1787 3068 4.
1820 3014 1946 3081 18);
1975 3021 2031 3065 et
2073 3012 2200 3066 alibi

611 3132 849 3180 rursum,
881 3112 1002 3167 Non
1032 3125 1292 3179 tamquam
1330 3109 1383 3162 in
1412 3108 1680 3178 prasentia
1702 3122 1812 3160 mea
1850 3114 2049 3161 tantum
2069 3146 2083 3169 ,
2111 3104 2205 3157 sed

611 3207 773 3260 multa
802 3204 966 3274 magis
988 3203 1044 3256 in
1072 3201 1321 3267 absentia,
1340 3216 1455 3252 sunt
1482 3200 1659 3252 timore
1684 3209 1730 3251 ct
1757 3208 1970 3251 tremore
1989 3210 2204 3251 uestram

612 3298 828 3352 salutem
859 3294 1134 3365 aperemini
1159 3290 1420 3360 (Philipp.
1449 3289 1505 3342 2.
1537 3290 1652 3357 12).
1705 3288 1830 3343 Ideo
1875 3304 1983 3341 non
2028 3286 2202 3341 solum

612 3387 866 3459 promisit
894 3401 954 3441 se
981 3392 1269 3439 venturum
1298 3397 1419 3437 esse
1446 3424 1461 3447 ,
1492 3396 1560 3435 ne
1586 3396 1691 3435 non
1716 3380 2004 3435 crederent
2028 3389 2085 3433 et
2112 3395 2205 3434 ne-

612 3480 964 3550 gligentiores
1017 3475 1351 3539 evaderent;
1396 3474 1490 3527 sed
1541 3482 1598 3528 et
1645 3472 2009 3527 necessariam
2053 3472 2202 3527 addit

614 3574 882 3628 adventus
913 3583 1133 3624 causam
1172 3566 1386 3629 dicens,
1418 3564 1611 3619 Cretera
1656 3581 1772 3617 cum
1814 3581 1997 3618 uenero
2026 3565 2203 3633 dispo-

614 3682 773 3730 nnm;
812 3661 1104 3717 ostendens
1157 3668 1476 3713 cancrorum
1526 3658 1918 3711 correctionem
1944 3697 1961 3722 ,
1992 3655 2202 3710 etiamsi

615 3776 725 3816 non
777 3755 999 3811 omnino
1063 3751 1373 3815 festinaret,
1426 3751 1599 3819 ipsum
1668 3749 1807 3803 istuc
1856 3758 2203 3803 attracturam

614 3852 800 3906 fuisse.

687 3944 743 3998 ’5.
777 3938 993 3995 Horatia
1031 3936 1337 3991 exhortatio.
1389 3932 1579 3986 Luctus
1626 3932 1990 3986 immoderatus
2031 3934 2205 3986 vitan-

618 4036 736 4089 dus.
760 4031 879 4086 Jobi
900 4028 1149 4100 patientia
1176 4024 1497 4080 describitur.
1526 4053 1595 4063 —
1624 4022 1748 4079 Hmc
1769 4037 1900 4094 ergo
1928 4021 2206 4078 audientes

617 4126 832 4187 omnia,
876 4132 930 4176 et
981 4131 1274 4189 pauperum
1321 4129 1566 4184 magnam
1610 4127 1793 4167 curam
1840 4126 2123 4182 geramus,
2155 4121 2209 4166 ct

617 4225 861 4271 ventrem
899 4210 1242 4265 moderemur
1265 4249 1280 4272 ,
1314 4214 1474 4275 atque
1493 4205 1561 4258 ab
1585 4204 1849 4258 ebrietate
1890 4202 2205 4270 liberemur,

619 4317 676 4364 ct
725 4302 997 4377 mysteriis
1047 4299 1210 4368 digne
1256 4297 1579 4367 participare
1625 4294 1969 4357 Studeamus;
1998 4308 2058 4347 ea
2087 4308 2209 4363 qua:

620 4395 766 4469 passi
794 4392 1053 4448 fuerimus
1075 4431 1089 4453 ,
1118 4405 1223 4441 non
1254 4402 1398 4457 ωεΓο
1427 4385 1660 4439 feramus
1681 4425 1693 4449 ,
1725 4400 1903 4454 neque
1932 4384 1983 4437 in
2012 4384 2167 4438 nobis
2191 4425 2206 4449 ,

622 4504 798 4559 neque
842 4487 895 4540 in
921 4484 1041 4538 aliis
1071 4500 1085 4536 :
1114 4480 1259 4535 verbi
1292 4479 1461 4549 gratia
1504 4493 1627 4533 cum
1658 4479 1959 4533 immatura:
2008 4487 2208 4532 mortes

624 4578 905 4641 accidunt,
938 4590 1059 4629 cum
1110 4571 1349 4626 diuturni
1396 4569 1590 4623 morbi.
1625 4569 1738 4623 Hoc
1768 4570 1910 4623 enim
1949 4576 2033 4623 est
2073 4568 2211 4623 libe-

624 4668 762 4723 ratio
786 4681 815 4719 a
836 4664 1098 4734 supplicio
1118 4705 1132 4729 ,
1168 4663 1267 4715 hoc
1292 4661 1557 4715 correctio
1576 4700 1591 4723 ,
1626 4659 1729 4713 hoc
1772 4659 2066 4713 admonitio
2110 4673 2209 4727 op-

628 4759 777 4811 tima.
808 4753 936 4820 Quis
966 4751 1083 4805 hate
1107 4750 1270 4803 dicit?
1296 4749 1397 4815 Qui
1427 4748 1701 4801 Christum
1726 4749 1780 4802 in
1810 4764 1869 4804 se
1901 4749 2207 4817 loquentem

630 4846 880 4902 habebat.
913 4843 1161 4896 Attamen
1208 4840 1371 4892 etiam
1419 4848 1542 4905 post
1570 4838 1687 4893 hmo
1734 4841 1989 4893 mulieres
2033 4842 2215 4893 mnum

630 4942 702 4993 ita
734 4949 899 4990 sensu
927 4932 1197 4986 destituta:
1238 4936 1398 4992 sunt,
1437 4936 1493 4980 ut
1522 4927 1575 4980 in
1622 4927 1798 4980 luctus
1840 4928 2214 4995 exsuperantia

628 5032 776 5102 ipsos
826 5025 987 5080 etiam
1037 5020 1277 5075 inﬁdeles
1322 5028 1585 5087 superent
1627 5034 1641 5073 :
1683 5027 1738 5073 et
1784 5017 1903 5072 alite
1940 5018 2157 5087 quidem
2187 5035 2217 5071 a

622 5124 775 5180 luctu
815 5116 966 5186 quasi
1000 5112 1236 5168 tenebris
1284 5110 1491 5165 obruta:
1535 5110 1639 5164 hoc
1669 5109 1908 5164 faciunt:
1937 5110 2057 5164 alim
2087 5125 2215 5163 vero

630 5214 697 5269 ad
726 5209 1143 5269 ostentationem
1168 5247 1182 5267 ,
1214 5213 1270 5259 et
1315 5212 1373 5257 ut
1396 5210 1743 5257 externorum
1791 5203 2219 5256 criminationem

628 5309 840 5371 vitent,
890 5316 1025 5373 quas
1065 5299 1209 5353 omni
1259 5296 1414 5352 venia
1462 5297 1694 5365 privatas
1740 5294 1880 5349 dico.
1905 5293 1976 5349 Ut
2016 5309 2085 5348 ne
2131 5294 2221 5348 ille

628 5402 753 5457 talis
783 5401 1013 5461 ineuset,
1044 5393 1313 5463 inquiunt,
1336 5392 1545 5447 incuset
1571 5386 1754 5451 Deus;
1786 5396 1847 5441 ut
1878 5402 1945 5441 ne
1975 5386 2221 5439 homines

631 5493 800 5547 brutis
825 5487 1152 5545 amentiores
1180 5498 1279 5538 nos
1305 5482 1586 5543 damnent,
1618 5479 1705 5533 lex
1731 5479 1892 5548 Regis
1936 5478 2219 5531 universo-

632 5598 752 5637 rum
802 5581 1169 5637 conculcetur.
1196 5576 1261 5631 Et
1292 5584 1422 5646 quot
1445 5572 1764 5628 fulminibus
1785 5572 1905 5626 lucc
1930 5571 2087 5642 digna
2113 5585 2218 5625 non

637 5672 868 5727 fuerint?
894 5674 950 5729 Si
974 5681 1095 5743 post
1117 5672 1318 5726 luctum
1351 5680 1402 5725 te
1429 5669 1691 5740 quispiam
1721 5667 1785 5723 ad
1807 5682 2014 5723 coenam
2042 5677 2216 5733 vocet,

627 5776 796 5823 nemo
823 5771 905 5815 cst
933 5765 1023 5831 qui
1055 5774 1268 5829 renuat,
1301 5763 1422 5833 quia
1450 5762 1532 5816 lex
1555 5761 1784 5816 humana
1813 5761 1913 5817 hoc
1942 5759 2215 5831 prmcipit;

1345 344 1408 402 8.
1444 339 1725 400 JOANNIS
1757 331 2238 396 CHRYSOSTO)"
2277 332 2595 390 ARCllll-ZP.
2619 333 3152 392 OONSTANTINOP.

3813 340 3923 397 Β.

2337 444 2448 501 Deo
2484 454 2663 501 autem
2689 445 2758 501 de
2786 461 2894 502 non
2924 446 3156 517 lugendo
3180 446 3353 517 legem
3374 444 3605 508 ferente.
3634 453 3711 499 tta
3732 459 3919 502 omnes

2332 536 2725 592 contradicunt.
2761 536 2879 592 Non
2921 537 3125 607 cogitas
3168 536 3401 604 Johum,
3441 551 3477 591 o
3524 536 3765 592 mulier?
3810 552 3919 593 non

2332 627 2633 683 recordaris
2654 642 2844 683 vocum
2871 630 2989 698 ejus
3016 629 3069 683 in
3096 629 3399 684 calamitate
3423 629 3752 684 amissorum
3780 626 3919 682 tilio-

2330 733 2470 783 rum,
2492 733 2613 787 qua:
2638 719 2911 774 sexcentis
2936 719 3153 774 coronis
3182 733 3394 774 sacrum
3424 719 3556 773 illud
3581 726 3749 788 caput
3766 717 3919 773 redi-

2329 808 2581 875 mierunt,
2610 817 2666 863 et
2690 808 3021 879 splendidius
3047 824 3206 878 quam
3250 808 3391 863 tuba:
3417 808 3600 863 multa:
3642 807 3921 879 depudi-

2326 898 2558 953 carunt?
2583 914 2689 953 non
2717 898 2921 969 cogitas
2947 898 3271 954 calamitatis
3311 900 3735 970 magnitudinem
3757 940 3775 965 ,
3821 915 3919 954 no.

2326 1006 2450 1046 vum
2482 990 2613 1046 illud
2640 990 2978 1062 naufragium
3004 1032 3020 1057 ,
3050 1006 3115 1047 ac
3143 1007 3334 1046 novam
3371 992 3672 1062 miramque
3714 1001 3920 1063 traga-

2324 1080 2469 1136 diam
2489 1081 2520 1133 τ
2542 1080 2676 1136 Nam
2706 1090 2765 1135 tu
2791 1081 3005 1151 quidem
3027 1096 3190 1136 unum
3216 1080 3514 1150 perdidisti,
3538 1090 3629 1136 aut
3652 1082 3916 1144 alterum,

2323 1180 2418 1226 aut
2447 1172 2697 1232 tertium;
2730 1173 2823 1228 ille
2847 1181 3030 1227 autem
3057 1181 3165 1227 tam
3192 1174 3389 1228 multos
3435 1182 3492 1228 et
3536 1183 3643 1228 tam
3688 1174 3915 1229 multas.

2324 1261 2393 1316 Et
2420 1263 2512 1333 qui
2540 1262 2738 1317 mullos
2761 1262 2993 1319 habebat
3036 1262 3270 1329 liberos,
3296 1273 3524 1334 repente
3549 1265 3719 1319 orbus
3769 1264 3872 1319 luit
3898 1272 3941 1329 ;‘

2322 1371 2496 1427 neque
2536 1356 2787 1425 paulatim
2828 1355 3033 1410 viscera
3086 1356 3205 1427 ejus
3245 1356 3700 1412 consumebantur
3725 1398 3743 1420 ,
3790 1356 3915 1421 sed,

2320 1447 2615 1517 derepente
2670 1445 2877 1503 fructus
2948 1455 3088 1503 totus
3159 1448 3558 1518 sbripiebatur;
3607 1464 3790 1519 neque
3848 1464 3915 1503 cx

2320 1538 2593 1594 communi
2637 1538 2757 1610 lege
2799 1548 3041 1604 naturae,
3085 1554 3258 1609 neque
3300 1555 3424 1594 cum
3453 1539 3523 1595 ad
3567 1548 3914 1595 senectutem

2321 1627 2713 1697 pervenissent,
2741 1628 2837 1684 sed
2863 1630 3150 1683 immatura
3174 1640 3229 1685 et
3250 1630 3481 1685 violenta
3501 1639 3698 1697 morte,
3720 1644 3916 1685 omnes

2319 1720 2517 1785 simul;
2549 1734 2722 1790 neque
2765 1729 3033 1790 praesente
3065 1718 3159 1774 illo
3180 1762 3196 1785 ,
3232 1735 3332 1776 nec
3382 1721 3658 1777 assidente
3684 1762 3699 1787 ,
3736 1729 3797 1775 ut
3824 1722 3914 1775 vel

2319 1822 2592 1868 extremas
2635 1827 2796 1867 voces
2821 1812 3044 1867 audiens
3070 1813 3303 1883 aliquam
3349 1813 3777 1868 consolationem
3817 1812 3916 1867 ha-

2316 1903 2469 1960 beret
2513 1903 2583 1959 de
2630 1912 2738 1957 tam
2787 1902 2981 1958 acerba
3033 1913 3243 1969 morte;
3299 1903 3395 1958 sed
3441 1912 3642 1973 pra-ter
3688 1919 3913 1959 omnem

2316 2012 2489 2068 spem,
2531 2011 2653 2051 cum
2679 1996 2812 2051 nihil
2852 2006 3127 2068 gestorum
3154 1997 3269 2068 ipse
3299 1998 3463 2053 sciret
3485 2038 3500 2063 ,
3528 1998 3688 2053 simul
3716 2012 3917 2053 omnes

2316 2100 2441 2145 sunt
2491 2090 2706 2154 obruti,
2756 2089 2959 2156 fuitque
3009 2089 3115 2144 illis
3158 2089 3350 2144 domus
3387 2099 3444 2145 et
3487 2091 3800 2160 sepulcrum
3858 2101 3914 2145 et

2316 2181 2559 2251 laqueus.
2587 2180 2774 2250 Neque
2802 2180 3087 2234 immatura
3119 2194 3269 2235 mors
3298 2188 3505 2234 tantum
3532 2222 3548 2246 ,
3594 2180 3693 2235 sed
3741 2182 3911 2235 etiam

2316 2272 2481 2325 multa
2510 2286 2635 2326 cum
2656 2272 2742 2325 illa
2753 2280 2913 2325 erant
2939 2285 3060 2340 qua
3080 2271 3323 2325 dolorem
3352 2270 3610 2327 afferrent
3634 2288 3647 2323 :
3674 2278 3738 2325 nt
3763 2272 3912 2341 quod

2313 2377 2503 2417 omnes
2541 2365 2593 2416 in
2621 2363 2757 2418 ﬂore
2781 2362 3083 2433 juventutis
3108 2373 3295 2419 essent
3316 2404 3332 2430 ,
3358 2368 3501 2433 quod
3535 2365 3734 2419 virtute
3764 2381 3913 2435 pne-

2314 2452 2409 2507 diti
2437 2487 2457 2517 ,
2523 2453 2666 2521 quod
2710 2453 3005 2518 amabiles,
3035 2453 3179 2523 quod
3206 2468 3397 2507 omnes
3420 2454 3614 2521 simul,
3659 2456 3809 2524 quod
3842 2472 3912 2511 ex

2315 2552 2543 2613 utroque
2592 2557 2726 2597 sexu
2776 2558 2846 2599 ne
2892 2558 3029 2597 unus
3069 2543 3286 2613 quidem
3328 2544 3568 2614 reliquus
3605 2545 3705 2610 sit;
3761 2547 3911 2616 quod

2312 2654 2418 2693 non
2448 2639 2720 2694 communi
2771 2638 2888 2709 lege
2937 2648 3167 2705 naturae,
3199 2639 3345 2709 quod
3390 2647 3515 2708 post
3558 2648 3770 2694 tantum
3811 2640 3914 2694 da-

2311 2747 2495 2787 mnum
2518 2772 2537 2795 ,
2564 2731 2709 2802 quod
2755 2746 2879 2785 cum
2909 2731 3110 2786 nullius
3145 2733 3271 2786 mali
3304 2732 3404 2786 sibi
3437 2733 3689 2787 conscius
3716 2743 3907 2795 esset,

2310 2840 2412 2879 nec
2461 2826 2534 2878 illi
2576 2825 2808 2895 peccatis
2855 2832 3040 2879 essent
3082 2823 3337 2888 obnoxii,
3383 2823 3498 2879 tunc
3527 2834 3705 2879 tamen
3751 2836 3911 2895 pate-

2312 2926 2522 2971 rentur.
2555 2917 2759 2971 Horum
2788 2917 3000 2987 singula
3035 2930 3131 2986 per
3158 2930 3218 2971 se
3244 2926 3471 2985 possunt
3497 2916 3751 2984 turbare;
3782 2934 3910 2974 cum

2310 3018 2488 3061 autem
2510 3023 2615 3062 una
2632 3008 2813 3062 omnia
2837 3018 3191 3073 concurrunt,
3214 3009 3390 3077 cogita
3415 3018 3614 3078 quanta
3644 3009 3909 3064 ﬂuctuum

2311 3097 2577 3161 altitudo,
2635 3114 2793 3168 quam
2854 3100 3043 3170 ingens
3088 3107 3382 3169 tempestas
3420 3110 3586 3154 esset.
3639 3100 3913 3169 Quodque

2310 3189 2483 3258 majus
2524 3198 2607 3243 est
2629 3200 2686 3244 et
2710 3191 2828 3259 ipso
2852 3191 2994 3245 luctu
3019 3191 3257 3245 deterius
3280 3232 3296 3253 ,
3320 3190 3459 3260 quod
3489 3191 3726 3245 nesciret
3761 3190 3909 3246 unde

2314 3282 2434 3336 talia
2463 3280 2803 3335 obvenirent.
2830 3281 2973 3344 Ideo,
3000 3297 3123 3336 cum
3153 3281 3354 3335 nullam
3385 3280 3582 3335 afferre
3602 3292 3793 3351 posset
3819 3298 3913 3335 ca.

2308 3374 2567 3430 lamitatis
2608 3388 2825 3428 causam
2849 3414 2865 3439 ,
2896 3373 2963 3428 ad
2996 3373 3087 3428 Dei
3116 3374 3368 3443 placitum
3393 3375 3667 3439 ascendit,
3697 3386 3751 3429 et
3779 3378 3861 3431 ait
3895 3395 3909 3431 :

2312 3466 2563 3520 Dominus
2606 3466 2743 3518 dedit
2786 3505 2802 3527 ,
2876 3463 3125 3519 Dominus
3165 3464 3374 3519 abstulit
3425 3483 3439 3518 :
3488 3467 3620 3519 sicut
3680 3466 3913 3521 Domino

2311 3560 2506 3630 placuit
2530 3600 2543 3618 ,
2575 3559 2649 3611 ita
2676 3559 2869 3626 factum
2898 3570 3004 3619 rst;
3026 3558 3093 3611 sit
3123 3573 3307 3611 nomen
3335 3555 3546 3611 Domini
3585 3557 3914 3613 benedictum

2310 3653 2363 3705 in
2398 3649 2729 3719 smcuta(.lob
2751 3650 2803 3705 i.
2829 3648 2947 3721 2|).
2978 3649 3047 3703 Et
3090 3648 3207 3704 lucc
3252 3650 3421 3713 dixit,
3449 3663 3570 3703 cum
3615 3663 3676 3705 sc
3718 3650 3777 3705 in
3806 3666 3911 3705 cx-

2312 3745 2501 3797 tremis
2532 3742 2762 3811 positum
2785 3740 3015 3805 videret,
3040 3742 3133 3811 qui
3153 3740 3408 3795 virtutem
3424 3754 3638 3795 omnem
3666 3749 3919 3796 sectatus

2314 3837 2527 3901 fuerat;
2564 3835 2827 3890 scelestos
2863 3843 3043 3889 autem
3084 3833 3332 3888 homines
3378 3842 3434 3889 et
3476 3833 3915 3904 prmstigiatores

2314 3943 2574 4001 prospere
2615 3936 2867 3997 agentes,
2897 3927 3214 3981 deliciantes
3242 3934 3298 3981 et
3323 3925 3715 3997 gloriabundus
3743 3926 3914 3980 undi.

2311 4037 2438 4093 que.
2462 4019 2647 4090 Neque
2670 4019 2805 4073 dixit
2821 4017 3092 4087 quidpiam
3111 4032 3320 4082 eorum,
3346 4032 3468 4088 qute
3490 4017 3668 4072 solent
3686 4017 3916 4088 quidam

2313 4113 2639 4167 inﬁrmiores
2683 4110 2903 4166 dicere:
2934 4110 3015 4164 Ad
3062 4109 3273 4166 hancne
3308 4124 3423 4165 rem
3451 4109 3592 4164 filios
3632 4111 3917 4177 enutriri,

2313 4213 2368 4259 et
2410 4220 2532 4258 cum
2575 4203 2923 4258 accuratione
2959 4201 3110 4257 omni
3153 4200 3511 4256 cducavi?ad
3547 4215 3741 4256 eamne
3797 4217 3919 4258 rem

2312 4296 2533 4349 domum
2564 4295 2752 4363 aperui
2800 4293 3276 4363 prmtereuntibus,
3308 4302 3362 4347 ut
3392 4301 3513 4363 post
3552 4293 3759 4349 multos
3790 4295 3919 4350 illos

2314 4402 2505 4442 cursus
2525 4401 2624 4456 pro
2650 4386 2855 4455 egenis,
2890 4400 2988 4455 pro
3014 4383 3175 4445 nudis
3193 4427 3207 4448 ,
3237 4399 3335 4454 pro
3356 4385 3572 4455 pupillis
3596 4394 3914 4455 susceptos,

2316 4478 2470 4532 hanc
2501 4476 2807 4531 mercedem
2864 4475 3179 4544 excipiam?
3226 4475 3335 4531 Sed
3395 4476 3586 4531 horum
3641 4476 3766 4531 loco
3826 4476 3916 4529 illa

2316 4569 2477 4625 verba
2512 4570 2761 4637 protulit,
2796 4568 2943 4621 omni
2968 4567 3237 4621 sacriﬁcio
3258 4568 3656 4636 prmstantiora,
3685 4566 3911 4621 dicens:

2320 4661 2508 4715 Nudus
2554 4676 2785 4729 egressus
2812 4675 2926 4712 sum
2965 4658 3030 4711 de
3057 4668 3199 4711 utero
3237 4658 3416 4711 matris
3455 4670 3580 4710 mea
3601 4697 3617 4721 ,
3650 4667 3698 4709 et
3736 4658 3921 4711 multis

2317 4761 2557 4804 reuertar.
2583 4749 2737 4815 Quod
2784 4750 2831 4801 si
2874 4748 3194 4801 vestimenta
3238 4744 3551 4808 dtsciderit,
3593 4752 3648 4798 et
3694 4759 3923 4801 comam

2322 4840 2652 4903 tetenderit,
2698 4853 2765 4891 ne
2815 4838 3065 4891 mireris:
3102 4844 3253 4904 pater
3291 4836 3436 4889 enim
3477 4846 3631 4898 erat,
3661 4847 3716 4893 et
3761 4850 3925 4907 pater

2320 4930 2490 4997 prolis
2511 4942 2716 4991 amans,
2740 4927 3128 4995 oportebatque
3148 4935 3350 4981 natura:
3381 4929 3918 4987 commiserationctn

2325 5017 2587 5079 exhiberi,
2622 5017 2923 5085 mentisque
2946 5016 3361 5085 pliilowphiam.
3394 5019 3546 5086 Quod
3576 5022 3620 5074 si
3669 5022 3778 5076 hoc
3809 5038 3920 5077 non

2326 5108 2581 5172 fecisset,
2634 5108 2769 5162 forte
2815 5108 3081 5177 quispiam
3144 5112 3442 5177 putavisset
3486 5112 3624 5170 hanc
3672 5115 3921 5184 philoso-

2332 5201 2515 5269 phiam
2542 5214 2608 5253 ex
2637 5208 2854 5268 stupore
2885 5199 3170 5268 proficisci.
3195 5200 3320 5257 Ideo
3339 5213 3393 5257 et
3418 5219 3625 5260 viscera
3653 5205 3920 5268 ostendit,

2328 5302 2381 5345 et
2432 5292 2644 5361 pietatis
2694 5292 3133 5358 accurationem,
3182 5306 3237 5348 et
3288 5294 3482 5351 dolens
3532 5313 3641 5351 non
3689 5311 3923 5351 eversus

2327 5392 2443 5446 cst;
2473 5381 2567 5437 sed
2592 5383 2750 5436 etiam
2776 5397 2897 5437 cum
2928 5384 3152 5440 ulterius
3180 5386 3297 5455 ejus
3327 5397 3603 5442 certamen
3647 5387 3921 5454 procede-

2329 5485 2445 5540 ret,
2479 5491 2667 5529 rursus
2710 5476 2829 5529 aliis
2883 5475 3162 5533 redimitur
3214 5480 3431 5534 coronis
3470 5494 3537 5533 ex
3584 5477 3764 5531 verbis
3799 5494 3922 5546 qua:

2329 5567 2479 5621 uxori
2502 5566 2634 5620 dixit
2663 5586 2674 5620 :
2702 5567 2762 5621 Si
2783 5567 2915 5621 bona
2936 5572 3247 5639 suscepimus
3287 5588 3317 5621 a
3348 5570 3568 5622 Domino
3590 5610 3603 5631 ,
3634 5569 3770 5620 mala
3822 5586 3921 5621 non

2324 5663 2681 5717 sustinebimus
2710 5664 2827 5735 (Job
2850 5666 2901 5717 ‘2.
2935 5664 3017 5731 10)
3049 5665 3072 5717 ’ἒ
3105 5665 3234 5718 Nam
3264 5680 3398 5716 uxor
3426 5661 3540 5714 sola
3587 5660 3689 5729 ipsi
3732 5660 3920 5715 relicta

2335 5771 2449 5827 est,
2485 5760 2709 5815 sublatis
2738 5758 3007 5819 omnibus,
3032 5766 3085 5810 et
3112 5756 3235 5810 filiis
3257 5766 3312 5811 et
3338 5755 3552 5824 przcdiis
3578 5764 3632 5809 ct
3660 5753 3779 5824 ipso
3805 5769 3918 5807 mr-
