4086 6340
219 360 321 416 237

221 491 376 546 pore,
422 483 477 531 et
514 475 631 546 ipsa
675 474 724 530 ei
765 474 832 530 ad
860 474 1209 531 teutationem
1254 483 1312 531 et
1354 474 1573 531 insidias
1615 472 1803 529 relicta

219 577 322 625 est.
347 565 581 638 ideoque
621 564 767 621 illam
810 581 916 621 non
956 581 1081 622 cum
1114 565 1236 621 llliis
1274 567 1489 621 sustulit
1522 564 1770 621 diabolus
1795 605 1810 632 ,

221 674 400 730 neque
448 658 619 729 ipsius
658 657 864 715 caedem
899 659 1158 729 expetiit,
1203 660 1328 729 quia
1358 657 1615 728 sperabat
1663 657 1811 711 illam

221 767 475 823 magnam
516 750 620 806 sibi
665 766 819 822 opem
847 766 970 807 esse
1004 752 1231 806 laturam
1257 750 1323 805 ad
1369 750 1592 805 insidias
1622 757 1811 806 sancto

221 845 351 900 huic
374 844 493 897 viro
527 843 808 911 parandas.
843 842 1077 914 Ideoque
1103 844 1270 911 ipsam
1294 883 1308 907 ,
1341 853 1612 913 tamquam
1641 842 1812 898 maxi-

222 950 374 991 mum
426 934 590 990 telum
644 933 746 990 sibi
822 942 1184 1005 opportunum
1236 933 1473 1003 reliquit.
1524 933 1580 989 Si
1624 934 1813 1000 enim,

220 1028 397 1097 inquit
421 1067 436 1091 ,
465 1025 738 1082 hominem
766 1041 863 1097 per
891 1027 1036 1081 illam
1080 1041 1147 1082 ex
1173 1026 1423 1097 paradiso
1449 1026 1581 1098 ejeci
1599 1066 1614 1092 ,
1648 1025 1815 1082 multo

220 1120 398 1189 magis
427 1120 480 1174 in
510 1119 853 1188 sterquilinio
876 1125 1066 1195 potero
1090 1118 1455 1189 supplantare.

292 1213 347 1267 ι.
393 1211 461 1267 Et
484 1210 608 1267 vide
628 1209 993 1267 calliditatem.
1021 1209 1203 1281 Neque
1236 1225 1380 1266 enim
1412 1220 1693 1280 postquam
1721 1210 1816 1266 bo.

220 1318 315 1359 ves
345 1304 651 1375 perierant,
680 1302 818 1357 hanc
847 1300 1150 1357 machinam
1180 1301 1445 1369 adhibuit,
1474 1317 1650 1373 neque
1695 1311 1816 1373 post

218 1396 469 1452 sublatos
497 1394 789 1469 asinosvel
833 1394 1069 1450 camelos
1091 1434 1109 1462 ,
1141 1382 1243 1450 nec
1273 1402 1396 1464 post
1422 1393 1684 1463 dejectam
1713 1393 1817 1449 do-

219 1504 370 1545 mum
397 1527 416 1554 ,
445 1502 620 1557 neque
663 1493 784 1555 post
810 1485 1032 1540 obrutos
1061 1484 1241 1551 filios;
1286 1484 1381 1540 sed
1414 1485 1626 1540 interim
1653 1473 1816 1539 silere

217 1591 274 1637 et
314 1581 555 1650 quietem
599 1593 759 1649 agere
793 1579 920 1634 sivit
941 1577 1197 1634 athletam
1244 1577 1468 1644 videns;
1500 1578 1590 1633 ubi
1633 1590 1813 1632 autem

219 1672 487 1728 vermium
528 1668 649 1725 fons
674 1669 970 1736 scaturivit,
1010 1684 1135 1725 cum
1183 1677 1499 1740 putrescens
1525 1668 1679 1737 pellis
1708 1666 1814 1721 dii-

218 1762 419 1820 ﬂueret
439 1802 455 1828 ,
487 1773 544 1818 et
570 1771 905 1833 consumptae
930 1776 1127 1819 carnes
1147 1763 1350 1817 saniem
1376 1762 1723 1829 emitterent,
1751 1772 1815 1814 ac

218 1853 588 1923 sartaginibus
618 1852 1034 1925 fornaeibusque
1060 1863 1119 1909 et
1141 1854 1333 1925 quavis
1362 1854 1577 1909 ﬂamma
1601 1853 1815 1925 gravior

219 1946 400 2015 ipsum
431 1942 629 2000 diaboli
664 1960 853 1999 manus
881 1954 1226 2001 consumeret
1250 1986 1264 2011 ,
1308 1945 1498 2017 quavis
1527 1945 1638 2000 fera
1681 1933 1815 2001 effe-

218 2037 395 2092 ratior
426 2037 526 2105 ipsi
570 2044 767 2106 corpus
814 2034 1048 2105 undique
1073 2050 1400 2090 consumens
1422 2045 1479 2091 et
1505 2036 1769 2091 devorans
1797 2076 1812 2101 ,

216 2144 344 2185 cum
394 2130 447 2182 in
476 2128 576 2183 hac
599 2127 904 2183 calamitate
932 2127 1160 2181 multum
1191 2128 1448 2197 temporis
1488 2128 1814 2196 insumptum

218 2221 452 2283 fuisset.
481 2230 610 2275 tunc
640 2234 865 2276 uxorem
892 2220 957 2275 ad
999 2218 1150 2275 illum
1179 2220 1398 2276 adducit
1436 2220 1547 2290 jam
1578 2221 1817 2277 exsicca-

220 2321 335 2367 tum
358 2320 414 2366 et
432 2311 756 2367 confectum.
781 2312 838 2367 Si
868 2312 1010 2367 enim
1042 2311 1195 2367 initio
1215 2312 1536 2368 calamitatis
1559 2313 1817 2369 accessis-

220 2411 337 2470 set,
373 2417 549 2470 neque
589 2402 657 2457 ita
708 2403 855 2457 illum
900 2414 1216 2479 enervatum
1266 2403 1594 2474 reperisset,
1645 2419 1818 2473 neque

220 2496 590 2553 calamitatem
618 2495 759 2551 adeo
788 2494 1051 2564 potuisset
1076 2510 1404 2566 exaggerare
1427 2510 1492 2551 ac
1521 2497 1699 2551 verbis
1721 2511 1817 2550 ex—

222 2587 419 2643 tollere
460 2600 651 2642 :nunc
701 2594 880 2641 autem
929 2586 1021 2641 ubi
1069 2586 1203 2642 vidit
1247 2588 1395 2643 illum
1445 2587 1515 2643 ob
1562 2589 1817 2657 temporis

221 2677 639 2734 diuturnitatem
667 2676 1040 2732 liberationem
1071 2676 1225 2733 sitire
1266 2686 1322 2733 et
1349 2678 1615 2733 malorum
1656 2680 1817 2735 linem

220 2771 575 2840 desiderare,
602 2779 729 2827 tunc
752 2769 1044 2827 vehemens
1081 2769 1307 2828 accedit.
1335 2770 1467 2838 Quia
1494 2772 1638 2827 enim
1664 2772 1821 2829 valde

222 2861 508 2919 confectus
537 2870 687 2927 erat,
733 2876 908 2931 neque
950 2861 1221 2931 respirare
1261 2862 1400 2925 ultra
1446 2864 1693 2932 poterat,
1724 2862 1819 2919 sed

223 2960 286 3009 et
312 2951 451 3008 mori
477 2951 745 3022 cupiebat,
774 2952 898 3007 audi
927 2952 1054 3024 quid
1085 2952 1230 3009 dicat
1248 2953 1425 3029 :[Nam
1453 2955 1497 3008 si
1530 2954 1662 3010 mihi
1690 2970 1819 3024 pos-

222 3058 345 3100 sem
395 3059 613 3100 manum
661 3043 859 3099 inferre
880 3085 897 3109 ,
929 3052 1023 3099 aut
1061 3045 1225 3099 alium
1272 3059 1497 3115 rogare,
1528 3046 1690 3101 etiam
1718 3042 1823 3103 hoc

224 3133 468 3191 acerem
503 3129 702 3205 (a).]Et
727 3132 849 3189 vide
874 3134 1005 3188 mihi
1050 3134 1341 3204 nequitiam
1367 3135 1610 3190 mulieris
1635 3176 1651 3199 ,
1679 3137 1824 3194 unde

228 3226 416 3282 statim
466 3223 706 3280 ordiatur
747 3241 760 3277 :
793 3238 823 3278 a
867 3221 1217 3279 diuturnitate
1266 3225 1560 3294 temporis,
1590 3225 1819 3284 dicens.

230 3313 512 3385 Quousque
532 3314 767 3368 tolerabis
791 3309 912 3384 (Job
935 3313 989 3367 2.
1021 3314 1079 3385 9)
1098 3315 1121 3369 ?
1138 3315 1194 3371 Si
1221 3330 1451 3386 namque
1474 3330 1639 3385 sa‘pe,
1661 3319 1821 3373 etiam

220 3412 357 3461 eum
378 3403 557 3476 gravia
580 3419 687 3459 non
716 3406 979 3460 instarent
1002 3407 1240 3477 negotia,
1269 3407 1433 3463 verba
1460 3408 1633 3463 solum
1656 3407 1824 3463 emol-

229 3497 334 3553 lire
363 3505 687 3567 potuerunt;
728 3498 904 3567 eOgita
952 3496 1081 3567 quid
1124 3498 1489 3554 verisimiliter
1531 3500 1647 3569 ipse
1696 3508 1824 3557 tunc

230 3589 575 3663 patiebatur,
618 3604 738 3644 cum
768 3597 825 3644 et
866 3586 980 3645 IIth
1018 3590 1180 3647 verba
1212 3600 1265 3645 et
1295 3606 1382 3646 res
1428 3592 1543 3661 ipse
1581 3592 1824 3650 dolorem

230 3683 337 3754 ipsi
385 3679 664 3736 inferrent.
716 3678 980 3749 Quodque
1010 3682 1248 3735 omnium
1294 3681 1625 3737 teterrimum
1669 3693 1823 3753 erat,

229 3770 381 3844 quod
401 3782 457 3827 et
486 3785 619 3825 uxor
646 3769 763 3841 ejus
790 3769 908 3826 hmo
938 3770 1268 3841 loqueretur,
1302 3782 1356 3827 et
1384 3789 1519 3829 uxor
1546 3790 1665 3845 qua:
1698 3790 1829 3831 con-

230 3863 446 3921 ciderat
487 3870 545 3925 et
584 3864 822 3918 animum
865 3862 1270 3931 despondebat;
1303 3864 1531 3936 ideoque
1577 3867 1829 3923 studebat

231 3964 293 4013 α
345 3956 519 4026 ipsum
566 3954 618 4007 in
662 3953 1094 4023 desperationem
1144 3957 1436 4025 conjicere.
1469 3957 1737 4014 Cmterum
1770 3970 1829 4015 ut

236 4054 430 4119 aperte
457 4043 733 4100 videamus
755 4044 1056 4102 machinam
1082 4045 1135 4101 in
1168 4046 1311 4101 hunc
1334 4062 1547 4107 murum
1572 4049 1829 4106 adaman-

236 4139 413 4195 tinum
444 4135 715 4192 admotam
737 4178 755 4205 ,
784 4138 898 4207 ipsa
930 4139 1087 4194 verba
1119 4140 1422 4194 audiamus.
1450 4140 1710 4208 Quasnam
1737 4142 1827 4198 illa

234 4229 409 4286 sunt?
455 4227 729 4298 Quousque
770 4229 1008 4285 tolerabis
1036 4230 1247 4297 dicens,
1281 4233 1413 4288 Ecce
1439 4237 1707 4305 prastolor
1728 4237 1828 4291 ad-

237 4322 346 4378 huc
374 4319 627 4374 modicum
655 4320 898 4392 temporis
936 4337 1076 4391 spem
1117 4323 1298 4379 salutis
1328 4324 1517 4382 habens
1560 4325 1724 4397 (Ibid.
1773 4330 1828 4383 in

237 4410 481 4481 Caeco)?
506 4410 656 4477 Tua,
702 4412 906 4484 inquit,
956 4411 1122 4468 verba
1167 4414 1364 4470 refellit
1411 4424 1655 4487 tempus,
1686 4419 1827 4490 quod

236 4496 546 4559 diuturnius
584 4503 817 4569 factum,
849 4501 1051 4557 nullam
1084 4504 1304 4561 exhibet
1328 4506 1673 4564 solutionem.
1703 4509 1827 4565 Hac

234 4603 425 4649 autem
456 4590 701 4656 dicebat,
729 4608 835 4648 nou
884 4591 1045 4647 modo
1088 4594 1140 4648 in
1171 4590 1603 4667 desperationem
1654 4595 1827 4668 ipsum

239 4682 574 4753 conjiciens.
623 4683 720 4739 sed
749 4684 1086 4755 exprobrans
1128 4687 1179 4741 ei
1224 4698 1283 4742 ct
1324 4690 1609 4745 traducens
1654 4693 1826 4746 illum.

248 4773 463 4831 Etenim
495 4772 584 4827 ille
607 4775 907 4837 molestiam
934 4783 1210 4831 creantem
1238 4779 1408 4848 ipsam
1437 4782 1745 4849 consolans,
1772 4792 1829 4839 et

236 4865 361 4936 ejus
388 4862 545 4919 verba
569 4862 843 4936 depellens
861 4907 877 4933 ,
901 4865 1029 4920 talia
1056 4865 1412 4938 loquebatur:
1440 4870 1703 4941 Exspecta
1728 4874 1828 4929 ad-

241 4956 353 5013 huc
396 4953 694 5024 paululum,
738 4966 795 5012 et
839 4957 949 5013 cito
973 4955 1095 5012 ﬁnis
1125 4958 1314 5013 horum
1344 4963 1542 5019 veniet.
1590 4964 1670 5018 Illi
1701 4980 1830 5037 ergo

240 5047 579 5119 exprobrans
600 5045 734 5103 dicit
758 5050 875 5120 ipsa
906 5067 919 5103 :
950 5050 1032 5105 An
1061 5064 1202 5105 nunc
1238 5067 1452 5123 quoque
1476 5054 1708 5125 idipsnm
1737 5057 1826 5110 di-

238 5154 335 5196 ces
354 5136 378 5192 l
398 5136 621 5192 multum
651 5140 791 5195 enim
823 5141 1080 5212 temporis
1107 5140 1218 5213 jam
1242 5145 1529 5211 prteteriit,
1555 5155 1613 5202 et
1642 5147 1828 5203 nullus

240 5232 439 5287 horum
468 5227 592 5284 linis
625 5227 772 5288 visus
796 5244 898 5289 est.
924 5233 998 5290 Et
1021 5234 1141 5291 vide
1166 5236 1457 5305 nequitiam
1484 5258 1498 5294 :
1529 5254 1639 5296 non
1664 5241 1825 5296 boum

237 5323 485 5379 meminit
518 5363 534 5387 ,
590 5338 698 5378 non
745 5327 969 5393 ovium,
1021 5342 1129 5384 non
1184 5327 1514 5385 camelorum
1553 5348 1568 5395 ;
1626 5334 1830 5389 sciebat

236 5417 384 5472 enim
414 5415 566 5471 illum
591 5429 701 5470 non
731 5416 1020 5475 admodum
1045 5418 1195 5477 hisee
1220 5418 1487 5488 morderi;
1523 5422 1622 5481 sed
1647 5424 1825 5480 statim

315 5601 388 5663 (α)
410 5599 578 5663 Verba
598 5593 792 5663 uncinis
824 5598 1023 5663 clausaL
1039 5611 1153 5661 qua
1176 5596 1490 5663 desperantis
1516 5606 1633 5663 esse
1658 5594 1832 5647 viden-

250 5634 1831 5727 ωὲῖξη,ιῑῶῑεῑδῖέῖεῑεῖιῑιῖξ-ερῖιξῖιεηννιιςῐξιῖῶῑτ,ἰτνέῖςιςῑιῑῒιςτ

249 5719 368 5787 mea
386 5722 487 5773 alin
502 5734 654 5787 sensu
678 5719 875 5787 mitiore
895 5719 1131 5782 intelligi,
1152 5732 1358 5787 nempe:
1375 5719 1494 5768 Nam
1515 5719 1829 5787 διῄρει-θερί

250 5786 324 5838 fas
346 5785 558 5849 esset,“
581 5781 690 5835 sine
712 5786 916 5847 peccato
937 5776 1131 5843 possem
1151 5776 1489 5830 mil-{manum
1511 5777 1826 5841 interre,etv..

1198 361 1262 417 ια
1302 358 1567 433 EPIS'I‘J
1628 357 1721 413 AD
1758 354 1916 414 COR.
1958 356 2192 415 HOMIL.
2230 360 2472 422 XXVIII.

3399 381 3510 438 538

1919 472 2065 539 venit
2094 473 2158 530 ad
2208 486 2489 546 naturam,
2522 488 2578 536 et
2616 480 2753 538 alios
2782 482 2837 538 in
2880 487 3457 552 memorlam'revocat
3514 514 3526 548 :

1916 564 2121 620 viderat
2145 568 2289 622 enim
2317 569 2488 639 ipsum
2512 572 2725 631 amissis
2752 572 2876 631 Illius
2918 587 3123 635 vestem
3168 581 3452 641 discidisse
3508 628 3522 650 ,

1918 662 1973 708 et
1996 668 2205 746 comam
2235 659 2549 717 totondisse.
2579 662 2763 732 Neque
2811 665 2964 733 dixit,
2994 665 3118 724 Filii
3154 673 3232 726 tui
3253 675 3499 746 periere,

1918 745 2013 801 sed
2045 748 2207 804 modo
2244 750 2311 805 ad
2340 754 2865 811 commiserationem
2892 762 3189 830 composito
3216 780 3230 818 :
3265 745 3501 822 Deletatnt

1918 848 1992 893 est
2031 843 2324 897 memor-idle
2350 853 2493 897 tuum
2521 844 2583 900 de
2610 844 2744 900 terra
2763 887 2779 914 ,
2812 860 3037 922 propter
3064 853 3205 923 quod
3233 854 3328 910 lilii
3355 857 3505 913 desi-

1919 928 2188 986 derabiles
2215 941 2359 988 sunt.
2393 934 2608 991 Etenim
2630 937 2677 991 si
2706 939 2868 994 etiam
2897 957 3038 997 nunc
3063 986 3075 1007 ,
3105 958 3229 999 cum
3256 961 3503 1002 resurre-

1920 1025 2035 1077 ctio'
2060 1023 2232 1079 futura
2274 1027 2548 1093 creditur,
2594 1029 2718 1085 hinc
2770 1030 2864 1086 lilii
2910 1032 3293 1093 desiderabiles
3339 1049 3504 1107 sunt,

1920 1115 2063 1184 quod
2122 1132 2309 1172 eorum
2354 1119 2443 1188 qui
2490 1119 3202 1182 decessernnt‘memoriam
3248 1139 3462 1185 servent
3489 1169 3507 1197 ,

1919 1205 2090 1259 multo
2118 1208 2286 1277 magis
2318 1216 2462 1263 tunc.
2496 1208 2623 1264 Ideo
2652 1210 2777 1265 hinc
2809 1213 3117 1269 maledictio
3146 1218 3396 1275 acerbior
3424 1216 3509 1276 ef-

1920 1295 2116 1350 ﬁcitur.
2146 1296 2329 1367 Neque
2352 1301 2495 1353 enim
2525 1302 2613 1371 qui
2643 1301 2752 1357 illic
2772 1315 3084 1359 exsecratur
3109 1305 3276 1363 dicit:
3314 1309 3512 1367 Exter-

1921 1387 2191 1443 minentur
2215 1388 2306 1444 ﬁlii
2333 1432 2347 1455 ,
2377 1389 2472 1446 sed
2492 1431 2507 1458 ,
2540 1391 2839 1449 Memoriale
2886 1396 2996 1465 ejus
3025 1413 3051 1449 e
3076 1406 3210 1463 terra
3246 1398 3371 1467 (Job
3397 1402 3465 1457 18
3492 1444 3506 1459 .

1921 1481 2011 1549 l7)
2034 1523 2048 1547 ,
2083 1497 2275 1553 nempe
2308 1483 2403 1537 lilii
2433 1484 2506 1539 tui
2533 1493 2591 1553 et
2615 1485 2736 1541 tiliae
2769 1496 2891 1541 tute.
2918 1486 3051 1544 Cum
3085 1488 3310 1547 dixisset
3338 1493 3509 1559 enim,

1922 1571 2223 1628 Memoriale
2247 1616 2261 1640 ,
2290 1585 2539 1631 accurate
2562 1562 2749 1632 rursus
2771 1586 3057 1651 utrumque
3082 1596 3269 1637 sexum
3301 1599 3507 1638 memo-

1919 1673 2002 1717 rat
2027 1683 2040 1718 :
2070 1664 2125 1719 Si
2154 1675 2330 1720 autem
2371 1667 2484 1721 haec
2505 1708 2520 1732 ,
2551 1669 2759 1738 inquit,
2792 1686 2899 1725 non
2930 1672 3022 1725 tibi
3050 1687 3194 1733 cura:
3224 1685 3386 1740 sunt,
3421 1693 3507 1729 me

1920 1755 2106 1809 saltem
2148 1765 2398 1826 spectes:
2449 1757 2596 1812 Uteri
2641 1762 2736 1813 mei
2779 1760 2979 1815 dolores
3015 1763 3337 1835 laboresque,
3383 1783 3510 1837 quos

1921 1851 2114 1920 frustra
2140 1867 2250 1904 sum
2280 1868 2544 1922 perpessa.
2579 1852 2633 1907 Id
2663 1862 2746 1907 est
2772 1894 2787 1919 ,
2831 1870 2950 1924 qua:
2992 1855 3250 1925 majorem
3285 1858 3379 1911 tuli
3408 1860 3508 1912 do-

1878 1986 1881 1987 .
1921 1938 2114 2007 lorem,
2145 1941 2337 2012 injuria
2372 1952 2590 2013 prepter
2618 1954 2669 1998 te
2696 1944 2885 2001 aﬁ‘ccta
2914 1960 3032 2000 sum
3057 1964 3071 2000 :
3102 1946 3320 2002 dolores
3344 1949 3505 2014 subii,

1920 2039 1976 2085 et
2004 2030 2263 2086 fructibus
2296 2046 2415 2086 sum
2441 2034 2671 2103 privata.
2706 2033 2771 2089 Et
2799 2036 2919 2091 vide
2944 2035 3213 2106 quomodo
3237 2035 3503 2106 jacturam

1921 2123 2271 2190 pecuniarum
2301 2140 2475 2194 neque
2504 2137 2811 2193 memoret,
2850 2144 3022 2197 neque
3054 2137 3225 2185 taceat
3247 2130 3331 2185 vel
3374 2146 3509 2200 prm-

1922 2220 2217 2280 tercurrat,
2247 2215 2341 2271 sed
2371 2227 2429 2270 ut
2455 2212 2651 2272 licebat
2690 2219 2834 2273 illam
2860 2220 3239 2277 miserabiliter
3269 2204 3507 2292 tangere.

1922 2303 2091 2373 ipsam
2122 2306 2447 2362 subindicet.
2500 2306 2633 2363 Cum
2664 2310 2806 2363 enim
2838 2309 2967 2365 dicit
2989 2352 3005 2377 ,
3038 2310 3106 2364 Et
3135 2328 3226 2382 ego
3266 2312 3510 2366 erraban-

1924 2395 1991 2448 da
2040 2404 2087 2449 et
2130 2411 2307 2461 serva,
2352 2414 2384 2449 a
2423 2398 2536 2453 loco
2565 2400 2617 2453 in
2648 2399 2813 2453 locum
2839 2442 2854 2466 ,
2889 2410 2931 2454 et
2971 2418 3003 2454 a
3044 2401 3275 2457 domoin
3305 2403 3510 2456 domum

1921 2486 2356 2553 circumcursans,
2389 2496 2444 2542 et
2484 2488 2749 2557 jacturam
2796 2490 3139 2556 subindicat-,
3168 2502 3219 2547 et
3263 2509 3508 2563 magnam

1922 2574 2141 2631 exhibet
2181 2576 2699 2634 commiserationem
2730 2597 2742 2633 :
2776 2596 2897 2634 nam
2928 2581 3042 2650 ipsa
3092 2582 3255 2637 verba
3282 2594 3509 2655 possunt

1925 2668 2283 2724 calamitatem
2313 2669 2643 2740 ampliﬁcare
2673 2690 2687 2727 :
2719 2671 2799 2728 Ad
2832 2673 3095 2739 aliorum,
3128 2674 3342 2745 inquit,
3374 2676 3509 2732 ostia

1924 2759 2103 2813 venio.
2151 2759 2337 2830 Neque
2366 2761 2509 2816 enim
2540 2761 2717 2817 solum
2750 2762 2998 2819 mendico
3023 2805 3040 2832 ,
3072 2762 3166 2820 sed
3194 2764 3355 2819 etiam
3386 2780 3511 2818 erro

1926 2856 1980 2905 et
2010 2848 2321 2905 servitutem
2362 2852 2531 2909 subeo
2560 2866 2667 2907 non
2693 2863 3056 2923 exspectatam
3088 2862 3146 2910 et
3172 2869 3383 2919 novam,
3413 2870 3511 2909 un-

1923 2940 2085 3013 dique
2111 2942 2437 2998 circumiens
2462 2952 2516 3000 et
2544 2944 2866 3001 calamitatis
2891 2946 3039 3016 signa
3083 2946 3469 3003 circumferens
3492 2988 3509 3012 ,

1926 3046 2219 3103 omnesque
2247 3033 2384 3087 mala
2431 3049 2551 3090 mea
2581 3034 2818 3101 docens;
2850 3035 2997 3107 quod
3034 3035 3274 3090 omnium
3315 3037 3509 3091 miser-

1926 3126 2121 3181 rimum
2162 3135 2281 3193 est,
2313 3126 2532 3182 domum
2578 3126 2891 3199 frequenter
2935 3138 3161 3184 mutare.
3216 3127 3399 3199 Neque
3429 3128 3515 3183 hic

1927 3217 2249 3273 lamentandi
2282 3219 2439 3275 linem
2488 3219 2614 3275 fecit
2635 3261 2651 3285 ,
2679 3220 2775 3277 sed
2802 3220 3081 3291 subjunxit
3116 3218 3301 3278 dicens
3341 3239 3355 3274 :
3401 3219 3512 3276 Επο

1925 3317 2159 3379 spectans
2185 3311 2343 3364 solem
2370 3310 2576 3380 quando
2615 3312 2827 3379 occidet,
2852 3323 2900 3367 et
2930 3313 3238 3382 requiest
3262 3330 3297 3367 α
3324 3313 3514 3367 labori-

1928 3400 2021 3455 bus
2047 3400 2167 3455 meis
2193 3411 2241 3456 et
2269 3419 2301 3454 a
2327 3402 2591 3460 doloribus
2630 3406 2715 3475 qui
2739 3421 2817 3459 me
2844 3405 3161 3459 circumdant
3187 3415 3243 3461 et
3271 3405 3512 3459 detinent.

1928 3491 2082 3559 Quod
2110 3492 2253 3546 enim
2279 3493 2402 3547 aliis
2430 3508 2596 3549 suave
2625 3504 2710 3549 est
2734 3536 2750 3561 ,
2792 3495 3005 3565 inquit,
3047 3495 3257 3552 radium
3288 3494 3469 3550 videre
3497 3533 3515 3555 ,

1932 3582 2037 3638 hoc
2062 3583 2190 3637 mihi
2223 3598 2424 3653 grave;
2452 3583 2839 3641 desiderabiles
2863 3594 3041 3641 autem
3071 3585 3203 3641 mihi
3239 3594 3367 3642 sunt
3410 3599 3517 3639 nox

1932 3684 1988 3730 et
2013 3674 2291 3736 tenebrae;
2332 3674 2416 3730 lite
2444 3675 2575 3731 mihi
2605 3693 2634 3730 a
2670 3675 2961 3734 sudoribus
2985 3677 3221 3749 quietem
3259 3677 3477 3749 pariunt
3500 3718 3514 3741 ,

1932 3766 2018 3822 lite
2045 3765 2178 3822 mihi
2231 3776 2358 3822 sunt
2402 3767 2456 3822 in
2499 3769 2654 3823 malis
2684 3769 3001 3826 consolatio.
3043 3770 3153 3825 Sed
3196 3769 3279 3824 dic
3316 3767 3520 3825 verbum

1932 3868 2111 3913 contra
2145 3856 2419 3913 Dominum
2442 3900 2455 3923 ,
2489 3867 2537 3913 et
2568 3877 2782 3914 morere.

2027 3952 2081 4008 5.
2124 3952 2367 4007 Vidistin’
2418 3953 2506 4007 hic
2555 3970 2766 4024 quoque
2815 3955 3146 4025 nequitiam?
3201 3970 3308 4026 quo
3361 3961 3516 4025 pacto

1933 4040 1988 4097 in
2033 4043 2260 4107 consilio
2300 4058 2399 4099 suo
2444 4058 2553 4097 non
2605 4045 2785 4099 statim
2844 4045 3116 4100 induxerit
3160 4047 3516 4116 perniciosam

1932 4132 2393 4197 adhortationem,
2442 4134 2536 4190 sed
2591 4149 2711 4190 cum
2764 4137 2912 4206 prius
2968 4136 3302 4192 calamitates
3357 4136 3519 4189 mise-

1931 4222 2175 4279 rabiliter
2240 4233 2592 4291 enarrasset,
2650 4225 3079 4295 et’tragtediam
3142 4220 3519 4293 extendisset,

1932 4314 2118 4385 paucis
2147 4314 2330 4371 verbis
2376 4313 2809 4371 adhortationem
2854 4316 3039 4386 ponit,
3073 4330 3245 4384 neque
3273 4314 3417 4370 clare
3463 4314 3525 4367 il-

1934 4408 2036 4461 lam
2066 4406 2291 4471 indicat,
2323 4405 2417 4462 sed
2444 4407 2789 4463 subiudicans
2823 4408 2969 4463 illam
2998 4448 3013 4475 ,
3044 4409 3280 4464 maxime
3306 4407 3523 4462 deside-

1933 4498 2156 4555 rabilem
2198 4500 2297 4571 ipsi
2339 4501 2588 4570 proponit
2625 4501 2995 4557 liberationem
3022 4542 3037 4569 ,
3069 4512 3123 4565 et
3161 4510 3387 4554 mortem
3419 4500 3518 4554 de-

1938 4592 2150 4652 nuntiat
2169 4632 2183 4655 ,
2216 4607 2375 4661 quam
2402 4607 2747 4661 summopere
2770 4593 3031 4661 optabat?
3060 4591 3127 4645 Et
3159 4592 3282 4646 hinc
3307 4607 3521 4661 quoque

1933 4682 2158 4737 observa
2204 4681 2402 4735 diaboli
2452 4679 2715 4735 vafritiem
2765 4690 2819 4735 et
2864 4681 3144 4738 malitiam.
3195 4681 3326 4754 Quia
3374 4684 3517 4738 enim

1933 4771 2136 4825 sciebat
2163 4768 2283 4823 Jobi
2309 4785 2548 4825 amorem
2577 4786 2701 4841 erga
2728 4773 2913 4839 Deum,
2941 4789 3046 4830 non
3072 4775 3198 4829 sinu
3237 4774 3517 4829 mulierem

1934 4860 2102 4915 Deum
2144 4874 2433 4927 accusare,
2483 4877 2549 4918 ue
2590 4861 2678 4917 ille
2709 4871 2766 4917 ut
2814 4863 3082 4918 inimicam
3128 4864 3296 4933 ipsam
3338 4866 3520 4917 statim

1934 4963 2295 5010 aversaretur.
2332 4953 2456 5009 Ideo
2496 4956 2613 5023 ejus
2643 4970 2902 5024 nusquam
2949 4958 3225 5033 meminit,
3258 4957 3353 5013 sed
3395 4974 3519 5027 qua:

1932 5047 2241 5103 acciderant
2284 5061 2377 5100 sus
2420 5042 2596 5116 deque
2640 5057 2840 5105 versat.
2895 5049 2975 5106 Tu
3021 5060 3237 5117 autem,
3282 5066 3404 5108 cum
3449 5051 3517 5105 iis

1931 5154 2052 5209 quas
2073 5138 2211 5193 dicta
2230 5148 2367 5192 -sunt
2391 5179 2407 5204 ,
2429 5136 2567 5194 adde
2592 5141 2874 5197 mulierem
2898 5140 3060 5199 fuisse
3090 5159 3212 5216 qua:
3232 5141 3334 5198 hoc
3357 5142 3518 5197 dabat

1932 5230 2219 5287 consilium
2246 5269 2261 5294 ,
2294 5229 2670 5289 vehementem
2718 5242 2990 5290 emtorem
3017 5234 3084 5291 ad
3113 5250 3209 5290 eos
3235 5234 3515 5307 pellicien-

1930 5322 2031 5376 dos
2056 5321 2147 5391 qui
2174 5336 2278 5375 non
2303 5322 2611 5379 attendunt.
2640 5322 2789 5379 Multi
2815 5333 2964 5380 certe
3004 5326 3167 5382 etiam
3190 5327 3393 5397 absque
3422 5340 3515 5381 ca-

1931 5410 2258 5469 lamitatibus
2286 5427 2316 5465 a
2344 5414 2461 5470 solo
2488 5414 2770 5471 mulierum
2801 5416 3031 5473 consilio
3054 5414 3248 5488 dejecti
3278 5416 3516 5473 fuerunt.

1930 5501 2069 5570 Quid
2094 5503 2252 5575 igitur
2277 5503 2365 5561 hic
2390 5510 2473 5560 vir
2505 5504 2715 5574 beatus,
2743 5514 2797 5562 et
2817 5506 3100 5564 adamante
3118 5500 3345 5563 fortior?
3367 5508 3522 5563 Acri—

1933 5602 2018 5649 ter
2046 5594 2190 5649 illam
2215 5594 2471 5661 intuitus,
2518 5610 2549 5650 a
2587 5596 2706 5652 solo
2735 5606 2988 5668 aspectu,
3017 5598 3300 5671 antequam
3324 5611 3519 5675 vocem

1930 5682 2233 5751 emitteret,
2265 5684 2543 5742 machinas
2584 5685 2812 5756 depulit.
2859 5686 2950 5743 Illa
2982 5690 3128 5745 enim
3156 5687 3408 5758 sperabat
3453 5703 3530 5745 se.

1933 5776 2293 5853 lacrymarum
2322 5778 2495 5837 fontes
2522 5788 2787 5837 moturam
2832 5794 2953 5839 esse
2996 5798 3011 5839 :
3062 5779 3150 5839 hic
3188 5794 3317 5838 vero
3360 5779 3525 5837 leone
