4086 6340
646 326 753 379 939

653 426 1031 484 vehementior
1056 424 1176 493 fuit,
1205 424 1282 479 ira
1326 431 1383 479 et
1441 422 1809 492 indignatione
1852 422 2043 491 plenus
2068 464 2084 487 ,
2131 437 2239 477 non

656 534 756 589 pro
797 518 863 573 iis
903 532 1024 588 qua
1072 515 1409 588 patiebatur,
1459 513 1554 571 sed
1603 522 1821 582 propter
1864 513 2084 569 consilia
2122 529 2242 583 qua:

652 606 918 665 diabolica
942 607 1013 663 ab
1039 607 1131 662 illa
1160 606 1284 661 data
1311 614 1472 672 sunt;
1505 614 1561 661 et
1590 614 1704 676 ipso
1732 614 1952 675 aspectu
1998 605 2241 675 indigna-

656 700 856 753 tionem
883 695 1146 753 exhibens
1165 737 1181 761 ,
1221 695 1498 751 moderata
1531 695 1697 749 utitur
1728 695 2130 765 increpatione:
2159 705 2234 749 et-

652 791 797 845 enim
823 792 988 844 etiam
1015 789 1067 842 in
1095 788 1492 844 calamitatibus
1516 785 1825 842 moderatus
1852 797 1984 841 erat.
2017 786 2084 841 Et
2113 788 2239 855 quid

651 883 769 935 ait?
796 880 902 938 Cur
943 884 1072 935 sicut
1100 898 1203 934 una
1229 879 1669 946 es‘insipientibus
1712 878 2004 933 mulieribus
2031 880 2242 946 loqunta

651 989 707 1027 es
750 971 872 1042 (Job
906 971 965 1024 2.
1000 970 1133 1039 l0)?
1175 969 1291 1024 Non
1320 970 1397 1025 sic
1427 979 1478 1025 te
1505 968 1712 1023 erudiri
1739 1010 1755 1035 ,
1787 968 1995 1038 inquit.
2028 984 2133 1023 non
2164 969 2243 1022 sic

652 1072 705 1116 te
748 1061 969 1117 educavi
1013 1079 1027 1114 :
1080 1060 1219 1115 unde
1268 1055 1717 1114 ncc'eonsortem
1764 1074 1937 1113 meam
1982 1071 2237 1127 agnosco.

650 1151 781 1207 llaec
819 1153 1014 1221 quippe
1041 1150 1181 1205 dicta
1217 1160 1344 1205 sunt
1388 1151 1589 1203 insana:
1619 1149 1899 1210 mulieris,
1930 1155 1986 1201 et
2014 1146 2238 1199 furentis

649 1246 933 1299 consilium
975 1253 1078 1300 est.
1110 1240 1301 1297 Videu‘
1329 1243 1622 1297 sectionem
1650 1239 2004 1301 moderatam,
2028 1239 2236 1308 plagam

650 1351 769 1405 qua:
796 1346 975 1404 posset
1005 1334 1254 1389 morbum
1279 1348 1490 1389 curare.
1534 1330 1737 1386 Deinde
1765 1338 1883 1399 post
1909 1328 2236 1397 increpatio-

649 1440 773 1479 nem
813 1424 1096 1479 consilium
1126 1438 1312 1477 rursus
1341 1421 1531 1487 all'ert,
1558 1418 1702 1490 quod
1732 1419 1899 1490 possit
1930 1418 2071 1471 illam
2099 1432 2233 1471 con-

647 1516 837 1577 solari,
867 1524 924 1570 et
967 1515 1162 1570 rationi
1191 1512 1347 1568 valde
1395 1520 1818 1567 consentaneum
1843 1552 1856 1573 ,
1885 1509 2069 1564 dicens
2116 1526 2130 1561 :
2174 1507 2236 1560 Si

646 1606 779 1659 bona
803 1606 1118 1675 suscepimus
1156 1604 1221 1658 de
1243 1619 1399 1657 manu
1437 1601 1650 1656 Domini
1672 1643 1688 1668 ,
1717 1602 1854 1655 mala
1884 1617 1984 1654 non
2009 1599 2231 1653 sustine-

646 1696 853 1750 binms.’
896 1694 1202 1751 Recordare
1226 1695 1404 1759 enim,
1435 1695 1641 1764 inquit,
1690 1695 1928 1762 priorum
1975 1691 2232 1756 illorum,

647 1798 703 1843 et
755 1798 931 1842 tecum
982 1796 1170 1857 reputa
1219 1794 1528 1850 auctorem,
1570 1795 1624 1840 et
1651 1783 1769 1838 hac
1816 1782 2024 1836 fortiter
2069 1780 2229 1833 feres.

650 1877 891 1930 Vidistin‘
918 1876 1345 1930 moderationem
1394 1873 1533 1927 viri?
1580 1871 1691 1926 Nec
1733 1870 1880 1926 enim
1928 1867 2229 1922 fortitudini

640 1981 754 2020 sua:
781 1966 1093 2035 patientiam
1119 1980 1272 2019 suam
1298 1962 1578 2028 adscribit,
1613 1960 1710 2016 sed
1740 1976 1806 2015 ex
1834 1974 2014 2014 rerum
2035 1973 2231 2012 conse-

642 2059 861 2126 quentia
894 2056 1059 2113 fuisse
1089 2057 1234 2127 illam
1263 2056 1413 2111 dicit.
1461 2054 1569 2110 Pro
1597 2053 1915 2124 quibusnam
1958 2050 2105 2105 enim
2137 2049 2228 2103 illa

1398 304 1458 363 8.
1494 304 1778 364 JOANNIS'
1805 303 2272 363 CIlRYSOSTOHl
2310 308 2624 368 AllClllEP.
2667 314 3197 379 C(hVSTAN'l‘lNOP.

3843 333 3947 391 2i0

2352 425 2506 479 nobis
2528 426 2677 482 dedit
2704 429 2883 486 Deus?
2904 450 3065 503 quam
3087 438 3385 506 rependens
3404 446 3900 504 remunerationem
3917 451 3946 504 ἲ

2349 516 2589 586 Nullam;
2622 521 2716 576 sed
2754 538 2821 578 ex
2853 525 2965 579 sola
3014 527 3341 600 benignitate
3363 527 3460 589 sua
3502 553 3517 589 :
3562 537 3770 593 donum
3794 542 3940 597 etaim

2347 617 2483 674 erat,
2511 624 2617 664 non
2645 612 2966 681 retributio;
2996 619 3189 687 gratia,
3234 636 3341 676 non
3368 630 3756 683 remuneratio.
3790 630 3941 697 Ergo

2350 697 2465 752 lucc
2493 698 2705 756 fortiter
2730 701 2986 759 feramus.
3019 706 3132 761 lloc
3161 718 3213 764 et
3242 710 3339 764 viri
3371 720 3427 767 et
3452 716 3709 772 mulieres
3740 720 3941 775 inseri-

2349 799 2495 856 ptum
2522 790 2725 847 dictum
2756 795 3085 863 habeamus;
3116 799 3232 854 hare
3259 802 3422 857 verba
3446 804 3499 858 in
3522 819 3704 863 mente
3735 810 3944 865 inscul-

2348 892 2533 946 pamns
2552 921 2568 944 ,
2595 890 2650 937 et
2682 884 2796 938 hare
2820 895 2873 940 et
2902 902 2965 941 ea
2992 904 3112 957 qua:
3140 891 3456 959 prmcedunt
3496 913 3510 949 :
3557 907 3613 951 et
3653 897 3945 956 historiam

2347 970 2607 1026 malorum
2648 974 2801 1044 ejus,
2832 977 2978 1033 velut
3008 979 3296 1050 imaginem
3329 984 3382 1037 in
3422 994 3660 1041 mentem
3688 1000 3943 1045 nostram

2347 1059 2730 1133 inscribentes,
2775 1067 3038 1137 jacturam
3082 1072 3201 1128 dico
3245 1076 3948 1143 pecuniarum,tiliossub-

2340 1147 2483 1207 latos
2518 1196 2535 1222 ,
2610 1159 2855 1225 corporis
2905 1161 3155 1231 plagam,
3204 1166 3492 1234 opprobria
3526 1209 3543 1233 ,
3590 1170 3876 1227 irrisione:
3925 1216 3941 1236 ,

2344 1244 2528 1297 uxoris
2556 1246 2867 1315 machinas,
2898 1250 3094 1305 diaboli
3128 1254 3347 1308 insidias
3365 1296 3379 1318 ,
3406 1271 3597 1311 omnes
3630 1274 3741 1313 uno
3770 1264 3943 1317 verbo

2337 1330 2466 1399 justi
2496 1335 2827 1393 calamitates
2850 1382 2866 1405 ,
2899 1341 3051 1395 nobis
3094 1343 3144 1396 in
3178 1354 3389 1413 portum
3437 1348 3733 1403 maximum
3766 1366 3940 1421 appa-

2344 1438 2521 1481 rcmus
2548 1445 2562 1480 :
2600 1438 2655 1482 ut
2701 1431 2879 1485 omnia
2909 1431 3120 1487 fortiter
3144 1444 3200 1489 et
3243 1452 3366 1492 cum
3392 1439 3687 1509 gratiarum
3719 1446 3939 1500 actione

2342 1513 2574 1572 ferentes
2594 1558 2610 1580 ,
2639 1528 2695 1573 et
2734 1521 2787 1574 in
2836 1526 3084 1589 przesenti
3116 1526 3222 1579 vita
3253 1542 3540 1584 maerorem
3584 1546 3811 1588 onmem
3840 1534 3941 1589 de—

2341 1609 2601 1675 pcllamus
2623 1651 2639 1675 ,
2667 1622 2720 1665 et
2752 1612 2819 1667 de
2844 1613 2947 1669 hac
2970 1616 3348 1674 benedictione
3376 1622 3685 1678 mercedem
3726 1624 3938 1680 refera-

2337 1711 2479 1761 mus,
2496 1701 2665 1768 gratia
2688 1711 2741 1755 et
2764 1702 3094 1774 benignitate
3124 1708 3336 1764 Domini
3359 1714 3529 1767 nostri
3546 1712 3679 1768 Jesu
3702 1714 3934 1783 Christi,

2337 1788 2552 1855 quicum
2597 1789 2740 1844 Patri
2771 1800 2827 1845 et
2856 1808 2960 1849 una
3007 1794 3229 1864 Spiritui
3275 1808 3463 1855 sancto
3504 1801 3719 1870 gloria,
3763 1806 3937 1874 impe-

2338 1877 2477 1931 rium
2502 1918 2516 1942 ,
2550 1877 2753 1946 honor,
2793 1898 2934 1938 nunc
2958 1894 3012 1939 et
3049 1901 3298 1957 semper,
3338 1898 3395 1945 et
3435 1888 3486 1945 in
3525 1893 3727 1947 sucula
3755 1910 3932 1951 sareuo

2338 1967 2532 2023 lorum.
2564 1971 2755 2029 Amen.

1976 2231 2325 2293 HOMILIA
2373 2233 2615 2300 XXIX.

634 2384 765 2440 Car.
802 2383 895 2439 12.
932 2401 986 2437 v.
1030 2385 1082 2439 Ι.
1122 2382 1574 2452 Despiritualibus
1599 2390 1767 2434 autem
1792 2418 1808 2444 ,
1839 2373 2061 2448 fratres,
2102 2375 2220 2429 nolo

702 2493 794 2533 vos
817 2477 1069 2548 ignorare.
1096 2475 1154 2530 2.
1182 2474 1340 2529 Scitis
1360 2483 1529 2527 autem
1550 2471 1689 2542 quod
1706 2486 1819 2524 cum
1840 2477 2010 2538 gentes
2027 2466 2220 2530 essetis,

703 2572 774 2623 od
798 2570 1073 2624 simulacra
1097 2576 1236 2621 muta
1265 2574 1413 2637 prout
1440 2563 1759 2618 ducebamini
1786 2571 1980 2613 euntes.

706 2663 759 2715 l.
804 2660 900 2715 llic
926 2668 1070 2713 totus
1094 2659 1244 2712 locus
1271 2655 1429 2709 valde
1471 2654 1737 2708 obscurus
1762 2660 1847 2704 est
1876 2666 1890 2702 :
1922 2646 2221 2703 obscurita-

562 2745 565 2748 ’
633 2763 742 2807 tem
766 2766 897 2806 vero
926 2751 1065 2819 parit
1112 2746 1377 2817 ignoratio
1404 2760 1589 2800 comm
1622 2759 1739 2814 qua!
1777 2752 1904 2796 tunc
1941 2740 2219 2809 continge-

634 2844 795 2906 bant,
825 2856 968 2895 nunc
994 2850 1174 2895 autem
1201 2854 1308 2892 non
1341 2838 1495 2892 liunt.
1528 2835 1597 2891 Et
1620 2850 1716 2890 cur
1736 2848 1880 2889 nunc
1909 2848 2015 2885 non
2044 2829 2220 2884 fiunt?

634 2932 777 2987 Ecce
803 2946 1033 3001 namque
1071 2929 1418 2984 obscuritatis
1458 2942 1619 2983 causa
1648 2926 1812 2979 aliam
1854 2922 2007 2977 nobis
2068 2934 2222 2989 qum-

625 3022 861 3077 stionem
882 3021 1108 3092 peperit.
1150 3019 1261 3083 Cur
1299 3020 1445 3073 enim
1475 3026 1600 3072 tunc
1629 3015 1865 3081 liebant,
1906 3027 2050 3069 nunc
2088 3026 2218 3067 vero

628 3115 829 3170 secus?
857 3113 963 3168 Sed
992 3112 1094 3166 hoc
1118 3119 1305 3182 postea
1335 3108 1619 3165 dicendum
1646 3107 1922 3163 mittamus
1950 3124 1963 3159 :
1999 3104 2215 3161 interim

630 3221 763 3262 vero
786 3221 903 3274 qua:
933 3213 1061 3258 tunc
1093 3204 1290 3258 ﬁebant
1320 3214 1718 3258 recenseamus.
1755 3198 1893 3263 Quid
1919 3212 2048 3267 ergo
2090 3206 2216 3249 tunc

628 3296 1015 3367 contingebat?
1058 3294 1117 3369 Si
1172 3294 1294 3369 quis
1348 3294 1748 3362 baptizaretur,
1798 3290 1993 3359 linguis
2034 3288 2212 3342 statim

632 3360 947 3457 loquebatur
971 3428 987 3451 ,
1014 3395 1071 3441 et
1238 3360 1433 3454 linguis
1461 3392 1663 3438 tantum
1692 3425 1705 3447 ,
1749 3383 1842 3439 sed
1873 3382 2032 3437 etiam
2061 3379 2212 3435 multi

628 3478 1039 3550 prophetabaut,
1067 3477 1284 3547 quidam
1309 3492 1439 3531 vero
1460 3476 1592 3530 alias
1610 3475 1786 3545 plures
1807 3474 2032 3529 virtutes
2061 3472 2215 3527 exhi-

628 3569 843 3623 hebant.
885 3567 1019 3635 Quia
1059 3572 1202 3623 enim
1243 3566 1314 3620 ab
1342 3565 1506 3620 idolis
1534 3565 1886 3629 accedentes,
1927 3579 2049 3619 cum
2082 3562 2211 3616 nihil

626 3660 771 3714 clare
812 3661 1047 3725 scirent,
1081 3673 1256 3728 neque
1288 3658 1338 3711 iu
1366 3657 1599 3727 antiquis
1628 3655 1813 3711 Bibliis
1853 3665 2037 3710 essent
2074 3654 2205 3709 edur

625 3751 729 3804 cati
755 3791 769 3816 ,
800 3750 1047 3819 baptisati
1078 3750 1257 3804 statim
1286 3749 1544 3818 Spiritum
1562 3748 1923 3817 accipiebant,
1953 3746 2209 3817 Spiritum

624 3858 756 3898 vero
783 3858 887 3896 non
915 3842 1206 3905 videbant,
1250 3841 1533 3895 invisibilis
1559 3855 1683 3894 eum
1713 3841 1817 3905 sit;
1855 3839 2017 3893 dabat
2038 3840 2209 3909 gratia

624 3933 820 3989 sensile
876 3932 1148 4001 quoddam
1205 3942 1578 4002 argumentum
1635 3932 1779 3986 illius
1840 3932 2207 4000 operationis;

623 4026 867 4092 aliusque
892 4024 1104 4080 Persica
1135 4066 1151 4090 ,
1178 4024 1315 4077 alius
1343 4021 1583 4078 Romana
1608 4066 1623 4089 ,
1651 4024 1788 4077 alios
1828 4022 2003 4091 Indica
2028 4064 2041 4086 ,
2074 4021 2210 4075 alius

620 4118 724 4170 alia
757 4118 931 4187 lingua
977 4117 1154 4171 statim
1202 4116 1515 4186 loquebatur
1554 4138 1568 4171 :
1601 4125 1656 4172 et
1700 4115 1801 4170 hoc
1829 4117 2065 4171 externis
2108 4127 2209 4166 no-

624 4218 735 4263 tum
758 4207 1003 4274 faciebat,
1028 4208 1283 4277 Spiritum
1305 4218 1545 4263 sanctum
1571 4209 1621 4263 in
1644 4209 1760 4278 ipso
1788 4208 2038 4278 loquente
2066 4220 2205 4261 esse.

625 4300 749 4355 Ideo
796 4302 873 4356 sic
921 4301 1092 4369 ipsum
1140 4299 1374 4370 appellat
1419 4299 1606 4354 dicens
1651 4318 1663 4353 :
1716 4298 1997 4366 Unicuique
2042 4308 2210 4350 autem

622 4394 963 4463 martiﬂatatio
996 4392 1221 4461 Spiritus
1248 4393 1402 4445 datur
1430 4392 1497 4444 ad
1523 4393 1794 4445 utilitatem
1816 4430 1833 4456 ,
1886 4389 2207 4446 charismata

623 4502 716 4540 seu
744 4484 883 4538 dona
908 4497 1103 4537 vocans
1124 4482 1608 4537 manifestationem
1629 4480 1881 4551 Spiritus.
1906 4479 2039 4547 Quia
2065 4479 2210 4532 enim

622 4578 850 4645 apostoli
905 4577 1007 4631 hoc
1061 4576 1290 4645 primum
1341 4574 1549 4645 signum
1595 4581 1963 4643 acceperunt,
2023 4571 2209 4625 ﬁdeles

624 4680 839 4735 quoque
885 4675 1214 4734 acceperunt
1257 4667 1556 4733 linguarum
1605 4664 1838 4729 donum;
1890 4679 2063 4734 neque
2104 4662 2204 4717 hoc

625 4762 798 4811 solum
824 4797 841 4821 ,
890 4754 986 4810 sed
1013 4764 1068 4810 et
1096 4755 1198 4809 alia
1231 4755 1477 4823 plurima.
1518 4755 1648 4809 Nam
1690 4765 1745 4809 et
1774 4766 2012 4809 mortuos
2052 4754 2206 4809 multi

622 4847 991 4914 suscitahant,
1033 4853 1089 4901 et
1130 4844 1403 4899 dazmonas
1451 4843 1754 4913 pellebant,
1802 4852 1858 4897 et
1902 4844 2005 4895 alia
2038 4843 2205 4895 multa

624 4939 819 4994 similia
866 4940 1184 4994 mirabiliter
1218 4937 1579 5009 operabantur
1612 4954 1627 4993 :
1658 4936 1905 5004 donaque
1938 4935 2210 4989 habebant

625 5033 713 5084 alii
743 5031 958 5099 quidem
990 5033 1237 5101 pauciora
1259 5071 1274 5093 ,
1317 5030 1410 5084 alii
1449 5044 1579 5084 vero
1606 5030 1779 5099 plura.
1824 5027 1989 5097 Magis
2032 5034 2209 5080 autem

625 5141 782 5193 quam
810 5126 913 5178 alia
945 5126 1124 5179 omnia
1154 5124 1295 5193 apud
1324 5123 1445 5178 illos
1482 5130 1601 5178 erat
1647 5122 1847 5175 donum
1876 5121 2208 5190 linguarum.

699 5218 925 5287 Spiritus
969 5218 1129 5270 sancti
1173 5218 1307 5270 dona
1354 5230 1511 5269 causa
1552 5215 1855 5267 scltisnmtis.
1896 5243 1964 5253 -—
1999 5213 2066 5267 Et
2094 5213 2212 5267 haec

625 5325 785 5363 causa
817 5306 1121 5362 schismalis
1163 5306 1268 5360 illis
1296 5306 1423 5368 fuit,
1478 5318 1583 5358 non
1612 5318 1681 5357 ex
1710 5312 1895 5357 natura
1938 5318 2031 5357 sua
2055 5344 2067 5364 .
2115 5302 2210 5357 sed

624 5415 691 5452 ex
744 5399 951 5469 ingrato
995 5396 1371 5465 accipientium
1420 5395 1620 5449 animo.
1680 5392 1815 5446 Nam
1862 5394 1950 5462 qui
2008 5394 2209 5459 majora

631 5490 936 5554 habebant,
1000 5486 1369 5545 olli-rebantur
1417 5487 1675 5541 adversus
1722 5499 1815 5537 eos
1862 5484 1951 5552 qui
2004 5484 2208 5537 minora

625 5582 973 5653 possidebant
1000 5597 1015 5639 :
1046 5581 1099 5636 hi
1128 5596 1253 5635 vero
1284 5593 1467 5633 rursus
1488 5578 1777 5641 dolebant,
1808 5583 1861 5629 ct
1891 5576 1955 5628 iis
1977 5576 2063 5644 qui
2097 5591 2207 5629 ma-

630 5677 747 5730 iora
798 5674 1055 5732 haberent
1096 5672 1405 5730 inridebant
1437 5689 1448 5725 :
1481 5671 1637 5732 idque
1666 5672 1718 5726 in
1746 5666 2091 5737 scqucntibus
2117 5685 2206 5725 os-

2332 2376 2504 2429 tendit
2531 2378 2644 2446 ipse
2670 2379 2879 2435 Paulus.
2925 2383 3057 2450 Quia
3091 2386 3249 2455 igitur
3276 2385 3400 2441 hinc
3431 2388 3650 2443 letalem
3679 2392 3923 2459 accipie-

2334 2465 2464 2520 bant
2510 2468 2761 2540 plagam,
2810 2471 2940 2527 dum
2993 2474 3047 2528 in
3097 2476 3178 2529 eis
3232 2478 3428 2532 caritas
3479 2478 3883 2536 dissolveretur
3912 2523 3927 2549 ,

2333 2559 2559 2614 multum
2602 2561 2838 2619 studium
2870 2566 3019 2634 ponit
3061 2576 3119 2641 ut
3164 2567 3215 2622 id
3256 2569 3507 2639 corrigat.
3549 2572 3789 2643 Contigit
3816 2574 3929 2631 hoc

2329 2650 2491 2704 etiam
2520 2651 2734 2718 Romae,
2767 2654 2860 2708 sed
2900 2671 3007 2710 non
3037 2656 3141 2711 hoc
3167 2660 3347 2712 modo.
3389 2660 3730 2731 Quapropter
3752 2665 3924 2717 etiam

2330 2743 2383 2796 in
2416 2744 2649 2813 Epistola
2701 2746 2767 2800 ad
2816 2748 3089 2803 Romanos
3130 2750 3262 2805 illud
3304 2761 3485 2808 movet
3512 2755 3731 2822 quidem
3760 2797 3777 2821 ,
3821 2758 3923 2812 sed

2326 2833 2644 2890 adumbrate
2670 2846 2725 2889 et
2752 2836 3006 2903 breviter,
3037 2840 3116 2893 sic
3136 2840 3326 2895 dicens
3356 2859 3370 2895 :
3407 2842 3555 2895 Sicut
3576 2846 3710 2896 enim
3738 2847 3798 2899 in
3819 2863 3925 2900 ano

2326 2940 2537 2995 corpore
2563 2926 2725 2980 multa
2749 2928 2971 2981 membra
2998 2930 3239 2983 habemus
3260 2971 3277 2996 ,
3307 2931 3528 2985 membra
3550 2942 3723 2987 autalt
3748 2937 3924 2989 amasio

2322 3032 2426 3071 non
2445 3018 2672 3071 canitiem
2689 3019 2871 3073 habent
2885 3023 3225 3089 operationem
3247 3039 3267 3074 :
3287 3023 3359 3075 sic
3382 3024 3528 3076 multi
3549 3040 3709 3078 unum
3731 3042 3923 3097 corpus

2322 3126 2499 3165 sumus
2552 3112 2605 3165 in
2655 3110 2861 3167 Christo
2888 3154 2904 3177 ,
2956 3114 3145 3185 singuli
3184 3126 3356 3168 autem
3406 3116 3620 3170 invicem
3666 3119 3919 3171 merubra.

2327 3198 2584 3255 Habentes
2618 3211 2791 3255 autent
2820 3202 2958 3256 dona
2980 3204 3257 3257 secundum
3286 3206 3505 3275 gratiam
3543 3222 3658 3275 qua
3684 3207 3815 3261 data
3845 3219 3920 3263 est

2320 3292 2465 3345 nobis
2494 3291 2691 3345 diversa
2712 3308 2733 3354 ;
2761 3294 2864 3347 sive
2891 3295 3206 3363 prophetiam
3233 3337 3249 3361 ,
3296 3296 3579 3350 secundum
3617 3301 3919 3367 proportio-

2320 3398 2433 3435 nem
2460 3382 2582 3451 ﬁdei
2604 3426 2620 3450 ,
2648 3386 2755 3440 sive
2787 3388 3122 3441 ministerium
3146 3430 3162 3454 ,
3209 3390 3263 3443 in
3287 3391 3625 3445 ministrando
3644 3434 3662 3459 ,
3691 3394 3803 3447 sive
3828 3398 3919 3463 qui

2322 3474 2495 3541 docet,
2527 3474 2579 3530 in
2610 3477 2840 3532 doctrina
2866 3480 2887 3552 (
2911 3481 3057 3535 Rom.
3093 3482 3179 3537 η.
3210 3483 3265 3538 4.
3297 3484 3388 3551 7).
3430 3484 3582 3550 Quod
3612 3496 3803 3542 autem
3838 3490 3917 3544 illi

2320 3563 2443 3620 inde
2465 3568 2517 3619 in
2544 3570 2905 3637 arrogantiam
2932 3570 3247 3638 inciderent,
3276 3573 3328 3628 id
3349 3575 3402 3627 in
3432 3574 3694 3646 principio
3718 3574 3915 3634 subin-

2318 3655 2515 3711 dlcavit
2545 3659 2613 3712 ita
2640 3659 2827 3715 dicens
2858 3678 2872 3713 :
2905 3660 3035 3716 Dico
3063 3673 3231 3717 autem
3259 3664 3401 3719 vobis
3424 3682 3513 3736 per
3551 3668 3775 3737 gratiora
3800 3686 3919 3737 quc

2319 3748 2442 3800 data
2481 3758 2554 3802 est
2597 3750 2722 3803 mihi
2743 3750 2759 3815 ,'
2788 3752 3020 3806 omnibus
3058 3754 3143 3821 qui
3179 3764 3296 3807 sunt
3336 3755 3390 3808 in
3432 3756 3570 3809 vobis
3596 3797 3613 3824 ,
3655 3772 3762 3810 non
3796 3762 3915 3829 plus

2316 3853 2497 3906 sapere
2522 3854 2673 3907 quam
2698 3853 2894 3910 Oportet
2922 3856 3120 3911 sapere,
3147 3844 3239 3897 sed
3265 3861 3447 3911 sapere
3467 3845 3536 3898 ad
3556 3846 3911 3912 sobrietatem,

2316 3930 2589 3995 unicuique
2640 3941 2696 3984 ut
2748 3932 2888 3987 Deus
2930 3933 3186 3989 distribuit
3235 3952 3521 3991 mensuram
3566 3938 3691 4005 ﬁdei
3717 3940 3739 4009 (
3765 3940 3910 3996 Ibid.

2317 4034 2371 4073 v.
2412 4022 2512 4088 ὃ).
2552 4021 2734 4092 Itaque
2777 4039 2900 4078 cum
2947 4025 3056 4080 illis
3082 4026 3103 4096 (
3134 4041 3307 4096 neque
3347 4028 3491 4082 enim
3538 4043 3768 4103 magum
3795 4043 3914 4087 erat

2316 4111 2541 4166 morbus
2565 4113 2767 4168 dissidii
2790 4124 2847 4171 et
2865 4117 3182 4186 arrogantia:
3203 4118 3221 4187 )
3243 4118 3322 4173 sic
3340 4118 3594 4175 disseruit
3620 4136 3635 4174 :
3663 4120 3755 4176 hic
3779 4138 3912 4178 vero

2313 4213 2437 4255 cum
2468 4203 2637 4257 multo
2664 4204 2883 4271 studio;
2914 4221 3040 4265 nam
3072 4208 3292 4263 m0rbus
3316 4208 3475 4264 valde
3518 4210 3909 4266 invalescehat.

2316 4292 2388 4346 At
2409 4307 2514 4346 non
2535 4294 2636 4349 hoc
2661 4303 2869 4349 tantum
2893 4297 3014 4352 illos
3043 4299 3416 4364 conturbahat,
3447 4300 3543 4354 sed
3567 4300 3718 4354 multi
3748 4312 3907 4357 erant

2317 4380 2437 4436 istic
2477 4383 2779 4440 divinantes
2799 4425 2816 4450 ,
2846 4387 2987 4455 quod
3015 4387 3143 4441 urbs
3187 4390 3275 4442 illa
3305 4388 3618 4444 Graecorum
3648 4393 3899 4447 moribus

2314 4472 2525 4529 addicta
2551 4484 2713 4540 esset,
2743 4487 2798 4531 et
2824 4492 2947 4530 cum
2969 4476 3091 4532 aliis
3116 4477 3219 4531 hoc
3244 4493 3461 4549 quoque
3486 4479 3608 4533 illos
3636 4483 3902 4553 supplan-

2317 4567 2463 4621 tahat
2489 4578 2541 4623 et
2572 4569 2837 4623 turbabat.
2879 4569 3214 4639 Quapropter
3241 4569 3452 4625 orditur
3489 4580 3733 4626 statuens
3772 4574 3907 4641 quid

2316 4659 2600 4713 interesset
2624 4660 2951 4715 discriminis
2979 4660 3360 4715 divinationem
3392 4662 3532 4715 inter
3566 4668 3624 4715 et
3655 4664 3901 4731 prophe-

2317 4751 2466 4803 tiam.
2510 4752 2796 4821 Propterea
2825 4753 2987 4806 ctiam
3024 4751 3379 4808 discretiones
3419 4752 3705 4822 spirituum
3740 4768 3902 4809 acce-

2318 4848 2545 4907 perunt,
2577 4850 2635 4892 ut
2662 4840 3032 4897 discernerent
3069 4849 3124 4896 et
3166 4843 3406 4905 scirent,
3440 4840 3560 4908 quis
3586 4840 3904 4910 loqueretur

2318 4944 2415 4997 per
2444 4930 2697 4985 mundum
2742 4932 2985 5001 spiritum
3015 4976 3031 5001 ,
3078 4936 3198 5004 quis
3226 4948 3320 5001 per
3370 4931 3721 4987 immundum.
3766 4936 3903 5003 Quia

2317 5022 2458 5076 enim
2491 5039 2554 5077 ex
2585 5025 2698 5093 ipsa
2743 5040 2803 5080 re
2844 5042 2949 5080 non
2983 5034 3190 5095 poterat
3218 5024 3482 5078 dictorum
3508 5023 3904 5082 demonstratio

2318 5116 2542 5182 [mulieri
2573 5117 2589 5185 (
2617 5117 2893 5186 prophetia
2924 5118 3066 5172 enim
3116 5131 3221 5169 non
3253 5117 3307 5169 in
3349 5123 3594 5187 tempore
3635 5135 3746 5189 quo
3773 5137 3901 5191 pro-

2317 5204 2521 5269 fertur,
2571 5208 2664 5261 sed
2713 5207 2769 5261 in
2817 5218 3059 5275 tempore
3101 5215 3325 5260 eventus
3372 5210 3731 5276 pronuntiata:
3779 5212 3900 5275 rei,

2317 5296 2558 5351 veritatis
2604 5312 2714 5353 suae
2762 5306 3135 5367 argumentum
3190 5297 3473 5369 pra:bet);
3518 5316 3697 5370 neque
3742 5302 3899 5356 facile

2317 5397 2432 5441 erat
2473 5388 2616 5442 illam
2662 5390 3031 5453 internoscere
3056 5428 3071 5453 ,
3113 5388 3397 5462 dicereque
3431 5394 3553 5463 quis
3595 5393 3858 5462 propheta
3883 5432 3900 5457 ,

2317 5477 2437 5545 quis
2475 5479 2703 5535 mendax
2742 5488 2885 5535 esset
2930 5478 3170 5551 (etenim
3217 5499 3337 5538 cum
3388 5486 3650 5537 scelestus
3698 5492 3754 5537 et
3800 5484 3898 5536 im-

2319 5570 2547 5625 mundus
2575 5573 2642 5625 sit
2668 5570 2951 5641 diabolus,
3000 5576 3054 5630 ln
3094 5571 3381 5646 prepbetas
3424 5588 3543 5628 sese
3586 5571 3899 5640 injiciebat,

2320 5664 2479 5719 faisos
2538 5668 2800 5723 inducens
2841 5665 3177 5738 prophetas,
3229 5678 3285 5725 ut
3327 5668 3418 5739 qui
3472 5678 3525 5721 et
3576 5664 3677 5736 ipsi
3728 5664 3887 5721 futui:
