4086 6340
175 377 283 432 Ωιι

176 498 585 571 ρτιεάἰοετοηι)
619 517 632 553 :
666 499 860 556 deinde
887 500 1007 569 quia
1037 498 1107 555 de
1138 499 1202 555 iis
1225 542 1242 567 ,
1272 515 1391 571 quze
1420 498 1737 554 dicebannir
1761 538 1781 561 ,

177 604 296 643 non
346 598 564 660 poterat
611 590 748 645 ratio
798 590 985 654 reddi,
1041 606 1163 646 cum
1202 604 1291 646 res
1341 605 1462 659 qua
1513 588 1784 655 praedicta

178 679 407 735 fuerant
449 680 691 735 nondum
738 682 1085 747 evenissent,
1127 692 1181 737 et
1211 681 1365 737 facile
1405 679 1784 735 confutabatur

179 768 206 837 (
239 768 555 825 mendacem
600 772 742 826 enim
794 781 850 825 et
897 786 1141 827 veraeem
1207 772 1327 831 linis
1376 768 1781 842 comprobat):

178 872 265 913 ne
278 868 407 914 ante
431 860 597 915 linem
615 862 887 917 auditores
902 862 1297 933 deciperentur,
1320 861 1413 916 dat
1427 862 1531 917 illis
1547 863 1783 932 signum,

178 949 342 1016 quod
368 952 530 1006 etiam
570 962 698 1007 ante
734 964 985 1013 eventum
1024 954 1164 1009 hunc
1201 963 1256 1009 et
1287 955 1437 1008 illum
1479 953 1782 1009 indicaret:

179 1048 247 1094 et
275 1040 405 1095 hinc
435 1050 655 1111 accepta
683 1045 1065 1112 consequentia
1090 1054 1144 1098 et
1175 1044 1459 1114 principio,
1489 1044 1567 1099 sic
1588 1045 1643 1098 in
1670 1059 1787 1098 ser-

182 1145 420 1185 mortem
443 1131 512 1187 de
555 1117 966 1188 charismntibus
1007 1135 1237 1198 transit,
1283 1142 1338 1190 et
1384 1135 1784 1190 contentionem

182 1219 323 1274 inde
346 1222 626 1277 subortam
657 1223 894 1295 corrigit.
924 1223 1139 1279 interim
1160 1238 1286 1278 vero
1311 1223 1380 1279 de
1401 1223 1786 1279 divinatoribus

184 1310 427 1381 loquens
454 1315 533 1368 sic
561 1314 771 1371 orditur
800 1333 815 1369 :
854 1313 931 1369 De
959 1314 1307 1386 spiritualibus
1347 1325 1516 1370 autem
1546 1314 1668 1370 uolo
1697 1330 1784 1369 vos

186 1405 437 1473 ignorare
456 1446 474 1473 ,
506 1410 690 1476 {rati-es
706 1422 725 1470 ,'
754 1406 1048 1476 spiritualia
1074 1398 1272 1463 vacans
1296 1408 1445 1476 signa
1472 1394 1662 1477 ,‘quia
1696 1408 1784 1461 illa

184 1495 434 1565 Spiritus
458 1499 622 1553 solius
650 1508 772 1554 sunt
799 1514 985 1569 opera,
1013 1498 1249 1555 humano
1278 1500 1459 1555 studio
1484 1501 1617 1556 nihil
1644 1501 1779 1557 al'l’e-

186 1600 356 1645 rente
380 1591 449 1645 ad
482 1592 605 1646 talia
631 1591 887 1646 miracula
933 1593 1214 1662 patranda.
1257 1593 1326 1649 Et
1352 1594 1421 1648 de
1458 1594 1569 1649 illis
1594 1594 1781 1664 dispu-

189 1688 410 1735 taturos
431 1722 448 1746 ,
480 1681 625 1747 prius
646 1720 662 1744 ,
704 1689 761 1736 ut
790 1680 899 1736 disi
920 1722 936 1748 ,
977 1681 1362 1739 divinationem
1392 1683 1532 1739 inter
1570 1692 1625 1739 et
1657 1699 1785 1753 pro-

188 1771 440 1840 pbetiam
466 1770 826 1828 differentiam
868 1773 1051 1842 ponit,
1097 1774 1177 1829 sic
1202 1773 1389 1829 dicens
1414 1791 1430 1829 :
1459 1774 1619 1829 Scitis
1647 1775 1786 1845 quod

188 1880 316 1917 eum
344 1873 516 1934 gentes
558 1864 761 1929 essetis,
803 1864 872 1918 ad
913 1866 1187 1920 simulacra
1222 1876 1362 1921 mute
1390 1876 1539 1934 prout
1566 1866 1785 1921 duceba-

188 1955 325 2009 uu'ni
345 1965 536 2009 euntes.
565 1954 618 2009 Id
644 1963 726 2011 est
753 1974 767 2010 :
798 1956 854 2010 in
885 1955 1064 2023 idolis,
1095 1956 1288 2027 inquit,
1314 1957 1359 2012 si
1386 1957 1507 2028 quis
1532 1957 1788 2028 abreptus

186 2056 347 2102 esset
387 2063 418 2101 a
463 2048 651 2117 spiritu
707 2045 1019 2114 immundo,
1067 2058 1122 2103 et
1164 2051 1581 2116 vaticinaretur,
1632 2051 1787 2127 quasi

188 2139 464 2197 abductus
494 2140 572 2196 sic
616 2140 704 2196 ille
744 2140 1058 2195 trahebatur
1082 2155 1112 2193 a
1138 2141 1331 2210 spiritu
1363 2142 1572 2196 vinctus
1595 2182 1610 2205 ,
1655 2141 1788 2197 nihil

188 2232 379 2285 sciens
404 2243 589 2284 eorum
618 2244 739 2299 qua:
766 2229 997 2284 dicebat.
1040 2229 1152 2285 Hoc
1178 2230 1321 2287 enim
1350 2230 1633 2286 divinatort
1660 2246 1787 2301 pro.

189 2322 376 2392 prium
409 2330 511 2387 est,
542 2331 599 2377 ut
624 2331 802 2378 mente
830 2322 1075 2384 excedat.
1106 2325 1215 2379 vim
1246 2325 1497 2395 patiatur,
1527 2326 1780 2396 pellatur,

192 2412 444 2467 trahatur
465 2455 484 2480 ,
514 2414 664 2481 quasi
693 2412 891 2469 furens.
934 2414 1199 2485 Propheta
1233 2430 1363 2471 vero
1389 2433 1495 2472 non
1525 2418 1604 2471 sic
1630 2458 1644 2480 ,
1687 2416 1784 2473 sed

190 2522 326 2561 cum
356 2507 500 2575 vigili
528 2517 707 2563 mente
726 2548 741 2573 ,
769 2523 890 2563 cum
920 2510 1237 2578 temperanti
1262 2512 1668 2577 constitutione,
1695 2513 1785 2567 illa

192 2600 381 2653 sciens
405 2615 527 2669 qute
550 2599 680 2653 dicit
703 2641 718 2662 ,
751 2601 930 2654 omnia
963 2601 1219 2671 loquitur.
1253 2603 1437 2672 Itaque
1463 2604 1628 2659 etiam
1659 2614 1785 2661 ante

192 2699 453 2742 eventum
475 2687 599 2740 hinc
621 2688 923 2743 internosce
950 2696 1127 2745 vatem
1142 2699 1197 2744 et
1216 2692 1554 2761 prophetam.
1578 2694 1644 2748 Et
1668 2694 1789 2750 vide

191 2791 362 2846 quam
384 2790 489 2830 non
510 2786 814 2847 suspectum
844 2777 1077 2848 proferat
1099 2795 1403 2837 sermonem
1427 2802 1442 2837 :
1468 2784 1613 2854 ipsos
1635 2794 1791 2839 vocat

195 2875 391 2930 testes,
422 2866 512 2936 qui
539 2867 613 2923 rei
636 2868 1029 2938 experientiam
1055 2869 1301 2926 fecerint.
1331 2873 1485 2939 Quod
1515 2875 1656 2929 enim
1682 2890 1787 2930 non

191 2956 460 3022 mentiar,
488 2958 690 3027 inquit,
722 2975 907 3031 neque
921 2969 1125 3017 temere
1152 2977 1213 3018 ea
1244 2978 1365 3033 qua:
1384 2965 1626 3034 gentium
1658 2974 1785 3019 sunt

194 3045 480 3102 traducem
501 3088 519 3114 ,
550 3048 754 3119 fingens
781 3058 1053 3121 tamquam
1081 3052 1331 3107 inimicus
1352 3094 1370 3116 ,
1400 3068 1495 3108 vos
1524 3054 1622 3121 ipsi
1654 3053 1786 3109 mihi

193 3139 392 3196 feratis
436 3141 799 3197 testimonium
843 3160 858 3197 :
904 3144 1103 3198 etenim
1142 3144 1242 3213 ipsi
1285 3145 1436 3200 scitis
1477 3148 1785 3217 quomodo,

193 3246 328 3288 cum
346 3233 538 3288 essetis
556 3230 748 3297 Gnaei,
780 3234 934 3288 tracti
962 3232 1381 3290 abduceremini.
1414 3236 1569 3306 Quod
1597 3240 1640 3294 si
1668 3241 1790 3310 quis

196 3322 305 3376 hos
330 3362 346 3387 ,
395 3329 579 3389 utpote
621 3320 848 3390 ﬁdeles,
897 3334 1177 3393 suspectos
1217 3340 1339 3383 esse
1384 3327 1616 3393 dixerit;
1652 3345 1786 3399 age,

194 3412 367 3466 etiam
414 3411 481 3467 ab
522 3412 760 3469 externis
811 3412 911 3470 hoc
958 3416 1108 3471 vobis
1158 3416 1497 3472 manifestum
1543 3420 1785 3476 reddam.

196 3502 342 3557 Audi
370 3517 499 3572 ergo
528 3502 802 3559 Platonem
834 3506 911 3560 sic
938 3504 1243 3577 loquentem
1279 3526 1293 3562 :
1327 3508 1788 3576 Quemadmodum

197 3594 532 3653 divinatorcs
556 3607 607 3650 et
632 3605 779 3651 vates
808 3597 972 3651 multa
1002 3597 1219 3667 quidem
1242 3608 1297 3654 et
1322 3600 1541 3669 pulchra
1566 3602 1786 3669 dicunt;

198 3700 392 3740 eorum
438 3699 562 3738 vero
607 3700 725 3754 quae
771 3685 1048 3754 proferunt
1102 3676 1236 3742 nihil
1282 3691 1462 3746 sciunt
1507 3690 1602 3762 (η).
1648 3694 1788 3749 Audi

198 3776 367 3830 alium
397 3789 607 3845 quoque
638 3785 845 3845 poetam
870 3777 1056 3832 eadem
1090 3778 1202 3847 ipsa
1233 3779 1582 3837 indicantem.
1628 3781 1787 3840 Post-

196 3880 363 3937 quam
393 3864 710 3935 quibusdam
740 3866 1127 3924 initiationibus
1165 3879 1221 3926 et
1262 3872 1541 3943 prmstigiis
1579 3874 1784 3933 dzrmo-

198 3972 331 4012 nem
361 3957 481 4027 quis
509 3956 708 4013 homini
734 3958 1077 4029 alligaverat,
1106 3962 1195 4018 ille
1222 3978 1349 4018 vero
1376 3964 1786 4034 vaticinabatur,

197 4050 439 4118 dumque
466 4048 847 4104 vaticinaretur
870 4051 960 4105 ille
982 4092 996 4115 ,
1028 4053 1338 4122 raptabatur
1367 4063 1422 4109 et
1451 4054 1786 4127 discerpeba-

198 4148 291 4193 tur
317 4179 334 4207 ,
365 4153 430 4193 ac
449 4139 710 4196 daemonis
736 4141 990 4210 impetum
1018 4142 1157 4198 terre
1182 4158 1288 4201 non
1322 4156 1559 4215 poterat,
1587 4150 1682 4204 sed
1708 4150 1788 4207 sic

195 4237 445 4297 raptatus
488 4230 754 4301 periturus
796 4241 949 4297 erat;
1004 4234 1067 4291 iis
1118 4235 1208 4305 qui
1255 4238 1451 4295 talibus
1501 4242 1788 4312 praestigiis

194 4322 403 4378 dabant
430 4337 649 4393 operam
678 4324 809 4380 dicit
836 4341 850 4380 :
1414 4350 1417 4351 ν

194 4431 398 4489 Soluite
424 4433 625 4487 deruunt
647 4451 667 4489 :
694 4452 861 4506 regem
889 4441 1035 4491 deum
1068 4441 1293 4496 mortalis
1322 4460 1422 4497 non
1448 4446 1583 4499 ultra
1610 4448 1782 4513 rapit;

192 4559 249 4602 οι
278 4563 491 4603 rursum
523 4566 537 4605 ζ

192 4662 396 4717 Soluite
415 4673 548 4717 serta
568 4666 711 4730 mihi,
736 4677 884 4729 atque
903 4667 1052 4735 pedes
1072 4671 1322 4741 aspergite
1342 4673 1549 4743 lympha
1570 4676 1779 4742 munda,

193 4753 266 4805 Et
292 4765 649 4826 expugnatur
676 4756 801 4809 mihi
825 4756 971 4811 linere
989 4798 1004 4823 ,
1040 4766 1089 4810 ut
1114 4759 1289 4814 adesse
1316 4764 1503 4832 possim
1528 4766 1622 4835 (li).

256 4883 335 4955 (ς)
348 4890 458 4955 ιιεεε
478 4882 858 4955 Mrem
877 4887 1119 4955 habemur
1133 4892 1182 4939 in
1194 4889 1430 4955 Apologia
1448 4898 1655 4955 socrui-
1672 4899 1781 4949 edi.

188 4946 346 5014 tiopis
358 4945 563 5014 ﬁetu-iet
580 4947 743 5014 Steph.
762 4959 888 5014 anno
913 4950 1054 5014 l_578,
1079 4945 1296 5014 'Ifomo'l,
1321 4945 1378 5014 p‘.’
1403 4954 1479 5004 23.

256 4968 346 4994 ius:
368 4968 563 4995 manu
580 4968 743 5009 θωνα.
762 4968 888 4999 anno
913 4968 1054 5011 lata,
1089 4968 1223 5001 ιοωο
1250 4968 1296 5014 ‘l,
1360 4990 1371 5002 .
1403 4968 1479 5004 21.

256 5005 415 5118 (Rhl-rt
437 5006 541 5055 hac
562 5009 771 5094 Carmina
795 5010 907 5081 haec
919 5010 1063 5061 docte
1086 5012 1281 5062 disserit
1302 4968 1533 5067 ﬁalesius
1568 5020 1615 5068 in
1652 5022 1780 5071 notis

256 5080 278 5116 tt
403 5070 461 5118 ia.
484 5080 533 5118 D.
554 5066 650 5117 276
664 5105 677 5116 .
695 5078 869 5118 Versus
888 5078 1001 5118 Istos
1022 5074 1156 5118 auud
1175 5083 1420 5118 uastat-um
1446 5079 1658 5118 Δίρκη-
1683 5084 1780 5118 [ηρ.

186 5066 461 5127 savillaIis,
484 5080 536 5137 p._
554 5066 677 5117 278:
695 5078 869 5120 Versus
888 5070 1001 5122 istos
1022 5074 1156 5135 apud
1173 5083 1420 5136 poetarum

185 5130 578 5205 ‘f‘iW‘
592 5131 913 5205 ⁸⁷⁷³
931 5133 1444 5205 αφίίθΐυδοδὲοηωηί
1460 5140 1635 5192 audii"
1659 5151 1781 5196 ἵστη·

185 5201 341 5258 Ψίωπ
358 5202 386 5235 ⁸
417 5196 555 5254 Ma
586 5192 904 5261 proferentur:
922 5229 938 5250 ,
981 5192 1193 5262 intellig}:
1229 5198 1522 5251 Pluebadem
1566 5192 1667 5273 seu;

180 5401 427 5443 Μυῒ*
456 5401 510 5421 τ’
522 5401 673 5423 ⁶¹¹⁶⁶¹¹¹⁸
687 5401 766 5423 ⁸⁸υ¹
779 5401 861 5447 ιηζι
884 5401 1027 5428 "um
1048 5401 1179 5444 «φεια
1210 5401 1551 5454 tmaer
1574 5401 1683 5450 cap.
1712 5401 1774 5458 _U¢

180 5432 1086 5512 Mfﬂﬂfuﬁmﬁm.
1100 5444 1132 5493 ³
1145 5445 1443 5512 mecm
1457 5458 1775 5512 ρναρανωεο-

180 5494 1188 5578 ἓλἮὲεέξέεεΆεεέεηξιψωωη,
1204 5494 1350 5555 huic:

180 5553 1119 5640 fiﬁﬂ‘idjmhﬁﬁﬁmo
1143 5553 1515 5640 mimicis;
1527 5553 1769 5640 #5147555-

178 5677 487 5751 erremaias.
504 5716 519 5737 ,
544 5677 1018 5751 cutibus-credebat
1037 5677 1284 5751 daemonas
1306 5677 1765 5751 ευρὰωλίξὲἷᾶῖᾶἇ

394 5738 649 5812 ςοιιοᾳίιὶαν
673 5738 744 5812 vel
764 5742 830 5789 ad
852 5742 1049 5812 oracula
1071 5738 1456 5812 edendapelliet.
1474 5738 1765 5805 Ee'raiia'nii;

178 5797 294 5849 istis
311 5805 494 5851 laeuam
511 5797 665 5854 utesse
685 5801 797 5865 seu,
817 5815 901 5853 seu
923 5804 1095 5867 petitu,
1121 5816 1170 5858 ut
1194 5797 1773 5880 minora".

1222 378 1288 434 IN
1326 377 1539 434 EPIST.
1571 377 1591 431 I
1654 376 1745 432 AD
1783 374 1940 432 COR.
1981 375 2209 432 llOMlL.
2254 378 2443 435 XXIX.

3376 385 3484 443 ⁸242

1896 493 2020 551 llaec
2045 495 2189 552 enim
2221 507 2277 553 et
2303 497 2494 553 similia
2516 496 2537 566 (
2560 512 2683 553 nam
2710 496 2866 568 longe
2894 498 3045 569 plura
3077 500 3185 557 dici
3221 515 3435 572 possent
3464 508 3482 574 )

1893 600 2116 659 utraque
2141 589 2298 647 nobis
2320 590 2608 647 ostendunt
2630 598 2686 647 et
2710 592 3084 648 necessitatem
3109 608 3212 665 qua
3239 596 3485 653 serviunt

1893 680 1982 750 qui
2009 679 2314 738 detinentur
2338 681 2613 738 demones
2638 721 2654 748 ,
2685 690 2742 737 et
2764 681 2871 738 vim
2898 698 3056 751 quam
3084 684 3416 741 sustinentes
3447 687 3483 741 it

1892 773 1982 842 qui
2001 771 2169 827 semel
2194 787 2255 828 se
2281 773 2411 842 ipsis
2436 772 2779 840 dediderunt,
2795 782 2852 829 et
2872 788 2901 826 a
2925 774 3149 829 naturali
3180 790 3275 829 sua
3302 785 3484 835 mente

1892 862 2175 919 excedunt.
2211 863 2398 933 Pythia
2427 879 2555 919 vero
2584 864 2772 934 (cogor
2788 865 2938 920 enim
2961 864 3123 920 aliam
3150 880 3362 935 quoque
3390 882 3483 921 co-

1894 969 2011 1007 rum
2055 952 2437 1022 turpi.udinem
2482 954 2764 1009 traducere
2787 995 2802 1015 .
2831 969 2991 1024 quam
3032 954 3227 1009 bonum
3264 955 3479 1026 quidem

1892 1052 2036 1097 esset
2081 1044 2488 1113 prmtcrmittere
2515 1085 2528 1107 ,
2557 1043 2699 1113 quod
2730 1044 3045 1103 indecorum
3076 1046 3231 1101 nobis
3258 1046 3327 1100 sit
3357 1047 3479 1100 talia

1893 1133 2173 1203 proferre;
2220 1142 2279 1187 ut
2308 1142 2483 1188 autc-m
2516 1134 2728 1188 illorum
2756 1133 2993 1189 dedecus
3023 1136 3218 1191 clarius
3248 1136 3440 1193 evadat
3464 1179 3482 1202 ,

1892 1225 2254 1279 necessarium
2293 1234 2377 1279 est
2407 1224 2622 1291 dicere;
2655 1234 2714 1278 ut
2753 1223 2876 1279 hinc
2906 1225 3123 1282 discatis
3147 1227 3438 1283 amentiam
3465 1268 3482 1292 ,

1890 1322 1945 1368 et
1972 1315 2192 1370 ridicula
2217 1323 2365 1385 gesta
2390 1330 2576 1371 eorum
2601 1315 2692 1385 qui
2718 1315 2924 1369 vatibus
2948 1316 3056 1371 illis
3079 1318 3338 1386 utuntur)
3363 1336 3379 1370 :
3402 1318 3485 1372 di-

1890 1407 2030 1461 citur
2050 1422 2177 1477 ergo
2199 1407 2386 1479 Pythia
2414 1408 2605 1463 mulier
2628 1407 2860 1463 insidere
2882 1408 3074 1480 tripodi
3097 1410 3361 1479 Apeliinis
3382 1409 3479 1483 (α),

1891 1497 2200 1553 divaricatis
2241 1498 2533 1554 cruribus:
2567 1498 2761 1556 deinde
2811 1500 3007 1554 malum
3058 1501 3265 1556 inferne
3310 1500 3480 1556 etnitti

1890 1587 2155 1657 spiritum,
2187 1596 2239 1642 et
2268 1604 2364 1658 per
2388 1588 2647 1658 genitales
2675 1589 2792 1657 ejus
2813 1601 2993 1660 partes
3020 1598 3361 1657 subeuntem,
3394 1593 3481 1646 fu-

1891 1692 2014 1732 rore
2033 1678 2310 1734 mulierem
2334 1680 2564 1748 replere,
2582 1689 2637 1735 et
2662 1678 2800 1737 hanc
2820 1682 3069 1751 deinceps
3092 1684 3260 1753 passis
3275 1684 3482 1751 capi‘lis

1889 1768 2210 1824 debacchari
2233 1778 2287 1823 et
2326 1784 2570 1838 spumam
2598 1785 2661 1824 ex
2693 1786 2788 1825 ore
2814 1773 3095 1837 emittere;
3121 1783 3176 1827 et
3205 1774 3281 1829 sic
3313 1783 3483 1828 temu-

1878 1860 2089 1919 .lentam
2120 1859 2265 1915 illam
2296 1859 2492 1917 luroris
2521 1861 2682 1915 verba
2712 1862 2971 1932 proferre.
3004 1863 3130 1919 Scio
3156 1880 3253 1919 vos
3280 1867 3482 1932 pudore

1890 1950 2109 2006 aﬂectos
2139 1951 2459 2008 erubescere
2493 1951 2606 2006 lure
2632 1952 2913 2008 audientes
2940 1971 2953 2007 :
2983 1969 3165 2009 verum
3201 1954 3276 2010 illi
3314 1956 3479 2017 altum

1892 2042 2103 2111 sapiunt
2131 2041 2200 2097 ob
2226 2042 2605 2112 turpitudinem
2636 2052 2689 2098 et
2717 2044 2975 2099 insaniam
3006 2054 3223 2100 tantam.

1961 2131 2019 2187 2.
2063 2132 2189 2188 limo
2232 2132 2391 2203 igitur
2426 2143 2480 2189 et
2521 2133 2713 2188 similia
2750 2135 2928 2189 omnia
2970 2135 3162 2194 Paulus
3199 2138 3483 2207 exagitans

1891 2220 2103 2278 dicebat
2132 2239 2146 2275 :
2187 2221 2341 2280 Scitis
2379 2223 2513 2294 quod
2540 2240 2657 2277 cum
2680 2234 2851 2296 gentes
2877 2227 3048 2283 essetis
3072 2267 3088 2295 ,
3115 2228 3183 2281 ad
3209 2229 3483 2284 simulacra

1889 2320 2034 2366 muta
2075 2311 2449 2367 inducebantini
2487 2312 2711 2369 abducti.
2748 2314 2814 2370 Et
2851 2316 2971 2386 quia
2998 2332 3122 2373 cum
3150 2317 3214 2375 iis
3243 2320 3332 2391 qui
3365 2335 3480 2375 rem

1891 2398 2060 2469 probe
2081 2409 2341 2455 noverant
2366 2402 2683 2470 disserebat,
2708 2420 2813 2461 non
2836 2406 3015 2461 omnia
3036 2419 3281 2463 accurate
3309 2411 3479 2481 ponit,

1892 2505 1960 2545 ne
1996 2488 2103 2545 illis
2139 2489 2438 2545 molestiam
2466 2501 2653 2567 creet;
2694 2496 2789 2549 sed
2836 2496 2888 2550 in
2934 2500 3243 2555 memoriam
3275 2509 3477 2556 tantum

1894 2596 2152 2638 revocans
2177 2583 2355 2637 omnia
2380 2624 2396 2649 ,
2428 2583 2536 2638 cito
2582 2586 2788 2640 recedit
2813 2627 2828 2650 ,
2860 2588 2923 2641 ad
2955 2592 3285 2659 propositum
3325 2593 3446 2649 festi
3467 2622 3481 2633 -

1894 2686 2049 2727 nans.
2076 2671 2215 2738 Quid
2242 2680 2327 2728 est
2348 2683 2549 2737 autem,
2573 2674 2653 2729 Ad
2677 2675 2951 2730 simulacra
2978 2680 3157 2733 mula?
3193 2682 3280 2735 Isti
3328 2693 3475 2739 vates

1894 2762 1960 2817 ad
2006 2762 2093 2817 illa
2143 2764 2296 2819 tracti
2342 2764 2692 2823 ducebantur.
2720 2765 2775 2823 Si
2823 2783 2952 2823 vero
3001 2779 3147 2826 muta
3192 2773 3475 2844 sint,quo—

1894 2854 2189 2909 modo-illis
2231 2857 2555 2912 utebantur?
2585 2874 2685 2928 qua
2724 2858 2792 2914 de
2822 2875 2980 2915 causa
3020 2860 3086 2916 ad
3121 2872 3322 2917 statuas
3358 2864 3479 2918 illos

1890 2944 2100 2999 daemon
2131 2944 2429 2999 adducebat
2472 2955 2737 3016 tamquam
2769 2950 3010 3017 captivos
3039 2960 3092 3005 et
3117 2952 3360 3007 vinctos?
3389 2953 3475 3007 Si-

1894 3037 2001 3090 mul
2029 3051 2267 3091 errorem
2301 3035 2530 3092 reddens
2556 3036 2891 3109 probabilem
2940 3040 3014 3094 Ne
3043 3040 3308 3096 videretur
3330 3059 3475 3098 enim

1892 3129 2027 3198 lupis
2054 3142 2174 3183 esse
2200 3138 2377 3184 mutus
2401 3170 2415 3194 ,
2444 3130 2735 3185 conabatur
2764 3129 3008 3187 homines
3036 3131 3191 3186 idolis
3216 3132 3431 3205 afﬁgere
3458 3178 3474 3202 ,

1893 3230 1951 3275 ut
1974 3236 2091 3290 quae
2118 3219 2354 3290 ipsorum
2384 3231 2537 3278 erant
2561 3223 2668 3278 illis
2690 3224 3140 3283 adscriberentur.
3164 3225 3267 3283 Sed
3293 3236 3477 3283 nostra

1894 3327 1999 3367 non
2030 3322 2155 3367 sunt
2195 3313 2520 3383 hujusmodi.
2560 3314 2750 3370 Nostra
2779 3326 2959 3373 autem
2994 3333 3100 3373 non
3142 3320 3317 3391 posuit
3346 3321 3435 3375 ille
3458 3362 3475 3387 ,

1893 3421 2013 3475 qua:
2044 3404 2425 3476 prophetarum
2457 3415 2581 3460 sunt
2606 3407 2728 3463 dico
2756 3425 2768 3461 :
2798 3408 2903 3464 illis
2934 3411 3077 3466 enim
3101 3414 3279 3469 omnia
3309 3415 3478 3469 mani-

1895 3498 2029 3553 festa
2058 3508 2233 3561 erant,
2260 3508 2310 3555 et
2343 3498 2394 3554 in
2423 3499 2526 3554 illis
2558 3501 2945 3571 prophetabant
2970 3510 3031 3558 ut
3059 3504 3203 3574 ipsos
3229 3505 3476 3572 decebat,

1893 3607 2013 3645 cum
2062 3589 2407 3660 intelligentia
2445 3599 2499 3646 et
2535 3590 2781 3648 libertate
2812 3594 2980 3650 omni.
3011 3594 3135 3651 Ideo
3162 3610 3325 3668 penes
3356 3598 3477 3652 illos

1892 3691 2009 3737 erat
2042 3690 2096 3736 et
2136 3681 2278 3751 loqui
2320 3691 2373 3737 et
2420 3698 2526 3738 non
2567 3684 2711 3754 loqui
2742 3701 2756 3740 :
2785 3700 2959 3756 neque
2988 3689 3129 3744 enim
3158 3689 3477 3746 necessitate

1894 3770 2211 3847 tenebantur
2232 3813 2247 3837 ,
2276 3771 2370 3827 sed
2402 3774 2677 3841 potestatis
2704 3773 2909 3831 honore
2936 3776 3119 3833 donati
3147 3791 3319 3835 erant.
3352 3780 3476 3837 Ideo

1891 3860 2056 3916 Jonas
2083 3861 2241 3929 fugit,
2276 3861 2397 3917 ideo
2424 3862 2669 3919 Ezechiel
2697 3864 2921 3930 distulit,
2955 3867 3076 3924 ideo
3100 3868 3361 3928 Jeremias
3392 3887 3477 3927 re-

1892 3952 2130 4008 cusabat.
2153 3952 2295 4010 Deus
2311 3968 2438 4009 vero
2455 3969 2557 4009 non
2581 3969 2702 4011 cum
2724 3958 3041 4016 necessitate
3062 3958 3285 4029 impellit
3306 3960 3477 4032 ipsos,

1891 4042 1987 4098 sed
2004 4043 2266 4110 consiliis,
2286 4043 2678 4101 bortationibus
2692 4053 2747 4101 et
2764 4048 3265 4107 comminationibus
3287 4052 3476 4117 utitur,

1892 4126 2127 4189 mentem
2156 4134 2390 4189 tenebris
2418 4151 2524 4190 non
2550 4135 2850 4193 oil‘undens.
2882 4137 3150 4195 Damonis
3174 4142 3317 4199 enim
3348 4159 3477 4213 pro-

1890 4226 2063 4297 prium
2089 4235 2252 4282 estet
2279 4226 2561 4281 tumultum
2593 4234 2646 4281 et
2676 4226 2910 4284 furorem
2940 4239 2995 4285 et
3022 4232 3242 4288 multam
3272 4234 3475 4289 immit-

1892 4324 2005 4371 tere
2032 4315 2348 4387 caliginem;
2383 4316 2476 4373 Dei
2508 4332 2633 4372 vero
2662 4326 2744 4372 est
2770 4317 3089 4387 illuminare,
3116 4329 3170 4377 et
3195 4338 3315 4394 qua:
3340 4338 3478 4393 opus

1890 4414 1971 4460 est
2005 4420 2125 4463 cum
2164 4406 2511 4476 intelligentia
2543 4406 2762 4466 docere.
2794 4405 2971 4463 Prima
3005 4424 3135 4482 ergo
3162 4410 3477 4468 divinatoris

1889 4505 1942 4550 et
1980 4494 2258 4568 propheta:
2296 4496 2593 4552 diﬂ‘erentia
2636 4498 2750 4553 bare
2786 4508 2911 4554 est:
2947 4500 3182 4557 secunda
3223 4518 3354 4558 vero
3392 4515 3478 4559 est

1888 4586 2009 4651 alia,
2034 4601 2192 4657 quam
2221 4585 2473 4655 deinceps
2500 4587 2649 4657 ponit
2674 4585 2858 4643 dicens
2882 4606 2898 4643 :
2920 4590 2973 4645 3.
2998 4590 3125 4645 Ideo
3146 4603 3318 4649 notum
3342 4594 3478 4649 vobis

1886 4675 2021 4744 facio
2044 4716 2059 4739 ,
2086 4675 2222 4745 quod
2259 4691 2403 4729 nemo
2429 4675 2481 4729 in
2506 4677 2689 4745 spiritu
2720 4675 2814 4732 Dei
2842 4678 3048 4749 loquens
3067 4722 3084 4749 ,
3112 4681 3232 4736 dicit
3257 4684 3474 4739 artat/te-

1888 4781 1973 4817 ma
2011 4763 2207 4822 Iesum.
2240 4766 2440 4822 Deinde
2469 4768 2627 4822 etiam
2655 4762 2798 4836 alia,
2829 4767 2897 4825 Et
2941 4788 3086 4828 nemo
3114 4786 3276 4844 potest
3310 4776 3477 4831 dicere

1888 4855 2165 4912 Dominum
2191 4856 2390 4926 Jesum,
2422 4859 2521 4914 uisi
2546 4860 2601 4913 in
2631 4859 2834 4931 Spiritu
2864 4874 3055 4920 sancto.
3086 4866 3221 4922 Cum
3256 4869 3470 4938 videris,

1888 4954 2094 5026 inquit,
2118 4955 2423 5026 quempiam
2451 4970 2555 5011 non
2584 4956 2944 5026 proferentem
2964 4973 3160 5018 nomen
3187 4963 3305 5033 ejus
3323 5005 3338 5031 ,
3364 4964 3473 5019 imo

2128 5160 2361 5211 cut-vim.
2392 5148 2728 5222 ονὺιαιξαηιισς,
2775 5160 2826 5202 ut
2856 5166 2951 5204 non
2982 5167 3232 5210 evocarat!
3262 5166 3469 5222 tantum,

1883 5221 1934 5258 se
1991 5214 2135 5257 etiam
2148 5216 2338 5258 euocata
2355 5210 2595 5258 daemoma
2608 5214 2890 5258 detinerent-
2909 5217 3144 5258 mmdin
3162 5221 3258 5258 mli
3271 5234 3465 5258 manu...

1880 5210 1967 5258 sed
1990 5210 2338 5285 etiametjocata
2355 5210 2595 5282 daemonia
2608 5210 2891 5285 detinerent,
2908 5217 3145 5285 quandi;
3162 5221 3258 5270 vati

1880 5276 2003 5344 esset
2251 5270 2327 5321 sic
2362 5272 2489 5344 enim
2512 5276 2647 5336 apud
2673 5267 3000 5339 Porphyrium

1880 5332 2081 5394 diusw'q
2089 5339 2283 5398 «met
2295 5343 2519 5404 ιλνξάτεινοι
2529 5332 2585 5384 tit
2595 5351 2677 5404 ea.
2700 5332 2934 5404 manu,
2947 5332 3087 5404 esp;
3109 5349 3154 5404 st
3167 5332 3238 5392 τῖκ
3255 5332 3453 5394 ἀι.λῷιρ
3465 5373 3479 5399 ς

1879 5513 2045 5574 Apollo
2180 5502 2733 5578 theodoiet'iun,
2751 5502 3471 5589 éic'."§tii'iu£is"n75€"p&§2~'

1877 5576 2045 5638 quitur
2066 5581 2320 5638 muniens.
2414 5636 2421 5638 ξ

1939 5637 2016 5697 (a)
2048 5637 2306 5709 pefytbia
2326 5643 2380 5687 et
2394 5636 2464 5709 de
2687 5640 3092 5709 videStrabenem
3114 5644 3199 5709 llg.
3219 5647 3268 5706 9,
3283 5662 3331 5709 p.
3354 5647 3463 5697 U9.

1876 5708 1983 5769 seq:
1998 5696 2091 5748 ed.
2344 5735 2357 5758 ,
2386 5702 2468 5760 qui
2490 5696 2873 5809 desgreiptiouem
2896 5705 3100 5776 tripodis
3123 5696 3267 5757 aliud
3284 5696 3343 5757 'ct
3372 5723 3457 5757 att-

1877 5766 1937 5805 trt
1973 5772 2021 5806 in
2054 5772 2151 5809 (tuo
2192 5766 2380 5809 mantus
2415 5765 2537 5807 erat.
2705 5776 2815 5809 num
2840 5771 3053 5809 tut-mura
3076 5766 3157 5809 hic
3178 5769 3457 5809 rptmnntm

1877 5765 1937 5805 tri
1973 5765 2021 5806 in
2054 5772 2151 5820 quo
2192 5765 2380 5827 insitus
2415 5765 2537 5827 erat.
2583 5765 2673 5809 sed
2705 5776 2815 5825 qute
2840 5765 3053 5827 turpiora
3076 5766 3157 5816 hic
3178 5769 3460 5819 referuntur

1879 5819 2112 5882 nusquam
2134 5819 2335 5870 memini
2358 5833 2435 5869 me
2456 5819 2648 5883 legere.
