4066 6332
554 393 657 450 ω

553 521 735 578 uisum
776 494 1357 576 anathematizantem,
1399 490 1447 545 is
1491 497 1575 544 est
1615 484 1900 541 divinator.
1941 479 2148 535 Rursus

552 573 677 655 eum
699 593 897 650 videris
914 590 1077 645 alium
1096 598 1221 642 cum
1243 574 1462 640 nurnine
1477 578 1598 647 ejus
1617 573 1798 648 omnia
1817 573 2147 644 loquentem,

555 962 625 1018 de
650 960 754 1024 his,
779 957 872 1029 qui
896 954 1015 1025 ejus
1039 949 1254 1022 quidem
1283 957 1478 1001 nomen
1506 938 1802 1013 proferunt,
1827 935 2030 1029 Spiritu
2053 947 2152 987 au-

555 1064 665 1109 tem
695 1028 1009 1123 priuantur?
1033 1041 1143 1100 Sed
1172 1041 1241 1097 de
1269 1038 1356 1094 his
1383 1049 1526 1091 nunc
1555 1034 1645 1089 ille
1671 1046 1776 1087 non
1802 1028 2150 1123 agitanteque

558 1120 713 1201 enim
749 1152 874 1196 tunc
913 1125 1285 1195 catechumeni
1327 1139 1523 1185 erant:
1566 1125 1660 1189 sed
1704 1123 1775 1180 de
1812 1120 2058 1176 ﬁdelibus
2094 1126 2152 1171 et

557 1232 885 1290 inﬁdelibus.
912 1226 1051 1295 Quid
1075 1223 1239 1295 ergo?
1266 1219 1512 1276 nullusne
1542 1217 1753 1271 datmon
1781 1214 1951 1267 Deum
1977 1208 2154 1263 nomi-

557 1324 692 1381 nat?
718 1336 898 1377 annon
926 1318 1177 1374 dicebant
1201 1308 1517 1368 daemoniaci
1544 1325 1558 1360 :
1587 1304 1838 1359 Nouimus
1863 1309 1913 1355 te
1934 1299 2047 1369 quis
2071 1312 2146 1362 cs,

556 1416 728 1471 Filius
752 1412 850 1468 Dei
870 1409 1063 1483 (Herc.
1088 1410 1138 1463 Ι.
1164 1403 1307 1475 91)?
1337 1415 1517 1461 annon
1544 1397 1710 1453 Paulo
1734 1392 1985 1483 dicebant

555 1504 786 1560 homines
830 1479 957 1557 servi
1003 1496 1099 1552 Dei
1138 1490 1373 1549 ditissimi
1413 1496 1531 1545 sunt
1558 1487 1579 1553 (
1610 1485 1719 1540 Act.
1752 1483 1839 1538 l6.
1873 1482 1939 1537 l7
1973 1482 2011 1551 ).
2041 1479 2147 1535 Sed

554 1594 809 1668 ﬁagellati
833 1636 848 1659 ,
877 1590 975 1665 sed
1013 1585 1225 1651 coacti;
1255 1590 1448 1654 spente
1486 1590 1664 1635 autem
1703 1585 1760 1633 et
1798 1591 1906 1630 non
1933 1574 2147 1638 coacti,

559 1662 870 1756 numquam.
903 1663 1001 1736 llic
1036 1678 1148 1749 jam
1186 1672 1430 1745 apposite
1468 1679 1767 1741 quieratur,
1799 1681 1898 1722 cur
1934 1662 2146 1720 dinmon

554 1779 673 1833 tunc
693 1777 1025 1847 loqueretur,
1049 1779 1103 1825 et
1122 1782 1220 1824 cur
1243 1762 1442 1821 Paulus
1462 1760 1835 1830 increpaverit.
1864 1757 2145 1813 Ductorem

553 1885 752 1940 nempe
787 1879 943 1922 suum
984 1861 1242 1919 imitatus.
1281 1855 1418 1913 Nam
1443 1862 1497 1911 et
1522 1853 1770 1909 Christus
1808 1847 2145 1917 increpavit:

553 1938 770 2020 nolebat
817 1960 963 2015 enim
1004 1954 1073 2009 ab
1108 1952 1212 2009 illis
1254 1948 1456 2005 habere
1497 1944 1883 2000 testimonium.
1932 1938 2149 2004 Quare?

552 2056 775 2113 Damon
837 2054 938 2106 hoc
1012 2046 1235 2118 agebat,
1283 2055 1467 2098 rerum
1523 2036 1766 2092 ordinem
1821 2030 2150 2088 confundere

550 2150 772 2211 volens,
803 2151 859 2199 et
882 2138 1259 2211 apostolorum
1279 2132 1527 2202 abripere
1566 2125 1937 2181 auctoritatem
1962 2162 1979 2188 ,
2006 2120 2147 2176 mul-

552 2241 729 2309 tisque
756 2230 1078 2306 persuadere
1102 2237 1160 2285 ut
1184 2226 1286 2283 sibi
1306 2220 1648 2280 attenderem
1672 2215 1847 2309 tquod
1874 2215 1921 2270 si
1950 2214 2146 2309 iactum

549 2307 696 2385 esset
720 2369 737 2393 ,
764 2339 887 2381 cum
915 2322 1021 2378 ﬁde
1044 2316 1191 2390 digni
1217 2315 1592 2387 apparuissent
1617 2352 1632 2376 ,
1664 2308 1821 2365 facile
1848 2322 1943 2363 sua
1972 2307 2145 2362 intro-

549 2420 853 2476 duxissent.
882 2412 961 2469 Ne
987 2412 1091 2467 hoc
1113 2423 1247 2480 ergo
1275 2405 1424 2462 ﬁeret
1453 2445 1469 2471 ,
1501 2416 1675 2474 neque
1703 2399 1907 2456 fallacia
1936 2399 2145 2454 initium

550 2511 775 2565 duceret
796 2546 813 2572 ,
841 2504 1005 2567 etiam
1038 2515 1160 2556 cum
1189 2510 1316 2554 vera
1350 2495 1699 2565 loquerentur
1720 2533 1737 2560 ,
1765 2507 1858 2547 ora
1891 2491 2020 2559 ipsis
2045 2488 2147 2543 ob-

552 2599 744 2663 struit,
774 2605 833 2653 ut
882 2595 935 2651 in
980 2592 1129 2649 falsis
1165 2603 1328 2646 nemo
1371 2587 1501 2658 ipsis
1544 2586 1783 2641 animum
1825 2581 2144 2647 adhiberet,

551 2690 650 2746 scd
693 2688 759 2744 ad
798 2702 861 2743 ea
890 2701 1013 2757 qua:
1040 2683 1108 2737 alt
1136 2682 1266 2753 ipsis
1294 2678 1600 2735 dicerentur
1636 2687 1794 2730 aures
1820 2671 2144 2727 Obstrueret.

552 2780 843 2851 Postquam
879 2790 1010 2847 ergo
1037 2784 1190 2828 vates
1227 2782 1281 2825 et
1319 2766 1608 2841 prophetas
1650 2764 1966 2820 distinxerat
1996 2772 2052 2817 et
2079 2777 2143 2817 ex

553 2873 732 2941 priore
770 2879 823 2923 et
868 2882 932 2922 es
978 2861 1216 2921 secundo
1261 2860 1448 2930 signo,
1490 2857 1705 2913 demum
1754 2856 1825 2912 de
1874 2855 2147 2910 miraculis

549 2960 938 3025 disserit;'ncc
966 2956 1082 3012 sine
1106 2967 1267 3011 causa
1296 2949 1364 3007 ad
1393 2950 1495 3006 hoc
1523 2956 1899 3019 argumentum
1931 2945 2143 3013 transit,

548 3053 645 3108 sed
677 3060 737 3107 ut
761 3048 1155 3107 dissensionem
1185 3043 1310 3121 inde
1339 3041 1611 3097 subortam
1640 3039 1811 3105 tollat,
1837 3044 1894 3092 et
1919 3050 2146 3105 persua-

549 3145 677 3199 deat
715 3144 781 3197 iis
819 3140 909 3212 qui
956 3138 1133 3193 minus
1174 3135 1412 3198 habent,
1457 3122 1787 3185 ne'doleant
1811 3169 1824 3192 ,
1854 3138 1910 3183 et
1950 3127 2019 3181 iis
2056 3127 2148 3197 qui

549 3234 753 3305 majora
782 3229 1088 3303 possident,
1120 3240 1191 3281 ne
1218 3223 1527 3280 eﬂ‘erantur.
1564 3219 1685 3275 ideo
1714 3219 1791 3274 sic
1821 3218 2019 3287 incepit
2046 3234 2061 3272 :
2089 3217 2143 3273 4.

549 3326 836 3382 Diuisioucs
864 3337 982 3377 uero
1008 3320 1291 3389 gratiarum
1320 3324 1438 3370 sunt
1461 3355 1478 3381 ,
1512 3315 1645 3368 idem
1675 3322 1843 3366 autem
1874 3309 2149 3377 Spiritus;

548 3417 831 3488 primoque
854 3419 1006 3467 curat
1028 3409 1181 3465 illum
1213 3407 1304 3480 qui
1330 3406 1509 3461 minus
1534 3404 1693 3459 habet
1719 3405 1920 3458 donum
1945 3441 1960 3469 ,
1994 3401 2146 3457 ideo-

548 3524 661 3581 que
682 3507 846 3563 dolet
880 3505 989 3560 Cur
1015 3504 1159 3560 enim
1179 3544 1196 3570 ,
1226 3501 1429 3573 inquit,
1458 3499 1710 3570 angoris?
1734 3498 1856 3567 quia
1887 3511 1995 3551 non
2026 3505 2146 3551 tan-

552 3613 663 3656 tum
709 3600 960 3671 accepisti
1000 3606 1258 3677 quantum
1298 3595 1473 3651 alius?
1508 3594 1604 3649 sed
1648 3592 1822 3664 cogita
1865 3589 1994 3645 illud
2027 3604 2149 3646 esse

550 3694 774 3762 donum,
800 3709 908 3749 non
930 3690 1197 3756 debitum,
1218 3698 1275 3745 et
1292 3686 1720 3743 consolationem
1745 3683 1995 3751 accipies.
2023 3681 2148 3737 ideo

549 3786 731 3842 statim
776 3785 855 3839 sic
896 3782 1133 3854 loquitur
1159 3796 1176 3837 :
1200 3777 1487 3835 Dirisioucs
1532 3793 1649 3832 τσο
1689 3777 1970 3849 gratiarum
2006 3784 2145 3830 sunt.

550 3876 736 3947 Neque
778 3873 915 3930 dixit
959 3874 1235 3944 signorum
1259 3912 1277 3938 ,
1326 3883 1501 3940 neque
1542 3866 1923 3923 miraculorum
1948 3906 1964 3932 ,
2009 3864 2105 3921 sed
2129 3906 2145 3932 ,

553 3966 846 4021 Gratiarum
866 3980 887 4029 ,'
915 3962 1135 4024 nomine
1155 3961 1282 4016 doni
1310 3956 1639 4030 persuadens
1667 3956 1743 4011 illi
1772 3964 1827 4011 ut
1852 3969 1961 4011 non
1988 3955 2150 4011 modo

550 4073 660 4113 non
681 4057 882 4119 doleat,
902 4053 998 4111 sed
1017 4064 1073 4111 et
1091 4053 1315 4126 gratiam
1336 4051 1549 4107 habeat.
1575 4051 1643 4105 Et
1662 4065 1783 4106 cum
1808 4050 1927 4116 hoc,
1952 4049 2150 4122 inquit,

550 4147 685 4205 illud
714 4164 929 4220 quoque
960 4156 1137 4203 tecum
1165 4150 1354 4217 reputa
1372 4184 1390 4212 ,
1418 4142 1557 4214 quod
1585 4141 1796 4199 etiamsi
1822 4143 1873 4197 in
1898 4155 2149 4209 mensura

552 4239 680 4295 doni
708 4241 886 4295 minus
916 4229 1152 4303 habeas;
1183 4240 1240 4292 iu
1269 4250 1336 4292 eo
1363 4233 1505 4306 quod
1532 4233 1781 4304 dignatus
1806 4233 1883 4288 sis
1910 4232 2033 4288 inde
2058 4247 2147 4288 ac-

551 4333 735 4403 cipere
754 4372 769 4396 ,
796 4330 938 4386 unde
965 4327 1243 4399 ls‘accepit
1270 4326 1362 4397 qui
1391 4325 1509 4397 plus
1537 4324 1697 4379 habet
1722 4365 1736 4389 ,
1768 4337 1951 4393 mrem
1983 4322 2150 4379 habes

553 4422 839 4478 honorem.
886 4419 1072 4492 Neque
1113 4417 1259 4476 enim
1302 4414 1485 4472 dicere
1523 4414 1733 4484 possis,
1778 4413 1855 4468 illi
1892 4412 2149 4483 Spiritum

555 4512 790 4580 dedisse,
816 4511 908 4567 tibi
929 4525 1060 4566 vero
1080 4509 1331 4581 angelum
1355 4525 1369 4561 :
1390 4522 1512 4563 nam
1539 4515 1594 4563 et
1620 4505 1711 4561 tibi
1738 4514 1793 4561 et
1819 4505 1895 4559 illi
1921 4503 2151 4574 Spiritus

556 4604 727 4663 dedit.
759 4602 884 4658 Ideo
909 4601 1203 4673 subjunxit,
1240 4598 1387 4653 Idem
1409 4607 1580 4652 autem
1611 4595 1861 4667 Spiritus.

630 4696 685 4751 3.
728 4695 909 4765 itaque
934 4691 1144 4749 etiamsi
1176 4691 1231 4746 in
1254 4688 1399 4746 dono
1422 4686 1723 4744 differentia
1751 4686 1855 4753 sit,
1882 4694 1939 4741 at
1962 4699 2071 4740 non
2097 4684 2152 4739 iu

556 4801 623 4841 co
651 4786 739 4858 qui
767 4784 914 4840 dedit
947 4802 961 4838 :
991 4798 1059 4838 ex
1102 4780 1294 4837 eodem
1338 4792 1568 4848 namque
1598 4776 1745 4833 fonto
1777 4782 1834 4831 et
1877 4784 1933 4830 tu
1967 4784 2024 4830 et
2062 4774 2154 4831 ille

559 4875 832 4932 hausistis.
862 4875 916 4931 5.
952 4872 1019 4927 Et
1060 4871 1332 4926 divisiones
1377 4866 1800 4923 ministrationum
1837 4872 1987 4929 sunt,
2018 4863 2154 4917 idem

558 4979 726 5023 autem
770 4964 1045 5021 Dominus.
1089 4962 1224 5019 Nam
1262 4960 1686 5017 consolationem
1730 4955 1907 5017 adhuc
1947 4953 2155 5026 placide

561 5073 766 5127 uliginis
788 5098 805 5124 ,
830 5065 889 5111 et
915 5054 1107 5110 Filium
1134 5062 1191 5109 et
1226 5052 1444 5109 Patrem
1468 5047 1673 5119 adjicit.
1707 5047 1937 5116 Alioque
1965 5058 2154 5100 rursus

562 5148 779 5205 nomine
806 5147 922 5203 luce
944 5145 1087 5202 dona
1113 5152 1291 5220 vocat,
1320 5136 1577 5214 majorem
1605 5140 1767 5196 etiam
1793 5137 1917 5193 inde
1941 5135 2158 5207 excogi-

565 5252 688 5297 tans
710 5239 1133 5295 consolationem
1162 5254 1176 5290 :
1207 5235 1329 5292 ideo
1375 5235 1456 5291 sic
1498 5232 1659 5300 dicit,
1690 5231 1973 5287 Division“
2000 5228 2155 5282 mini-

568 5332 864 5385 strationum
884 5339 1024 5394 sunt,
1045 5331 1179 5384 idem
1201 5338 1369 5383 autem
1392 5323 1663 5379 Dominus.
1686 5321 1818 5377 Nam
1841 5322 1933 5393 qui
1953 5321 2154 5377 donum

564 5420 709 5477 audit
734 5460 750 5485 ,
778 5427 834 5475 et
858 5418 1039 5475 minus
1062 5420 1303 5489 accepit,
1336 5416 1567 5473 fultam
1598 5412 1864 5479 doluerit;
1903 5413 1993 5484 qui
2022 5427 2156 5468 vero

564 5512 1014 5569 ministrationem
1042 5511 1269 5578 accepit,
1296 5523 1405 5564 non
1432 5508 1559 5563 item
1590 5524 1605 5562 :
1634 5519 1722 5560 res
1748 5505 1888 5560 extim
1916 5504 2158 5560 laborem

565 5602 766 5660 iudicat
790 5611 846 5658 et
870 5601 1144 5659 sudorem.
1175 5597 1313 5667 Quid
1337 5613 1470 5669 ergo
1492 5597 1667 5661 doles,
1692 5594 1863 5667 inquit
1878 5635 1893 5659 ,
1920 5595 1965 5650 si
1993 5592 2157 5649 alium

565 5696 687 5768 plus
727 5695 972 5752 laborare
1010 5692 1213 5766 jussit,
1256 5690 1351 5749 tibi
1388 5691 1658 5762 parcens?
1694 5689 1753 5747 6.
1791 5685 1861 5745 Et
1889 5686 2157 5745 divisiones

564 5790 921 5859 operationem
949 5797 1064 5845 sunt
1083 5828 1100 5857 ,
1139 5786 1271 5842 idem
1298 5800 1413 5843 uero
1440 5783 1575 5842 Deus
1598 5786 1687 5858 qui
1723 5795 1962 5860 operatur
1986 5783 2157 5841 omnia

1262 376 1320 435 Β.
1356 370 1636 432 JOANNIS
1669 362 2144 427 (ιιιιηεοδτωιι
2183 362 2499 421 ARCIIIEP.
2541 359 3080 419 CONSTANTINOP.

3758 357 3878 413 εει

2262 478 2317 531 in
2360 473 2614 531 omnibus.
2664 476 2718 529 7.
2771 471 3057 542 Unicuique
3099 481 3267 526 aufem
3315 472 3470 525 datur
3517 464 3872 543 inoaijéatutia

2262 566 2495 638 Spiritus
2518 568 2591 621 ad
2614 567 2902 621 utilitatem.
2936 565 3001 619 Et
3028 563 3158 634 quid
3187 571 3272 617 est
3299 562 3583 633 operatio?
3606 562 3733 632 quid
3760 562 3869 616 da-

2260 658 2432 714 num?
2460 659 2704 729 inquies;
2745 655 2874 727 quid
2916 654 3278 710 ministratio?
3320 652 3611 709 Nominum
3654 662 3868 708 tantu-

2259 759 2385 803 suut
2408 746 2748 812 diﬁcrentias,
2770 746 2895 815 quia
2920 758 3012 800 res
3028 743 3235 799 eadem
3260 753 3407 798 sunt.
3430 741 3589 809 Quod
3610 743 3754 797 enim
3775 748 3870 797 est

2259 840 2460 895 donum
2487 879 2503 906 ,
2538 837 2668 894 illud
2696 837 2872 907 ipsum
2900 844 2987 891 est
3014 836 3371 901 ministratio;
3412 834 3518 890 hoe
3542 836 3705 890 etiam
3726 834 3869 890 dicit

2258 930 2628 999 operationem
2658 945 2676 984 :
2704 943 2828 984 nam
2865 927 2940 983 ait
2971 945 2986 982 :
3014 926 3362 982 Minium
3388 935 3532 980 tuum
3573 926 3732 995 imple
3758 926 3780 995 (
3801 925 3868 980 Ξ.

2262 1021 2396 1076 Tim.
2424 1024 2479 1077 ὁ.
2510 1022 2599 1093 5);
2623 1030 2699 1089 et,
2731 1020 3075 1089 Atiniam-imit
3100 1035 3270 1074 meum
3296 1020 3530 1090 gloriﬁco
3556 1020 3738 1088 (item.
3768 1019 3868 1074 ιι.

2261 1113 2375 1183 i3).
2408 1114 2474 1169 Et
2503 1113 2789 1169 Timotheo
2817 1113 3064 1169 scribens
3092 1112 3223 1181 dicit
3242 1153 3259 1178 ,
3290 1112 3513 1183 Propter
3534 1129 3689 1183 quam
3725 1128 3863 1167 coss-

2258 1220 2369 1257 som
2393 1205 2642 1259 admoneo
2668 1215 2717 1258 tc
2737 1245 2753 1270 ,
2779 1214 2837 1258 at
2870 1204 3080 1258 suscites
3107 1204 3323 1274 gratiam
3357 1200 3457 1256 Dei
3490 1218 3605 1272 qua
3631 1211 3704 1258 cst
3731 1203 3787 1256 in
3814 1211 3871 1256 te

2260 1293 2341 1364 (2.
2363 1292 2500 1348 Tim.
2524 1295 2578 1371 1,.
2602 1294 2684 1368 6);
2712 1303 2768 1349 ei.
2789 1293 2859 1349 ad
2885 1293 3102 1349 Galatas
3127 1308 3315 1349 rursus
3338 1292 3582 1348 scribens
3606 1292 3863 1348 dicebat:

2260 1386 2364 1453 Qui
2392 1387 2525 1442 enim
2558 1398 2799 1459 operatus
2826 1396 2902 1442 cst
2930 1385 3088 1442 Petro
3120 1387 3177 1441 in
3209 1387 3553 1456 apostolatus
3570 1428 3588 1454 ,
3620 1396 3870 1457 operatus

2258 1488 2334 1533 cst
2357 1489 2406 1533 α
2433 1480 2560 1534 mihi
2586 1481 2719 1535 inter
2733 1487 2907 1551 genus
2929 1476 3073 1550 (cat.
3092 1477 3149 1533 ε.
3173 1477 3251 1548 ε).
3280 1477 3467 1534 Viden'
3489 1477 3635 1549 quod
3657 1477 3863 1533 nullam

2256 1571 2615 1629 dill‘erentiam
2639 1570 2888 1628 ostendat
2913 1570 2967 1626 in
2994 1571 3153 1627 donis
3180 1570 3355 1627 Patris
3379 1580 3436 1627 et
3458 1569 3580 1626 Filii
3607 1580 3663 1626 et
3685 1570 3865 1641 Spiri—

2259 1674 2345 1719 tus
2378 1665 2586 1720 sancti?
2622 1678 2729 1719 non
2768 1663 3087 1735 bypostases
3124 1660 3463 1718 confundens
3486 1704 3503 1729 ,
3545 1661 3719 1725 absit,
3763 1660 3860 1716 sed

2256 1754 2572 1810 substantia
2618 1766 2802 1824 parem
2856 1754 3119 1809 honorem
3166 1752 3479 1808 ostendens.
3530 1750 3664 1806 Nam
3711 1752 3860 1822 quod

2256 1844 2489 1915 Spiritus
2535 1845 2797 1916 largitur,
2832 1846 2935 1898 hoc
2969 1853 3026 1899 et
3064 1843 3237 1897 Deum
3277 1844 3532 1913 operari,
3567 1853 3624 1898 et
3659 1842 3859 1899 Filium

2256 1935 2511 2005 ordinare
2533 1950 2600 1990 ac
2628 1934 2868 2005 praebere
2892 1934 3042 1990 dicit.
3073 1934 3235 2004 Atqui
3260 1933 3305 1990 si
3336 1934 3439 1989 hoc
3462 1943 3607 1990 esset
3635 1934 3731 1989 illo
3760 1935 3861 1989 mi-

2256 2040 2359 2081 nus
2379 2066 2395 2092 ,
2424 2034 2480 2080 et
2504 2023 2638 2080 illud
2660 2024 2764 2080 isto
2784 2066 2800 2091 ,
2829 2039 2939 2079 non
2965 2025 3045 2079 sic
3071 2022 3200 2079 illud
3228 2024 3518 2095 posuisset,
3548 2039 3729 2096 neque
3758 2024 3861 2081 hac

2256 2115 2475 2177 ratione
2504 2114 2777 2172 dolentem
2816 2115 3131 2172 consolatus
3158 2124 3323 2171 esset.
3362 2114 3493 2172 Post
3534 2114 3649 2171 tunc
3674 2125 3861 2173 autem

2255 2208 2364 2264 alio
2402 2222 2618 2279 quoque
2661 2207 2822 2263 modo
2862 2208 3040 2278 ipsum
3082 2207 3432 2274 consolatur;
3475 2206 3619 2278 quod
3662 2223 3864 2278 nempe

2255 2298 2379 2355 data
2416 2314 2667 2355 mensura
2709 2299 2809 2370 ipsi
2838 2299 3113 2364 conterat,
3140 2298 3352 2353 etiamsi
3392 2298 3567 2353 minor
3591 2298 3686 2353 sit.
3721 2297 3862 2355 Cum

2254 2391 2487 2447 dixisset
2522 2392 2669 2447 enim
2692 2433 2708 2459 ,
2735 2390 2885 2446 Idan
2918 2392 3148 2461 Spiritus
3167 2430 3185 2456 ,
3225 2391 3361 2446 idem
3401 2389 3650 2445 Dominus
3672 2432 3692 2458 ,
3721 2392 3861 2446 idem

2256 2481 2429 2548 Deus,
2459 2488 2516 2536 et
2545 2480 2645 2535 hac
2671 2480 2881 2535 ratione
2906 2481 3082 2550 ipsum
3109 2491 3443 2545 recreasset;
3476 2480 3635 2535 aliam
3668 2496 3865 2538 rursus

2254 2570 2528 2643 subjungit
2553 2571 2977 2627 consolationem
3003 2571 3082 2626 sic
3112 2570 3300 2627 dicens
3326 2588 3341 2626 :
3373 2570 3662 2639 Unicuich
3684 2585 3864 2629 autem

2254 2663 2599 2735 utartifestatio
2627 2661 2857 2732 Spiritus
2882 2663 3039 2717 datur
3056 2662 3125 2716 ad
3148 2661 3439 2717 utilitatem.
3467 2660 3546 2718 Ne
3568 2662 3694 2734 quis
3712 2663 3863 2719 enim

2254 2755 2460 2812 diceret
2486 2797 2501 2821 ,
2530 2754 2671 2823 Quid
2695 2755 2838 2811 enim
2860 2794 2877 2821 ,
2906 2756 2953 2810 si
2980 2755 3122 2811 idem
3154 2754 3411 2810 Dominus
3435 2765 3491 2811 et
3517 2754 3663 2816 idem.
3686 2755 3865 2827 Spiri-

2254 2855 2342 2903 tus
2364 2857 2419 2903 ct
2446 2846 2587 2903 idem
2609 2846 2786 2902 Deus?
2812 2856 2867 2901 at
2891 2860 2992 2916 ego
3011 2846 3191 2905 minus
3212 2845 3434 2917 accepi;
3454 2846 3530 2901 ait
3550 2846 3688 2917 ipse,
3714 2849 3865 2919 quod

2254 2940 2327 2994 ita
2370 2938 2660 2997 conferret.
2714 2937 3197 2994 lianifestationcm
3242 2952 3375 2992 vero
3423 2937 3660 3008 Spiritus
3706 2940 3865 3012 signa

2255 3040 2443 3097 vocat;
2491 3040 2546 3086 et
2587 3030 2802 3085 merito.
2840 3028 2968 3092 hiihi
2998 3029 3143 3084 enim
3182 3027 3325 3083 ﬁdeli
3356 3027 3676 3084 manifestus
3704 3042 3793 3087 est
3823 3034 3869 3089 is

2252 3122 2344 3193 qui
2374 3121 2535 3178 habet
2560 3120 2817 3191 Spiritum
2842 3161 2858 3188 ,
2888 3135 2956 3177 eo
2983 3120 3126 3192 quod
3166 3119 3238 3176 sit
3277 3120 3618 3192 baptizatus;
3650 3122 3867 3182 inﬁdeli

2254 3226 2433 3272 autem
2461 3230 2528 3270 ex
2558 3214 2707 3270 nulla
2735 3228 2794 3269 re
2821 3214 2923 3269 hoc
2949 3215 3055 3269 erit
3080 3214 3451 3285 conspicuum,
3482 3214 3586 3271 nisi
3609 3229 3642 3270 a
3666 3215 3864 3286 signis.

2254 3306 2439 3379 Itaque
2482 3305 2608 3362 inde
2640 3305 2802 3361 etiam
2840 3319 2949 3360 non
2979 3318 3141 3374 parva
3168 3305 3469 3362 consolatio
3496 3314 3600 3361 est.
3630 3306 3867 3365 Etiamsi

2254 3402 2397 3457 enim
2422 3401 2563 3456 dona
2590 3399 2698 3455 sint
2722 3397 2955 3465 diversa,
2980 3411 3084 3452 una
3112 3405 3292 3452 tamen
3318 3405 3398 3451 est
3422 3397 3865 3457 demonstratio:

2254 3511 2378 3552 nam
2416 3495 2531 3550 sive
2570 3492 2796 3548 multum
2836 3493 2951 3547 sive
2991 3507 3215 3561 parvum
3258 3490 3500 3555 habeas,
3540 3493 3775 3562 perinde
3802 3508 3867 3549 cs

2254 3588 2589 3644 manifestus.
2635 3586 2819 3656 itaque
2859 3585 2906 3639 si
2946 3583 3076 3639 illud
3121 3583 3410 3639 ostendere
3443 3584 3681 3655 satagis,
3716 3585 3864 3655 quod

2254 3678 2517 3751 Spiritum
2564 3677 2763 3733 habeas
2786 3719 2802 3745 ,
2834 3676 3187 3734 sufﬁcientem
3224 3675 3391 3731 habes
3428 3676 3862 3733 demonstratio-

2254 3786 2400 3827 nem.
2427 3769 2562 3825 Cum
2591 3783 2719 3839 ergo
2742 3778 2799 3825 et
2822 3782 2961 3823 unus
2988 3769 3058 3823 sit
3081 3767 3173 3838 qui
3196 3766 3366 3832 dedit,
3390 3778 3446 3821 et
3470 3766 3767 3837 gratuitum
3794 3770 3868 3823 sit

2255 3862 2456 3918 donum
2483 3902 2497 3926 ,
2526 3869 2582 3915 et
2622 3858 2987 3915 maniiestatio
3016 3857 3143 3913 hinc
3179 3859 3271 3911 ﬁat
3293 3898 3308 3921 ,
3341 3865 3396 3911 et
3426 3856 3529 3912 hoc
3565 3857 3661 3913 tibi
3690 3860 3866 3930 magis

2254 3955 2530 4019 conterat;
2582 3968 2653 4008 ne
2677 3950 2866 4007 doleas
2891 3951 3045 4021 quasi
3075 3949 3384 4019 despectus.
3412 3947 3600 4019 Neque
3626 3949 3779 4004 enim
3811 3959 3865 4007 te

2254 4046 2521 4103 dedecore
2546 4043 2788 4099 alliciens
2809 4042 2973 4108 Deus,
2999 4055 3178 4109 neque
3198 4040 3374 4096 altero
3396 4038 3664 4094 minorem
3687 4038 3867 4095 decla-

2254 4152 2381 4195 rans
2417 4137 2521 4193 hoc
2548 4135 2697 4202 facit,
2726 4131 2821 4189 sed
2853 4133 2947 4187 tibi
2979 4146 3234 4202 parcens,
3259 4139 3316 4187 et
3347 4130 3402 4186 id
3432 4139 3686 4201 spectans
3714 4130 3866 4203 quod

2255 4229 2355 4285 tibi
2399 4229 2531 4283 utile
2562 4236 2725 4283 esset.
2764 4225 2900 4281 Nam
2940 4224 3113 4295 majus
3141 4222 3415 4294 quidpiam
3457 4223 3707 4294 accipere
3737 4239 3866 4279 eum

2255 4318 2350 4390 qui
2375 4317 2521 4374 ferre
2546 4333 2653 4373 non
2680 4314 2868 4386 possit,
2886 4313 2989 4370 hoc
3013 4321 3158 4369 esset
3184 4312 3394 4380 inutile,
3412 4313 3633 4368 noxium
3653 4321 3713 4367 et
3733 4328 3867 4370 mo:-

2255 4424 2383 4466 rore
2407 4408 2645 4481 dignum.
2678 4407 2732 4462 8.
2779 4404 2920 4460 Nam
2947 4406 3040 4459 atii
3066 4404 3268 4475 quidem
3296 4418 3386 4475 per
3416 4403 3675 4475 Spiritum
3702 4403 3870 4459 datur

2257 4518 2422 4558 sermo
2458 4501 2761 4575 sapientia,
2790 4498 2882 4553 alii
2920 4507 3088 4553 autem
3125 4512 3292 4551 sermo
3328 4495 3871 4569 scientiam

2260 4592 2490 4650 eumdem
2514 4568 2804 4662 Spiru'um;
2830 4590 2883 4645 9.
2914 4589 3064 4644 alteri
3088 4588 3215 4658 ﬁdes
3240 4587 3294 4640 in
3315 4585 3489 4640 eodem
3514 4584 3748 4657 spiritu,

2258 4692 2428 4737 autem
2452 4682 2618 4754 gratia
2641 4681 2963 4735 curationum
2986 4680 3040 4733 in
3064 4677 3241 4732 eodem
3269 4675 3495 4745 Spiritu.
3515 4673 3712 4731 Viden'
3732 4694 3873 4750 quo-

2259 4772 2422 4829 modo
2472 4770 2670 4843 ubique
2710 4771 2816 4826 hoc
2858 4769 3282 4825 additamentum
3322 4765 3524 4835 faciat,
3572 4764 3643 4821 In
3684 4769 3871 4825 eodem

2263 4865 2463 4936 Spiritu
2490 4862 2698 4931 dicens,
2731 4870 2820 4930 et,
2851 4858 3147 4925 secundum
3177 4858 3409 4913 renident
3438 4856 3738 4929 Spiritus!
3760 4858 3870 4915 scit

2261 4958 2406 5013 enim
2437 4954 2565 5010 hinc
2599 4966 2846 5022 magnam
2877 4950 3006 5007 oriri
3033 4948 3480 5007 consolationem.
3509 4947 3601 5005 ω.
3633 4945 3744 5002 Alii
3770 4964 3872 5002 aa-

2262 5058 2363 5103 tcnt
2385 5047 2704 5116 operationcs
2731 5046 2994 5110 virtutum,
3021 5043 3112 5098 alii
3143 5040 3444 5114 prophetia,
3472 5040 3564 5095 alii
3592 5038 3874 5097 discutie-

2262 5157 2351 5196 ncs
2379 5139 2680 5210 spirituum,
2710 5131 2799 5192 alii
2829 5152 3015 5208 genero
3041 5135 3366 5204 linguarum,
3396 5133 3488 5189 alii
3515 5132 3875 5202 interposui.

2263 5248 2573 5289 sermonum.
2601 5229 2736 5297 Quia
2764 5228 2908 5284 enim
2937 5227 2990 5281 iu
3018 5225 3122 5279 hoc
3144 5224 3311 5279 altum
3336 5222 3637 5294 sapiebat,
3660 5221 3794 5280 ideo
3817 5224 3873 5280 id

2264 5332 2595 5396 postremum
2624 5320 2827 5391 posuit,
2855 5326 2913 5375 et
2940 5314 3214 5385 subjunxit
3243 5332 3257 5367 :
3288 5315 3376 5370 ll.
3408 5312 3535 5369 Bac
3562 5323 3739 5368 autem
3765 5330 3873 5370 ons-

2266 5415 2353 5468 nia
2388 5423 2629 5484 operatur
2667 5426 2800 5465 unus
2824 5399 2887 5473 ct
2928 5405 3063 5459 idem
3104 5404 3355 5475 Spiritus.
3400 5404 3763 5459 Pharmacusn
3800 5404 3870 5461 ad

2267 5518 2482 5561 omnem
2502 5500 2928 5559 consolationem
2949 5504 3131 5569 aptum
3158 5512 3171 5549 :
3191 5494 3336 5565 quod
3357 5509 3424 5549 cx
3446 5492 3636 5549 eadem
3658 5491 3872 5560 ηκιῐω,

2268 5610 2335 5652 ex
2358 5594 2546 5650 iisdem
2570 5589 2859 5652 thesauris,
2874 5600 2945 5641 ex
2964 5585 3156 5644 iisdem
3176 5585 3392 5643 liuentis
3409 5594 3602 5641 omnes
3617 5581 3870 5653 accipere

2270 5685 2497 5758 possint.
2518 5681 2645 5737 ideo
2665 5678 2979 5748 ireqneater
2996 5677 3272 5742 hauriam.
3294 5675 3400 5731 hoc
3420 5670 3587 5729 verbo
3602 5685 3729 5728 an
3748 5686 3873 5747 qua

2274 5775 2557 5833 videbatur
2578 5783 2700 5828 esse
2728 5769 3149 5842 Inaequalitatem
3174 5770 3427 5836 omni
3450 5770 3507 5821 et
3530 5760 3868 5826 consolatur.
