4086 6340
228 378 333 436 ριε

231 494 301 551 Et
321 495 574 565 superius
596 496 811 567 quidem
836 494 1114 568 Spiritum,
1144 496 1333 551 Filium
1361 506 1415 549 et
1442 496 1653 549 Patrem
1678 502 1819 549 dona

228 588 442 657 elargiri
473 588 713 644 ostendit
741 606 756 643 :
786 587 872 644 hic
906 603 1035 644 vero
1062 588 1318 658 Spiritum
1346 586 1547 641 dixisse
1567 585 1700 640 satis
1726 585 1819 639 ha—

228 677 348 734 buit
368 720 384 744 ,
417 688 475 733 ut
506 678 632 735 hinc
659 680 818 739 etiam
846 679 1021 735 discas
1047 678 1293 735 eamdem
1321 693 1443 734 esse
1481 676 1816 747 dignitatem.

228 771 370 838 Quid
394 779 478 827 est
500 783 681 828 autem
708 773 891 830 Sermo
912 760 1223 845 sapientia?
1238 772 1409 841 Quem
1433 772 1660 826 habebat
1682 771 1819 826 Pau-

226 863 335 924 lus.
360 880 517 933 quem
546 865 772 921 habebat
790 865 1021 922 Joannes
1044 866 1182 920 [ilius
1203 864 1438 918 tonitrui.
1471 862 1607 930 Quid
1630 862 1811 919 Sermo

223 957 490 1011 scientia?
514 958 683 1026 Quem
728 958 959 1014 tidelium
1002 958 1154 1013 multi
1194 956 1503 1021 habebant,
1530 954 1808 1011 scientiam

222 1049 448 1117 quidem
478 1050 756 1119 habentes,
784 1052 982 1108 docere
1007 1059 1183 1106 autem
1214 1045 1321 1105 bon
1349 1050 1609 1111 valentes,
1641 1061 1815 1118 neque

223 1140 387 1195 facile
407 1155 471 1204 ea
496 1156 613 1213 quae
638 1143 879 1199 sciebant
901 1142 1021 1198 aliis
1043 1144 1342 1197 enuntiare.
1366 1141 1469 1196 Alii
1492 1156 1604 1195 vero
1626 1140 1811 1209 ﬁdem;

222 1228 388 1285 tidem
422 1246 527 1287 non
573 1233 712 1289 hanc
748 1232 967 1299 dicens,
996 1247 1115 1301 quae
1144 1232 1394 1303 dogmata
1432 1240 1676 1302 spectat,
1714 1230 1810 1285 sed

219 1321 388 1377 tidem
414 1323 687 1394 signorum
707 1366 722 1390 ,
750 1324 817 1380 de
842 1339 946 1394 qua
972 1325 1218 1379 Christus
1245 1324 1374 1379 dicit
1403 1346 1416 1382 :
1448 1324 1510 1379 Si
1536 1322 1810 1378 habueritis

216 1415 379 1483 ﬁdem
418 1428 475 1471 ut
511 1434 726 1489 granum
763 1417 956 1479 sinapis
980 1458 995 1482 ,
1034 1417 1208 1471 dicetis
1246 1416 1362 1469 huic
1399 1420 1554 1469 ntonti
1574 1456 1590 1480 ,
1626 1413 1811 1469 Transi

216 1507 340 1561 hinc
363 1549 381 1573 ,
410 1508 713 1563 et-transibit
752 1507 772 1580 (
798 1507 986 1562 Matth.
1016 1508 1103 1563 i7.
1135 1506 1202 1564 i9
1229 1506 1268 1578 ).
1300 1507 1366 1561 Et
1395 1506 1533 1561 hanc
1558 1506 1809 1574 petebant

214 1601 450 1683 apostoli
494 1599 775 1654 dicentes:
806 1598 954 1653 Adde
999 1596 1143 1652 nobis
1185 1596 1339 1667 ﬁdem
1367 1594 1535 1665 (Luc.
1574 1596 1660 1650 l7.
1704 1595 1802 1664 5).

211 1690 346 1746 Bac
392 1692 532 1745 enim
580 1700 751 1745 mater
793 1690 1066 1760 signorm
1106 1698 1208 1745 est.
1250 1688 1600 1757 Operationes
1628 1696 1803 1741 autem

208 1782 471 1836 virtutum
505 1780 702 1836 habere
726 1822 741 1847 ,
773 1790 827 1836 et
857 1782 1083 1851 gratiam
1112 1780 1449 1834 curationum
1478 1820 1495 1843 ,
1527 1792 1633 1832 non
1664 1776 1804 1831 idem

208 1871 391 1942 ipsum
438 1883 540 1928 est.
588 1872 719 1928 Nam
757 1873 849 1942 qui
892 1873 1490 1943 gratiatn‘curationum
1536 1868 1801 1932 habebat.

208 1962 531 2018 medebatur
576 1972 823 2027 tantum;
869 1962 959 2032 qui
1000 1975 1131 2015 vero
1169 1960 1521 2031 operationes'
1550 1960 1801 2013 virtutum

207 2056 563 2127 possidebat,
590 2056 752 2110 etiam
782 2053 1093 2124 castigabat.
1136 2052 1380 2108 Potestas
1415 2054 1557 2108 enim
1588 2062 1670 2107 est
1695 2068 1800 2107 non

207 2147 439 2201 sanandi
470 2144 662 2208 modo,
694 2144 788 2199 sed
817 2144 975 2202 etiam
1001 2144 1290 2214 puniendi;
1320 2154 1378 2197 ut
1402 2143 1596 2199 Paulus
1623 2157 1800 2197 excie-

203 2240 393 2305 cavit,
427 2239 722 2308 Petrusque
748 2237 1032 2293 interfecit.
1080 2237 1181 2291 Alii
1216 2252 1332 2291 vero
1368 2237 1643 2306 prophetia!
1668 2278 1680 2301 ,
1710 2235 1800 2289 alii

204 2333 537 2386 discretione:
564 2324 856 2399 spirituum.
889 2329 1025 2398 Quid
1053 2330 1154 2383 sibi
1184 2331 1296 2384 vult
1322 2329 1448 2385 illud
1472 2369 1488 2395 ,
1523 2328 1797 2382 Discretio-

202 2437 297 2475 nes
334 2420 652 2487 spirituum?
695 2419 847 2477 Scire
875 2420 993 2490 quis
1040 2420 1112 2474 sit
1158 2419 1483 2491 spirituaiis,
1526 2420 1647 2489 quis
1689 2432 1793 2473 non

199 2513 534 2582 spiritualis;
579 2514 696 2583 quis
741 2513 997 2585 propheta
1025 2556 1040 2578 ,
1082 2513 1203 2584 quis
1238 2513 1533 2583 deceptor:
1564 2514 1613 2567 id
1654 2512 1795 2583 quod

198 2603 781 2661 Thessalonicensibus
819 2605 1073 2660 dicebat:
1104 2603 1408 2671 Prophetias
1443 2606 1596 2659 nolite
1633 2606 1794 2676 negli-

197 2703 323 2770 9m
351 2711 369 2750 :
396 2698 566 2749 omnia
591 2705 759 2750 autem
785 2696 1089 2759 probantes,
1118 2696 1254 2763 quod
1285 2698 1470 2750 bonum
1494 2705 1565 2750 est
1587 2736 1601 2759 ,
1635 2706 1795 2750 tenete

197 2790 221 2859 (
246 2792 299 2845 Ι.
331 2788 506 2843 Thess.
536 2788 589 2843 5.
618 2787 709 2844 20.
736 2787 858 2858 21).
887 2786 1021 2842 Nam
1061 2788 1225 2842 multa
1258 2795 1384 2842 tunc
1412 2796 1527 2841 erat
1561 2787 1793 2856 pseudo-

196 2880 591 2953 prophetarum
648 2880 959 2951 corruptio,
1021 2878 1239 2935 diabolo
1284 2880 1643 2936 contendente
1694 2895 1792 2950 pro

194 2974 433 3030 veritate
472 2973 797 3027 substituere
842 2971 1202 3028 mendacium.
1252 2972 1357 3029 Alii
1400 2983 1567 3028 autem
1610 2990 1792 3044 genera

194 3066 497 3138 linguarum
518 3106 535 3131 ,
565 3066 656 3119 alii
680 3065 1025 3134 interpretatio
1048 3081 1353 3120 sermonum.
1387 3065 1518 3120 Nam
1550 3065 1641 3121 ille
1669 3066 1791 3135 qui-

193 3158 327 3213 dem
368 3157 572 3212 sciebat
594 3154 738 3226 quod
768 3157 882 3226 ipse
909 3156 1153 3220 diceret,
1184 3156 1335 3212 alteri
1365 3172 1497 3212 vero
1526 3156 1577 3210 id
1622 3157 1790 3211 inter-

192 3251 404 3322 pretari
434 3266 538 3304 non
566 3258 803 3320 poterat:
826 3250 962 3304 alius
988 3263 1117 3304 vero
1142 3244 1257 3305 hzec
1277 3250 1436 3303 ambo
1462 3250 1786 3318 possidebat,

191 3344 283 3399 vel
313 3343 653 3399 alterutrum.
796 3414 804 3423 _

271 3437 329 3492 ι.
374 3435 662 3490 Videbatur
698 3443 877 3489 autem
921 3434 1025 3490 hoc
1074 3434 1273 3490 donum
1318 3449 1438 3491 esse
1483 3448 1733 3506 magnum
1762 3478 1777 3503 ,

192 3529 455 3599 quoniam
484 3528 659 3597 ipsum
693 3528 921 3597 primum
946 3528 1176 3599 apostoli
1202 3540 1541 3598 acceperunt,
1563 3539 1619 3584 et
1646 3532 1785 3597 apud

195 3621 511 3678 Corinthios
538 3620 750 3689 plurimi
782 3620 885 3677 hoc
911 3636 1135 3676 munere
1165 3623 1408 3676 instructi
1438 3631 1591 3677 erant
1615 3640 1629 3676 :
1653 3623 1785 3680 doc-

194 3713 356 3767 trina:
379 3721 558 3772 autem
588 3712 809 3767 verbum
855 3727 963 3766 non
994 3712 1087 3765 ita.
1124 3711 1249 3766 Ideo
1278 3712 1403 3766 illud
1433 3712 1646 3779 quidem
1675 3714 1783 3783 pri-

193 3818 347 3857 mum
365 3804 513 3872 ponit
537 3844 552 3869 ,
584 3802 687 3863 hoc
702 3818 830 3859 vero
850 3812 1200 3873 postremum.
1224 3800 1355 3855 Nam
1374 3812 1426 3856 et
1447 3803 1546 3855 hoc
1570 3813 1785 3872 propter

194 3894 329 3950 illud
356 3904 437 3949 est
457 3935 472 3959 ,
507 3908 608 3949 nec
624 3910 728 3948 non
751 3894 855 3948 alia
879 3893 1080 3957 omnia,
1106 3892 1419 3961 prophetiae,
1449 3895 1783 3961 operationes

193 3987 479 4048 virtutum,
511 4000 706 4055 genera
744 3985 1067 4055 linguarum,
1100 3992 1154 4039 et
1182 3984 1548 4053 interpretatio
1579 3985 1782 4054 lingua-

192 4090 318 4131 rum
354 4093 368 4129 :
399 4075 528 4131 nihil
556 4078 697 4130 enim
728 4077 853 4130 huic
877 4091 975 4146 par
1004 4083 1125 4139 est;
1155 4075 1382 4145 ideoque
1402 4075 1612 4130 dieebat
1640 4093 1655 4130 :
1685 4075 1784 4143 Qui

194 4169 323 4223 bene
368 4178 589 4235 prterunt
636 4170 955 4239 presbyteri,
983 4168 1177 4237 duplici
1227 4169 1417 4221 honore
1462 4169 1598 4239 digni
1627 4181 1779 4236 sunt,

192 4261 421 4314 maxime
454 4262 538 4330 qui
577 4260 808 4314 laborant
838 4262 889 4314 in
920 4261 1065 4313 verba
1094 4271 1142 4313 et
1179 4261 1410 4313 doctrina
1452 4262 1469 4329 (
1490 4262 1534 4315 ι.
1561 4261 1695 4315 Tim.
1724 4264 1776 4318 5.

192 4352 310 4420 17).
350 4350 720 4405 EtTimotheo
762 4351 975 4420 scripsit
1020 4350 1241 4412 dicens,
1290 4351 1501 4405 Attende
1546 4353 1778 4418 lectioni,

191 4443 536 4496 ahartationi
561 4483 575 4504 ,
605 4443 848 4495 doctrina:
876 4458 892 4495 :
924 4442 1027 4494 noli
1058 4444 1307 4511 negligere
1334 4445 1551 4512 gratiam
1591 4460 1701 4513 qua:
1728 4446 1779 4498 in

194 4545 243 4588 te
274 4547 349 4587 est
383 4535 454 4597 (1.
499 4534 633 4589 Tim.
662 4534 716 4588 4.
746 4535 833 4588 15.
864 4533 971 4603 Η).
1012 4532 1198 4587 Vidcn’
1233 4536 1499 4601 tummodo
1529 4536 1627 4588 hoc
1658 4552 1779 4605 gra-

192 4626 326 4679 tiam
356 4625 781 4680 't'ocettDeinde
825 4640 981 4693 quam
1030 4623 1273 4692 superius
1320 4629 1494 4691 posuit
1539 4628 1779 4679 consola-

191 4718 398 4771 tionem
428 4718 631 4780 dicens,
666 4714 811 4768 Idem
846 4716 1069 4781 Spiritus
1094 4758 1109 4773 ,
1150 4716 1285 4766 hanc
1326 4728 1377 4764 ct
1431 4714 1513 4766 Im;
1554 4717 1733 4777 adiicit
1760 4758 1774 4781 ,

193 4808 383 4861 dicens
415 4824 429 4858 :
465 4806 589 4859 Haec
629 4815 797 4865 autem
838 4807 1008 4863 omnia
1040 4814 1441 4870 ~aperatur'n‘nus
1473 4816 1616 4873 ρίιιεειι
1644 4808 1775 4860 idem

199 4898 447 4964 Sieritus,
478 4897 701 4949 dividens
725 4897 937 4965 singulis
962 4905 1107 4963 prout
1138 4894 1257 4946 vnit.

265 4988 457 5043 Contra
490 4988 1002 5045 Pneumatomac/tos.
1029 5019 1100 5029 --
1117 4989 1228 5043 Non
1258 4989 1417 5041 modo
1444 5000 1617 5041 autem
1644 5004 1773 5043 con-

189 5084 420 5147 solatur,
469 5085 561 5137 sed
584 5085 744 5138 etiam
786 5098 847 5137 os
873 5082 1101 5136 obstruit
1143 5080 1525 5135 cuntradicenti
1572 5084 1655 5136 hic
1700 5085 1777 5137 di-

190 5188 368 5233 cens:
400 5172 635 5227 Dividens
662 5177 872 5245 singulis
905 5186 1055 5243 prout
1089 5178 1213 5227 vult.
1258 5174 1481 5242 Oportet
1513 5176 1652 5227 enim
1683 5176 1777 5230 ad-

188 5268 477 5336 stringere,
512 5281 611 5318 nec
640 5268 809 5320 solum
839 5267 1039 5321 mederi
1068 5284 1082 5331 ;
1116 5269 1252 5320 sicut
1280 5277 1332 5319 et
1362 5266 1412 5321 in
1442 5267 1675 5333 Epistola
1708 5271 1775 5325 ad

189 5361 470 5415 Romanos
498 5354 642 5417 facit,
671 5372 791 5411 cum
817 5360 941 5413 dicit
968 5375 982 5412 :
1014 5357 1093 5411 Tu
1118 5362 1229 5428 quis
1256 5376 1323 5418 es,
1356 5360 1438 5423 qui
1470 5361 1775 5431 respondeas

189 5451 309 5505 Deo
339 5449 512 5518 (Rom.
539 5447 592 5501 9.
624 5446 714 5512 20)
741 5446 762 5496 ?
796 5448 864 5500 ita
894 5450 1051 5503 etiam
1101 5452 1185 5502 hic
1216 5490 1229 5513 ,
1273 5442 1515 5500 Dividcns
1560 5450 1775 5519 singulis

189 5555 350 5617 prout
374 5544 493 5596 uult.
530 5542 593 5596 Et
621 5538 758 5608 quod
796 5539 969 5593 Patris
1002 5550 1119 5594 erat
1150 5583 1163 5603 ,
1198 5541 1358 5595 etiam
1402 5539 1631 5607 Spiritus
1656 5557 1775 5599 esse

190 5635 451 5688 Ostendit.
486 5633 632 5687 Sicut
676 5630 816 5683 enim
846 5630 912 5681 de
953 5629 1045 5681 illo
1070 5632 1140 5683 ait
1170 5649 1183 5684 :
1214 5630 1359 5683 Idem
1383 5639 1548 5683 autem
1580 5629 1715 5685 Deus
1758 5674 1771 5695 ,

187 5729 280 5795 qui
312 5734 545 5796 aperatur
590 5722 756 5775 omnia
799 5721 852 5771 in
895 5720 1124 5772 omnibus
1154 5737 1170 5781 ;
1198 5722 1274 5774 sic
1314 5731 1366 5775 ct
1408 5721 1477 5775 de
1524 5722 1722 5789 Spiritu
1760 5742 1771 5776 :

197 5817 331 5873 Hac
356 5831 505 5887 porro
534 5814 701 5867 omnia
726 5818 1117 5879 operaturunus
1145 5819 1190 5861 et
1218 5811 1347 5863 idem
1386 5810 1626 5878 Spiritus.
1663 5812 1767 5865 Sed

526 5914 788 5973 PnuoL.
836 5910 949 5970 Gn.
1004 5904 1156 5968 LXI.

1234 374 1300 431 ΙΝ
1339 376 1550 432 EPlST.
1600 376 1621 432 1
1664 378 1771 431 Ἀῐ)
1809 374 1969 434 COR.
2012 379 2241 437 HOMIL.
2284 380 2477 439 XXIX.

3403 400 3512 457 206

1935 506 2133 564 motus,
2159 496 2366 568 inquies
2393 543 2407 565 ,
2434 516 2465 555 a
2493 503 2623 558 Deo.
2659 504 2851 560 Verum
2882 506 2984 562 hoc
3024 524 3284 582 nusquam
3334 513 3469 570 dixit
3491 557 3510 581 ,

1928 584 2025 643 sed
2057 599 2111 643 ttt
2138 590 2270 647 illud
2298 590 2527 664 efﬁngis.
2550 595 2777 662 Quando
2799 600 2941 653 enim
2969 601 3117 666 dicit,
3147 604 3250 670 Qui
3275 618 3514 676 operatur

1926 682 2172 737 omniain
2198 686 2451 753 omnibus,
2480 686 2547 742 de
2570 687 2875 745 hominibus
2902 691 3004 747 hoc
3025 691 3191 749 dicit:
3219 710 3509 768 numquam

1922 794 2043 834 cum
2073 779 2380 839 hominibus
2417 784 2673 854 Spiritum
2702 799 3051 855 aunumerat,
3077 791 3286 847 etiamsi
3316 793 3512 850 millies

1923 879 2164 927 amanter
2206 872 2443 943 loquaris
2469 884 2525 933 et
2567 878 2824 935 insanias.
2853 879 2988 948 Quia
3015 886 3157 936 enim
3182 882 3356 949 dixit,
3404 882 3511 940 Per

1923 961 2175 1033 Spiritum
2197 980 2219 1029 ;
2247 974 2303 1021 ut
2332 983 2400 1022 ne
2427 980 2582 1037 putes
2611 969 2739 1024 illud
2763 1011 2779 1037 ,
2814 989 2904 1042 per
2926 1011 2942 1037 ,
2977 973 3363 1030 imminutionis
3387 988 3511 1031 esse

1921 1069 2131 1122 vocem,
2160 1073 2259 1112 nec
2289 1060 2437 1115 illum
2471 1063 2683 1117 moveri
2708 1064 2776 1118 ad
2797 1067 3189 1134 operationem,
3215 1065 3509 1138 subiungit,

1925 1146 2144 1219 Operari
2172 1150 2461 1221 Spiritum,
2494 1170 2599 1209 non
2649 1155 2718 1210 ad
2763 1159 3136 1225 operation'em
3179 1160 3382 1216 moveri
3407 1200 3424 1225 ,
3454 1168 3511 1215 et

1924 1242 2130 1309 operari
2200 1252 2255 1296 ut
2296 1243 2449 1311 vult,
2496 1260 2602 1301 non
2643 1258 2704 1318 ut
2748 1247 2984 1317 iubetur.
3041 1250 3503 1330 Quemadmodum

1917 1331 2061 1384 enim
2083 1332 2149 1387 de
2172 1331 2330 1388 Patre
2351 1334 2520 1390 Filius
2536 1336 2687 1403 dicit,
2712 1336 2918 1394 Excitat
2939 1349 3162 1395 mortuos
3181 1352 3230 1396 et
3248 1332 3509 1411 viviﬁcat;

1917 1429 1973 1475 et
1990 1421 2239 1478 similiter
2258 1424 2326 1480 de
2348 1427 2546 1496 seipse,
2570 1430 2708 1494 Quos
2730 1431 2837 1484 uult
2856 1418 3073 1498 uiui/ictu
3094 1430 3275 1504 (lacn.
3298 1434 3354 1489 5.
3369 1432 3464 1507 Si)
3488 1452 3503 1488 :

1915 1511 1993 1565 sic
2022 1523 2076 1567 et
2108 1513 2176 1569 de
2204 1513 2404 1585 Spirittt
2430 1557 2446 1579 ,
2490 1519 2615 1574 alibi
2647 1521 2859 1590 quidem
2888 1522 3029 1593 quod
3072 1538 3194 1578 cum
3239 1534 3507 1595 potestate

1914 1606 2092 1658 omnia
2122 1606 2318 1674 faciat,
2345 1620 2400 1663 et
2428 1611 2560 1666 nihil
2587 1613 2660 1667 sit
2686 1615 2827 1681 quod
2853 1615 3105 1685 impediat
3134 1617 3291 1687 (illud
3321 1619 3500 1691 enim,

1917 1693 2014 1749 Ubi
2042 1698 2146 1751 uult
2179 1701 2341 1767 spirat
2395 1700 2556 1771 (Ibid.
2587 1704 2639 1758 ὅ.
2672 1705 2751 1772 8),
2780 1708 2986 1762 etiamsi
3015 1708 3083 1763 de
3110 1718 3272 1763 vento
3297 1710 3499 1765 dictum

1913 1789 2100 1853 fuerit,
2137 1790 2200 1845 ad
2246 1793 2347 1848 boc
2385 1795 2527 1864 quod
2565 1796 2795 1852 dicimus
2820 1801 2957 1853 viam
3002 1804 3218 1871 parat):
3250 1801 3337 1858 bie
3370 1819 3502 1859 vero

1910 1878 2060 1965 dicit,
2086 1879 2271 1936 Omnia
2293 1895 2533 1955 aperatur
2550 1898 2700 1956 prout
2726 1890 2851 1944 vult.
2872 1889 2939 1945 Et
2960 1892 3177 1948 aliunde
3194 1894 3341 1950 disco
3356 1897 3497 1966 quod

1920 1960 2023 2024 non
2042 1974 2195 2028 sitex
2219 1974 2302 2041 iis,
2324 1978 2413 2046 qui
2442 1993 2541 2047 per
2569 1982 2936 2049 operationem
2960 1994 3263 2059 moventur,
3286 1960 3495 2059 sed-thn

1909 2074 2218 2131 operantur,
2236 2066 2358 2122 hinc
2372 2067 2519 2123 disce
2537 2087 2548 2121 :
2575 2070 2700 2136 Quis
2716 2074 2846 2125 enim
2864 2056 3019 2149 novit,
3040 2075 3231 2146 inquit,
3244 2092 3360 2147 quae
3378 2056 3497 2133 sunt

1909 2151 2127 2206 nominis
2152 2196 2167 2220 ,
2216 2156 2313 2210 nisi
2342 2158 2554 2227 spiritus
2589 2162 2807 2216 nominis
2828 2164 2853 2218 .’
2877 2162 2968 2219 Sic
3010 2174 3059 2220 et
3098 2180 3214 2235 qua
3243 2165 3338 2222 Dei
3375 2181 3495 2223 sunt

1906 2257 2052 2297 nemo
2079 2246 2250 2311 novit,
2294 2250 2394 2303 nisi
2433 2250 2658 2319 Spiritus
2689 2252 2783 2308 Dei
2810 2254 2884 2327 (1.
2916 2255 3035 2310 Cor.
3077 2254 3133 2314 2.
3180 2259 3293 2329 Μ).
3336 2261 3491 2327 Quod

1905 2338 2082 2389 autem
2109 2338 2330 2406 spiritus
2352 2341 2603 2410 hominis,
2632 2345 2682 2399 id
2709 2355 2814 2411 est,
2840 2348 3041 2416 anima,
3065 2364 3173 2404 non
3196 2338 3493 2421 egi-atopc?

1904 2424 2110 2481 natione
2131 2467 2146 2491 ,
2184 2438 2239 2489 ut
2278 2444 2374 2483 sua
2402 2444 2729 2501 cognoscat,
2772 2438 2972 2492 nemini
3015 2456 3121 2495 non
3151 2452 3336 2497 notum
3361 2454 3445 2497 est
3474 2463 3487 2497 :

1906 2529 2036 2588 ergo
2061 2532 2161 2571 nec
2203 2517 2433 2588 Spiritus
2462 2534 2679 2578 sanctus
2702 2565 2718 2590 ,
2747 2535 2807 2580 ut
2844 2538 3131 2597 cognoscat
3159 2547 3223 2586 ea
3247 2546 3366 2603 qua:
3394 2537 3485 2591 Dei

1896 2616 2047 2662 sunt.
2098 2609 2188 2665 Sic
2224 2611 2367 2666 enim
2415 2615 2532 2667 ait:
2567 2616 2773 2670 Arcana
2822 2617 2917 2672 Dei
2967 2623 3215 2690 cognovit
3258 2626 3503 2694 Spiritus

1900 2709 2140 2766 sanctus,
2172 2704 2309 2757 sicut
2340 2705 2515 2759 anima
2565 2708 2797 2763 hominis
2834 2724 3027 2765 arcana
3070 2726 3185 2766 sua.
3218 2712 3273 2769 Si
3306 2725 3483 2772 autem

1899 2791 1966 2851 ad
2008 2793 2110 2846 hoc
2150 2795 2253 2848 alia
2283 2800 2597 2865 operatione
2630 2818 2741 2869 non
2790 2814 3036 2861 movetur
3059 2847 3074 2871 ,
3108 2808 3273 2863 multo
3316 2813 3486 2881 magis

1898 2881 1986 2946 qui
2016 2883 2117 2937 scit
2146 2884 2405 2951 profunda
2438 2888 2566 2955 Dei,
2594 2900 2647 2945 et
2676 2908 2781 2945 nou
2813 2896 2991 2965 aliqua
3019 2901 3334 2967 operatione
3364 2918 3481 2956 tuo.

1899 2982 2053 3025 vatur
2072 2973 2138 3026 ad
2163 2973 2400 3030 dandum
2428 2978 2750 3035 charismata
2778 2986 3055 3053 apostolis,
3076 2988 3182 3041 alia
3212 3006 3317 3044 non
3347 3006 3481 3061 opus

1899 3061 2144 3119 habuerit
2182 3070 2514 3136 operatione.
2559 3072 2759 3128 Praeter
2802 3075 2914 3131 lucc
2944 3087 3123 3133 autem
3169 3081 3312 3135 aliud
3339 3098 3483 3140 nunc

1897 3156 2104 3224 dicam,
2139 3162 2280 3237 qugd
2334 3165 2479 3231 prius
2521 3166 2651 3220 dixi.
2695 3168 2865 3239 Quale
2903 3170 3078 3227 illud?
3107 3172 3164 3228 Si
3211 3175 3387 3229 minor
3411 3178 3480 3231 sit

1898 3250 2125 3325 Spiritus
2151 3262 2207 3308 et
2235 3255 2454 3311 alterius
2480 3259 2813 3322 substantizn.
2844 3264 2977 3318 nihil
3029 3267 3317 3335 profuisset
3340 3282 3472 3323 con-

1894 3343 2106 3409 solatio,
2133 3360 2305 3414 neque
2328 3346 2602 3404 audivisse
2626 3351 2873 3407 eumdem
2901 3368 3021 3409 esse
3042 3356 3319 3426 Spiritum.
3346 3359 3480 3416 Nam

1893 3436 1981 3505 qui
2013 3450 2041 3489 a
2073 3452 2196 3505 rege
2221 3440 2445 3508 accepit,
2478 3441 2613 3497 hanc
2641 3446 2928 3501 maximam
2959 3448 3200 3505 habuerit
3220 3457 3471 3509 consola-

1895 3528 2133 3595 tionem,
2167 3531 2307 3599 quod
2350 3532 2461 3600 ipse
2513 3534 2562 3589 ei
2606 3534 2849 3599 dederit;
2882 3539 2973 3608 qui
3022 3552 3202 3596 autem
3247 3558 3279 3597 a
3323 3560 3479 3615 seruo

1893 3620 2119 3690 accipit,
2167 3631 2291 3676 tunc
2334 3625 2504 3693 magis
2549 3626 2729 3693 dolet,
2760 3630 2973 3701 quando
3002 3633 3265 3702 quispiam
3304 3635 3405 3692 hoc
3427 3642 3473 3691 t-i

1892 3711 2167 3766 obtulerit.
2199 3713 2379 3782 itaque
2407 3716 2529 3770 hinc
2556 3718 2715 3771 etiam
2746 3721 2918 3787 palam
2946 3732 3030 3777 est
3052 3723 3312 3791 Spiritum
3346 3743 3469 3782 san-

1891 3812 2034 3856 ctum
2067 3819 2171 3857 non
2197 3804 2426 3870 servilis,
2455 3805 2547 3860 sed
2579 3809 2737 3877 regiae
2760 3825 2880 3865 esse
2908 3812 3243 3878 substantiae.
3275 3816 3477 3871 Idcirco

1891 3893 2029 3947 sicut
2056 3897 2362 3949 consolatus
2388 3906 2471 3951 est
2497 3898 2616 3952 illos
2640 3899 2825 3955 dicens
2844 3944 2859 3967 ,
2897 3900 3179 3958 Divisianes
3211 3908 3470 3961 ministru-

1892 3985 2085 4037 tionnm
2114 3996 2251 4050 sunt,
2276 3988 2409 4039 idem
2438 3998 2605 4042 autem
2632 3988 2879 4046 Dominus
2900 3998 2939 4059 ,"‘
2952 4002 3022 4059 et,
3054 3994 3329 4052 Diuisiones
3354 4016 3472 4069 ορε-

1889 4076 2142 4127 rationum
2168 4117 2181 4139 ,
2213 4078 2345 4131 idem
2370 4092 2538 4132 autem
2566 4080 2702 4135 Dens
2729 4099 2745 4133 :
2770 4084 2847 4137 sic
2876 4100 2999 4139 cum
3027 4090 3276 4155 superius
3301 4090 3469 4155 dixit,

1889 4163 2175 4219 Divisiones
2194 4169 2474 4236 gratiarum
2497 4180 2635 4236 sunt,
2656 4172 2788 4225 idem
2814 4188 2981 4229 autem
3010 4177 3272 4246 Spiritus;
3295 4193 3349 4234 et
3373 4185 3472 4235 sub

1889 4256 2005 4310 haec
2052 4257 2213 4311 etiam
2264 4260 2427 4325 dicit,
2484 4260 2608 4315 Haec
2655 4274 2822 4318 autem
2866 4268 3034 4320 omnia
3070 4280 3306 4338 aperatur
3342 4289 3470 4326 unus

1888 4358 2035 4416 atque
2070 4348 2201 4402 idem
2242 4350 2468 4419 Spiritus
2493 4394 2507 4415 ,
2539 4354 2766 4408 dividens
2810 4358 3024 4427 singulis
3055 4372 3201 4427 prout
3236 4363 3360 4415 vult.
3394 4364 3470 4417 Ne

1888 4439 2063 4509 itaque
2096 4453 2352 4508 angamur
2374 4484 2389 4505 ,
2424 4444 2609 4511 inquit,
2647 4461 2817 4513 neque
2860 4448 3138 4503 doleamus
3180 4451 3421 4507 dicentes
3445 4496 3461 4517 ,

1884 4527 1993 4583 Cur
2022 4528 2123 4582 hoc
2164 4532 2390 4600 accepi,
2438 4532 2539 4587 hoc
2594 4550 2696 4588 non
2746 4538 2974 4608 accepi?
3005 4554 3177 4608 neque
3226 4544 3461 4599 rationes

1886 4621 2161 4689 exigamus
2189 4638 2218 4674 a
2260 4624 2461 4690 Spiritu
2489 4635 2694 4679 sancto.
2735 4627 2866 4681 Nam
2908 4632 2950 4684 si
3001 4634 3177 4698 nosti,
3212 4634 3261 4687 id
3293 4636 3464 4704 ipsum

1886 4712 2131 4779 largitum
2170 4728 2289 4768 esse
2333 4716 2473 4784 quod
2506 4718 2578 4771 tui
2608 4734 2789 4775 curam
2814 4733 3003 4790 gerat;
3032 4726 3271 4794 cogitans
3318 4730 3463 4783 illtnu

1884 4804 2125 4857 eamdem
2172 4821 2352 4859 curam
2399 4818 2669 4875 gerentem
2721 4821 3024 4868 tncnsura‘m
3064 4816 3313 4881 dedisse,
3346 4837 3463 4872 am-

1886 4896 2116 4964 plectere
2141 4906 2194 4950 ct
2232 4897 2406 4966 gaude
2434 4900 2507 4978 ob,
2545 4915 2606 4953 ea
2640 4917 2757 4970 qum
2795 4906 3086 4973 accepisti;
3116 4918 3169 4961 et
3217 4925 3284 4963 ne
3324 4926 3464 4979 aegre

1887 4992 2020 5041 teras
2051 4990 2189 5058 quod
2220 4991 2321 5044 alia
2361 5008 2464 5045 non
2503 4996 2806 5061 acceperis;
2836 4998 2941 5050 imo
2970 5002 3167 5067 gratius
3211 5003 3416 5056 reddito
3442 5045 3457 5067 ,

1884 5080 2025 5148 quod
2058 5096 2162 5135 non
2180 5084 2390 5150 majora
2422 5100 2578 5151 quam
2611 5088 2749 5141 ferre
2776 5104 2963 5157 posses
2988 5096 3278 5158 acceperis.

1954 5172 2007 5225 5.
2046 5172 2099 5225 Si
2138 5181 2316 5225 autem
2345 5173 2394 5225 in
2436 5175 2801 5241 spirituaiibus
2844 5195 2948 5231 non
2994 5191 3201 5248 oportet
3248 5188 3459 5241 curiose

1885 5262 2150 5330 inquirere
2176 5303 2188 5323 ,
2222 5263 2387 5315 multo
2410 5266 2576 5333 magis
2606 5267 2653 5318 in
2689 5269 2990 5321 carnalibus
3016 5286 3029 5331 ;
3060 5274 3155 5325 sed
3184 5278 3461 5344 quiescere

1885 5364 2067 5407 etnon
2096 5353 2304 5408 curiose
2336 5358 2559 5410 scrutari
2612 5373 2705 5412 cur
2753 5360 2841 5412 ille
2885 5360 3033 5416 dives
3060 5406 3073 5429 ,
3124 5366 3210 5420 ille
3237 5384 3451 5435 pauper.

1884 5446 2023 5500 Sane
2052 5446 2267 5513 quidem
2295 5464 2399 5501 non
2431 5449 2624 5519 singuli
2657 5465 2686 5502 a
2720 5450 2827 5504 Dco
2855 5452 3067 5509 divitias
3109 5456 3330 5519 habent,
3364 5458 3457 5510 sed

1883 5537 2035 5599 multi
2056 5551 2120 5589 ex
2154 5538 2434 5605 iniustitia,
2455 5555 2519 5595 ex
2550 5544 2731 5609 rapina
2755 5552 2809 5595 et
2834 5559 2898 5598 ex
2928 5547 3165 5599 avaritia.
3194 5547 3292 5610 Qui
3314 5550 3455 5603 enim

1878 5628 2036 5698 jussit
2062 5643 2169 5679 non
2198 5629 2375 5695 ditari,
2401 5632 2671 5697 quomodo
2697 5633 2933 5690 dedisset
2953 5636 3036 5701 ea,
3074 5652 3191 5705 quae
3213 5639 3458 5709 accipere

1886 5718 2170 5789 prohibet?
2200 5720 2268 5775 Ut
2309 5732 2488 5775 autem
2527 5722 2757 5778 validius
2786 5726 3054 5779 confutem
3086 5741 3211 5793 eos,
3240 5734 3327 5798 qui
3357 5731 3457 5785 hac

1891 5813 1942 5864 in
1976 5826 2032 5865 re
2067 5811 2435 5868 contradicunt
2481 5813 2672 5881 nobis;
2708 5830 3133 5885 age,sermonem
3165 5820 3317 5874 altius
3362 5825 3460 5875 du.

3026 5924 3096 5985 iii
