4086 6340
625 362 729 419 947

624 490 828 542 camus,
856 475 925 533 ab
948 492 1017 534 eo
1032 485 1275 552 tempore
1295 496 1404 552 quo
1425 481 1566 537 Deus
1590 480 1808 539 divitias
1826 484 2079 554 elargitus
2101 496 2201 551 est,

623 576 678 619 et
703 568 967 636 responde
992 568 1122 624 mihi
1147 587 1161 624 :
1185 569 1364 639 Quare
1390 571 1543 627 dives
1572 582 1689 628 erat
1716 574 2011 639 Abraham,
2043 577 2212 632 Jacob

624 670 800 715 autem
833 663 995 717 etiam
1028 677 1165 733 pane
1193 664 1431 734 egebat?
1456 681 1636 719 annon
1679 667 1927 721 similiter
1964 678 2019 722 et
2047 667 2135 724 hic
2158 679 2213 723 et

623 752 715 805 ille
740 752 915 821 justus
935 755 1095 809 erat?
1120 768 1303 809 annon
1325 756 1575 810 similiter
1597 758 1664 811 de
1693 760 1861 812 tribus
1890 760 2024 814 dixit
2054 779 2069 815 :
2102 761 2215 831 Ego

625 844 764 898 Deus
803 845 1061 900 Abraham
1101 856 1149 901 et
1191 845 1345 901 Isaac
1379 858 1424 901 et
1459 847 1621 902 Jacob
1650 849 1670 921 (
1690 848 1858 904 Exod.
1892 853 1947 908 5.
1977 851 2088 919 6)?
2115 868 2208 905 cur

622 951 751 1006 ergo
783 937 871 991 ille
898 938 1051 992 dives
1076 947 1211 1002 erat,
1243 939 1331 993 hic
1357 942 1603 996 mercede
1628 944 2072 997 conducebatur?
2101 944 2209 998 imo

620 1032 818 1095 potius,
852 1028 958 1082 Cur
986 1029 1129 1084 Esai't
1164 1030 1375 1101 iniquus
1397 1048 1517 1086 cum
1540 1044 1682 1087 esset
1706 1045 1757 1087 ct
1786 1036 2054 1089 fratricida
2083 1078 2097 1099 ,
2126 1035 2207 1089 di-

618 1134 714 1174 ves
741 1128 893 1183 erat.
937 1122 1022 1176 hic
1050 1138 1176 1177 vero
1206 1125 1258 1177 in
1300 1126 1555 1179 servitute
1585 1134 1733 1180 tanto
1782 1136 2024 1197 tempore
2066 1126 2209 1181 fuit?

619 1224 717 1265 cur
742 1226 926 1265 rursus
955 1213 1100 1267 lsaac
1134 1216 1415 1284 tranquille
1446 1224 1592 1269 tanto
1633 1225 1873 1284 tempore
1902 1218 2074 1283 vixit,
2118 1218 2209 1272 Ja-

619 1299 719 1354 cob
748 1310 922 1355 autem
954 1303 1003 1355 in
1029 1304 1303 1358 laboribus
1333 1314 1386 1359 et
1416 1305 1689 1359 miseriis?
1718 1306 1943 1376 ideoque
1969 1307 2201 1372 dicebat,

618 1390 794 1446 Pauci.
823 1404 869 1447 et
900 1394 1024 1447 mali
1057 1396 1163 1449 dies
1203 1398 1298 1449 mei
1333 1396 1487 1468 (Gen.
1522 1398 1611 1451 47.
1646 1397 1725 1468 9).
1754 1398 1863 1452 Cur
1912 1401 2071 1453 David
2114 1403 2201 1469 qui

618 1481 877 1552 propheta
902 1494 957 1538 et
986 1500 1079 1539 rex
1113 1484 1241 1548 fuit,
1270 1495 1437 1539 totum
1470 1487 1589 1541 vitae
1617 1497 1824 1558 tempus
1846 1488 1899 1543 in
1932 1488 2202 1546 laboribus

617 1575 876 1644 transegit
899 1592 913 1637 ;
945 1575 1201 1629 Salomon
1228 1588 1409 1632 autem
1439 1577 1580 1633 ﬁlius
1602 1580 1716 1648 ejus
1741 1596 1833 1647 per
1855 1581 2199 1651 quadraginta

616 1679 787 1719 annos
816 1667 1059 1719 securius
1104 1684 1261 1737 quam
1293 1668 1517 1738 quilibet
1560 1670 1835 1725 hominum
1866 1675 2000 1726 vixit
2025 1716 2039 1737 ,
2070 1689 2199 1744 pro-

614 1753 777 1808 funda
810 1755 993 1811 fruens
1027 1773 1154 1826 pace
1176 1800 1192 1825 ,
1225 1776 1385 1814 omne
1410 1776 1581 1830 genus
1605 1762 1786 1831 gloria:
1811 1806 1825 1829 ,
1880 1763 2099 1819 honoris
2146 1776 2199 1820 et

615 1848 906 1917 voluptatis
933 1850 1203 1919 adeptus?
1236 1868 1331 1906 cur
1374 1854 1426 1907 in
1472 1854 1748 1923 prophetis
1798 1857 1935 1911 alius
1988 1860 2195 1927 magis,

608 1941 747 1996 alius
774 1941 951 1996 minus
992 1943 1371 2013 ailligebatur?
1400 1944 1662 2011 Quoniam
1684 1948 1761 2001 sic
1792 1950 2074 2018 unicuique
2103 1966 2199 2004 ex-

606 2034 876 2102 pcdiebat.

681 2123 777 2178 Dei
799 2126 1107 2196 dispensatio
1120 2145 1220 2183 non
1236 2131 1383 2184 nimis
1400 2132 2195 2200 examinanda.—Quamobrcm

607 2214 749 2269 circa
776 2217 1013 2285 singulos
1034 2219 1319 2275 dicendum
1342 2230 1444 2286 est,
1464 2220 1672 2274 Judicia
1698 2232 1783 2275 tua
1811 2223 2019 2293 abyssus
2037 2228 2196 2278 multa

610 2305 626 2367 (
655 2301 799 2360 Psal.
837 2306 925 2361 55.
956 2308 1051 2375 7).
1081 2308 1215 2361 Nam
1258 2311 1304 2363 si
1346 2326 1567 2379 magnos
1601 2313 1722 2367 illos
1757 2324 1813 2367 et
1842 2314 2193 2372 admirabiles

608 2396 757 2450 viros
784 2412 889 2451 non
914 2399 1160 2455 similiter
1188 2404 1473 2457 exercebat
1503 2405 1659 2468 Deus,
1686 2408 1777 2461 sed
1812 2409 1951 2463 hunc
1978 2412 2192 2480 quidem

610 2503 708 2558 per
736 2501 1130 2559 paupertatem,
1158 2496 1322 2551 alium
1353 2513 1449 2567 per
1470 2498 1718 2566 divitias;
1750 2503 1893 2559 hunc
1920 2520 2017 2571 per
2048 2516 2195 2559 tran-

608 2581 924 2648 quillitatem
947 2625 962 2651 ,
1005 2586 1151 2640 illum
1182 2604 1277 2657 per
1300 2606 1568 2645 aerumnas
1599 2611 1612 2646 :
1642 2596 1811 2647 multo
1855 2596 2022 2663 magis
2052 2612 2193 2650 nunc

608 2672 709 2726 hoc
738 2684 953 2743 oportet
980 2680 1238 2748 cogitare.
1270 2680 1400 2735 Cum
1448 2681 1550 2735 hoc
1586 2692 1764 2738 autem
1812 2685 1940 2738 illud
1981 2703 2193 2758 quoque

607 2780 788 2820 secum
813 2778 1063 2837 reputare
1089 2779 1320 2838 oportet,
1349 2787 1541 2842 nempe
1567 2774 1728 2828 multa
1762 2791 1825 2829 ex
1861 2776 1926 2831 iis
1953 2793 2071 2846 qua:
2103 2795 2193 2833 ac-

606 2859 788 2913 cidunt
818 2875 921 2913 non
952 2877 1015 2915 ex
1044 2862 1185 2917 illius
1213 2867 1476 2919 sententia
1505 2866 1619 2922 ﬁeri
1646 2909 1661 2934 ,
1693 2869 1786 2923 sed
1820 2886 1918 2939 per
1950 2882 2187 2927 nostram

609 2951 898 3020 nequitiam
929 2954 1165 3009 evenire.
1187 2956 1260 3010 Ne
1284 2959 1460 3027 itaque
1484 2958 1655 3025 dicas,
1679 2961 1786 3015 Cur
1809 2961 1894 3016 hic
1915 2963 2062 3018 dives
2082 2974 2184 3030 est,

606 3056 727 3094 cum
761 3058 990 3113 nequam
1020 3047 1120 3110 sit;
1154 3047 1244 3100 ille
1272 3064 1401 3102 vero
1443 3066 1645 3119 pauper
1677 3090 1690 3116 ,
1718 3066 1837 3105 cum
1868 3054 1939 3107 sit
1964 3054 2139 3116 justus
2165 3059 2187 3111 ?

606 3132 808 3188 llorum
835 3136 1031 3205 quippe
1049 3138 1323 3193 rationem
1350 3140 1480 3195 dare
1508 3142 1632 3197 licet
1662 3185 1676 3209 ,
1709 3160 1773 3198 ac
1800 3145 1980 3201 dicere
2006 3165 2017 3200 :
2048 3148 2181 3214 Quia

602 3226 967 3295 nequejustus
993 3244 1021 3282 a
1052 3242 1361 3300 paupertate
1394 3234 1618 3301 laeditur,
1650 3237 1757 3291 imo
1785 3238 2042 3307 majorem
2070 3241 2185 3293 ela-

602 3316 777 3371 ritatis
817 3316 977 3374 habet
1015 3322 1419 3387 accessionem;
1462 3334 1517 3379 et
1548 3326 1822 3395 improbus
1854 3328 2012 3383 habet
2050 3330 2183 3383 divi~

602 3409 705 3462 tias
734 3410 977 3479 supplicii
1008 3412 1278 3477 viaticum,
1305 3415 1404 3468 nisi
1432 3425 1809 3472 convertatur:
1834 3430 1993 3490 atque
2018 3421 2178 3475 etiam

600 3509 728 3556 ante
774 3503 1091 3573 supplicium
1140 3505 1336 3561 divitia:
1388 3507 1461 3561 illi
1518 3510 1778 3564 malorum
1823 3514 2180 3582 complurium

598 3608 760 3646 causa
790 3593 957 3661 fuere,
991 3606 1043 3651 et
1065 3597 1116 3650 in
1147 3599 1295 3652 mille
1319 3600 1567 3655 barathra
1598 3602 1888 3659 deduxere.
1921 3606 2058 3659 Deus
2086 3622 2182 3661 au-

601 3694 709 3739 tem
734 3685 783 3739 id
806 3688 889 3755 agi
917 3689 1078 3753 sinit,
1115 3688 1274 3743 simul
1308 3690 1531 3745 liberum
1564 3694 1845 3749 arbitrium
1892 3698 2181 3753 voluntatis

596 3776 911 3843 ostendens,
944 3789 997 3832 et
1023 3779 1159 3833 alios
1185 3780 1383 3837 docens
1428 3800 1494 3838 ne
1541 3785 1709 3839 insani
1753 3796 1806 3841 et
1844 3786 2081 3844 furentes
2111 3792 2177 3844 ad

599 3869 852 3936 pecunias
883 3869 1137 3925 ferantur.
1182 3872 1318 3937 Quid
1356 3889 1484 3943 ergo
1511 3916 1526 3940 ,
1572 3876 1782 3945 inquies
1813 3917 1828 3941 ,
1856 3893 1976 3933 cum
2005 3882 2179 3936 malus

598 3960 862 4029 quispiam
907 3961 1056 4017 dives
1092 3962 1225 4017 nihil
1270 3966 1393 4018 mali
1447 3967 1695 4035 patitur?
1724 3985 1843 4023 nam
1884 3970 1928 4024 si
1976 3975 2175 4041 probus

596 4065 717 4103 cum
741 4052 844 4114 sit,
872 4051 1022 4106 dives
1051 4062 1133 4109 εει
1152 4096 1166 4121 ,
1186 4055 1307 4123 jure
1334 4058 1558 4122 merito;
1592 4059 1672 4113 sin
1705 4062 1875 4115 malus
1902 4063 1971 4116 sit
1998 4105 2012 4127 ,
2048 4066 2174 4133 quid

595 4142 836 4197 dicemus
858 4143 881 4196 ?
910 4140 1062 4211 Quod
1089 4146 1151 4199 sit
1172 4148 1330 4201 etiam
1354 4147 1454 4202 hae
1479 4150 1684 4205 ratione
1707 4153 2026 4208 miserabilis
2056 4173 2067 4207 :
2094 4156 2173 4211 di-

594 4234 737 4287 vitia:
768 4235 910 4289 enim
940 4236 1005 4289 ad
1038 4238 1327 4306 nequitiam
1347 4240 1611 4309 adjuncta:
1640 4244 1834 4297 malum
1860 4258 2169 4314 aggravant.

591 4324 696 4380 Sed
742 4325 912 4381 bonus
951 4339 1031 4382 eat
1055 4368 1071 4395 ,
1100 4339 1155 4383 et
1203 4337 1379 4384 tamen
1429 4333 1665 4401 pauper?
1685 4333 1750 4387 At
1779 4334 1913 4389 nihil
1942 4337 2167 4393 larditur.

590 4415 697 4470 Sed
720 4416 892 4470 malus
917 4427 994 4473 est
1024 4427 1077 4472 et
1108 4434 1312 4490 pauper
1337 4421 1361 4475 ἳ
1396 4421 1535 4491 Ergo
1560 4424 1705 4490 juste
1728 4435 1782 4479 et
1810 4443 1905 4496 pro
1932 4431 2124 4483 merito
2153 4472 2167 4495 ,

593 4507 704 4562 imo
740 4515 795 4562 et
831 4508 895 4562 ad
926 4510 1206 4565 utilitatem
1244 4526 1417 4566 suam.
1458 4514 1652 4569 Verum
1693 4516 1783 4571 ille
1810 4558 1824 4581 ,
1856 4519 2062 4589 inquies
2094 4561 2109 4585 ,
2141 4537 2170 4574 a

592 4600 884 4669 majoribus
911 4600 1125 4656 divitias
1153 4604 1383 4672 accepit,
1409 4614 1463 4657 et
1489 4604 1745 4675 dispergit
1766 4608 1885 4663 illas
1913 4610 2168 4663 meretri-

591 4690 743 4743 cibus
768 4700 821 4745 et
852 4692 1121 4759 parasitis,
1154 4691 1397 4763 nihilque
1422 4694 1546 4749 mali
1575 4696 1791 4765 patitur.
1822 4698 1957 4764 Quid
1986 4700 2119 4753 dicis
2148 4702 2171 4753 ἲ

590 4777 885 4835 fornicatur
911 4792 961 4836 et
991 4782 1119 4837 nihil
1168 4785 1291 4838 mali
1325 4788 1524 4854 patitur
1553 4788 1576 4839 ἲ
1606 4788 1901 4843 inebriatur
1930 4799 1985 4844 et
2015 4801 2169 4859 putas

590 4870 763 4938 ipsum
794 4870 1032 4925 deliciari
1056 4874 1080 4926 ?
1100 4874 1163 4927 ad
1194 4874 1322 4928 nihil
1346 4877 1596 4930 decorum
1622 4880 1872 4946 pecunias
1892 4882 2165 4950 expendit,

583 4972 640 5019 ct
670 4974 822 5034 putas
857 4965 1026 5032 ipsum
1056 4968 1395 5021 wmulatione
1420 4969 1679 5036 dignum?
1702 4981 1756 5023 et
1780 4970 1905 5039 quid.
1934 4972 2169 5028 deterius

586 5056 681 5110 illo
710 5058 889 5121 fuerit,
916 5056 1003 5126 qui
1033 5059 1223 5111 animm
1250 5073 1359 5110 sua:
1387 5060 1604 5113 exitium
1634 5061 1830 5114 affert?
1858 5062 1932 5115 'l‘u
1956 5078 2101 5124 vero.
2122 5066 2164 5117 si

587 5162 712 5199 eum
735 5150 991 5202 membris
1011 5136 1313 5203 cuntortuin
1334 5158 1389 5203 et
1419 5150 1660 5205 mutilum
1689 5152 1917 5216 videres,
1950 5154 2167 5208 inﬁnitis

592 5239 740 5292 illum
793 5238 1039 5311 lacrymis
1084 5241 1302 5309 dignum
1347 5255 1468 5295 esse
1510 5256 1801 5305 censeres;
1834 5258 1955 5297 cum
1987 5255 2163 5297 autem

585 5331 819 5386 animam
851 5330 968 5399 ejus
998 5342 1161 5386 totam
1187 5332 1428 5387 mutilam
1459 5330 1630 5396 vides,
1655 5332 1866 5386 beatum
1892 5333 2041 5385 illum
2073 5348 2167 5385 ex-

586 5425 835 5480 istimas?
866 5426 934 5478 At
964 5440 1068 5477 non
1094 5429 1292 5489 sentit,
1325 5403 1553 5495 inquies.
1585 5424 1652 5477 Et
1671 5424 1792 5478 ideo
1819 5425 2164 5479 commisera-

584 5516 732 5570 tione
776 5516 968 5587 dignus
994 5523 1079 5571 est
1109 5557 1125 5581 ,
1157 5526 1213 5572 ut
1240 5518 1330 5586 qui
1363 5516 1652 5572 insaniunt.
1689 5514 1821 5569 Nam
1859 5516 1947 5584 qui
1974 5514 2075 5569 scit
2103 5530 2162 5569 se

582 5617 847 5675 πεποίθω
876 5652 890 5674 ,
929 5608 1195 5663 medicum
1239 5624 1459 5677 prorsus
1488 5607 1724 5677 requiret
1747 5645 1763 5667 ,
1791 5613 1846 5659 et
1878 5604 2160 5674 pharmaca

583 5700 683 5753 sibi
711 5700 825 5755 dari
849 5710 1077 5771 patietur
1106 5716 1121 5764 ;
1150 5699 1236 5771 qui
1267 5715 1394 5754 vero
1434 5701 1641 5769 ignorat
1664 5740 1680 5762 ,
1712 5711 1999 5766 numquam
2032 5696 2159 5753 libe-

582 5788 686 5842 rari
725 5791 934 5858 poterit.
986 5790 1258 5847 Hunccine
1284 5831 1299 5855 ,
1348 5804 1528 5859 quzcso
1557 5830 1572 5858 ,
1622 5789 1831 5846 beatum
1867 5790 2160 5859 prmdicas?

1389 364 1431 424 ε
1487 364 1763 426 ΙΟΑΝΝΙΒ
1786 366 2258 425 CHRYSOSTOMI
2301 371 2616 432 ARCHIEP.
2654 374 3182 443 CONSTANTINOI’.

3805 396 3903 451 ⁸218

2326 490 2430 543 Sed
2463 493 2593 547 nihil
2634 495 2825 550 mirum
2854 513 2868 551 :
2898 510 3024 554 sunt
3049 502 3192 557 enim
3222 506 3525 577 complures
3545 508 3899 582 philosophia:

2323 583 2573 653 Imperiti.
2609 585 2731 643 Ideo
2759 598 3027 647 extremas
3049 593 3235 650 damus
3261 612 3447 667 pinnas
3467 642 3483 665 ,
3513 611 3574 657 ut
3597 604 3687 673 qui
3710 606 3899 674 punia-

2320 691 2441 729 mur
2465 693 2565 733 nec
2592 678 2883 737 liberemur
2910 700 2941 739 a
2971 687 3235 756 supplicio
3260 707 3273 741 :
3314 690 3438 747 ideo
3459 694 3553 749 irae
3586 737 3602 757 .
3634 711 3899 752 maerores

2318 778 2372 821 ct
2400 771 2827 835 perturbationes
2847 775 3190 845 frequentes;
3213 782 3336 850 quia
3358 797 3480 837 cum
3513 785 3677 840 vitam
3709 788 3891 843 dolore

2315 873 2537 913 vacuam
2566 860 2721 916 nobis
2750 866 2999 919 ostendat
3027 867 3166 922 Deus
3186 911 3201 933 ,
3234 870 3372 925 viam
3402 888 3599 943 nempe
3626 877 3694 931 ad
3726 879 3895 932 virtu-

2318 953 2690 1019 tem,nos,illa
2714 956 2921 1023 relicta,
2953 960 3111 1015 aliam
3141 963 3276 1016 viain
3308 966 3658 1036 ingredimur,
3684 970 3896 1027 divitia-

2317 1054 2433 1095 rum
2462 1060 2653 1110 nempe
2674 1056 2727 1099 et
2751 1051 3007 1115 pecunia-,
3042 1053 3338 1110 innumeris
3368 1057 3579 1125 plenam
3611 1063 3770 1116 malis
3802 1081 3817 1116 :
3846 1072 3899 1119 et

2315 1147 2420 1186 non
2477 1149 2635 1192 secus
2684 1138 3032 1205 faciinus.ac
3084 1146 3127 1197 si
3174 1148 3292 1215 quis
3338 1163 3622 1217 corporum
3669 1152 3894 1210 formam

2312 1224 2620 1284 discernere
2643 1246 2747 1284 non
2776 1232 2981 1298 valens,
3012 1237 3105 1291 sed
3136 1248 3301 1295 totum
3332 1243 3572 1298 tribuens
3599 1248 3896 1301 vestimen-

2313 1318 2381 1370 tis
2418 1328 2472 1373 et
2503 1320 2884 1390 circumposito
2930 1329 3138 1382 ornatui
3171 1372 3185 1391 .
3221 1330 3507 1387 formosam
3560 1338 3845 1394 mulierem
3875 1380 3890 1402 ,

2311 1411 2534 1463 naturali
2567 1413 2959 1480 pulchritudine
3001 1420 3278 1488 prmditam
3324 1424 3511 1480 videns
3538 1431 3850 1494 praeteriret
3873 1472 3889 1493 .

2312 1508 2516 1569 turpem
2540 1513 2717 1558 autem
2738 1546 2753 1571 ,
2785 1506 3082 1562 deformem
3113 1522 3165 1564 et
3193 1527 3422 1583 corpore
3451 1517 3694 1573 mutilam
3728 1562 3744 1585 ,
3778 1522 3891 1588 pul-

2309 1589 2454 1645 chris
2482 1604 2726 1647 ornatam
2758 1597 3001 1653 vestibus
3030 1601 3296 1668 aspiciens
3324 1644 3339 1669 ,
3373 1621 3593 1661 uxorem
3641 1608 3886 1665 duceret.

2309 1678 2437 1735 Tale
2486 1683 2756 1751 quidpiam
2807 1703 2948 1743 nunc
3001 1689 3139 1744 circa
3195 1694 3441 1748 virtutem
3496 1707 3550 1752 et
3596 1701 3889 1769 nequitiam

2308 1770 2455 1823 multi
2489 1773 2759 1839 patiuntur
2792 1794 2802 1825 :
2834 1788 3039 1843 turpem
3089 1782 3229 1835 illam
3261 1784 3519 1841 adeuntes
3550 1800 3772 1859 propter
3802 1807 3892 1846 ex-

2306 1862 2557 1914 teriorem
2584 1876 2850 1930 ornatum,
2881 1868 3168 1925 formosam
3201 1884 3377 1927 autem
3410 1886 3463 1929 et
3495 1880 3777 1945 pulchram
3805 1899 3889 1937 re-

2307 1961 2561 2017 spuentes
2600 1966 2820 2023 propter
2861 1960 3056 2013 nudam
3092 1962 3235 2018 illius
3274 1966 3722 2033 pulchritudinem
3754 2013 3771 2037 ,
3816 1975 3887 2029 ob

2306 2055 2463 2108 quam
2496 2042 2661 2110 ipsam
2694 2048 2923 2103 maxime
2950 2051 3111 2122 deligi
3132 2056 3434 2119 oportebat.

2375 2134 2427 2186 6.
2462 2133 2665 2191 Divitiae
2685 2140 3061 2209 [quta—ideo
3078 2161 3164 2200 me
3193 2146 3352 2215 pudet
3376 2191 3389 2215 ,
3420 2152 3559 2220 quod
3588 2169 3709 2208 cum
3739 2157 3882 2226 apud

2304 2224 2517 2282 ercos
2551 2230 2667 2285 illos
2695 2233 2910 2290 insanos
2931 2237 3145 2306 quidam
3166 2240 3269 2293 sint
3288 2242 3376 2311 qui
3404 2245 3481 2298 sic
3504 2245 3889 2317 philosophan-

2306 2328 2389 2371 tur
2414 2358 2428 2382 ,
2473 2320 2682 2376 etiamsi
2713 2340 2819 2377 non
2854 2342 2911 2380 re
2936 2368 2951 2392 ,
3000 2338 3235 2384 attamen
3262 2318 3526 2389 sententia
3558 2378 3572 2399 ,
3605 2347 3658 2392 et
3684 2338 3885 2395 ﬂtixain

2303 2425 2484 2464 rerum
2532 2418 2873 2481 prmsentium
2918 2421 3280 2478 conditionem
3333 2437 3567 2492 norunt;
3601 2433 3739 2497 apud
3785 2450 3885 2487 nos

2301 2502 2514 2569 quidam
2557 2522 2622 2559 ne
2676 2508 2759 2560 illa
2818 2511 3030 2578 quidem
3080 2514 3297 2579 norint,
3352 2517 3443 2570 sed
3489 2528 3544 2571 et
3584 2521 3751 2588 ipsum
3796 2523 3889 2591 ju-

2300 2591 2495 2646 dicium
2522 2610 2832 2666 corruptum
2864 2602 3095 2657 habeant
3121 2622 3133 2657 :
3158 2620 3278 2658 cum
3311 2606 3424 2661 lucc
3446 2610 3622 2663 omnia
3646 2622 3751 2665 tam
3772 2616 3887 2669 fre-

2299 2694 2522 2750 quenter
2551 2686 2823 2758 Scriptura
2863 2692 2978 2746 ha'c
3019 2694 3172 2748 nobis
3207 2696 3456 2753 decantet
3499 2710 3553 2755 et
3593 2702 3772 2759 dicat:
3805 2702 3888 2758 Ad

2298 2774 2511 2829 nihilum
2548 2778 2794 2834 deductus
2840 2792 2913 2836 est
2951 2785 3002 2837 in
3031 2800 3297 2856 conspectu
3339 2793 3447 2858 ejus
3485 2794 3739 2863 malignus
3768 2837 3783 2853 .
3820 2800 3887 2850 ti-

2298 2875 2484 2917 mentes
2512 2878 2677 2920 autem
2707 2869 2958 2927 Dominus
2987 2876 3239 2945 glori/ica!
3269 2880 3440 2948 (Psal.
3469 2882 3555 2934 14.
3589 2885 3667 2953 4).
3706 2884 3887 2940 Timor

2296 2951 2504 3007 Domini
2533 2960 2703 3009 omnia
2722 2965 2976 3029 superavit
3002 2964 3186 3035 (Ercli.
3214 2968 3303 3021 ‘25.
3335 2971 3445 3036 14).
3474 2951 3636 3025 Deum
3661 2976 3801 3039 (inte,
3834 2989 3884 3031 et

2295 3048 2536 3101 mandata
2560 3050 2669 3117 ejus
2690 3055 2883 3105 custodi
2915 3070 2933 3107 :
2964 3063 3057 3109 hoc
3071 3069 3145 3111 est
3168 3063 3299 3112 enim
3321 3066 3483 3118 omnis
3501 3066 3648 3119 homo
3675 3068 3879 3139 (Eccle.

2296 3138 2381 3192 19..
2414 3142 2526 3207 15).
2558 3140 2685 3195 Noli
2705 3147 2934 3198 wnmlari
2952 3148 3003 3201 in
3033 3151 3445 3221 malignantibus.
3484 3155 3566 3208 Ne
3601 3159 3831 3214 timueris
3860 3206 3877 3228 ,

2291 3248 2406 3284 cum
2436 3234 2570 3287 dives
2592 3235 2757 3303 fartus
2787 3241 2938 3307 fuerit
2968 3242 3117 3295 homo
3160 3245 3176 3311 (
3210 3242 3353 3299 Psul.
3386 3247 3476 3301 48.
3511 3249 3575 3301 17
3604 3250 3644 3316 ).
3696 3251 3879 3307 Omnis

2292 3340 2410 3377 caro
2440 3330 2631 3396 {mnum
2664 3369 2677 3392 ,
2709 3338 2751 3381 et
2775 3333 2937 3384 omnis
2974 3333 3139 3403 gloria
3183 3336 3400 3390 hominis
3440 3340 3583 3407 quasi
3621 3343 3718 3409 ﬂos
3753 3347 3878 3413 [cui

2292 3415 2444 3483 (Isai.
2474 3419 2563 3471 40.
2598 3420 2826 3488 6).Ηωο
2852 3424 2997 3477 enim
3040 3436 3091 3479 et
3131 3428 3250 3480 talia
3280 3430 3513 3497 quotidie
3546 3433 3829 3490 audientes
3858 3480 3873 3501 ,

2289 3508 2464 3561 adhuc
2490 3518 2645 3563 terrae
2675 3510 2961 3579 affigitnur.
2993 3515 3059 3568 Et
3098 3521 3545 3585 quemadmodum
3582 3528 3730 3591 pueri
3774 3530 3876 3581 im-

2290 3598 2443 3666 periti
2475 3598 2784 3667 frequenter
2807 3602 3067 3658 elementa
3093 3607 3381 3674 discentes,
3406 3614 3620 3681 quando
3640 3620 3873 3682 Sparsitn

2289 3687 2500 3742 illorum
2524 3692 2655 3745 ordo
2676 3696 3031 3760 examinatur,
3066 3699 3167 3751 alia
3201 3714 3297 3767 pro
3321 3703 3437 3755 aliis
3462 3704 3700 3759 dicentes
3727 3710 3872 3763 mul-

2288 3789 2396 3833 tmn
2427 3783 2662 3837 excitant
2706 3789 2869 3839 risum
2900 3805 2912 3841 :
2946 3790 3024 3841 sic
3054 3799 3104 3843 et
3137 3804 3231 3843 vos
3253 3832 3266 3855 ,
3299 3795 3511 3861 quando
3543 3794 3630 3847 illa
3660 3795 3747 3850 hic
3774 3814 3871 3853 or-

2285 3870 2410 3924 dine
2455 3889 2797 3928 numeramus
2829 3919 2844 3942 ,
2880 3888 3163 3947 utcumque
3219 3885 3606 3952 assequimiui;
3652 3892 3873 3955 quando

2284 3971 2460 4015 autem
2505 3979 2598 4016 vos
2630 3964 2769 4019 foris
2802 3969 3027 4035 sparsim
3076 3969 3465 4041 interrogamus
3489 4016 3503 4037 ,
3530 3991 3650 4044 qua:
3694 3980 3871 4046 prima

2283 4052 2411 4117 sint,
2433 4069 2549 4122 qua:
2575 4056 2806 4108 secunda
2826 4058 3075 4113 harumce
3105 4076 3278 4115 rerum
3308 4065 3571 4118 collocare
3591 4081 3866 4134 oporteat,

2283 4152 2337 4195 et
2397 4160 2640 4213 quamam
2701 4156 2822 4216 post
2870 4149 2970 4202 alia
3027 4151 3317 4217 locuntur;
3364 4170 3483 4209 cum
3535 4156 3716 4214 dicere
3766 4179 3871 4216 ne-

2283 4235 2484 4300 sciatis,
2519 4237 2729 4292 ridiculi
2756 4240 2909 4295 estis.
2942 4244 3156 4307 Annon,
3200 4260 3416 4313 quaeso,
3444 4249 3609 4303 multo
3636 4255 3748 4307 risu
3774 4254 3869 4309 .di-

2282 4342 2440 4394 guum
2469 4337 2551 4381 est
2579 4368 2593 4393 ,
2629 4331 2771 4399 quod
2801 4345 2921 4385 cum
2954 4334 3405 4393 immortalitatem
3434 4353 3813 4409 exspectemus
3848 4387 3867 4411 .

2280 4427 2335 4471 et
2375 4419 2509 4472 bona
2541 4461 2555 4484 ,
2586 4437 2705 4490 qua)
2734 4436 2833 4476 nec
2858 4426 3043 4480 oculus
3075 4426 3205 4480 vidit
3229 4446 3328 4484 nec
3354 4432 3497 4486 auris
3516 4434 3720 4491 audivit
3758 4454 3871 4495 nec

2280 4510 2332 4562 in
2376 4525 2470 4563 eor
2528 4513 2756 4567 hominis
2815 4516 3223 4583 ascenderunt,
3265 4521 3334 4575 de
3381 4525 3539 4577 rebus
3588 4541 3709 4595 quae
3767 4525 3864 4584 hic

2280 4612 2497 4656 manent
2526 4604 2917 4660 contendamus
2942 4648 2957 4672 ,
2982 4619 3035 4663 et
3066 4609 3177 4678 ipsa
3207 4614 3547 4667 aemulatione
3571 4616 3731 4684 digna
3760 4634 3867 4675 ex—

2279 4692 2617 4745 islitttetntts?
2645 4692 2774 4748 Nam
2804 4698 2845 4749 si
2876 4697 3053 4753 adhuc
3097 4699 3210 4754 haec
3245 4717 3383 4771 Opus
3407 4702 3574 4759 habes
3599 4705 3811 4766 discere
3841 4754 3861 4779 ,

2275 4780 2421 4848 quod
2444 4780 2643 4835 divitia:
2674 4784 2804 4838 nihil
2828 4801 3077 4857 magnum
3108 4789 3249 4852 sint,
3273 4792 3414 4861 quod
3443 4807 3533 4849 res
3562 4809 3862 4863 praesentes

2275 4870 2381 4922 sint
2408 4869 2592 4922 tnnbra
2622 4878 2677 4924 et
2699 4876 2963 4929 somnium
2992 4917 3009 4943 ,
3038 4877 3179 4947 quod
3204 4878 3335 4935 fumi
3366 4883 3534 4938 instar
3558 4882 3863 4945 dissolvan-

2280 4969 2364 5011 tur
2388 4970 2441 5013 et
2461 4961 2676 5016 avolent
2700 4980 2713 5027 ;
2743 4964 2843 5018 ista
2872 4967 3085 5022 interim
3108 4978 3259 5024 extra
3287 4972 3465 5045 adyta,
3495 4976 3546 5027 in
3574 4978 3859 5037 vestibulis

2276 5066 2469 5105 mane:
2502 5057 2735 5109 nondum
2766 5059 2908 5111 enim
2943 5060 3185 5129 ingressu
3230 5063 3295 5117 ad
3336 5080 3621 5135 supernam
3649 5076 3855 5142 regiam

2274 5146 2464 5214 dignus
2486 5162 2562 5201 es.
2588 5148 2642 5203 Si
2666 5152 2807 5205 enim
2836 5164 3076 5207 naturam
3102 5171 3285 5212 eorum
3316 5160 3618 5217 instabilem
3649 5178 3704 5221 et
3732 5186 3860 5238 per-

2270 5247 2434 5302 petuo
2474 5238 2726 5294 ﬂuentem
2776 5242 3085 5299 discernere
3123 5252 3297 5303 nescis
3327 5292 3341 5313 ,
3382 5251 3718 5319 quandonam
3761 5262 3855 5316 illa

2270 5326 2550 5394 despicere
2594 5333 2794 5397 poteris
2821 5333 2843 5385 ?
2884 5335 2927 5387 si
2961 5343 3011 5387 te
3031 5336 3170 5391 scire
3199 5339 3344 5394 dicas
3375 5380 3389 5402 ,
3423 5339 3608 5397 desine
3633 5350 3854 5406 curiose

2271 5422 2497 5472 serutari
2524 5430 2577 5473 et
2605 5422 2875 5491 inquirere
2901 5463 2914 5488 ,
2947 5440 3041 5478 cur
3065 5427 3155 5481 ill'e
3181 5430 3252 5482 sit
3280 5429 3426 5481 dives
3456 5469 3472 5493 ,
3508 5446 3604 5486 cur
3644 5435 3731 5493 hic
3779 5444 3855 5496 sit

2273 5528 2489 5580 pauper.
2527 5513 2755 5568 Perinde
2786 5520 2928 5569 enim
2959 5516 3234 5574 facis'hxec
3278 5522 3611 5591 interrogans
3639 5568 3654 5589 ,
3683 5540 3851 5599 atque

2270 5606 2313 5657 si
2345 5605 2663 5659 circumiens
2690 5621 2906 5675 rogares
2937 5649 2951 5671 ,
2988 5625 3087 5663 cur
3116 5612 3206 5663 ille
3243 5610 3397 5663 albus
3436 5620 3491 5665 et
3534 5615 3625 5671 ille
3651 5620 3847 5690 niger;

2272 5695 2361 5750 ille
2391 5696 2625 5765 aquilino
2655 5712 2803 5760 naso,
2836 5696 2923 5753 ille
2943 5700 3130 5754 simus.
3156 5700 3305 5755 Sicut
3327 5700 3472 5758 enim
3490 5704 3578 5761 illa
3609 5711 3746 5767 nihil
3773 5716 3846 5768 ad

2274 5803 2389 5855 nus,
2416 5804 2485 5842 an
2519 5789 2645 5855 isto,
2672 5804 2739 5843 an
2764 5790 2855 5846 illo
2881 5792 3040 5848 modo
3062 5806 3121 5849 se
3143 5790 3373 5849 habeant
3391 5809 3403 5847 :
3423 5795 3500 5851 sic
3522 5816 3695 5871 neque
3720 5818 3842 5858 esse
