4066 6332
171 405 279 461 9.":

168 539 433 601 λέγοντας
459 537 618 604 ἡμῖν,
664 536 795 609 φέρε
833 538 1090 609 ἀνωτέρω
1113 538 1205 591 τὸν
1249 538 1408 603 λόγον
1436 534 1754 602 ἀγάγωμεν»

168 613 342 682 ἡνίκα
369 616 524 685 παρά
553 617 650 672 :06
676 618 809 671 Θεοῦ
840 622 869 672 6
898 621 1128 683 πλοῦτος
1148 619 1373 682 ἐδίδοτο,
1398 618 1495 670 καὶ
1523 614 1753 679 ἀπόκριο

168 697 266 748 ναί
298 714 425 767 μοι·
459 699 609 762 τίνος
637 702 874 755 ἐνεκενό
916 704 1168 774 ’Δϐραάμ
1202 702 1473 764 ἐπλούτει,
1503 701 1532 752 6
1558 698 1618 751 δὲ
1656 697 1763 749 Ἰα-

169 776 295 830 κὼϐ
324 782 421 833 καὶ
445 782 614 854 ἀρτου
645 784 847 853 ἐδείτος
876 787 995 856 ούχί
1029 786 1238 849 δίκαιος
1260 785 1356 838 καὶ⁵
1378 778 1540 845 οὗτος
1558 775 1649 849 ἦν.
1669 777 1763 830 καὶ

173 862 426 929 ὲκεῖνοςς
460 865 582 934 οὐχὶ
618 867 823 936 ὁμοίως
845 871 972 940 περὶ
996 869 1106 921 τῶν
1131 867 1299 938 τριῶν
1330 882 1519 935 φησιν,
1562 860 1706 929 Ἐγὼ
1732 861 1764 911 ό

178 946 331 1011 Θεὸς
366 947 614 1017 Ἀϐραὰμ
647 951 746 1004 καὶ
794 952 1000 1005 Ἰσαὰκ
1036 951 1139 1004 καί
1183 950 1393 1005 Ἰακὼϐ
1409 966 1428 1014 ;
1455 948 1545 1000 διὰ
1576 944 1626 998 τί
1655 942 1767 995 τοί-

174 1044 275 1078 νυν
303 1030 333 1081 6
361 1029 461 1097 μὲν
484 1030 756 1096 ἐπλούτει,
785 1035 814 1086 6
843 1034 901 1086 66
927 1034 1187 1103 ἐθήτευες
1219 1032 1420 1103 μᾶλλον
1453 1029 1511 1083 δὲ
1542 1027 1630 1081 διὰ
1659 1026 1712 1078 τί
1735 1026 1765 1076 6

176 1109 281 1177 μὲν
300 1108 455 1182 [266]
478 1112 648 1165 Ἢσαῦ
672 1114 941 1179 ἐπλούτει,
958 1116 1141 1178 ἄδικος
1157 1116 1231 1168 ὢν
1248 1116 1342 1167 καὶ
1355 1108 1763 1180 ἀδελφοκτόνος.

173 1185 335 1254 οὗτος
364 1194 423 1246 δὲ
453 1196 511 1249 ἐν
544 1195 762 1267 δουλεία
788 1194 856 1268 ἦν
894 1199 1086 1268 χρόνον
1114 1197 1371 1252 τοσοῦτον
1397 1213 1413 1259 ;
1445 1195 1533 1248 διά
1568 1194 1619 1247 τί
1660 1192 1791 1255 πάι,

175 1274 265 1326 λιν
297 1277 328 1328 6
360 1276 461 1345 μὲν
503 1279 687 1333 Ἰσαάκ
718 1282 854 1350 μετά
884 1282 1063 1346 ἀδείας
1089 1281 1252 1350 ἔζησε
1284 1282 1374 1334 τὸν
1401 1280 1614 1333 ἅπαντα
1646 1276 1768 1346 χρό-

176 1374 294 1420 νον,
325 1361 355 1412 6
391 1359 449 1411 66
499 1360 697 1415 Ἰακὼὸ
731 1362 790 1417 ἐν
822 1363 1045 1433 μόχθοις
1085 1364 1183 1416 καὶ⁵
1223 1363 1623 1432 ταλαιπωρίαις
1647 1375 1661 1389 ’
1688 1359 1767 1411 6:6

177 1439 278 1491 καὶ
317 1440 496 1505 ἔλεγε,
527 1444 740 1510 Μικραί
765 1445 864 1499 καί
891 1446 1145 1513 πονηραὶ
1174 1448 1234 1498 al
1267 1445 1479 1513 ἡμέραι
1504 1461 1645 1511 μου.
1673 1441 1768 1493 Διά

178 1521 232 1574 τί
260 1524 291 1574 6
325 1524 429 1591 μὲν
453 1524 614 1577 Δαυῒδ
646 1530 930 1597 προφήτης
955 1526 1032 1580 ὣν
1066 1528 1159 1579 καὶ
1186 1526 1458 1595 βασιλεὺς,
1484 1527 1581 1578 καὶ
1606 1522 1769 1583 αὐτὸς

178 1603 274 1655 τὸν
298 1604 519 1658 ἅπαντα
545 1606 736 1675 χρόνον
759 1611 816 1660 ἐν
840 1609 1025 1673 πόνοις
1058 1610 1275 1679 ἑζησεψ
1308 1611 1337 1661 6
1360 1609 1417 1660 66
1457 1605 1711 1675 Σολομὼν
1741 1606 1770 1656 ό

179 1682 300 1742 υίὸς
315 1683 511 1735 τούτου
525 1687 930 1758 τεσσαράκοντα
949 1686 1045 1755 ἐτη
1063 1689 1280 1741 πάντων
1298 1685 1599 1757 ἀνθρώπων
1617 1682 1769 1737 ἀδεέ-

183 1779 384 1833 στερον
434 1766 655 1836 διῆγεν,
695 1771 919 1840 εἰρήνης
968 1770 1258 1823 ἀπολαύων
1296 1769 1540 1839 βαθείας,
1588 1766 1768 1835 δόξηςν

179 1848 375 1917 τιμῆς,
412 1849 508 1900 καὶ
533 1852 743 1922 τρυφῆς
768 1852 913 1907 ἀπαν
941 1854 1110 1906 ἐπιὼν
1140 1849 1314 1917 εἷδος;
1355 1852 1406 1904 τί
1442 1852 1644 1917 δήποτε
1678 1850 1772 1901 καὶ

181 1930 240 1982 ἐν
264 1933 383 1994 τοῖς
420 1937 731 2004 προφήταις
767 1937 795 1987 6
846 1936 947 2007 μὲν
996 1937 1283 2007 μειζόνως,
1327 1939 1355 1988 6
1385 1935 1442 1987 66
1477 1933 1774 1992 ἐλαττόνως

177 2012 431 2067 ἐθλίϐετο
452 2032 467 2080 ;
497 2016 621 2070 Ὅτι
660 2018 872 2089 ἐκάσ.ῳ
895 2019 1037 2072 οὕτω
1060 2019 1339 2089 συμφέρον
1363 2014 1447 2089 ἦν.

250 2096 348 2148 Διὸ
400 2099 619 2170 ἑκάστῳ
670 2101 971 2169 ἀντιλέγειν
1029 2100 1156 2170 χρὴ,
1224 2102 1300 2154 Τὰ
1356 2098 1611 2168 κρίματά
1656 2112 1775 2148 σου

179 2178 463 2247 ἄϐυσσος
490 2183 714 2249 πολλή.
745 2185 810 2237 El
835 2185 942 2253 γὰρ
960 2187 1087 2244 τοὺς
1118 2183 1389 2254 μεγάλους
1416 2183 1657 2243 ἐκείνους
1682 2180 1775 2232 καὶ

182 2262 540 2334 θαυμαστοὺς
574 2266 673 2336 οὐχ
700 2268 900 2337 ὁμοίως
939 2267 1246 2337 ἐγύμναζεν
1279 2269 1308 2319 6
1344 2266 1496 2329 Θεὸς,
1531 2263 1669 2318 ἀλλά
1684 2263 1775 2315 τὸν

182 2347 287 2417 μὲν
322 2345 415 2400 διὰ
452 2348 664 2412 πενίας,
700 2348 793 2401 τὸν
820 2349 877 2402 δὲ
913 2349 1002 2402 6:6
1035 2349 1289 2414 πλούτου,
1320 2350 1413 2402 καὶ
1448 2350 1539 2401 τὸν
1581 2346 1679 2415 μὲν
1706 2343 1774 2398 δι’

178 2428 447 2492 ἀνέσεως,
471 2429 564 2482 τὸν
595 2430 653 2482 δὲ
681 2430 767 2483 διὰ
788 2430 1040 2500 θλίψεως,
1074 2431 1253 2502 πολλῷ
1285 2431 1483 2501 μᾶλλον
1514 2428 1609 2482 νῦν
1642 2427 1776 2481 ταῦ-

178 2526 248 2564 :0
278 2513 488 2564 ἐννοεῖν
522 2514 649 2583 χρή.
700 2514 858 2567 Μετά
885 2515 943 2567 δὲ
975 2513 1166 2567 τούτου
1195 2514 1417 2567 κάκεῖνο
1463 2509 1776 2579 λογίζεσθαι

179 2592 282 2656 δετ,
316 2593 401 2646 ὅτι
438 2594 610 2647 πολλὰ
634 2595 743 2649 τῶν
775 2597 1184 2666 συμϐαινόντων
1213 2596 1275 2648 06
1302 2595 1445 2649 κατά
1474 2595 1573 2664 τὴν
1608 2590 1774 2645 06:06

180 2676 396 2743 γίνεται
425 2677 677 2748 γνώμην,
724 2680 839 2731 ἀλλ’
870 2680 976 2733 ἀπὸ
1004 2683 1103 2749 τῆς
1128 2678 1404 2749 ἡμετέρας
1435 2678 1655 2740 κακίας.
1684 2675 1775 2745 Μὴ

181 2760 361 2814 τοίνυν
392 2759 541 2827 λέγε,
573 2761 671 2814 Διά
705 2762 758 2813 τί
795 2765 823 2814 6
852 2763 950 2832 μὲν
981 2762 1233 2824 πλούσιος
1281 2761 1481 2828 φαῦλος
1516 2760 1613 2822 ὣν,
1654 2762 1683 2811 6
1717 2759 1775 2811 66

181 2842 355 2913 πένης
381 2843 594 2908 δίκαιος
631 2844 741 2908 ὤνς
770 2846 1020 2898 Μάλιστα
1051 2847 1149 2915 μὲν
1174 2846 1283 2916 γάρ
1307 2845 1401 2897 καὶ
1427 2844 1631 2895 τούτων
1659 2842 1775 2893 ἔστι

180 2927 367 2982 δοῦναι
401 2929 578 2996 λόγον,
604 2930 700 2982 καὶ
729 2930 924 2982 εἰπεῖν’
958 2931 1077 2983 Ὂτι
1104 2930 1230 2983 οὔτε
1254 2932 1281 2982 6
1305 2929 1511 2991 δίκαιος
1542 2928 1650 2980 ἀπὸ
1674 2927 1776 2996 τῆς

181 3012 376 3074 πενίας
414 3013 529 3083 ἔχει
570 3032 622 3067 τι
648 3013 864 3083 βλάϐος,
905 3014 1040 3066 ἀλλά
1069 3015 1163 3066 καὶ
1201 3013 1426 3082 μείζονα
1459 3011 1775 3083 προσθήκην

181 3094 614 3167 εὐδοκιμήσεως,
658 3097 753 3149 καὶ
802 3100 831 3150 6
879 3099 1049 3159 κακὸς
1094 3098 1305 3165 ἐφόδιον
1353 3096 1625 3167 τιμωρίας
1684 3095 1775 3147 τὸν

181 3178 439 3245 πλοῦτον,
464 3179 528 3233 ἂν
561 3182 635 3251 μὴ
662 3181 1052 3251 μεταϐάληται,
1086 3184 1372 3250 κέκτηται*
1414 3182 1508 3232 καὶ
1546 3179 1652 3250 πρὸ
1676 3179 1777 3248 τῆς

182 3262 463 3325 κολάσεως
500 3263 555 3316 δὲ
593 3263 855 3327 πολλάκις
890 3264 1076 3318 κακῶν
1109 3265 1282 3320 αἴτιος
1310 3262 1460 3332 αὐτῷ
1488 3262 1711 3329 γέγονεν
1749 3264 1776 3313 6

183 3344 415 3408 πλοῦτος
439 3345 669 3411 πολλῶν,
690 3346 784 3399 καὶ
818 3348 898 3409 είς
930 3345 1100 3416 μύρια
1122 3346 1297 3415 ῆγαγε
1331 3344 1597 3415 βάραθρα.
1643 3344 1699 3397 '0
1718 3344 1776 3396 δὲ

183 3427 316 3491 Θεὸς
364 3428 611 3499 ἀφίησιν,
653 3427 789 3498 ὁμοῦ
843 3445 902 3481 τε
942 3428 1158 3491 δεικνὺς
1196 3427 1258 3480 :6
1294 3428 1639 3491 αὐτεξούσιον
1677 3429 1776 3498 τῆς

184 3510 585 3581 προαιρέσεως,
616 3510 753 3580 όμοῦ
773 3527 833 3564 τε
857 3511 986 3573 τοὺς
1019 3510 1211 3573 ἀλλους
1243 3511 1513 3564 παιδεύων
1550 3510 1624 3581 μὴ
1650 3512 1775 3580 μαί-

184 3596 373 3648 νεσθαι
416 3595 548 3665 μηδὲ
586 3594 785 3666 λυττᾷν
815 3597 945 3666 περὶ
975 3595 1045 3648 :6
1077 3600 1360 3667 χρήματα.
1396 3598 1460 3648 Τί
1494 3592 1617 3659 οὖν,
1645 3598 1775 3650 ὅταν

186 3677 426 3746 πονηρός
455 3693 536 3738 τις
563 3677 640 3729 ὢν
668 3676 895 3748 πλουτῇ.
924 3680 1018 3732 καὶ
1049 3678 1214 3750 μηδὲν
1246 3679 1426 3749 πάσχῃ
1449 3681 1647 3743 δεινόν;
1674 3698 1775 3749 φη-

188 3761 269 3812 σίν
288 3777 303 3790 ’
335 3759 405 3813 ἂν
444 3759 545 3829 μὲν
574 3759 686 3829 γὰρ
726 3762 929 3829 ἀγαθὸς
958 3762 1034 3814 ὢν
1064 3762 1295 3833 πλουτῇ,
1338 3764 1583 3827 δικαίως·
1626 3766 1691 3818 ἂν
1718 3766 1774 3818 δὲ

187 3843 448 3912 πονηρὸς,
481 3842 532 3894 τί
552 3842 823 3913 ἐροῦμεν;
852 3846 971 3897 "0::
1004 3846 1099 3898 καὶ
1126 3846 1297 3918 ταύτῃ
1332 3847 1584 3909 ἐλεεινός
1619 3848 1777 3901 πλοῦν

186 3942 274 3987 τος
308 3927 420 3996 γάρ
459 3928 693 3998 πονηρίᾳ
722 3929 1151 3998 προσγινόμενος
1187 3929 1460 3999 ἐπιτρίϐει
1487 3930 1548 3982 τὸ
1580 3932 1771 3994 πάθος.

198 4008 339 4063 Ἀλλ’
370 4009 575 4077 ἀγαθός
598 4011 737 4072 ἐστι,
773 4012 869 4065 καὶ⁵
902 4012 1153 4077 nive-nu
1190 4013 1327 4065 Ἀλλ’
1357 4014 1511 4066 οὐδὲν
1538 4014 1772 4084 βλάπτε-

186 4107 297 4147 ται.
356 4091 521 4146 ’Δλλά
567 4094 804 4164 πονηρός
845 4096 983 4159 ἐστι,
1018 4096 1114 4148 καὶ
1158 4097 1408 4161 πένεται;
1446 4097 1657 4151 Οὐκοῦν
1695 4098 1775 4151 δι-

187 4174 357 4239 καίως
379 4174 475 4228 καὶ
499 4177 813 4244 κατ’ἀξίαν,
844 4178 1044 4248 μᾶλλον
1077 4179 1133 4231 δὲ
1165 4180 1261 4232 καὶ
1288 4181 1576 4250 χρησίμως
1600 4181 1770 4251 αύτῷ.

198 4257 341 4312 Ἀλλ’
370 4260 400 4314 6
431 4258 599 4322 δεῖνα,
648 4260 805 4331 φησὶ,
851 4262 1004 4332 παρά
1042 4262 1324 4334 προγόνων
1358 4264 1575 4327 ἐδέξατο
1606 4263 1774 4317 πλοῦ-

188 4358 298 4407 τον,
332 4342 433 4399 καὶ
468 4344 751 4413 σκορπίζει
802 4344 991 4399 τοῦτον
1031 4348 1110 4409 είς
1153 4348 1358 4417 πόρνας
1400 4348 1496 4401 καὶ
1537 4348 1774 4417 παρασί-

189 4443 332 4489 τους,
361 4427 460 4479 καὶ⁹
486 4428 640 4482 οὐδὲν
662 4429 861 4499 πάσχει
884 4430 1076 4485 δεινόν.
1110 4432 1175 4483 Τί
1210 4431 1349 4501 φῄςς
1381 4432 1654 4502 πορνεύει,
1680 4432 1774 4484 καὶ

190 4508 384 4577 λέγεις,
405 4510 571 4563 Οὐδὲν
595 4512 793 4583 πάσχει
814 4514 985 4567 δεινόν
1005 4532 1019 4581 ;
1052 4515 1259 4584 μεθύει,
1288 4517 1384 4569 καὶ
1408 4517 1650 4586 νομίζεις
1672 4517 1775 4569 αύ-

190 4593 278 4646 τὸν
306 4594 555 4661 τρυφᾷνς
588 4596 670 4659 είς
701 4597 854 4649 οὐδὲν
881 4597 998 4650 δέον
1032 4598 1266 4670 δαπανᾷ,
1293 4601 1384 4654 καί
1411 4600 1649 4669 ζηλωτὸν
1674 4601 1773 4653 06-

190 4677 278 4729 :6v
308 4671 455 4729 εῐναι
484 4676 588 4746 φῄς
618 4688 681 4741 ι;
719 4678 814 4729 καὶ
841 4679 893 4731 τί
918 4682 1098 4748 χεῖρον
1126 4682 1326 4748 γένοιτ’
1350 4683 1415 4735 ἂν
1459 4684 1648 4735 τούτου
1677 4682 1771 4735 τοῦ

190 4761 286 4832 τὴν
308 4758 490 4830 ψυχὴν
525 4758 961 4828 λυμαινομένους
994 4763 1065 4814 Σὺ
1095 4764 1172 4823 δὲ,
1211 4766 1259 4814 εί
1288 4764 1389 4833 μὲν
1416 4765 1476 4815 :6
1502 4766 1661 4832 σῶμα
1694 4766 1771 4816 6:-

194 4843 461 4913 έστραπτο
497 4841 591 4895 καὶ
630 4841 947 4911 πεπήρωτο.
983 4844 1193 4912 μυρίων
1226 4844 1292 4895 ἀν
1327 4844 1465 4913 ἔφης
1492 4844 1640 4906 ἀξιον
1669 4845 1770 4896 06-

193 4924 278 4976 :6v
312 4922 454 4980 εἶναι
482 4925 754 4995 δακρύων,
784 4924 885 4995 τὴν
909 4924 966 4976 66
990 4924 1170 4994 ψυχὴν
1200 4925 1366 4977 06:06
1395 4928 1572 4978 πᾶσαν
1596 4944 1773 4995 πεπη-

202 5009 447 5079 ρωμένην
489 5010 651 5079 ὀρῶν,
704 5010 798 5060 καὶ
848 5007 1115 5077 μακάριον
1169 5008 1438 5076 νομίζεις;
1487 5009 1625 5061 Ἀλλ’
1670 5012 1771 5063 ούκ

200 5089 527 5152 αἰσθάνεται,
552 5092 705 5160 φησί.
748 5092 859 5145 Καὶ
901 5089 967 5142 δι’
1000 5090 1133 5143 06:6
1168 5090 1267 5160 μὲν
1293 5087 1386 5144 οὖν
1423 5092 1581 5145 τοῦτο
1610 5093 1771 5163 πάλιν

199 5171 445 5234 ἐλεεινὸς,
477 5172 665 5244 ῶσπερ
697 5177 745 5227 οί
775 5174 1196 5244 παραπαίοντες.
1232 5173 1292 5225 '0
1322 5174 1423 5244 μὲν
1454 5176 1563 5246 γὰρ
1591 5176 1768 5241 εἰδὼς,

200 5254 274 5307 ὃτι
316 5256 480 5316 νοσεῖ,
525 5258 617 5307 καὶ
652 5257 743 5308 τὸν
800 5258 980 5327 ἰατρὸν
1022 5255 1340 5325 ἐπιζητήσει
1395 5257 1635 5321 πάντως,
1679 5262 1766 5313 καὶ

200 5337 501 5408 φαρμάκων
539 5336 806 5399 ἀνέξεται·
839 5342 867 5391 6
902 5340 959 5393 66
993 5338 1220 5407 ἀγνοῶν,
1244 5338 1364 5389 ούδέ
1393 5338 1775 5410 ἀπαλλαγῆναι

200 5417 708 5489 δυνήσεται.Τοῦτον
723 5418 816 5473 06v
834 5423 1155 5491 μακαρίζεις
1171 5441 1184 5485 ;
1200 5422 1319 5474 είπέ
1339 5440 1449 5491 μοι.
1470 5422 1607 5475 Ἀλλ’
1621 5425 1773 5478 οὐδὲν

203 5502 527 5573 θαυμαστόν·
560 5501 877 5570 φιλοσοφίας
904 5505 1013 5573 γάρ
1042 5508 1093 5557 οἱ
1117 5506 1334 5569 πλείους
1360 5505 1507 5576 [267]
1532 5505 1771 5581 ἄπειροι.

202 5585 295 5639 Διά
338 5586 497 5641 τοῦτο
538 5588 639 5656 τὴν
670 5585 905 5656 ἐσχάτην
941 5588 1159 5658 τίνομεν
1189 5590 1365 5660 δίκην,
1397 5589 1769 5660 κολαζόμενοι,

263 5842 285 5869 ⁸
314 5842 575 5908 tegebatur
600 5844 681 5891 καὶ
699 5839 898 5898 νομίζεις
919 5842 1059 5890 αὐτὸν
1080 5847 1116 5898 ζ.
1150 5844 1280 5892 εἶναι.

1184 420 1248 474 IN
1285 415 1502 473 EPIST.
1545 411 1683 467 IAD
1719 408 1877 464 COR.
1921 406 2154 464 HOMIL.
2183 407 2375 463 XXIX.

3328 390 3436 447 NB

1866 529 1961 581 καὶ
2014 527 2138 582 οὐδὲ
2185 526 2648 593 ἀπαλλαττόμενοι
2686 521 2786 590 τῆς
2835 510 3257 588 τιμωρίας’διά
3283 510 3441 593 τοῨτο

1867 610 2028 680 θυμοὶ
2049 613 2142 665 καὶ
2174 611 2402 681 ἀθυμίαι
2438 591 2535 663 1:01
2559 604 2778 677 θόρυϐοι
2797 602 3086 671 διηνεκεῖς,
3109 593 3301 681 ἐπειδὴ
3330 591 3442 681 βίον

1866 679 2070 747 ἄλυπον
2110 679 2383 761 δείξαντος
2415 693 2547 763 ἡμῖν
2588 688 2681 741 τοῦ
2728 684 2895 747 Θεοῦ,
2937 682 3029 734 τὸν
3066 683 3167 749 τῆς
3209 679 3442 763 ἀρετῆς,

1866 774 2028 847 ἡμεῖς
2069 760 2274 847 ταύτην
2318 760 2582 844 ἀφέντες,
2631 770 2825 840 ἑτέραν
2872 766 3140 847 τέμνομεν
3182 762 3306 847 ὁδὸν
3347 760 3447 829 τὴν

1870 843 1961 914 τοῦ
1989 843 2352 915 πλούτου-καὶ
2373 843 2494 912 τῶν
2520 856 2840 928 χρημάτων,
2872 849 2970 920 τὴν
3004 846 3212 928 μυρίων
3244 843 3449 928 γέμου-

1870 960 1968 996 σαν
2010 943 2216 996 κακῶν·
2272 942 2365 995 καὶ
2396 941 2589 993 ταύτὸν
2628 934 2907 1005 ποιοῦμεν,
2945 930 3135 999 ὥσπερ
3174 927 3241 981 ἂν
3285 924 3340 977 εί
3362 941 3448 987 τις

1870 1028 2138 1096 σωμάτων
2181 1027 2283 1078 ούκ
2314 1022 2469 1085 εἰδὼς
2506 1019 2802 1091 διακρίνειν
2830 1015 3045 1077 κάλλος,
3083 1009 3218 1064 ἀλλὰ
3244 1009 3306 1096 :6
3342 1009 3452 1059 πᾶν

1869 1091 1981 1173 τοῖς
2007 1108 2245 1180 ἱματίοις
2273 1106 2553 1176 τιθέμενος
2596 1102 2691 1154 καὶ
2722 1100 2800 1170 τῷ
2830 1095 3201 1180 περικειμένῳ
3239 1091 3451 1159 κόσμῳ,

1870 1194 1969 1264 τὴν
2012 1178 2109 1263 μὲν
2143 1191 2351 1263 ὡραίαν
2379 1190 2613 1257 γυναῖκα
2653 1185 2750 1239 καὶ
2781 1183 3009 1252 φυσικὸν
3036 1178 3455 1264 κάλλος-κεκτηῖ

1874 1255 2044 1347 μένην
2072 1255 2206 1329 ἰδὼν
2234 1255 2583 1342 παραδράμοι
2603 1287 2616 1300 ·
2645 1268 2742 1339 τὴν
2771 1267 2829 1320 δὲ
2855 1264 3088 1347 αἰσχρὰν
3123 1262 3219 1314 καὶ
3241 1255 3456 1347 δυσειδῆ

1873 1337 1967 1411 καὶ
1992 1337 2054 1410 τὸ
2085 1358 2244 1426 σῶμα
2277 1337 2578 1423 ἀνάπηρον,
2607 1337 2749 1404 καλὰ
2780 1349 2971 1418 ἱμάτια
3000 1346 3239 1426 [ἔχουσανΔ
3260 1337 3459 1426 θεασάς

1876 1458 2053 1512 μενος,
2082 1443 2316 1507 γυναῖκα
2355 1421 2633 1507 ἀγάγοιτο.
2665 1432 2917 1488 Τοιοῦτόν
2963 1447 3015 1482 τι
3061 1428 3154 1479 καὶ
3332 1421 3459 1512 περὶ

1870 1504 1969 1593 τὴν
1999 1504 2199 1593 ἀρετὴν
2226 1522 2320 1573 καὶ
2356 1504 2453 1590 τῆν
2480 1504 2689 1573 κακίαν
2730 1518 3029 1583 πάσχουσιν
3050 1511 3098 1562 οἱ
3126 1506 3332 1567 πολλοὶ,
3359 1504 3477 1573 τὴν·

1876 1592 1975 1676 μέν
1998 1606 2230 1677 αίσχράν
2257 1606 2416 1673 φύσει
2445 1605 2798 1677 προσιέμενοι
2827 1602 2916 1654 διὰ
2945 1603 3036 1652 τὸν
3060 1596 3257 1661 ἔξωθεν
3286 1592 3460 1661 αὐτῆς

1872 1691 2099 1758 κόσμον,
2130 1690 2227 1760 τὴν
2255 1691 2313 1742 δὲ
2341 1689 2547 1761 ὡραίαν
2574 1690 2668 1741 καὶ
2689 1686 2965 1757 εύμορφον
2992 1678 3462 1750 ἀποστρεφόμενοι

1870 1776 1959 1829 διὰ
2006 1775 2067 1827 :6
2112 1775 2320 1843 γυμνὸν
2362 1775 2536 1843 αὐτῆς
2590 1773 2806 1835 κάλλος,
2835 1772 2904 1824 δι’
2939 1771 2965 1822 ὃ
3010 1769 3245 1840 μάλιστα
3292 1764 3463 1834 αὐτὴν

1873 1858 2091 1911 ἑλέσθαι
2121 1858 2311 1928 ἐχρῆν.

1949 1948 2025 2005 ς’.
2048 1941 2144 1994 Διά
2181 1941 2338 1993 τοῦτο
2352 1940 2699 2010 αἰσχύνομαι,
2723 1940 2804 1991 ὅτι
2833 1939 2961 2006 παρ’
2979 1936 3204 2005 Ἕλλησι
3234 1933 3331 2004 μὲν
3352 1934 3464 1992 τοῖς

1874 2025 2125 2094 ἀνοήτοις
2167 2025 2303 2077 εἰσὶν
2350 2024 2400 2076 οἱ
2440 2022 2616 2077 ταῦτα
2667 2022 3104 2091 φιλοσοφοῦντες,
3154 2021 3202 2071 εί
3244 2019 3337 2071 καὶ
3389 2015 3468 2086 μὴ

1876 2108 2216 2176 πράγμασιν,
2252 2106 2390 2160 ἀλλά
2410 2110 2477 2176 τῇ
2501 2107 2695 2177 γνώμη
2718 2106 2847 2174 γοῦν
2869 2106 3029 2170 τέως,
3061 2105 3154 2158 καὶ
3176 2103 3377 2163 ειδότες
3404 2101 3467 2152 :6

1874 2190 1986 2243 τῶν
2036 2190 2318 2260 παρόντων
2368 2190 2672 2259 ἐπίκηρον*
2735 2192 2865 2259 παρ’
2904 2190 3036 2257 ἡμῖν
3078 2187 3135 2239 δὲ
3173 2186 3305 2239 ἔνιοι
3343 2182 3467 2236 0666

1874 2272 2049 2326 ταῦτα
2073 2273 2411 2336 ἐπίστανται,
2435 2272 2572 2325 ἀλλά
2592 2272 2685 2325 καὶ
2705 2271 2805 2342 τὴν
2828 2272 3010 2339 κρίσιν
3030 2269 3199 2337 αὐτὴν
3219 2266 3469 2336 διεφθαρ⁴

1880 2357 2052 2423 μένην
2093 2353 2295 2424 ἔχουσι,
2334 2356 2428 2407 καὶ
2470 2354 2644 2408 ταῦτα
2677 2354 2789 2408 ἀνω
2813 2354 2909 2407 καὶ
2938 2353 3089 2405 κάτω
3114 2352 3213 2420 τῆς
3241 2351 3469 2420 Γραφῆς

1876 2437 2183 2508 ἐπᾳδούσης
2232 2440 2366 2505 ἡμῖν
2416 2439 2512 2492 καὶ
2559 2437 2844 2507 λεγούσης·
2900 2433 3322 2501 Ἑξουδένωται
3365 2431 3467 2485 ἐν·

1874 2521 2062 2573 ὠπιον
2112 2519 2301 2573 αὑτοῦ
2344 2521 2844 2589 πονηρευόμενος,
2887 2519 3030 2583 τοὺς
3070 2516 3139 2569 δὲ
3178 2513 3469 2584 φοϐουμέ-

1875 2622 2023 2669 νους
2047 2604 2153 2655 τὸν
2178 2602 2396 2669 Κύριον
2417 2601 2667 2665 δοξάζει.
2697 2603 2885 2667 Φόϐος
2912 2600 3134 2668 Κυρίου
3160 2597 3313 2665 ὑπὲρ
3345 2596 3468 2651 πᾶν

1875 2686 2231 2755 ὑπερέϐαλε.
2266 2686 2377 2739 Τὸν
2405 2686 2555 2739 Θεὸν
2582 2686 2791 2754 φοϐοῦ,
2823 2686 2920 2738 καί
2957 2683 3065 2749 τὰς
3085 2683 3340 2747 ἐντολὰς
3363 2683 3465 2734 αὐ-

1876 2770 1984 2823 τοῦ
2052 2770 2359 2836 φύλασσε,
2421 2769 2513 2821 ὅτι
2563 2768 2740 2821 τοῦτο
2791 2767 2910 2833 πᾶς
2964 2767 3297 2834 ἅνθρωπος.
3368 2762 3468 2830 Μὴ

1876 2849 2221 2920 παραζήλου
2277 2851 2348 2903 ἐν
2398 2851 2525 2917 τοῖς
2572 2849 3112 2918 ποναηρευομένοις⁸
3158 2848 3243 2915 μὴ
3278 2846 3468 2912 φοϐοῦ

1876 2935 2023 2988 ὅταν
2059 2932 2381 3000 πλουτήσῃ
2418 2933 2751 3000 ἅνθρωπος.
2788 2932 2962 2985 Πᾶσα
3018 2931 3177 2999 σὰρξ
3228 2930 3465 2999 χόρτος,

1875 3020 1973 3072 καὶ
2039 3016 2208 3075 πᾶσα
2260 3017 2411 3080 δόξα
2471 3016 2787 3083 ἀνθρώπου
2840 3015 2921 3080 ὠς
2980 3014 3163 3080 ἄνθος
3224 3015 3463 3082 χόρτου.

1875 3100 2063 3154 Ταῦτα
2091 3102 2199 3171 γάρ
2234 3101 2329 3153 καὶ
2366 3098 2435 3151 τά
2468 3098 2693 3152 τοιαῦτα
2738 3096 2861 3151 καθ’
2892 3097 3131 3166 ἑκάστην
3177 3095 3467 3157 ἀκούοντες

1875 3185 1977 3255 τὴν
2008 3185 2241 3255 ἡμέραν,
2269 3183 2348 3235 ἔτι
2392 3185 2458 3253 τῇ
2499 3185 2567 3253 γῇ
2602 3181 3025 3253 προσηλώμεθα,
3065 3181 3174 3233 Καὶ
3216 3180 3467 3248 καθάπερ

1875 3268 2065 3320 παιδία
2091 3266 2279 3337 ἀμαθῆ
2309 3265 2546 3335 συνεχῶς
2570 3265 2637 3318 τὰ
2663 3268 2902 3334 στοιχεῖα
2927 3263 3285 3334 μανθάνοντα,
3314 3266 3465 3316 ἐπει-

1874 3348 1973 3402 δὰν
1999 3348 2419 3419 διεσπαρμένως
2447 3346 2766 3418 ἐξετάζηται
2810 3350 2940 3418 περὶ
2976 3347 3073 3417 τῆς
3102 3346 3326 3398 ἐκείνων
3364 3345 3464 3398 τά·

1876 3432 2032 3497 ξεως,
2062 3432 2225 3502 ἔτερα
2259 3430 2373 3483 ἀνθ’
2404 3432 2591 3502 ἐτέρου
2630 3432 2858 3500 λέγοντα
2884 3430 3051 3484 πολὺν
3083 3431 3223 3483 κινεῖ
3245 3430 3335 3482 τὸν
3367 3428 3461 3495 γέ-

1874 3516 2042 3570 λωταο
2069 3514 2211 3568 οὕτω
2244 3515 2336 3567 καὶ
2366 3515 2544 3584 ὑμεῖς,
2572 3516 2701 3568 ὅταν
2734 3514 2833 3585 μὲν
2865 3513 3099 3567 ἐνταῦθα
3132 3512 3275 3566 κατά
3308 3512 3463 3575 τάξιν

1875 3600 2017 3654 06:6
2058 3600 2188 3669 ὑμῖν
2242 3596 2661 3668 καταλέξωμεν,
2720 3599 3074 3668 ὁπωσδήποτε
3118 3596 3462 3667 παρακολου-

1874 3685 2037 3738 θεῖτεο
2070 3685 2196 3735 ὅταν
2227 3682 2282 3734 δέ
2321 3680 2424 3745 ἔξω
2451 3681 2863 3751 διεσπαρμένως
2896 3682 3038 3750 ὑμᾶς
3070 3681 3462 3751 ἐρωτήσωμεν,

1875 3769 2003 3819 ποῖα
2039 3766 2137 3835 μὲν
2161 3764 2375 3836 πρῶτα,
2409 3767 2540 3817 ποῖα
2585 3764 2641 3817 66
2684 3765 2911 3834 δεύτερα
2953 3764 3063 3817 τῶν
3114 3764 3460 3834 πραγμάτων

1873 3851 2088 3904 τάττειν
2118 3848 2285 3915 ἄξιον,
2318 3847 2413 3899 καὶ
2442 3847 2562 3899 τίνα
2612 3848 2749 3916 μετά
2804 3846 2947 3909 τίνα,
2998 3847 3101 3899 οὐκ
3132 3846 3334 3908 ειδότες
3379 3848 3460 3898 εί-

1874 3935 2017 3997 πεῖν,
2058 3931 2451 3998 καταγέλαστοι
2484 3931 2717 3999 γίνεσθε.
2751 3926 2826 3983 Ἦ
2857 3931 2918 3984 06
2965 3930 3162 3983 πολλοῦ
3198 3930 3458 3997 γέλωτος,

1875 4016 1997 4069 είπέ
2035 4034 2146 4086 μοι,
2178 4016 2476 4069 ἀθανασίαν
2506 4016 2939 4084 προσδοκῶντας,
2969 4016 3065 4068 καὶ
3094 4014 3163 4068 τά
3191 4013 3393 4081 ἀγαθά,
3424 4014 3462 4067 ἃ

1874 4098 1999 4153 06:5
2020 4098 2293 4169 ὀφθαλμὸς
2311 4095 2470 4161 εἶδεν,
2490 4099 2613 4151 οὔτε
2646 4094 2738 4161 οὖς
2767 4100 3018 4169 ἤκουσεν,
3056 4095 3179 4150 οὔτε
3202 4097 3293 4148 ἐπὶ
3320 4112 3460 4167 καρ-

1875 4182 1993 4236 δίαν
2030 4180 2318 4252 ἀνθρώπου
2358 4182 2548 4253 ἀνέϐη,
2600 4184 2728 4251 περὶ
2773 4181 2882 4233 τῶν
2919 4180 3153 4234 ἐνταῦθα
3189 4179 3460 4249 μενόντων

1876 4264 2220 4334 φιλονεικεῖν,
2257 4265 2350 4317 καὶ
2373 4264 2588 4333 ζηλωτά
2622 4265 2761 4318 αύτά
2790 4260 2926 4316 εἶναι
2963 4263 3324 4333 νομίζεινςΕί
3350 4261 3460 4331 γὰρ

1876 4348 1955 4401 ἔτι
2006 4348 2178 4401 ταῦτα
2221 4348 2409 4419 χρείαν
2464 4348 2604 4417 ἔχεις
2664 4347 2978 4415 μανθάνειν,
3018 4348 3098 4399 ὅτι
3126 4345 3278 4398 οὐδὲν
3316 4344 3459 4413 μέγα

1875 4431 2124 4495 πλοῦτος,
2161 4433 2242 4483 ὄτι
2281 4432 2407 4483 σκιά
2436 4431 2505 4483 :6
2538 4431 2782 4501 παρόντα
2815 4430 2908 4482 καὶ
2942 4430 3099 4499 ὄναρ,
3139 4429 3220 4480 ὅτι
3250 4428 3459 4480 καπνοῦ

1871 4516 2026 4581 δίκην
2053 4513 2324 4567 διαλύεται
2351 4515 2445 4565 καὶ
2465 4514 2787 4582 ἀφίπταται·
2816 4512 2919 4575 ἔξω
2943 4511 3050 4563 τῶν
3070 4511 3278 4563 ἀδύτων
3304 4511 3458 4579 στῆθι

1873 4598 2032 4663 τέως,
2061 4599 2118 4649 ἐν
2151 4600 2264 4659 τοῖς
2304 4596 2657 4667 προπυλαίοις
2704 4595 2852 4665 μένε·
2886 4594 3039 4648 οὔπω
3076 4594 3185 4663 γὰρ
3220 4594 3319 4660 τῆς
3346 4593 3461 4643 είσ-

1873 4681 1996 4734 όδου
2024 4682 2124 4749 τῆς
2151 4681 2288 4750 πρὸς
2315 4680 2383 4731 τὰ
2406 4678 2517 4731 ἄνω
2549 4679 2791 4748 βασίλεια
2818 4678 2967 4743 ἄξιος
2987 4678 3235 4743 γέγονας.
3264 4676 3325 4726 Et
3351 4674 3459 4744 γάρ

1874 4762 1971 4831 τὴν
2018 4762 2181 4827 φύσιν
2210 4761 2388 4811 αὐτῶν
2417 4760 2713 4826 διακρίνειν
2763 4759 2863 4809 οὐκ
2913 4754 3068 4809 οἶσθα
3096 4757 3195 4825 τὴν
3225 4756 3461 4810 ἄστατον

1874 4844 1967 4896 καὶ
1989 4841 2251 4910 διηνεκῶς
2283 4840 2532 4907 ῥέουσαν,
2557 4840 2687 4891 πότε
2714 4840 2893 4891 αὐτῶν
2920 4838 3196 4909 ὑπεριδεῖν
3216 4837 3457 4911 δυνήσῃς

1873 4928 1920 4980 εί
1944 4926 1999 4977 66
2020 4924 2199 4989 λέγεις
2224 4922 2442 4983 εἰδέναι,
2466 4920 2671 4973 παῦσαι
2694 4921 3166 4993 πολυπραγμονῶν
3196 4923 3287 4976 καὶ
3312 4939 3461 4992 περι-

1873 5009 2258 5080 εργαζόμενος,
2287 5005 2339 5057 τί
2370 5005 2570 5075 δήποτε
2596 5008 2624 5059 6
2656 5006 2804 5061 δεῖνα
2833 5006 3107 5071 πλούσιος,
3143 5010 3235 5062 καὶ
3260 5008 3288 5059 6
3312 5006 3459 5056 δεῖνα

1872 5093 2064 5161 πένης.
2113 5090 2321 5143 Ταύτδν
2365 5089 2473 5159 γὰρ
2517 5093 2691 5151 ποιεῖς
2741 5089 2916 5143 ταῦτα
2971 5088 3210 5160 ἐρωτῶν,
3258 5085 3458 5137 ὡσανεὶ

1872 5175 2105 5246 περιιὼν
2150 5173 2472 5235 ὲπυνθάνου,
2505 5173 2652 5244 [268]
2697 5173 2751 5225 τί
2793 5173 2989 5242 δήποτε
3032 5172 3061 5222 6
3085 5171 3231 5227 δεῖνα
3267 5167 3459 5229 λευκὸς

1872 5263 1966 5314 καὶ
2005 5264 2033 5313 6
2057 5261 2206 5313 δεῖνα
2253 5259 2435 5328 μέλας,
2466 5258 2498 5328 ἢ
2532 5259 2560 5309 6
2593 5257 2739 5309 δεῖνα
2768 5254 2975 5326 γρυπὸς
3010 5254 3106 5310 καὶ
3139 5257 3168 5308 6
3198 5254 3347 5309 δεῖνα
3376 5270 3461 5307 0:-

1876 5346 1995 5416 μός.
2032 5344 2244 5413 Ὠσπερ
2283 5343 2391 5410 γάρ
2429 5341 2580 5393 οὐδὲν
2622 5340 2792 5392 ταῦτα
2824 5341 2957 5409 ἡμῖν
3002 5337 3268 5410 διαφέρει,
3303 5339 3369 5394 ἄν
3394 5354 3459 5393 τε

1873 5427 2067 5491 οὕτως,
2091 5427 2156 5479 ἄν
2181 5441 2243 5479 τε
2269 5425 2492 5486 ἐκείνως
2516 5424 2633 5494 ἔχῃ,
2659 5421 2829 5483 οὕτως
2858 5420 2978 5473 0666
3000 5421 3061 5474 :6
3089 5421 3344 5477 πένεσθαι
3360 5416 3459 5475 καὶ

1875 5509 2149 5573 πλουτεῖν,
2188 5508 2282 5560 καὶ
2320 5506 2498 5575 πολλῷ
2531 5505 2728 5575 μᾶλλον
2761 5504 2793 5574 ἢ
2831 5505 3033 5558 ἐκεῖνα·
3072 5504 3208 5559 ἀλλά
3252 5505 3313 5557 :6
3346 5506 3457 5558 πᾶν

1875 5592 2028 5662 παρά
2063 5592 2157 5643 τὸν
2192 5590 2291 5660 τῆς
2336 5590 2584 5661 χρήσεως
2624 5587 2831 5653 γίνεται
2871 5590 3090 5660 τρόπον.
3124 5586 3246 5644 Κάν
3286 5584 3457 5658 πένης

1875 5671 1964 5748 ἧς,
2018 5674 2242 5727 δύνασαι
2294 5672 2432 5741 μετά
2488 5670 2753 5739 εὐθυμίας
2800 5671 2900 5745 ζῇν
2959 5668 3285 5741 φιλοσοφῶνσ
3349 5667 3455 5722 κᾶν

1877 5758 2135 5819 πλούσιος
2167 5752 2254 5830 ᾖς,
2285 5756 2502 5815 πάντων
2538 5752 2865 5822 ἀθλιώτερος
2893 5750 2942 5807 εί
2977 5752 3194 5822 φεύγων
3224 5751 3450 5825 ἀρετήν.

1878 5844 1959 5897 Τὰ
1984 5840 2093 5909 γὰρ
2116 5840 2437 5909 διαφέροντα
2470 5840 2605 5909 ἡμῖν
2630 5838 2821 5903 ταῦτα,
2853 5838 2921 5892 τά
2954 5837 3055 5906 τῆς
3086 5834 3285 5908 ἀρετῆς
3305 5851 3320 5866 ·
3346 5835 3454 5891 κάν
