4086 6340
132 398 249 456 ξω
1202 398 1267 453 ΙΝ
1306 399 1518 457 EPIST.
1542 403 1579 457 Ἰ
1644 409 1681 459 Α

1790 405 1925 463 :ou.
1969 388 2197 466 uomL.
2240 412 2411 475 xxx.
3295 431 3405 488 250

129 508 287 562 illum
336 506 650 579 quempiam
695 522 988 581 pauperem
1027 511 1109 567 vel
1157 511 1379 586 divitem
1409 531 1425 577 ;
1457 516 1565 570 imo
1602 515 1722 574 brcc
1826 530 1881 575 ut
1906 522 2405 598 bancappetamus?
2427 530 2561 601 Quia
2585 551 2693 592 non
2716 541 2941 599 multum
2972 543 3117 600 illam
3142 554 3398 623 concupi-

130 599 321 653 ἀίω-ιε
358 611 523 668 quam
555 600 643 665 illa
671 601 997 671 quaerenda;
1038 603 1133 659 sed
1161 605 1426 660 totumad
1457 622 1613 663 usum
1636 624 1724 667 re-
1821 612 2040 671 scimus.
2086 616 2201 673 Hoc
2232 630 2419 678 autem
2452 599 2634 695 ipsum
2679 627 2827 696 unde
2864 599 3402 713 accidit

125 689 270 746 feni
295 690 478 747 debet.
502 692 723 747 Etiamsi
750 707 952 764 pauper
975 694 1071 761 sis,
1107 703 1257 764 potes
1280 696 1403 752 eum
1434 696 1575 753 bono
1599 714 1719 753 am-
1820 704 1998 772 gentia
2021 722 2038 762 :
2058 716 2114 764 et
2156 689 2493 784 negligentia-
2519 717 2704 775 unde!
2746 690 2827 778 si
2869 689 3401 799 contempt:

124 796 227 837 mo
255 782 437 839 vivere
461 783 510 839 si
547 782 979 855 philosopheris:
1008 786 1232 870 etiamsi,
1258 788 1411 842 dives
1450 789 1524 843 sis
1550 830 1564 854 ,
1596 805 1717 844 om-
1818 802 2057 891 temptas
2097 801 2282 860 unde?
2309 782 2401 861 'Ex
2441 808 2677 866 amentia
2706 850 2726 880 ,
2764 821 2823 871 et
2860 815 3001 887 quod

122 874 284 928 nium
316 890 378 930 es
414 874 750 932 miserrimus
778 917 794 942 ,
834 878 881 932 si
926 878 1176 935 virtutem
1205 866 1395 952 fugias.
1441 880 1577 937 Nam
1603 883 1717 938 lucc
1819 866 2086 947 inhiamus
2110 934 2128 961 ,
2156 903 2211 949 et
2232 898 2388 966 quod
2417 915 2595 958 rerum
2619 914 2864 963 naturam
2891 866 3121 968 nolist
3142 928 3398 976 secante

122 964 292 1019 nobis
318 965 573 1021 sectanda
613 975 738 1022 sunt
771 1009 787 1035 ,
816 982 938 1038 qua
976 968 1043 1023 ad
1081 970 1330 1028 virtutem
1360 980 1640 1040 spectant:
1667 974 1713 1027 si
1818 981 2149 1039 examinare.
2174 964 2289 1042 Hoc
2314 1003 2442 1046 vero
2463 982 2735 1050 undenam‘
2755 964 3396 1072 procedith

122 1053 248 1110 hac
274 1070 387 1111 non
413 1056 611 1121 adsint,
639 1057 864 1113 aliorum
892 1058 1039 1115 nulla
1060 1060 1278 1115 utilitas.
1311 1060 1435 1116 ideo
1458 1064 1711 1131 frequen-

122 1152 211 1199 tes
239 1144 353 1201 illa
382 1148 830 1219 interrogationes
857 1189 873 1215 ,
897 1150 1022 1221 quia
1060 1151 1212 1205 multi
1247 1165 1313 1206 ea
1355 1167 1473 1222 qua:
1504 1153 1715 1208 indilfe-

118 1236 303 1293 rentia
324 1245 455 1295 sunt
480 1239 547 1294 ad
573 1254 633 1296 se
656 1251 899 1311 spectare
925 1249 1111 1311 putant
1138 1257 1154 1307 ;
1177 1240 1246 1297 de
1260 1242 1327 1297 iis
1350 1258 1479 1297 vero
1498 1259 1618 1314 qua:
1642 1246 1709 1300 ad

117 1340 186 1383 se
214 1339 465 1399 spectant
501 1342 555 1387 et
579 1332 681 1388 sibi
710 1334 861 1389 utilia
900 1342 1072 1401 sunt,
1099 1334 1300 1389 nullam
1326 1337 1587 1391 rationem
1617 1337 1709 1393 ha-

116 1417 277 1475 bent.
309 1406 446 1477 Nam
472 1438 591 1494 qua:
630 1433 813 1480 nostra
843 1425 1108 1483 intersunt
1137 1466 1153 1491 ,
1187 1429 1352 1483 virtus
1389 1438 1445 1484 et
1475 1431 1708 1501 philoso-

117 1510 248 1581 phia
279 1522 430 1568 sunt.
460 1514 594 1581 Quia
613 1530 742 1586 ergo
761 1515 829 1571 ab
849 1516 941 1572 illa
961 1517 1124 1589 longo
1148 1518 1437 1582 intervallo
1457 1520 1657 1575 abestis
1677 1559 1691 1587 ,

114 1602 247 1659 ideo
274 1605 661 1675 cogitationum
692 1608 1023 1676 perturbatio
1047 1650 1063 1674 ,
1095 1610 1218 1665 ideo
1258 1609 1453 1665 ﬂuctus
1502 1611 1652 1668 multi
1684 1653 1701 1678 ,

114 1692 243 1745 ideo
265 1701 582 1762 tempestas.
618 1694 750 1751 Cum
788 1698 931 1752 enim
969 1713 1000 1753 a
1030 1714 1262 1771 superna
1292 1701 1458 1771 gloria
1478 1702 1702 1757 excide-

109 1778 228 1834 rint
248 1821 266 1846 ,
316 1791 372 1836 et
396 1797 427 1836 a
448 1784 699 1840 caelorum
726 1801 912 1843 amore
941 1828 957 1856 ,
1002 1798 1321 1860 praesentem
1348 1790 1573 1860 gloriam
1609 1807 1701 1847 cu-

1815 1081 2092 1141 pturarum
2119 1076 2337 1136 lectioni
2366 1096 2472 1138 non
2499 1086 2840 1147 attendamus
2868 1132 2887 1158 ,
2925 1109 3099 1165 neque
3125 1112 3245 1154 cum
3265 1102 3397 1158 viris

1814 1167 2016 1220 sanctis
2053 1182 2331 1226 versemur
2353 1213 2370 1237 ,
2407 1182 2466 1230 et
2493 1174 2857 1247 improborum
2887 1194 3063 1243 cetus
3088 1184 3397 1259 frequente-

1815 1268 1956 1325 mus.
1984 1255 2063 1313 Ne
2092 1258 2253 1328 igitur
2267 1260 2370 1319 hoc
2398 1277 2660 1336 perpetuo
2680 1269 2805 1339 fiat,
2828 1281 2883 1328 et
2904 1290 2972 1330 ne
2996 1255 3393 1337 ﬂuctus—flucti-

1814 1343 1915 1401 bus
1936 1348 2287 1407 succedentes
2305 1393 2322 1419 ,
2357 1370 2458 1411 nos
2489 1357 2543 1412 in
2584 1359 2850 1418 malorum
2877 1366 3097 1438 pelagus
3126 1370 3397 1429 abducant

1812 1443 1867 1490 et
1882 1436 2144 1504 snil'ocent
2159 1439 2502 1529 funditusque
2522 1449 2777 1520 perdant;
2799 1452 2972 1512 donec
2990 1436 3199 1528 tempus
3214 1461 3390 1529 adest,

1806 1538 2184 1597 essurgamus,
2209 1541 2264 1586 et
2290 1528 2448 1603 supra
2476 1548 2682 1605 petram
2712 1550 2945 1611 stantes,
2972 1546 3062 1601 Dei
3080 1548 3388 1619 dogmatum

1808 1614 2035 1672 dieoet
2086 1621 2372 1677 verborum
2398 1666 2413 1684 .
2460 1630 2808 1698 reSpiciamus
2849 1644 3222 1704 tempestatem
3267 1640 3390 1695 vitae

1810 1709 2109 1774 prmseutis.
2157 1710 2231 1765 ita
2254 1715 2397 1769 enim
2423 1726 2479 1772 et
2503 1734 2601 1775 nos
2631 1720 2800 1791 ipsam
2821 1724 3157 1796 effugiemus,
3184 1731 3389 1787 etalios

1808 1798 2137 1869 naufragium
2187 1805 2451 1873 patientes
2489 1812 2837 1871 extrahemns
2867 1859 2883 1883 ,
2932 1823 3102 1888 gratia
3144 1831 3200 1877 et
3238 1823 3388 1878 beni-

114 1869 275 1940 piunt
301 1872 541 1945 [inatque
562 1878 703 1932 servi
743 1886 800 1934 et
834 1881 1050 1950 captivi.
1080 1880 1149 1936 Et
1178 1881 1319 1939 unde
1350 1882 1455 1949 fit,
1488 1888 1655 1954 mquit
1680 1928 1695 1949 ,
1805 1891 2037 1957 gnitatc,
2066 1901 2173 1948 etc.

1480 2050 1824 2113 HOMILIA
1865 2053 2080 2118 XXX.

108 2164 246 2220 Cn.
276 2166 369 2222 i2.
412 2183 465 2219 v.
503 2165 590 2224 12.
619 2166 763 2222 Sicut
790 2168 922 2223 enim
945 2185 1130 2240 corpus
1158 2187 1315 2225 unum
1338 2182 1432 2238 est,
1459 2182 1507 2227 et
1535 2190 1697 2227 mem-

180 2258 279 2311 bra
299 2258 449 2312 habet
473 2256 633 2312 multa
654 2273 675 2323 ;
704 2261 875 2313 omnia
898 2271 1067 2314 autem
1090 2261 1313 2316 membra
1329 2264 1556 2335 corporis
1580 2280 1696 2318 cum

177 2353 285 2407 sint
316 2350 501 2415 multa,
521 2366 677 2405 unum
697 2361 869 2407 tamen
890 2369 1075 2425 corpus
1098 2364 1214 2410 sunt
1237 2370 1257 2410 .'
1276 2356 1347 2409 ita
1372 2365 1420 2410 et
1442 2355 1692 2412 Christus.

179 2446 236 2499 1.
280 2444 417 2499 Cum
467 2444 889 2502 consolationem
944 2443 1282 2517 praebuisset
1322 2464 1389 2505 ex
1433 2464 1501 2505 eo
1550 2450 1695 2521 quod

101 2536 401 2605 gratuitum
428 2543 577 2591 esset
601 2535 798 2592 donum
820 2577 837 2601 ,
893 2553 963 2593 ex
1020 2553 1088 2595 eo
1110 2540 1254 2610 quod
1292 2541 1471 2596 omnia
1495 2557 1559 2597 ex
1587 2556 1694 2598 uno

103 2625 411 2697 eodemque
462 2626 665 2697 Spiritu
696 2631 1001 2699 amipereat
1024 2672 1042 2699 ,
1065 2646 1132 2687 ex
1157 2647 1224 2688 eo
1244 2632 1387 2702 quod
1406 2633 1473 2688 ad
1496 2634 1694 2688 utilita-

104 2723 216 2768 tem
245 2714 511 2771 darentur
541 2757 558 2781 ,
588 2734 657 2773 ex
685 2734 751 2774 eo
778 2720 919 2789 quod
952 2737 1050 2790 per
1076 2722 1286 2777 minora
1330 2725 1694 2779 manifestatio

105 2806 261 2860 iteret
291 2823 307 2859 :
332 2806 403 2860 ad
433 2805 550 2863 base
576 2808 739 2864 etiam
765 2825 887 2877 cum
916 2826 979 2867 os
1020 2826 1208 2867 eorum
1240 2814 1595 2871 obstruxth
1624 2831 1692 2871 ex

106 2912 176 2952 eo
228 2899 378 2968 quod
429 2908 675 2970 opoth
723 2904 969 2972 potestati
1007 2903 1237 2974 Spiritus
1276 2905 1507 2971 cedere;
1565 2906 1691 2961 Hae

100 2990 248 3043 enim
306 2990 478 3045 munia
499 3028 517 3058 ,
545 2991 735 3062 inquit,
766 3003 1003 3063 operatur
1026 3011 1158 3050 unus
1186 3006 1337 3067 atque
1362 2996 1494 3051 idem
1516 2997 1689 3069 Spiri-

101 3094 207 3149 tus,
235 3083 469 3139 dieidem
497 3084 709 3157 singulis
734 3096 886 3155 prout
920 3088 1027 3142 uult
1050 3103 1071 3152 ,'
1098 3103 1267 3158 quare
1292 3105 1397 3144 non
1437 3090 1560 3145 licet
1589 3106 1688 3145 cu-

100 3174 255 3230 riose
273 3174 552 3245 inquirere
577 3193 591 3229 :
620 3192 686 3232 ex
712 3177 819 3232 alio
843 3194 1030 3234 rursus
1059 3180 1179 3234 illos
1198 3182 1508 3236 consolatur
1535 3198 1686 3237 com-

98 3264 256 3317 muni
302 3246 595 3334 exemplo:
625 3277 680 3322 et
707 3266 775 3322 ad
815 3278 1058 3323 naturam
1099 3271 1269 3340 ipsam
1316 3272 1555 3343 confugit
1583 3315 1599 3341 ,
1631 3282 1689 3329 ut

98 3352 286 3409 facere
300 3355 457 3410 solet.
475 3355 607 3411 Nam
631 3359 845 3429 quando
865 3360 1159 3417 disserebat
1178 3363 1246 3419 de
1272 3378 1423 3419 coma
1452 3368 1689 3423 virorum

100 3458 165 3499 ac
190 3445 501 3515 mulierum,
529 3457 648 3518 post
671 3450 773 3504 alia
797 3449 922 3510 hinc
947 3468 1159 3524 quoque
1180 3455 1301 3511 illos
1325 3458 1573 3525 erudivit,
1600 3459 1685 3514 di-

100 3550 232 3592 cens
257 3554 273 3591 :
307 3541 489 3594 Armon
509 3542 619 3611 ipsa
640 3552 823 3596 natura
838 3558 925 3599 vos
951 3546 1094 3599 docet
1111 3587 1129 3613 ,
1150 3548 1285 3617 quod
1309 3550 1385 3602 uir
1407 3537 1610 3619 quidem
1640 3551 1687 3605 si

103 3642 306 3682 causam
331 3631 537 3695 nutriat,
570 3632 848 3702 ignominia
868 3645 941 3689 at
966 3634 1043 3689 illi
1068 3652 1088 3699 ;
1113 3639 1293 3693 mulier
1320 3650 1494 3694 autem
1524 3642 1567 3695 si
1591 3659 1682 3707 eo-

102 3733 239 3770 mant
267 3720 458 3772 nutriat
485 3760 503 3786 ,
530 3722 627 3791 ipsi
652 3732 725 3777 est
749 3725 914 3794 gloria
939 3725 958 3797 (
982 3725 1169 3781 LCor.
1200 3729 1287 3783 11.
1320 3731 1404 3785 14.
1435 3731 1503 3785 15
1530 3733 1551 3803 )
1578 3733 1683 3788 lEt

99 3820 223 3863 cum
262 3809 335 3867 de
364 3810 675 3885 idolothytis
702 3815 912 3872 dicebat
939 3856 955 3883 ,
986 3819 1280 3887 prohibens
1306 3821 1391 3875 illa
1421 3832 1638 3893 tangere
1661 3866 1678 3892 ,

99 3900 262 3954 etiam
294 3901 365 3956 ab
388 3906 626 3959 externis
651 3908 913 3977 exemplis
941 3923 1247 3966 sermonem
1277 3915 1447 3982 texit,
1488 3915 1678 3988 Olym-

99 3992 215 4059 piea
256 3995 549 4049 certamina
594 4011 901 4053 memorans
942 4010 995 4056 et
1033 4000 1219 4059 dicens
1249 4022 1263 4058 :
1291 4004 1389 4073 Qui
1418 4009 1472 4061 in
1514 4010 1680 4063 stadio

94 4094 311 4138 currunt
333 4126 352 4153 ,
383 4102 554 4144 omnes
590 4091 793 4159 quidem
840 4104 1047 4149 currunt
1074 4136 1089 4161 ,
1118 4113 1249 4153 unus
1283 4110 1447 4155 autem
1494 4105 1679 4169 accipit

94 4172 327 4251 brevium
353 4176 524 4247 (Ibid.
556 4180 611 4235 9.
640 4180 753 4253 ει)
782 4199 799 4238 :
827 4194 986 4255 atque
1027 4201 1056 4239 a
1109 4190 1413 4257 pastoribus
1440 4232 1456 4256 ,
1489 4194 1675 4248 militi-

92 4262 196 4319 bus
238 4276 294 4321 et
336 4269 585 4338 agricolis
630 4272 717 4327 illa
746 4272 861 4343 ipsa
893 4277 1142 4345 probans.
1177 4279 1302 4335 Ideo
1346 4283 1436 4337 hic
1463 4299 1676 4354 quoque

92 4371 381 4416 commune
407 4363 705 4435 exemplum
729 4366 780 4421 in
803 4367 1035 4424 medium
1060 4371 1233 4439 affert,
1255 4389 1364 4445 quo
1386 4376 1673 4435 admodum

93 4451 374 4505 contendit
418 4462 476 4507 ut
518 4455 767 4512 ostendat
800 4456 1067 4517 neminem
1116 4464 1295 4519 minus
1333 4482 1495 4535 quam
1538 4470 1672 4527 alios

97 4536 316 4603 habere,
352 4542 408 4595 id
430 4544 572 4611 quod
601 4548 844 4605 mirabile
871 4552 1057 4609 fuisset
1080 4564 1135 4611 et
1160 4558 1383 4625 probatu
1407 4560 1622 4618 diflicile
1649 4605 1666 4631 ,

96 4637 387 4699 tamenque
426 4633 778 4702 simpliciores
821 4654 1007 4709 posset
1051 4650 1428 4706 recreare:de
1456 4653 1523 4706 iis
1549 4669 1671 4723 qua:

94 4719 157 4775 ad
177 4735 374 4789 corpus
401 4732 643 4790 spectant
666 4724 804 4780 dico.
825 4729 1225 4789 Pusillanimem
1248 4752 1477 4807 namque
1491 4750 1548 4794 et
1565 4719 1669 4796 ini-

95 4828 195 4868 nas
220 4813 507 4877 habentem
545 4815 676 4871 nihil
705 4816 774 4871 ita
800 4822 1108 4877 consolatur
1133 4834 1187 4879 et
1228 4826 1296 4880 ad
1324 4842 1432 4884 non
1478 4830 1668 4886 dolen-

93 4904 215 4959 dam
246 4907 452 4964 inducit
476 4949 495 4975 ,
523 4919 580 4964 ut
616 4925 738 4966 cum
781 4910 941 4968 discit
983 4929 1046 4970 se
1088 4930 1194 4971 non
1225 4918 1400 4989 minus
1444 4920 1666 4980 habere.

92 4991 430 5065 Quapropter
458 4999 510 5053 id
538 5000 630 5057 ille
658 5003 890 5071 probans
916 5046 931 5070 ,
961 5007 1039 5089 sic
1061 5006 1330 5077 loquitur:
1363 5012 1507 5066 Sicut
1527 5015 1663 5069 enim

91 5097 271 5151 corpus
292 5100 453 5141 unum
474 5099 569 5156 est,
598 5101 645 5146 et
667 5095 889 5149 membra
915 5097 1061 5153 habet
1084 5101 1267 5155 multa.
1298 5102 1542 5161 Vidistin’
1569 5122 1655 5163 ac-

92 5183 328 5228 curatam
382 5176 834 5250 intelligentiam?
862 5185 1099 5257 ldipsum
1141 5200 1198 5264 et
1226 5208 1390 5250 unum
1414 5205 1469 5250 et
1493 5199 1661 5254 multa

92 5278 206 5321 esse
231 5266 491 5321 ostendit.
525 5270 648 5326 Ideo
669 5276 962 5349 subjungit,
997 5280 1049 5334 in
1078 5286 1350 5351 proposito
1378 5290 1548 5367 magis
1579 5292 1663 5344 in-

92 5366 233 5414 stans
263 5376 280 5415 :
312 5356 498 5414 Omnia
516 5372 684 5416 autem
708 5370 929 5425 membra
953 5372 1197 5441 corporis,
1224 5391 1339 5429 cum
1358 5356 1656 5447 sintinulta,

91 5464 240 5503 suum
268 5458 389 5504 sunt
407 5465 609 5521 corpus.
636 5451 748 5508 Non
769 5457 905 5515 dixit
926 5501 942 5527 ,
974 5460 1105 5517 Cum
1135 5463 1244 5519 sint
1266 5466 1433 5522 multa
1455 5509 1473 5536 ,
1499 5472 1658 5528 unius

93 5552 208 5595 sunt
226 5542 511 5611 corporis;
552 5542 669 5608 sed,
702 5544 814 5602 Hoc
835 5553 1008 5619 ipsum
1040 5571 1199 5610 unum
1229 5559 1391 5612 multa
1415 5572 1572 5629 sunt,
1601 5575 1657 5620 et

93 5627 174 5683 illa
196 5632 362 5687 multa
385 5632 626 5690 membra
638 5634 738 5691 hoc
755 5645 918 5693 unum
935 5653 1038 5699 est.
1058 5646 1114 5702 Si
1142 5661 1270 5719 ergo
1293 5650 1457 5705 multa
1487 5627 1652 5711 unum

1806 2177 1975 2246 inquit
2001 2222 2017 2246 ,
2051 2198 2206 2237 unum
2232 2197 2349 2241 sunt
2376 2228 2392 2266 _,
2424 2200 2481 2246 et
2529 2208 2636 2249 non
2682 2199 2844 2255 modo
2870 2218 3032 2259 unum
3063 2246 3078 2270 ,
3102 2206 3195 2262 sed
3220 2211 3395 2275 etiam

1804 2271 1972 2339 magis
2019 2274 2232 2352 proprie
2282 2281 2585 2339 examinata
2616 2324 2634 2349 ,
2666 2292 2960 2348 secundum
3008 2298 3148 2375 quod
3186 2316 3382 2373 corpus

1800 2371 1928 2416 sunt
1953 2404 1969 2429 ,
1999 2364 2350 2427 inveniuntur
2372 2376 2552 2431 omnia
2581 2392 2704 2435 esse
2729 2397 2914 2438 unum.
2944 2364 3172 2455 Quando
3199 2364 3376 2450 autem

1802 2470 1904 2542 per;
1936 2468 2148 2526 partes,
2175 2472 2316 2519 tunc
2353 2465 2652 2526 diﬂ'ereutia
2686 2483 2803 2542 est,
2854 2486 2909 2534 et
2947 2480 3244 2540 diderentia
3284 2487 3370 2541 illa

1799 2544 1851 2599 in
1900 2534 2153 2606 erunibus
2188 2553 2457 2621 similiter.
2484 2558 2702 2619 Nullum
2747 2534 2891 2623 enim
2936 2585 3126 2627 eorum
3175 2591 3271 2645 per
3319 2593 3379 2649 se

1798 2649 1979 2706 potest
2002 2656 2199 2735 corpus
2237 2648 2451 2706 efﬁcere
2477 2692 2498 2719 ,
2527 2654 2622 2710 sed
2652 2657 2765 2725 pari
2804 2659 2967 2717 modo
3004 2663 3212 2735 singula
3245 2648 3378 2723 deli-

1796 2732 1945 2788 ciunt
1972 2734 2040 2790 ad
2061 2752 2263 2809 corpus
2282 2742 2673 2804 eﬂ'ormandum
2703 2790 2718 2818 ,
2745 2761 2802 2807 et
2843 2767 2979 2824 opus
3024 2732 3114 2812 est
3144 2762 3375 2831 conjun-

1796 2826 1994 2883 ctione.
2035 2829 2172 2886 Cum
2198 2834 2343 2890 enim
2371 2839 2536 2895 multa
2566 2857 2728 2897 unum
2758 2844 3061 2904 efficiuntur
3085 2890 3103 2919 ,
3139 2826 3263 2909 tunc
3292 2868 3374 2914 est

1797 2932 1960 3008 unum
1986 2934 2202 2993 corpus.
2221 2924 2453 2999 ideoque
2480 2931 2531 2987 id
2554 2934 2727 3004 ipsum
2751 2940 3093 3001 subindicans
3118 2947 3329 3005 dicebat
3356 2972 3373 3008 :

1799 3004 1984 3064 Omnia
2005 3022 2172 3068 autem
2211 3018 2431 3075 membra
2463 3027 2709 3093 corporis,
2734 3045 2852 3084 cum
2870 3033 2973 3087 sint
2998 3038 3182 3105 multa,
3208 3004 3372 3098 unum

1794 3112 1866 3155 est
1888 3120 2089 3176 corpus.
2117 3108 2301 3203 illeque
2324 3112 2459 3170 dixit
2486 3160 2500 3184 ,
2523 3118 2660 3187 Qua:
2678 3126 2944 3184 excedunt
2972 3140 3027 3185 et
3053 3150 3172 3203 quae
3197 3138 3376 3193 mino-

1795 3209 1853 3248 ra
1880 3206 2027 3265 sunt,
2045 3200 2141 3255 sed
2166 3246 2182 3266 ,
2214 3202 2339 3257 Cum
2359 3207 2460 3262 sint
2486 3211 2647 3265 multa
2669 3254 2687 3281 ,
2713 3218 2855 3285 quod
2880 3200 3167 3280 commune
3189 3229 3371 3284 omni-

1790 3286 1896 3342 bus
1942 3300 2045 3345 est.
2090 3293 2159 3347 Et
2204 3299 2474 3365 quomodo
2521 3300 2637 3358 ﬁeri
2691 3316 2870 3375 potest
2914 3321 2970 3366 ut
3018 3314 3128 3369 sint
3152 3332 3314 3372 unum
3343 3321 3369 3375 2

1790 3379 2013 3447 Quando
2039 3385 2208 3454 ejecta
2240 3391 2603 3450 membrorum
2631 3394 2931 3457 differentia
2965 3444 2982 3469 ,
3014 3420 3211 3478 corpus
3237 3425 3365 3464 exa-

1790 3475 2096 3535 minaveris.
2124 3478 2275 3546 Quod
2297 3485 2441 3539 enim
2469 3497 2553 3542 est
2572 3491 2780 3556 oculus,
2815 3493 2917 3549 hoc
2940 3505 2993 3551 et
3022 3513 3115 3566 pes
3143 3510 3246 3568 est,
3275 3518 3367 3557 se-

1789 3569 2021 3625 cundum
2055 3574 2104 3627 id
2135 3576 2277 3645 quod
2306 3581 2600 3635 membrum
2630 3594 2755 3641 sunt
2777 3596 2831 3640 et
2850 3603 3047 3660 corpus
3076 3592 3315 3649 efficiunt
3347 3613 3362 3649 :

1788 3660 1931 3713 nulla
1948 3663 2087 3716 enim
2105 3664 2191 3719 hic
2214 3666 2510 3724 diﬂ‘erentia
2530 3682 2631 3726 est.
2656 3674 2836 3746 Neque
2863 3678 3039 3736 dicere
3067 3684 3238 3751 possis
3265 3684 3365 3741 hoc

1789 3752 2085 3808 membrum
2118 3771 2213 3825 per
2237 3773 2296 3814 se
2324 3776 2518 3831 corpus
2541 3763 2742 3832 facere,
2774 3768 2902 3825 illud
2922 3788 3026 3826 non
3056 3775 3218 3830 item:
3248 3792 3365 3833 om-

1788 3841 1874 3895 nia
1905 3845 2047 3899 enim
2080 3845 2181 3902 hae
2209 3849 2260 3904 in
2283 3866 2343 3906 re
2366 3856 2510 3923 paria
2538 3867 2689 3925 sunt,
2701 3860 2822 3929 quia
2848 3863 3027 3918 omnia
3051 3880 3216 3920 unum
3238 3878 3363 3923 sunt

1854 4025 2083 4081 Ecclesia
2123 4034 2327 4100 corpori
2361 4035 2581 4093 [ternario
2619 4054 2963 4112 comparatur.
2990 4075 3065 4088 —
3092 4047 3204 4103 Hoc
3236 4038 3357 4104 cum

1784 4115 2027 4184 dixisset,
2058 4130 2113 4175 et
2139 4125 2283 4179 clare
2307 4143 2371 4180 ex
2405 4130 2642 4183 omnium
2671 4133 2879 4189 calculo
2908 4137 3351 4207 demou5trasset,

1782 4209 2075 4280 subiunxit,
2106 4212 2189 4267 Ita
2214 4226 2261 4270 et
2289 4216 2539 4275 Christus.
2566 4221 2777 4279 Etcum
2805 4230 3125 4296 oportuisset
3151 4231 3350 4297 dicere,

1781 4298 1854 4354 ita
1898 4312 1951 4356 et
1999 4303 2278 4373 Ecclesia;
2336 4308 2437 4365 ltuc
2482 4313 2624 4367 enim
2673 4330 3006 4389 consequens
3053 4332 3213 4377 erat:
3255 4324 3357 4381 hoc

1781 4390 1995 4460 quidem
2029 4411 2135 4450 non
2166 4397 2320 4464 dixit,
2350 4402 2443 4456 sed
2477 4404 2625 4458 illius
2667 4405 2787 4462 loco
2808 4408 3077 4466 Christum
3104 4415 3270 4481 ponit,
3302 4418 3351 4472 in

1778 4486 1941 4539 altum
1974 4490 2237 4545 extollens
2264 4494 2587 4561 orationem,
2614 4507 2667 4552 et
2710 4499 3009 4558 auditorem
3038 4506 3205 4575 magis
3251 4523 3351 4577 pu-

1777 4576 1908 4633 dore
1954 4579 2214 4635 afﬁciens.
2259 4582 2372 4639 Hoc
2417 4596 2591 4642 autem
2636 4591 2748 4645 vult
2789 4592 3133 4662 significare:
3178 4576 3263 4650 Ita
3297 4607 3352 4652 ct

1777 4669 1974 4724 Christi
2002 4686 2224 4740 corpus,
2250 4676 2391 4743 quod
2420 4687 2503 4732 est
2529 4680 2788 4736 Ecclesia.
2812 4684 2960 4738 Sicut
2981 4688 3121 4739 enim
3144 4694 3199 4741 et
3224 4703 3345 4743 cor-

1775 4770 1873 4820 pus
1914 4767 1969 4810 et
2010 4771 2173 4828 caput
2217 4778 2353 4816 unus
2382 4775 2507 4819 sunt
2554 4768 2736 4835 homo,
2767 4772 2837 4824 ita
2867 4782 2920 4828 et
2970 4774 3264 4833 Ecclesiatn
3298 4790 3354 4836 et
3470 4800 3473 4805 ν

1772 5126 1981 5175 luatur:
2007 5122 2075 5178 ita
2098 5135 2152 5179 et
2174 5126 2223 5179 in
2247 5126 2488 5185 Ecclesia
2511 5147 2697 5190 omnes
2721 5153 2880 5191 unum
2903 5156 3105 5197 sumus.
3124 5144 3343 5205 Etiamsi

1770 5211 1912 5265 enim
1940 5212 2029 5266 illa
2060 5229 2124 5269 ex
2150 5217 2331 5271 multis
2355 5220 2614 5277 membris
2654 5236 2884 5296 constat,
2914 5231 3007 5287 sed
3050 5233 3136 5289 illa
3179 5241 3343 5297 multa

1771 5314 1935 5353 unum
1974 5300 2106 5357 fiunt
2135 5318 2351 5376 corpus.
2381 5309 2512 5365 Cum
2558 5328 2687 5385 ergo
2727 5332 3023 5380 recreasset
3051 5338 3106 5382 et
3136 5333 3341 5385 erexis-

1767 5398 1851 5442 set
1874 5390 1943 5445 ab
1973 5392 2075 5448 hoc
2104 5401 2376 5454 communi
2401 5405 2652 5474 exemplo
2680 5423 2801 5464 eum
2826 5415 2915 5483 qui
2944 5417 3221 5474 videbatur
3241 5424 3344 5478 mi-

1766 5494 1866 5534 nor
1892 5482 2028 5549 lieri,
2053 5501 2239 5545 rursus
2263 5506 2605 5550 communem
2630 5482 2857 5558 dimittit
2875 5511 3338 5579 consuetudinem,

1766 5581 1821 5626 et
1845 5574 1910 5628 ad
1948 5576 2091 5632 aliud
2117 5582 2288 5652 pergit
2312 5585 2590 5653 spirituale
2612 5602 2793 5661 caput,
2825 5598 3081 5665 majorem
3108 5574 3339 5661 aﬂ’ercns

1766 5669 2207 5746 consolationem,
2247 5674 2388 5737 quod
2437 5680 2686 5737 ostendat
2733 5701 2975 5755 magnam
3028 5693 3079 5747 in
3130 5695 3333 5753 honore

2116 5726 2207 5746 ﬂ",
2255 5726 2388 5737 “““”““
2444 5726 2686 5737 ’⁷⁷⁷”““”’““
2733 5726 2815 5740 ⁸⁸⁸-
2856 5726 2974 5743 ¹¹-¹¹Ι
3028 5726 3079 5747 ΙΙΙ
3130 5726 3333 5751 ιιυιιυιντ

92 5733 245 5789 ’ωηο
286 5733 343 5791 ει
390 5741 553 5781 linum
595 5726 756 5780 ηιυῑω
781 5770 797 5794 .
825 5729 916 5799 ubi
944 5746 1027 5789 est
1071 5736 1411 5796 dilferentia?
1435 5743 1646 5803 ubinam
1754 5753 2126 5817 mortalitatem.
2169 5760 2447 5824 Quodnam
2490 5761 2621 5819 illud
2652 5765 2771 5820 est?
2799 5726 2883 5826 illi.
2921 5770 3123 5829 Etenim
3154 5778 3209 5833 in
3235 5726 3336 5839 imit

94 5810 143 5839 LI
165 5815 305 5839 _..-J
332 5817 533 5839 -_--a:.
554 5819 579 5839 ο
604 5817 689 5839 --ι-ε
718 5836 808 5839 _,__
826 5820 850 5839 Α
898 5838 904 5839 ,
1194 5835 1209 5839 Α
1259 5836 1281 5839 _

94 5810 143 5865 id
163 5815 305 5885 quod
328 5817 579 5874 excedit?
604 5817 689 5874 ubi
711 5820 850 5890 quod
880 5838 1055 5883 minus
1082 5843 1165 5888 est
1190 5835 1212 5888 ?
1244 5836 1425 5893 Omnia
1457 5845 1593 5899 enim
1627 5889 1639 5912 ,

1756 5843 1979 5911 Spiritu,
2013 5848 2197 5916 inquit,
2228 5866 2395 5907 omnes
2433 5870 2523 5910 nos
2570 5858 2621 5909 in
2670 5875 2826 5913 unum
2873 5880 3054 5935 corpus
3087 5871 3334 5942 baptismi
