4086 6340
577 299 679 357 ἓὸί

580 432 779 483 sumus,
807 416 908 471 sive
931 415 1125 481 iudici,
1162 416 1264 470 sive
1313 414 1499 479 (ἔωσε,
1542 413 1825 479 sivesertti,
1852 412 1956 466 sive
2000 409 2163 463 liberi.

584 509 636 564 Id
667 519 790 563 est:
822 508 962 578 quod
991 507 1169 563 effecit
1210 515 1270 561 ut
1311 522 1477 561 unum
1512 520 1711 575 corpus
1740 505 1931 566 simus,
1962 511 2019 557 et
2068 516 2168 555 nos

582 599 943 669 regeneravit.
965 615 1102 653 unus
1131 608 1216 654 est
1236 598 1473 671 Spiritus
1499 616 1513 653 :
1544 612 1650 652 non
1671 596 1813 651 enim
1838 595 1891 649 in
1924 595 2029 649 alio
2054 591 2163 657 hic,

584 691 639 744 in
672 690 778 744 alio
805 690 895 744 ille
922 689 1222 759 baptizatus
1246 699 1329 744 est
1372 689 1584 759 spiritu.
1621 685 1739 741 Non
1784 683 1943 739 modo
1984 690 2165 737 autem

587 782 680 851 qui
725 797 825 836 nos
855 782 1089 850 baptizut
1116 796 1253 835 unus
1296 790 1400 847 est,
1447 779 1541 834 sed
1570 786 1625 833 et
1664 792 1826 832 unum
1856 787 1939 831 est
1977 778 2029 830 in
2056 789 2166 843 quo

588 871 911 942 baptizavit;
946 870 998 925 id
1019 882 1124 937 est,
1150 880 1373 941 propter
1390 868 1531 939 quod
1558 867 1861 938 baptizavit.
1882 865 1998 921 Non
2021 866 2164 921 enim

586 978 646 1021 ut
670 966 881 1021 diversa
914 966 1105 1021 ﬁerent
1130 982 1379 1036 corpora,
1401 964 1496 1021 sed
1539 971 1600 1017 ut
1623 978 1811 1018 omnes
1856 963 2015 1016 unius
2042 975 2166 1016 cor-

586 1059 736 1127 poris
782 1069 1083 1114 accuratam
1125 1058 1561 1128 conjunctioncm
1625 1063 1812 1111 mutuo
1862 1069 2160 1118 servemus,

586 1151 839 1219 baptizati
883 1163 1107 1215 smnus;
1156 1150 1259 1204 hoc
1301 1158 1403 1214 est,
1436 1156 1497 1202 ut
1539 1162 1728 1203 omnes
1766 1160 1932 1201 unum
1969 1158 2165 1215 corpus

586 1242 775 1305 simus,
805 1242 856 1295 in
887 1242 989 1295 hoc
1021 1241 1272 1311 baptizati
1295 1254 1503 1294 sumus.
1758 1306 1771 1316 .

659 1334 713 1385 2.
760 1332 945 1401 Itaque
987 1342 1044 1387 et
1086 1333 1176 1401 qui
1226 1332 1529 1386 construxit
1566 1343 1784 1400 corpus,
1818 1341 1955 1383 unus
1982 1338 2081 1392 est,
2110 1336 2167 1384 et

586 1422 636 1476 id
664 1423 729 1477 ad
752 1423 894 1492 quod
921 1431 1287 1477 constructum
1318 1430 1422 1484 est,
1456 1438 1618 1475 unum
1649 1431 1752 1476 est.
1780 1420 1893 1476 Nec
1913 1419 2066 1483 dixit,
2096 1418 2168 1475 Ut

586 1516 756 1569 simus
780 1515 1019 1585 ejusdem
1058 1516 1337 1585 corporis;
1381 1514 1496 1579 sed,
1529 1514 1599 1569 Ut
1624 1529 1786 1568 unum
1815 1528 2010 1582 corpus
2050 1527 2167 1567 om-

584 1624 681 1662 nes
707 1611 876 1671 simus
900 1626 913 1661 :
946 1622 1161 1678 semper
1190 1608 1333 1663 enim
1362 1608 1541 1662 studet
1565 1607 1741 1661 verbis
1770 1609 2028 1675 majorem
2054 1620 2169 1660 em-

585 1702 772 1768 phasin
802 1700 1231 1771 exprimentibus
1261 1700 1359 1754 uti.
1393 1699 1461 1753 Et
1498 1700 1635 1754 bene
1666 1699 1830 1763 dixit,
1863 1698 2049 1751 Omnes
2077 1714 2168 1751 su-

570 1790 716 1859 mus,
746 1796 980 1863 seipsum
1022 1795 1299 1865 adjiciens.
1332 1792 1513 1863 Neque
1545 1794 1689 1847 enim
1734 1806 1862 1861 ergo
1891 1790 2168 1860 apostolus

587 1886 890 1955 plusquam
924 1895 979 1939 tu
1014 1884 1140 1954 quid
1169 1884 1340 1939 habeo
1366 1902 1378 1938 :
1410 1885 1609 1938 etenim
1635 1893 1687 1935 tu
1718 1896 1915 1950 corpus
1937 1896 1995 1934 es
2030 1882 2170 1936 sicut

589 1988 642 2030 et
683 1992 803 2046 ego,
837 1991 958 2046 cgo,
1004 1975 1141 2029 sicut
1184 1987 1260 2039 ιιι,
1291 1984 1345 2030 et
1389 1987 1577 2028 omnes
1628 1973 1857 2041 idipsum
1910 1972 2168 2026 habemus

589 2045 770 2139 caput,
795 2078 851 2122 et
876 2045 1065 2123 eodem
1092 2078 1243 2136 partu
1276 2068 1384 2121 nati
1412 2081 1628 2121 sumus:
1656 2064 1855 2119 idcirco
1880 2045 2020 2118 idein
2049 2079 2170 2118 cor-

590 2177 691 2231 pus
719 2174 924 2214 sumus.
957 2160 1025 2213 Et
1064 2160 1190 2230 quid
1214 2160 1335 2215 dico
1359 2200 1375 2225 ,
1404 2158 1594 2227 inquit,
1636 2156 1889 2211 Judmos?
1938 2158 2068 2211 Nam
2114 2166 2171 2212 ct

588 2252 806 2307 Grmcns
837 2266 868 2304 a
897 2251 1048 2305 nobis
1072 2260 1277 2305 tantum
1307 2250 1551 2313 dissitos,
1579 2250 1647 2303 ad
1678 2249 1729 2303 id
1760 2251 1932 2319 ipsum
1974 2263 2170 2318 corpus

594 2340 819 2409 redegit.
862 2341 1038 2408 Quare
1078 2358 1201 2394 cum
1242 2341 1492 2405 dixisset,
1539 2340 1651 2395 Nos
1690 2357 1891 2403 omnes,
1934 2356 2039 2395 non
2084 2340 2171 2396 hic

588 2434 859 2498 substitit;
884 2434 977 2488 sed
1005 2434 1283 2503 subjunxit
1310 2454 1324 2489 :
1352 2436 1473 2489 Sive
1496 2432 1691 2501 Judwi,
1728 2435 1828 2489 sive
1854 2434 2039 2499 Graeci,
2066 2437 2171 2488 sive

584 2526 736 2590 servi,
784 2525 887 2579 sive
934 2525 1097 2579 liberi.
1139 2524 1290 2593 Quod
1334 2527 1379 2581 si
1427 2541 1551 2580 cum
1593 2536 1751 2579 antea
1794 2524 1931 2579 adeo
1975 2525 2168 2581 remoti

592 2631 855 2679 essemus,
882 2617 1052 2686 juncti
1083 2633 1271 2673 sumus
1298 2626 1354 2672 et
1381 2633 1545 2671 unum
1573 2616 1781 2683 effecti;
1811 2618 1980 2670 multo
2000 2618 2171 2687 magis

590 2717 873 2777 postquam
900 2724 1063 2763 unum
1092 2708 1215 2763 facti
1242 2724 1449 2772 sumus,
1481 2723 1587 2761 non
1624 2707 1881 2762 debemus
1905 2709 2087 2763 dolere
2116 2716 2174 2762 et

592 2801 846 2856 mmstitia
875 2800 1014 2855 afﬁci
1042 2820 1054 2855 :
1088 2817 1261 2870 neque
1288 2802 1431 2857 enim
1458 2802 1633 2856 locum
1661 2798 1821 2854 habet
1845 2799 2168 2855 differentia.

594 2892 729 2947 Nam
750 2894 793 2947 si
821 2892 1037 2949 Graecos
1074 2910 1168 2947 seu
1196 2894 1423 2963 gentiles
1444 2904 1497 2948 et
1521 2891 1737 2947 Judmos
1763 2892 1955 2947 iisdem
1984 2892 2173 2963 digna-

590 2994 677 3039 tus
717 2993 821 3049 est,
852 3000 1060 3039 necnon
1107 3001 1294 3040 servos
1336 2994 1391 3039 et
1432 2984 1663 3049 liberos;
1710 2984 1982 3053 quomodo
2020 2994 2171 3055 post-

589 3092 750 3145 quam
780 3077 831 3131 id
861 3078 1110 3147 dignatus
1156 3087 1259 3137 est.
1297 3076 1636 3147 disiunxerit,
1665 3077 1877 3147 quando
1911 3079 2171 3148 majorem

592 3178 648 3223 et
704 3173 1091 3223 accuratiorem
1142 3185 1207 3223 ex
1259 3169 1416 3223 donis
1464 3167 1895 3237 coniunctionem
1954 3170 2174 3227 efﬁcere

595 3261 843 3328 dignatus
864 3261 985 3315 est?
1010 3257 1080 3314 Et
1110 3278 1281 3316 omnes
1309 3278 1411 3315 uno
1439 3260 1640 3330 Spiritu
1670 3263 1829 3325 putati
1853 3279 2051 3318 sumus.
2082 3265 2170 3318 14.

598 3349 739 3404 Nam
765 3360 811 3404 et
841 3366 1027 3420 corpus
1057 3368 1161 3405 non
1184 3361 1256 3405 est
1282 3369 1438 3406 unum
1464 3354 1761 3419 membrum,
1788 3355 1877 3408 sed
1906 3356 2086 3409 multa.
2118 3356 2173 3411 Id

596 3450 701 3507 est,
733 3441 801 3496 ad
830 3442 1073 3497 eamdem
1104 3444 1348 3501 venimus
1389 3443 1767 3516 mysteriorum
1796 3446 2171 3513 initiationem,

595 3535 782 3593 eadem
832 3533 1059 3588 fruimur
1112 3548 1314 3589 mensa.
1358 3535 1425 3591 Et
1470 3550 1568 3590 cur
1610 3549 1717 3590 non
1747 3534 1927 3592 dixit:
1969 3537 2173 3593 Eodem

591 3643 819 3697 corpore
844 3629 1131 3695 nutrimur,
1150 3636 1207 3683 et
1231 3628 1420 3685 eodem
1444 3629 1701 3699 sanguine
1728 3631 2013 3698 potamur?
2042 3630 2175 3698 Quia

594 3732 719 3772 cum
751 3720 1006 3789 Spiritum
1038 3718 1193 3783 dixit,
1222 3728 1509 3792 utrumque
1538 3719 1857 3791 signiﬁcavit
1880 3732 1937 3777 et
1961 3725 2179 3793 sangui-

598 3823 719 3863 nem
748 3820 804 3865 et
833 3826 1028 3880 corpus
1053 3830 1068 3865 :
1112 3827 1208 3881 per
1236 3822 1519 3881 utrumque
1548 3812 1692 3866 enim
1719 3828 1827 3867 uno
1850 3814 2052 3884 Spiritu
2085 3829 2179 3885 po-

602 3912 796 3955 tamur.
827 3900 953 3955 tlihi
980 3915 1159 3957 autem
1187 3902 1399 3957 videtur
1426 3916 1569 3957 nunc
1596 3902 1779 3958 dicere
1824 3905 1971 3959 illum
2004 3904 2172 3976 Spiri-

600 4006 687 4048 tus
737 3992 1046 4060 adventum,
1080 3994 1168 4063 qui
1215 4009 1244 4047 a
1287 3994 1605 4062 baptismate
1651 4002 1706 4049 et
1750 4005 1878 4051 ante
1924 3998 2180 4068 mysteria

602 4083 759 4139 nobis
801 4083 1031 4138 accedit.
1075 4085 1218 4139 Dixit
1253 4096 1430 4141 autem
1450 4127 1466 4152 ,
1497 4082 1673 4140 Potati
1716 4102 1912 4155 sumus,
1942 4089 2068 4157 quia
2096 4087 2181 4142 di-

602 4175 800 4230 ctionis
843 4174 1154 4244 metaphora
1184 4177 1337 4233 valde
1362 4188 1660 4248 opportuna
1705 4179 1805 4248 ipsi
1836 4188 1921 4235 est
1943 4180 2009 4234 ad
2042 4194 2179 4249 pra:-

600 4282 729 4326 sens
768 4278 1182 4338 argumentum:
1216 4279 1273 4323 ut
1317 4270 1454 4323 side
1502 4271 1696 4339 plantis
1728 4280 1780 4324 et
1817 4270 1887 4325 de
1934 4270 2185 4340 paradiso

605 4356 829 4423 diceret,
858 4358 940 4413 Ab
967 4355 1158 4411 eodem
1196 4356 1345 4413 fonte
1387 4372 1576 4411 omnes
1603 4360 1826 4413 arbores
1870 4360 2181 4429 irrigantur,

603 4452 662 4498 et
684 4446 753 4499 ab
774 4448 962 4503 eadem
990 4463 1126 4518 aqua
1150 4466 1162 4501 :
1192 4447 1261 4501 ita
1287 4458 1343 4503 et
1368 4446 1422 4501 in
1446 4448 1722 4517 praesenti,
1755 4448 1956 4503 Eodem
1982 4451 2186 4519 Spiritu

608 4535 772 4603 potati
810 4550 993 4593 sumus
1020 4553 1231 4601 etmtes,
1272 4538 1518 4594 eamdem
1552 4540 1890 4608 percepimus
1932 4541 2183 4608 gratiam.

610 4624 669 4679 Si
692 4638 820 4693 ergo
849 4640 985 4680 unus
1008 4627 1239 4696 Spiritus
1265 4646 1363 4685 nos
1392 4630 1689 4700 conjunxit,
1716 4640 1771 4685 et
1797 4644 1897 4684 nos
1918 4645 2107 4685 omnes
2133 4631 2187 4686 in

605 4732 770 4771 unum
809 4731 1004 4785 corpus
1049 4722 1352 4790 compegit;
1387 4723 1491 4777 hoc
1536 4724 1680 4778 enim
1724 4722 1991 4793 signiﬁcat
2033 4723 2185 4788 illud,

604 4808 676 4863 lu
707 4823 863 4862 unum
894 4822 1079 4877 corpus
1106 4806 1347 4875 baptismi
1385 4828 1605 4877 sumus;
1648 4825 1704 4868 et
1746 4830 1907 4870 unam
1946 4830 2189 4870 mensam

612 4900 835 4970 largitus
862 4906 965 4964 est,
996 4906 1051 4951 et
1080 4895 1327 4952 eamdem
1367 4900 1618 4954 omnibus
1648 4904 2013 4973 irrigationem
2040 4924 2056 4972 ;
2089 4906 2191 4963 hoc

610 4995 755 5045 enim
801 4990 905 5045 sibi
933 4989 1048 5043 vult
1094 4986 1244 5053 illud,
1281 4986 1396 5041 Uno
1443 4988 1644 5057 Spiritu
1686 4995 1843 5061 potati
1878 5012 2089 5061 sumus;
2134 5008 2191 5053 et

612 5064 1071 5136 tantointervallo
1101 5080 1318 5135 dissitos
1338 5081 1551 5149 junxit;
1581 5089 1637 5135 et
1676 5084 1845 5137 multa
1890 5094 2018 5139 tunc
2058 5088 2191 5145 ﬁunt

610 5188 833 5243 corpus,
859 5175 1073 5243 quando
1101 5174 1237 5233 facta
1269 5174 1483 5229 fuerunt
1508 5188 1673 5228 unum
1700 5192 1714 5228 :
1749 5190 1845 5229 cur
1870 5176 2001 5231 mihi
2032 5179 2189 5236 αἰπε-

615 5265 975 5320 rentiam-sus
1016 5263 1192 5334 deque
1223 5264 1445 5321 versas?
1476 5262 1533 5318 Si
1562 5274 1739 5319 autem
1773 5264 1997 5334 dixeris,
2028 5267 2191 5325 Multa

608 5356 1005 5413 suutsnembra
1036 5366 1093 5411 et
1117 5358 1327 5413 diversa
1358 5376 1372 5411 :
1401 5357 1585 5413 discas
1622 5357 1724 5411 hoc
1749 5356 1922 5427 ipsum
1948 5373 2073 5415 esse
2095 5360 2192 5415 ad-

608 5448 877 5506 mirabile.
896 5455 951 5501 ct
980 5445 1119 5501 hanc
1142 5450 1389 5519 corporis
1413 5463 1537 5505 esse
1558 5447 1961 5512 excellentiam,
1981 5451 2193 5518 quando

612 5539 778 5593 multa
806 5547 862 5593 et
884 5537 1094 5591 diversa
1122 5553 1285 5592 unum
1316 5539 1576 5595 efﬁciunt.
1612 5539 1765 5607 Quod
1808 5539 1855 5594 si
1882 5539 2051 5594 multa
2087 5556 2193 5595 non

619 5639 817 5695 essent,
836 5644 943 5683 non
966 5629 1037 5684 ita
1064 5629 1308 5685 mirabile
1326 5640 1381 5685 et
1409 5632 1833 5702 inexspectatum
1854 5641 2001 5687 esset
2023 5647 2191 5687 unum

626 5734 749 5775 esse
771 5734 997 5790 corpus;
1031 5722 1138 5779 imo
1178 5738 1243 5779 nc
1277 5734 1419 5780 esset
1447 5722 1661 5794 quidem
1703 5739 1919 5799 corpus.
1950 5724 2056 5784 Sed
2082 5726 2185 5784 hoc

1307 298 1363 354 S.
1403 297 1680 355 JOANNIS
1714 294 2193 356 CllltYSOSTOMI
2228 290 2541 348 ARCHIEP.
2569 290 3104 352 CONSTANTINOP.

2272 404 2493 467 quidem
2525 415 2798 476 postremo
2825 410 3011 478 ponit:
3044 408 3259 465 interim
3282 424 3411 465 vero
3438 411 3505 466 ad
3536 412 3651 483 ipss
3678 428 3861 469 men-

2272 496 2364 551 bra
2394 500 2590 568 pergit,
2618 498 2689 553 ita
2718 500 2943 569 loquens
2968 518 2981 555 :
3025 501 3110 557 15.
3142 495 3204 557 Si
3232 502 3417 557 dixerit
3442 520 3564 574 pes,
3593 503 3721 560 Non
3746 522 3863 560 sum

2269 605 2472 655 manus,
2500 607 2602 644 non
2626 608 2739 645 sunt
2778 594 2841 646 de
2869 609 3118 664 corpore;
3167 611 3291 648 num
3335 596 3525 651 idcirco
3552 613 3656 652 nou
3694 607 3775 652 at
3796 604 3864 653 de

2272 697 2484 750 corpore
2503 683 2528 735 .’
2559 683 2645 738 16.
2675 683 2742 737 Et
2761 686 2803 738 si
2832 685 3019 740 dixerit
3047 688 3209 751 auris,
3243 686 3365 742 Non
3390 706 3505 744 sunt
3532 692 3736 756 oculus,
3755 707 3861 747 nus

2270 788 2383 827 sum
2409 774 2474 828 de
2495 790 2708 844 corpore
2723 791 2745 841 ,'
2774 793 2894 829 num
2917 778 3106 831 idcirco
3135 795 3237 833 non
3257 789 3330 834 est
3356 781 3419 836 de
3444 782 3697 849 corpore?
3723 782 3862 838 Nam

2270 863 2316 917 si
2341 864 2484 933 quod
2514 866 2652 919 alius
2689 867 2867 922 minus
2891 866 3131 935 haberet,
3162 871 3300 924 alius
3324 872 3631 939 excederet,
3657 873 3712 929 id
3752 890 3862 929 non

2270 958 2473 1013 sineret
2512 973 2634 1015 esse
2679 959 2746 1015 de
2784 975 3034 1031 corpore,
3083 963 3391 1018 universum
3437 965 3742 1022 tolleretur.
3784 966 3865 1023 Ne

2272 1053 2451 1124 itaque
2476 1053 2701 1120 dixeris,
2727 1055 2842 1111 Non
2886 1065 3009 1111 sum
3051 1072 3269 1127 corpus,
3298 1060 3424 1129 quia
3474 1074 3593 1115 sum
3642 1061 3864 1119 minor:

2272 1146 2470 1201 etenim
2506 1161 2600 1216 pes
2629 1147 2895 1203 minorem
2927 1155 3073 1204 tenet
3101 1150 3371 1217 ordinem,
3402 1150 3496 1206 sed
3524 1163 3608 1208 est
3644 1166 3713 1208 ex
3739 1167 3867 1207 cor-

2274 1252 2425 1306 pore.
2453 1236 2586 1291 Nam
2616 1252 2683 1292 ex
2711 1253 2945 1308 corpore
2990 1254 3111 1295 esse
3142 1241 3226 1294 vel
3269 1257 3376 1296 non
3412 1257 3553 1308 esse,
3581 1259 3690 1298 non
3736 1244 3865 1300 inde

2274 1330 2333 1381 ιιι
2360 1327 2503 1399 quod
2531 1328 2669 1383 alius
2697 1330 2751 1383 in
2783 1330 2886 1384 hoc
2912 1330 3056 1397 loco,
3088 1331 3224 1385 alius
3265 1333 3317 1386 in
3347 1331 3457 1387 alio
3502 1335 3711 1403 positus
3754 1335 3863 1400 sit;

2272 1420 2375 1474 hoc
2404 1420 2551 1476 enim
2578 1420 2682 1475 loci
2724 1431 2929 1477 tantum
2981 1422 3107 1479 facit
3134 1422 3491 1480 diﬁ‘erentiam
3516 1443 3531 1493 ;
3560 1425 3656 1481 sed
3698 1440 3771 1481 ex
3796 1440 3867 1481 eo

2272 1511 2415 1583 quod
2459 1513 2529 1567 sit
2554 1512 2873 1583 coniunctus
2912 1515 2997 1570 vel
3041 1531 3152 1570 non
3180 1516 3500 1585 coniunctus
3532 1535 3546 1570 :
3582 1531 3705 1571 nam
3735 1531 3864 1572 esse

2274 1604 2359 1659 vel
2385 1618 2491 1658 non
2521 1618 2645 1659 esse
2674 1619 2871 1674 corpus
2897 1620 2965 1661 ex
3002 1620 3069 1661 eo
3100 1606 3177 1672 ﬁt,
3210 1607 3354 1676 quod
3386 1607 3471 1662 vel
3513 1607 3866 1677 conjuncta:-

2270 1696 2359 1751 vel
2388 1711 2496 1751 non
2521 1698 2869 1766 conjunctum
2914 1699 3002 1753 sit.
3046 1698 3127 1754 Tu
3169 1715 3299 1755 vero
3339 1700 3470 1756 mihi
3522 1702 3866 1771 prudentiam

2276 1788 2566 1857 perpende,
2608 1789 2882 1858 quomodo
2929 1790 3041 1859 ipsa
3097 1791 3260 1846 verba
3308 1794 3553 1863 apposite
3602 1792 3871 1850 membris

2274 1880 2473 1934 nostris
2508 1881 2897 1936 accommodet.
2932 1881 3065 1936 Nam
3094 1892 3153 1936 ut
3180 1885 3429 1953 superius
3471 1884 3705 1951 diccbat,
3728 1885 3867 1941 Hec

2275 1974 2635 2041 transﬁguravi
2660 1975 2716 2027 in
2754 1990 2836 2028 me
2856 1983 2906 2028 et
2932 1975 3120 2045 Apollo
3141 1991 3160 2029 :
3198 1976 3278 2031 sic
3298 1986 3352 2031 et
3380 1976 3483 2031 hoc
3512 1978 3651 2043 loco,
3673 1986 3731 2033 ut
3755 1994 3870 2034 non

2274 2067 2583 2133 molestum,
2613 2066 2709 2122 sed
2738 2076 3018 2137 acceptum
3047 2068 3298 2124 redderet
3326 2084 3652 2132 sermonem,
3687 2086 3871 2126 mem-

2276 2157 2372 2212 bra
2400 2158 2672 2228 loquentia
2706 2157 2944 2223 inducit;
2978 2168 3036 2213 ut
3060 2175 3180 2214 cum
3211 2159 3461 2215 audirent
3488 2169 3729 2216 naturam
3764 2161 3874 2217 sibi

2275 2249 2713 2317 respondentem,
2733 2249 2803 2303 ab
2825 2248 2935 2318 ipsa
2964 2251 3301 2320 experientia
3328 2252 3564 2306 convicti
3587 2260 3643 2307 et
3664 2268 3692 2304 a
3714 2267 3876 2307 com-

2276 2340 2422 2393 muni
2453 2339 2681 2407 calculo,
2713 2340 2842 2394 nihil
2876 2340 3011 2395 ultra
3038 2340 3410 2396 contradicere
3437 2342 3702 2397 valerent.
3725 2342 3871 2397 Nam

2273 2432 2389 2486 sive
2416 2433 2520 2487 hoc
2541 2432 2737 2501 ipsum,
2764 2432 2956 2501 inquit,
2984 2430 3197 2497 dicatis,
3222 2433 3336 2487 sive
3364 2435 3731 2499 murmuretis,
3754 2449 3873 2489 non

2276 2524 2500 2593 potestis
2525 2532 2675 2578 extra
2701 2538 2897 2593 corpus
2935 2538 3075 2579 esse.
3112 2523 3574 2591 Quemadmodum
3600 2528 3744 2581 enim
3780 2529 3876 2584 lex

2277 2622 2504 2679 naturae,
2536 2614 2616 2668 sic
2641 2623 2697 2667 et
2726 2614 2895 2668 multo
2924 2615 3093 2684 magis
3118 2616 3308 2685 gratia:
3360 2617 3529 2672 virtus
3557 2618 3735 2675 omnia
3767 2634 3879 2674 cu-

2275 2706 2442 2759 stodit
2468 2714 2523 2760 et
2549 2715 2856 2762 conservat.
2882 2705 2949 2761 Et
2980 2707 3101 2762 vide
3124 2709 3395 2779 quomodo
3413 2711 3613 2766 caverit
3636 2727 3705 2766 ne
3732 2713 3877 2781 quid

2276 2796 2609 2865 superﬂuum
2650 2809 2817 2863 esset,
2843 2811 2954 2852 non
2980 2797 3049 2853 de
3089 2799 3347 2855 membris
3373 2801 3623 2857 omnibus
3658 2805 3880 2859 orando

2276 2893 2533 2952 tractans,
2563 2886 2659 2940 sed
2691 2887 2762 2941 de
2784 2885 2999 2942 duobus
3024 2895 3251 2956 tantum,
3279 2890 3449 2959 iisque
3470 2894 3746 2948 extremis.
3773 2894 3883 2949 Et-

2276 2978 2420 3031 enim
2470 2977 2709 3031 omuium
2759 2979 3208 3047 pretiosissimum
3254 2983 3471 3051 posuit,
3510 2984 3764 3051 oculum;
3818 2996 3885 3041 et

2278 3072 2518 3125 omnium
2550 3068 2866 3126 vilissimum
2894 3072 3078 3143 pedes.
3095 3072 3279 3144 Neque
3303 3075 3506 3151 inducit
3530 3077 3716 3146 pedem
3735 3091 3883 3135 cum

2277 3165 2437 3219 oculo
2459 3165 2788 3233 loquentem,
2809 3165 2903 3219 sed
2924 3179 3044 3219 cum
3067 3181 3230 3221 manu
3252 3183 3371 3237 quze
3393 3178 3475 3221 est
3494 3169 3650 3237 paulo
3668 3169 3881 3236 altior;

2278 3255 2520 3309 auditum
2549 3262 2727 3308 autem
2769 3270 2891 3309 cum
2920 3255 3111 3310 oculis.
3142 3257 3278 3324 Quia
3322 3258 3468 3312 enim
3519 3273 3626 3313 non
3679 3260 3741 3314 iis
3775 3262 3885 3330 qui

2280 3361 2381 3401 nos
2422 3346 2581 3415 longe
2606 3359 2884 3416 superant,
2913 3349 3009 3402 sed
3038 3348 3102 3402 iis
3133 3349 3223 3418 qui
3272 3350 3433 3419 paulo
3472 3351 3689 3408 altiores
3714 3366 3886 3423 sunt,

2280 3438 2518 3492 solemus
2548 3437 2824 3504 invidere;
2867 3439 2989 3493 idco
3015 3447 3071 3494 et
3100 3440 3217 3510 ipse
3245 3444 3324 3496 sic
3353 3440 3480 3496 facit
3506 3446 3889 3514 comparatio-

2282 3544 2426 3584 nem.
2454 3529 2542 3583 !7.
2575 3528 2635 3583 Si
2664 3538 2827 3583 totum
2864 3546 3048 3600 corpus
3088 3531 3287 3599 oculus,
3316 3534 3401 3587 ubi
3428 3536 3631 3592 auditus
3650 3537 3676 3591 .’
3711 3539 3757 3593 si
3789 3551 3890 3594 to-

2281 3632 2389 3675 tum
2416 3622 2641 3685 auditus,
2665 3624 2751 3677 ubi
2780 3624 3023 3678 odoratus
3042 3624 3069 3677 .’
3111 3626 3247 3694 Quia
3271 3630 3414 3683 enim
3444 3644 3567 3685 cum
3595 3632 3646 3687 in
3691 3648 3891 3690 mem-

2282 3714 2502 3770 brorum
2555 3715 2833 3771 incidisset
2876 3716 3271 3787 dillerentiam,
3318 3730 3375 3776 et
3402 3722 3628 3780 dixisset
3674 3726 3893 3798 pedes,

2283 3826 2499 3876 manus,
2522 3810 2709 3865 oculos
2727 3821 2782 3865 et
2802 3826 2983 3877 aures,
3006 3812 3128 3869 illos
3156 3814 3209 3868 in
3238 3816 3619 3885 cogitationem
3645 3820 3897 3880 minoris

2283 3901 2369 3957 vel
2394 3901 2613 3970 majoris
2638 3902 2882 3968 induxit;
2910 3903 3036 3958 vide
3063 3905 3334 3975 quomodo
3363 3922 3578 3963 rursum
3600 3910 3716 3965 illos
3734 3925 3899 3971 con-

2286 3992 2514 4059 solatur,
2546 3993 2840 4049 ostendens
2886 3994 2959 4049 ita
3000 4005 3422 4053 consentaneum
3466 4014 3608 4068 esse,
3635 4009 3687 4056 et
3722 4006 3899 4073 quod

2286 4084 2436 4138 multi
2480 4084 2591 4139 sint
2628 4093 2682 4139 et
2721 4084 2959 4152 diversi,
2990 4084 3094 4141 hoc
3142 4090 3375 4145 maxime
3416 4089 3539 4145 facit
3580 4103 3635 4146 ut
3673 4106 3903 4164 corpus

2287 4178 2376 4230 sit.
2409 4176 2562 4243 Quod
2588 4176 2633 4231 si
2660 4192 2824 4231 unum
2852 4187 3035 4233 essent
3063 4195 3274 4249 omnes,
3303 4197 3409 4237 non
3436 4195 3618 4240 essent
3640 4199 3899 4255 corpus:

2288 4267 2518 4337 ideoque
2546 4268 2622 4321 ait
2651 4286 2665 4321 :
2691 4268 2778 4322 l9.
2807 4268 2869 4324 Si
2909 4281 3069 4325 essent
3094 4273 3267 4326 omnia
3290 4289 3445 4328 unum
3471 4276 3766 4341 niembrutu,
3796 4281 3907 4335 ubi
3986 4294 3991 4297 '

2289 4362 2520 4431 corpus?
2556 4361 2664 4415 Sed
2688 4361 2789 4415 hoc
2817 4362 3033 4431 quidem
3066 4372 3248 4435 postea
3278 4365 3441 4433 dicit;
3488 4367 3575 4424 bic
3601 4384 3727 4423 vero
3744 4375 3905 4439 Quid

2291 4452 2463 4519 majus
2500 4453 2759 4519 ostendit,
2792 4468 2986 4522 nempe
3024 4455 3168 4523 quod
3213 4470 3319 4509 non
3352 4458 3527 4512 solum
3558 4476 3660 4513 non
3706 4467 3911 4530 possit

2292 4556 2413 4596 esse
2457 4557 2676 4610 corpus,
2708 4543 2803 4598 sed
2846 4558 2915 4597 ne
2961 4558 3085 4599 esse
3123 4546 3339 4614 quidem
3388 4532 3625 4605 ceteros.)
3658 4565 3907 4614 sensus.

2294 4633 2427 4685 Nam
2451 4632 2514 4687 Si
2558 4633 2767 4686 auditus
2788 4642 2949 4687 totum
2972 4646 3120 4703 esset,
3150 4636 3235 4690 ubi
3264 4639 3505 4697 odoratus
3526 4643 3551 4692 7
3593 4644 3788 4713 inquit.

2364 4724 2418 4777 5.
2462 4722 2665 4779 Deinde
2692 4725 2815 4794 quia
2846 4726 2927 4781 sic
2952 4742 3165 4799 quoque
3196 4731 3547 4790 turbabantur
3569 4777 3586 4802 ,
3615 4737 3755 4809 quod
3790 4754 3910 4796 su-

2294 4815 2481 4885 perius
2506 4814 2670 4883 fecit,
2705 4816 2757 4870 id
2787 4817 2951 4872 etiam
2982 4835 3126 4876 nunc
3152 4821 3300 4879 facit.
3330 4824 3482 4881 Sicut
3510 4830 3649 4883 enim
3680 4830 3751 4883 ibi
3784 4846 3911 4899 per

2296 4908 2581 4963 utilitatem
2608 4909 2941 4975 consolatus,
2968 4912 3186 4968 demum
3209 4930 3273 4970 os
3298 4917 3471 4971 valide
3501 4917 3761 4971 obstruxit
3792 4920 3906 4975 di-

2294 5016 2444 5068 cens,
2466 4998 2591 5054 licet:
2615 5010 2784 5054 autem
2813 5003 2984 5056 omnia
3012 5015 3251 5071 operatur
3273 5020 3403 5057 unus
3425 5013 3572 5073 atque
3598 5004 3727 5057 idem
3747 5003 3909 5076 Spi-

2294 5094 2443 5159 ritus,
2466 5092 2694 5146 dividens
2711 5093 2924 5164 singulis
2944 5102 3095 5163 prout
3120 5094 3224 5148 vult
3248 5110 3267 5148 :
3282 5097 3361 5150 sic
3384 5104 3439 5149 et
3462 5096 3561 5151 hoc
3582 5096 3697 5152 loco
3714 5098 3908 5159 etiam

2295 5183 2579 5239 ratiocinia
2613 5182 2915 5253 proferens,
2946 5182 3101 5252 queis
3130 5185 3371 5240 ostendit
3398 5185 3465 5241 ad
3497 5188 3775 5244 utilitatem
3809 5199 3911 5251 sic

2295 5277 2473 5329 omnia
2515 5274 2653 5329 facta
2681 5291 2804 5330 esse
2830 5316 2845 5338 ,
2877 5289 3062 5329 rursns
3093 5286 3263 5333 totum
3304 5278 3372 5335 ad
3412 5281 3508 5337 Dei
3552 5284 3908 5344 voluntatem

2295 5366 2507 5421 reducit
2542 5367 2764 5422 dicens:
2796 5368 2887 5437 18.
2919 5364 3076 5422 Num:
3093 5382 3260 5425 autem
3284 5377 3454 5445 posuit
3484 5375 3617 5431 Deus
3636 5374 3905 5447 membra,

2296 5456 2683 5526 unumquodque
2709 5460 2963 5512 eorum'in
2991 5464 3283 5533 corporibus
3306 5466 3436 5521 sicut
3473 5468 3643 5521 voluit.
3674 5468 3906 5535 Queen-

2294 5546 2586 5602 admodnm
2631 5548 2700 5605 de
2744 5548 2943 5619 Spiritu
2987 5552 3153 5621 dixit,
3196 5554 3362 5611 Prosit
3389 5558 3534 5611 vult:
3572 5558 3652 5612 sic
3694 5569 3753 5614 et
3782 5559 3915 5620 hoc.

2299 5637 2441 5701 loco,
2470 5637 2619 5692 Sicut
2648 5639 2822 5693 soluit.
2853 5642 2930 5699 Ne
2954 5659 3083 5715 ergo
3108 5645 3245 5702 ultra
3270 5646 3535 5702 curiosius
3556 5662 3777 5706 causam
3808 5653 3907 5709 iss-

2298 5729 2501 5800 quiras,
2528 5746 2623 5789 cur
2648 5733 2746 5801 sic,
2780 5749 2877 5793 cur
2896 5752 3002 5795 non
3033 5740 3133 5797 sic.
3160 5738 3381 5797 Etiamsi
3404 5739 3549 5797 enim
3576 5740 3725 5800 mille
3744 5742 3912 5803 dicta.
