4086 6340
186 357 297 415 253

180 472 504 547 proferenda
530 469 894 536 habuerimus,
916 481 1023 523 non
1051 467 1129 523 sic
1153 471 1447 537 poterimus
1473 462 1761 519 ostendere

179 561 562 624 rec'te‘fa'ctum
594 570 737 624 esse,
768 570 825 614 ut
860 573 981 615 cum
1010 558 1276 614 dicimus:
1315 555 1385 612 Ut
1422 556 1658 625 optimus
1682 569 1769 607 ar-

179 648 313 714 tifex
359 656 564 723 voluit,
611 655 680 709 ita
726 653 923 708 factum
966 661 1095 707 est:
1143 666 1264 705 nam
1307 649 1385 703 sic
1423 650 1514 703 ille
1554 647 1667 702 vult
1712 656 1770 700 ut

175 750 421 820 expedit.
464 747 521 804 Si
564 754 742 802 autem
787 747 839 801 in
880 744 983 798 hoc
1025 758 1254 813 corpore
1282 742 1350 797 de
1379 740 1633 796 membris
1664 752 1767 792 non

174 843 400 897 curiose
427 839 767 909 inquirimus,
799 834 966 890 multo
995 836 1162 905 magis
1191 836 1243 888 in
1270 832 1531 888 Ecclesia.
1563 831 1630 885 Et
1646 829 1768 884 vide

176 934 326 989 illius
353 916 693 1004 prudentiam
718 948 733 989 :
768 945 871 984 non
899 929 1043 983 enim
1072 928 1215 982 illum
1245 927 1393 997 ponit
1417 922 1766 979 differentiam

174 1041 301 1095 quae
337 1039 405 1079 ex
433 1036 622 1078 natura
652 1031 770 1088 est,
799 1010 974 1091 neque
1006 1019 1160 1081 illam
1186 1034 1305 1088 qua:
1341 1026 1426 1073 est
1468 1032 1532 1071 ex
1575 1030 1767 1085 opera-

175 1122 349 1183 tione,
380 1118 474 1173 sed
503 1132 620 1173 eam
649 1130 768 1185 qum
797 1124 880 1169 est
918 1104 949 1167 a
981 1113 1087 1173 situ
1118 1112 1357 1168 locon
1386 1128 1399 1163 :
1436 1107 1589 1163 Nunc
1620 1107 1763 1161 enim

176 1211 350 1280 possit
375 1252 390 1277 ,
421 1209 625 1279 inquit,
657 1205 797 1262 Deus
820 1204 1066 1269 membra,
1094 1202 1482 1273 unumquodque
1504 1217 1681 1255 eorum
1710 1200 1766 1254 in

172 1316 397 1371 corpore
428 1301 561 1354 sicut
595 1298 774 1353 voluit.
819 1296 883 1351 Et
924 1305 1070 1351 recte
1110 1293 1277 1359 dixit,
1323 1291 1761 1363 Unumquodque,

174 1395 229 1448 in
260 1393 518 1447 omnibus
547 1391 828 1445 utilitatem
855 1384 1164 1441 ostendens.
1206 1382 1390 1453 Neque
1413 1384 1555 1438 enim
1582 1382 1764 1438 dicere

178 1485 390 1555 possis,
428 1484 578 1538 illum
607 1481 707 1535 hoc
730 1477 943 1548 quidem
973 1475 1251 1545 posuisse,
1284 1475 1413 1529 illud
1444 1488 1572 1528 vero
1590 1472 1761 1527 .mini-

171 1593 261 1633 nue
281 1616 297 1639 ,
327 1574 427 1631 sed
458 1570 873 1641 unumquodque
912 1568 1207 1625 secundum
1236 1567 1563 1622 voluntatem
1595 1566 1770 1635 ipsius

171 1670 338 1722 situm
372 1675 476 1722 est.
510 1666 694 1735 Itaque
721 1674 777 1719 et
805 1662 923 1734 pedi
951 1662 1083 1718 utile
1112 1663 1183 1717 sit
1211 1662 1291 1717 sic
1318 1660 1570 1716 collatum
1601 1670 1756 1722 esse,

173 1775 281 1833 non
313 1758 481 1827 capiti
516 1766 755 1821 tantum;
791 1764 847 1811 et
873 1756 988 1810 sive
1011 1754 1255 1809 ordinem
1287 1752 1603 1821 mutaverit,
1645 1750 1758 1808 sive

172 1851 400 1921 proprio
446 1849 639 1904 relicto
688 1848 841 1914 loco,
893 1847 946 1901 in
992 1847 1154 1901 alium
1205 1843 1511 1908 transierit,
1552 1845 1672 1904 sive.
1702 1844 1757 1897 in

172 1944 436 2011 majorem
478 1942 689 1996 venisse
728 1940 997 2001 videatur,
1047 1946 1214 1991 totum
1264 1935 1493 2005 perdidit
1535 1943 1590 1987 et
1632 1947 1756 1988 con-

169 2036 356 2106 rupit:
401 2050 523 2089 nam
558 2033 830 2108 proprium
856 2031 1033 2085 locum
1067 2029 1329 2097 perdidit,
1373 2028 1617 2091 etalium
1649 2042 1755 2080 non

167 2126 496 2195 assequitur.
550 2122 698 2189 Quod
739 2124 782 2175 si
825 2130 986 2173 essent
1026 2120 1197 2172 omnia
1235 2133 1391 2171 unum
1432 2120 1707 2170 membrum
1735 2156 1752 2182 ,

168 2218 255 2270 ubi
283 2216 509 2285 corpus?
537 2213 623 2268 20.
664 2211 818 2285 Nunc
859 2222 1029 2265 autem
1058 2212 1216 2263 multa
1256 2209 1458 2279 quidem
1489 2209 1713 2262 membra
1736 2247 1750 2272 ,

165 2326 324 2363 utinm
361 2324 478 2361 vero
511 2316 714 2375 corpus.
760 2284 893 2359 Cum
924 2304 1066 2358 cnim
1094 2302 1172 2357 eis
1201 2302 1332 2356 satis
1359 2315 1420 2354 os
1449 2295 1752 2354 obstruxis4

165 2412 247 2456 set
274 2418 303 2456 a
335 2401 427 2455 Dei
459 2398 829 2469 diSpositione,
858 2409 1042 2451 rursus
1065 2394 1339 2448 ratiocinia
1367 2392 1549 2462 ponit;
1582 2404 1754 2461 neque

163 2508 383 2559 semper
408 2490 509 2546 hoc
537 2490 678 2553 facit,
712 2503 886 2558 neque
916 2486 1068 2552 illud,
1102 2484 1195 2540 sed
1220 2492 1557 2539 commutans
1588 2481 1755 2535 variat

162 2579 491 2647 orationem.
543 2579 644 2650 Qui
672 2585 815 2634 enim
844 2595 905 2633 os
930 2579 1146 2633 obturat
1181 2586 1409 2639 tantum,
1453 2575 1751 2629 auditorem

162 2677 387 2739 turbat;
431 2674 629 2742 quique
675 2672 824 2725 illum
869 2656 1157 2724 assuefacit
1196 2667 1260 2719 ad
1293 2668 1531 2720 onmium
1561 2671 1751 2719 causas

161 2763 546 2836 exquirendas,
572 2764 623 2816 in
647 2762 891 2816 oratione
914 2756 980 2815 de
1011 2757 1113 2813 [ide
1143 2758 1313 2828 ipsum
1355 2756 1517 2810 laedit.
1550 2754 1751 2810 Idcirco

161 2861 263 2926 hoc
292 2856 493 2911 Paulus
520 2856 830 2925 frequenter
853 2850 995 2917 facit,
1018 2859 1075 2905 ut
1100 2859 1155 2904 et
1183 2849 1402 2904 credant
1423 2859 1477 2903 et
1508 2864 1615 2903 non
1641 2859 1751 2901 tur-

158 2932 393 3012 bentur;
429 2958 483 3004 et
512 2957 793 3018 postquam
823 2960 919 2999 ora
945 2944 1210 3008 obstruit,
1254 2942 1344 2995 dat
1381 2941 1543 2996 etiam
1587 2942 1749 2995 ratio-

159 3059 309 3098 nem.
347 3043 413 3095 Et
442 3039 563 3095 vide
590 3038 987 3094 contentionem
1015 3047 1071 3089 et
1100 3035 1311 3104 plenam
1341 3034 1637 3088 victoriam.
1671 3036 1748 3089 Ex

160 3134 357 3205 quibus
401 3132 658 3201 putabant
704 3146 762 3185 se
802 3143 906 3183 non
949 3126 1322 3186 esse'ltonore
1366 3140 1554 3194 pares,
1605 3128 1746 3196 quod

155 3228 326 3282 multa
375 3227 427 3279 in
461 3225 589 3292 ipsis
624 3233 767 3277 esset
795 3219 1092 3275 diﬁc-rentia
1116 3261 1129 3282 ,
1172 3234 1236 3274 ex
1283 3214 1470 3273 iisdem
1513 3219 1749 3273 ostendit

157 3321 279 3374 illos
310 3328 528 3388 propter
558 3316 659 3370 hoc
684 3316 857 3383 ipsum
886 3311 1091 3367 honore
1123 3327 1275 3382 pares
1302 3326 1421 3367 esse
1436 3313 1746 3381 ;.quomodo

158 3421 378 3474 autem,
420 3422 523 3477 ego
562 3406 756 3459 dicam.
805 3404 865 3457 Si
906 3412 1101 3468 essent,
1145 3403 1351 3473 inquit,
1383 3406 1553 3458 omnia
1590 3422 1746 3458 unum

160 3504 439 3554 membrum
462 3538 478 3565 ,
512 3499 595 3550 ubi
623 3496 850 3563 corpus?
883 3495 935 3549 Id
967 3504 1069 3559 est,
1098 3496 1155 3550 Si
1182 3510 1285 3549 non
1312 3506 1491 3561 esset,
1536 3498 1704 3567 inquit
1727 3538 1742 3562 ,

160 3596 213 3646 in
262 3592 415 3646 vobis
461 3589 626 3643 nmlta
657 3588 956 3642 dill‘erentia
981 3629 995 3658 ,
1045 3603 1148 3641 non
1192 3587 1388 3640 essetis
1432 3602 1665 3658 corpus:
1700 3590 1744 3642 si

157 3698 356 3751 corpus
387 3695 494 3734 non
542 3679 734 3733 essetis
758 3720 771 3742 ,
806 3693 981 3745 neque
1025 3693 1185 3732 unum
1214 3677 1447 3733 essetis:
1486 3680 1537 3743 ,εἰ
1582 3695 1744 3734 unum

160 3794 265 3831 nou
294 3776 510 3837 essetis,
542 3788 712 3843 neque
741 3786 897 3843 pares
924 3772 1135 3826 essetis.
1174 3772 1355 3841 Itaque
1382 3771 1426 3824 si
1464 3787 1623 3841 pares
1653 3788 1740 3828 es-

159 3872 310 3931 setis.
344 3885 452 3923 non
480 3868 671 3923 essetis
698 3880 893 3935 corpus
919 3882 934 3918 :
960 3865 1005 3919 si
1036 3878 1231 3933 corpus
1256 3878 1361 3931 non
1393 3864 1601 3929 essetis,
1636 3881 1742 3921 non

156 3966 350 4019 essetis
379 3977 541 4015 unum
567 3978 581 4014 :
610 3961 654 4014 si
680 3974 840 4013 unum
870 3972 974 4011 non
1001 3958 1213 4023 essetis,
1242 3958 1510 4026 quomodo
1539 3958 1743 4013 honore

158 4070 316 4125 pares
346 4052 581 4107 essetis?
609 4050 760 4105 Nunc
788 4064 945 4113 vero,
972 4049 1095 4119 quia
1127 4064 1233 4103 non
1260 4064 1445 4103 omnes
1474 4048 1614 4103 ident
1645 4050 1743 4105 do-

157 4162 284 4199 num
316 4144 560 4207 habetis,
604 4142 726 4197 ideo
766 4155 962 4211 corpus
1003 4140 1173 4195 estis:
1213 4155 1407 4210 corpus
1444 4155 1572 4195 vero
1619 4157 1740 4197 cum

155 4238 310 4301 sitis,
336 4250 720 4302 mnnesunum
747 4233 899 4298 estis,
926 4240 982 4287 et
1009 4230 1144 4286 nihil
1175 4232 1316 4287 alter
1344 4232 1412 4286 ab
1441 4231 1613 4287 altero
1639 4232 1741 4285 dif-

154 4328 337 4394 fertis,
371 4327 662 4383 secundutu
696 4326 782 4389 id,
811 4325 951 4395 quod
992 4341 1187 4393 corpus
1227 4327 1377 4382 estis.
1424 4324 1606 4395 Itaque
1650 4326 1739 4380 illa

154 4422 392 4474 maxime
432 4419 734 4474 diderentia
775 4428 858 4471 est
883 4458 897 4482 ,
939 4433 1059 4489 qua:
1104 4416 1231 4471 facit
1274 4417 1493 4471 honoris
1534 4418 1738 4488 parita-

154 4523 261 4567 tetn
292 4532 307 4569 :
354 4513 583 4583 ideoque
620 4498 933 4581 subjunxit,
978 4510 1132 4564 Nunc
1158 4521 1322 4565 autent
1354 4512 1513 4565 multa
1537 4512 1740 4583 quidem

154 4605 379 4658 membra
403 4646 419 4671 ,
450 4620 610 4657 unum
647 4620 762 4657 vero
791 4619 998 4672 corpus.
1028 4602 1153 4657 Hrec
1196 4603 1371 4673 itaque
1398 4618 1497 4657 nos
1526 4619 1738 4674 quoque

152 4695 491 4765 cogitantes,
534 4710 748 4750 omnem
793 4695 1050 4765 pellamus
1091 4694 1377 4757 invidiam,
1422 4710 1595 4766 neque
1635 4696 1739 4750 illis

153 4784 486 4842 invideamus
528 4786 615 4857 qui
662 4786 869 4856 majora
905 4784 1103 4853 habent
1140 4785 1461 4840 charismata
1486 4826 1503 4851 ,
1551 4802 1723 4856 neque

147 4878 515 4946 despiciemus
554 4894 650 4934 eos
694 4880 783 4948 qui
833 4879 1039 4936 minora
1087 4878 1364 4948 possident
1405 4895 1418 4931 :
1470 4878 1540 4933 ita
1593 4880 1734 4934 enim

154 4970 294 5025 Deus
334 4970 523 5026 voluit.
570 4971 649 5026 Ne
694 4972 872 5041 itaque
919 4970 1261 5025 obsistamus.
1306 4968 1361 5024 Si
1406 4986 1532 5026 vero
1562 4972 1737 5025 adhuc

151 5060 406 5122 turbaris,
436 5064 607 5133 c0gita
638 5062 787 5118 illum
818 5077 963 5132 smpe
994 5077 1099 5117 non
1131 5077 1285 5132 posse
1312 5054 1447 5129 6pus
1474 5069 1619 5116 tuum‘
1647 5063 1744 5116 im-

149 5152 322 5223 plere.
370 5150 728 5217 Quamobrem
755 5195 771 5219 ,
819 5154 1029 5210 etiamsi
1075 5137 1251 5209 minor
1296 5153 1494 5219 fueris,
1542 5156 1594 5209 in
1634 5154 1736 5210 hoc

147 5244 301 5298 illum
331 5256 590 5312 sepem;
618 5247 828 5300 etiamsi
854 5246 1026 5315 major
1053 5245 1146 5301 ille
1170 5247 1258 5310 sit,
1293 5244 1346 5299 in
1378 5244 1734 5315 hoc.5ttpcra-

147 5345 270 5402 tur,
318 5342 375 5389 et
419 5333 497 5387 sic
540 5337 818 5403 mqualitas
858 5338 1110 5393 efticitur.
1155 5338 1365 5393 Etenim
1407 5336 1736 5408 incorpore

146 5441 382 5499 quoque,
428 5440 547 5495 qua:
590 5440 751 5495 parva
788 5438 947 5493 sunt,
991 5445 1096 5485 non
1144 5445 1303 5498 parva
1344 5429 1587 5483 videntur
1633 5446 1732 5492 ex—

144 5518 298 5587 sequi
319 5558 337 5585 ,
368 5516 463 5573 sed
494 5524 549 5571 et
582 5530 772 5585 magna
799 5531 944 5587 saepe
972 5518 1332 5586 labefactant,
1375 5534 1497 5574 cum
1540 5519 1730 5577 absce-

143 5608 299 5663 dunt.
332 5607 471 5675 Quid
497 5608 641 5665 enim
669 5607 720 5662 in
755 5622 982 5679 corpore
1012 5612 1134 5680 pilis
1164 5612 1364 5669 vilius?
1411 5611 1505 5667 sed
1534 5612 1579 5668 si
1610 5613 1731 5669 illos

145 5700 283 5756 viles
299 5700 587 5758 abstuleris
603 5717 633 5756 a
648 5688 967 5772 superciliis,
992 5716 1205 5759 omnem
1224 5706 1376 5763 faciei
1391 5706 1617 5764 formam
1635 5707 1728 5765 de-

146 5790 321 5851 levisti
348 5836 362 5862 ,
406 5804 461 5851 et
490 5796 677 5852 oculus
716 5810 820 5851 non
854 5794 988 5849 ultra
1022 5801 1126 5851 tam
1161 5799 1379 5866 pulcher
1410 5803 1681 5874 apparebit
1710 5824 1721 5859 :

1212 348 1279 405 IN
1317 348 1531 406 EPIST.
1566 347 1604 403 l.
1637 348 1727 403 AD
1764 347 1919 402 COR.
1953 348 2182 405 "OMIL.
2211 349 2381 408 XXX.

3351 360 3459 419 ξδι

1880 468 2196 536 quamquam
2229 468 2345 523 leve
2373 478 2455 523 est
2482 469 2883 545 detrimentum,
2914 486 3148 534 attamen
3176 480 3255 537 sit:
3279 485 3455 540 omnis

1878 552 2046 609 forma
2080 558 2284 625 periit;
2318 574 2426 615 non
2471 561 2641 621 forma
2685 555 2908 629 tantum,
2943 569 3038 643 sed
3080 581 3135 625 et
3171 574 3451 630 oculorum

1876 659 2004 700 usus
2043 648 2268 705 multum
2309 642 2542 707 laeditur.
2571 652 2789 724 Singula
2819 642 2971 714 enim
3000 662 3238 731 membra
3270 676 3453 721 nostra

1876 740 2142 809 propriam
2200 751 2255 798 et
2307 758 2647 801 communem
2701 748 2894 803 habent
2940 754 3343 820 operationem;
3398 766 3454 813 et

1876 830 2215 899 pulchritudo
2254 834 2413 889 etiam
2459 846 2514 892 et
2560 840 2771 908 propria
2818 848 2872 894 et
2923 843 3222 899 communis
3261 855 3347 900 est
3395 847 3453 903 in

1873 922 2027 975 nobis
2056 939 2070 974 :
2102 932 2157 977 et
2205 923 2454 981 videntur
2480 928 2693 997 quidem
2725 930 2815 985 illa
2845 931 3011 988 divisa
3041 948 3191 1001 esse,
3224 947 3452 1008 suntque

1875 1018 2351 1073 tamen-accurate
2390 1033 2635 1074 connexa
2659 1062 2676 1088 ,
2722 1037 2785 1078 ac
2827 1024 2871 1085 si
2916 1026 3143 1082 alterum
3183 1032 3441 1098 perierit,

1872 1106 2099 1172 alterum
2128 1123 2340 1179 quoque
2366 1111 2526 1166 simul
2560 1112 2759 1167 interit.
2806 1116 3187 1175 Animadverte
3218 1131 3396 1177 autem
3431 1141 3447 1178 :

1873 1196 1982 1251 sint
2007 1198 2146 1252 oculi
2178 1200 2438 1268 lucentes,
2463 1217 2599 1271 gena
2637 1203 2937 1273 subridens,
2969 1208 3167 1264 labium
3195 1212 3450 1269 rubicun-

1867 1286 1995 1342 dum
2015 1330 2030 1352 ,
2059 1304 2222 1345 nasus
2252 1300 2462 1359 rectus,
2496 1296 2836 1362 supercilium
2861 1307 3142 1353 extensum
3169 1317 3185 1354 :
3212 1310 3449 1359 attamen

1866 1379 1913 1434 si
1960 1382 2175 1436 illorum
2224 1385 2511 1460 quodpiam
2562 1387 2643 1442 vel
2690 1389 2952 1444 tantillum
3005 1392 3443 1461 labefactaveris,

1866 1482 2209 1547 communem
2240 1476 2481 1529 omnium
2516 1478 2969 1546 pulchritudinem
3002 1482 3329 1540 labefactasti
3350 1527 3365 1549 ,
3392 1497 3449 1543 et

1866 1561 2038 1629 turpia
2080 1564 2260 1617 omnia
2304 1567 2658 1635 apparebunt,
2690 1586 2811 1640 quae
2848 1580 3001 1627 antea
3023 1572 3243 1643 pulchra
3265 1588 3441 1632 erant.

1861 1650 2003 1717 Nam
2028 1653 2073 1707 si
2105 1655 2185 1708 vel
2214 1665 2515 1710 extremum
2547 1675 2733 1717 nasum
2766 1665 3084 1720 contriveris
3105 1707 3119 1727 ,
3163 1667 3216 1721 in
3262 1673 3441 1725 omnia

1861 1743 2019 1799 simul
2060 1747 2281 1801 multam
2324 1748 2559 1804 infudisti
2602 1751 3021 1821 deformitatem,
3052 1759 3259 1815 etiarnsi
3288 1762 3445 1821 unius

1861 1837 2086 1918 membri
2117 1838 2187 1892 sit
2226 1840 2532 1894 mutilatio:
2575 1850 2630 1896 et
2671 1841 2722 1896 in
2764 1858 2924 1898 manu
2966 1846 3163 1911 etiam,
3209 1850 3252 1903 si
3285 1852 3441 1909 unius

1857 1922 2009 1997 digiti
2043 1942 2272 1997 unguem
2302 1929 2604 1997 abstuleris,
2634 1931 2862 2003 idipsum
2894 1934 3008 1990 fieri
3035 1937 3260 1994 videbis.

1932 2019 1987 2073 4.
2027 2017 2082 2073 Si
2124 2030 2301 2078 autem
2330 2021 2557 2092 idipsum
2603 2024 2655 2078 in
2696 2028 3006 2095 operatione
3054 2029 3237 2087 videre
3285 2034 3438 2103 velis,

1862 2108 1988 2162 tolle
2031 2109 2253 2180 digitum
2297 2128 2459 2167 unum
2502 2122 2556 2168 et
2599 2116 2834 2186 reliquos
2873 2118 3157 2176 otiosiores
3193 2122 3397 2179 videbis
3414 2144 3437 2190 η.

1860 2212 2033 2268 neque
2059 2214 2157 2253 suo
2188 2203 2322 2257 ultra
2344 2204 2591 2259 similiter
2610 2220 2833 2262 munere
2857 2206 3159 2279 fungentes.
3178 2213 3438 2281 Quoniam

1858 2289 2019 2358 igitur
2049 2292 2207 2344 unius
2232 2294 2456 2348 membri
2479 2295 2685 2364 jactura
2713 2300 3015 2353 communis
3040 2310 3121 2355 est
3144 2305 3433 2372 turpitudo,

1855 2380 2077 2451 ejusque
2097 2384 2433 2437 conservatio
2458 2387 2761 2442 communis
2788 2389 3148 2458 pulchritudo,
3178 2411 3245 2447 ue
3270 2398 3436 2451 extoln

1859 2472 2031 2527 lamur
2060 2477 2232 2544 neque
2258 2475 2573 2531 insultemus
2602 2482 2879 2547 proximis.
2908 2481 3039 2537 Nam
3064 2495 3282 2557 propter
3309 2488 3436 2546 illud

1857 2566 2104 2635 exiguum
2149 2567 2487 2633 membrum,
2534 2569 2665 2624 illud
2709 2573 2849 2641 quod
2877 2589 3125 2643 magnum
3168 2589 3282 2641 est,
3319 2582 3434 2647 pul‘

1856 2658 2044 2713 chrum
2088 2669 2169 2715 est
2210 2668 2265 2715 et
2306 2660 2636 2728 formosum,
2663 2674 2719 2719 et
2751 2680 2849 2732 per
2889 2668 3171 2737 palpebras
3214 2687 3434 2728 ornatur

1853 2750 2063 2802 oculus.
2107 2750 2178 2805 Se
2222 2750 2496 2821 impugnat
2533 2756 2705 2824 ergo,‘
2737 2757 2825 2826 qui
2866 2756 3082 2813 fratrem
3126 2760 3431 2834 impugnat:

1856 2856 1959 2895 non
1989 2844 2131 2897 enim
2158 2844 2225 2898 ad
2258 2845 2404 2899 illum
2435 2848 2609 2900 solum
2640 2851 2892 2920 pertingit
2927 2852 3212 2920 damnum,
3254 2858 3349 2912 sed
3379 2869 3434 2913 et

1854 2935 1966 3003 ipse
2008 2951 2112 2990 non
2156 2950 2378 3006 parvum
2426 2938 2731 2995 detrimenti
2772 2943 2991 2999 subibit.
3023 2946 3098 3001 Ne
3124 2948 3226 3005 huc
3257 2952 3433 3023 itaque

1854 3026 1978 3093 liat,
2010 3024 2075 3081 ut
2098 3030 2455 3098 nosmetipsos
2494 3030 2573 3085 sic
2600 3032 2870 3101 proximos
2899 3050 3149 3093 curemus
3168 3082 3183 3105 ,
3213 3050 3268 3095 et
3297 3043 3435 3099 hanc

1852 3123 2095 3193 corporis
2125 3122 2409 3193 imaginem
2438 3140 2580 3180 nunc
2620 3135 2677 3180 et
2717 3127 2768 3180 in
2810 3127 3104 3184 Ecclesium
3144 3133 3431 3189 transfera-

1853 3232 1971 3270 mus
1991 3258 2005 3281 ,
2037 3227 2090 3272 et
2117 3218 2355 3269 otnnium
2389 3218 2771 3285 providentiam
2802 3235 3051 3289 geramus
3082 3233 3138 3278 ιιι
3182 3230 3429 3309 proprio-

1852 3324 1969 3362 rum
2001 3309 2385 3362 membrorum.
2418 3308 2549 3364 Nam
2586 3321 2641 3366 et
2680 3313 2732 3366 iu
2771 3314 3005 3368 Ecclesia
3038 3321 3276 3373 membra
3306 3334 3430 3378 sunt

1850 3400 2016 3454 multa
2044 3407 2098 3455 et
2125 3399 2355 3465 diversa,
2389 3402 2490 3455 alia
2519 3403 2733 3472 quidem
2766 3405 3099 3463 honorabilia
3118 3452 3133 3477 ,
3166 3413 3266 3467 alia
3295 3414 3428 3470 infc-

1850 3492 2028 3556 riora;
2080 3501 2136 3545 ut
2182 3501 2305 3545 sunt
2353 3493 2615 3564 virginum
2659 3496 2850 3562 chori,
2901 3498 3175 3557 \iduarutn
3219 3516 3428 3562 coetus:

1849 3593 1974 3637 sunt
2015 3584 2177 3639 etiam
2220 3599 2407 3639 eorum
2451 3586 2545 3656 qui
2591 3587 2646 3641 in
2696 3598 2843 3643 casto
2885 3592 3153 3649 connubio
3196 3595 3434 3667 fulgeant

1847 3677 2114 3742 sodalitia,
2144 3678 2404 3747 multique
2428 3688 2552 3733 sunt
2579 3681 2787 3737 virtutis
2816 3685 3033 3753 gradus.
3065 3688 3428 3763 Similiterque

1847 3788 2057 3827 rursum
2089 3772 2141 3826 in
2185 3772 2525 3845 eleetnosyna
2552 3792 2565 3827 :
2608 3776 2743 3830 alius
2768 3778 2910 3832 enim
2937 3782 3116 3835 omnia
3149 3784 3335 3840 effudit
3376 3800 3431 3841 et

1848 3864 2107 3935 erogavit,
2141 3862 2229 3917 alii
2263 3874 2440 3919 autem
2467 3865 2583 3919 solo
2611 3876 2814 3921 tantum
2843 3868 2984 3924 victu
3012 3876 3248 3927 contenti
3276 3884 3421 3943 sunt,

1848 3966 1903 4011 et
1928 3972 2032 4010 non
2062 3957 2181 4026 plus
2206 3966 2452 4027 quaarunt
2480 3974 2638 4029 quam
2667 3965 2968 4017 necessaria
2989 4004 3004 4031 ,
3033 3966 3122 4020 alii
3150 3983 3212 4022 ex
3241 3985 3429 4039 super-

1849 4049 1957 4102 ﬂuo
1997 4057 2241 4119 erogant.
2287 4052 2535 4104 Attamen
2580 4052 2635 4105 hi
2675 4067 2863 4108 omnes
2896 4070 3017 4111 sese
3060 4070 3245 4116 mutuo
3281 4078 3432 4118 exor-

1846 4149 1976 4193 nant
1999 4155 2013 4204 ;
2038 4148 2093 4193 et
2112 4138 2157 4193 si
2182 4140 2443 4193 minorem
2461 4139 2633 4211 major
2646 4142 2924 4213 despiciat,
2944 4149 3017 4201 sei
3024 4164 3175 4217 psum
3196 4155 3428 4211 maxime

1847 4231 2011 4286 lmdit.
2040 4231 2204 4303 Virgo
2233 4248 2447 4303 quoque
2475 4235 2519 4289 si
2550 4236 2817 4292 connubio
2839 4237 3077 4309 junctam
3102 4248 3427 4312 contumelia

1845 4323 2061 4391 afﬁciat,
2092 4340 2196 4379 non
2220 4340 2403 4395 parum
2430 4342 2495 4380 ex
2522 4327 2769 4383 mercede
2794 4345 2890 4384 sua
2918 4332 3133 4388 decidit.
3162 4335 3215 4391 Si
3257 4338 3300 4393 is
3334 4342 3427 4411 qui

1844 4415 2024 4468 omnia
2065 4414 2319 4486 elargitus
2343 4424 2425 4471 est
2449 4456 2463 4482 ,
2496 4418 2786 4486 exprobret
2822 4421 2871 4475 ei
2914 4423 3006 4491 qui
3049 4425 3275 4495 idipsum
3318 4446 3425 4486 non

1845 4507 1991 4573 fecit,
2018 4524 2085 4562 ex
2114 4508 2388 4563 laboribus
2416 4508 2526 4563 suis
2553 4510 2781 4565 multum
2807 4514 3105 4570 evacuavit.

1926 4597 2104 4653 Vidua:
2117 4600 2172 4651 in
2190 4594 2438 4655 Ecclesia.
2462 4628 2532 4640 --
2553 4601 2616 4656 Et
2639 4602 2764 4672 quid
2793 4605 3023 4676 virgines
3046 4608 3188 4676 dico,
3216 4608 3423 4683 viduas,

1842 4701 1899 4747 et
1925 4692 2067 4747 viros
2094 4693 2182 4764 qui
2212 4692 2341 4746 nihil
2370 4693 2681 4764 possident?
2708 4698 2837 4767 quid
2866 4700 3008 4754 enim
3052 4702 3207 4758 vilius
3243 4705 3425 4777 iisqui

1842 4785 2221 4841 emendicant?
2244 4795 2477 4841 attamen
2506 4787 2579 4842 illi
2609 4803 2761 4843 usum
2784 4790 3071 4846 maximum
3103 4793 3157 4847 in
3184 4795 3424 4853 Ecclesia

1842 4874 2086 4943 implent,
2113 4876 2265 4931 ostiis
2289 4876 2473 4947 templi
2495 4876 2763 4935 haerentes
2787 4889 2842 4936 et
2865 4891 3112 4938 ornatum
3131 4888 3423 4943 maximum

1842 4965 2125 5022 all'ercntes
2154 4983 2168 5017 :
2200 4966 2405 5037 absque
2434 4968 2540 5023 illis
2568 4970 2711 5024 enim
2743 4970 2972 5041 perfecta
3005 4990 3109 5029 non
3140 4986 3285 5031 esset
3312 4977 3426 5045 plc-

1841 5054 2024 5130 nitudo
2054 5056 2328 5111 Ecclesiae.
2357 5057 2511 5124 Quod
2552 5063 2673 5114 cum
2705 5061 2860 5117 initio
2901 5065 3142 5118 viderent
3167 5069 3419 5134 apostoli,

1841 5149 2011 5219 legem
2058 5156 2404 5216 statuerunt,
2450 5158 2508 5202 ut
2550 5149 2694 5203 circa
2745 5150 2846 5205 alia
2894 5153 3103 5219 omnia,
3140 5155 3227 5211 sic
3267 5167 3323 5213 et
3367 5171 3427 5214 ut

1838 5243 2012 5298 viduae
2048 5251 2263 5307 essent;
2310 5251 2366 5297 et
2393 5242 2447 5297 in
2476 5257 2542 5298 ea
2572 5258 2633 5298 re
2663 5251 2865 5298 tantum
2891 5245 3052 5301 studii
3084 5261 3378 5318 posuerunt
3400 5293 3417 5316 ,

1841 5344 1899 5392 ut
1936 5337 2065 5409 ipsis
2104 5336 2360 5391 diaconos
2402 5344 2607 5408 septem
2654 5335 3006 5407 praeficerem.
3054 5340 3416 5409 Quemadmo-

1838 5430 1962 5485 dum
1988 5429 2131 5483 enim
2154 5429 2457 5499 episcopos,
2482 5429 2845 5500 presbyteros,
2874 5429 3151 5496 diaconos,
3184 5430 3419 5502 virgines

1836 5531 1894 5575 et
1931 5520 2270 5575 continentes
2295 5534 2582 5586 enumera,
2613 5532 2736 5573 cum
2775 5519 3029 5577 Ecclesia:
3067 5521 3306 5577 membra
3334 5537 3419 5577 rev

1838 5627 2041 5669 censeo
2069 5611 2208 5667 :‘sic
2258 5620 2310 5666 ct
2347 5611 2550 5666 viduas.
2603 5609 2787 5680 Neque
2827 5615 2969 5668 enim
3010 5611 3113 5666 illa:
3142 5612 3245 5667 levi
3290 5612 3413 5667 fun-

1838 5717 2033 5779 guntur
2076 5719 2317 5761 munere.
2348 5703 2479 5775 Nam
2510 5711 2565 5757 tu
2585 5743 2588 5746 .
2609 5703 2823 5773 quidem
2852 5702 3064 5765 quando
3083 5704 3169 5785 vis
3190 5744 3207 5772 ,
3245 5702 3415 5771 ades;

1840 5804 1941 5859 illa:
1992 5816 2119 5855 vero
2178 5799 2262 5853 die
2321 5802 2581 5866 nocteque
2636 5795 2863 5865 psallunt
2922 5806 2975 5852 et
3028 5795 3254 5865 adsunt,
3308 5811 3414 5853 non
