4086 6340
603 262 714 317 255

606 374 960 446 eieemosyna
1012 382 1215 429 tantum
1266 388 1425 429 causa
1474 374 1591 429 htcc
1631 379 1895 442 agentes;
1942 367 1989 423 si
2038 368 2184 423 enim

612 466 714 519 hoc
760 464 961 520 vellent
1038 466 1227 521 liceret
1256 480 1353 536 per
1382 464 1557 520 forum
1596 461 1877 525 incedere,
1924 468 1979 515 et
2012 459 2068 513 in
2097 474 2193 512 an-

606 556 829 627 giportis
879 556 1230 627 mendicare;
1267 560 1363 611 sed
1402 572 1511 612 non
1540 556 1746 612 modica
1774 561 2057 610 moventur
2082 552 2192 622 pie-

611 655 739 701 tate.
773 646 905 701 Vide
948 660 1083 715 ergo
1121 646 1175 700 in
1210 654 1410 715 quanta
1452 646 1789 716 paupertatis
1824 644 2043 700 fornace
2070 659 2189 698 ver-

608 747 814 793 sentur.
843 736 1286 807 Blaspbemantes
1312 738 1450 808 apud
1478 736 1595 792 illas
1620 752 1910 807 numquam
1935 734 2188 801 audieris,

612 846 786 900 neque
830 828 1048 899 indigne
1101 829 1375 895 females,
1420 829 1566 900 quod
1610 838 1787 883 tamen
1832 842 1899 882 ex
1940 826 2192 881 divitibus

609 924 791 975 nntltze
822 920 1044 977 faciunt.
1087 922 1152 975 Et
1182 921 1395 976 illarum
1425 920 1671 991 quaedam
1709 920 2008 975 esurientes
2050 914 2192 988 saepe

608 1013 946 1068 dormierunt
970 1030 985 1075 ;
1025 1014 1145 1068 alia:
1171 1024 1352 1069 autem
1380 1027 1410 1066 a
1442 1012 1638 1083 frigore
1662 1012 1879 1067 assidue
1908 1019 2190 1076 vexantur,

610 1113 667 1157 et
708 1114 883 1157 tanien
915 1103 966 1157 in
1003 1104 1301 1174 gratiarum
1327 1103 1540 1157 actione
1581 1110 1637 1157 et
1676 1100 2065 1173 glorificatioue
2093 1099 2191 1155 de-

608 1203 762 1263 gunt.
800 1195 856 1250 Si
898 1195 1117 1249 obolum
1160 1193 1410 1258 dederis,
1450 1194 1649 1263 gratias
1691 1202 1896 1263 agunt,
1943 1200 2001 1246 et
2048 1190 2193 1245 mille

610 1284 749 1339 bona
774 1284 919 1339 danti
948 1292 1334 1354 apprecantur;
1377 1285 1422 1337 si
1464 1284 1596 1338 nihil
1622 1283 1869 1346 dederis,
1903 1296 2008 1335 non
2050 1295 2195 1350 aegre

609 1375 825 1440 ferunt,
880 1373 976 1428 sed
1044 1374 1122 1427 sic
1175 1387 1389 1441 quoque
1442 1373 1767 1429 benedicunt
1811 1381 1867 1428 et
1916 1372 2192 1442 diligunt,

608 1466 805 1520 diurno
832 1464 1073 1520 fruentes
1100 1464 1263 1519 victu.
1282 1464 1487 1535 Nempe
1507 1466 1714 1520 etiamsi
1743 1465 1936 1530 nolint,
1962 1466 2191 1535 inquies,

609 1557 664 1612 id
694 1556 839 1612 ferre
868 1556 987 1610 illas
1028 1571 1251 1612 necesse
1276 1564 1380 1612 est.
1406 1558 1511 1612 Cur
1532 1558 1556 1613 ’ἒ
1576 1574 1747 1631 queso
1770 1570 1908 1627 ;qua
1939 1556 2006 1609 de
2030 1570 2191 1610 causa

608 1650 713 1703 hoc
746 1648 1001 1702 acerbum
1036 1649 1307 1717 protulisti
1342 1648 1608 1703 verbum?
1643 1663 1822 1703 annon
1846 1656 1974 1702 sunt
2012 1656 2193 1716 turpes

604 1750 774 1806 artes,
810 1756 928 1808 quae
967 1744 1129 1797 etiam
1170 1740 1390 1797 senibus
1413 1752 1470 1796 et
1497 1741 1631 1796 viris
1659 1749 1716 1796 et
1757 1740 2072 1795 mulieribus
2110 1740 2192 1793 lu-

606 1847 757 1888 crum
782 1832 978 1897 aﬂ'erre
1005 1834 1251 1903 possint?
1290 1833 1337 1886 si
1364 1833 1526 1886 vitam
1555 1832 1833 1885 honestam
1858 1846 2047 1885 curare
2071 1831 2195 1885 nol-

607 1924 746 1987 Ient,
786 1938 967 1983 annon
1018 1931 1268 1993 poterant
1313 1922 1436 1977 inde
1488 1937 1610 1975 cum
1660 1936 1850 1992 magna
1899 1922 1969 1975 ali
2014 1937 2192 1976 rerum

605 2017 795 2087 copia?
841 2032 950 2071 non
997 2014 1147 2069 vides
1190 2022 1321 2085 quot
1357 2015 1649 2085 quantique
1687 2014 1795 2069 sint
1822 2015 1977 2069 istius
2019 2015 2194 2070 aetatis

605 2110 829 2164 lenones
848 2117 905 2163 et
924 2106 1161 2162 libidinis
1179 2107 1487 2172 ministri,et
1504 2107 1610 2162 alia
1622 2107 1869 2179 quaedam
1888 2107 2190 2177 lmjusmodi

608 2199 789 2253 munia
833 2205 1165 2264 exercentes,
1199 2197 1290 2268 qui
1326 2197 1542 2251 aluntur
1570 2206 1626 2250 et
1658 2197 1709 2249 in
1739 2196 1945 2250 deliciis
1972 2196 2193 2251 vivunt?

609 2294 680 2344 At
718 2290 771 2344 hi
803 2290 1038 2354 minime,
1068 2295 1164 2346 sed
1203 2290 1409 2344 malunt
1436 2288 1578 2343 fame
1608 2290 1781 2358 perire
1808 2288 2002 2358 potius,
2034 2304 2191 2359 quam

615 2386 772 2438 vitam
796 2398 947 2438 suam
977 2383 1286 2452 deturpare,
1310 2388 1364 2435 et
1391 2380 1619 2435 salutem
1642 2394 1793 2433 suam
1826 2383 2086 2451 prodere;
2106 2396 2193 2436 se-

607 2476 843 2545 dentque
879 2482 991 2530 toto
1017 2473 1108 2529 die
1134 2472 1475 2541 pharmacum
1509 2472 1601 2526 tibi
1631 2472 1821 2527 salutis
1849 2480 2189 2540 apparantm.

607 2566 725 2620 Non
754 2566 898 2620 enim
930 2565 1171 2619 medicus
1199 2579 1413 2617 manum
1444 2563 1744 2619 extendens
1771 2572 1827 2618 et
1864 2563 2060 2618 ferrum
2089 2564 2191 2617 im-

608 2657 828 2711 mittens
883 2655 1167 2709 vulnerum
1221 2653 1555 2724 putredinem
1608 2669 1763 2725 teque
1814 2654 2085 2709 exscindit
2134 2663 2193 2709 ut

609 2762 813 2816 pauper
855 2745 1131 2799 dexteram
1173 2745 1470 2801 extendens
1508 2754 1562 2801 et
1602 2745 2001 2816 eleemosynam
2045 2745 2190 2801 acci-

609 2837 761 2905 piens
784 2876 800 2901 ,
832 2835 1005 2891 aufert
1032 2836 1311 2893 vulnerum
1345 2847 1622 2893 tumores:
1666 2839 1912 2909 quodque
1950 2839 2192 2894 mirabile

605 2937 734 2994 est,
781 2928 898 2984 sine
938 2929 1052 2984 ullo
1094 2928 1285 2985 dolore
1327 2929 1466 2984 hanc
1513 2929 1770 2999 Optimam
1819 2930 1897 2985 illi
1939 2938 2192 2986 exercent

607 3019 953 3076 medicinam.
974 3021 1051 3075 Ae
1078 3035 1185 3074 non
1209 3020 1386 3075 minus
1412 3035 1569 3091 quam
1601 3034 1698 3075 nos
1721 3022 1811 3091 qui
1839 3023 2035 3093 populo
2055 3036 2190 3092 prte-

602 3124 792 3165 sumus
822 3119 879 3164 et
918 3123 1014 3162 vos
1044 3109 1109 3163 ad
1139 3109 1288 3163 utilia
1320 3108 1629 3178 hortamur,
1662 3110 1754 3166 ille
1777 3112 1864 3181 qui
1892 3121 2017 3167 ante
2046 3110 2189 3169 fores

601 3199 849 3254 ecclesiae
876 3198 1026 3254 sedet
1048 3214 1142 3270 per
1164 3201 1437 3255 silentium
1466 3211 1520 3256 et
1546 3213 1820 3270 aspectum
1847 3218 1941 3257 vos
1964 3204 2189 3273 alloqui-

602 3299 711 3342 tur.
732 3287 841 3343 Nos
862 3289 1003 3343 enim
1033 3290 1147 3345 haec
1172 3291 1324 3347 vobis
1344 3292 1585 3362 quotidie
1612 3294 1921 3349 insonantes
1937 3294 2185 3351 dicimus:

601 3380 679 3436 Ne
720 3381 886 3435 altum
932 3384 1108 3452 sapias
1129 3423 1145 3448 ,
1184 3400 1217 3438 ο
1244 3383 1405 3438 homo
1434 3403 1447 3439 :
1496 3395 1718 3454 repente
1750 3386 1937 3440 transit
1966 3396 2020 3441 et
2044 3386 2186 3442 ﬂuxa

602 3485 687 3529 est
725 3473 999 3530 hominum
1031 3483 1218 3529 natura
1249 3491 1264 3537 ;
1305 3476 1559 3543 juventus
1602 3477 1667 3531 ad
1714 3478 1920 3532 senium
1950 3478 2184 3543 festinat,

601 3563 773 3618 forma
803 3564 871 3618 ad
900 3564 1334 3630 deformitatem,
1366 3566 1530 3619 robur
1569 3567 1634 3620 ad
1662 3567 2021 3621 intirmitatetn
2042 3609 2058 3631 ,
2090 3567 2186 3621 ho-

604 3671 704 3710 nor
743 3654 809 3710 ad
854 3665 1241 3724 contemptum,
1270 3657 1473 3711 sanitas
1497 3657 1549 3710 in
1579 3657 1939 3711 inlirtnitatem
1976 3658 2184 3723 incidit,

598 3746 767 3817 gloria
814 3746 864 3800 iu
906 3746 1187 3811 vilitatem,
1210 3746 1413 3800 divitiae
1445 3747 1495 3799 in
1544 3756 1909 3817 paupertatem
1939 3767 1951 3802 :
1983 3748 2185 3806 ﬂuento

600 3838 903 3891 vehementi
947 3852 1035 3892 res
1072 3846 1269 3890 nostra:
1300 3836 1500 3892 similes
1536 3848 1692 3903 sunt,
1729 3839 1870 3910 quod
1896 3856 2180 3910 numquam

599 3929 713 3981 vult
751 3928 1072 3992 consistere,
1106 3928 1198 3981 sed
1228 3928 1293 3981 ad
1322 3928 1527 3985 declive
1555 3929 1789 3986 festinat.

670 4019 724 4073 5.
755 4017 881 4072 Hscc
904 4034 1115 4088 quoque
1138 4060 1153 4083 ,
1188 4018 1295 4073 imo
1323 4019 1473 4089 plura
1503 4038 1599 4092 per
1628 4032 1900 4093 aspectum
1932 4024 2005 4078 illi
2029 4039 2167 4080 eon-

596 4109 795 4172 snlunt,
829 4118 883 4163 et
921 4124 1015 4178 per
1042 4112 1432 4179 experientiam
1473 4112 1666 4182 ipsam,
1689 4129 1813 4183 qua:
1839 4124 1922 4170 est
1958 4114 2182 4171 manife-

595 4202 728 4253 stior
755 4200 1071 4255 admonitio.
1090 4202 1261 4267 Quam
1280 4202 1429 4259 multi
1482 4220 1548 4258 ex
1574 4205 1659 4269 iis,
1690 4206 1781 4276 qui
1810 4205 1940 4261 foris
1965 4207 2175 4274 sedent,

600 4295 651 4345 in
670 4293 953 4360 jnventute
976 4292 1291 4359 ﬂoruerunt,
1316 4310 1501 4367 magna
1527 4300 2012 4370 patrarunt?quam
2026 4302 2179 4357 multi

589 4400 659 4439 ex
696 4382 777 4437 his
805 4382 1137 4437 deformibus
1166 4393 1221 4438 et
1267 4388 1512 4455 corporis
1552 4387 1864 4446 fortitudine
1910 4400 1967 4446 et
2008 4394 2176 4448 forma

597 4476 791 4529 inultos
818 4476 1177 4546 superarunt?
1195 4473 1304 4532 Sed
1330 4492 1396 4531 ne
1422 4476 1582 4533 (idem
1608 4481 1833 4550 negetis,
1860 4497 1965 4537 neu
1994 4483 2175 4538 ridea-

596 4568 701 4621 iis:
734 4582 857 4621 nam
904 4567 1201 4622 innumeris
1245 4567 1551 4638 huiusmodi
1592 4570 1857 4641 exemplis
1888 4571 2045 4641 plena
2090 4582 2176 4629 est

592 4662 718 4713 vita.
753 4657 885 4712 Nam
926 4656 971 4712 si
1002 4657 1161 4711 multi
1176 4658 1308 4713 viles
1334 4670 1390 4714 et
1418 4660 1610 4731 abjeeti
1643 4660 1892 4718 homines
1920 4678 2063 4733 saepe
2086 4678 2178 4719 re-

588 4766 684 4820 ges
706 4759 831 4804 sunt
853 4748 1045 4812 ell'ecti,
1074 4746 1202 4820 quid
1221 4749 1414 4804 mirum
1444 4754 1489 4806 si
1522 4767 1588 4807 ex
1611 4754 1818 4824 magnis
1837 4763 1894 4810 et
1917 4754 2169 4825 gloriosis

594 4845 725 4898 tiles
753 4851 807 4897 et
834 4836 1045 4912 inglorii
1076 4851 1204 4898 sunt
1248 4842 1461 4899 elfecti?
1501 4859 1622 4899 nam
1670 4846 1801 4901 illud
1827 4859 1974 4903 certe
2017 4847 2175 4919 longe

588 4935 887 4990 mirabilius
910 4944 995 4991 est
1019 4950 1035 4999 ;
1067 4934 1170 4989 hoc
1196 4951 1326 4991 vero
1356 4945 1685 5007 postremum
1717 4940 2017 5009 sepissime
2037 4954 2172 4996 con-

588 5030 760 5099 tingit.
787 5026 1125 5097 Quapropter
1153 5040 1259 5081 non
1293 5036 1504 5098 oportet
1547 5026 1704 5084 iidem
1746 5044 1853 5083 nou
1882 5030 2170 5094 adhibere,

585 5121 629 5174 si
658 5120 710 5173 in
735 5118 980 5180 artibus.
1012 5116 1066 5171 iu
1109 5115 1297 5171 militia
1323 5127 1379 5172 et
1421 5118 1473 5172 in
1502 5118 1845 5188 pecuniarum
1867 5120 2018 5189 copia
2046 5121 2169 5190 qui-

585 5210 709 5264 dam
737 5222 926 5265 eorum
956 5204 1272 5276 ﬂoruerint;
1316 5208 1428 5265 imo
1471 5211 1713 5267 miserari
1757 5211 2010 5268 convenit
2050 5212 2171 5267 illos

583 5316 703 5357 eunt
726 5298 920 5357 alectu
942 5298 1111 5354 multo
1136 5340 1155 5368 ,
1184 5309 1239 5357 et
1264 5300 1459 5372 quique
1503 5300 1758 5357 debemus
1786 5304 1979 5359 timere
2006 5316 2074 5358 ne
2099 5304 2163 5359 si-

581 5391 727 5449 milia
756 5390 1041 5461 patiamur.
1074 5388 1285 5445 Etenim
1318 5405 1419 5445 nos
1441 5405 1657 5462 quoque
1686 5391 1931 5451 homines
1958 5409 2166 5459 sumus,

577 5492 635 5539 et
660 5480 788 5537 huic
827 5480 993 5537 celeri
1032 5479 1258 5552 subjecti
1304 5482 1606 5537 mutationi.
1643 5481 1749 5538 Sed
1795 5482 2045 5541 fortassis
2095 5499 2163 5542 ex

574 5573 843 5646 improbis
861 5572 1123 5645 quispiam
1147 5613 1164 5641 ,
1194 5574 1285 5645 qui
1313 5573 1539 5632 irridere
1562 5575 1757 5643 solent,
1781 5593 1845 5633 ea
1868 5594 1991 5650 qua:
2019 5579 2161 5636 dicta

576 5675 707 5723 sunt
726 5672 927 5739 carpet,
948 5678 1153 5739 nosque
1177 5665 1399 5724 omnino
1420 5666 1662 5727 tradi-cet
1686 5666 1870 5727 dicens
1895 5688 1910 5724 :
1941 5671 2156 5739 Ouous-

1371 260 1429 318 S.
1460 257 1735 315 JOANNIS
1768 251 2246 315 CHRYSOSTOMI
2283 250 2601 308 ARClllEP.
2639 249 3171 309 CONSTANTINOP.

3778 246 3889 304 1’36

2301 379 2405 438 que
2431 380 2536 419 non
2562 362 2801 419 cessabis
2828 378 3091 434 pauperes
3115 373 3169 419 et
3194 378 3395 435 egenos
3430 376 3645 436 semper
3672 365 3726 419 in
3758 381 3888 420 ora-

2297 462 2500 510 tionem
2553 456 2846 524 indumre,
2891 464 2947 511 et
2974 458 3305 513 calamitates
3347 458 3499 513 nobis
3551 457 3885 529 prmdiccre,

2297 559 2662 619 paupertatem
2691 549 3075 619 przenuntiare,
3109 548 3160 603 id
3185 564 3381 604 curans
3399 559 3457 604 ut
3483 565 3581 605 nos
3599 550 3886 606 mendicos

2295 638 2532 694 efﬁcias?
2558 639 2673 694 Non
2702 655 2901 695 curans
2927 649 2984 695 ut
3007 655 3108 695 vos
3134 638 3409 694 mendicos
3434 641 3663 697 efﬁciam
3682 684 3702 708 ,
3728 642 3888 701 eho-

2297 746 2405 797 mo,
2434 729 2551 787 haec
2570 732 2714 798 dico,
2735 732 2829 788 sed
2852 732 3003 788 vobis
3016 733 3133 788 cteii
3153 731 3370 787 divitias
3399 736 3607 802 aperire
3628 736 3884 790 studens.

2294 823 2428 879 Nam
2454 826 2545 895 qui
2570 827 2711 896 apud
2735 826 2871 881 bene
2898 825 3164 881 valentem
3191 834 3424 896 aegrotos
3448 839 3729 895 memorat,
3758 828 3889 885 illo-

2296 930 2521 986 rumque
2548 916 2765 972 dolores
2786 927 2999 971 enarrat
3023 958 3037 982 ,
3066 932 3174 972 non
3202 927 3258 971 ut
3288 918 3436 971 illum
3462 929 3725 989 aegrotum
3753 921 3888 976 red-

2296 1006 2389 1061 dat
2415 1008 2517 1062 hoc
2544 996 2707 1074 dicit,
2740 1008 2834 1062 sed
2867 1018 2924 1063 ut
2950 1009 3005 1063 in
3033 1010 3260 1062 sanitate
3284 1018 3585 1077 conservet,
3611 1018 3667 1064 et
3688 1025 3887 1065 eorum

2295 1112 2414 1167 qua:
2435 1098 2557 1153 aliis
2574 1099 2882 1154 acciderunt
2899 1099 3091 1155 timore
3123 1098 3280 1167 hujus
3298 1099 3555 1155 incuriam
3572 1101 3888 1170 exscindat,

2297 1188 2577 1244 Terribilis
2605 1190 2758 1244 vobis
2792 1199 3079 1260 paupertas
3120 1190 3331 1246 videtur
3356 1207 3497 1258 esse,
3538 1208 3602 1249 ac
3633 1194 3718 1249 vel
3763 1193 3893 1265 ipso

2298 1280 2516 1334 nomine
2537 1279 2826 1335 horrenda.
2849 1280 2976 1335 Ideo
2997 1296 3227 1351 namque
3247 1296 3508 1352 pauperes
3531 1299 3739 1349 sumus,
3756 1288 3890 1356 quia

2298 1380 2663 1439 paupertatem
2709 1372 2960 1426 timemus
2981 1413 2998 1437 ,
3026 1364 3235 1427 etiamsi
3279 1372 3427 1428 mille
3457 1373 3653 1430 talenta
3681 1378 3889 1431 habea-

2297 1476 2437 1516 mus.
2470 1462 2585 1517 Non
2616 1462 2759 1518 enim
2802 1464 2847 1518 is
2876 1466 2965 1534 qui
2998 1464 3127 1519 nihil
3158 1465 3318 1520 habet
3343 1482 3546 1538 pauper
3572 1481 3677 1535 est,
3709 1470 3809 1525 sed
3843 1472 3889 1525 is

2296 1554 2385 1623 qui
2416 1564 2778 1624 paupertatem
2815 1554 3148 1611 exhorreseit
3179 1574 3193 1610 :
3219 1559 3468 1627 quoniam
3496 1568 3549 1613 et
3576 1559 3627 1613 in
3658 1561 3888 1615 calami-

2299 1645 2495 1698 tatibus
2538 1659 2644 1699 non
2674 1660 2771 1702 eos
2792 1684 2809 1709 ,
2837 1647 2927 1715 qui
2975 1647 3257 1701 innumera
3284 1649 3559 1719 patiuntur
3592 1653 3756 1716 mala,
3786 1653 3890 1707 dc-

2298 1736 2571 1805 ploramus
2597 1746 2653 1791 et
2690 1737 2920 1791 miseros
2966 1740 3335 1794 existimamus
3356 1781 3373 1807 ,
3402 1742 3495 1795 sed
3526 1758 3621 1797 eos
3651 1745 3743 1813 qui
3794 1746 3891 1800 illa

2298 1826 2443 1882 ferre
2470 1828 2747 1893 nesciant,
2775 1829 2985 1885 etiamsi
3012 1830 3219 1885 modica
3248 1832 3375 1884 sint.
3413 1830 3610 1899 Contra
3641 1850 3769 1889 vero
3806 1836 3853 1890 is
3875 1877 3889 1902 ,

2297 1920 2389 1989 qui
2420 1920 2506 1974 illa
2538 1921 2643 1975 scit
2674 1921 2947 1989 patienter
2978 1921 3118 1977 ferre
3138 1962 3154 1988 ,
3201 1930 3257 1977 et
3299 1924 3516 1977 coronis
3544 1935 3598 1979 et
3637 1924 3894 1980 laudibus

2296 2010 2488 2082 dignus
2517 2022 2620 2068 est.
2650 2012 2719 2067 Et
2744 2012 2887 2083 quod
2917 2013 3019 2069 hoc
3049 2015 3120 2068 ita
3147 2029 3206 2070 se
3236 2014 3465 2082 habeat,
3500 2018 3551 2071 in
3572 2020 3892 2073 certamini-

2299 2103 2396 2157 bus
2419 2118 2679 2173 quosnam
2696 2103 3010 2160 laudamus?
3030 2118 3197 2160 eosne
3221 2106 3309 2175 qui
3340 2107 3563 2162 multum
3591 2109 3895 2163 verberan-

2299 2200 2418 2256 tur.
2468 2209 2567 2248 nec
2592 2194 2776 2272 dolent
2798 2234 2814 2259 ,
2848 2194 2941 2249 sed
2972 2207 3154 2250 erecto
3194 2197 3337 2253 collo
3378 2207 3651 2267 perstant;
3695 2216 3762 2254 an
3795 2216 3895 2256 eos

2296 2286 2385 2355 qui
2415 2295 2539 2354 post
2560 2287 2761 2356 primas
2810 2287 2990 2357 plagas
3018 2286 3265 2357 fugiunt?
3292 2305 3471 2345 annon
3521 2293 3641 2350 ilics
3670 2296 3894 2363 quidem

2295 2391 2640 2442 coronamus,
2666 2384 2937 2446 tamquam
2961 2376 3129 2433 fortes
3147 2381 3431 2449 magnique
3451 2382 3611 2436 animi
3637 2424 3652 2448 ,
3676 2384 3777 2437 bos
3797 2402 3895 2441 au-

2297 2478 2405 2522 tem
2430 2468 2717 2524 irridemus
2738 2510 2753 2534 ,
2782 2479 2841 2524 ut
2872 2470 3093 2540 ignavos
3121 2479 3177 2526 et
3206 2471 3461 2527 timidos?
3486 2473 3574 2530 Sic
3599 2490 3731 2546 ergo
3758 2489 3815 2532 et
3841 2480 3894 2533 in

2296 2560 2455 2629 hujus
2508 2562 2607 2616 via:
2660 2561 2821 2617 rebus
2863 2563 3313 2620 faciamuszeum
3360 2567 3451 2636 qui
3501 2567 3656 2624 facile
3706 2571 3894 2626 omnia

2294 2652 2527 2707 sustinet
2555 2667 2878 2709 coronemus
2896 2695 2914 2719 ,
2941 2663 2999 2709 ut
3024 2664 3079 2709 et
3112 2656 3257 2710 illum
3282 2658 3470 2712 fortem
3493 2659 3544 2712 in
3571 2652 3718 2715 omni
3766 2678 3891 2717 cer-

2295 2743 2498 2798 tamine
2540 2745 2758 2811 virum;
2808 2744 2952 2801 hunc
2992 2762 3125 2802 vero
3176 2749 3418 2803 timidum
3471 2760 3527 2805 et
3574 2752 3642 2807 ad
3696 2769 3892 2823 aspera

2294 2845 2613 2891 trementem
2638 2836 2951 2903 deﬂeamus,
2970 2839 3061 2909 qui
3081 2849 3366 2910 antequam
3393 2842 3606 2912 plagam
3635 2847 3890 2918 accipiat,

2294 2941 2405 2997 prae
2423 2926 2707 2984 formidine
2728 2928 3101 3000 exstinguitur.
3125 2931 3341 2987 Etenim
3360 2933 3413 2987 in
3433 2936 3826 2995 certaminibus
3845 2938 3893 2993 si

2292 3017 2413 3089 quis
2434 3027 2723 3089 antequam
2763 3035 2953 3076 manus
2987 3024 3245 3085 extollat,
3282 3024 3652 3079 adversarium
3691 3028 3890 3085 videns

2293 3108 2566 3163 dexteram
2584 3111 2983 3175 extendentem,
3007 3112 3475 3186 fugiatantequam
3498 3118 3709 3190 plagam
3740 3124 3892 3177 acci-

2302 3200 2444 3268 piat,
2469 3201 2723 3256 ridieulus
2759 3203 2897 3268 erit,
2937 3212 2999 3258 ut
3017 3215 3305 3261 enervatus
3342 3217 3397 3262 et
3452 3211 3627 3265 mollis
3646 3213 3780 3267 etin
3803 3213 3890 3270 his

2293 3291 2567 3347 laboribus
2614 3293 2918 3364 imperitus.
2978 3294 3047 3352 Ut
3089 3297 3251 3352 etiam
3297 3299 3491 3354 accidit
3532 3303 3595 3356 iis
3622 3306 3715 3373 qui
3749 3322 3890 3375 pau—

2292 3394 2549 3453 pertatem
2598 3387 2785 3442 timent
2804 3429 2819 3455 ,
2849 3396 2907 3442 et
2934 3404 3002 3443 ne
3031 3388 3149 3459 ejus
3178 3391 3393 3461 quidem
3426 3398 3888 3462 exspectationem

2290 3476 2431 3531 ferre
2461 3490 2704 3546 possunt.
2737 3479 2854 3533 Non
2882 3495 3012 3550 ergo
3042 3496 3139 3535 nos
3172 3497 3266 3537 vos
3299 3485 3529 3539 miseros
3556 3486 3840 3544 reddimus
3864 3530 3881 3555 ,

2289 3566 2386 3620 scd
2410 3582 2508 3620 vos
2533 3568 2631 3636 ipsi
2662 3567 2715 3622 id
2746 3568 2938 3624 facitis.
2971 3570 3254 3638 Quomodo
3284 3574 3425 3628 enim
3455 3589 3563 3629 non
3598 3576 3693 3630 tibi
3722 3577 3884 3634 dein-

2289 3673 2417 3727 ceps
2449 3658 2636 3715 illudet
2664 3660 2945 3728 diabolus,
2976 3679 3135 3732 quem
3160 3675 3286 3720 ante
3313 3667 3520 3736 plagam
3548 3669 3726 3725 minas
3759 3682 3885 3726 tan-

2289 3758 2399 3805 tum
2445 3753 2891 3822 conspicientem,
2940 3755 3085 3810 videt
3136 3756 3512 3813 formidantem
3566 3771 3728 3831 atque
3774 3774 3887 3818 tre-

2286 3844 2559 3898 mentem?
2586 3845 2697 3900 imo
2726 3862 2855 3900 vero
2877 3862 2996 3900 eum
3024 3855 3079 3901 tu
3100 3847 3203 3902 hoc
3224 3859 3377 3919 putes
3401 3864 3523 3905 esse
3544 3852 3737 3916 minas.
3771 3871 3884 3911 non

2286 3936 2391 3989 erit
2420 3935 2494 3989 illi
2522 3950 2657 4005 opus
2684 3945 2741 3991 ut
2772 3948 2824 3991 te
2850 3938 3115 4007 percutiat
3143 3954 3158 4004 ;
3188 3939 3282 3994 sed
3307 3940 3489 3995 sinens
3516 3950 3568 3996 te
3597 3944 3883 4011 possidere

2286 4024 2497 4080 divitias
2519 4066 2533 4090 ,
2566 4040 2637 4080 ex
2664 4026 2857 4081 timore
2897 4043 2963 4081 ne
2991 4030 3302 4083 auferantur
3324 4038 3377 4085 te
3415 4046 3539 4087 cera
3566 4032 3880 4091 molliorem

2287 4116 2499 4171 reddet.
2533 4117 2607 4172 Ea
2637 4120 2783 4174 enim
2823 4135 3009 4177 sumus
3036 4132 3245 4188 natura,
3281 4132 3337 4178 ut
3368 4125 3437 4178 ita
3465 4123 3637 4179 dicam
3660 4168 3674 4192 ,
3711 4137 3772 4182 ut
3814 4144 3878 4184 ea

2283 4224 2402 4279 quae
2448 4210 2901 4279 pertimescimus,
2943 4221 3225 4284 postquam
3274 4230 3335 4270 ea
3371 4216 3611 4286 perpessi
3644 4218 3875 4287 sumus,

2284 4316 2393 4357 non
2422 4302 2495 4356 ita
2527 4302 2783 4358 terribilia
2804 4305 3200 4373 existimemus,
3230 4316 3286 4361 ut
3318 4318 3444 4365 ante
3470 4326 3629 4379 quam
3656 4316 3877 4382 experi-

2282 4403 2522 4449 mentum
2552 4394 2871 4450 faceremus.
2920 4394 2990 4451 Ut
3020 4412 3087 4452 ne
3112 4412 3242 4468 ergo
3269 4397 3408 4455 hanc
3448 4400 3698 4457 virtutem
3731 4404 3875 4459 obti-

2281 4498 2433 4552 neas,
2462 4484 2515 4539 in
2541 4500 2754 4540 summo
2783 4496 2833 4540 te
2862 4485 3067 4541 detinet
3091 4488 3302 4553 timore,
3320 4499 3481 4559 atque
3502 4502 3628 4547 ante
3654 4498 3871 4562 experi-

2280 4585 2521 4631 mentum
2539 4592 2605 4632 ex
2628 4578 2953 4647 paupertatis
2969 4586 3113 4633 metu
3138 4588 3189 4634 te
3204 4580 3354 4650 quasi
3378 4596 3557 4637 ceram
3575 4584 3871 4651 liquefacit.

2277 4664 2411 4721 Nam
2434 4669 2556 4724 talis
2581 4670 2741 4725 homo
2758 4686 2883 4726 cera
2899 4672 3084 4741 quavis
3106 4672 3319 4727 mollior
3331 4682 3431 4740 est,
3456 4684 3511 4730 et
3531 4675 3869 4731 miseriorem

2280 4771 2436 4827 quam
2452 4759 2651 4815 Cainus
2664 4762 2828 4816 vitam
2849 4761 3016 4827 ducit,
3043 4778 3140 4832 pro
3161 4764 3224 4820 iis
3248 4780 3367 4835 qua:
3388 4765 3623 4834 possidet
3647 4765 3866 4830 timens,

2279 4856 2335 4903 et
2361 4847 2431 4903 de
2453 4848 2519 4903 iis
2538 4864 2657 4919 qua)
2682 4866 2791 4905 nou
2822 4852 2983 4908 habet
3007 4854 3196 4928 dolens
3227 4873 3240 4909 :
3267 4865 3324 4911 et
3350 4870 3447 4923 pro
3475 4854 3540 4908 iis
3564 4870 3682 4924 quae
3702 4857 3867 4911 habet

2277 4954 2493 4995 rursum
2536 4950 2807 5015 tremens,
2841 4952 3027 5014 utpote
3070 4945 3318 5016 fugitivos
3345 4953 3403 4999 et
3443 4944 3674 5015 ingratas
3719 4948 3864 5003 intus

2277 5033 2521 5089 retinens
2550 5034 2768 5091 divitias
2789 5077 2805 5103 ,
2838 5045 2999 5107 atque
3040 5038 3202 5093 variis
3230 5036 3578 5109 absordisque
3604 5043 3863 5096 obsessus

2276 5126 2576 5184 aﬂectibus.
2614 5127 2826 5185 Etenim
2863 5130 3128 5199 cupiditas
3170 5128 3423 5197 absurda,
3457 5133 3616 5189 timor
3660 5133 3861 5194 varius,

2276 5233 2447 5292 angor
2489 5222 2692 5288 animi,
2731 5233 2785 5277 et
2828 5231 3031 5277 tremor
3056 5220 3292 5292 undique
3329 5239 3519 5283 avaros
3544 5228 3857 5297 exagitant:

2273 5311 2587 5382 similesque
2612 5322 2737 5367 sunt
2762 5310 3023 5367 navicula:
3048 5310 3279 5382 undique
3316 5330 3347 5369 a
3377 5317 3663 5371 contrariis
3686 5314 3856 5369 ventis

2274 5401 2514 5470 agitatur,
2542 5410 2601 5457 et
2636 5400 3057 5457 ﬂuctuemultos
3085 5405 3388 5462 sustinenti.
3424 5408 3489 5461 Et
3516 5413 3715 5475 quanto
3740 5421 3855 5460 me-

2274 5491 2378 5549 lius
2403 5502 2547 5549 esset
2587 5492 2894 5563 hujusmodi
2922 5491 3194 5552 hominem
3223 5498 3503 5562 decedere,
3551 5512 3711 5567 quam
3739 5515 3856 5570 pero

2272 5595 2485 5657 petuam
2512 5585 2658 5641 ferre
2679 5589 3089 5655 tempestatem?
3112 5588 3246 5644 Nam
3261 5600 3318 5645 et
3337 5590 3503 5645 Caino
3524 5589 3856 5648 tolerabilius

2281 5687 2398 5735 erat
2422 5678 2582 5746 mori,
2603 5692 2761 5746 quam
2783 5688 3040 5750 perpetuo
3055 5690 3304 5736 uerum.
