4086 6340
257 351 367 409 ΞΠ

336 468 581 524 Pecunia
626 471 943 538 spernenda.
966 465 1145 529 --7Ne
1177 482 1307 540 ergo
1342 485 1442 525 nos
1464 484 1676 543 quoque
1716 467 1843 526 talia

253 567 549 625 patiamur,
582 554 780 614 diaboli
824 557 1099 615 machinas
1144 559 1483 634 irrideamus,
1530 561 1647 631 ejus
1688 560 1842 617 tones

249 645 587 718 frangamus,
620 648 991 721 dirumpamus
1019 652 1197 721 gravis
1227 651 1427 708 lancem
1452 653 1759 723 cuspidem,
1785 663 1842 710 et

247 753 477 793 omnem
516 740 567 796 ei
594 740 799 797 aditum
837 742 1274 800 intercludamus.
1304 744 1360 800 Si
1400 746 1544 800 enim
1586 748 1840 815 pecunias

250 830 519 896 irriseris,
548 845 654 887 non
678 831 841 888 habet
863 847 971 904 quo
998 843 1048 890 te
1071 834 1353 907 percutiat,
1387 851 1491 890 non
1519 835 1679 893 habet
1701 838 1841 893 unde

244 920 624 990 apprehendat
658 940 672 979 :
702 938 825 980 nam
866 924 1101 982 radicem
1142 928 1383 983 evulsisti
1413 928 1677 984 maiorum
1705 946 1720 995 ;
1750 946 1839 985 ra-

244 1009 374 1068 dice
402 1027 531 1069 vero
550 1014 783 1081 sublata,
818 1031 991 1087 neque
1032 1017 1209 1072 malus
1245 1020 1585 1089 germinabit
1608 1019 1833 1075 fructus.

243 1100 383 1158 Bac
406 1116 621 1175 semper
638 1105 902 1171 dicamus,
919 1116 976 1162 et
996 1108 1155 1163 ﬁnem
1178 1108 1387 1164 dicendi
1411 1125 1516 1165 non
1542 1110 1797 1166 iaciamus
1822 1130 1838 1167 :

244 1209 320 1248 an
350 1210 486 1251 vero
506 1196 749 1254 dicentes
776 1198 973 1270 aliquid
1003 1200 1365 1269 proﬁciamus,
1389 1202 1509 1258 dies
1536 1204 1627 1260 ille
1653 1215 1837 1259 osten-

245 1285 366 1351 det,
408 1282 502 1357 qui
530 1287 583 1341 in
614 1289 735 1359 igne
765 1289 1108 1357 revelabitur,
1138 1292 1229 1362 qui
1261 1293 1680 1365 uniuscujusque
1704 1311 1839 1366 opus

241 1377 579 1446 expiorabit,
609 1379 700 1450 qui
744 1378 1018 1450 lampadas
1062 1383 1310 1438 ostendet
1355 1384 1600 1439 lucentes
1644 1394 1699 1441 et
1743 1401 1841 1442 eas

239 1483 368 1535 qua
404 1468 539 1524 tales
562 1485 669 1527 non
690 1479 835 1525 sunt.
859 1470 1008 1527 Tunc
1024 1473 1338 1530 manifestus
1354 1476 1461 1531 erit
1483 1477 1529 1531 is
1544 1478 1634 1547 qui
1661 1477 1838 1533 oleum

238 1558 432 1621 habet.
465 1569 520 1617 et
548 1562 596 1615 is
625 1565 713 1631 qui
742 1578 850 1620 non
880 1563 1063 1620 habet.
1090 1565 1198 1622 Sed
1237 1566 1368 1622 faxit
1395 1569 1535 1623 Deus
1563 1578 1621 1623 ut
1661 1570 1837 1625 nullus

1279 352 1348 410 IN
1384 345 1595 413 EPIST.
1637 355 1677 410 1.
1719 356 1810 409 AD
1848 355 2003 412 COR.
2048 355 2276 414 liOMlL.
2320 360 2510 444 XXXI.

1952 480 2077 526 tunc
2104 476 2405 548 reperiatur
2434 479 2524 534 tali
2555 496 2754 538 vacuus
2776 487 3186 558 consolatione;
3214 493 3308 549 sed
3337 505 3394 551 ut
3416 512 3534 554 om-

1950 574 2049 619 nes
2077 564 2277 637 largam
2300 567 2681 645 benignitatem
2712 575 2957 645 efferant,
2986 590 3041 635 et
3067 582 3240 639 claras
3270 584 3532 647 habentes

1949 654 2246 735 lampadas,
2288 675 2393 714 una
2421 677 2546 717 eum
2577 680 2778 734 sponso
2820 669 3041 727 intrent.
3088 673 3178 729 Illa
3215 680 3365 734 certe
3392 696 3532 739 voce

1948 747 2085 802 nihil
2113 749 2439 821 terribilius,
2472 755 2602 811 nihil
2632 759 2875 828 asperius
2898 772 3003 828 est,
3031 780 3189 835 quam
3222 775 3348 824 tunc
3368 770 3527 826 audi-

1952 840 2052 893 turi
2078 849 2202 895 sunt
2233 842 2290 908 ii,
2318 844 2409 913 qui
2434 845 2554 917 sine
2583 847 2724 918 larga
2746 852 3085 925 eieemosyna
3114 856 3237 912 hinc
3262 842 3531 930 demigra-

1948 938 2093 992 runt,
2138 930 2351 987 dicente
2394 949 2614 1004 sponso.
2658 936 2850 994 Nescio
2896 958 2984 998 vos
3013 944 3032 1014 (
3056 943 3359 1005 Han/Lis.
3389 950 3456 1005 12
3478 951 3524 1021 ).

1948 1020 2100 1072 Absit
2142 1030 2320 1077 autem
2352 1033 2412 1078 ut
2456 1025 2593 1081 hanc
2616 1029 2894 1086 audiamus
2922 1048 3131 1101 vocem,
3163 1020 3525 1095 sedsuavissi-

1947 1124 2088 1163 lllalll
2121 1111 2264 1167 illam
2294 1124 2349 1168 et
2389 1130 2596 1173 summe
2638 1122 2989 1191 expetendam
3025 1145 3039 1181 :
3085 1125 3529 1196 Venite,benedieti

1948 1203 2124 1259 Patris
2149 1209 2265 1274 mei,
2294 1211 2547 1289 possidete
2568 1224 2798 1282 paratum
2824 1217 2960 1270 vobis
2980 1233 3194 1290 regnant
3217 1238 3249 1274 a
3281 1224 3529 1279 constitu-

1948 1297 2081 1352 tione
2106 1301 2285 1353 mundi
2327 1300 2487 1372 (Ibid.
2518 1320 2565 1355 υ.
2597 1305 2713 1373 54).
2745 1306 2834 1363 Sic
2860 1310 3001 1363 enim
3030 1311 3239 1367 beatam
3268 1312 3529 1373 ducemus

1948 1389 2136 1455 vitam,
2167 1400 2221 1444 et
2253 1394 2503 1449 omnibus
2542 1409 2786 1452 truemur
2812 1399 2988 1467 bonis,
3020 1417 3138 1472 quae
3164 1414 3396 1461 mentem
3423 1406 3529 1464 bu-

1947 1493 2159 1535 manam
2180 1494 2533 1551 exsuperant:
2555 1502 2674 1556 qum
2689 1503 2790 1543 nos
2799 1505 2987 1546 omnes
3000 1495 3212 1565 assequi
3227 1478 3522 1569 contingat,

1946 1572 2113 1643 gratia
2135 1582 2195 1629 et
2214 1574 2559 1648 benignitate,
2582 1590 2687 1637 etc.

1544 1820 1894 1884 HOMILIA
1938 1820 2187 1884 XXXI.

238 1957 375 2013 Car.
402 1954 487 2013 13.
522 1974 577 2013 ν.
600 1959 661 2015 2i
677 1999 690 2012 .
722 1958 845 2014 Non
874 1971 1035 2031 potest
1058 1972 1226 2017 autem
1251 1966 1430 2019 oculus
1455 1966 1624 2022 dicere
1640 1964 1832 2029 mansti,

313 2046 490 2118 Opera
527 2060 615 2103 tua
658 2066 759 2106 non
801 2050 1046 2121 indigeo;
1086 2063 1174 2107 aut
1197 2054 1381 2108 iterum
1407 2065 1563 2127 caput
1595 2056 1825 2127 pedibus,

313 2136 438 2191 Non
468 2138 588 2192 estis
616 2140 739 2193 mihi
770 2142 1059 2196 necessarii.

311 2230 365 2282 1.
406 2227 695 2309 Postquam
733 2232 997 2287 minorum
1033 2233 1285 2290 invidiam
1317 2247 1671 2306 represserat,
1704 2239 1828 2294 ilio-

242 2337 473 2393 rumque
500 2310 791 2380 maerorem
822 2325 1151 2394 abstulerat,
1178 2344 1336 2399 quem
1369 2331 1683 2401 concepisse
1707 2331 1828 2388 illos

236 2412 535 2489 verisimile
560 2426 677 2471 erat
704 2431 771 2472 ex
810 2432 907 2483 eo,
950 2418 1090 2489 quod
1117 2421 1206 2475 alii
1237 2421 1528 2490 majoribus
1562 2422 1717 2478 donis
1742 2423 1834 2479 (ιε-ν

234 2502 388 2574 gnati
437 2505 661 2562 inissent
692 2550 717 2579 ,h
738 2508 927 2563 horum
959 2508 1153 2567 fastum
1180 2513 1468 2583 deprimit,
1498 2516 1585 2585 qui
1618 2515 1823 2586 majora

231 2594 378 2675 dona
406 2606 747 2666 acceperant.
774 2600 1017 2671 Cumque
1046 2601 1150 2657 hoc
1182 2602 1431 2671 fecisset,
1464 2606 1677 2676 quando
1703 2596 1835 2670 cum

231 2672 670 2743 illis'disserehat
695 2689 717 2759 (
738 2688 919 2746 dicere
945 2693 1109 2758 enim,
1154 2695 1283 2749 illud
1315 2711 1434 2752 esse
1475 2672 1672 2752 donum
1701 2695 1824 2768 gra-é

232 2779 455 2846 tuitum,
475 2790 530 2833 et
555 2795 662 2835 non
685 2770 882 2837 bonum
908 2799 1066 2853 opus,
1092 2785 1193 2841 hoc
1218 2796 1405 2857 aperte
1432 2788 1820 2860 signiﬁcabat):

230 2884 383 2925 nunc
403 2881 585 2926 autem
613 2871 842 2943 idipsum
867 2873 1237 2932 vehementius
1261 2878 1403 2945 facit,
1424 2880 1476 2933 in
1503 2882 1691 2935 eadem
1718 2896 1825 2936 ma-

232 2976 369 3015 nens
396 2961 656 3039 tmagine:
675 2979 708 3018 a
731 2978 958 3035 corpore
983 2969 1126 3022 enim
1153 2977 1209 3024 et
1226 2970 1293 3026 ab
1322 2971 1563 3041 ejusdem
1597 2974 1820 3041 unitate,

229 3050 299 3105 ad
323 3051 497 3121 ipsam
525 3054 888 3111 membrorum
905 3061 1360 3129 comparationem
1392 3065 1657 3133 procedit:
1678 3067 1822 3145 quod

233 3142 336 3208 ipsi
379 3144 614 3203 maxime
654 3145 861 3201 discere
888 3149 1184 3217 optabant;
1216 3153 1338 3223 quia
1367 3154 1433 3208 ad
1480 3156 1600 3211 illos
1627 3142 1822 3214 conso-

232 3232 425 3289 landos
443 3250 547 3289 non
566 3244 747 3306 aptum
769 3247 883 3293 erat
904 3239 1051 3306 illud,
1066 3242 1205 3311 quod
1223 3259 1413 3301 omnes
1434 3262 1596 3303 unum
1624 3261 1821 3319 corpus

230 3334 455 3391 essent;
485 3341 644 3397 quam
668 3343 787 3383 cum
814 3330 1107 3399 discerent,
1131 3348 1192 3391 se
1215 3336 1266 3389 in
1306 3337 1373 3392 iis
1400 3354 1518 3409 quae
1556 3328 1822 3406 habebant

233 3420 341 3473 non
385 3418 676 3476 admodum
730 3423 1013 3480 interiores
1051 3441 1191 3482 esse.
1239 3428 1309 3484 Et
1351 3431 1466 3485 ait:
1496 3430 1619 3487 Non
1660 3444 1819 3504 potest

229 3522 402 3565 autem
444 3513 623 3567 oculus
663 3516 832 3571 dicere
868 3519 1063 3585 manui,
1111 3518 1279 3591 Opera
1317 3533 1406 3576 tua
1448 3540 1548 3578 non
1576 3525 1818 3598 indigeo;

228 3614 319 3656 aut
362 3605 549 3658 iterum
584 3617 743 3677 caput
781 3610 1009 3680 pedibus,
1047 3609 1170 3665 Non
1209 3614 1328 3668 estis
1374 3615 1500 3668 mihi
1525 3619 1815 3672 necessarii.

230 3694 365 3749 Nam
394 3696 494 3749 etsi
527 3696 726 3752 dunum
754 3700 825 3754 sit
854 3701 1028 3755 minus
1054 3742 1068 3765 ,
1114 3711 1171 3756 at
1210 3707 1570 3761 necessarium
1608 3717 1733 3763 est:
1763 3719 1819 3765 et

228 3788 373 3843 sicut
399 3786 603 3858 absque
632 3790 721 3845 illo
748 3793 915 3846 multa
942 3802 1067 3848 sunt
1098 3795 1476 3865 impedimenta
1501 3840 1516 3864 ,
1548 3799 1620 3855 ita
1654 3801 1816 3857 etiam

229 3878 349 3933 sine
381 3878 482 3933 hoc
514 3879 785 3949 plenitudo
814 3882 1067 3939 Ecclesiae
1096 3885 1382 3942 claudicat.
1428 3886 1612 3959 Neque
1640 3890 1811 3959 dixit,

230 3966 348 4023 Non
378 3968 543 4034 dicet,
568 3970 683 4034 sed,
712 3970 835 4026 Non
863 3984 1027 4044 potest
1045 3976 1247 4041 dicere;
1280 3978 1350 4033 ita
1377 3990 1453 4045 ut,
1485 3981 1696 4037 etiamsi
1724 3999 1817 4039 v0-

228 4060 411 4127 inerit,
453 4062 662 4117 etiamsi
690 4063 907 4131 dixerit,
962 4081 1068 4121 non
1111 4067 1303 4133 valeat,
1344 4085 1520 4141 neque
1560 4087 1647 4128 res
1694 4088 1812 4129 eam

229 4151 426 4208 habeat
464 4166 729 4212 naturain.
762 4156 887 4213 ideo
910 4158 1018 4216 duo
1054 4169 1291 4216 extrema
1321 4177 1622 4231 assumens,
1666 4166 1719 4221 in
1750 4169 1814 4224 iis

227 4256 535 4301 sermonem
555 4258 770 4303 exercet
800 4267 812 4301 :
845 4251 1017 4319 primo
1041 4250 1256 4320 quidem
1278 4250 1349 4307 de
1370 4269 1530 4309 manu
1555 4265 1611 4311 et
1633 4257 1809 4323 oculo,

228 4334 468 4391 secundo
494 4348 674 4406 autem
715 4340 781 4395 de
808 4340 983 4411 capite
1009 4351 1064 4397 et
1089 4342 1225 4413 pede
1245 4385 1259 4409 ,
1288 4346 1590 4414 exemplum
1615 4350 1810 4422 ampli:

226 4429 416 4481 ticans.
449 4427 587 4494 Quid
618 4430 763 4488 enim
795 4433 933 4502 pede
964 4434 1168 4490 vilius?
1194 4446 1285 4491 aut
1310 4439 1436 4508 quid
1466 4440 1641 4510 capite
1676 4459 1811 4511 pne-

224 4520 457 4574 stantius
498 4530 552 4575 et
590 4525 758 4593 magis
802 4529 1209 4583 neeesSarium?
1249 4528 1351 4585 hoc
1395 4534 1539 4587 enim
1581 4536 1810 4591 maxime

226 4611 393 4667 homo
417 4620 499 4667 est
523 4652 538 4680 ,
577 4628 767 4683 nempe
796 4624 978 4685 caput.
1024 4616 1271 4673 Attamen
1300 4636 1405 4675 non
1432 4633 1515 4678 est
1538 4624 1637 4679 sibi
1662 4626 1810 4680 suni-

222 4705 374 4756 ciens
394 4746 409 4770 ,
439 4719 609 4775 neque
634 4706 809 4759 omnia
844 4706 1100 4774 perﬁcere
1131 4709 1319 4777 possit.
1344 4710 1473 4766 Nam
1518 4716 1564 4766 si
1586 4712 1694 4769 hoc
1720 4732 1807 4771 es-

223 4780 329 4859 set,
360 4811 751 4867 supervacanee
791 4798 944 4853 nobis
974 4798 1138 4871 pedes
1165 4801 1359 4870 adjecti
1394 4813 1593 4859 essent.
1622 4806 1804 4877 Neque

226 4895 402 4939 tamen
436 4888 520 4944 hic
546 4887 801 4956 substitit,
834 4889 926 4945 sed
961 4902 1015 4945 et
1040 4892 1195 4945 aliam
1228 4894 1418 4963 quaerit
1446 4894 1797 4967 hyperbolen,

224 4974 278 5029 id
308 4978 447 5047 quod
478 4994 691 5051 semper
719 4982 861 5050 facit,
888 4999 991 5037 non
1016 4997 1182 5052 usque
1205 4985 1271 5038 ad
1300 4986 1655 5055 aequalitatem
1682 5004 1803 5046 con-

222 5068 486 5134 tendens,
533 5074 628 5127 sed
670 5076 831 5129 etiam
880 5076 1102 5131 ulterius
1150 5078 1517 5146 progrediens.
1569 5079 1803 5153 ideoque

220 5159 490 5231 subjunglt
515 5161 701 5219 dicens
729 5183 743 5219 :
788 5165 878 5221 22.
909 5167 1015 5223 Sed
1040 5167 1197 5222 multo
1234 5169 1394 5238 magis
1428 5186 1543 5239 qua:
1569 5173 1803 5229 videntur

220 5253 446 5308 membra
475 5254 703 5322 corporis
724 5255 965 5324 inferiora
995 5275 1121 5326 esse,
1153 5259 1496 5320 necessariam
1520 5273 1638 5317 sunt
1660 5281 1679 5318 :
1704 5263 1797 5321 εδ.

218 5355 268 5397 et
304 5359 417 5414 qua
441 5352 675 5413 putamus
702 5345 1009 5414 ignobiliora
1044 5367 1151 5404 esse
1190 5349 1408 5403 membra
1446 5356 1675 5423 corporis
1694 5398 1708 5420 ,
1736 5357 1799 5411 iis

219 5436 461 5490 honorem
488 5434 909 5489 abundantiorem
933 5439 1307 5495 circumdamus
1330 5457 1349 5494 :
1379 5452 1423 5495 et
1450 5457 1563 5510 qua
1582 5444 1796 5499 inhone-

217 5529 373 5581 stiora
401 5538 517 5583 sunt
558 5537 761 5594 nostra,
790 5527 1208 5585 abundantiorem
1242 5534 1546 5587 honestatem
1574 5534 1795 5604 habent;

221 5618 413 5689 ubique
440 5620 799 5681 accessionem
829 5621 1070 5689 corporis
1113 5636 1350 5690 ponens,
1383 5633 1437 5679 et
1463 5622 1561 5677 hac
1591 5625 1797 5681 ratione

217 5709 361 5765 illum
394 5722 617 5780 quoque
640 5712 931 5770 consolans
975 5721 1028 5766 ct
1067 5712 1207 5767 hunc
1244 5715 1625 5783 comprimens.
1675 5710 1796 5772 Non

1942 1965 2085 2019 enim
2114 1966 2220 2023 hoc
2246 1967 2386 2035 dico,
2419 1971 2630 2041 inquit,
2660 1974 2803 2044 quod
2835 1978 3037 2049 majora
3064 1980 3363 2040 minoribus
3387 2000 3525 2056 opus

1936 2054 2204 2126 habeant,
2248 2060 2342 2116 sed
2374 2064 2533 2118 etiam
2570 2067 2713 2135 quod
2742 2070 2965 2126 multum
2992 2086 3129 2143 opus
3165 2054 3439 2133 habeant;
3464 2079 3521 2135 Si

1934 2148 2061 2217 quid
2088 2151 2232 2231 enim
2263 2152 2531 2210 inﬁrmum
2556 2157 2611 2210 in
2632 2158 2787 2213 nobis
2809 2169 2911 2226 est,
2939 2162 2982 2217 si
3003 2164 3130 2235 quid
3158 2166 3518 2235 inhonestum,

1934 2239 2036 2295 hoc
2058 2250 2115 2297 et
2139 2230 2502 2301 necessarium
2532 2255 2636 2313 est,
2665 2258 2720 2304 et
2748 2250 2935 2321 majori
2965 2230 3161 2311 fruitur
3191 2256 3413 2316 honore.
3444 2230 3522 2318 Ac

1930 2340 2080 2388 recte
2102 2332 2239 2389 dixit
2262 2376 2279 2409 ,
2312 2335 2439 2402 Qua
2478 2337 2730 2405 videntur,
2761 2348 2847 2404 et,
2880 2341 3009 2409 Qua
3032 2355 3311 2414 petamus;
3338 2360 3521 2405 osten-

1930 2419 2066 2478 dens
2094 2439 2200 2478 non
2228 2439 2292 2479 ex
2325 2433 2513 2480 natura
2544 2442 2746 2495 rerum,
2779 2430 2872 2486 sed
2900 2447 2965 2487 ex
2995 2434 3285 2493 multorum
3312 2440 3521 2495 calculo

1931 2517 2252 2571 sententiam
2278 2518 2420 2573 ferri.
2451 2518 2591 2574 Nihil
2616 2522 2667 2575 in
2693 2522 2845 2578 nobis
2868 2525 3099 2595 ignobile
3124 2528 3266 2584 :-Dei
3290 2546 3521 2603 namque

1930 2620 2067 2674 Opus
2092 2616 2196 2663 est.
2228 2608 2364 2676 Quid
2396 2611 2537 2665 enim
2566 2613 2804 2680 partibus
2832 2616 3152 2684 genitalibus
3177 2620 3231 2675 in
3259 2621 3413 2677 nobis
3440 2624 3521 2678 vi-

1930 2688 2087 2752 detur
2115 2700 2451 2757 inhonestins
2471 2704 2634 2759 esse?
2656 2706 2906 2761 Attamen
2932 2695 3187 2780 majorem
3214 2726 3517 2786 assequun-

1930 2797 2015 2842 tur
2036 2788 2293 2846 honorem
2323 2811 2338 2849 :
2368 2803 2423 2848 et
2441 2795 2530 2866 qui
2552 2790 2839 2852 admodum
2864 2786 3125 2871 pauperes
3143 2816 3288 2873 sunt,
3306 2808 3518 2865 etiamsi

1927 2880 2188 2951 reliquum
2204 2897 2400 2953 corpus
2420 2884 2619 2940 nudum
2644 2886 2898 2952 habeant,
2930 2906 3219 2962 numquam
3247 2897 3518 2966 patiantur

1927 2972 2090 3028 hasce
2120 2986 2298 3045 partes
2326 2976 2498 3033 nudas
2520 2965 2824 3035 osiendere.
2850 2983 3012 3053 Atqui
3035 3000 3141 3039 non
3169 2965 3257 3043 est
3275 2988 3362 3045 hic
3382 2994 3519 3047 ordo

1927 3065 2335 3123 inhonestorum
2362 3109 2378 3135 ,
2428 3070 2525 3125 sed
2572 3072 2739 3143 magis
2775 3083 3046 3142 oporteret
3091 3077 3323 3150 despici,
3354 3096 3514 3153 quam

1924 3155 2050 3211 alia.
2088 3156 2296 3213 Etenim
2326 3158 2471 3215 domi
2503 3177 2691 3218 servus
2716 3166 2803 3233 qui
2836 3173 2918 3242 est
2946 3166 3233 3237 ignominia
3264 3168 3510 3241 ail‘ectus,

1924 3263 2032 3305 non
2064 3248 2225 3306 modo
2257 3266 2363 3312 non
2392 3251 2587 3308 fruitur
2615 3250 2801 3324 majori
2827 3269 2956 3311 cura
2976 3298 2992 3322 ,
3024 3258 3119 3313 sed
3150 3276 3248 3316 nec
3278 3262 3467 3319 iisdem
3492 3306 3511 3334 ,

1924 3341 2078 3412 queis
2102 3343 2211 3406 alii,
2243 3343 2437 3414 dignus
2457 3358 2722 3401 censetur.
2752 3347 2936 3418 itaque
2964 3351 3007 3405 si
3040 3349 3141 3407 hoc
3170 3346 3512 3415 inhonestum

1922 3440 2065 3487 esset
2085 3474 2100 3498 ,
2133 3448 2240 3488 non
2272 3434 2431 3490 modo
2459 3436 2759 3505 majoribus
2784 3438 2895 3493 frui
2940 3439 3049 3510 non
3078 3448 3527 3514 Oporteret,.sed.

1922 3538 2099 3594 neque
2127 3523 2317 3580 iisdem
2348 3543 2363 3580 :
2392 3542 2540 3589 nunc
2564 3537 2743 3585 autem
2770 3530 2961 3602 majori
2990 3533 3236 3591 fruuntur
3262 3536 3520 3609 honore,

1922 3624 1977 3668 et
2018 3615 2121 3669 hoc
2149 3615 2241 3671 Dei
2270 3615 2547 3687 sapientia:
2588 3634 2724 3688 opus
2749 3629 2853 3675 est.
2898 3620 3031 3677 Nam
3058 3622 3165 3699 illis
3193 3621 3415 3695 quidem.
3452 3635 3510 3694 in

1922 3715 2111 3759 natura
2134 3705 2283 3761 dedit
2310 3714 2368 3762 ut
2397 3711 2501 3762 non
2527 3717 2777 3778 egerent;
2812 3709 2897 3764 his
2921 3719 3099 3766 autem
3126 3753 3142 3778 ,
3174 3717 3424 3784 quoniam
3453 3718 3507 3775 in

1921 3803 2110 3851 natura
2143 3812 2247 3851 non
2286 3797 2467 3865 dedit,
2515 3809 2575 3853 ut
2620 3812 2719 3853 nos
2769 3801 3131 3869 prmberemus
3173 3807 3366 3877 coegit.
3397 3810 3506 3865 Sed

1920 3899 2027 3941 non
2057 3898 2337 3959 propterea
2366 3889 2648 3945 inhonesta
2671 3899 2835 3945 sunt:
2864 3892 3296 3964 quandoquidem
3314 3907 3371 3953 et
3390 3899 3507 3954 ani-

1918 3978 2079 4032 malia
2101 3992 2167 4033 ex
2200 3987 2391 4034 natura
2417 3995 2512 4035 sua
2539 3981 2679 4036 nulla
2707 3996 2766 4037 re
2785 3991 2961 4052 egent,
2985 3998 3093 4038 non
3116 3986 3371 4063 vestibus,
3393 4007 3500 4049 non

1918 4068 2150 4137 calceis,
2198 4086 2297 4127 nec
2344 4079 2518 4140 tecto,
2568 4074 2790 4143 plurima
2825 4074 3011 4129 saltem
3038 4119 3052 4142 ,
3098 4079 3191 4133 sed
3223 4097 3328 4137 non
3381 4083 3502 4140 ideo

1916 4166 2112 4228 corpus
2142 4172 2381 4217 nostrum
2412 4174 2495 4220 cst
2520 4166 2726 4220 illorum
2752 4180 2978 4235 corpore
3017 4166 3304 4237 ignobilius
3323 4214 3339 4236 ,
3373 4174 3503 4245 quia

1917 4250 2001 4328 his
2029 4252 2277 4309 omnibus
2310 4254 2529 4327 indiget.
2554 4255 2693 4310 Nam
2721 4257 2765 4310 si
2799 4259 2915 4328 quis
2951 4268 3199 4328 accurate
3223 4266 3501 4319 examina-

1915 4324 2075 4409 verit,
2107 4346 2219 4419 ipsa
2248 4348 2409 4403 etiam
2438 4357 2625 4402 natura
2654 4358 2778 4404 sunt
2820 4349 3039 4405 honesta
3067 4360 3121 4406 ct
3151 4340 3451 4423 necessaria
3483 4376 3498 4415 :

1916 4438 2057 4508 quod
2085 4440 2245 4494 etiam
2278 4441 2390 4509 ipse
2413 4440 2790 4509 subindicavit,
2823 4458 2925 4495 non
2955 4456 2982 4494 τι
3010 4456 3136 4497 cura
3167 4456 3369 4513 nostra,
3400 4464 3503 4507 nec

1913 4527 2057 4599 quod
2095 4530 2283 4600 majori
2324 4527 2569 4587 fruantur
2597 4532 2837 4597 honore;
2870 4532 2965 4587 sed
2995 4549 3061 4589 ex
3102 4544 3286 4591 natura
3314 4521 3497 4597 rerinn

1914 4622 2045 4690 ipsis
2073 4622 2337 4678 calculum
2369 4622 2572 4678 ferens.
2605 4622 2832 4688 ideirco,
2879 4640 2997 4679 cum
3025 4626 3233 4682 inﬁrma
3270 4628 3403 4686 dicit
3444 4644 3495 4689 et

1911 4712 2217 4779 inhonesta,
2254 4714 2379 4779 Qua:
2422 4714 2669 4778 sidentur,
2703 4715 2917 4784 adjicit;
2948 4732 3068 4782 cum
3099 4728 3274 4773 autem
3306 4737 3495 4778 neces-

1908 4806 2049 4857 saria
2076 4803 2225 4869 dicit,
2259 4819 2365 4860 non
2400 4806 2533 4859 ultra
2564 4805 2767 4876 adjicit,
2796 4808 2923 4875 Qzue
2950 4808 3227 4875 videntur;
3258 4812 3353 4868 sed
3382 4815 3496 4885 ipse

1908 4898 2227 4952 sententiam
2270 4897 2370 4953 fert
2402 4898 2585 4965 dicens
2610 4914 2733 4956 esse
2772 4900 3113 4967 necessaria;
3145 4910 3201 4957 et
3219 4904 3341 4973 jure
3378 4909 3495 4977 qui-

1908 4982 2053 5045 der'n".
2083 4989 2217 5045 Nam
2244 4990 2308 5044 ad
2335 4990 2625 5048 iiberdrum
2658 4990 3084 5059 procreationem
3111 5001 3165 5048 et
3184 4992 3250 5049 ad
3279 5009 3493 5050 succes-

1905 5081 2111 5136 sionem
2148 5082 2359 5151 generis
2389 5078 2554 5133 nostri
2593 5078 2739 5133 utilia
2772 5090 2915 5135 sunt.
2946 5081 3302 5149 Quamobrem
3329 5095 3382 5139 et
3413 5086 3488 5141 le-

1905 5172 2187 5241 gislatures
2215 5170 2578 5224 Romanarum
2612 5186 2737 5235 eos,
2768 5175 2858 5240 qui
2904 5172 3019 5227 haec
3063 5172 3301 5230 membra
3344 5177 3488 5245 exci-

1904 5262 2038 5315 dunt
2062 5271 2117 5315 et
2144 5258 2419 5314 eunuchos
2447 5258 2665 5329 iaciunt,
2694 5263 2958 5332 puniunt,
2987 5268 3048 5317 ut
3077 5263 3166 5334 qui
3205 5280 3490 5324 commune

1904 5364 2071 5422 genus
2101 5351 2401 5421 perimant,
2441 5350 2651 5423 ipsique
2696 5361 2898 5406 naturae
2936 5351 3191 5409 damnum
3232 5341 3484 5415 inferant.

1902 5441 2005 5495 Sed
2028 5432 2247 5509 pereant
2266 5440 2541 5511 impudici,
2554 5442 2646 5511 qui
2670 5439 2761 5496 Dei
2780 5455 2941 5511 opera
2968 5444 3020 5498 in
3037 5444 3246 5513 cuipam
3265 5457 3482 5503 vocant.

1907 5532 2053 5586 Sicut
2078 5531 2221 5585 enim
2249 5532 2373 5586 vino
2398 5534 2548 5587 muitl
2588 5530 2658 5586 ob
2704 5532 3026 5588 temulentos
3066 5532 3478 5604 maledixerum,

1904 5624 1979 5678 sic
2005 5630 2060 5677 et
2076 5623 2228 5678 sexui
2251 5624 2532 5679 mulierum
2550 5630 2552 5634 ‘
2571 5623 2641 5678 ob
2680 5622 2941 5680 adulteria
2966 5642 2979 5680 :
3006 5625 3083 5679 sic
3102 5621 3217 5678 haec
3245 5627 3480 5684 membra

1902 5714 2073 5785 turpia
2098 5716 2220 5773 esse
2261 5724 2548 5787 putarunt,
2595 5714 2665 5772 ob
2694 5717 2893 5773 malum
2918 5719 3273 5790 quorumdam
3301 5732 3479 5774 usum.
