4086 6340
591 405 701 462 ῑεθ

594 520 701 575 Sed
746 532 850 573 non
890 514 1171 585 oportuit:
1202 528 1309 569 non
1351 511 1499 567 enim
1528 518 1733 565 natura
1758 508 1839 564 rei
1867 507 2183 563 attributum

595 620 679 665 est
710 620 986 679 peccatum
1014 649 1030 672 ,
1075 605 1171 662 sed
1203 604 1462 660 voluntati
1487 603 1607 673 ejus
1635 602 1725 671 qui
1764 600 1869 655 hoc
1894 598 2071 655 scelus
2096 613 2189 670 eg-

594 700 744 770 gredi
767 699 950 755 audet.
982 697 1212 767 Quidam
1238 706 1414 751 autem
1441 710 1504 750 ea
1532 708 1653 764 qua:
1679 702 1807 747 sunt
1830 690 2039 745 infirma
2066 729 2083 753 ,
2115 688 2190 742 in-

594 792 818 845 honesta
839 831 854 851 .
881 800 936 845 et
961 788 1293 855 necessaria,
1326 795 1381 841 et
1406 784 1596 854 majori
1624 782 1871 838 fruuntur
1896 780 2125 839 honore.
2154 792 2185 830 a

594 882 761 937 Paulo
789 881 857 937 de
882 880 1055 935 oculis
1092 879 1401 934 existimant
1427 877 1572 931 dicta
1597 876 1793 938 fuisse,
1824 872 1915 943 qui
1942 870 1993 926 vi
2022 871 2186 925 mino-

595 988 721 1035 res,
757 987 853 1024 usu
884 979 1062 1024 autem
1102 968 1312 1023 exteris
1356 974 1651 1038 prastant;
1695 960 2060 1018 inhonestiora
2098 974 2186 1013 au-

599 1070 708 1115 tem
741 1060 906 1130 pedes
938 1078 951 1113 :
993 1075 1115 1113 nam
1142 1073 1331 1115 eorum
1354 1071 1569 1129 quoque
1595 1054 1759 1111 multa
1783 1054 1986 1125 geritur
2014 1050 2187 1121 provi-

595 1150 801 1205 dcntia.

673 1240 728 1294 Ξ.
749 1240 970 1307 Deinde,
994 1255 1061 1295 ne
1084 1240 1247 1295 aliam
1268 1252 1457 1295 rursus
1471 1236 1820 1308 hyperbolem
1842 1234 2061 1298 faceret,
2077 1232 2178 1286 ait:

596 1333 688 1389 24.
725 1333 952 1389 Honesta
980 1343 1145 1388 autem
1175 1343 1350 1388 nostra
1379 1332 1567 1386 nullius
1594 1338 1755 1403 egent.
1790 1328 1869 1383 Ne
1889 1327 2010 1398 quis
2037 1326 2180 1381 enim

604 1428 847 1482 diceret:
882 1426 1065 1495 Ecqua
1096 1425 1214 1480 haec
1239 1423 1425 1479 ratio?
1477 1422 1698 1477 honesta
1728 1420 2007 1488 despicere
2021 1426 2077 1472 et
2096 1417 2181 1470 in-

604 1517 1007 1574 honestioribus
1034 1513 1369 1585 advigilare?
1390 1512 1505 1567 Non
1536 1511 1893 1580 despicientes
1916 1508 2017 1562 hoc
2042 1506 2177 1561 faci-

604 1625 744 1673 mus,
792 1609 985 1677 inquit,
1037 1606 1133 1662 sed
1160 1607 1282 1676 quia
1306 1604 1424 1659 haec
1447 1619 1576 1658 cura
1622 1617 1728 1656 non
1756 1613 1933 1671 egent.
1965 1600 2030 1655 Et
2061 1596 2185 1652 vide

595 1712 851 1773 quantum
879 1699 1181 1753 encomium
1211 1699 1390 1767 paucis
1406 1695 1635 1751 efferens
1655 1691 2055 1757 transcurrerit,
2078 1689 2180 1745 hoc

602 1801 907 1862 Opportune
935 1800 989 1845 et
1022 1789 1225 1843 utiliter
1250 1788 1473 1843 faciens.
1532 1785 1716 1860 Neque
1745 1785 1846 1839 hoc
1871 1790 2175 1847 contentus,

594 1898 810 1939 causam
838 1882 998 1936 etiam
1024 1880 1209 1950 adjicit
1233 1880 1453 1935 dicens:
1475 1877 1582 1933 Sed
1610 1878 1743 1931 Deus
1768 1877 2058 1945 temperavit
2075 1890 2181 1927 cor-

600 1992 715 2043 pus,
745 1974 790 2026 ei
813 1974 898 2027 cui
926 1973 1097 2026 deerat
1121 1971 1545 2024 abundantiorem
1596 1966 1861 2021 tribuendo
1890 1969 2134 2022 honorem
2165 2008 2180 2030 ,

594 2063 685 2118 9.5.
707 2072 874 2117 utnon
899 2063 963 2116 sit
985 2062 1206 2115 schisma
1227 2062 1280 2113 in
1306 2076 1535 2128 corpore.
1560 2057 1616 2113 Si
1636 2069 1811 2111 autem
1835 2059 2175 2128 temperavit,

592 2173 699 2211 non
739 2158 866 2212 sivit
906 2170 1163 2225 apparere
1190 2154 1241 2207 id
1272 2153 1414 2223 quod
1436 2160 1551 2206 erat
1579 2150 1933 2205 inbonestius.
1964 2151 2174 2205 Etenim

591 2249 733 2319 quod
756 2255 1200 2315 contemperatur
1249 2248 1363 2299 sive
1416 2244 1693 2308 miscetur,
1751 2243 1812 2296 fit
1838 2257 2026 2308 unum,
2076 2257 2175 2297 nec

593 2347 819 2410 apparet
841 2337 971 2407 quid
999 2348 1155 2391 antea
1208 2344 1390 2391 esset:
1423 2350 1546 2389 nam
1576 2350 1643 2389 ne
1672 2333 1888 2404 quidem
1932 2342 2178 2389 contem-

592 2436 833 2498 peratum
863 2428 1027 2483 fuisse
1057 2427 1392 2509 dixerimusa
1418 2425 1487 2480 Et
1514 2425 1637 2481 vide
1675 2438 1834 2496 quam
1864 2425 2176 2495 frequenter

588 2520 828 2576 defectus
858 2529 1233 2590 praatercurrat
1254 2510 1457 2584 dicens,
1488 2519 1549 2574 Ei
1571 2522 1653 2573 cui
1672 2521 1863 2575 deerat.
1886 2521 2002 2575 Non
2017 2519 2173 2587 dixit,

590 2611 880 2666 inhonesto
901 2612 983 2667 vel
1017 2611 1177 2681 turpi,
1210 2612 1329 2677 sed,
1365 2611 1426 2665 Et"
1469 2612 1552 2665 cui
1572 2612 1765 2665 deerat.
1798 2611 1896 2665 Cui
1941 2612 2125 2667 deerat
2156 2628 2173 2677 ;

587 2704 901 2774 quomodo?
961 2704 1273 2760 Secundum
1320 2714 1586 2758 naturam.
1631 2704 1697 2757 Ei
1742 2705 1989 2774 majorem
2043 2705 2174 2759 dans

587 2794 849 2848 honorem.
883 2794 950 2849 Et
987 2795 1198 2864 quare?
1226 2793 1296 2849 Ut
1336 2808 1442 2848 non
1467 2803 1615 2849 esset
1639 2794 1875 2849 schisma
1898 2797 1950 2851 in
1979 2810 2175 2863 corpo-

587 2900 667 2940 re.
695 2884 827 2954 Quia
859 2884 1001 2939 enim
1027 2887 1287 2939 immensa
1317 2886 1693 2941 consolatione
1724 2886 1985 2952 fruentes,
2020 2888 2171 2942 dole-

588 2977 717 3030 bant
748 2986 949 3041 tamen,
982 2984 1039 3029 ut
1067 2977 1157 3046 qui
1188 2977 1393 3031 minora
1417 2978 1777 3047 accepissent,
1807 2979 2045 3033 ostendit
2076 2993 2172 3033 eos

587 3068 755 3139 magis
804 3066 968 3121 fuisse
1002 3068 1298 3121 honoratos
1324 3086 1336 3121 :
1370 3066 1437 3120 Ei
1453 3069 1534 3120 cui
1564 3068 1754 3132 deerat,
1786 3068 1977 3138 inquit,
2008 3068 2172 3122 abun-

587 3158 870 3211 dantiorem
891 3150 1158 3212 tribuendo
1190 3158 1451 3212 honorem.
1487 3159 1691 3214 Deinde
1708 3170 1886 3215 autem
1911 3160 2170 3215 rationem

588 3250 883 3320 subjungit,
911 3249 1203 3307 ostendens
1234 3248 1374 3320 quod
1402 3262 1701 3321 Opportune
1726 3252 2011 3316 effecisset,
2036 3262 2095 3308 ut
2116 3262 2171 3309 et

587 3345 661 3399 illi
692 3344 927 3411 deesset,
960 3354 1013 3399 et
1039 3345 1207 3413 magis
1228 3360 1349 3399 eum
1381 3344 1693 3400 honoraret.
1719 3346 1849 3413 Qua:
1873 3346 1961 3399 illa
1992 3346 2172 3401 ratio?

589 3435 673 3489 Nc
691 3440 774 3497 sit,
804 3437 997 3503 inquit,
1026 3435 1247 3488 schisma
1266 3437 1318 3488 in
1335 3452 1565 3504 corpore.
1597 3437 1703 3491 Nec
1728 3438 1883 3503 dixit,
1918 3436 1972 3491 ltt
2003 3452 2173 3492 mem-

588 3527 718 3586 bris,
737 3526 853 3589 sed,
876 3526 942 3578 In
964 3542 1192 3595 corpore.
1228 3527 1439 3581 Etenim
1468 3527 1631 3581 multa
1662 3527 1836 3581 futura
1860 3536 1977 3583 erat
1999 3544 2166 3584 exsu-

589 3619 853 3687 perantia,
885 3618 929 3671 si
952 3618 1054 3672 alia
1083 3618 1299 3687 quidem
1332 3626 1387 3671 et
1411 3634 1478 3673 ex
1497 3628 1684 3672 natura
1710 3630 1764 3674 et
1783 3628 1962 3674 nostra
1992 3624 2171 3691 provi-

587 3710 765 3764 dentia
795 3721 1133 3777 curarentur,
1156 3712 1258 3765 alia
1292 3722 1468 3765 autem
1491 3720 1737 3766 neutrum
1763 3712 2054 3777 haberent;
2074 3714 2171 3769 sed

589 3802 659 3855 ab
685 3803 910 3855 invicem
940 3803 1183 3857 exscissa
1213 3801 1460 3869 fuissent,
1493 3812 1549 3858 ut
1589 3820 1707 3874 quae
1735 3804 1876 3860 ferre
1911 3822 2017 3861 non
2047 3822 2171 3877 pos-

594 3903 712 3946 sent
759 3892 1237 3961 conjunctionem:
1294 3894 1550 3949 abscissis
1584 3905 1763 3950 autem
1807 3896 1925 3962 his,
1977 3908 2169 3952 caetera

587 3999 799 4053 quoque
827 3983 1081 4038 damnum
1108 3986 1463 4053 accepissent.
1495 3986 1742 4041 Vidistin'
1780 3988 2049 4058 quomodo
2083 4005 2173 4044 os-

590 4075 759 4128 tendit
812 4075 1117 4129 necessario
1151 4079 1410 4144 majorem
1448 4077 1497 4131 ei
1525 4079 1612 4147 qui
1642 4079 1825 4134 deficit
1851 4080 1965 4134 dari
1996 4078 2172 4134 Itono—

590 4166 744 4219 rem?
771 4166 827 4219 Si
857 4168 999 4220 enim
1053 4166 1152 4221 hoc
1194 4166 1391 4222 factum
1435 4184 1541 4222 non
1596 4170 1820 4236 fuisset,
1870 4172 2170 4227 communis

588 4256 827 4311 omnium
855 4260 1121 4327 pernicies
1147 4260 1352 4325 fuisset,
1380 4262 1571 4330 inquit.
1604 4261 1736 4315 Nam
1765 4264 1809 4316 si
1839 4279 1937 4316 nos
1960 4265 2168 4319 illm-um

590 4362 696 4401 non
740 4363 987 4417 magnam
1021 4350 1376 4418 gessissemus
1405 4367 1589 4404 curam
1616 4391 1631 4414 ,
1663 4363 1980 4405 nocumenta
2013 4369 2166 4410 acce-

590 4437 795 4505 pissent
815 4452 935 4491 cum
963 4452 991 4490 a
1033 4448 1219 4491 natura
1262 4441 1517 4493 auxilium
1575 4455 1681 4493 non
1709 4441 1991 4510 haberent,
2018 4454 2074 4507 et
2101 4461 2169 4501 ex

592 4529 694 4581 hoc
712 4537 1037 4583 nocumento
1062 4529 1375 4597 periiSScnt;
1399 4532 1440 4583 si
1466 4532 1772 4600 perlissent,
1792 4547 1987 4603 corpus
2010 4535 2174 4591 disci-

594 4616 828 4680 dissent;
856 4619 1026 4673 scisso
1074 4634 1324 4690 corpore,
1356 4631 1547 4676 cmtcra
1590 4624 1750 4677 ot'am
1797 4639 1915 4693 qua:
1940 4636 2062 4679 sunt
2089 4626 2173 4682 his

594 4705 749 4773 longe
770 4708 971 4777 majora
1003 4712 1305 4779 periissent.
1360 4711 1546 4767 Viden’
1572 4711 1760 4767 horum
1791 4729 1934 4769 cura:
1960 4715 2171 4771 illorum

591 4814 805 4868 quoque
855 4802 1243 4869 providentiam
1272 4821 1391 4860 esse
1420 4807 1575 4876 conjtt
1604 4820 1758 4862 ictam
1801 4810 1824 4863 ?
1868 4810 1981 4865 Non
2026 4812 2171 4866 enim

592 4890 663 4944 ita
695 4891 747 4944 in
778 4892 993 4959 propria
1017 4901 1203 4946 natura
1235 4895 1433 4951 habent
1457 4900 1593 4968 quod
1616 4902 1743 4969 sint,
1772 4912 1831 4957 ut
1863 4905 1912 4957 in
1940 4920 2171 4976 corpore

594 4983 795 5036 habent
814 4981 955 5051 quod
985 4981 1089 5034 sint
1125 4998 1307 5036 unum.
1335 4984 1465 5039 Ideo
1486 4989 1528 5039 si
1558 5005 1753 5060 corpus
1805 4994 2016 5062 quidem
2045 5012 2172 5065 per-

598 5083 705 5133 eat.
742 5074 943 5127 nullum
997 5072 1128 5141 ipsis
1179 5072 1382 5126 lucrum
1424 5090 1490 5128 ex
1522 5077 1849 5148 singulorum
1898 5085 2168 5152 sanitate;

600 5166 695 5220 sed
725 5166 839 5220 sive
861 5163 1049 5219 oculus
1077 5175 1311 5225 maneat,
1342 5164 1455 5217 sive
1480 5182 1659 5233 nasus,
1690 5171 1829 5239 quod
1875 5188 2035 5228 suum
2084 5189 2169 5231 est

590 5271 833 5323 servans,
864 5258 1112 5327 ligamine
1142 5258 1341 5324 soluto,
1368 5258 1513 5311 nulla
1536 5270 1715 5326 postea
1749 5260 1871 5315 hinc
1894 5265 1997 5317 erit
2024 5267 2167 5326 utili-

591 5360 694 5403 tas.
727 5346 878 5414 Quod
892 5349 935 5401 si
960 5348 1061 5404 hoc
1078 5360 1345 5415 manente,
1370 5349 1457 5403 illa
1483 5361 1861 5404 nocumentum
1884 5354 2166 5423 accipiant,

591 5448 647 5493 et
664 5445 943 5507 gestantur
970 5447 1024 5492 et
1042 5440 1107 5493 ad
1139 5440 1422 5494 sanitatem
1444 5440 1552 5494 cito
1581 5438 1828 5494 redeunt.
1875 5440 1980 5495 Sed
2010 5441 2165 5499 dixe-

592 5531 663 5584 rit
688 5528 920 5583 fortasse
949 5529 1211 5599 quispiam
1245 5548 1258 5586 :
1285 5531 1397 5586 Hoc
1434 5532 1651 5602 quidem
1675 5530 1727 5585 in
1748 5545 1973 5601 corpore
2003 5534 2167 5587 ratio-

588 5637 714 5677 nem
768 5619 947 5683 habet,
1001 5620 1142 5690 quod
1167 5620 1220 5676 id
1246 5625 1329 5678 cui
1361 5624 1566 5680 desunt
1612 5624 1855 5695 qua-dam
1910 5624 2171 5694 majorem

588 5711 817 5779 accipiat
842 5711 1102 5768 honorem
1131 5728 1146 5776 ;
1182 5715 1319 5783 apud
1343 5715 1588 5772 homines
1616 5731 1747 5773 vero
1766 5715 2038 5788 quomodt
2070 5732 2171 5774 ooc

594 5804 887 5863 cernaer
939 5804 997 5860 ln
1045 5803 1347 5862 hominibus
1391 5818 1537 5867 certe
1589 5810 1821 5868 maxime
1848 5808 1900 5867 id
1927 5809 2169 5869 accidt-rc

1338 394 1709 455 S.JOANNI8
1740 391 2215 453 CHRYSOSTOMI
2254 392 2570 452 ARCHIEP.
2608 396 3139 454 CONSTANTINOP.

3768 404 3878 459 260

2299 506 2502 564 videas.
2534 508 2745 564 Etenim
2771 510 2806 565 ii
2833 511 2923 581 qui
2957 512 3098 566 circa
3130 512 3461 569 undecimam
3491 514 3679 569 horam
3707 532 3872 571 vene-

2294 608 2442 667 runt,
2462 600 2618 670 primi
2665 602 2971 657 mercedem
3000 618 3259 673 accepere
3284 622 3299 665 ;
3327 615 3382 660 et
3421 607 3540 660 ovis
3562 622 3752 662 errans
3776 624 3876 678 pa-

2291 702 2425 745 stori
2444 692 2614 746 suasit
2642 702 2702 746 ut
2732 694 3020 762 nonaginta
3045 707 3238 748 novem
3286 695 3418 749 alias
3444 696 3790 767 relinqueret.
3820 708 3878 753 et

2291 780 2357 835 ad
2387 781 2555 851 ipsam
2603 793 2917 838 accurreret
2939 794 2995 838 et
3024 793 3082 837 ut
3120 786 3331 854 reperta
3380 797 3684 856 gestaretur
3706 829 3723 853 ,
3764 806 3877 845 non

2289 871 2637 942 abigeretnr;
2669 884 2725 928 et
2761 874 2902 929 ﬁlius
2933 876 3185 946 prodigus
3214 878 3332 946 plus
3362 878 3582 935 honoris
3615 883 3828 951 accepit
3854 922 3875 947 ,

2288 978 2449 1033 quam
2479 964 2524 1019 is
2553 966 2645 1035 qui
2672 981 2732 1023 se
2760 977 2907 1021 recte
2933 978 3175 1036 gesserat
3205 985 3219 1032 ;
3249 978 3307 1024 et
3338 970 3473 1024 latro
3499 982 3624 1026 ante
3650 983 3875 1042 aposto-

2290 1053 2373 1111 ιω
2414 1065 2703 1111 coronatus
2726 1066 2782 1111 et
2807 1057 3109 1112 celebratus
3151 1069 3253 1113 est.
3304 1060 3358 1113 In
3393 1062 3607 1116 talentis
3654 1079 3876 1134 quoque

2288 1143 2519 1217 idipsum
2540 1148 2736 1201 factum
2768 1148 2962 1201 videas.
3002 1147 3134 1202 Nam
3157 1151 3244 1218 qtti
3282 1151 3478 1205 talenta
3510 1155 3752 1223 quinque
3777 1169 3874 1208 ac-

2287 1248 2524 1307 ceperat,
2540 1248 2595 1293 et
2613 1239 2701 1308 qui
2732 1239 2839 1292 duo
2858 1249 3158 1308 acceperat,
3189 1242 3374 1295 eadem
3406 1246 3653 1299 tnercede
3682 1245 3877 1316 digna-

2290 1331 2329 1384 ti
2356 1340 2477 1385 snnt
2499 1346 2513 1395 ;
2541 1341 2595 1385 et
2612 1332 2726 1401 ipse
2746 1331 2891 1401 quod
2913 1332 3020 1386 duo
3042 1333 3340 1399 accepisset
3363 1349 3425 1387 ex
3455 1351 3643 1403 magna
3668 1338 3871 1394 iactum

2288 1432 2375 1479 est
2392 1424 2747 1493 providentia.
2770 1422 2903 1477 Nam
2926 1426 2966 1476 si
2996 1424 3234 1494 quinque
3264 1426 3360 1491 ipsi
3387 1427 3691 1481 concredita
3740 1428 3874 1484 fuis-

2288 1526 2427 1581 sent,
2452 1530 2574 1571 cum
2597 1530 2704 1569 non
2724 1526 2908 1585 posset
2936 1516 3023 1569 illa
3065 1531 3281 1586 augere,
3305 1534 3369 1572 ex
3400 1527 3509 1571 toto
3539 1520 3871 1586 excidisset;

2287 1623 2408 1664 cum
2438 1617 2617 1663 autem
2672 1607 2781 1662 duo
2830 1609 3147 1679 accepisset,
3198 1624 3316 1663 cum
3342 1625 3403 1664 ea
3430 1626 3549 1679 quae
3598 1628 3769 1681 penes
3811 1628 3875 1669 se

2287 1708 2445 1755 erant
2468 1699 2764 1768 implesset,
2793 1699 2985 1754 eodem
3017 1699 3262 1766 dignatus
3306 1710 3389 1755 est
3414 1703 3633 1770 praemio
3660 1720 3771 1774 quo
3802 1705 3869 1770 is,

2286 1792 2376 1860 qui
2402 1805 2522 1843 cum
2549 1790 2785 1858 quinque
2810 1798 3059 1856 operatus
3080 1786 3272 1853 fuerat,
3300 1800 3354 1843 et
3377 1806 3442 1845 eo
3472 1792 3619 1846 illum
3643 1810 3874 1863 supera-

2288 1882 2384 1943 vit,
2410 1878 2551 1949 quod
2583 1894 2613 1932 a
2632 1877 2925 1932 minoribus
2954 1878 3225 1933 laboribus
3254 1880 3468 1934 easdem
3499 1896 3873 1953 consequutus

2286 1972 2355 2027 sit
2383 1985 2630 2025 coronas.
2657 1971 2815 2038 Atqui
2841 1970 2953 2039 ipse
2970 1985 3181 2039 quoque
3226 1970 3387 2026 homo
3430 1982 3578 2039 erat,
3607 1986 3745 2029 utet
3778 1979 3871 2033 ille

2284 2061 2372 2132 qui
2399 2064 2604 2130 accepit
2628 2061 2895 2130 quinque:
2929 2068 3162 2115 attamen
3195 2076 3299 2115 non
3330 2071 3435 2115 tam
3461 2074 3713 2119 accurate
3743 2082 3871 2122 cum

2284 2155 2375 2208 illo
2396 2155 2633 2208 rationes
2676 2154 2840 2222 exigit
2890 2152 3182 2216 Dominus.
3236 2169 3412 2223 neque
3460 2156 3602 2225 cogit
3631 2157 3783 2211 illum
3814 2169 3874 2214 ttt

2284 2254 2427 2299 tanta
2451 2243 2629 2308 faciat,
2658 2254 2853 2313 quanta
2876 2248 3168 2298 conservus
3198 2243 3314 2311 ejus
3339 2262 3353 2308 ;
3380 2260 3550 2315 neque
3576 2245 3727 2314 dicit,
3759 2247 3873 2304 Cur

2284 2353 2390 2391 non
2423 2347 2572 2405 potes
2601 2337 2835 2405 quinque
2869 2334 3136 2389 conficere
3156 2334 3179 2387 ’ἒ
3201 2335 3341 2401 quod
3371 2339 3563 2391 merito
3591 2338 3824 2395 dixisset
3851 2359 3867 2405 ;

2282 2428 2375 2483 sed
2397 2437 2450 2481 et
2478 2428 2646 2496 ipsum
2670 2424 2965 2480 coronavit.
3002 2424 3128 2479 Hmc
3156 2440 3283 2494 ergo
3307 2442 3426 2480 cum
3457 2428 3663 2494 sciatis,
3697 2447 3768 2485 ne
3798 2434 3873 2486 in-

2282 2520 2491 2575 sultetis
2516 2519 2747 2589 majores
2782 2517 3101 2581 minoribus,
3141 2532 3209 2571 ne
3242 2532 3337 2573 vos
3377 2518 3521 2589 ipsos
3565 2532 3692 2577 ante
3743 2525 3871 2577 illos

2281 2610 2526 2673 lmdatis;
2576 2610 2681 2665 illis
2728 2613 2870 2666 enim
2920 2609 3205 2673 abscissis,
3248 2620 3414 2665 totum
3456 2613 3592 2679 perit
3641 2629 3864 2684 corpus.

2278 2702 2416 2771 Quid
2439 2704 2582 2757 enim
2610 2704 2751 2757 aliud
2783 2714 2865 2759 est
2903 2720 3095 2776 corpus
3116 2748 3133 2773 ,
3162 2721 3319 2777 qnam
3367 2704 3529 2759 multa
3570 2707 3817 2761 membra
3844 2708 3869 2758 2

2276 2798 2415 2851 sicut
2439 2807 2494 2851 et
2520 2797 2636 2865 ipse
2655 2797 2748 2875 ait,
2782 2797 2981 2867 Corpus
3007 2817 3107 2853 non
3136 2810 3209 2852 est
3238 2816 3393 2853 unum
3426 2798 3705 2850 membrum
3728 2841 3743 2862 ,
3777 2801 3869 2851 sed

2280 2889 2465 2941 multa.
2525 2886 2580 2941 Si
2614 2889 2773 2955 igitur
2822 2888 2922 2941 ltoc
2972 2900 3055 2943 est
3084 2905 3305 2957 corpus,
3348 2890 3574 2945 sollicite
3607 2904 3868 2945 curemus

2279 2988 2337 3031 ut
2367 2978 2521 3047 plura
2555 2978 2974 3046 maneantplura
3002 2994 3017 3042 ;
3049 2979 3117 3031 ita
3151 2988 3227 3041 ut,
3259 2978 3302 3031 si
3334 2978 3434 3031 hoc
3463 2994 3567 3032 non
3593 2989 3864 3043 servetur,

2276 3068 2437 3123 letale
2464 3068 2757 3137 accipiatur
2786 3070 2999 3124 vulnus.
3030 3068 3368 3138 Quapropter
3393 3068 3480 3123 ille
3508 3084 3612 3122 non
3644 3070 3749 3123 hoc
3779 3084 3869 3123 so-

2276 3160 2386 3213 lum
2410 3160 2595 3228 exigit,
2628 3168 2687 3213 ut
2714 3175 2782 3213 ne
2806 3160 3011 3213 abaliLs
3040 3159 3439 3222 abscindamur,
3469 3159 3563 3213 sed
3604 3160 3774 3213 etiam
3805 3171 3862 3213 ut

2276 3252 2562 3307 admodum
2585 3252 2853 3321 conjuncti
2884 3267 3219 3307 maneamus.
3242 3252 3374 3305 Cum
3402 3251 3625 3305 dixisset
3663 3254 3809 3306 enim
3846 3294 3864 3315 ,

2279 3340 2345 3398 Ut
2366 3357 2471 3396 non
2502 3343 2802 3396 sitscht'sma
2828 3344 2879 3396 in
2900 3358 3145 3412 corpore;
3176 3358 3283 3396 non
3314 3341 3414 3396 hoc
3431 3351 3717 3395 contentus
3741 3342 3865 3406 fttit,

2276 3434 2371 3489 sed
2420 3433 2724 3501 subjunxit:
2777 3432 2845 3487 Ut
2874 3434 2925 3486 in
2956 3434 3123 3501 ipsum
3154 3448 3247 3501 pro
3274 3433 3485 3485 invicem
3510 3432 3732 3485 sollicita
3761 3446 3869 3487 stu

2276 3524 2499 3579 membra
2523 3540 2542 3588 ;
2585 3524 2808 3578 alteram
2834 3523 2972 3577 hanc
2998 3537 3211 3593 quoque
3236 3537 3451 3577 causam
3480 3522 3733 3584 afferens,
3768 3540 3867 3578 cur

2277 3617 2485 3672 minora
2510 3616 2767 3685 majorem
2819 3624 3175 3685 assequantur
3200 3613 3479 3668 honorem.
3512 3612 3629 3667 Non
3653 3622 3865 3668 tantum

2278 3709 2422 3764 enim
2442 3750 2457 3775 ,
2487 3718 2547 3763 ut
2572 3725 2680 3763 non
2704 3709 2772 3763 ab
2795 3709 3021 3763 invicem
3068 3716 3406 3778 separentur,
3434 3707 3511 3761 sic
3532 3706 3870 3777 di5pcnsavit

2280 3801 2440 3864 Deus,
2462 3800 2555 3855 sed
2586 3801 2746 3855 etiam
2788 3810 2846 3854 ut
2874 3800 3037 3854 multa
3058 3808 3203 3854 esset
3228 3799 3423 3853 caritas
3454 3807 3508 3852 et
3542 3800 3865 3853 concordia.

2280 3893 2413 3948 Nam
2439 3895 2483 3947 si
2513 3894 2744 3962 singulis
2770 3908 2906 3961 opus
2931 3902 3014 3946 cst
3056 3891 3283 3960 proximi
3329 3890 3486 3944 saluti
3518 3890 3814 3957 advigilare
3846 3933 3866 3957 ,

2280 4002 2349 4041 ne
2380 3986 2511 4039 mihi
2541 3989 2718 4037 minus
2742 3994 2797 4037 et
2821 3984 2989 4052 magis
3035 3981 3237 4036 dixeris
3266 3999 3279 4034 :
3326 3980 3413 4034 hic
3456 3982 3597 4035 enim
3631 3997 3737 4037 non
3782 3991 3870 4036 est

2277 4078 2395 4147 plus
2419 4085 2473 4131 et
2504 4075 2702 4129 minus.
2740 4075 2985 4130 Manente
3015 4089 3245 4145 namque
3274 4088 3523 4142 corpore,
3547 4082 3726 4142 potest
3751 4072 3837 4127 dif
3843 4101 3867 4114 -

2280 4167 2504 4223 ferentia
2533 4166 2701 4222 videri
2732 4183 2746 4232 ;
2781 4176 3039 4237 pereunte
3071 4174 3251 4221 autem
3274 4205 3290 4233 ,
3320 4180 3426 4220 non
3456 4165 3584 4221 item
3612 4184 3625 4220 :
3665 4164 3868 4236 peribit

2276 4275 2425 4327 vero,
2454 4261 2555 4316 nisi
2582 4262 2787 4316 minora
2810 4270 3057 4315 maneant

2353 4355 2408 4408 5.
2432 4356 2484 4408 Si
2510 4369 2636 4423 ergo
2666 4369 2857 4423 magna
2885 4354 3131 4422 peribunt
3161 4351 3339 4429 parvis
3366 4351 3637 4416 abscissis,
3670 4351 3867 4405 simili-

2280 4453 2361 4500 ter
2398 4443 2597 4500 debent
2641 4443 2755 4498 hmc
2782 4459 2969 4514 magna
2998 4458 3283 4513 parvorum
3316 4442 3541 4513 perinde
3571 4453 3732 4511 atque
3779 4440 3868 4495 sui

2278 4552 2461 4591 curam
2492 4551 2679 4606 gerere
2703 4553 2717 4588 :
2746 4550 2869 4590 cum
2890 4535 3079 4589 horum
3100 4534 3241 4589 enim
3265 4535 3435 4589 salute
3456 4541 3677 4587 manent
3701 4532 3867 4584 etiam

2280 4626 2503 4694 majora.
2538 4626 2718 4695 Itaque
2770 4625 2981 4679 etiamsi
3025 4625 3218 4679 millies
3265 4624 3504 4687 dixeris,
3558 4620 3867 4674 membrum

2282 4728 2403 4769 esse
2425 4715 2708 4784 inglorium
2731 4724 2781 4768 et
2810 4716 3020 4776 minus;
3050 4713 3144 4766 sed
3177 4713 3278 4765 nisi
3333 4727 3485 4781 aeque
3532 4710 3818 4779 provideas
3849 4752 3865 4775 ,

2282 4814 2337 4858 ut
2370 4820 2467 4873 pro
2495 4814 2545 4858 te
2572 4806 2709 4873 ipso,
2738 4804 2831 4857 sed
2861 4814 2917 4857 ut
2960 4803 3137 4855 minus
3166 4801 3295 4855 illud
3324 4802 3583 4870 negligas,
3605 4801 3868 4857 damnum

2283 4897 2337 4951 in
2364 4906 2415 4951 te
2433 4896 2698 4949 transibit.
2733 4894 2937 4947 Idcirco
2963 4909 3068 4947 non
3093 4892 3248 4947 dixit.
3275 4892 3343 4947 Ut
3375 4908 3471 4961 pro
3490 4895 3715 4948 invicem
3742 4905 3870 4951 tau-

2283 4999 2393 5043 tunt
2422 4986 2649 5041 sollicita
2682 4986 2790 5039 sint
2818 4985 3079 5048 membra,
3116 4983 3211 5039 sed
3240 4984 3468 5054 adjecit,
3504 4985 3571 5040 Ut
3600 4988 3662 5040 de
3689 4990 3871 5042 eodem

2285 5096 2377 5151 pro
2409 5095 2462 5132 se
2480 5078 2693 5131 invicem
2720 5076 2943 5129 sollicita
2970 5083 3070 5128 sint
3114 5076 3379 5140 membra;
3406 5075 3461 5131 id
3526 5087 3613 5134 est
3640 5119 3655 5145 ,
3699 5078 3873 5134 simili

2287 5181 2341 5226 et
2369 5168 2580 5233 eadem,
2613 5182 2715 5236 qua
2746 5170 3013 5234 magnus,’
3044 5179 3241 5233 parvus
3268 5182 3481 5237 quoque
3507 5168 3716 5224 fruatur
3737 5187 3870 5240 pro-

2283 5262 2537 5317 videntia.
2571 5259 2648 5315 Ne
2668 5261 2844 5328 itaque
2871 5257 3092 5321 dixeris,
3120 5256 3211 5313 llle
3239 5259 3481 5329 plebeius
3516 5271 3620 5328 est,
3643 5264 3738 5318 sed
3765 5278 3867 5318 co-

2279 5356 2384 5423 gita
2412 5354 2560 5407 illum
2584 5367 2704 5406 esse
2732 5351 2923 5403 incinln
2939 5364 3028 5403 um
3045 5353 3309 5420 corporis,
3329 5353 3472 5423 quod
3498 5363 3669 5407 totum
3690 5354 3870 5407 conti-

2280 5454 2399 5499 net:
2423 5460 2483 5499 ac
2500 5442 2949 5515 quetnadmodum
2967 5443 3169 5507 oculus,
3195 5443 3268 5499 ita
3284 5452 3337 5499 et
3352 5443 3438 5499 hic
3454 5442 3579 5498 facit
3594 5452 3653 5497 ut
3667 5458 3867 5511 corpus

2283 5537 2351 5590 sit
2406 5553 2623 5608 corpus.
2686 5534 2790 5592 Ubi
2852 5537 2993 5589 enim
3044 5550 3243 5604 corpus
3286 5533 3625 5597 adificatnr,
3680 5534 3868 5591 nullus

2283 5629 2553 5699 quidpiam
2596 5628 2756 5683 habet
2802 5627 3071 5698 amplius,
3126 5642 3287 5698 quam
3332 5625 3632 5695 proximus.
3677 5622 3868 5695 Neque

2284 5721 2426 5773 enim
2452 5720 2553 5774 hoc
2578 5736 2775 5788 corpus
2811 5718 2978 5787 facit,
3006 5727 3067 5774 at
3106 5720 3179 5773 sit
3213 5715 3347 5773 illud
3382 5713 3602 5786 quidem
3647 5715 3823 5785 majus
3844 5754 3865 5782 ,

2288 5812 2387 5867 hoc
2415 5827 2541 5868 vct'o
2563 5810 2757 5880 minus,
2778 5809 2875 5867 sed
2892 5808 3037 5883 quid
3061 5808 3232 5866 multa
3250 5806 3356 5863 ὀίω
3377 5811 3442 5865 et
3456 5802 3687 5863 diversa.
3714 5804 3869 5863 Sicut
