4066 6332
210 404 318 462 ειςο

212 525 375 587 Τινις
407 522 464 576 δέ
493 520 561 597 τά
586 520 959 593 ἀσθενέστερα
978 521 1073 576 καὶ
1102 521 1273 595 ἄτιμα
1295 526 1391 577 καὶ
1412 524 1684 594 ἀναγκαία
1708 517 1804 575 καὶ

210 606 383 677 τιμῆς
419 604 759 661 ἀπολαύοντα
788 605 1033 669 πλείονος
1065 606 1194 677 περὶ
1241 606 1534 677 ὀφθαλμῶν
1559 607 1654 661 καὶ
1694 622 1796 658 πο-

212 688 322 741 δῶν
348 686 603 758 εἰρῆσθαι
634 686 713 757 τῷ
740 686 939 759 Παύλῳ
967 689 1269 758 νομίζουσι,
1305 688 1402 743 καὶ
1433 688 1802 757 ἀσθενέστερα

213 768 309 822 καὶ
332 771 607 836 ἀναγκαῖα
632 771 760 834 τοὺς
776 770 1087 841 ὀφθαλμοὺς
1099 770 1300 839 λέγειν,
1318 772 1400 824 ὅτι
1422 770 1800 841 ἐλαττούμενοι

212 854 280 921 τῇ
314 851 569 921 δυνάμει,
612 851 998 906 πλεονεκτοῦσι
1021 855 1089 923 τῇ
1120 853 1303 924 χρείᾳ,
1330 852 1400 905 τά
1418 852 1476 906 δὲ
1504 854 1800 923 ἀτιμότερα

212 936 344 997 τοὺς
379 935 581 998 πόδας·
611 936 706 989 πα)⁵
744 936 856 1006 γὰρ
896 936 992 989 καὶ
1033 931 1178 989 οὗτοι
1225 934 1428 1006 πολλῆς
1464 936 1798 991 ἀπολαύουσι

212 1018 494 1087 προνοίας.

279 1114 349 1183 β’.
378 1110 513 1168 Εῐτα
538 1114 626 1168 ἵνα
658 1115 732 1186 μὴ
764 1114 928 1169 πάλιν
955 1114 1123 1185 ἀλλην
1143 1115 1445 1186 ὑπερϐολὴν
1471 1113 1796 1186 ἐργάσηται,

211 1198 345 1267 φησί
366 1214 382 1229 ο
422 1199 500 1250 Τὰ
524 1196 593 1249 δὲ
616 1196 971 1267 εὐσχήμονα
994 1196 1164 1266 ἡμῶν
1185 1200 1257 1251 οὺ
1278 1198 1486 1265 χρείαν
1510 1197 1654 1266 ἔχει.
1680 1198 1795 1251 Ἵνα

210 1280 321 1347 γὰρ
348 1280 424 1350 μή
447 1297 534 1341 τις
562 1278 726 1351 λέγῃ,
748 1282 859 1333 Kal
882 1283 1031 1343 ποῖος
1059 1274 1214 1342 οὗτος
1243 1280 1428 1347 λόγος;
1450 1277 1560 1333 τῶν
1592 1280 1690 1348 μὲν
1713 1297 1796 1333 τι-

212 1364 354 1434 μίων
375 1367 761 1435 καταφρονεῖν,
789 1368 901 1429 τοῖς
924 1365 981 1417 δὲ
1002 1362 1344 1432 ἀτιμοτέροις
1382 1364 1792 1433 προσεδρεύειν;

208 1448 331 1517 οὐχὶ
364 1447 831 1518 καταφρονοῦντες
886 1447 1043 1499 τοῦτο
1100 1445 1381 1514 ποιοῦμεν,
1435 1446 1621 1515 φησὶν,
1676 1445 1793 1499 ἀλλ’

210 1530 405 1601 ἐπειδὴ
450 1532 588 1583 αὺτά
619 1532 681 1582 ού
708 1531 899 1582 δεῖται.
936 1530 1047 1582 Kal
1078 1528 1180 1598 ὅρα
1213 1528 1400 1597 ἡλίκον
1429 1528 1704 1597 ἐγκώμιον
1735 1529 1791 1581 ἐν

208 1612 408 1682 βραχεῖ
437 1613 551 1674 θεὶς
578 1611 920 1681 παρέδραμε,
944 1618 1332 1681 συμφερόντως
1351 1610 1509 1664 τοῦτο
1537 1612 1633 1662 καὶ
1658 1628 1792 1680 χρη-

208 1697 389 1764 σίμως
422 1695 615 1747 ποιῶν.
667 1694 777 1746 Kal
806 1694 929 1747 οὐδὲ
962 1695 1213 1764 ἀρκεῖται
1259 1693 1456 1763 τούτῳ,
1510 1691 1647 1745 ἀλλά
1698 1693 1791 1744 καὶ

203 1780 391 1832 αἰτίαν
422 1776 748 1847 προστίθησι
777 1777 952 1845 λέγων
968 1792 982 1808 ·
1020 1778 1172 1831 Ἀλλ’
1199 1781 1231 1831 ό
1255 1777 1399 1842 Θεὸς
1414 1775 1789 1844 συνεκέρασε

202 1860 273 1914 τὸ
309 1859 500 1928 σῶμα,
535 1858 615 1925 τῷ
641 1859 997 1928 ὑστεροῦντι
1047 1860 1486 1927 περισσοτέραν
1521 1859 1665 1925 δοὺς
1702 1876 1788 1912 τι·

197 1944 351 2014 μὴν*
377 1944 480 1997 ἵνα
499 1942 586 2012 μὴ
608 1943 840 2011 σχίσμα
868 1937 908 2013 ᾗ
932 1943 1002 1995 ἐν
1023 1941 1105 2007 τῷ
1125 1942 1371 2012 σώματι.
1401 1943 1463 1996 Εἰ
1486 1942 1541 1995 δὲ
1573 1942 1791 1995 συνεκέ-

204 2043 397 2098 ρασεν,
435 2026 536 2078 οῦκ
568 2026 749 2095 ἀφῆκε
782 2026 844 2078 τὸ
876 2025 1200 2097 ἀτιμότερον
1230 2024 1546 2093 φαίνεσθαι·
1592 2023 1653 2077 τὸ
1682 2025 1791 2095 γάρ

202 2111 548 2180 κιρνὼμενον
577 2108 634 2160 ἒν
659 2109 887 2175 γίνεται,
913 2110 1007 2161 καὶ
1031 2109 1090 2160 ού
1118 2108 1365 2176 φαίνεται
1392 2107 1445 2159 τί
1467 2108 1572 2178 πρὸ
1594 2108 1787 2162 τούτου

197 2189 305 2263 ἦν·
339 2192 464 2243 ἐπεὶ
508 2191 628 2243 οὐδὲ
660 2190 727 2242 ἀν
767 2189 1069 2259 κεκρᾶσθαι
1095 2189 1227 2241 αὐτὸ
1276 2190 1516 2258 φαίημεν
1548 2188 1633 2241 ἀν.
1676 2190 1792 2264 Kal

197 2276 307 2345 δρα
334 2273 452 2335 πῶς
475 2271 712 2343 συνεχῶς
744 2272 814 2325 τά
842 2271 1203 2342 ἐλαττώματα
1226 2271 1561 2342 παρατρέχει
1591 2272 1783 2340 λέγων,

196 2355 285 2421 τῷ
317 2355 694 2423 ὑστεροῦντι.
738 2356 852 2409 Οὐκ
873 2351 1014 2419 εἷπε,
1038 2354 1116 2425 τῷ
1141 2355 1351 2425 ἀτίμῳ,
1388 2354 1466 2424 τῷ
1492 2356 1782 2425 ἀσχήμονι,

200 2442 359 2503 ἀλλὰ,
406 2441 487 2505 τῷ
510 2438 883 2507 ὑστεροῦντι.
925 2438 1291 2511 ’Υστεροῦντι,
1325 2437 1470 2502 πῶς;
1497 2439 1650 2491 Κατά
1682 2439 1785 2507 φύ-

202 2542 309 2577 σιν.
351 2522 796 2591 Περισσοτέραν
814 2521 957 2588 δοὺς
984 2522 1180 2590 τιμήν.
1208 2521 1317 2576 Kal
1346 2522 1433 2575 διὰ
1456 2520 1540 2586 τί;
1569 2522 1684 2575 Ἵνα
1710 2524 1783 2593 μὴ

199 2602 236 2681 ᾖ
268 2607 477 2675 σχίσμα
509 2607 568 2657 ἐν
595 2605 672 2674 τῷ
704 2603 938 2673 σώματι.
984 2603 1202 2675 Ἐπειδὴ
1234 2605 1340 2675 γὰρ
1375 2605 1575 2673 μυρίας
1604 2622 1784 2676 παρα-

202 2690 404 2760 μυθίας
432 2688 797 2746 ἀπολαύοντες
825 2685 1025 2755 ἦλγουν
1057 2686 1227 2749 ὅμως,
1270 2686 1363 2737 ἆτε
1396 2686 1655 2738 ἐλάττονα
1693 2687 1787 2739 λα-

197 2773 413 2833 ϐόντες,
459 2769 731 2821 δείκνυσιν
769 2769 851 2820 ὃτι
890 2766 1092 2833 μᾶλλον
1131 2766 1473 2836 ἐτιμήθησαν
1497 2782 1509 2795 ⁸
1555 2768 1638 2831 Τῷ
1676 2768 1784 2838 γὰρ

192 2853 582 2921 ὑστεροῦντι,
608 2850 764 2920 φησὶ,
790 2848 1227 2919 περισσοτέραν
1249 2849 1393 2914 δοὺς
1415 2850 1614 2919 τιμήν.
1648 2847 1780 2904 Εἶτα

194 2946 295 3000 καὶ
319 2944 414 2997 τὸν
444 2943 602 3011 λόγον
645 2943 863 3009 ἐπάγει,
911 2939 1124 2994 δεικνὺς
1150 2940 1230 2992 ὅτι
1271 2940 1658 3010 συμφερόντως
1689 2940 1783 2992 καὶ

192 3030 453 3098 ὑστερεῖν
486 3026 731 3093 ἐποίησε,
763 3024 859 3077 καὶ
890 3022 1154 3092 μειζόνως
1179 3021 1427 3091 ἐτίμησε.
1450 3023 1544 3084 Τίς
1574 3023 1629 3075 δὲ
1654 3024 1680 3075 6
1703 3022 1786 3074 λό-

190 3129 328 3179 70;;
364 3108 491 3164 Ἵνα
515 3108 599 3179 μὴ
622 3104 662 3179 ᾖ
693 3108 949 3175 σχίσμα,
988 3103 1173 3175 φησὶν,
1205 3106 1275 3156 ἐν
1298 3102 1374 3165 τῷ
1401 3104 1645 3173 σώματι.
1672 3105 1781 3157 Kal

189 3198 298 3249 οὐκ
329 3190 504 3255 εἶπεν,
551 3193 638 3245 Ἐν
663 3193 776 3252 τοῖς
806 3189 1044 3259 μέλεσιν,
1095 3186 1232 3250 ἀλλ’,
1277 3188 1379 3240 Ἐν
1413 3186 1493 3252 τῷ
1530 3187 1777 3257 σώματι.

189 3280 310 3333 Kal
334 3278 444 3347 γάρ
475 3274 622 3347 [280]
647 3272 817 3342 πολλὴ
835 3270 1056 3341 ἔμελλεν
1086 3270 1417 3340 ὴπλεονεξία
1450 3267 1607 3334 εἶναι,
1642 3273 1777 3326 είτά

191 3362 299 3433 μὲν
320 3361 415 3413 καὶ
433 3358 542 3412 ἀπὸ
566 3360 663 3427 τῆς
696 3354 911 3424 φύσεως
929 3352 1023 3405 καὶ
1047 3352 1157 3405 ἀπὸ
1172 3353 1269 3421 τῆς
1290 3353 1566 3425 ἡμετέρας
1588 3354 1779 3424 ἐθερα-

188 3443 397 3496 πεύετο
424 3441 699 3511 προνοίας,
725 3436 795 3488 τὰ
819 3435 874 3487 δὲ
903 3434 1020 3487 οὐδὲ
1043 3435 1308 3505 ἑτέρωθεν
1327 3453 1340 3467 ·
1360 3436 1451 3489 καὶ
1471 3437 1773 3508 ἀπεσχίσθη

192 3528 265 3579 ἂν
287 3526 560 3595 ἀλλήλων,
578 3522 638 3573 οὐ
657 3520 932 3589 δυνάμενα
953 3518 1137 3587 φέρειν
1165 3518 1257 3569 τὸν
1287 3519 1604 3590 σύνδεσμον·
1647 3523 1777 3573 ἀπο·

192 3609 527 3678 σχισθέντων
551 3604 607 3657 δὲ
633 3601 859 3666 τούτων,
879 3602 973 3654 καὶ
990 3604 1100 3665 τοῖς
1114 3602 1319 3665 λοιποῖς
1344 3603 1554 3671 ἐγίνετο
1579 3604 1769 3673 βλάϐη.

187 3688 351 3751 Εἶδες
373 3684 723 3751 πῶςέδειξεν
759 3683 1073 3750 ἀναγκαίως
1102 3682 1323 3753 μείζονα
1352 3684 1429 3753 τῷ
1457 3686 1772 3755 ὑστεροῦντι

183 3771 486 3842 δεδομένην
534 3769 734 3839 τιμήν;
771 3768 836 3820 Εἰ
877 3768 987 3838 γὰρ
1040 3768 1114 3839 μὴ
1161 3766 1317 3819 τοῦτο
1364 3768 1577 3836 γέγονε,
1616 3772 1768 3841 κοινὴ

185 3855 413 3908 πάντων
436 3851 502 3905 ἂν
542 3853 575 3920 ἡ
606 3849 751 3920 λύμη
797 3850 1064 3919 ἐγεγόνει,
1110 3850 1264 3919 φησί.
1320 3850 1431 3902 Kal
1460 3851 1568 3921 γὰρ
1603 3855 1651 3905 εἰ
1695 3854 1768 3924 μὴ

184 3935 396 3998 πολλῆς
419 3933 589 3987 ταῦτα
628 3931 760 4005 παρ’
791 3932 946 4003 ὑμῶν
992 3932 1270 3986 ἀπέλαυσε
1313 3932 1586 4000 προνοίας,
1634 3935 1771 4003 ἐπη-

186 4024 399 4096 ρεάσθη
421 4023 487 4075 ἂν
516 4024 590 4092 μὴ
613 4022 805 4091 ἔχοντα
833 4022 934 4092 τὴν
964 4021 1073 4075 ἀπὸ
1109 4022 1207 4090 τῆς
1246 4018 1463 4089 φύσεως
1491 4022 1764 4092 βοήθειαν·

182 4105 607 4178 ἐπηρεασθέντα
633 4106 715 4170 δέ,
745 4104 995 4158 ἀπώλετο
1024 4106 1090 4159 ἄν
1115 4122 1128 4135 ·
1176 4102 1488 4172 ἀπολόμενα
1517 4106 1592 4168 δέ,
1622 4105 1768 4176 ἔσχι-

183 4208 283 4246 σεν
314 4191 381 4243 ἀν
406 4189 467 4242 τὸ
496 4189 654 4258 σῶμα
680 4204 693 4218 ·
732 4188 1042 4257 σχισθέντος
1068 4187 1126 4240 δὲ
1151 4186 1244 4239 τοῦ
1278 4185 1548 4256 σώματος,
1574 4189 1669 4241 καὶ
1698 4189 1767 4242 τὰ

178 4274 356 4329 λοιπά
391 4273 456 4327 ἂν
476 4272 723 4326 ἀπώλετο
758 4271 831 4324 τά
865 4271 1045 4341 πολλῷ
1093 4269 1315 4341 μείζονα
1342 4276 1567 4324 τούτων.
1604 4272 1766 4342 Ὁρᾷς

177 4355 282 4411 ϐτί
304 4358 399 4409 καὶ
432 4356 531 4424 τῆς
568 4355 790 4407 ἐκείνων
828 4354 1087 4424 προνοίας
1124 4352 1306 4422 ἔχεται
1340 4354 1373 4422 ή
1406 4352 1609 4406 τούτων
1640 4356 1763 4406 ἐπι-

184 4440 429 4510 μέλειας
466 4440 539 4490 Ού
586 4437 694 4507 γὰρ
723 4435 897 4500 οὕτως
931 4437 990 4488 ἐν
1027 4443 1094 4506 τῇ
1129 4433 1305 4503 οἰκεία
1340 4433 1500 4503 φύσει
1534 4434 1597 4487 τὸ
1624 4432 1762 4489 εἶναι

174 4523 424 4593 ἐχουσιν,
464 4520 540 4583 ὡς
573 4522 630 4573 ἐν
658 4517 734 4588 τῷ
765 4518 979 4588 σώματι
1006 4512 1147 4571 εἶναι
1171 4516 1250 4568 ἐν.
1274 4516 1373 4569 Διά
1405 4516 1470 4587 δὴ
1496 4516 1675 4582 τοῦτο,
1696 4517 1763 4571 ἂν

180 4604 292 4676 μὲν
324 4606 387 4655 τὸ
415 4604 574 4673 σῶμα
599 4602 896 4672 ἀπόληται,
920 4601 1072 4654 οὐδὲν
1094 4601 1279 4661 αὐτοῖς
1302 4598 1493 4669 κέρδος
1519 4600 1619 4669 τῆς
1639 4601 1761 4655 καθ’

173 4689 420 4741 ἕκαστον
442 4686 682 4754 ὑγιείας·
712 4683 828 4737 ἀλλ’
849 4684 915 4739 ἀν
933 4700 996 4736 τε
1018 4682 1293 4752 ὀφθαλμὸς
1311 4680 1470 4752 μένῃ,
1494 4681 1558 4734 ἂν
1586 4700 1645 4736 τε
1676 4684 1762 4754 ῥὶς

170 4768 518 4838 διατηροῦσα
548 4770 608 4821 τὸ
638 4768 861 4833 οἰκεῖον,
889 4764 982 4819 τοῦ
1012 4765 1312 4834 συνδέσμου
1336 4763 1608 4828 λυθέντος,
1634 4766 1762 4835 ὄφε-

171 4855 277 4915 λος
296 4850 450 4904 οὐδὲν
466 4852 616 4905 ἐσται
640 4848 844 4902 λοιπόν·
873 4848 941 4901 ἂν
967 4847 1045 4912 δὲ,
1068 4848 1260 4900 τούτου
1284 4844 1553 4915 μένοντος,
1576 4849 1761 4903 ἐκεῖνα

173 4934 385 5010 βλαϐῇ.
420 4936 514 4986 καὶ
543 4931 966 4993 διαϐαστάζεται
1000 4930 1095 4983 καὶ
1127 4930 1263 5000 πρὸς
1283 4927 1492 4995 ὑγίειαν
1509 4931 1757 4985 ἐπάνεισι

168 5019 416 5090 ταχέως.
450 5018 589 5071 Ἀλλ’
645 5017 777 5080 ἴσως
806 5014 953 5068 εἷποι
983 5032 1069 5077 τις
1115 5014 1211 5067 ἀν’
1249 5010 1419 5063 Τοῦτο
1470 5014 1571 5082 μέν
1598 5016 1658 5067 ἐν
1680 5016 1757 5087 τῷ

172 5103 399 5171 σώματι
445 5099 600 5167 λόγον
652 5100 787 5169 ἔχει,
836 5098 919 5151 ὅτι
962 5097 1025 5149 τὸ
1065 5093 1325 5165 ύστεροῦν
1364 5098 1755 5168 περισσοτέραν

167 5183 345 5243 Βαϐε
366 5185 546 5252 τιμὴν,
583 5184 676 5236 ἐπὶ
706 5183 763 5235 δὲ
813 5180 925 5234 τῶν
961 5178 1264 5248 ἀνθρώπων
1306 5176 1427 5240 πῶς
1483 5179 1551 5232 ἂν
1596 5183 1756 5237 τοῦτο

168 5266 416 5338 φανείης
457 5264 578 5315 Ἐπὶ
631 5266 738 5318 τῶν
773 5261 1075 5334 ἀνθρώπων
1103 5263 1202 5332 μὲν
1227 5256 1320 5312 οὖν
1360 5260 1594 5330 μάλιστα
1625 5263 1755 5329 ἴδοις

164 5353 254 5407 ἂν
292 5346 445 5401 τοῦτο
477 5346 793 5414 συμϐαῖνον.
821 5346 931 5400 Kal
956 5348 1066 5416 γὰρ
1104 5347 1153 5399 οί
1174 5343 1304 5415 περὶ
1328 5344 1428 5412 τὴν
1459 5344 1754 5419 ἑνδεκάτην

161 5432 357 5501 ὥραν,
387 5426 592 5499 πρῶτοι
639 5428 730 5483 τὸν
759 5429 953 5499 μισθὸν
982 5427 1176 5481 ἔλαϐον
1196 5445 1210 5459 ·
1254 5427 1344 5479 καὶ
1366 5424 1443 5478 ’τὸ
1480 5426 1753 5499 πλανηθέν

163 5513 455 5582 πρόϐατον
487 5510 672 5563 ἔπεισε
688 5512 782 5564 τὸν
812 5512 1047 5584 ποιμένα
1064 5512 1134 5565 τὰ
1158 5512 1639 5579 ἐνενηκονταεννέα
1658 5531 1755 5568 κα.

161 5597 450 5661 ταλιπείν,
473 5592 567 5647 καὶ
598 5591 686 5645 ἐπ’
717 5594 849 5648 αύτδ
864 5595 1117 5665 δραμεῖν,
1137 5593 1233 5648 καὶ
1261 5592 1491 5663 εὺρηθέν
1517 5592 1754 5651 ἐϐαστά..

164 5680 329 5745 ζετο,
357 5678 457 5732 οὐκ
486 5672 770 5746 ἠλαύνετο·
813 5678 909 5731 καὶ
934 5680 963 5731 6
990 5678 1203 5739 ἄσωτος
1228 5676 1345 5739 υίὸς
1382 5675 1629 5740 πλείονος
1654 5680 1748 5735 τοῦ

165 5759 603 5831 εὐδοκιμηκότος
636 5758 737 5828 τῆς
781 5760 949 5830 τιμῆς
984 5759 1281 5814 ἀπέλαυσε·
1334 5758 1430 5813 καὶ
1463 5760 1493 5811 6
1545 5758 1750 5834 λῃστὴς

168 5846 288 5919 πρδ
357 5844 471 5898 τῶν
521 5838 834 5898 ἀποστόλων
888 5841 1249 5913 ἐστεφανοῦτο
1305 5840 1400 5896 καὶ
1443 5841 1749 5915 ἀνεκηρύτ-

1252 404 1319 462 IN
1361 404 1579 461 EPIST.
1622 402 1643 459 l
1681 401 1772 459 AD
1807 402 1964 460 ουκ.
2006 403 2239 462 ΗΟΜΙΙ..
2281 408 2472 464 XXXI.

3359 416 3465 469 230

1906 535 2049 574 τετο.
2084 522 2193 575 Kal
2224 526 2317 577 ἐπὶ
2360 526 2472 581 τῶν
2497 526 2771 581 ταλάντων
2797 526 2853 581 δὲ
2881 526 3041 580 τοῦτο
3071 527 3200 592 ῑδοις
3228 530 3294 583 ἀν
3323 548 3470 600 γινο-

1903 617 2083 672 μενον.
2108 605 2221 659 Kal
2248 607 2359 679 γὰρ
2392 610 2422 661 6
2452 610 2520 663 τά
2553 610 2713 663 πέντε
2736 610 2985 663 ,τάλαντα
3017 611 3194 665 λαϐὼν
3230 613 3325 667 καὶ
3349 614 3381 668 6
3401 620 3471 670 τὰ

1895 684 2010 748 δύο,
2039 686 2149 741 τῶν
2175 690 2356 745 αὐτῶν
2377 691 2708 764 ἠξιώθησαν,
2730 696 2824 748 xal
2861 695 3011 765 αύτῷ
3044 695 3121 765 τῷ
3145 697 3214 750 τά
3245 697 3342 751 δύο
3373 698 3470 753 λα-

1895 766 2010 853 ϐεῖν
2048 770 2254 853 πολλῆς
2291 774 2573 828 ἀπέλαυσε
2604 776 2805 846 μᾶλλον
2827 777 2927 848 τῆς
2956 778 3231 848 προνοίας.
3265 781 3329 833 Et
3358 783 3470 853 γάρ

1895 850 1963 903 τά
1990 851 2154 904 πέντε
2178 854 2542 927 ἐνεχειρίσθη,
2572 858 2646 929 μὴ
2685 858 3001 929 δυνάμενος,
3028 860 3122 913 τοῦ
3160 850 3379 925 παντὸς
3399 850 3468 918 ἂν

1893 930 2125 997 ἐξέπεσε
2146 952 2160 966 ·
2217 937 2513 1008 δεξάμενος
2544 940 2601 993 δὲ
2635 943 2703 994 τά
2729 941 2843 1006 δύο,
2889 934 3084 995 καῖ’τά
3111 946 3238 1014 παρ’
3270 945 3467 999 ἐαυτοῦ

1894 1016 2210 1089 πληρώσας,
2248 1021 2358 1074 τῶν
2390 1023 2573 1075 αὐτῶν
2602 1024 2807 1094 ἠξιώθη
2833 1024 2911 1094 τῷ
2943 1025 3012 1077 τὰ
3041 1026 3201 1079 πέντε
3233 1029 3468 1095 ἐργασα-

1896 1106 2062 1177 μένῳ,
2097 1109 2335 1180 τοσούτῳ
2388 1112 2813 1185 πλεονεκτήσας,
2860 1115 2970 1185 ὅσῳ
3017 1117 3114 1169 ἀπ’
3169 1118 3466 1170 ἐλαττόνων

1892 1191 2069 1245 πόνων
2112 1193 2220 1246 τῶν
2264 1194 2445 1247 αὐτῶν
2493 1196 2720 1267 ἐπέτυχε
2775 1200 3074 1268 στεφάνων.
3128 1200 3322 1253 Καίτοι
3369 1204 3466 1254 καὶ

1891 1275 2053 1337 αὐτὸς
2084 1274 2367 1346 ἄνθρωπος
2418 1272 2507 1348 ἦν,
2547 1278 2737 1349 ῶσπερ
2765 1282 2794 1331 6
2827 1281 2895 1333 τά
2923 1280 3085 1332 πέντε
3105 1297 3119 1311 ⁸
3154 1281 3269 1334 ἀλλ’
3316 1282 3467 1351 ὅμως

1889 1355 2042 1407 οὐδὲν
2080 1356 2215 1425 πρὸς
2245 1358 2408 1411 αὐτὸν
2453 1360 2481 1411 6
2512 1360 2791 1429 Δεσπότης
2827 1362 3287 1431 ἀκριϐολογεῖται,
3341 1362 3465 1415 οὐδὲ

1888 1439 2189 1507 ἀναγκάζει
2214 1440 2282 1493 τά
2310 1441 2451 1495 αἱ.τά
2474 1445 2648 1496 ποιεῖν
2672 1455 2697 1482 ι
2726 1443 2803 1513 τῷ
2834 1444 3121 1514 συνδούλῳ,
3149 1446 3270 1497 ούδέ
3294 1446 3461 1513 λέγει,

1886 1522 1986 1574 Διά
2014 1522 2065 1574 τί
2092 1523 2167 1591 μὴ
2193 1522 2509 1578 δύνασαιτά
2552 1525 2714 1578 πέντε
2738 1526 3107 1597 ἐργάσασθαι;
3154 1526 3376 1590 δικαίως
3396 1529 3465 1581 ἂν

1886 1604 2077 1657 εἰπών’
2113 1604 2252 1658 ἀλλά
2286 1608 2379 1659 καὶ
2420 1608 2583 1661 αὑτὸν
2616 1610 2980 1677 ἐστεφάνωσε.
3009 1607 3174 1662 Ταῦτ’
3203 1606 3297 1662 οὖν
3325 1610 3463 1662 εἰδό-

1884 1702 1997 1748 τες,
2043 1684 2118 1755 μὴ
2162 1687 2521 1756 ἐπεμϐαίνετε
2562 1693 2675 1753 τοῖς
2707 1691 2986 1745 ἐλάττοσιν
3018 1691 3067 1744 οί
3102 1691 3339 1762 μείζους,
3373 1692 3460 1745 ἴνα

1888 1767 1963 1838 μὴ
2014 1767 2119 1838 πρὸ
2169 1770 2394 1823 ἐκείνων
2423 1771 2651 1834 ἐαυτοῦς
2681 1772 2955 1842 βλάιίηιιτεο
3015 1774 3461 1845 ἀποσχιζομένων

1886 1851 1994 1920 γὰρ
2030 1849 2228 1915 αὐτῶν,
2260 1852 2321 1904 τὸ
2348 1852 2455 1905 πᾶν
2488 1853 2859 1924 διαφθείρεται
2892 1854 3069 1924 σῶμα.
3103 1856 3166 1905 Τί
3190 1857 3299 1927 γὰρ
3332 1857 3462 1910 ἄλλο

1886 1933 2003 1985 ἐστὶ
2035 1932 2215 2002 σῶμα,
2242 1934 2275 2005 ἢ
2311 1938 2372 1987 τὸ
2407 1935 2576 1988 πολλά
2607 1930 2747 1988 εἶναι
2790 1936 2925 2005 μέλη
2953 1954 2967 2001 ;
3004 1936 3187 2000 καθὼς
3230 1940 3325 1991 καὶ
3358 1940 3458 1991 αύ-

1884 2015 1975 2078 τός
2004 2032 2189 2085 φησιν,
2213 2016 2295 2068 ὅτι
2322 2016 2470 2089 [281]
2513 2018 2583 2071 Τὸ
2621 2016 2793 2085 σῶμα
2821 2019 2934 2073 οὐκ
2964 2018 3136 2070 ἐστιν
3154 2018 3224 2071 ἐν
3246 2018 3455 2088 μέλος,

1885 2098 2047 2152 ἀλλὰ
2081 2099 2304 2153 πολλά.
2360 2101 2424 2153 El
2465 2100 2644 2153 τοίνυν
2687 2099 2847 2152 τοῦτό
2875 2101 2991 2152 ἐστι
3027 2100 3206 2171 σῶμα,
3242 2103 3458 2171 φροντί-

1885 2179 2067 2250 ζωμεν
2098 2182 2191 2234 τοῦ
2218 2182 2286 2234 τά
2307 2180 2479 2234 πολλὰ
2511 2182 2693 2253 μένειν
2717 2183 2886 2237 πολλά
2907 2199 2919 2211 ·
2963 2184 3037 2247 ὡς
3069 2185 3163 2237 ἐὰν
3199 2186 3273 2255 μὴ
3299 2186 3457 2238 τοῦτο

1882 2260 2232 2333 διασώζηται,
2270 2265 2401 2335 περὶ
2445 2265 2514 2317 τὰ
2562 2265 2749 2335 καίρια
2784 2267 2817 2335 ἡ
2868 2264 3049 2335 πληγὴ
3099 2266 3329 2334 γίνεται.
3364 2268 3456 2320 Διὸ

1882 2343 1973 2396 καὶ
1999 2344 2160 2407 αὐτὸς
2199 2346 2259 2397 ού
2309 2346 2466 2398 τοῦτο
2508 2347 2665 2416 μόνον
2706 2348 2947 2409 ἀπαιτεῖ,
3002 2348 3063 2400 τὸ
3105 2348 3179 2418 μὴ
3228 2350 3456 2417 ἀποσχί-

1882 2424 2070 2489 ζεσθαι
2096 2426 2360 2495 ἀλλήλων,
2397 2429 2534 2482 ἀλλὰ
2564 2431 2659 2483 καὶ
2687 2430 2747 2483 τὸ
2787 2431 2993 2501 σφόδρα
3029 2431 3320 2502 συνῆφθαι.
3359 2433 3454 2484 El-

1882 2506 1997 2560 πὼν
2023 2508 2176 2575 γοῦν,
2200 2509 2331 2562 Ἵνα
2363 2510 2449 2578 μὴ
2577 2514 2812 2581 σχίσμα
2838 2515 2908 2567 ἐν
2934 2511 3014 2578 τῷ
3062 2512 3309 2582 σώματι,
3356 2516 3457 2568 οὐκ

1881 2591 2125 2662 ἠρκέσθη
2153 2592 2347 2663 τούτῳ,
2395 2592 2508 2645 ἀλλ’
2547 2594 2845 2663 ἐπήγαγεψ
2882 2597 3008 2649 Ἵνα
3033 2598 3097 2648 τὸ
3121 2597 3270 2649 αὐτὸ
3302 2600 3456 2665 ὑπὲρ

1880 2674 2170 2742 ἀλλήλων
2216 2674 2545 2744 μεριμνῶσι
2578 2674 2650 2727 τὰ
2677 2676 2835 2743 μέλη
2859 2689 2873 2705 ⁸
2910 2677 3105 2747 ἑτέραν
3134 2680 3226 2730 καὶ
3248 2678 3456 2749 ταύτην

1878 2759 2059 2809 αἰτίαν
2099 2758 2411 2827 προστιθεὶς
2456 2757 2551 2811 τοῦ
2600 2757 2669 2810 τά
2717 2758 2977 2812 ἐλάττονα
3024 2760 3270 2823 πλείονος
3318 2763 3457 2814 ἀπο-

1879 2838 2065 2891 λαύειν
2116 2842 2300 2908 τιμῆς.
2339 2842 2413 2892 Οὐ
2465 2841 2573 2910 γάρ
2619 2840 2705 2893 ἴνα
2760 2840 2834 2913 μὴ
2874 2840 3241 2913 ἀποσχίζηται
3291 2844 3455 2913 μόνον

1878 2922 2144 2992 ἀλλήλων,
2191 2922 2363 2985 οὕτως
2407 2923 2761 2993 ᾡκονόμησεν
2803 2928 2831 2977 6
2871 2925 3020 2988 Θεὸς,
3072 2925 3187 2978 ἀλλ’
3238 2927 3325 2979 ἵνα
3358 2931 3454 2983 καὶ

1877 3007 2065 3077 ἀγάπη
2161 3006 2331 3076 πολλὴ
2374 3006 2468 3058 καὶ
2516 3007 2757 3074 ὁμόνοια.
2792 3008 2853 3059 Εἰ
2881 3010 2988 3077 γάρ
3013 3010 3071 3060 ἐν
3099 3013 3165 3080 τῇ
3189 3009 3283 3062 τοῦ
3316 3010 3452 3081 πλη-

1878 3089 1992 3142 σίον
2036 3089 2281 3160 σωτηρίᾳ
2324 3090 2385 3141 τὸ
2435 3084 2574 3141 εἶναι
2617 3089 2851 3159 ἑκάστῳ,
2884 3093 2959 3160 μή
2989 3107 3078 3160 μοι
3121 3093 3181 3143 τὸ
3228 3092 3452 3146 ἔλαττον

1875 3172 2055 3225 καὶτὸ
2081 3172 2238 3224 πλέον
2270 3172 2428 3242 εἴπῃς
2447 3189 2461 3204 ·
2496 3171 2731 3225 ἐνταῦθα
2762 3175 2871 3242 γὰρ
2897 3174 2997 3226 οὐκ
3026 3174 3141 3226 ἐστι
3170 3175 3329 3228 πλέον
3357 3180 3451 3230 καὶ

1874 3254 2113 3307 ἔλαττον.
2166 3254 2436 3315 Μένοντος
2487 3255 2595 3324 γὰρ
2642 3253 2736 3307 τοῦ
2788 3255 3060 3324 σώματος,
3092 3253 3317 3311 δυνατὸν
3355 3261 3450 3313 καὶ

1872 3337 1973 3406 τὴν
2004 3335 2267 3405 διαφορὰν
2315 3337 2474 3389 ίδεῖν’
2522 3335 2898 3405 ἀπολλυμένου
2943 3337 3020 3401 δὲ,
3056 3337 3261 3392 οὐκέτιο
3312 3342 3449 3394 ἀπο-

1874 3417 2045 3471 λεῖται
2079 3417 2153 3482 δέ,
2190 3417 2255 3470 ἂν
2284 3418 2359 3488 μὴ
2389 3419 2483 3471 καὶ
2506 3417 2575 3470 τὰ
2596 3418 2857 3472 ἐλάττονα
2895 3419 3049 3490 μένῃ.

1942 3508 2013 3571 γ’.
2036 3501 2100 3554 Εἰ
2126 3502 2303 3554 τοίνυν
2335 3502 2429 3555 καὶ
2452 3502 2521 3554 τὰ
2546 3502 2753 3572 μεγάλα
2782 3503 3193 3577 ἀπολεῖται-τῶν
3234 3507 3447 3577 μικρῶν

1870 3584 2313 3655 ἀπορραγέντων,
2372 3585 2573 3655 ὁμοίως
2617 3586 2822 3655 ὀφείλει
2868 3587 3185 3642 ταῦτα-τῶν
3229 3590 3443 3660 μικρῶν

1871 3667 2199 3736 φροντίζειν,
2230 3666 2324 3720 καὶ
2352 3666 2524 3730 οὕτως
2554 3668 2629 3731 ὡς
2668 3668 2899 3730 ἑαυτῶν,
2931 3669 3027 3721 ἆτε
3057 3670 3114 3722 ἐν
3140 3673 3204 3739 τῇ
3236 3672 3444 3723 τούτων

1872 3750 2113 3821 σωτηρίᾳ
2146 3751 2240 3803 καὶ
2271 3751 2378 3803 τῶν
2406 3748 2670 3820 μειζόνων
2694 3753 2987 3821 μενόντων.
3017 3752 3181 3805 Ὥστε
3218 3754 3318 3807 κᾶν
3343 3773 3445 3824 μυο

1872 3834 2051 3903 ριάκις
2086 3832 2271 3902 λέγῃς,
2308 3834 2391 3885 ὅτι
2426 3833 2620 3902 ἄτιμον
2646 3833 2707 3885 τὸ
2742 3832 2905 3900 μέλος
2934 3834 3030 3885 καὶ
3054 3832 3299 3899 ἔλαττον,
3326 3835 3441 3889 ἀλλ’

1867 3916 1961 3969 ἐάν
1992 3914 2066 3986 μὴ
2104 3915 2303 3983 ὁμοίως
2342 3917 2600 3985 προνοῇς,
2652 3913 2727 3977 ὡς
2778 3917 2870 3968 καὶ
2920 3914 3140 3977 σαυτοῦ,
3196 3917 3310 3971 ἀλλ’
3365 3919 3442 3984 ὡς

1866 4002 2144 4063 ἐλάττονος
2193 4000 2422 4071 ἀμελῇς,
2457 4001 2491 4070 ὴ
2538 4000 2709 4071 βλάϐη
2745 4002 2826 4063 είς
2872 4000 2932 4053 σὲ
2964 4000 3306 4072 διαϐήσεται.
3340 4005 3441 4058 Διά

1864 4085 2022 4138 τοῦτο
2050 4080 2148 4137 οῦκ
2181 4081 2482 4147 εἶπεν,Ὶνα
2507 4082 2648 4149 ὑπὲρ
2672 4082 2917 4152 ἀλλήλων
2947 4083 3105 4146 μόνον
3133 4085 3441 4155 μεριμνῶσι

1862 4167 1931 4221 τά
1972 4165 2131 4237 μέλη,
2156 4165 2291 4219 ἀλλὰ
2329 4165 2689 4235 προσέθηκεν,
2722 4166 2860 4220 Ἵνα
2888 4167 2955 4218 τὸ
2984 4168 3128 4219 αὐτὸ
3158 4167 3310 4235 ὑπὲρ
3326 4168 3438 4222 άλ-

1861 4250 2072 4316 λήλων
2104 4256 2453 4319 μεριμνῶσι,
2471 4249 2772 4310 τουτέστιν,
2799 4248 2993 4318 ὁμοίας
3019 4248 3113 4301 xal
3142 4250 3243 4320 τῆς
3267 4252 3333 4304 αὑ
3345 4252 3439 4322 τῆς

1861 4332 1939 4403 τῷ
1973 4331 2195 4403 μεγάλῳ
2226 4330 2320 4383 καὶ
2346 4333 2374 4383 6
2410 4330 2605 4400 μικρὸς
2640 4330 2888 4403 ἀπολαύῃ
2915 4329 3189 4401 προνοίας.
3213 4334 3303 4403 Μὴ
3325 4334 3439 4386 τοί-

1861 4433 1956 4469 νυν
1990 4415 2170 4484 εἴπῃς,
2206 4415 2288 4466 ὅτι
2323 4413 2380 4465 Ὀ
2415 4412 2566 4465 δεῖνα
2603 4415 2631 4466 6
2668 4413 2848 4482 τυχών
2887 4416 3055 4479 ἐστιν,
3095 4414 3210 4467 ἀλλ’
3249 4416 3436 4481 ἐννόη-

1864 4516 1955 4551 σον
1986 4499 2068 4552 ὃτι
2104 4496 2263 4567 μέλος
2291 4497 2438 4549 ἐστὶν
2465 4495 2676 4548 ἐκείνου
2700 4494 2795 4547 τοῦ
2827 4494 3077 4564 σώματος
3106 4496 3201 4550 τοῦ
3229 4497 3290 4549 τὸ
3326 4501 3435 4552 πᾶν

1862 4578 2317 4652 συγκρατοῦντος·
2360 4580 2454 4632 καὶ
2509 4577 2701 4647 ὥσπερ
2748 4580 2777 4629 6
2833 4578 3135 4648 ὀφθαλμὸς,
3170 4579 3313 4634 οὕτω
3339 4584 3434 4635 καὶ

1860 4657 2017 4728 οὗτος
2062 4664 2208 4716 ποιεῖ
2260 4661 2422 4732 σῶμα
2454 4657 2595 4714 εἷναι
2640 4660 2702 4713 τὸ
2736 4659 2914 4730 σῶμα.
2944 4660 3113 4714 Ἔνθα
3141 4663 3249 4735 γὰρ
3278 4664 3344 4715 ἀν
3370 4665 3432 4717 τὸ

1862 4746 2024 4816 σῶμα
2070 4745 2441 4815 οίκοδομῆται,
2478 4745 2653 4806 οὐδεὶς
2705 4744 2859 4796 οὐδὲν
2900 4742 2993 4796 τοῦ
3043 4742 3270 4814 πλησίον
3314 4745 3429 4815 εχει

1859 4829 2043 4889 πλέον,
2076 4827 2211 4881 οὐδὲ
2244 4827 2353 4897 γὰρ
2383 4825 2543 4880 τοῦτο
2590 4829 2735 4878 ποιεῖ
2772 4826 2950 4895 σῶμα,
2974 4825 3036 4879 τὸ
3063 4822 3202 4879 είναι
3232 4828 3294 4879 τὸ
3328 4831 3430 4897 μὲν

1859 4914 2067 4984 μεῖζον,
2100 4911 2162 4963 τὸ
2190 4909 2246 4963 δὲ
2270 4910 2513 4973 ἐλαττον,
2545 4908 2681 4962 ἀλλά
2711 4908 2772 4961 τὸ
2801 4907 2973 4961 πολλά
3010 4902 3149 4984 εἶναι
3177 4910 3270 4962 καὶ
3305 4910 3427 4963 διά-

1856 4982 2021 5066 φορα.
2066 4993 2280 5062 Ὠσπερ
2325 4994 2437 5062 γὰρ
2473 4992 2560 5056 σὺ,
2609 4989 2794 5059 ἐπειδὴ
2835 4988 3034 5058 μείζων
3062 4982 3135 5055 εῖ,
3172 4990 3234 5045 τὸ
3264 4994 3427 5062 σῶμα

1857 5078 2215 5147 συνέστησας,
2241 5075 2383 5128 οὕτω
2420 5076 2513 5127 καὶ
2542 5067 2717 5135 οὗτος,
2750 5072 2940 5141 ἐπειδὴ
2968 5072 3226 5129 ἐλάττων.
3261 5075 3423 5128 Ὥστε

1854 5166 1889 5235 η
1927 5161 2221 5223 ἐλάττωσις
2259 5156 2444 5218 αὐτοῦ,
2492 5156 2620 5208 ὅταν
2660 5155 2756 5228 δέῃ
2780 5156 2842 5209 τὸ
2898 5157 3423 5235 σῶμα·οίκοδομεῖν,

1858 5232 2097 5314 ισότιμός
2145 5259 2229 5295 σοι
2283 5241 2494 5309 γίνεται
2525 5240 2606 5303 εἰς
2636 5240 2729 5293 τὸν
2774 5239 2936 5293 καλὸν
2980 5232 3168 5294 τοῦτον
3197 5239 3421 5312 ἔρανονο

1852 5332 1915 5384 τὸ
1942 5328 2051 5398 γὰρ
2066 5325 2206 5379 αὐτό
2251 5341 2334 5377 σοι
2382 5323 2640 5377 δύναταιο
2693 5324 2786 5377 καὶ
2838 5322 2997 5392 δῆλον
3043 5323 3275 5383 ἐκεῖθεν.
3330 5328 3423 5395 Μὴ

1854 5413 1993 5467 ἐστω
2017 5407 2239 5463 ἔλαττόν
2269 5425 2325 5461 τι
2363 5408 2458 5461 καὶ
2489 5406 2675 5477 μεῖζον
2720 5405 2901 5475 μέλος,
2953 5407 3091 5477 μηδὲ
3120 5408 3299 5479 τίμιον
3327 5410 3421 5461 καὶ

1853 5494 2197 5566 ἀτιμότερον,
2243 5493 2359 5547 ἀλλ’
2401 5492 2539 5546 ἔστω
2588 5490 2767 5544 πάντα
2815 5490 3118 5563 ὀφθαλμὸς,
3162 5492 3196 5561 ἢ
3241 5492 3419 5545 πάντα

1854 5577 2085 5650 κεφαλήο
2126 5578 2228 5631 οὐκ
2264 5576 2548 5632 ἀπολεῖται
2573 5575 2637 5627 τὺ
2666 5574 2862 5647 σῶμα;
2904 5576 3075 5629 [lavet
3106 5590 3211 5627 που
3236 5574 3418 5647 δῆλον.

1889 5792 1942 5863 .¹¹
1963 5790 2051 5840 διε
2065 5792 2195 5904 legit
2216 5787 2467 5849 interpres
2484 5793 2650 5863 vetn‘s.
2670 5793 2723 5866 ει
2740 5789 2820 5863 .sic
2856 5786 3005 5859 hgbel
3027 5786 3181 5839 Savil.
3206 5789 3256 5839 in
3290 5799 3422 5839 Iur-

1889 5866 1993 5904 me.
2023 5865 2103 5904 me
2146 5866 2204 5903 ιιε
2223 5862 2369 5904 quam
2394 5848 2545 5904 nam.
2565 5866 2625 5899 τα
2642 5866 2763 5900 αντα
2779 5865 2955 5900 mm.

1853 5853 1993 5921 giae,
2023 5848 2204 5906 melius
2223 5848 2369 5913 quam
2394 5848 2545 5912 Εάιιι,
2565 5852 2625 5899 τὰ
2642 5850 2763 5900 αύτά
2779 5848 2955 5900 πονεῖν.
