4086 6340
160 395 260 451 261

165 518 313 559 enim
339 509 420 568 tu,
445 495 572 571 quia
598 496 770 570 major
791 512 872 560 es,
901 512 1094 568 corpus
1121 494 1402 551 constituis
1428 511 1440 546 :
1470 494 1538 547 ita
1565 499 1621 546 et
1642 490 1746 554 hic,

163 591 296 664 quia
319 595 511 649 minor.
547 590 732 662 Itaque
755 591 1019 661 pusillitas
1049 589 1187 657 ejus,
1220 603 1342 641 cum
1369 601 1562 654 corpus
1589 583 1756 637 ωιιίιῖ-

163 697 298 737 care
327 691 581 750 oportet,
635 696 728 750 par
747 681 840 734 tibi
873 680 1077 733 honore
1117 678 1173 730 ﬁt
1210 677 1275 730 ad
1316 676 1451 728 hanc
1480 673 1755 743 pulchram

162 772 584 835 collectionem;
618 772 847 839 idipsum
870 771 1009 825 enim
1044 777 1217 837 potest
1241 766 1381 836 quod
1410 778 1462 819 tu
1489 784 1502 818 ;
1536 766 1584 817 id
1615 762 1756 833 quod

165 862 294 916 inde
319 863 491 930 palam
510 872 609 916 est.
628 862 740 916 Non
757 864 822 915 sit
838 861 922 916 vel
943 861 1114 914 minus
1138 859 1219 912 vel
1241 859 1412 926 majus
1433 858 1754 918 membrum.

165 966 272 1004 nrc
301 952 588 1006 honeStum
623 963 674 1006 et
704 953 876 1005 minus
921 951 1202 1003 honestum
1233 989 1246 1009 ,
1275 947 1368 1002 sed
1415 948 1521 999 sint
1577 947 1755 1000 omnia

164 1043 363 1096 oculus
389 1085 402 1106 ,
436 1051 526 1096 aut
555 1043 732 1096 omnia
761 1051 922 1110 caput
952 1056 964 1089 :
1020 1053 1198 1092 annon
1234 1038 1427 1106 peribit
1455 1050 1651 1104 corpus
1695 1036 1757 1088 il-

165 1134 318 1188 lud?
368 1134 420 1189 ld
471 1136 643 1189 cuivis
693 1131 1030 1187 manifestqu
1090 1138 1191 1182 est.
1249 1129 1455 1182 Rursus
1487 1127 1531 1180 si
1579 1127 1756 1180 otnnia

165 1230 279 1282 sint
303 1230 532 1292 minora,
552 1230 777 1297 idipsum
797 1224 1026 1279 eveniet.
1054 1223 1232 1291 Itaque
1261 1223 1311 1276 in
1337 1221 1438 1275 hoc
1464 1221 1622 1274 etiam
1648 1220 1717 1272 mi
1735 1247 1753 1257 -

167 1334 302 1372 uora
336 1329 462 1373 sunt
491 1319 735 1388 mqualia.
764 1315 816 1369 Si
850 1328 974 1368 vero
998 1322 1242 1381 oporteat
1270 1312 1394 1382 quid
1418 1312 1646 1380 amplius
1674 1310 1756 1362 di-

165 1426 316 1474 cere,
344 1420 402 1463 ttt
428 1419 638 1464 maneat
668 1422 882 1474 corpus,
915 1405 1090 1458 minor
1116 1415 1201 1459 est
1230 1407 1274 1458 is
1301 1405 1388 1474 qui
1417 1405 1592 1457 mittor
1615 1420 1626 1454 :
1651 1401 1754 1454 ita-

167 1517 277 1569 que
311 1513 530 1570 propter
562 1509 610 1553 te
643 1500 815 1552 minor
836 1507 937 1560 est,
961 1510 1011 1548 ttt
1040 1507 1090 1549 tn
1117 1512 1341 1562 magnus
1368 1509 1602 1549 maneas.
1636 1493 1758 1546 Ideo

167 1593 417 1646 eamdem
473 1591 636 1659 exigit
674 1588 741 1640 ab
790 1588 1043 1640 omnibus
1094 1587 1515 1654 providentiam;
1543 1593 1596 1638 et
1635 1601 1755 1636 cum

165 1683 433 1743 dixisset,
490 1680 557 1734 Ut
612 1681 673 1731 de
716 1679 887 1732 eodem
908 1696 1000 1748 pro
1031 1694 1083 1730 se
1121 1679 1334 1729 invicem
1390 1676 1609 1727 sollicita
1658 1675 1757 1726 sint

166 1773 416 1837 membra,
448 1773 547 1825 hoc
572 1786 758 1824 rursus
785 1772 1168 1838 interpretatur
1189 1768 1375 1821 dicens
1402 1783 1412 1817 :
1443 1765 1531 1818 26.
1565 1764 1632 1816 Et
1656 1768 1756 1816 sive

163 1864 290 1934 quid
340 1865 532 1934 patitur
588 1880 740 1916 unum
797 1861 1113 1926 membrum,
1158 1861 1539 1930 compatiuntur
1589 1859 1757 1910 omnia

165 1956 393 2009 membra
421 1972 439 2008 :
470 1957 572 2008 sive
608 1955 856 2025 gloriatur
887 1970 1042 2007 unum
1089 1952 1390 2014 membrum,
1439 1949 1756 2018 congaudent

163 2048 341 2099 omnia
391 2046 632 2100 membra.
696 2044 820 2098 Ideo
873 2045 1054 2107 enim,
1113 2043 1321 2112 inquit,
1371 2040 1754 2108 providentiam

163 2151 512 2190 cetnmunem
546 2135 694 2199 fecit,
721 2135 771 2186 iu
801 2143 943 2186 tanta
975 2132 1275 2186 differentia
1327 2132 1581 2183 unitatem
1622 2146 1754 2182 con-

162 2229 415 2287 stituens,
444 2236 499 2278 ut
521 2241 707 2279 eorum
732 2227 892 2278 etiam
920 2240 1038 2293 quae
1058 2225 1373 2291 contingunt
1395 2238 1583 2292 magna
1613 2232 1755 2275 esset

161 2320 498 2376 communio.
524 2318 656 2372 Nam
687 2319 730 2372 si
763 2334 882 2388 qua:
909 2318 1110 2385 geritur
1144 2333 1268 2385 erga
1300 2315 1604 2385 proximum
1637 2329 1753 2381 pro-

160 2411 426 2476 videntia,
457 2412 756 2465 communis
786 2422 866 2465 est
896 2412 1060 2472 salus,
1094 2425 1312 2462 necesse
1341 2417 1424 2462 est
1448 2417 1495 2460 el
1528 2405 1752 2476 gloriam

160 2518 217 2560 et
247 2520 540 2561 mmrorem
573 2521 912 2559 communem
935 2519 1077 2559 esse.
1121 2503 1242 2556 Tria
1278 2503 1438 2572 igitur
1461 2503 1546 2554 hic
1566 2500 1748 2569 requi-

164 2597 256 2660 rit,
292 2614 401 2649 non
431 2595 682 2660 discindi,
715 2595 806 2650 sed
836 2595 1325 2662 accuratejunctos
1374 2607 1493 2646 esse
1524 2608 1537 2656 ;
1575 2592 1754 2658 prmi-

158 2689 399 2741 dentiam
431 2697 665 2740 mutuam
692 2688 938 2740 similiter
960 2689 1169 2755 geri;ea
1195 2703 1311 2753 qum
1329 2683 1575 2737 accidunt
1601 2698 1752 2737 com-

162 2778 347 2831 munia
410 2777 667 2845 reputari.
720 2777 781 2829 Et
838 2781 1080 2844 superius
1133 2777 1346 2843 quidem
1402 2775 1559 2838 dicit,
1611 2773 1752 2842 quod

161 2868 617 2921 abundantiori-tn
672 2867 878 2921 dederit
929 2869 1186 2920 ItOttnrt'm
1219 2869 1264 2920 ei
1314 2867 1395 2917 cui
1441 2866 1633 2927 deest,
1685 2880 1753 2918 eo

159 2958 300 3027 quod
336 2969 486 3029 egeat
514 2975 528 3022 ;
563 2960 870 3020 ostendens,
897 2958 1035 3028 quod
1077 2958 1316 3010 defectus
1348 2958 1459 3026 ipse
1493 2957 1751 3026 majorem

157 3049 736 3103 concilicthouoretn:
773 3051 856 3102 hic
884 3059 1061 3102 autem
1108 3049 1224 3101 illos
1271 3059 1516 3117 emeqnat
1561 3063 1753 3102 secun-

157 3141 282 3193 dum
316 3140 458 3211 quod
491 3140 579 3193 alii
601 3140 822 3192 aliorum
857 3148 1094 3192 mutuam
1132 3137 1520 3206 providentiam
1561 3154 1748 3206 gerere

157 3233 380 3288 debent.
433 3232 557 3286 Idco
602 3248 832 3302 namque
880 3232 1081 3286 curavit
1119 3241 1173 3283 ut
1208 3230 1396 3300 majori
1449 3232 1752 3285 fruerentur

159 3323 388 3384 honore.
442 3326 646 3394 inquit,
695 3335 746 3378 ut
788 3342 852 3378 ne
895 3325 1084 3377 minori
1143 3339 1270 3377 cura
1325 3333 1379 3377 et
1419 3324 1748 3392 providentia

157 3415 426 3469 fruantur.
461 3417 573 3469 Non
600 3416 722 3471 hinc
754 3430 933 3470 autem
963 3417 1158 3478 solum,
1198 3417 1288 3469 sed
1321 3417 1479 3470 etiam
1510 3433 1570 3469 ex
1598 3417 1749 3470 bonis

155 3520 207 3559 et
243 3509 492 3561 tristibus
523 3525 642 3578 qure
671 3510 940 3569 acmdunt,
991 3510 1230 3563 membra
1276 3510 1614 3574 colligantur.
1655 3510 1746 3562 Et-

155 3604 298 3654 enim
333 3602 525 3670 pIantae
557 3603 705 3670 pedis
755 3617 897 3671 Saepe
928 3602 1085 3656 inﬁxa
1111 3603 1283 3670 Spina,
1331 3609 1503 3654 totum
1553 3617 1747 3671 corpus

155 3708 320 3746 sensu
339 3704 388 3746 ct
408 3694 762 3748 Sollicilttdiltc
791 3693 1044 3757 afﬁcitur,
1073 3702 1127 3746 et.
1149 3693 1368 3746 dorsum
1393 3693 1627 3746 flectitur
1653 3734 1667 3758 ,
1695 3702 1748 3746 et

156 3797 344 3836 venter
366 3795 416 3836 et
440 3783 642 3837 femora
688 3786 1116 3852 comprimuntur
1140 3825 1153 3848 ,
1181 3793 1232 3838 et
1257 3798 1445 3836 manus
1480 3794 1746 3851 tamquam

156 3868 417 3929 satellites
445 3885 499 3928 et
530 3875 758 3927 ministri
813 3876 1182 3942 procedentes,
1236 3874 1378 3943 quod
1411 3876 1630 3928 infixum
1663 3887 1747 3932 est

157 3969 467 4032 extrahual,
493 3976 546 4021 et
568 3976 727 4036 caput
757 3967 1044 4021 inclinatur
1070 4009 1083 4031 ,
1114 3967 1362 4035 oculique
1392 3982 1512 4020 cum
1538 3985 1663 4021 cura
1696 3979 1747 4021 et

156 4061 522 4115 sollicitudine
561 4077 749 4130 magna
807 4060 1124 4130 respiciunt.
1187 4061 1256 4114 Ita
1305 4070 1361 4114 ut
1406 4061 1614 4115 etiamsi
1655 4079 1746 4130 pes

158 4153 333 4202 minus
376 4150 565 4204 habeat
588 4193 601 4216 ,
632 4152 772 4220 quod
804 4169 906 4204 non
939 4154 1105 4219 possit
1126 4153 1421 4206 ascendere
1448 4170 1460 4214 ;
1511 4161 1744 4204 attamen

159 4240 296 4307 quod
329 4253 486 4307 caput
521 4242 826 4306 deduxerit,
862 4259 955 4309 par
985 4245 1080 4310 ipsi
1114 4253 1216 4305 est,
1250 4253 1301 4293 et
1334 4243 1521 4293 eodem
1554 4242 1745 4292 fruitur

159 4333 363 4384 honore
398 4349 412 4393 ;
447 4331 677 4384 maxime
701 4347 829 4386 vero
862 4332 1000 4400 quod
1039 4331 1200 4399 pedes
1250 4331 1517 4384 deducant
1572 4333 1741 4398 ipsum

159 4440 264 4477 non
296 4440 390 4492 per
420 4424 666 4492 gratiam,
693 4423 784 4477 sed
817 4439 908 4493 per
947 4424 1209 4477 debitum.
1257 4425 1462 4492 Itaque,
1510 4425 1552 4476 si
1604 4424 1744 4493 quod

161 4516 473 4570 honoratius
502 4516 566 4570 sit
601 4527 838 4586 superet,
865 4532 927 4570 ex
960 4533 1023 4570 eo
1051 4515 1189 4585 quod
1211 4517 1316 4570 tale
1346 4532 1465 4570 cum
1492 4517 1580 4582 sit,
1607 4516 1744 4571 infe-

160 4609 286 4662 tiori
311 4608 506 4662 debeat
537 4609 796 4662 honorem
819 4619 871 4662 et
895 4609 1339 4667 sollicitudinem,
1374 4618 1427 4660 et
1456 4610 1596 4675 quod
1625 4625 1742 4661 cum

159 4702 273 4760 ipso
294 4699 500 4763 doleat,
536 4699 662 4753 hinc
712 4699 1066 4767 a-qualitatem
1096 4699 1314 4750 multam
1343 4698 1548 4764 probat.
1607 4697 1744 4764 Quid

159 4793 299 4842 enim
330 4797 411 4841 est
435 4790 614 4856 planta
649 4792 799 4858 pedis
820 4791 1015 4843 vilius?
1047 4789 1173 4856 qttid
1204 4787 1378 4855 capite
1408 4790 1694 4854 pretiosius
1725 4790 1747 4840 ?

158 4888 260 4938 Sed
291 4886 394 4940 hoc
425 4886 569 4938 vadit
599 4888 663 4939 ad
700 4887 826 4940 illud
888 4886 1187 4940 membrum
1215 4926 1228 4949 ,
1256 4896 1308 4937 et
1340 4884 1516 4937 omnia
1564 4900 1744 4939 secum

155 4990 481 5035 commovet.
530 4979 759 5032 Rursum
792 4980 834 5030 si
870 4980 1009 5030 oculi
1053 4978 1177 5046 quid
1228 4979 1495 5046 patiantur
1521 5018 1533 5036 ,
1567 4979 1746 5033 onmia

157 5076 360 5140 dolent,
386 5083 440 5127 et
469 5070 646 5126 omnia
679 5071 730 5123 itt
763 5071 874 5124 otio
919 5083 1042 5123 sunt
1072 5086 1086 5131 ;
1120 5081 1172 5123 et
1211 5087 1384 5140 neque
1419 5069 1581 5140 pedes
1629 5088 1748 5140 gra-

157 5167 397 5232 diuntur,
433 5181 610 5237 neque
641 5179 832 5219 manus
859 5171 1173 5232 operantur,
1208 5180 1379 5232 neque
1409 5171 1597 5217 venter
1621 5164 1750 5217 soli-

158 5262 222 5316 tis
248 5259 414 5314 rebus
441 5260 634 5314 fruitur
665 5279 676 5314 :
709 5263 851 5329 atqui
877 5259 1157 5314 inﬁrmitas
1181 5269 1263 5313 est
1285 5260 1583 5313 oculorum.
1645 5262 1750 5313 (an

158 5360 399 5405 ventrem
432 5349 712 5418 liquefacis
733 5352 868 5406 ?Cur
900 5350 1060 5419 pedes
1083 5349 1323 5404 retines?
1350 5367 1445 5404 cur
1469 5365 1657 5404 manus
1680 5350 1746 5404 li-

157 5445 296 5515 gas?
349 5441 619 5512 Quoniam
674 5444 780 5498 illis
808 5460 868 5498 es
889 5445 1154 5514 alligatus,
1188 5452 1242 5496 et
1286 5444 1540 5500 ineffabili
1588 5445 1746 5498 modo

157 5551 350 5605 corpus
378 5543 548 5591 totum
572 5534 789 5602 patitur.
838 5534 951 5589 Nisi
991 5537 1132 5589 enim
1178 5545 1596 5606 compateretur,
1640 5551 1746 5590 non

161 5625 503 5682 sustinuisset
546 5638 670 5680 esse
699 5624 902 5678 socium
946 5641 1089 5680 curae
1119 5635 1172 5684 et
1201 5627 1573 5695 providentiae.
1622 5624 1746 5681 Ideo

161 5732 277 5772 cum
328 5717 591 5778 dixisset,
649 5713 717 5770 Ut
761 5713 813 5768 in
839 5715 1061 5781 idipsum
1091 5734 1181 5787 pro
1207 5734 1260 5770 se
1284 5717 1494 5772 invicem
1526 5716 1745 5771 sollicita

158 5811 252 5863 sint
281 5807 528 5867 utrnibrn,
558 5806 869 5874 subjunxit:
901 5805 1020 5861 Sire
1045 5811 1236 5875 patitur
1252 5826 1407 5864 unum
1439 5807 1734 5878 membrum,

506 5909 778 5968 Ρλτιιοι..
829 5911 943 5970 Gtt.
999 5911 1155 5974 LXI.

1207 380 1272 436 IN
1311 378 1529 436 EPIST.
1573 377 1590 431 I
1657 375 1745 432 AD
1787 373 1942 433 00R.
1985 375 2212 432 IlOlllL
2267 375 2458 431 XXXI.

3354 383 3462 437 9.62

1867 489 2242 561 compatiuntur
2285 491 2455 545 onmia
2501 493 2724 547 membra
2749 509 2768 547 :
2792 497 2896 548 sive
2938 494 3162 564 gloriﬁ...
3198 515 3257 548 :ir
3306 513 3459 550 unum

1869 580 2150 634 membrum
2174 613 2191 646 ,-
2236 581 2557 649 congaudent
2596 584 2767 636 omnia
2796 585 3040 638 membra.
3077 586 3141 639 Et
3191 587 3461 654 quomodo

1866 671 2226 742 congaudent,
2261 673 2515 744 inquies?
2543 673 2846 730 Coronatnr
2891 686 3072 744 caput,
3104 689 3158 732 et
3188 691 3332 732 totus
3364 679 3460 734 ho.

1868 777 1958 816 mo
2010 763 2344 831 glorificatur
2372 782 2384 817 :
2416 781 2739 835 quamquam
2763 782 2824 819 os
2849 765 2998 829 dicit,
3033 779 3086 822 et
3113 768 3290 823 rident
3317 771 3462 826 oculi

1864 864 1920 907 et
1946 854 2229 910 Letantur:
2266 873 2372 910 non
2401 869 2484 912 est
2509 860 2787 913 oculorum
2825 861 3205 931 pulchritudo,
3240 864 3334 917 sed
3361 865 3461 919 liti-

1864 960 1981 1014 gua:
2010 945 2279 1002 facundia.
2317 950 2520 1005 Rursus
2546 992 2560 1013 ,
2595 952 2640 1006 si
2670 953 2875 1021 pulchri
2919 965 3218 1023 appareant
3266 956 3409 1009 oculi
3441 1000 3456 1016 ,

1866 1043 1972 1088 tota
2005 1037 2196 1090 mulier
2224 1049 2477 1092 ornatur:
2512 1043 2649 1096 sicut
2677 1043 2840 1098 etiam
2865 1047 3028 1110 oculi,
3063 1047 3105 1099 si
3145 1057 3324 1101 rectus
3364 1063 3459 1100 na.

1863 1144 1976 1194 sus,
2005 1131 2202 1185 collum
2256 1142 2492 1199 rectum,
2519 1143 2570 1188 et
2599 1135 2698 1187 alia
2743 1138 2982 1191 membra
3014 1138 3315 1204 laudentur,
3368 1139 3458 1192 la?-

1866 1228 2044 1275 tantur
2063 1231 2117 1276 et
2145 1237 2253 1292 prae
2273 1224 2468 1292 gaudio
2487 1226 2723 1295 gestiunt
2751 1244 2764 1288 ;
2795 1242 2857 1280 ac
2887 1243 3100 1283 rursum
3147 1231 3451 1302 lacryinan-

1866 1323 1950 1365 tnr
1981 1313 2030 1365 in
2071 1312 2351 1369 doloribus
2374 1324 2427 1370 et
2450 1315 2849 1372 calamitatibus
2866 1334 3077 1387 eorum,
3119 1323 3330 1376 etiamsi
3358 1324 3456 1393 ipsi

1865 1405 2015 1459 illzesi
2044 1418 2312 1462 maneant.

1935 1499 1988 1550 4.
2018 1498 2144 1553 Ilmc
2173 1515 2301 1568 ergo
2327 1517 2516 1556 omnes
2567 1503 2883 1573 cogitantes,
2936 1506 3206 1560 imitemur
3257 1505 3446 1559 horum

1864 1589 2227 1642 ntembrorum
2259 1590 2622 1656 dilectionem,
2664 1611 2836 1665 neque
2876 1599 3142 1650 contraria
3178 1597 3454 1661 faciamus,

1865 1678 2018 1731 malis
2049 1682 2276 1746 proximi
2313 1684 2654 1750 insultantes,
2685 1697 2740 1740 et
2784 1689 2898 1756 ejus
2927 1691 3080 1744 benis
3115 1691 3415 1744 invidentes
3442 1709 3453 1742 :

1867 1767 2153 1822 furentium
2183 1773 2325 1823 enim
2358 1772 2460 1826 hoc
2487 1783 2570 1827 est
2596 1785 2649 1827 et
2675 1792 2861 1830 eorum
2890 1780 2975 1847 qui
3006 1781 3054 1832 in
3073 1796 3152 1833 exi
3172 1796 3292 1834 essu
3320 1797 3459 1834 men-

1866 1861 1932 1913 tis
1955 1862 2317 1916 snnt.Etenitn
2340 1865 2428 1931 qui
2459 1865 2644 1918 effodit
2666 1869 2902 1932 oculum,
2931 1874 3225 1925 maximum
3261 1873 3459 1940 profert

1863 1953 2108 2006 amentia:
2136 1954 2344 2022 signum
2377 1972 2389 2006 :
2421 1964 2474 2008 et
2520 1957 2607 2025 qui
2636 1973 2850 2011 manuni
2883 1961 3084 2024 exedit,
3143 1976 3342 2029 aperta:
3375 1966 3458 2016 in-

1865 2045 2027 2098 sania:
2055 2057 2424 2114 argumentum
2453 2050 2668 2116 pra'bet.
2701 2050 2754 2103 Si
2783 2061 2958 2104 autem
2983 2053 3080 2106 hoc
3106 2055 3154 2106 in
3177 2056 3457 2118 membris,

1863 2133 1915 2186 in
1948 2134 2200 2188 fratribus
2248 2137 2494 2191 similiter
2545 2139 2838 2194 admissum
2893 2141 3212 2207 insipientite
3260 2143 3455 2199 famam

1864 2223 2039 2288 affert,
2073 2235 2125 2278 et
2153 2242 2257 2279 non
2293 2228 2406 2282 leve
2435 2228 2815 2292 detrimentum
2855 2232 3072 2287 inducit.
3106 2234 3236 2288 Nam
3265 2251 3455 2306 quam-

1864 2314 1955 2367 diu
2002 2317 2091 2369 ille
2139 2319 2469 2386 resplendet,
2509 2328 2593 2373 tua
2623 2337 2837 2391 quoque
2887 2323 3056 2378 forma
3104 2339 3347 2395 apparet,
3404 2314 3459 2382 et

1863 2421 2058 2474 corpus
2090 2415 2256 2460 totum
2286 2421 2540 2476 ornatur;
2575 2429 2746 2482 neque
2788 2415 2931 2468 enim
2960 2417 3022 2467 ad
3053 2433 3110 2470 se
3132 2418 3304 2471 solum
3337 2420 3456 2487 pul-

1861 2498 2217 2553 chritudinem
2246 2501 2477 2566 adducit,
2510 2504 2602 2557 sed
2625 2517 2676 2558 et
2711 2506 2800 2560 tibi
2827 2508 3087 2576 gloriandi
3118 2512 3290 2564 locum
3323 2527 3459 2580 prae-

1865 2589 1956 2645 bet
1987 2607 2001 2644 :
2035 2591 2079 2645 si
2103 2601 2279 2646 autem
2314 2594 2460 2647 illum
2483 2598 2812 2665 exstinguas,
2844 2601 2937 2652 toti
2975 2603 3188 2671 corpori
3217 2619 3458 2658 commu-

1866 2697 1958 2736 nes
1982 2683 2229 2739 tenebras
2256 2684 2501 2751 effecisti,
2532 2696 2585 2739 et
2613 2687 2860 2742 omnibus
2895 2693 3154 2745 membris
3203 2695 3456 2750 induxisti

1863 2772 2251 2840 calamitatem;
2281 2785 2335 2829 ut
2356 2791 2419 2830 ex
2443 2777 2733 2844 contrario,
2761 2781 2802 2832 si
2830 2779 3199 2849 Splendentem
3231 2800 3450 2841 Conser-

1864 2880 1978 2925 ves,
2025 2867 2185 2919 totius
2234 2870 2474 2934 corporis
2509 2869 2730 2924 formam
2779 2889 3089 2928 conservas.
3117 2875 3285 2930 Nemo
3312 2880 3454 2933 enim

1863 2956 2008 3021 dicit,
2041 2955 2267 3011 Pulcher
2292 2966 2372 3012 est
2395 2960 2601 3022 oculus,
2623 2962 2716 3015 sed
2741 2964 2902 3030 quid?
2933 2964 3187 3020 Formosa
3217 2979 3296 3022 est
3319 2970 3403 3024 illa
3441 2983 3455 3033 ;

1862 3051 1906 3103 si
1936 3058 2112 3104 autem
2146 3061 2198 3103 et
2232 3051 2341 3121 ipse
2386 3051 2649 3116 laudetur,
2681 3064 2802 3122 post
2842 3072 3126 3112 commune
3153 3064 3454 3116 encomium

1863 3143 2127 3198 laudatur.
2157 3145 2245 3197 Sic.
2267 3153 2319 3198 et
2347 3147 2393 3198 ia
2420 3146 2650 3199 Ecclesia
2674 3148 2952 3217 contingit.
2986 3149 3038 3204 Si
3066 3153 3206 3205 enim
3240 3154 3452 3221 quidam

1860 3236 1986 3302 sint,
2021 3237 2108 3303 qui
2141 3236 2274 3288 bona
2311 3238 2444 3288 fama
2492 3237 2778 3304 gaudeant,
2829 3249 2993 3292 totum
3041 3257 3234 3310 corpus
3284 3244 3456 3300 laudis

1859 3324 2091 3379 fructum
2141 3327 2387 3394 percipit.
2436 3327 2636 3380 Inimici
2667 3345 2895 3397 namque
2927 3336 3168 3387 cncomia
3221 3352 3324 3388 non
3375 3338 3456 3391 dio

1859 3418 2152 3486 stinguunt,
2179 3418 2269 3470 sed
2299 3419 2646 3487 cenjungunt.
2676 3421 2798 3474 Etsi
2828 3422 2946 3490 quis
2971 3423 3176 3477 dicendi
3211 3427 3454 3482 facundia

1858 3509 2047 3567 \alcat,
2085 3524 2188 3560 ttott
2220 3509 2364 3560 illum
2411 3511 2584 3563 solum
2633 3513 2894 3565 encomiis
2921 3514 3212 3580 celebrant,
3264 3519 3356 3571 sed
3401 3530 3455 3574 et

1859 3610 2018 3652 totam
2069 3599 2382 3652 Ecclesiam.
2435 3601 2616 3669 Neque
2649 3605 2790 3655 enim
2841 3605 3026 3658 dicunt
3074 3619 3314 3672 tantum,
3363 3611 3456 3666 Ille

1858 3692 2115 3745 mirabilis
2161 3701 2262 3751 est,
2314 3691 2408 3745 scd
2465 3693 2628 3760 quid?
2659 3694 2951 3748 Mirabilem
2994 3696 3265 3752 doctorem
3296 3701 3451 3754 Chri-

1856 3784 2010 3834 Sliani
2066 3783 2261 3836 hab-‘Ill
2297 3801 2305 3833 :
2341 3793 2392 3836 et
2432 3799 2770 3837 communem
2803 3785 2997 3838 faciunt
3036 3793 3448 3856 pos~essiunem,

1857 3875 2012 3941 Atqui
2037 3873 2207 3927 Gra‘ci
2239 3874 2453 3940 quidem
2478 3875 2827 3940 eottjunaunt,
2860 3889 2911 3927 tu
2964 3893 3092 3931 vero
3139 3880 3361 3942 dividis,
3400 3893 3450 3935 ct

1854 3984 1970 4021 cum
1999 3977 2087 4017 tuo
2113 3981 2339 4034 corpore
2373 3981 2573 4034 pugnas
2603 3967 2811 4034 tuisque
2845 3971 3097 4022 membris
3119 3972 3451 4030 advt-rsars?

1856 4057 2057 4120 Νιιερίδ,
2091 4058 2191 4110 hoc
2220 4058 2397 4109 omnia
2427 4058 2780 4110 subvertere?
2813 4075 2931 4112 nam
2967 4061 3219 4131 Regnum,
3257 4065 3447 4134 inquit,

1853 4149 1901 4197 in
1933 4149 2148 4212 scipsnm
2180 4151 2390 4198 divisum
2421 4167 2519 4200 non
2547 4152 2691 4201 stabit
2721 4150 2740 4220 (
2769 4150 2929 4204 Marc.
2969 4153 3053 4210 I2.
3095 4155 3163 4206 93

1928 4238 2076 4309 Nihil
2099 4240 2168 4289 ita
2195 4235 2405 4290 dissidia
2435 4241 2566 4304 parit
2601 4249 2651 4288 nt
2675 4242 2883 4315 invidia.
2905 4244 3126 4294 ——.\'ihil
3161 4258 3336 4297 au'cut
3375 4248 3442 4301 ita

1852 4332 2036 4385 dividit
2057 4339 2353 4400 etscparat,
2377 4340 2430 4382 ut
2450 4331 2642 4382 invidia
2666 4331 2882 4391 etlivor,
2907 4333 2990 4386 hic
3009 4336 3185 4402 gravis
3207 4341 3444 4400 morbus,

1852 4430 1938 4498 qui
1966 4428 2107 4479 omni
2132 4428 2286 4480 venia
2309 4427 2565 4494 privatur,
2587 4425 2921 4478 etmalorum
2956 4428 3135 4481 radice
3151 4431 3443 4483 secundum

1852 4520 1976 4589 quid
2024 4520 2236 4587 gravior
2279 4529 2379 4572 est.
2424 4519 2630 4571 Avarus
2675 4520 2816 4571 enim
2871 4531 2994 4573 tunc
3045 4522 3272 4582 hetatnr,
3325 4539 3446 4578 enm

1853 4611 2151 4678 aceeperit;
2187 4610 2396 4662 invidus
2427 4624 2554 4661 vero
2597 4619 2721 4661 tunc
2770 4609 2987 4676 gaudet,
3016 4626 3135 4663 cum
3179 4613 3313 4664 alius
3342 4628 3448 4667 non

1854 4703 2136 4769 προρριτίι,
2170 4716 2273 4754 non
2311 4713 2430 4752 cum
2476 4699 2587 4766 ipse
2612 4701 2878 4766 accoperit
2906 4717 2918 4751 :
2947 4699 3264 4754 beneﬁcium
3307 4719 3453 4758 nam.-

1854 4809 1956 4860 quc
1986 4807 2136 4844 suum
2163 4798 2310 4860 putat
2347 4789 2573 4841 aliorum
2605 4789 3006 4848 adversitatem,
3040 4805 3144 4842 non
3178 4794 3445 4860 propriam

1856 4887 2184 4942 felicitatem,
2241 4882 2543 4936 communis
2572 4883 2834 4951 quisniatn
2875 4883 3042 4937 hostis
3076 4884 3321 4940 humanm
3352 4903 3450 4940 ua-

1855 4986 1985 5031 turte
2014 4973 2354 5038 circumiens,
2384 4985 2436 5028 et
2461 4973 2656 5028 Christi
2687 4975 2920 5029 membra
2960 4977 3265 5044 percutiens
3300 4995 3313 5031 :
3348 4996 3453 5046 quo

1855 5070 1978 5138 quid
2029 5070 2276 5125 furiosius
2323 5070 2518 5124 fuerit?
2555 5071 2768 5124 Daemon
2820 5073 3019 5125 invidet
3063 5075 3302 5142 quidem,
3357 5077 3450 5128 Sed

1855 5163 2181 5226 hominibus,
2211 5165 2518 5217 daemonum
2547 5181 2670 5216 vero
2701 5165 2826 5218 nulli
2852 5183 2863 5216 :
2897 5176 2950 5218 ιιι
2991 5181 3116 5220 vero
3148 5166 3309 5221 homo
3332 5186 3450 5221 cum

1855 5259 1949 5319 sis,
1985 5256 2289 5310 hominibus
2319 5256 2544 5319 invides,
2597 5268 2650 5309 et
2679 5257 2940 5312 adversus
2984 5263 3340 5314 contribulem
3402 5270 3455 5316 et

1855 5362 2214 5413 congenerem
2271 5346 2542 5414 insurgis,
2597 5349 2736 5417 quod
2809 5367 2980 5418 neque
3034 5351 3244 5406 da-mon
3307 5352 3452 5406 facit.

1856 5438 2090 5505 Ecquam
2159 5439 2560 5493 excusationem
2635 5450 2688 5492 et
2747 5440 3119 5496 defensionem
3191 5441 3451 5498 habebis?

1853 5545 1974 5584 eum
2030 5529 2230 5584 videris
2290 5529 2505 5584 fratrem
2557 5547 2812 5600 prospere
2864 5543 3157 5604 agentem,
3231 5545 3447 5592 contreo

1840 5622 2037 5678 .miscis
2073 5632 2124 5676 et
2159 5622 2346 5690 palles,
2376 5639 2497 5678 cum
2522 5635 2794 5693 oporteret
2815 5634 2865 5680 te
2891 5640 3172 5694 coronare,
3205 5627 3376 5682 lietari
3400 5639 3454 5684 et

1855 5713 2143 5771 exsultare.
2179 5713 2233 5768 Si
2259 5723 2436 5768 autem
2468 5713 2600 5768 velis
2616 5731 2737 5770 eum
2761 5715 3022 5783 armulari,
3045 5732 3150 5772 non
3181 5717 3449 5788 impedio:

1856 5808 2135 5870 :emularc,
2168 5806 2260 5862 sed
2297 5817 2354 5861 ut
2384 5807 2481 5875 illi,
2504 5807 2714 5863 laudem
2743 5809 2841 5864 sibi
2885 5810 3189 5866 concilianti
3212 5851 3228 5878 ,
3259 5811 3450 5870 similis

3027 5911 3104 5972 17
