4086 6340
550 307 663 361 εδδ

552 419 661 482 sis;
717 428 825 469 non
878 420 941 467 ut
984 412 1136 466 illum
1181 410 1423 480 dejicias.
1470 409 1564 465 sed
1597 407 1742 462 utad
1772 407 1911 462 idem
1937 406 2150 460 culmen

553 505 857 575 pervenias,
884 509 947 556 ut
966 498 1212 555 eamdem
1230 550 1233 555 λ
1253 501 1501 554 virtutem
1527 499 1805 553 exhibeas.
1845 496 1970 551 lla-c
1988 528 1997 535 ι
2014 496 2149 549 bona

552 607 637 655 est
656 596 947 659 emutatio,
982 593 1200 658 imitari,
1229 608 1338 647 non
1365 594 1703 661 itnpngnane,
1735 606 1841 644 non
1873 589 2058 644 dolere
2084 587 2153 641 de

552 692 748 748 alienis
770 690 949 756 bonis,
974 689 1070 743 sed
1101 687 1339 743 morderi
1367 687 1435 741 de
1460 684 1691 756 propriis
1720 683 1872 738 malis
1901 699 1914 735 :
1947 682 2032 737 cui
2074 681 2151 737 rei

556 782 886 838 contrarium
942 779 1065 833 facit
1139 777 1380 842 invidia;
1432 791 1557 831 nam
1615 774 1829 845 propria
1879 772 2153 843 negligens

556 874 717 939 mala,
744 873 813 927 de
841 872 1032 927 alienis
1059 870 1214 925 bonis
1259 868 1511 925 tabescit.
1535 868 1744 936 Pauper
1772 866 1915 921 enim
1946 880 2053 920 non
2080 864 2152 919 ita

556 980 586 1020 a
614 972 929 1036 paupertate
958 978 1053 1017 sua
1080 960 1378 1028 mordetur,
1433 975 1592 1030 quam
1620 973 1651 1013 a
1678 957 1906 1029 proximi
1942 957 2151 1027 copiis:

556 1071 665 1127 quo
709 1055 835 1126 quid
881 1054 1096 1125 gravius
1133 1052 1328 1107 fuerit?
1355 1050 1453 1106 ille
1498 1049 1696 1122 quippe
1729 1050 1784 1105 in
1812 1049 1936 1116 hoc,
1960 1059 2018 1104 ut
2037 1050 2148 1120 jam

556 1147 690 1215 dixi,
722 1162 885 1201 avaro
910 1146 1071 1201 etiam
1103 1143 1255 1217 pejor
1270 1152 1355 1200 est
1378 1162 1393 1198 :
1415 1144 1503 1199 ille
1526 1144 1670 1199 enim
1695 1157 1817 1198 cum
1843 1141 1971 1213 quid
2000 1156 2152 1197 acce-

560 1239 728 1308 perit,
772 1236 1008 1309 gaudet;
1035 1235 1126 1291 hic
1156 1249 1319 1301 vero,
1354 1249 1477 1289 cum
1504 1234 1643 1289 alius
1698 1248 1805 1287 non
1853 1232 2152 1301 acceperit,

561 1331 791 1386 laetatur.
839 1328 1225 1399 Quamobrem,
1276 1327 1527 1391 obsecro,
1582 1325 1719 1380 hanc
1760 1324 1958 1379 malam
1986 1324 2156 1379 relin-

558 1433 785 1489 quentes
814 1422 954 1475 tiam
978 1430 1035 1476 et
1061 1420 1131 1474 ad
1157 1420 1331 1474 zelum
1363 1420 1561 1473 bonum
1597 1418 1786 1472 mutati
1821 1417 1981 1488 (nam
2035 1416 2159 1472 talis

559 1513 711 1568 zelus
756 1512 1048 1567 vehemens
1076 1519 1161 1565 est
1203 1519 1259 1565 et
1303 1509 1425 1579 igne
1468 1506 1874 1579 vehementior)
1899 1550 1912 1572 ,
1965 1523 2170 1578 magna.

562 1604 684 1658 inde
706 1602 1017 1675 percipiatis
1040 1601 1200 1656 bona.
1235 1598 1325 1654 Sic
1355 1608 1409 1653 et
1440 1598 1637 1654 Paulus
1661 1597 1878 1654 Iudaeos
1903 1598 1970 1653 ad
1998 1597 2155 1653 tidem

559 1694 889 1757 deducebat,
916 1691 1105 1748 dicens
1133 1708 1145 1745 :
1180 1690 1243 1744 Si
1270 1688 1525 1760 quomodo
1554 1689 1622 1743 ad
1646 1692 1993 1744 wittulandum
2035 1707 2158 1761 pro-

561 1801 731 1840 vocem
756 1800 962 1839 carnem
988 1800 1183 1848 meam,
1213 1791 1262 1837 et
1300 1781 1470 1836 salsos
1510 1781 1701 1853 faciam
1742 1782 1941 1850 aliquos
1966 1797 2032 1836 ea:
2057 1782 2161 1835 illis

562 1880 578 1943 (
604 1878 752 1932 Rom.
786 1877 874 1941 ll,
909 1874 1031 1947 ιι).
1060 1873 1193 1929 Nam
1214 1874 1305 1943 qui
1334 1874 1403 1926 ita
1431 1871 1716 1927 aemulatur
1738 1881 1794 1926 ut
1815 1872 1906 1926 ille
1926 1871 2157 1937 volebat,

562 1985 668 2022 non
697 1966 923 2023 tabescit
943 1980 1065 2020 cum
1098 1963 1293 2019 viderit
1322 1963 1489 2017 alium
1515 1962 1566 2016 in
1602 1962 1737 2017 bona
1768 1961 2163 2017 existimatione

560 2074 704 2128 e~se,
736 2058 830 2115 sed
874 2057 1091 2129 quando
1118 2056 1312 2109 viderit
1348 2070 1408 2109 se
1447 2071 1552 2108 non
1600 2053 1650 2108 id
1678 2056 1910 2124 assequi.
1946 2053 2164 2109 Invidus

562 2164 695 2205 vero
722 2164 829 2205 non
858 2149 939 2203 sic
964 2188 979 2211 ,
1008 2146 1102 2200 sed
1130 2160 1253 2201 cum
1286 2145 1446 2199 alium
1480 2159 1737 2215 prospere
1788 2153 2034 2215 agentem
2080 2145 2163 2199 vi-

562 2243 742 2307 derit,
775 2242 943 2297 veluti
988 2240 1203 2311 quidam
1246 2239 1397 2295 fucus
1440 2250 1543 2305 est,
1588 2241 1676 2310 qui
1715 2240 1923 2295 alienos
1953 2240 2166 2295 labores

564 2333 885 2399 labefactat;
906 2341 963 2389 et
978 2347 1269 2402 numquam
1298 2332 1413 2403 ipse
1435 2347 1655 2403 surgere
1673 2341 1859 2397 tentat,
1886 2332 2020 2387 ﬂens
2038 2348 2165 2386 vero

564 2441 690 2483 cum
716 2425 879 2479 alium
914 2432 1226 2494 surgentem
1276 2423 1442 2490 videt,
1465 2434 1521 2480 et
1549 2424 1727 2481 omnia
1757 2425 1880 2478 facit
1916 2434 1972 2478 ut
2016 2424 2165 2478 illum

566 2518 801 2590 dejiciat.
836 2515 1061 2571 Cuinam
1095 2517 1215 2585 quis
1274 2515 1418 2570 hunc
1448 2515 1694 2570 morbum
1735 2515 2168 2585 comparaverit?

570 2610 696 2664 Mihi
726 2621 907 2664 autem
941 2606 1045 2662 huc
1077 2606 1305 2676 perinde
1334 2621 1455 2660 esse
1479 2604 1691 2660 videtur
1717 2619 1780 2658 ac
1804 2605 1847 2658 si
1875 2606 1994 2675 quis
2022 2604 2169 2675 piger

567 2702 752 2757 asinus
778 2709 830 2754 et
854 2697 1178 2768 pinguedine
1195 2695 1373 2765 gravis
1391 2710 1513 2749 cum
1543 2710 1684 2765 equo
1715 2694 1915 2749 volucri
1938 2696 2159 2765 conjun-

568 2803 688 2846 ctus
707 2831 722 2853 ,
770 2803 946 2858 neque
977 2790 1094 2856 ipse
1121 2800 1345 2856 surgere
1374 2785 1526 2853 Velit,
1555 2796 1611 2847 et
1645 2787 1883 2857 pondere
1927 2790 2166 2843 carnium

572 2881 746 2951 ipsum
769 2888 995 2934 conetur
1013 2877 1317 2932 detrahere.
1335 2875 1468 2931 Nam
1487 2886 1540 2932 ct
1560 2877 1669 2945 bic,
1690 2887 1748 2933 ut
1774 2878 1889 2948 ipse
1905 2894 1933 2933 a
1961 2878 2171 2948 profun-

571 2975 644 3027 do
677 2987 870 3027 somno
894 2970 1174 3036 liberetur,
1206 2969 1337 3025 nihil
1364 2985 1464 3025 nec
1486 2971 1679 3041 cogitat
1710 2987 1810 3027 nec
1829 2981 2010 3037 curat;
2038 2970 2169 3027 nihil

574 3080 701 3120 veru
732 3080 838 3118 non
869 3063 998 3135 agit,
1028 3075 1084 3117 ut
1110 3078 1232 3117 eum
1263 3062 1353 3133 qui
1379 3063 1431 3116 in
1462 3063 1654 3117 caelum
1685 3063 1903 3118 advolat
1921 3064 2172 3135 supplan-

570 3167 649 3214 tet
670 3167 725 3213 et
752 3156 991 3226 dejiciat,
1021 3164 1305 3211 accuratus
1333 3156 1529 3211 diaboli
1559 3157 1793 3212 imitator
1822 3158 2009 3212 factus.
2037 3158 2171 3214 Nam

572 3260 629 3305 et
655 3251 742 3305 ille
768 3250 956 3303 videns
985 3249 1259 3302 hominem
1293 3249 1345 3302 in
1388 3248 1658 3319 paradiso,
1693 3264 1797 3302 non
1830 3250 1945 3319 ipse
1971 3250 2174 3308 studuit

576 3341 797 3407 mutari,
829 3340 924 3395 sed
954 3340 1103 3393 iitum
1135 3340 1335 3410 ejicere
1372 3356 1438 3395 ex
1469 3341 1721 3411 paradiso
1752 3360 1765 3395 :
1795 3352 1849 3397 et
1879 3358 2065 3399 rursus
2092 3346 2171 3400 vi-

570 3431 712 3487 deus
738 3430 887 3485 illum
917 3430 970 3484 in
1000 3430 1136 3485 curlo
1164 3429 1463 3496 sedentem,
1493 3432 1698 3485 etalios
1722 3432 1814 3487 illo
1838 3432 2172 3502 festinantes,

574 3522 817 3593 idipsum
839 3520 1151 3587 meditatur,
1180 3536 1276 3577 eos
1307 3523 1392 3593 qui
1417 3522 1509 3577 illo
1546 3534 1777 3594 pergunt
1801 3527 2171 3598 supplantans,

576 3625 632 3671 et
681 3614 805 3669 hinc
850 3612 1113 3683 majorem
1144 3614 1247 3669 sibi
1273 3630 1574 3686 congerens
1624 3616 1918 3674 fornacem.
1969 3619 2175 3693 Ubique

575 3706 723 3761 enim
751 3705 854 3760 boc
873 3705 1169 3775 contingit;
1218 3721 1339 3760 nam
1372 3706 1417 3761 is
1444 3707 1529 3761 cui
1560 3708 1846 3778 invidetur,
1881 3712 1925 3767 si
1973 3715 2171 3785 vigilet,

586 3845 617 3860 ο

1262 301 1318 355 3.
1360 298 1638 355 JOANNIS
1674 289 2153 351 CllliYSOSTOMI
2195 289 2513 346 ARCIIIEP.
2553 289 3085 346 CONSTANTINOP.

3739 299 3853 355 ΞΜ

2252 403 2584 473 splendidior
2610 407 2823 472 evadit;
2867 409 3076 464 invidus
3103 426 3231 466 vero
3268 415 3422 484 plura
3447 416 3550 472 sibi
3578 419 3719 474 mala
3750 435 3855 476 ae-

2251 496 2508 551 cumuiat.
2537 496 2625 551 Sic
2642 507 2697 551 et
2714 498 2913 568 Josepb
2932 500 3159 557 illustris
3177 503 3396 561 euectus
3414 517 3497 563 est
3518 525 3533 573 ;
3556 510 3637 565 sic
3659 512 3855 565 Aaron

2253 589 2507 643 sacerdos
2535 607 2549 643 :
2583 606 2705 644 nam
2739 592 3039 648 invidorum
3062 594 3270 651 insidiae
3288 596 3580 656 eﬂeeerunt
3612 612 3676 656 ut
3703 604 3856 658 Deus

2254 680 2420 736 semel
2441 690 2493 736 et
2520 680 2602 737 bis
2631 684 2876 737 eamdem
2909 685 3076 741 ferret
3117 690 3460 758 sententiam,
3488 702 3546 748 et
3581 704 3640 749 ut
3694 695 3856 765 virga

2253 772 2598 840 germinaret.
2629 774 2717 827 Sic
2751 784 2807 829 et
2833 774 3003 831 Jacob
3026 779 3188 833 multa
3215 795 3391 835 rerum
3417 785 3570 852 copia
3601 785 3860 839 abunda-

2256 864 2363 930 vit,
2419 865 2643 936 aliisque
2684 869 2955 924 omnibus.
3001 869 3090 933 Sic
3126 871 3289 927 invidi
3335 874 3387 927 in
3414 877 3649 933 millese
3687 880 3861 935 malis

2254 958 2663 1027 complicamnt.
2696 961 2826 1026 Quae
2846 963 3027 1017 omnia
3065 965 3320 1033 scientes,
3363 966 3627 1038 fugiamus
3657 971 3861 1041 hujus-

2258 1049 2401 1103 modi
2428 1050 2624 1105 zelum.
2654 1050 2764 1107 Cur
2799 1053 2966 1121 enim,
2999 1070 3204 1125 qumso,
3254 1057 3500 1114 invides?
3524 1062 3648 1131 quia
3677 1064 3853 1131 spiriv

2261 1140 2455 1195 tualem
2510 1141 2736 1212 gratiam
2796 1141 2963 1199 frater
3006 1147 3254 1217 accepit?
3300 1148 3368 1203 Et
3404 1166 3433 1203 a
3459 1166 3595 1223 quo,
3623 1167 3846 1221 (μείρεο,

2260 1233 2505 1303 accepit?
2531 1248 2709 1290 nonne
2725 1250 2756 1290 a
2788 1236 2936 1292 Deo?
2966 1238 3109 1309 Ergo
3129 1248 3314 1294 contra
3339 1241 3484 1295 illum
3510 1241 3857 1298 inimicitiam

2261 1326 2495 1395 suscipe,
2523 1326 2614 1397 qui
2640 1326 2839 1383 donum
2866 1329 3116 1385 contulit.
3145 1330 3334 1387 Viden’
3354 1348 3463 1404 quo
3500 1336 3702 1390 malum
3725 1351 3855 1392 ser-

2263 1419 2357 1487 pit.
2388 1428 2441 1473 et
2466 1419 2679 1490 qualem
2727 1422 3086 1493 colophonem
3136 1436 3476 1495 peccatorum
3518 1429 3744 1496 inducit,
3801 1440 3865 1485 es

2262 1520 2519 1579 quantum
2581 1511 2803 1568 sttll’odit
2863 1515 3111 1585 supplicii
3164 1516 3510 1572 barathrum?
3553 1517 3863 1590 Fugiamus

2264 1616 2433 1671 ergo,
2490 1602 2693 1668 dilecti,
2744 1604 2846 1659 hoc
2897 1605 3105 1671 vitium,
3152 1622 3327 1677 neque
3374 1608 3733 1669 invideamus.
3795 1624 3869 1665 ac

2266 1710 2364 1766 pro
2390 1696 2583 1751 invidis
2628 1710 2931 1766 precemur,
2959 1698 3199 1768 nibitqne
3225 1716 3331 1754 non
3359 1715 3601 1771 agamus,
3626 1711 3683 1755 ut
3706 1716 3869 1757 mor-

2269 1788 2405 1841 bum.
2442 1787 2653 1842 illorum
2699 1789 3131 1859 exstinguamus.
3183 1789 3291 1845 Sed
3319 1806 3387 1848 ne
3412 1791 3598 1846 eadem
3629 1808 3753 1862 qua
3780 1793 3873 1848 in-

2268 1883 2383 1936 sani
2409 1881 2481 1935 illi
2509 1882 2793 1951 patiamur,
2817 1882 2909 1951 qui
2929 1883 3174 1939 volentes
3194 1898 3381 1954 pmnas
3400 1885 3469 1939 ab
3490 1885 3595 1940 illis
3616 1886 3871 1958 exigere,

2268 1973 2445 2027 omnia
2478 1973 2675 2028 facitmt
2719 1982 2775 2027 ut
2802 1972 3073 2029 ﬂammam
3100 1974 3202 2030 sibi
3242 1976 3558 2032 accendant.
3594 1979 3665 2032 At
3686 1993 3757 2032 ne
3790 1978 3871 2032 ita

2270 2083 2390 2136 nos,
2442 2067 2537 2123 sed
2588 2067 2695 2123 dell
2729 2081 2884 2123 smus
2913 2067 3032 2124 illos
3058 2078 3114 2124 et
3142 2068 3519 2124 lamentemur.
3570 2068 3674 2140 Ipsi
3716 2070 3874 2126 enim

2271 2169 2397 2213 sunt
2439 2160 2530 2229 qui
2559 2158 2843 2227 Imduntut‘,
2876 2174 3112 2217 vermem
3136 2159 3392 2215 habentes
3422 2170 3746 2232 perpetuum
3772 2176 3876 2217 cor

2271 2250 2509 2317 ipsorum
2547 2249 2914 2315 arrodentem,
2965 2260 3022 2306 et
3070 2251 3263 2306 veneni
3298 2261 3629 2323 congregant
3660 2252 3875 2307 fontem

2271 2343 2419 2396 omni
2486 2340 2609 2396 felle
2665 2342 3009 2395 amariorem.
3052 2341 3330 2411 Rogemus
3388 2356 3519 2411 ergo
3573 2342 3877 2412 benignum

2275 2434 2465 2495 Deum,
2496 2441 2554 2485 ut
2579 2440 2635 2486 et
2677 2431 2781 2485 illis
2824 2430 3072 2486 morbum
3118 2432 3388 2498 immutet,
3428 2440 3484 2487 et
3510 2447 3611 2486 nos
3644 2447 3715 2487 ne
3745 2448 3875 2487 um-

2273 2539 2431 2594 quam
2465 2525 2517 2578 in
2545 2523 2687 2578 hunc
2716 2522 3032 2579 incidamus.
3055 2523 3190 2580 Nam
3216 2524 3549 2581 inaccessum
3573 2534 3660 2580 est
3676 2525 3879 2581 calum

2273 2616 2323 2671 ei
2344 2616 2435 2686 qui
2471 2618 2569 2671 hac
2591 2616 2713 2671 tabe
2754 2615 2982 2683 laborat,
3013 2625 3068 2672 et
3096 2626 3224 2672 ante
3247 2616 3440 2671 caelum
3473 2616 3589 2672 bac
3618 2617 3731 2671 vita
3760 2631 3878 2671 non

2276 2708 2449 2762 vitalis
2466 2718 2567 2762 est.
2591 2707 2774 2779 Neque
2793 2708 2937 2764 enim
2958 2709 3160 2781 lignum
3183 2719 3238 2765 et
3260 2709 3435 2764 lanam
3459 2709 3704 2765 insidens
3727 2711 3877 2765 tinea

2277 2800 2347 2853 ita
2394 2799 2589 2854 rodere
2632 2800 2792 2866 solet,
2837 2810 2894 2856 ut
2944 2801 3161 2856 invidiae
3193 2800 3359 2856 febris
3396 2816 3519 2856 ossa
3563 2801 3878 2857 invidorum

2276 2890 2535 2957 enrrodit,
2562 2898 2617 2944 et
2635 2890 2830 2944 anima:
2858 2891 3263 2960 temperantiam
3289 2890 3590 2947 labefactat.
3622 2892 3693 2948 Ut
3714 2893 3881 2964 igitur

2276 2992 2331 3037 et
2359 2996 2456 3035 nos
2482 2990 2537 3035 et
2561 2981 2698 3036 alios
2722 2980 2791 3036 ab
2821 2982 3117 3038 innumeris
3144 2997 3395 3047 eruamus
3423 2986 3598 3053 malis,
3627 2987 3877 3057 expella-

2278 3089 2400 3129 mus
2426 3092 2455 3126 ει
2484 3074 2638 3129 nobis
2667 3073 2805 3129 banc
2829 3074 3024 3129 malam
3056 3073 3245 3130 febrim
3276 3076 3464 3146 quavis
3493 3076 3615 3132 tabe
3635 3077 3879 3132 deterio-

2279 3181 2425 3228 rem;
2460 3174 2517 3219 ut
2545 3164 2810 3235 spirituali
2847 3175 3100 3236 suscepto
3144 3165 3364 3233 robore,
3396 3176 3452 3221 et
3478 3181 3724 3236 prursens
3751 3182 3876 3223 cer-

2280 3270 2455 3314 tamen
2490 3260 2849 3328 perﬁciamus,
2882 3268 2938 3317 et
2959 3258 3164 3315 futuras
3190 3273 3583 3330 consequamur
3608 3274 3878 3315 coronas:

2279 3368 2412 3422 quas
2436 3352 2640 3406 utinam
2668 3366 2767 3407 nos
2818 3367 3007 3407 omnes
3036 3350 3263 3422 adipisci
3291 3352 3588 3422 contingat,
3618 3353 3793 3423 gratia
3825 3362 3883 3407 et

2282 3447 2610 3515 benignitate
2639 3444 2851 3499 Domini
2873 3444 3046 3500 nostri
3072 3443 3200 3500 Jesu
3224 3443 3447 3511 Christi,
3482 3444 3699 3515 quicum
3731 3443 3881 3499 Patri

2282 3554 2494 3609 unaque
2517 3536 2738 3609 Spiritui
2761 3546 2950 3593 sancto
2970 3537 3157 3608 gloria,
3184 3538 3490 3609 imperium,
3515 3537 3711 3605 honor,
3734 3551 3885 3593 nunc

2282 3642 2334 3687 et
2364 3644 2598 3701 semper,
2632 3640 2685 3684 et
2710 3628 2761 3685 in
2801 3627 2996 3683 sa‘cula
3022 3628 3365 3686 saeculorum.
3396 3630 3588 3685 Amen.

1929 3929 2275 3995 HOMILIA
2320 3931 2597 3994 XXXII.

577 4081 705 4134 (λιν,
756 4077 846 4141 12,
882 4094 924 4130 v.
972 4077 1061 4129 ‘27.
1117 4074 1215 4129 Vos
1259 4084 1427 4128 autem
1470 4078 1589 4131 estis
1628 4093 1815 4148 corpus
1854 4078 2083 4147 Christi,
2126 4092 2175 4137 et

1133 4168 1360 4223 membra
1386 4186 1449 4224 ea:
1476 4180 1641 4240 parte.

658 4266 709 4320 l.
749 4263 826 4318 Ne
866 4263 987 4333 quis
1024 4262 1169 4318 enim
1210 4261 1437 4329 diceret,
1469 4262 1608 4330 Quid
1646 4262 1714 4317 ad
1745 4279 1844 4319 nos
1871 4267 2177 4337 exemplum

582 4353 868 4425 corporis?
897 4353 1031 4409 illud
1054 4353 1200 4410 enim
1229 4362 1435 4408 natura:
1458 4353 1644 4419 servit,
1670 4366 1855 4411 nostra
1881 4372 2010 4413 vero
2035 4370 2180 4415 recte

588 4448 725 4503 facta
757 4444 909 4502 liberi
939 4445 1151 4501 arbitrii
1189 4454 1315 4499 sunt
1351 4463 1363 4497 :
1414 4444 1464 4499 id
1490 4445 1557 4498 ad
1578 4446 1821 4503 actiones
1849 4456 2059 4503 nostras
2088 4450 2183 4505 ad-

586 4540 815 4606 ducens,
860 4545 916 4592 et
961 4536 1255 4591 ostendens
1280 4552 1380 4589 nos
1409 4550 1474 4590 ex
1506 4538 1668 4591 animi
1696 4540 1959 4593 sententia
1984 4539 2183 4597 debere

586 4629 833 4687 eamdem
876 4626 1218 4683 concordiam
1252 4626 1470 4691 habere,
1516 4617 1675 4697 quam
1710 4628 1823 4698 ipsa
1852 4631 2089 4687 membra
2115 4646 2182 4686 ex

588 4731 801 4786 natura,
832 4719 962 4775 dicit
992 4736 1003 4770 :
1046 4717 1144 4773 Vos
1173 4758 1185 4771 .
1220 4727 1343 4771 item
1373 4721 1491 4773 estis
1517 4735 1701 4790 corpus
1730 4718 1939 4779 Christi.
1987 4721 2046 4779 3'.
2088 4708 2184 4778 su;

590 4821 700 4869 tem
749 4828 855 4868 non
898 4820 1113 4881 oportet
1154 4824 1352 4880 corpus
1393 4821 1635 4866 nostrum
1676 4812 1970 4881 dissidere,
2013 4816 2186 4870 multo

593 4903 764 4972 magis
789 4919 893 4958 non
924 4912 1138 4973 oportet
1162 4901 1359 4957 Cbristi
1399 4916 1619 4971 corpus,
1654 4914 1710 4959 et
1751 4918 1819 4958 eo
1857 4907 2048 4975 magis,
2076 4921 2187 4976 quo

591 4994 763 5067 gratia
791 4995 1059 5061 potentior
1086 5004 1172 5050 est
1199 5004 1407 5049 natura.
1443 4993 1511 5048 Et
1538 4995 1762 5049 membra
1791 5012 1855 5050 ea;
1881 5008 2045 5066 parte.
2077 4996 2186 5051 Ne-

593 5102 701 5159 que
723 5083 870 5139 euim
901 5098 1099 5152 corpus
1128 5101 1314 5141 sumus
1341 5094 1571 5150 tantum,
1620 5085 1717 5144 sed
1746 5096 1802 5142 et
1830 5089 2069 5143 membra
2097 5103 2188 5143 su-

593 5190 735 5236 mus.
769 5172 902 5228 Nam
930 5171 999 5227 de
1026 5170 1112 5225 his
1146 5173 1408 5228 ambobus
1434 5175 1682 5243 superius
1706 5177 2022 5247 disputavit,
2053 5179 2187 5232 mul-

595 5279 684 5324 tos
730 5267 782 5321 iu
828 5278 993 5319 unum
1044 5263 1325 5333 colligens,
1384 5273 1441 5319 et
1487 5267 1782 5321 Ostendens
1806 5284 1995 5325 omnes
2023 5286 2185 5325 unum

592 5357 893 5416 secundum
935 5353 1222 5424 imaginem
1270 5354 1515 5424 corporis
1563 5354 1730 5411 factos
1781 5372 1921 5422 esse,
1976 5369 2032 5413 et
2085 5359 2188 5415 hoc

595 5468 759 5507 unum
790 5466 886 5521 per
914 5446 1081 5503 multa
1103 5444 1378 5511 constitui,
1423 5453 1584 5515 atque
1628 5445 1679 5498 in
1720 5447 1899 5500 multis
1942 5463 2084 5515 esse,
2134 5459 2190 5504 et

598 5543 764 5596 multa
805 5558 870 5597 ex
899 5556 965 5595 eo
992 5538 1258 5595 contineri
1288 5548 1343 5592 et
1368 5551 1529 5607 posse
1558 5537 1722 5591 multa
1763 5553 1903 5593 esse.
1935 5541 2073 5605 Quid
2104 5552 2189 5596 est

601 5645 779 5688 autem
824 5634 976 5701 illud,
1009 5630 1091 5688 Es
1116 5629 1307 5704 parte?
1349 5631 1620 5697 Quantum
1666 5630 1732 5684 ad
1775 5644 1871 5684 vos
1908 5633 2098 5686 attinet
2138 5642 2193 5689 et

600 5732 859 5793 quantum
901 5733 1319 5783 consentaneum
1369 5730 1475 5789 est,
1526 5735 1647 5779 esse
1687 5734 1892 5792 partem
1936 5737 2000 5777 ex
2040 5724 2193 5779 vobis

2296 4081 2630 4139 ardillcatam.
2679 4079 2814 4147 Quia
2851 4079 2993 4134 enim
3034 4076 3203 4143 dixit,
3250 4072 3470 4147 Corpus,
3499 4081 3667 4131 totum
3696 4084 3888 4129 autem

2291 4182 2410 4228 erat
2446 4186 2665 4241 corpus,
2709 4186 2818 4225 non
2865 4168 3266 4225 Corinthiorum
3313 4166 3580 4232 Ecclesia,
3626 4165 3723 4221 sed
3763 4180 3890 4237 quat

2291 4265 2489 4337 ubique
2530 4274 2795 4319 terrarum
2825 4271 2981 4328 erat;
3023 4261 3148 4319 ideo
3175 4261 3328 4326 dixit,
3364 4257 3448 4314 Es
3480 4268 3663 4330 parte;
3693 4256 3745 4312 id
3779 4267 3886 4322 est,

2290 4358 2412 4428 quia
2443 4355 2679 4411 Ecclesia
2710 4363 2886 4409 vestra
2918 4369 3042 4426 pars
3068 4364 3152 4409 est
3178 4354 3296 4423 ejus
3329 4367 3450 4424 qua:
3479 4350 3676 4422 ubique
3712 4358 3887 4405 terra-

2291 4466 2409 4506 rum
2440 4460 2522 4505 est
2566 4448 2821 4504 Ecclesia:
2842 4488 2857 4512 ,
2888 4456 2943 4503 et
2968 4449 3236 4516 corporis,
3268 4445 3412 4515 quod
3440 4460 3535 4514 per
3559 4458 3747 4499 ornnes
3786 4444 3884 4499 Ec-

2295 4542 2483 4597 slesias
2512 4538 2856 4594 constituitur
2892 4557 2905 4591 :
2933 4538 3004 4591 ita
3032 4546 3087 4591 ut
3121 4553 3229 4590 non
3254 4536 3428 4590 solum
3457 4535 3599 4592 inter
3624 4550 3748 4598 vos,
3792 4534 3886 4590 sed

2291 4636 2453 4687 etiam
2482 4647 2602 4686 cum
2639 4640 2749 4685 tota
2783 4630 3039 4692 Ecclesia,
3089 4643 3209 4699 qua:
3255 4636 3340 4681 est
3388 4628 3439 4681 in
3485 4625 3651 4692 orbe,
3695 4639 3885 4695 paceni

2295 4723 2494 4777 habere
2532 4722 2810 4787 debeatis;
2866 4722 2910 4776 si
2958 4720 3174 4790 quidem
3214 4719 3350 4774 estis
3381 4718 3535 4789 justi,
3562 4716 3608 4772 sl
3638 4716 3883 4772 membra

2295 4815 2458 4869 totius
2502 4816 2769 4884 corporis.
2794 4797 2910 4869 ~28.
2970 4813 3035 4868 Et
3062 4829 3189 4885 quos
3212 4812 3416 4885 quidem
3453 4811 3622 4883 possit
3646 4807 3793 4865 Dens
3834 4810 3883 4862 is

2294 4904 2549 4971 Ecclesia,
2584 4906 2803 4973 primum
2832 4905 3111 4974 apostolos,
3145 4901 3367 4971 secundo
3400 4902 3705 4972 prapltetas,
3735 4901 3885 4955 tertio

2295 4998 2543 5059 doctores,
2575 4996 2758 5050 demde
2799 4996 3005 5049 uirtutes
3029 5036 3045 5060 ,
3090 4994 3273 5047 deinde
3299 4994 3493 5063 gratias
3531 4992 3882 5055 curationum,

2294 5087 2652 5159 opitulationes
2672 5127 2687 5148 ,
2719 5085 3137 5156 gubemationes,
3169 5099 3355 5153 genere
3385 5082 3693 5153 linguarum.
3730 5083 3886 5151 Quod

2295 5180 2438 5233 enim
2488 5178 2739 5248 superius
2779 5176 2915 5241 dixi,
2956 5173 3060 5229 hoc
3085 5189 3225 5227 nunc
3262 5172 3426 5227 facit:
3452 5175 3575 5243 quia
3602 5172 3767 5228 altum
3797 5190 3879 5229 sa.

2297 5270 2513 5340 piebant
2531 5269 2600 5323 de
2630 5268 2846 5338 linguis,
2877 5266 3024 5320 illam
3052 5279 3164 5320 rem
3196 5279 3412 5335 semper
3434 5265 3678 5323 ultimam
3708 5267 3877 5335 ponit.

2296 5362 2428 5416 Nam
2460 5360 2587 5415 illttd
2631 5358 2863 5429 primum
2895 5367 2951 5411 et
2980 5356 3274 5413 secundum
3304 5373 3411 5413 non
3438 5358 3555 5414 sine
3583 5373 3746 5413 causa
3782 5373 3876 5429 po-

2299 5453 2397 5517 nit,
2428 5451 2524 5507 sed
2577 5450 2907 5520 praemittens
2952 5446 3003 5502 id
3044 5447 3184 5518 quod
3214 5449 3499 5518 pretiosius
3527 5459 3630 5513 est,
3661 5457 3716 5503 et
3745 5447 3880 5517 quod

2296 5555 2379 5596 est
2404 5540 2625 5595 inferius
2655 5538 2968 5594 ostendens.
3016 5538 3138 5594 Ideo
3177 5540 3453 5609 apostolos
3478 5539 3766 5610 praemisit,
3797 5538 3881 5609 qui

2298 5630 2621 5687 charismata
2652 5646 2746 5685 seu
2777 5628 2915 5685 dona
2942 5632 3123 5687 omnia
3148 5632 3202 5686 in
3234 5645 3295 5687 se
3322 5630 3612 5686 habebant.
3660 5629 3730 5684 Et
3780 5644 3882 5683 non

2297 5722 2453 5789 dixit,
2496 5722 2641 5790 Quos
2664 5722 2844 5792 posuit
2869 5721 3015 5779 Deus
3035 5723 3095 5778 in
3118 5722 3356 5778 Ecclesia
3402 5719 3677 5792 apostolus
3699 5763 3714 5790 ,
3756 5721 3880 5775 sisu-
