4086 6340
274 390 387 443 965

282 506 515 575 pticter,
547 512 639 556 aut
666 500 955 572 prophetas
982 517 998 567 ;
1023 499 1120 557 sed
1148 497 1378 571 primum
1404 508 1461 555 et
1490 496 1785 553 secundum
1814 504 1872 549 et

285 594 502 649 tertium
537 596 719 662 ponit;
765 593 869 646 hoc
896 592 1068 659 ipsum
1096 590 1238 661 quod
1275 588 1383 644 dixi
1410 589 1716 659 signilicans
1777 586 1873 640 Se—

282 684 452 756 cundo
480 684 773 754 prophetas.
818 681 1213 751 Prophetabant
1250 680 1414 746 enim,
1442 688 1501 734 ut
1521 679 1645 733 lilia:
1668 677 1874 747 Philip-

286 776 339 844 pi
360 817 375 837 ,
400 784 461 829 ut
492 775 728 846 Agabus.
768 785 823 828 ut
846 775 929 827 isti
956 775 1051 843 ipsi
1078 775 1164 843 qui
1198 782 1350 827 erant
1375 773 1514 843 apud
1538 769 1869 833 Corinthios,

282 867 356 922 de
398 866 589 935 quibus
632 866 781 931 dicit,
846 866 1117 935 I’rOpheta:
1172 866 1275 920 duo
1326 876 1415 919 aut
1461 876 1560 919 tres
1607 864 1875 934 loquantur

283 956 338 1027 (l
389 957 510 1011 Cor.
540 958 629 1028 l4,
658 957 790 1026 29).
839 957 902 1012 Et
955 956 1021 1010 ad
1067 955 1406 1011 Timozhcutn
1438 957 1680 1011 scribens
1732 954 1873 1009 dice-

285 1047 378 1102 bat
422 1065 436 1101 :
485 1046 609 1101 Noli
651 1047 901 1120 negligere
929 1048 1146 1118 gratiam
1182 1063 1295 1118 qua:
1327 1049 1381 1101 in
1408 1056 1455 1101 te
1478 1057 1586 1113 est,
1631 1061 1742 1117 qua
1788 1046 1875 1099 tibi

284 1142 413 1193 dato
439 1150 514 1195 est
550 1158 640 1213 per
666 1141 985 1210 prophetiam
1015 1141 1065 1209 (1
1120 1139 1258 1194 Tim.
1289 1140 1349 1214 4,
1369 1140 1482 1207 Η).

362 1229 549 1286 Plures
572 1233 831 1303 propheta
866 1231 1091 1285 erantin
1123 1230 1347 1286 Ecclesia
1376 1228 1565 1285 Christi
1585 1271 1600 1295 ,
1650 1246 1799 1299 quam
1824 1229 1877 1282 in

282 1322 399 1394 lege
416 1325 586 1377 veteri.
617 1353 689 1363 -—
711 1324 787 1377 Ae
830 1323 985 1390 longe
1024 1322 1204 1392 plures
1234 1330 1360 1376 tunc
1387 1328 1541 1376 erant
1568 1320 1873 1390 prophetae,

284 1432 448 1486 quam
478 1417 529 1470 in
560 1415 737 1479 Veteri
770 1415 1133 1471 Testamento.
1179 1413 1362 1484 Neque
1405 1413 1549 1469 enim
1579 1412 1645 1466 ad
1691 1412 1875 1465 decem

285 1516 344 1561 et
386 1507 570 1576 viginti
610 1513 672 1560 ct-
704 1507 1085 1576 quinquaginta
1129 1512 1182 1558 et
1210 1514 1425 1557 centum
1462 1502 1731 1557 redactum
1764 1510 1879 1553 t'rut

287 1596 585 1666 prophetize
632 1596 872 1660 donum;
921 1595 1015 1649 sed
1061 1594 1177 1648 haec
1214 1595 1387 1666 gratia
1434 1595 1660 1646 ubertim
1708 1592 1877 1645 ρίΥιιιιο

282 1690 551 1753 dcbatur,
599 1697 653 1741 et
699 1688 921 1758 singulae
968 1686 1225 1740 Ecclesiae
1255 1685 1452 1737 multos
1486 1684 1749 1738 habebant
1788 1684 1877 1750 qui

286 1778 703 1846 prophetabant.
728 1777 878 1844 Quod
907 1777 952 1829 si
983 1776 1228 1852 Christus
1254 1775 1415 1835 dicat,
1450 1774 1556 1827 Lex
1579 1784 1623 1826 et
1655 1773 1874 1842 prophe-

283 1880 353 1923 ae
400 1885 558 1938 usque
606 1869 674 1921 ad
711 1866 965 1921 Joannem
994 1865 1209 1936 (Matth.
1242 1867 1327 1919 ll.
1365 1865 1477 1933 15),
1502 1864 1569 1917 de
1600 1865 1704 1918 illis
1741 1864 1880 1917 dixit

285 1962 586 2032 prophetis,
634 1961 726 2031 qui
772 1961 887 2029 ejus
930 1959 1217 2013 adventum
1264 1958 1649 2027 praedixerunt.
1712 1955 1879 2009 Tertio

281 2054 543 2106 doctores.
579 2051 711 2105 Nam
744 2050 834 2120 qui
866 2048 1173 2119 prophetat,
1202 2049 1380 2103 omnia
1422 2065 1450 2100 ει
1482 2048 1680 2116 Spiritu
1710 2047 1880 2117 loqui-

284 2154 375 2196 tur
414 2161 424 2193 :
458 2144 546 2211 qui
589 2143 745 2195 docet
792 2151 993 2203 autem,
1048 2140 1335 2208 aliquando
1360 2154 1425 2191 ex
1451 2139 1664 2206 propria
1700 2148 1879 2192 mente

278 2232 524 2286 disserit.
557 2231 680 2285 Ideo
710 2231 923 2284 diocliat
952 2248 965 2282 :
1001 2229 1101 2295 Qui
1149 2230 1270 2281 bene
1308 2238 1527 2299 praesunt
1570 2230 1875 2299 presbyteri,

281 2323 483 2388 duplici
534 2324 721 2375 honore
769 2322 911 2393 digni
957 2322 1269 2385 habeantur,
1319 2321 1537 2372 maxime
1580 2330 1749 2373 autem
1795 2312 1881 2389 qui

286 2414 519 2468 laborant
546 2416 596 2467 in
628 2415 773 2469 verba
802 2425 851 2468 et-
873 2415 1106 2467 doctrina
1144 2414 1222 2484 (i.
1258 2412 1388 2465 Tim.
1419 2414 1473 2466 5.
1502 2414 1609 2482 l7).
1642 2413 1741 2480 Qui
1787 2429 1882 2464 att-

287 2518 397 2562 tem
441 2508 645 2577 Spiritu
690 2508 870 2562 omnia
916 2507 1172 2576 loquitur,
1219 2522 1323 2560 non
1371 2507 1615 2567 laborat;
1652 2508 1879 2573 ideoque

286 2609 413 2667 post
438 2599 752 2669 prophetam
786 2599 933 2651 illum
964 2598 1176 2666 posuit;
1219 2596 1470 2666 quoniam
1506 2597 1634 2650 illud
1668 2597 1878 2667 quidem

288 2702 459 2745 totum
493 2701 574 2743 est
596 2690 823 2751 donum,
873 2689 975 2742 hoc
1009 2699 1188 2742 autem
1221 2688 1383 2741 etiam
1427 2687 1688 2749 humanus
1712 2689 1880 2742 labor.

290 2782 501 2835 Etenim
528 2796 591 2833 ex
618 2795 677 2835 se
703 2795 913 2848 quoque
930 2778 1098 2833 utulta
1133 2778 1387 2847 loquitur,
1418 2794 1538 2848 qua!
1562 2790 1737 2832 tamen
1761 2795 1879 2833 cum

282 2872 484 2930 divinis
510 2869 800 2940 Scripturis
829 2877 1146 2924 consonant.
1179 2866 1377 2921 Deinde
1406 2869 1615 2923 virtutes
1642 2912 1655 2935 ,
1702 2869 1883 2922 deinde

283 2964 481 3033 gratias
504 2961 844 3017 curationum.
896 2959 1080 3015 Viden‘
1120 2959 1391 3030 quomodo
1430 2976 1640 3014 rursum
1687 2961 1881 3015 distino

282 3054 400 3121 guit
444 3044 750 3109 curationes
797 3067 827 3105 a
875 3053 1107 3114 virtute,
1138 3051 1281 3120 quod
1318 3052 1479 3105 etiam
1528 3062 1683 3106 antea
1717 3054 1882 3107 fecit?

291 3146 460 3197 virtus
481 3145 623 3197 enim
650 3143 822 3211 majus
850 3142 1121 3212 quidpiam
1152 3152 1232 3194 est
1256 3184 1269 3207 ,
1298 3157 1457 3211 quant
1488 3144 1714 3195 curatio.
1749 3144 1878 3197 Nam

282 3238 375 3304 qui
419 3236 667 3288 virtutem
714 3235 893 3298 habet,
937 3242 993 3288 et
1032 3234 1258 3304 castigat
1288 3242 1342 3287 et
1394 3244 1586 3289 curat:
1620 3237 1711 3304 qui
1754 3252 1879 3290 vero

281 3329 512 3396 gratiam
540 3328 877 3381 curationum
909 3326 1091 3391 habet,
1126 3327 1345 3383 morbos
1373 3336 1577 3381 tantum
1609 3340 1779 3381 curat.
1816 3331 1881 3383 Et

286 3419 410 3472 ride
454 3434 611 3487 quam
642 3418 844 3487 Optimo
874 3433 1001 3472 usus
1026 3419 1099 3472 sit
1124 3418 1314 3473 ordine
1335 3461 1349 3483 ,
1393 3433 1514 3472 cum
1544 3419 1877 3489 prophetiam

280 3519 409 3562 ante
453 3510 680 3563 virtutes
731 3518 784 3562 et
832 3510 1139 3563 curationes
1186 3510 1385 3578 posuit.
1432 3510 1691 3584 Superius
1735 3514 1876 3565 enim

282 3600 373 3652 ubi
403 3598 615 3653 dicebat
650 3616 661 3651 :
696 3599 797 3651 Alii
826 3598 1029 3667 quidem
1056 3614 1147 3667 per
1171 3598 1423 3669 Spiritum
1448 3603 1595 3654 datus
1623 3610 1695 3655 est
1716 3618 1879 3655 sermo

281 3690 569 3755 sapientiae,
606 3699 652 3741 et
680 3690 770 3742 alii
795 3705 959 3743 sermo
985 3691 1212 3743 scientia:
1230 3705 1252 3753 ,°
1299 3706 1403 3744 non
1444 3692 1633 3745 ordine
1674 3709 1877 3761 ponens

280 3778 515 3841 diccbat,
552 3780 643 3831 sed
676 3779 1139 3833 indiscriminatim
1166 3786 1180 3845 ;
1214 3780 1298 3833 hic
1332 3790 1511 3835 autem
1539 3791 1593 3837 et
1620 3786 1879 3852 praeponit

281 3884 336 3926 et
380 3872 612 3941 subjicit.
662 3871 771 3925 Cur
822 3888 949 3942 ergo
991 3873 1328 3942 prophetiam
1379 3876 1693 3945 praeponit?
1741 3876 1875 3942 Quia

280 3964 442 4016 etiam
474 3964 523 4015 in
548 3962 727 4017 Veteri
749 3962 1089 4017 Testamento
1117 3964 1277 4019 talem
1307 3966 1552 4020 ordinem
1575 3966 1661 4019 illa
1689 3966 1872 4022 habet.

282 4054 416 4108 Cum
446 4056 590 4107 enim
614 4054 774 4107 Isaias
801 4053 1017 4108 Juda‘os
1047 4053 1432 4124 alloquet'etur,
1462 4064 1517 4110 et
1544 4056 1753 4110 virtutis
1783 4057 1876 4110 Dei

281 4144 799 4198 demonstrationem
834 4144 1119 4213 praeberet,
1148 4146 1367 4199 vilitatis
1390 4146 1696 4200 dznmonum
1728 4162 1878 4216 argu-

282 4247 524 4289 mentum
558 4237 607 4289 in
638 4236 872 4290 medium
902 4236 1127 4290 adduxit
1157 4252 1171 4290 :
1196 4246 1251 4291 et
1279 4238 1378 4292 hoc
1410 4237 1709 4291 divinitatis
1756 4241 1874 4305 ejus

279 4329 416 4380 dixit
446 4342 565 4381 esse
597 4329 849 4383 indicium
878 4332 1195 4395 maximum,
1241 4330 1385 4399 quod
1414 4330 1587 4385 futura
1618 4330 1872 4399 pradice-

282 4434 383 4476 ret.
426 4422 672 4476 Christus
716 4438 844 4476 vero
884 4422 973 4491 qui
1026 4431 1101 4476 tot
1145 4422 1400 4476 miracula
1448 4431 1703 4491 patraret,
1755 4440 1863 4477 non

282 4529 501 4581 purum
547 4512 649 4567 hoc
679 4512 806 4567 dicit
850 4528 972 4569 esse
1018 4514 1313 4568 divluitalis
1354 4528 1465 4568 suae
1513 4514 1762 4584 signum;
1818 4526 1872 4570 ot

280 4611 587 4677 frequenter
614 4608 693 4663 sic
720 4622 1021 4661 sermonem
1049 4605 1324 4661 concludit
1354 4623 1369 4659 :
1403 4605 1527 4660 Hau:
1552 4617 1720 4661 autem
1760 4609 1868 4662 dixi

278 4701 449 4764 vobis,
502 4710 555 4752 ut
604 4716 718 4753 cum
763 4700 901 4770 facta
943 4701 1163 4771 fuerint,
1216 4699 1436 4754 credatis
1472 4702 1592 4769 quia
1625 4718 1716 4771 ego
1754 4719 1868 4755 sum

277 4791 469 4862 (Joan.
503 4792 599 4852 l3,
636 4791 754 4861 l9).
817 4792 923 4847 Sed
972 4791 1269 4861 prephetiae
1307 4790 1430 4859 jure
1472 4802 1866 4861 postponuntur

273 4884 462 4951 gratia:
502 4882 838 4934 curationum
874 4900 885 4933 :
926 4897 1023 4935 cur
1050 4897 1178 4935 vero
1208 4882 1371 4936 etiam
1399 4882 1701 4936 doctrinae?
1730 4883 1864 4951 Quia

274 4988 383 5025 non
416 4986 512 5040 par
538 4985 625 5024 res
654 4980 760 5035 est,
793 4976 1013 5024 verbum
1046 4971 1443 5037 pratdicationis
1466 4973 1787 5028 annuntiare
1812 4983 1865 5027 et

274 5063 417 5130 piam
451 5062 762 5131 religionem
803 5060 1072 5116 seminare
1100 5061 1151 5114 in
1178 5062 1483 5117 auditorum
1522 5066 1737 5129 animis,
1778 5077 1861 5118 at-

274 5168 379 5217 que
428 5156 651 5210 virtutes
695 5153 906 5219 facere;
960 5153 1213 5222 quoniam
1272 5155 1401 5223 ipsa
1454 5163 1677 5223 propter
1727 5155 1859 5209 illud

271 5244 423 5297 ﬁunt.
1646 5246 1649 5251 ⁷

338 5334 395 5389 2.
424 5335 559 5389 Cum
582 5351 711 5405 ergo
736 5338 856 5405 quis
885 5348 939 5394 et
965 5338 1129 5393 verbo
1158 5346 1211 5392 et
1237 5337 1359 5391 vita:
1384 5337 1631 5406 exemplo
1656 5338 1854 5399 erudit,

269 5428 441 5497 major
482 5434 566 5480 est
609 5425 879 5480 omnibus.
932 5428 1055 5484 Illos
1091 5429 1234 5483 enim
1274 5428 1401 5482 dicit
1436 5426 1716 5493 doctores,
1766 5431 1856 5498 qui

264 5522 429 5575 etiam
458 5516 710 5587 operibus
749 5516 941 5571 docent
966 5528 1021 5572 et
1054 5521 1219 5575 verbo
1244 5519 1514 5575 erudiunt.
1556 5519 1667 5573 lloc
1698 5520 1855 5590 igitur

263 5615 428 5665 etiam
471 5607 744 5679 apostolos
784 5622 906 5661 esse
931 5606 1057 5661 fecit
1092 5611 1383 5676 apostolos.
1421 5610 1486 5663 Et
1518 5610 1605 5662 illa
1636 5611 1850 5678 quidem

263 5705 354 5757 alii
386 5702 624 5757 nonnulli
647 5716 754 5756 non
783 5699 958 5768 magni
991 5700 1144 5767 pretii
1176 5703 1328 5755 initio
1358 5702 1679 5764 habuerunt,
1732 5714 1788 5756 ut
1816 5706 1849 5757 ii

260 5797 352 5862 qui
385 5796 652 5863 dicebant,
688 5792 926 5858 Domine,
950 5806 1115 5847 nonne
1145 5792 1199 5847 in
1226 5794 1429 5850 nomine
1458 5804 1543 5849 tuo
1566 5794 1842 5863 propheta-

1338 382 1405 441 IN
1443 383 1661 442 EPIST.
1703 384 1722 438 I
1785 383 1880 439 AD
1914 382 2073 440 COR.
2116 383 2345 439 llOMlL.
2393 383 2610 441 XXX".

3451 388 3554 441 Elii;

1981 495 2163 560 vitam.
2207 507 2256 551 et
2300 500 2505 554 virtutes
2547 501 2736 555 multa:
2774 502 3027 565 {rt-imus?
3069 514 3118 556 ιιι
3153 512 3333 570 postea
3376 505 3555 557 audio.

1977 596 2116 651 runt,
2148 586 2440 659 Numquam
2462 592 2575 643 novi
2594 607 2718 653 vos;
2745 592 2987 645 discedite
3010 610 3039 645 α
3066 594 3252 663 ritu,qu
3278 598 3559 661 operamini

1978 677 2296 747 iniquitatem
2338 679 2548 749 (Matth.
2578 683 2630 750 7,
2658 682 2866 749 22,25)
2902 702 2915 736 :
2944 684 3199 737 doctrinae
3232 694 3408 737 alitem
3443 701 3557 739 vcr-

1980 767 2105 822 bum
2143 770 2339 837 duplex
2391 772 2516 825 illttd
2541 814 2554 836 ,
2583 772 2724 841 quod
2761 788 2852 841 per
2881 788 3040 841 orera
3071 782 3123 826 et
3152 788 3246 843 por
3276 775 3432 828 verba
3464 793 3558 829 ox-

1980 858 2209 922 hibetnr,
2239 863 2410 915 malus
2441 862 2599 916 homo
2642 878 2927 931 numquam
2957 865 3267 931 susceperit.
3320 865 3470 931 Quod
3517 867 3559 919 si

1982 952 2272 1019 prephetas
2306 965 2596 1022 ιιτωινιιηη,
2632 970 2699 1008 ne
2727 954 2937 1008 mireris
2969 971 2981 1007 :
3013 972 3116 1007 non
3141 956 3283 1009 en‘m
3307 956 3562 1023 simplici-

1983 1052 2063 1096 tcr
2103 1045 2388 1114 prophetas
2414 1046 2561 1107 dicit,
2591 1047 2683 1101 sed
2726 1062 2821 1101 eos
2864 1048 2951 1115 qui
3007 1064 3099 1113 per
3149 1048 3475 1116 prophetiam
3508 1058 3557 1103 ot

1982 1132 2284 1189 docuerunt
2324 1146 2379 1190 et
2420 1138 2468 1189 in
2511 1153 2848 1191 communem
2880 1138 3160 1192 utilitatem
3202 1141 3375 1193 omnia
3410 1141 3561 1194 dixe-

1983 1235 2109 1279 runt
2143 1242 2156 1277 :
2188 1228 2331 1295 quod
2381 1230 2430 1281 itt
2479 1230 2824 1297 sequentibus
2878 1230 3208 1283 manifestius
3259 1232 3412 1286 nobis
3466 1232 3559 1287 de-

1981 1321 2148 1373 clarat
2183 1338 2195 1372 :
2225 1320 2615 1385 Opitulatioues,
2647 1324 3057 1392 gubernatioues.
3085 1323 3219 1389 Quid
3246 1333 3348 1385 cst,
3387 1324 3567 1394 Opim-

1983 1410 2235 1463 lationes?
2267 1411 2331 1465 Ut
2362 1412 2559 1465 infirmi
2591 1424 2957 1481 protegantur.
3011 1413 3241 1468 lloccine
3276 1430 3457 1482 quaeso
3485 1425 3567 1469 cst

1982 1502 2294 1555 charisma?
2333 1506 2471 1557 Sane
2504 1504 2719 1572 quidem
2750 1505 2848 1557 hoc
2872 1521 2936 1557 ex
2971 1505 3061 1558 Dei
3093 1506 3233 1557 dono
3264 1516 3347 1558 est
3380 1516 3564 1574 prote—

1983 1608 2130 1662 gere,
2172 1602 2226 1647 et
2272 1608 2356 1646 ros
2403 1594 2714 1661 dispensare
2756 1595 3064 1664 spiritualcs
3102 1597 3381 1665 :alioquin
3406 1598 3566 1650 etiam

1984 1683 2147 1735 multa
2175 1700 2201 1734 a
2228 1684 2380 1736 nobis
2415 1686 2669 1752 prmclare
2699 1696 2845 1754 gesta
2875 1686 3197 1740 charismata
3234 1698 3419 1749 vocat,
3464 1703 3559 1741 no-

1983 1774 2100 1827 lcns
2129 1783 2183 1825 ut
2210 1774 2588 1840 concidamus,
2616 1775 2712 1829 sed
2737 1778 3029 1834 ostendens
3062 1793 3156 1830 nos
3182 1793 3397 1845 semper
3417 1782 3567 1831 ami-

1984 1865 2055 1917 lio
2084 1864 2172 1919 Dei
2204 1864 2441 1934 indigere
2462 1904 2477 1928 ,
2527 1874 2581 1919 et
2610 1880 2709 1919 nos
2734 1866 3018 1920 instituens
3050 1877 3103 1919 ut
3128 1869 3263 1936 grati
3287 1868 3449 1922 animi
3480 1872 3569 1923 si—

1985 1973 2121 2021 ntus,
2171 1958 2351 2025 sicque
2384 1956 2671 2011 alacriores
2714 1957 2973 2017 reddens.
3026 1958 3347 2026 illorutnque
3378 1976 3569 2013 sensus

1985 2048 2253 2101 excitans.
2283 2046 2478 2100 Ccucru
2509 2050 2821 2118 linguarum.
2850 2046 3093 2102 Vidistin‘
3120 2048 3204 2102 ubi
3242 2050 3340 2103 hoc
3369 2051 3569 2105 donum

1986 2140 2242 2205 powerit,
2273 2148 2326 2190 ct
2351 2139 2620 2207 quomodo
2655 2139 2847 2208 ubique
2874 2140 3114 2193 ultimum
3144 2140 3215 2193 illi
3256 2141 3453 2196 tribuat
3476 2160 3567 2196 or-

1984 2229 2201 2283 dinem?
2232 2229 2450 2294 Deinde,
2482 2232 2600 2297 quia
2632 2245 2695 2283 ex
2735 2231 2834 2283 hoc
2861 2232 3107 2298 catalogo
3135 2234 3354 2286 multam
3383 2243 3534 2288 esten
3556 2266 3567 2271 -

1985 2319 2064 2373 dit
2106 2320 2489 2383 dilferetttititit,
2533 2330 2587 2372 et
2632 2319 2779 2373 illum
2812 2321 3064 2388 excitavit
3098 2323 3342 2377 morbum
3382 2341 3571 2378 eorum

1985 2411 2073 2477 qui
2102 2412 2304 2463 minora
2339 2410 2601 2465 habebant
2623 2411 2981 2475 charismata;
3011 2412 3226 2467 demum
3258 2430 3378 2470 eum
3404 2420 3562 2471 vehe-

1987 2502 2185 2554 mentia
2230 2516 2420 2570 magna
2452 2501 2573 2557 illos
2616 2502 2940 2571 aggreditur,
2972 2502 3098 2557 dum
3132 2505 3196 2557 iis
3227 2508 3394 2561 multa
3428 2523 3566 2576 pra:-

1988 2590 2078 2646 bet
2102 2601 2430 2662 argumenta,
2457 2594 2599 2662 quod
2633 2608 2736 2648 non
2768 2594 2817 2646 in
2843 2596 3012 2648 multo
3039 2597 3299 2652 minorem
3325 2600 3566 2654 ordinem

1987 2682 2187 2736 redacti
2214 2684 2339 2737 sint.
2391 2683 2523 2749 Quia
2553 2684 2696 2739 enim
2727 2684 3021 2739 verisimile
3043 2698 3161 2741 erat
3194 2688 3314 2741 illos
3344 2691 3457 2743 hinc
3480 2709 3574 2742 ao-

1985 2772 2197 2828 dientes
2225 2774 2406 2829 dicere
2438 2793 2450 2828 :
2480 2776 2545 2830 Et
2575 2790 2672 2830 cur
2702 2792 2805 2830 non
2834 2791 3023 2831 omnes
3052 2780 3281 2847 apostoli
3329 2781 3452 2836 l‘acti
3494 2799 3575 2837 su-

1989 2864 2141 2916 ntus?
2182 2864 2429 2932 superius
2472 2864 2688 2934 quidem
2734 2867 2902 2937 magis
2940 2868 3297 2924 consolatorie
3332 2874 3576 2927 oratione

1987 2969 2113 3007 usus
2135 2964 2234 3018 est,
2262 2957 2439 3010 multis
2460 2957 2750 3012 ostendens
2774 2959 2851 3012 sic
2874 2961 3178 3015 necessario
3204 2960 3401 3017 factum
3425 2981 3568 3032 esse,

1986 3046 2145 3099 etiam
2176 3046 2242 3098 ab
2267 3047 2495 3116 imagine
2525 3050 2765 3115 corporis
2803 3067 2814 3103 :
2847 3048 3040 3120 Corpus
3064 3050 3228 3116 enim,
3260 3053 3448 3123 inquit,
3475 3073 3574 3110 non

1984 3146 2055 3189 est
2084 3153 2239 3189 unum
2266 3138 2545 3190 membrum
2576 3154 2595 3192 .'
2624 3150 2674 3192 et
2718 3155 2951 3205 rursum,
2986 3140 3048 3195 Si
3082 3154 3249 3195 autem
3276 3157 3437 3198 essent
3465 3164 3546 3200 om
3564 3178 3576 3185 -

1984 3229 2069 3281 nia
2100 3246 2255 3282 unum
2281 3231 2575 3297 membrum,
2599 3233 2681 3286 ubi
2710 3250 2890 3301 corpus
2912 3235 2937 3287 ?
2964 3244 3018 3288 et
3047 3235 3187 3305 quod
3222 3237 3422 3292 utiliter
3450 3240 3569 3295 data

1986 3322 2133 3374 sint:
2170 3319 2453 3392 Unicuique
2502 3324 2668 3385 enim,
2714 3325 2904 3392 inquit,
2955 3328 3296 3395 manifestatio
3348 3329 3581 3399 Spiritus

1983 3412 2137 3463 datur
2171 3413 2237 3465 ad
2267 3413 2570 3477 utilitatem;
2606 3425 2659 3469 et
2693 3432 2753 3467 ex
2782 3430 2847 3468 eo
2876 3416 3015 3485 quod
3045 3433 3234 3471 omnes
3276 3436 3341 3472 ex
3386 3423 3498 3475 eodt
3524 3439 3574 3475 nt

1986 3502 2188 3569 Spiritu
2236 3503 2478 3568 audiant,
2533 3513 2587 3557 et
2631 3504 2783 3572 quod
2817 3506 3080 3560 charisma
3112 3508 3312 3565 donum
3344 3514 3444 3573 sit,
3479 3518 3569 3563 sed

1990 3610 2093 3646 non
2153 3594 2390 3647 debitum
2424 3613 2434 3624 ·
2468 3594 2751 3649 Divisiones
2805 3599 2980 3661 enim,
3033 3599 3235 3667 inquit.
3287 3605 3571 3671 gratiarum

1982 3695 2119 3751 sunt,
2162 3685 2297 3738 idem
2326 3701 2437 3739 vero
2468 3686 2694 3756 Spiritus
2719 3703 2736 3749 ,'
2766 3698 2816 3740 et
2845 3689 2985 3757 quod
3014 3691 3371 3745 manifestatio
3400 3696 3570 3761 Spiri-

1984 3783 2068 3827 tus
2108 3790 2203 3842 per
2242 3778 2417 3829 omnia
2464 3780 2594 3831 iiut:
2630 3777 2911 3849 Unicuique
2938 3783 3103 3846 enim,
3138 3784 3326 3852 inquit,
3356 3788 3570 3857 manife-

1980 3868 2129 3919 διαιὶο
2153 3866 2307 3918 datur
2332 3885 2420 3935 per
2444 3867 2729 3937 Spiritum;
2770 3880 2823 3923 et
2857 3886 2919 3924 ex
2951 3888 3014 3923 eo
3046 3873 3185 3941 quod
3221 3886 3379 3943 prout
3416 3878 3535 3932 vide
3557 3910 3569 3917 ~

1985 3968 2067 4012 tur
2096 3959 2315 4027 Spiritui
2360 3970 2413 4014 et
2466 3962 2575 4015 Deo
2618 3963 2734 4017 hate
2782 3962 3006 4033 ﬁgurata
3059 3967 3163 4019 sint
3198 3986 3208 4018 :
3250 3967 3372 4022 lla’c
3425 3974 3565 4025 enim

1980 4055 2171 4117 omnia,
2234 4055 2421 4121 inquit,
2462 4064 2702 4112 oneratur
2739 4072 2869 4109 unus
2898 4068 2944 4110 et
2976 4059 3108 4110 idem
3137 4060 3391 4124 Spiritus,
3446 4065 3568 4115 divi-

1980 4146 2102 4199 dens
2153 4148 2364 4217 singulis
2414 4159 2559 4216 prout
2611 4149 2761 4213 vult;
2791 4158 2873 4215 et,
2928 4150 3112 4203 Posuit
3159 4151 3295 4206 Deus
3344 4155 3566 4208 membra

1980 4241 2370 4308 unumquodque
2412 4257 2584 4293 eorum
2625 4242 2678 4294 in
2708 4257 2923 4309 corpore
2947 4244 3074 4295 sicut
3102 4243 3291 4295 voluit:
3327 4253 3381 4297 et
3422 4249 3561 4310 quod

1981 4331 2282 4384 necessaria
2329 4331 2436 4383 sint
2483 4332 2642 4385 etiam
2685 4332 2889 4385 minora
2926 4351 2939 4385 :
2973 4334 3098 4395 Quae
3134 4334 3275 4385 enim
3304 4336 3557 4401 videntur,

1979 4422 2171 4489 inquit,
2204 4423 2484 4489 inﬁrmiora
2512 4439 2636 4487 esse,
2668 4424 2949 4478 necessaria
2969 4434 3083 4477 sunt
3107 4441 3299 4488 ;ex'eo
3322 4430 3459 4496 qttod
3486 4433 3553 4483 si-

1977 4513 2175 4566 militer
2216 4514 2516 4568 necessaria
2562 4516 2672 4569 sint
2697 4556 2711 4579 ,
2762 4515 2814 4569 in
2853 4529 2920 4570 eo
2944 4515 3082 4583 quod
3115 4531 3308 4586 corpus
3342 4522 3558 4586 pet-inde

1976 4614 2287 4659 construant
2310 4616 2469 4675 atque
2492 4620 2557 4660 ea
2579 4620 2697 4675 quae
2728 4606 2929 4676 majora
2958 4617 3083 4661 δειιιι
3112 4626 3125 4660 :
3160 4608 3354 4678 Corpus
3387 4614 3517 4664 enim
3538 4655 3552 4670 ,

1974 4696 2166 4764 inquit,
2195 4712 2295 4749 non
2320 4705 2391 4748 est
2414 4712 2569 4748 unum
2595 4696 2890 4762 membrum,
2914 4698 3003 4753 sed
3024 4699 3217 4765 multa;
3239 4716 3302 4754 ex
3326 4717 3389 4755 eo
3409 4706 3553 4769 quod

1973 4789 2174 4855 majora
2206 4788 2500 4843 minoribus
2530 4805 2663 4856 opus
2694 4790 2926 4844 habeant
2971 4808 2982 4840 :
3025 4775 3134 4843 Non
3170 4804 3327 4860 potest
3356 4797 3509 4867 enim
3532 4839 3546 4860 ,

1972 4882 2177 4951 inquit,
2219 4892 2370 4950 caput
2399 4882 2565 4934 dicere
2596 4882 2824 4949 pedibus,
2879 4881 3054 4934 Vestra
3091 4901 3241 4953 opera
3271 4902 3369 4937 non
3396 4902 3554 4956 egeo;

1969 4986 2034 5025 cx
2072 4986 2138 5025 eo
2179 4970 2318 5041 quod
2348 4970 2532 5038 majori
2564 4972 2678 5025 litec
2717 4971 2960 5024 fruantur
3006 4971 3339 5026 honorein
3383 4989 3551 5031 aulcm

1970 5062 2053 5113 cui
2082 5062 2252 5121 deest,
2288 5062 2489 5127 inquit,
2532 5060 2949 5113 abundantiorem
2988 5062 3123 5115 dedit
3151 5062 3437 5130 honorem;
3482 5086 3544 5122 cx

1966 5164 2034 5201 eo
2064 5148 2211 5218 quod
2242 5162 2580 5202 communem
2626 5158 2679 5201 et
2721 5166 2901 5219 parem
2934 5166 3115 5207 curam
3150 5150 3377 5209 habeant
3427 5176 3436 5207 :
3483 5158 3549 5211 In

1964 5240 2020 5292 id
2036 5256 2185 5304 psum
2242 5240 2385 5294 enim
2434 5250 2551 5294 sunt
2590 5242 2720 5295 inter
2760 5258 2813 5294 se
2854 5242 3063 5295 invicem
3110 5245 3329 5300 sollicita
3378 5251 3547 5301 omnia

1963 5333 2229 5389 membra:
2272 5344 2323 5389 et
2353 5348 2416 5389 ex
2453 5350 2519 5389 eo
2554 5336 2691 5404 quod
2722 5337 2788 5387 sit
2818 5350 2916 5386 una
2947 5335 3115 5404 gloria
3142 5349 3197 5393 et
3227 5357 3361 5393 unus
3391 5342 3545 5398 dolor

1965 5426 2201 5494 ipsorum
2235 5428 2472 5479 omnium
2499 5466 2513 5478 .
2546 5426 2663 5477 Sive
2697 5427 2908 5490 patitur,
2950 5427 3149 5497 inquit,
3190 5448 3342 5482 unum
3384 5449 3537 5484 mem-

1960 5516 2125 5582 brum,
2176 5519 2552 5585 compatiuntur
2578 5519 2749 5570 omuiu
2781 5520 3001 5573 membra
3022 5536 3044 5583 ,'
3088 5524 3189 5573 sive
3228 5524 3544 5591 gloriﬁcatur

1960 5627 2116 5662 mum;
2147 5612 2439 5672 "uiuorum,
2467 5610 2785 5678 congaudent
2816 5612 2988 5665 omnia
3012 5613 3250 5666 membra.
3280 5615 3543 5685 Superius

1958 5703 2115 5771 igitur
2144 5718 2233 5767 per
2263 5700 2375 5752 hzec
2416 5702 2727 5755 consolatus
2752 5714 2832 5756 cst
2862 5720 2876 5765 ;
2911 5703 2999 5756 hic
3028 5714 3209 5761 autem
3241 5709 3539 5762 vehemen-

1958 5804 2035 5850 tcr
2064 5803 2118 5847 ct
2149 5792 2471 5859 increpantis
2517 5806 2666 5849 more
2708 5794 2871 5850 verbo
2898 5794 3086 5851 utitur.
3127 5796 3279 5859 Nam,
3310 5808 3365 5853 ut
3397 5799 3529 5865 dixi.
