4086 6340
565 324 671 383 267

566 456 745 513 neque
773 455 987 509 semper
1014 440 1281 495 consolari
1306 482 1322 507 ,
1353 456 1527 511 neque
1556 457 1772 510 semper
1792 456 1855 496 os
1878 440 2157 497 ohstruere

567 541 804 604 oportet.
845 532 971 589 Ideo
1020 540 1072 587 ct
1120 533 1255 602 ipse,
1305 534 1429 603 quia
1460 534 1642 588 multis
1688 533 1809 587 illus
1850 532 2159 587 consulatus

570 632 725 691 emt,
757 624 1110 680 vehementer
1138 622 1397 692 deinceps
1426 624 1547 679 illos
1584 624 1894 688 insectatur,
1929 623 2154 679 dicens:

565 716 659 771 29.
694 715 965 787 Numquid
990 733 1164 771 omnes
1191 717 1449 785 apostoli?
1478 716 1723 786 numquid
1752 732 1925 770 omnes
1948 714 2158 783 prophe-

565 809 671 864 tat?
714 807 962 876 numquid
988 823 1161 861 omnes
1187 809 1404 877 gratiam
1435 807 1619 861 habent
1648 807 2011 861 acrationum?
2054 804 2159 860 Nc-

562 915 669 969 quc
709 899 963 954 consistit
991 898 1044 953 in
1076 899 1248 967 primo
1278 898 1360 953 vel
1392 898 1629 954 secundo
1658 891 2015 964 charismate,
2061 894 2157 951 sed

564 991 741 1061 pergit
769 1004 938 1058 usque
962 989 1027 1044 ad
1059 1000 1362 1059 postrema;
1391 999 1485 1045 aut
1515 990 1618 1045 hoc
1644 990 1828 1045 dicens
1849 1031 1863 1052 .
1890 989 2004 1043 Non
2036 1003 2157 1058 pos-

562 1090 691 1135 sunt
733 1094 924 1133 omnes
950 1094 1072 1135 esse
1105 1081 1283 1134 omnia
1309 1098 1323 1145 ;
1350 1080 1802 1150 quemadmodum
1835 1081 1943 1135 illic
1981 1078 2109 1133 dicit
2141 1096 2156 1133 :

564 1172 628 1229 Si
650 1171 825 1226 cmnia
849 1180 1010 1224 essent
1037 1188 1195 1225 unum
1219 1171 1519 1237 membrum,
1544 1172 1630 1224 ubi
1651 1187 1836 1240 corpus
1854 1171 1880 1223 .9
1906 1169 1988 1223 vel
2014 1166 2157 1223 aliud

561 1262 836 1335 quidpiam
860 1263 984 1317 hinc
1008 1274 1189 1331 postea
1219 1279 1486 1335 apparaus
1525 1263 1590 1317 ad
1618 1262 2006 1318 consolationis
2035 1277 2156 1315 ver-

564 1358 711 1415 bum.
751 1357 918 1425 Quale
937 1357 1104 1410 illud?
1137 1357 1290 1421 Quod
1327 1356 1575 1412 ostendat
1602 1356 1671 1411 de
1698 1356 1995 1411 minoribus
2025 1369 2153 1424 per-

566 1450 690 1505 inde
735 1461 895 1519 atque
924 1448 992 1503 de
1021 1449 1313 1516 majoribus
1368 1447 1656 1511 contendi,
1702 1461 1770 1501 eo
1800 1446 1944 1516 quod
1986 1460 2161 1515 neque

556 1542 681 1597 “hmc
707 1540 966 1597 erunibus
993 1538 1116 1593 data
1144 1539 1358 1593 fuerint.
1391 1537 1529 1605 Quid
1558 1538 1725 1602 enim,
1758 1537 1946 1607 inquit,
1981 1534 2156 1601 doles,

562 1634 705 1705 quod
733 1650 839 1689 nau
870 1633 1069 1686 habeas
1094 1632 1319 1701 gratiam
1342 1631 1718 1685 curationum?
1740 1631 1913 1701 cogita
1938 1630 1990 1685 id
2016 1630 2158 1700 quod

571 1738 627 1781 tu
681 1727 866 1789 habes,
913 1726 1121 1780 etiamsi
1166 1726 1237 1778 sit
1264 1725 1460 1789 minus,
1494 1740 1637 1793 saepe
1668 1740 1773 1789 non
1807 1724 2006 1780 habere
2034 1740 2157 1780 eum

556 1819 658 1887 qui
691 1819 864 1886 majus
903 1817 1175 1888 quidpiam
1223 1817 1403 1872 habet.
1455 1816 1580 1871 Ideo
1624 1817 1697 1870 ait
1729 1832 1744 1869 :
1774 1814 1864 1871 '50.
1895 1814 2161 1885 Numquid

564 1928 739 1966 omnes
765 1910 952 1981 linguis
984 1909 1299 1979 loquuntur?
1343 1907 1590 1978 numquid
1615 1924 1789 1961 omnes
1818 1908 2158 1977 interpretan-

570 2000 1181 2068 tur1’Qucmadmodum
1211 2000 1355 2055 enim
1379 2014 1571 2069 magna
1603 2014 1708 2054 non
1731 1998 1983 2053 omnibus
2014 1996 2161 2051 dedit

575 2094 748 2159 Deus,
778 2093 871 2148 sed
902 2091 1021 2146 aliis
1046 2090 1182 2157 hoc,
1210 2091 1330 2146 aliis
1360 2091 1487 2146 illud
1522 2109 1536 2146 :
1564 2091 1643 2145 sic
1677 2099 1734 2145 et
1770 2091 1823 2144 in
1864 2088 2162 2143 minoribus

572 2187 717 2252 fecit,
750 2201 869 2256 qua:
900 2198 1001 2239 nec
1027 2183 1277 2239 omnibus
1305 2181 1603 2253 proposuit.
1638 2180 1769 2237 Illud
1807 2190 1985 2237 autem
2012 2180 2158 2245 fecit,

569 2279 789 2333 multam
819 2276 945 2330 inde
970 2274 1313 2329 concordiam
1344 2282 1399 2327 et
1433 2273 1715 2327 caritatem
1745 2271 2051 2338 aediﬁcatus,
2101 2282 2162 2326 ut

570 2370 938 2441 unusquisque
967 2368 1214 2438 proximo
1239 2381 1375 2436 opus
1407 2365 1633 2429 habens,
1678 2381 1798 2419 cum
1830 2364 1994 2421 fratre
2030 2378 2159 2419 con-

566 2470 839 2536 gregetur.
870 2460 984 2516 Hoc
1022 2460 1076 2515 in
1102 2460 1311 2514 artibus
1341 2473 1558 2528 quoque
1586 2458 1938 2527 dispensavit,
1984 2456 2088 2510 hoc
2108 2456 2159 2508 in

570 2553 870 2619 elementis,
904 2551 1009 2608 hoc
1036 2551 1088 2619 in
1115 2550 1312 2620 plantis
1340 2558 1396 2605 et
1424 2551 1478 2603 in
1504 2548 1765 2605 membris
1789 2550 1990 2602 nostris
2013 2554 2067 2601 et
2108 2546 2162 2599 in

569 2646 841 2701 ontnibus.

641 2738 695 2792 5.
738 2734 943 2789 Deinde
963 2732 1473 2802 opportunissimam
1496 2729 1681 2800 adjicit
1699 2728 2123 2786 consolationem
2146 2770 2159 2792 .

570 2841 690 2898 qum
702 2826 871 2896 possit
885 2837 1129 2880 recreare
1147 2836 1213 2879 ac
1233 2822 1424 2877 sedare
1441 2821 1712 2877 dolentem
1734 2821 1988 2875 animam.
2001 2820 2164 2889 Quze—

573 2935 695 2974 nam
714 2918 801 2972 illa
828 2918 949 2972 est?
977 2916 1067 2971 5L
1103 2914 1470 2981 zEmulamini,
1492 2913 1688 2983 inquit,
1716 2912 2026 2967 charismata
2061 2928 2166 2965 me-

572 3013 722 3067 liora.
746 3008 811 3063 Et
828 3009 995 3061 adhuc
1007 3006 1410 3061 exet-(lentiorem
1426 3005 1563 3057 vobis
1575 3004 1711 3057 viam
1727 3003 2035 3057 demonstro.
2055 3001 2167 3056 Hoc

571 3113 749 3159 autem
780 3102 967 3155 dicens
1003 3098 1363 3153 subindicavit
1390 3096 1511 3149 illos
1552 3094 1604 3149 in
1641 3107 1802 3149 causa
1835 3093 2001 3148 fuisse
2022 3091 2167 3163 quod

571 3197 778 3253 minora
802 3190 1130 3261 acceperint,
1170 3200 1224 3243 et
1251 3202 1417 3258 penes
1443 3186 1565 3240 lllos
1589 3200 1730 3248 esse,
1760 3186 1806 3239 si
1839 3184 2025 3251 velint,
2056 3199 2168 3238 ma-

568 3288 688 3358 jora
728 3285 993 3351 accipere.
1028 3279 1158 3336 Cum
1189 3281 1331 3335 enim
1365 3280 1515 3343 dicit,
1546 3277 1917 3342 .Emulamini,
1965 3278 2033 3329 ab
2063 3276 2169 3331 illis

572 3375 807 3431 studium
856 3373 1025 3442 exigit
1068 3381 1123 3425 et
1152 3369 1481 3425 desiderium
1522 3370 1667 3421 circa
1712 3382 1798 3421 res
1840 3366 2163 3436 spirituales.

573 3467 757 3539 Neque
782 3465 935 3533 dixit,
977 3464 1199 3533 Majora,
1246 3461 1365 3525 sed,
1400 3459 1657 3524 Meliora;
1685 3459 1737 3513 id
1779 3468 1883 3526 est,
1931 3459 2166 3524 utiliora,

572 3574 694 3630 qua:
721 3556 1019 3613 conferant.
1057 3554 1169 3609 Hoc
1216 3562 1396 3607 autem
1426 3550 1545 3603 vult
1583 3549 1887 3618 signiﬁcare
1916 3568 1929 3603 :
1964 3550 2171 3604 Manete

574 3652 895 3711 charismata
923 3647 1315 3711 desiderantes,
1348 3652 1404 3699 et
1437 3642 1663 3698 ostendo
1692 3642 1848 3697 vobis
1873 3642 2171 3698 charisma-

576 3755 690 3799 tum
718 3744 880 3797 viam.
910 3740 1027 3795 Non
1056 3739 1200 3794 enim
1230 3737 1388 3804 dixit,
1426 3734 1728 3800 Charisma,
1756 3736 1873 3802 sed,
1913 3733 2081 3801 Viam,
2117 3744 2173 3788 ut

578 3838 749 3909 magis
797 3836 1022 3891 extollat
1067 3834 1119 3888 id
1164 3831 1307 3903 quod
1361 3839 1445 3886 est
1486 3830 1746 3885 dicturus.
1789 3829 1973 3899 Neque
2025 3828 2169 3884 enim

580 3946 743 3985 unum
774 3930 857 3983 vel
883 3928 990 3983 duo
1016 3919 1229 3981 vel'tria
1259 3924 1582 3979 charismata
1610 3920 1840 3978 ostendo
1869 3923 2044 3989 vobis,
2076 3921 2170 3976 sed

579 4022 722 4077 viam
779 4034 938 4074 unam
990 4017 1056 4072 ad
1103 4016 1221 4071 lucc
1268 4016 1448 4071 omnia
1495 4013 1815 4080 ducentem;
1872 4029 1970 4069 nec
2012 4012 2173 4068 modo

578 4114 745 4179 viam,
776 4108 868 4163 sed
895 4109 1053 4161 etiam
1074 4122 1196 4161 eum
1220 4104 1539 4177 hyperbole,
1565 4113 1620 4159 et
1646 4105 1899 4159 omnibus
1920 4122 2021 4159 nua
2046 4120 2171 4175 pro-

580 4202 829 4272 positam.
859 4198 975 4253 Non
1007 4198 1144 4251 sicut
1174 4195 1497 4250 charismata
1523 4194 1605 4249 his
1624 4193 1761 4261 lucc,
1791 4195 1913 4249 aliis
1943 4195 2054 4261 illa,
2077 4196 2171 4250 sed

583 4307 692 4348 non
721 4291 898 4345 omnia
928 4288 1179 4342 omnibus
1198 4287 1428 4349 dantur;
1468 4288 1541 4339 i:a
1569 4294 1621 4339 et
1653 4286 1786 4350 hoc;
1820 4285 1913 4339 sed
1953 4286 2170 4340 univer-

588 4383 705 4441 sale
731 4382 931 4437 donum
962 4389 1065 4437 est.
1103 4378 1332 4445 Ideoque
1374 4392 1562 4431 omnes
1592 4376 1656 4430 ad
1687 4378 1790 4431 hoc
1818 4387 1974 4431 vocat
2006 4395 2018 4430 :
2052 4393 2173 4431 nam

581 4477 679 4540 ait,
710 4471 1055 4528 Entulamini
1087 4470 1394 4525 charismata
1424 4468 1637 4521 meliora
1668 4483 1687 4521 :
1711 4476 1760 4520 et
1784 4467 1954 4519 adhuc
1992 4469 2175 4521 excel—

582 4567 846 4625 lentiorem
870 4564 1005 4617 ciant
1031 4563 1168 4617 vobis
1186 4563 1475 4616 demonstro
1496 4575 1518 4626 ;
1542 4559 1818 4615 caritatem
1847 4558 2032 4614 dicens
2050 4575 2173 4629 erga

583 4658 909 4733 proximum.
939 4653 1147 4710 Deinde
1174 4668 1476 4708 sermonem
1502 4654 1572 4709 de
1613 4653 1701 4709 illa
1742 4666 2095 4723 aggressurus
2122 4661 2178 4706 et

582 4752 889 4811 encomium
934 4747 1094 4819 hujus
1125 4745 1381 4813 prmclarc
1433 4746 1579 4811 facti,
1611 4749 1844 4816 primum
1876 4747 2007 4801 facta
2052 4762 2172 4801 cum

584 4845 677 4903 illa
708 4839 1265 4911 comparationeJImc
1280 4834 1349 4891 de
1393 4836 1574 4891 medio
1610 4837 1768 4901 tollit,
1795 4838 2085 4891 ostendens
2112 4854 2173 4891 ea

588 4935 722 4994 nihil
756 4947 879 4989 esse
908 4932 1025 4985 sine
1052 4930 1164 4996 illa,
1196 4927 1593 4996 admodumque
1629 4927 1938 4995 prudenter.
1970 4928 2100 4981 Nam
2131 4931 2174 4981 si

587 5031 768 5088 statim
804 5024 873 5081 de
908 5021 1134 5079 caritate
1157 5021 1523 5084 disseruisset,
1552 5029 1608 5074 et
1634 5029 1915 5089 postquam
1944 5020 2172 5085 dixerat,

597 5119 747 5174 Viam
774 5117 913 5172 vobis
940 5114 1253 5174 demonstro,
1294 5110 1684 5179 subjuuxisset,
1721 5109 1848 5163 Ilatc
1880 5119 2057 5164 autem
2096 5121 2177 5164 cst

583 5214 800 5271 caritas,
843 5215 903 5261 et
943 5219 1048 5258 non
1077 5218 1172 5273 per
1214 5200 1677 5269 comparationem
1720 5201 2017 5255 orationem
2052 5217 2174 5272 ργοι

586 5302 862 5360 duxisset;
886 5296 1087 5350 dictum
1108 5292 1324 5363 quidam
1355 5289 1801 5353 subsannasscnt.
1830 5293 1906 5346 rei
1932 5294 2035 5347 vim
2067 5308 2171 5347 non

584 5398 734 5453 clare
768 5393 1026 5451 scientes,
1052 5386 1145 5441 sed
1175 5385 1348 5440 adhuc
1376 5383 1441 5437 ad
1474 5383 1589 5437 haec
1618 5382 1883 5438 inhiantes
1926 5386 2171 5457 ρυορτο-

588 5499 706 5561 pter
737 5500 840 5539 non
866 5480 1046 5536 statim
1077 5477 1221 5531 illam
1264 5475 1500 5537 revelat;
1545 5472 1638 5528 sed
1662 5489 1785 5527 cum
1815 5477 1990 5544 primo
2017 5478 2173 5531 audi-

592 5583 722 5635 toris
749 5581 988 5631 animum
1018 5587 1113 5641 per
1139 5569 1551 5640 promissionem
1578 5566 1880 5634 extulisset,
1920 5585 1982 5624 ac
2009 5572 2177 5628 dixis-

590 5678 694 5733 set,
722 5663 1140 5721 Excrllentiorem
1168 5659 1300 5711 aiam
1328 5660 1465 5714 vobis
1483 5658 1796 5724 demonstro,
1819 5667 1872 5714 ct
1894 5660 1946 5715 in
1972 5662 2174 5720 deside-

589 5758 724 5815 rium
746 5757 1074 5821 induxisset;
1102 5766 1273 5824 neque
1299 5749 1377 5804 sic
1398 5750 1577 5807 statim
1605 5749 1658 5805 in
1688 5750 1827 5806 illam
1848 5750 2165 5825 ingreditur,

1341 325 1397 380 S.
1437 324 1715 382 JOANMS
1753 321 2230 382 CllllYSOSTOMI
2268 322 2589 381 ARCIIIEP.
2629 325 3161 385 CONSTANTINOP.

2261 439 2357 494 sed
2380 455 2579 510 augens
2598 442 2777 497 adhuc
2793 444 3121 500 desiderium
3148 446 3297 514 illud,
3328 448 3397 506 de
3418 449 3504 507 his
3523 452 3657 523 ipsis
3678 456 3857 525 prirno

2260 533 2497 598 disserit,
2526 544 2581 589 et
2602 537 2859 603 ostendit,
2890 538 2935 591 si
2980 538 3066 593 illa
3094 554 3198 593 non
3225 541 3314 607 sit,
3344 558 3407 599 ea
3435 545 3567 600 nihil
3597 562 3752 613 esse;
3799 553 3855 603 in

2264 625 2551 679 maximam
2585 625 2708 681 illos
2738 629 3115 683 necessitatem
3145 630 3401 688 inducens
3426 651 3485 690 se
3511 648 3701 691 mutuo
3726 637 3856 693 dili-

2259 716 2441 784 gendi,
2463 718 2716 786 quoniam
2738 734 2803 773 ex
2829 734 2898 774 eo
2914 719 3056 788 quod
3079 721 3169 776 illa
3194 723 3433 792 neglecta
3457 724 3666 795 fuisset,
3690 742 3857 785 causa

2260 806 2384 862 hinc
2429 810 2666 862 omnium
2716 812 2976 865 malorum
3021 821 3159 867 erat.
3194 813 3554 881 Quamobrem
3593 819 3678 874 vel
3728 818 3859 874 inde

2262 900 2454 953 merito
2497 914 2688 970 magna
2720 901 2807 955 illa
2855 913 3144 973 appareat;
3192 904 3236 960 si
3266 905 3482 974 quidem
3522 908 3858 967 charismata

2262 1005 2367 1044 non
2397 992 2557 1047 modo
2577 991 2697 1046 illos
2724 1008 2830 1047 non
2860 996 3211 1051 conciliarunt
3238 1007 3293 1053 et
3319 1012 3737 1070 congregarunt,
3757 1004 3859 1057 sed

2261 1082 2421 1135 etiam
2453 1084 2771 1151 conjunctos
2794 1098 3113 1154 separarum
3138 1104 3154 1143 :
3179 1089 3295 1144 hzcc
3321 1104 3449 1145 vero
3474 1091 3617 1157 illos,
3641 1095 3735 1163 qui
3758 1110 3865 1165 per

2261 1172 2581 1229 charismata
2620 1176 2871 1247 disiuncti
2900 1177 3135 1247 fuerant,
3180 1197 3275 1250 per
3309 1183 3541 1252 seipsam
3587 1186 3859 1239 concilia-

2263 1273 2380 1320 tura
2406 1277 2459 1321 et
2481 1282 2642 1321 unum
2665 1282 2862 1338 corpus
2883 1268 3142 1325 electura
3164 1282 3264 1326 est.
3294 1272 3397 1328 Sed
3421 1288 3524 1327 non
3547 1275 3727 1328 statim
3753 1275 3863 1329 hoc

2261 1354 2410 1419 dicit,
2456 1351 2643 1412 ve'rum
2690 1360 2834 1428 quod
2882 1360 3117 1428 maxime
3167 1361 3243 1416 illi
3288 1362 3690 1430 desiderabant,
3752 1363 3864 1419 hoc

2226 1510 2227 1513 η
2263 1446 2447 1515 ponit;
2484 1463 2676 1518 nempe
2700 1449 2843 1519 quod
2875 1466 2963 1504 res
2994 1450 3107 1521 ipsa
3136 1452 3403 1507 charisma
3434 1456 3522 1517 sit,
3549 1465 3604 1510 et
3638 1455 3706 1509 ad
3728 1454 3867 1509 cha-

2244 1537 2478 1591 rismata
2504 1540 2683 1593 omnia
2716 1539 2800 1594 via
2829 1539 3120 1606 excellens.
3142 1540 3482 1612 Quapropter
3504 1545 3716 1600 etiamsi
3748 1560 3862 1599 non

2238 1642 2328 1697 eo
2356 1627 2499 1698 quod
2541 1629 2763 1697 debeas,
2804 1630 2940 1686 velis
2969 1630 3188 1687 fratrem
3218 1632 3462 1701 diligere,
3510 1651 3575 1690 ex
3620 1650 3689 1690 eo
3713 1634 3865 1705 quod

2262 1720 2436 1788 majus
2464 1721 2698 1792 accipias
2747 1723 2961 1792 signum
3002 1732 3056 1778 et
3085 1724 3364 1793 copiosum
3398 1725 3687 1792 charisma,
3719 1728 3867 1783 cari-

2266 1817 2427 1864 tatem
2449 1812 2684 1878 suscipe.
2713 1810 2780 1864 Et
2803 1811 2924 1865 vide
2950 1812 3217 1868 undenam
3246 1814 3467 1883 incipiat
3492 1832 3506 1869 :
3532 1817 3765 1884 primum
3790 1818 3870 1872 ab

2262 1915 2329 1955 eo
2358 1902 2499 1970 quod
2549 1902 2793 1958 mirabile
2826 1904 3112 1959 videbatur
3149 1916 3203 1960 et
3246 1922 3499 1975 magnum
3544 1908 3685 1978 apud
3738 1912 3870 1965 illos

2262 2006 2405 2058 esse,
2446 2008 2476 2047 a
2503 1993 2700 2064 linguis
2741 2010 2975 2065 nempe:
3002 2004 3058 2050 et
3099 1996 3365 2052 charisma
3400 1998 3734 2054 inmedium
3766 2002 3870 2054 ad-

2262 2085 2486 2151 ducens,
2516 2102 2621 2141 non
2664 2097 2868 2142 tantum
2909 2088 3039 2145 illud
3068 2091 3247 2160 posuit
3271 2101 3530 2159 quantum
3561 2093 3660 2162 ipsi
3694 2092 3870 2147 habe-

2261 2176 2412 2243 bant,
2446 2179 2541 2234 sed
2575 2180 2733 2250 longe
2760 2181 2954 2250 majus.
3002 2181 3187 2252 Neque
3214 2184 3360 2239 enim
3388 2184 3547 2249 dixit,
3578 2184 3634 2240 Si
3666 2187 3867 2256 linguis

2263 2270 2475 2342 loquar.
2509 2272 2601 2327 sed
2627 2314 2643 2339 ,
2677 2272 2829 2344 (Cap.
2859 2275 2952 2340 15)
2979 2275 3033 2329 1.
3059 2274 3121 2329 Si
3147 2275 3334 2344 linguis
3361 2277 3624 2331 hominum
3653 2278 3864 2347 loquar.

2262 2364 2401 2430 Quid
2431 2365 2696 2434 significat
2727 2367 2880 2432 illud,
2913 2366 3238 2421 Hontinum.’
3266 2368 3516 2423 Omnium
3547 2386 3645 2440 per
3671 2374 3865 2428 orbem

2263 2456 2523 2524 gentium.
2555 2455 2741 2526 Neque
2766 2466 2945 2513 tamen
2974 2458 3075 2513 hac
3103 2459 3397 2529 hyperbole
3424 2469 3713 2517 contentus
3740 2463 3869 2530 fuit,

2264 2547 2358 2601 sed
2388 2548 2548 2601 aliam
2578 2548 2738 2619 longe
2788 2550 3050 2619 majorem
3082 2552 3255 2620 ponit,
3306 2553 3639 2625 subjungeus
3684 2572 3752 2611 ac
3784 2558 3871 2612 di-

2264 2652 2415 2704 cens,
2468 2638 2536 2693 Et
2582 2640 2902 2710 angelorum,
2949 2645 3215 2697 caritatem
3265 2655 3434 2698 autem
3475 2662 3579 2699 non
3625 2646 3867 2711 habeam.

2265 2737 2431 2805 factus
2467 2749 2580 2787 sum
2615 2749 2685 2788 tes
2718 2750 2909 2787 sonans
2949 2743 3037 2787 aut
3071 2737 3357 2805 cymbalum
3398 2738 3638 2793 tiuniens.
3676 2739 3873 2795 Vidcn‘

2266 2838 2497 2892 quonam
2527 2838 2696 2892 usque
2722 2824 2922 2878 elatum
2953 2826 3247 2893 charisma,
3284 2841 3518 2896 quonam
3550 2844 3722 2899 usque
3764 2830 3868 2885 de-

2269 2914 2476 2969 miserit
2503 2920 2673 2983 ipsum
2697 2923 2752 2967 et
2776 2914 3110 2984 projeceritl
3134 2913 3321 2984 Neque
3341 2918 3487 2971 enim
3506 2918 3682 2973 solum
3702 2919 3870 2986 dixit,

2267 3005 2407 3060 Nihil
2430 3021 2570 3070 sum,
2600 3006 2695 3060 sed
2717 3004 2911 3061 Factus
2934 3022 3047 3060 sum
3071 3021 3142 3062 ars
3161 3022 3371 3075 sonans,
3396 3008 3709 3064 insensibile
3736 3009 3872 3077 quid

2267 3106 2323 3152 et
2352 3098 2720 3151 inanimatam.
2753 3096 3038 3164 Quomodo
3063 3106 3242 3153 autem
3288 3114 3362 3154 aes
3393 3114 3593 3155 sonans
3613 3099 3639 3152 τ
3666 3099 3873 3157 Vocem

2268 3187 2488 3258 quidem
2530 3188 2805 3251 emittens,
2849 3189 2943 3243 sed
2974 3190 3167 3244 frustra
3209 3201 3261 3245 et
3289 3200 3512 3256 temere,
3557 3192 3623 3247 ad
3656 3194 3874 3249 nullum

2270 3296 2445 3334 usum.
2477 3280 2837 3350 Praeterquam
2864 3280 3027 3335 enim
3059 3280 3203 3351 quod
3250 3282 3379 3337 nihil
3408 3283 3647 3352 perﬁcio,
3696 3285 3879 3340 mole-

2270 3372 2428 3425 stiam
2458 3385 2648 3426 creare
2676 3371 2860 3427 videor
2905 3384 2959 3426 et
2990 3374 3254 3428 molestus
3296 3389 3418 3430 esse
3443 3375 3646 3431 multis.
3683 3376 3879 3433 Viden‘

2272 3464 2541 3534 quomodo
2562 3465 2607 3519 is
2634 3465 2724 3535 qui
2755 3464 2997 3519 caritatis
3018 3480 3213 3534 expers
3232 3480 3335 3533 e5t,
3367 3468 3673 3525 inanimatis
3698 3478 3757 3525 et
3788 3471 3877 3525 in-

2273 3557 2565 3615 sensilibus
2591 3559 2661 3612 sit
2681 3558 2911 3614 similis?
2936 3558 3197 3629 Linguam
3229 3571 3409 3617 autem
3439 3565 3755 3635 angelorum
3786 3565 3879 3621 hic

2272 3647 2423 3715 dicit,
2456 3664 2565 3702 non
2594 3664 2791 3718 corpus
2830 3650 3038 3720 angelis
3077 3650 3340 3720 tribuens,
3385 3653 3479 3708 sed
3510 3656 3612 3711 hoc
3634 3657 3751 3711 vult
3793 3660 3875 3713 si-

2273 3739 2529 3810 gniﬁcare
2558 3757 2571 3793 :
2605 3740 2829 3795 Etiamsi
2871 3742 2941 3795 ita
2973 3740 3181 3811 loquar,
3218 3752 3279 3798 ut
3306 3746 3480 3815 angeli
3523 3746 3703 3801 solent
3729 3748 3881 3804 inter

2275 3846 2335 3888 se
2356 3832 2614 3902 colloqui,
2645 3833 2763 3888 sine
2790 3832 3017 3888 caritate
3038 3833 3172 3887 nihil
3202 3848 3319 3889 sum
3346 3851 3361 3899 ;
3395 3836 3505 3890 imo
3529 3851 3799 3895 onerosus
3821 3850 3883 3894 et

2275 3924 2553 3978 molestus.
2590 3923 2680 3979 Sic
2706 3924 2849 3978 enim
2879 3923 3002 3977 alibi
3035 3938 3249 3994 quoque
3276 3939 3397 3979 cum
3425 3924 3556 3981 dicit
3582 3944 3596 3981 :
3625 3927 3743 3997 Ipsi
3776 3930 3880 3998 ﬂc-

2276 4025 2437 4069 ctetur
2464 4032 2611 4069 omne
2638 4032 2767 4086 genu
2795 4015 3094 4082 caelestium,
3123 4017 3435 4071 terrestrium
3468 4028 3515 4072 et
3553 4020 3882 4088 infernarum

2280 4104 2540 4175 (Philipp.
2566 4105 2767 4176 2,10);
2801 4119 2909 4160 non
2935 4121 3109 4177 genua
3136 4116 3191 4161 et
3211 4121 3331 4161 ossa
3350 4109 3557 4178 angelis
3571 4110 3880 4165 attribuens

2279 4197 2397 4250 lucc
2424 4198 2587 4261 dicit;
2610 4198 2784 4263 absit;
2818 4198 2912 4253 sed
2940 4207 2995 4253 et
3019 4201 3283 4253 intensam
3306 4208 3360 4254 et
3383 4200 3638 4270 grandem
3670 4202 3881 4256 adora-

2280 4290 2479 4342 tioncm
2510 4305 2605 4358 per
2629 4290 2780 4344 illum
2810 4304 2919 4360 quo
2963 4290 3102 4360 apud
3144 4306 3244 4345 nos
3275 4292 3334 4346 ﬁt
3359 4292 3580 4347 modum
3624 4295 3877 4351 subindi-

2278 4395 2406 4434 care
2437 4381 2565 4435 vult.
2598 4382 2688 4435 Sic
2712 4392 2768 4435 et
2797 4383 2898 4435 hoc
2926 4383 3044 4436 loco
3085 4382 3319 4451 linguam
3353 4384 3582 4449 vocavit,
3616 4400 3723 4439 non
3751 4400 3880 4440 mr-

2280 4472 2364 4525 nis
2393 4487 2652 4542 organum
2680 4474 3010 4544 signiﬁcans,
3054 4472 3150 4527 sed
3179 4472 3391 4527 illorum
3423 4484 3666 4530 mutuum
3702 4476 3879 4530 collo—

2280 4571 2461 4638 quium
2489 4576 2615 4620 nolo
2634 4565 2773 4636 apud
2801 4580 2899 4620 nos
2922 4564 3082 4619 modo
3108 4564 3431 4620 adumbrare
3458 4566 3642 4621 voluit.
3669 4566 3882 4622 Deinde

2283 4668 2339 4712 ut
2364 4658 2631 4726 acceptior
2663 4658 2755 4711 llat
2801 4656 2994 4719 oratio,
3038 4670 3146 4711 non
3185 4656 3250 4710 ad
3282 4656 3487 4727 linguas
3533 4671 3703 4727 usque
3743 4670 3880 4710 coa-

2282 4750 2443 4809 sistit.
2472 4748 2567 4802 sed
2594 4749 2660 4801 ad
2684 4747 2892 4817 reliqua
2924 4748 3097 4815 pergit
3117 4747 3464 4810 charismata,
3494 4747 3808 4815 omniaque,
3833 4749 3877 4803 si

2282 4840 2371 4895 illa
2403 4838 2563 4902 absit,
2595 4838 2876 4907 dejiciens,
2907 4846 3033 4891 tunc
3059 4837 3176 4907 ejus
3204 4838 3443 4909 depingit
3473 4837 3757 4906 imaginem
3792 4851 3879 4895 :et

2282 4931 2534 5003 quoniam
2586 4928 2919 4997 amplificare
2965 4928 3077 4982 vult
3129 4931 3452 4992 orationem,
3500 4941 3531 4980 a
3573 4927 3879 4986 minoribus

2283 5023 2561 5091 incipiens.
2607 5020 2674 5075 ad
2716 5020 2915 5091 majora
2966 5021 3228 5077 ascendit.
3260 5018 3413 5084 Quod
3460 5019 3624 5085 enim,
3657 5024 3879 5092 quando

2281 5128 2468 5168 eorum
2502 5112 2753 5167 indicavit
2780 5112 3047 5175 ordinem,
3080 5118 3411 5178 postremum
3441 5112 3637 5179 posuit,
3680 5130 3878 5184 liempc

2280 5204 2481 5258 donum
2512 5205 2835 5275 linguarum,
2866 5204 2970 5257 hoc
2997 5214 3138 5254 nunc
3165 5198 3395 5267 primum
3440 5216 3710 5270 numerat,
3744 5220 3878 5272 pau-

2284 5297 2453 5362 latim,
2498 5307 2554 5350 ut
2604 5297 2736 5359 dixi,
2768 5294 2836 5349 ad
2869 5292 3073 5360 majora
3123 5291 3441 5347 ascendens.
3473 5294 3604 5348 Nam
3651 5310 3772 5349 cum
3806 5295 3877 5349 de

2282 5387 2475 5456 linguis
2499 5387 2745 5454 dixisset,
2775 5386 2840 5439 ad
2873 5382 3207 5453 praphetiam
3241 5400 3361 5439 mox
3395 5387 3607 5451 transit,
3657 5394 3711 5437 et
3750 5385 3865 5436 ait.

2280 5478 2334 5531 2.
2371 5478 2437 5531 Et
2480 5481 2522 5532 si
2555 5480 2777 5533 habuero
2808 5474 3165 5545 prophetiam;
3212 5485 3267 5531 et
3305 5474 3447 5530 hanc
3486 5488 3701 5529 rursum
3750 5488 3873 5528 cum

2285 5570 2597 5641 hyperbole.
2643 5573 2795 5626 Sicut
2843 5567 2989 5621 enim
3040 5567 3108 5621 ibi
3142 5568 3349 5637 linguas
3396 5582 3503 5621 non
3535 5564 3735 5634 posuit,
3779 5572 3875 5622 sed

2282 5662 2557 5716 hominum
2586 5658 2825 5715 omnium
2855 5656 3084 5727 linguas,
3110 5667 3163 5710 et
3190 5668 3511 5727 progressus
3529 5652 3692 5707 etiam
3713 5669 3874 5725 auge-

2284 5756 2477 5823 lorum,
2508 5764 2560 5809 et
2593 5764 2719 5808 tunc
2746 5752 2980 5809 ostendit
3007 5752 3107 5808 hoc
3134 5750 3403 5807 charisma
3446 5747 3578 5806 niiul
3606 5763 3730 5807 esse
3761 5754 3876 5811 sine
