4086 6340
253 379 365 435 Ξϋθ

253 496 481 547 raritate
510 490 625 545 :sic
652 498 706 543 et
734 487 836 542 hoc
864 487 984 542 loco
1024 496 1129 539 non
1172 482 1507 553 prophetiam
1549 476 1697 549 ponit
1726 486 1845 529 tan-

256 594 394 647 tmn,
424 581 516 638 sed
562 595 823 635 summam
871 577 1030 633 etiam
1060 576 1418 646 prophetiam.
1449 571 1584 627 Cum
1625 570 1849 623 dixisset

254 675 423 738 enim,
455 672 513 726 Si
545 671 766 725 habuero
792 667 1131 739 praphetiam,
1179 663 1453 732 subjuuxit
1485 680 1498 717 :
1532 660 1596 714 Et
1624 658 1847 712 noverim

258 767 497 834 mysteria
532 765 704 817 omnia
732 770 778 813 et
809 774 1006 814 onmem
1034 758 1333 820 scientiam;
1363 770 1484 808 cum
1523 749 1765 821 emphasi
1795 757 1849 804 et

255 856 555 909 intentione
588 854 689 905 hoc
711 852 871 905 etiam
898 849 1163 903 charisma
1189 860 1415 915 ponens.

326 948 384 999 4.
420 943 617 998 Deinde
642 942 707 996 ad
734 942 937 1009 reliqua
988 940 1310 995 charismata
1361 933 1723 1006 progreditur.
1783 930 1850 982 Et

255 1051 323 1091 ne
384 1036 590 1104 singula
642 1046 965 1088 enumerans
1020 1030 1261 1083 videatur
1321 1042 1535 1080 rursum
1592 1023 1849 1078 molestus

252 1140 420 1190 esse,
471 1134 693 1179 matrem
741 1134 794 1177 et
843 1123 1043 1176 fontem
1093 1120 1332 1174 omnium
1378 1117 1651 1188 pouit,et
1683 1116 1848 1183 ipsam

253 1233 447 1273 rursus
475 1233 593 1272 cum
648 1215 978 1287 hyperbole,
1029 1216 1105 1268 sic
1152 1214 1381 1267 dicens:
1418 1210 1482 1264 Et
1533 1210 1577 1263 si
1631 1207 1849 1259 habuero

250 1328 459 1365 onmem
485 1311 658 1379 ﬁdem.
685 1310 866 1379 Neque
908 1308 1039 1362 satis
1078 1306 1258 1361 habuit
1315 1306 1417 1359 hoc
1465 1304 1663 1356 dixisse
1687 1343 1701 1364 ,
1756 1298 1850 1353 sed

251 1403 419 1456 etiam
449 1401 577 1456 illud
604 1442 620 1467 ,
665 1401 806 1471 quod
855 1409 911 1452 ut
956 1398 1249 1451 maximum
1298 1396 1541 1450 Christus
1590 1392 1755 1455 dixit,
1799 1390 1847 1443 id

251 1494 424 1548 etiam
486 1493 683 1562 adjecit
720 1510 733 1544 :
772 1490 853 1544 Ita
880 1501 931 1543 ut
960 1499 1150 1543 montes
1198 1492 1501 1558 transferam
1524 1528 1538 1551 ,
1592 1485 1853 1537 caritatem

251 1596 427 1639 autem
456 1601 556 1637 non
586 1583 808 1636 habuero
830 1623 845 1646 ,
885 1581 1014 1634 nihil
1034 1598 1168 1635 sum.
1198 1579 1480 1648 Perpende
1505 1587 1683 1631 autem
1714 1591 1849 1643 quo-

253 1676 421 1729 modo
455 1675 539 1728 hic
567 1688 754 1727 rursus
786 1673 1087 1741 linguarum
1118 1670 1429 1740 dignitatem
1456 1668 1693 1739 dejiciat.
1724 1666 1853 1719 Pro-

252 1768 454 1836 phctize
476 1781 706 1835 namque
729 1766 955 1819 multum
986 1763 1223 1818 ostendit
1250 1764 1454 1815 lucrum
1478 1801 1492 1825 ,
1535 1757 1677 1828 quod
1714 1758 1851 1811 sciat

253 1859 513 1930 mysteria
541 1866 592 1911 et
642 1872 855 1911 omnem
898 1856 1094 1910 haheat
1137 1856 1451 1915 scientiam;
1504 1852 1625 1905 ﬁdei
1672 1859 1848 1903 autem

253 1964 394 2017 Opus
424 1964 529 2003 non
560 1964 780 2017 parvum
807 1989 820 2010 ,
853 1948 993 2018 quod
1025 1956 1237 2002 montes
1282 1945 1565 1999 transferat
1596 1961 1608 1995 :
1638 1944 1705 1997 de
1747 1943 1849 1994 lin-

251 2040 376 2108 guis
405 2053 531 2093 vero
574 2040 745 2107 ipsum
778 2041 949 2093 solum
995 2039 1261 2093 charisma
1304 2037 1577 2099 indicans,
1626 2034 1847 2088 recedit.

254 2131 336 2183 Tu
385 2130 513 2183 mihi
562 2130 690 2184 illud
733 2145 946 2199 quoque
992 2131 1295 2193 considera,
1347 2127 1616 2198 quomodo
1667 2126 1849 2195 paucis

251 2224 435 2276 omnia
476 2222 791 2291 complexus
820 2222 888 2275 sit
920 2223 1267 2285 charismata,
1304 2222 1637 2290 prophetiam
1663 2219 1848 2273 dicens

249 2325 307 2368 et
338 2314 497 2368 ﬁdem
532 2332 545 2367 :
575 2324 665 2368 aut
708 2316 851 2369 enim
898 2315 949 2367 in
996 2315 1171 2368 verbis
1213 2324 1305 2366 aut
1332 2314 1383 2365 in
1415 2313 1670 2382 Operibus
1698 2313 1847 2380 signa

249 2416 398 2459 sunt.
430 2406 535 2461 Sed
569 2406 837 2475 quomodo
882 2405 1128 2461 Christus
1181 2404 1350 2469 dixit,
1401 2404 1678 2457 minimam
1727 2416 1849 2456 esse

251 2497 379 2550 ﬁdei
413 2506 639 2567 partem,
668 2512 824 2567 posse
851 2504 1089 2552 montem
1119 2496 1408 2550 transferre
1435 2495 1456 2547 ?
1488 2509 1609 2547 nam
1647 2501 1706 2546 ut
1749 2492 1847 2545 mi-

251 2590 463 2643 nimum
490 2590 799 2660 significans
821 2629 836 2653 ,
882 2590 951 2641 ita
985 2590 1162 2657 pOsttit
1207 2587 1391 2641 dicens
1422 2604 1434 2639 :
1469 2584 1530 2640 Si
1576 2583 1849 2638 habueritis

251 2682 406 2749 ﬁdem
440 2682 570 2734 sicut
598 2698 813 2749 granum
840 2683 1054 2750 sinapis,
1081 2682 1256 2732 dicetis
1288 2681 1406 2731 huic
1434 2681 1608 2741 monti,
1642 2678 1847 2741 Transi,

252 2782 297 2823 et
326 2772 560 2823 transibit
598 2773 614 2839 (
649 2771 833 2823 Matth.
865 2772 954 2834 l7,
982 2769 1047 2823 l9
1076 2780 1088 2837 )
1122 2787 1133 2819 :
1170 2770 1364 2821 Paulus
1392 2784 1518 2821 vero
1541 2768 1667 2821 dicit
1712 2768 1848 2819 banc

250 2877 469 2915 omnem
499 2862 656 2914 ﬁdem
680 2861 839 2915 esse?
866 2860 1000 2927 Quid
1044 2876 1174 2929 ergo
1217 2858 1542 2912 dicendum?
1580 2856 1843 2922 Quoniam

249 2969 505 3023 magnum
538 2954 665 3006 illud
695 2966 807 3005 erat
832 2995 844 3015 ,
877 2963 1113 3005 montem
1167 2951 1459 3003 transferre
1486 2990 1499 3011 ,
1549 2950 1668 3003 ideo
1716 2947 1843 3000 illud

251 3042 610 3104 memoravit;
646 3058 753 3095 non
778 3042 927 3111 qttasi
962 3043 1061 3095 hoc
1091 3042 1201 3095 sola
1233 3049 1413 3110 posset
1437 3049 1544 3094 tota
1576 3039 1729 3103 ﬁdes,
1751 3038 1844 3091 sed

248 3134 373 3202 quia
408 3135 509 3185 hoc
539 3148 787 3201 magnum
815 3131 1167 3185 crassioribus
1195 3132 1470 3185 videbatur
1496 3145 1615 3184 esse
1641 3129 1711 3183 ob
1734 3143 1849 3181 mo-

251 3228 359 3281 lem
388 3227 650 3295 corporis,
686 3226 805 3279 hinc
832 3239 1047 3294 quoque
1078 3240 1187 3277 rem
1241 3224 1566 3292 propositam
1616 3220 1845 3289 ampliﬁ-

249 3329 358 3373 cat.
390 3319 503 3373 lloc
534 3330 709 3371 autem
736 3318 846 3371 vult
878 3317 1181 3386 signiﬁcare
1213 3335 1224 3368 :
1258 3317 1309 3370 Si
1356 3315 1597 3369 habuero
1626 3330 1844 3368 omnem

250 3413 437 3474 ﬁdem,
467 3423 518 3464 ct
549 3414 591 3465 si
618 3412 814 3479 possim
846 3421 1061 3465 montes
1095 3409 1408 3471 transferre,
1443 3410 1723 3463 caritatem
1752 3423 1846 3460 au-

250 3515 360 3559 tem
394 3521 500 3558 non
529 3505 784 3569 habuero,
816 3505 946 3556 nihil
977 3520 1115 3557 smn.
1151 3504 1203 3557 5.
1242 3503 1307 3554 Et
1350 3504 1394 3557 si
1439 3503 1740 3555 distribuero
1794 3502 1847 3554 in

250 3600 390 3651 cibos
419 3614 700 3665 pauperum
730 3614 900 3651 omnes
927 3598 1195 3666 facultates
1225 3613 1390 3662 meas,
1430 3607 1475 3649 et
1519 3597 1563 3649 si
1592 3595 1848 3648 tradidero

251 3705 439 3757 corpus
481 3703 643 3739 meum
681 3689 750 3739 ita
776 3697 829 3739 ut
851 3690 1057 3740 ardeam
1085 3730 1097 3750 ,
1136 3689 1397 3741 caritatem
1426 3696 1590 3740 autent
1622 3705 1722 3741 non
1751 3689 1845 3740 ha-

253 3783 407 3833 buero
434 3822 449 3845 ,
481 3781 609 3833 nihil
634 3781 755 3833 mihi
795 3781 1016 3847 prodest.
1070 3780 1247 3849 Papia,
1275 3789 1470 3847 quanta
1517 3780 1844 3851 hyperbole!

254 3874 472 3926 Etenim
506 3872 618 3927 lucc
649 3874 934 3942 ponitcum
960 3873 1066 3927 alio
1103 3874 1491 3927 additamento.
1541 3873 1655 3927 Non
1704 3874 1847 3927 enim

253 3967 437 4021 dixit:
488 3967 542 4020 Si
582 3966 782 4021 dedero
835 3966 1157 4035 pauperibus
1209 3966 1483 4019 dimidiam
1540 3966 1846 4020 facultatum

252 4073 499 4111 mearum
543 4066 748 4125 partem
772 4099 784 4121 ,
821 4068 909 4110 aut
936 4057 1069 4111 duas
1099 4059 1177 4109 vel
1230 4067 1336 4110 tres
1384 4066 1596 4126 partes;
1644 4058 1762 4121 sed,
1788 4056 1849 4111 Si

254 4167 431 4202 omnes
459 4149 727 4215 facultates
754 4166 908 4201 ineas.
935 4148 1116 4217 Neque
1143 4150 1305 4212 dixit,
1339 4148 1567 4215 Dedero,
1597 4149 1711 4211 sed,
1742 4148 1850 4203 Dis-

253 4243 481 4294 tribuero
508 4242 558 4293 in
581 4242 758 4303 cibos;
796 4242 864 4294 ita
896 4250 952 4293 ut
978 4257 1097 4295 cum
1133 4243 1370 4310 impensa
1404 4242 1563 4296 etiam
1606 4243 1847 4295 ministe-

252 4337 396 4389 riu;n
430 4345 483 4388 et
514 4350 733 4402 operam
763 4335 997 4403 adjiciat,
1022 4350 1143 4388 cum
1179 4336 1520 4388 aceuratione
1564 4336 1733 4389 omni.
1783 4334 1849 4387 Et

253 4430 298 4481 si
320 4427 510 4479 dedero
542 4444 723 4494 corpus
749 4444 942 4491 meum,
974 4428 1043 4479 ita
1069 4438 1122 4480 ut
1150 4430 1377 4479 ardeant.
1415 4428 1528 4481 Non
1573 4428 1742 4492 dixit,
1792 4427 1847 4482 Si

255 4506 513 4583 in'oriar;
566 4519 658 4573 sed
716 4518 815 4575 hoc
854 4522 1014 4574 etiam
1059 4535 1179 4574 cum
1231 4519 1522 4589 hyperbole
1568 4521 1846 4574 :omnium

255 4610 403 4661 enim
432 4609 744 4678 gravissima
772 4621 943 4665 morte
974 4612 1145 4679 posita
1176 4653 1187 4673 ,
1230 4627 1423 4679 nempe
1470 4613 1649 4665 vivum
1696 4628 1847 4667 com-

256 4700 377 4752 liuri
406 4740 419 4762 ,
454 4715 568 4753 eam
610 4702 768 4753 etiam
816 4702 931 4755 sine
980 4703 1201 4755 caritate
1249 4703 1381 4755 nihil
1428 4718 1677 4773 magnum
1731 4719 1849 4758 esse

257 4791 421 4844 dixit.
458 4791 743 4860 Snbjunxit
774 4794 973 4863 itaque,
1004 4792 1153 4847 Nihil
1182 4795 1303 4847 mihi
1325 4796 1546 4862 prodest.
1577 4795 1681 4849 Sed
1715 4812 1849 4849 non-

256 4882 390 4936 dunt
420 4890 584 4936 totam
616 4884 945 4955 hyperbolen
972 4885 1183 4940 ostendi
1212 4926 1225 4949 ,
1256 4884 1428 4940 donec
1458 4886 1669 4961 Christi
1702 4888 1848 4941 testi-

257 4976 441 5029 monia
495 4977 634 5030 circa
686 4977 1086 5048 eleemosynain
1133 4989 1187 5032 et
1230 4988 1458 5033 mortem
1508 4981 1561 5034 in
1612 4980 1846 5035 medium

255 5066 558 5122 adduxere.
612 5069 866 5135 Quamam
934 5084 1063 5140 ergo
1108 5081 1236 5124 sunt
1283 5072 1633 5125 testimonia?
1685 5072 1845 5126 Diviti

255 5159 418 5223 dixit,
454 5160 513 5213 Si
552 5160 623 5213 vis
663 5164 915 5231 perfectus
948 5178 1087 5227 esse,
1119 5162 1273 5215 vende
1298 5164 1470 5216 omnia
1498 5179 1613 5233 qua!
1659 5165 1810 5217 habes
1831 5205 1847 5229 ,

256 5261 304 5304 et
345 5250 411 5303 da
448 5252 751 5321 pauperibus
770 5293 785 5317 ,
822 5262 868 5306 et
908 5255 1020 5307 veni
1039 5268 1243 5323 sequere
1262 5270 1341 5307 me
1370 5254 1580 5324 (Matth.
1605 5254 1690 5318 1-9,
1720 5255 1847 5325 2|);

256 5350 317 5395 et
342 5340 408 5394 de
436 5344 657 5398 caritate
684 5358 806 5413 erga
838 5345 1135 5412 proximum
1154 5345 1425 5400 disserens
1445 5347 1520 5400 ait
1552 5365 1565 5401 :
1597 5346 1850 5414 Maiorem

259 5434 361 5486 hac.
382 5433 641 5485 caritatem
662 5451 807 5488 nemo
836 5436 983 5488 habet
1006 5474 1021 5499 ,
1051 5447 1106 5489 ut
1140 5439 1250 5505 quis
1277 5446 1431 5504 ponat
1458 5439 1681 5492 anintam
1702 5457 1848 5492 suam

258 5542 358 5593 pro
381 5522 556 5575 amicis
578 5524 682 5574 suis
708 5524 725 5591 (
749 5523 905 5577 Joan.
944 5528 1028 5582 15,
1058 5529 1125 5582 13
1147 5530 1186 5597 ).
1220 5528 1369 5584 Unde
1398 5530 1569 5598 palam
1586 5540 1670 5586 est
1688 5532 1847 5585 etiam

258 5613 404 5685 apud
459 5614 623 5667 Deum
673 5611 775 5665 hoc
821 5617 1060 5669 omnium
1109 5619 1397 5673 niaximum
1449 5636 1587 5675 esse.
1638 5625 1708 5675 At
1749 5637 1849 5691 ego

256 5705 404 5769 dico,
440 5705 609 5773 inquit
640 5702 859 5765 Paulus,
889 5706 1097 5759 etiamsi
1128 5723 1226 5775 pro
1256 5710 1364 5762 Deo
1394 5725 1652 5778 ponamus
1680 5713 1845 5773 illaut,

255 5810 435 5865 neque
462 5799 635 5851 Solum
664 5811 943 5865 ponamus.
976 5796 1067 5850 st-d
1098 5798 1163 5851 ita
1196 5809 1249 5852 ut
1278 5800 1656 5855 eomburanmr
1706 5802 1847 5871 (hoc

1221 366 1286 422 IN
1326 364 1541 425 EPIST.
1582 362 1601 417 1
1667 363 1756 417 ΑΟ
1793 358 1950 415 COR.
1996 360 2226 415 ιιυιιιι.
2270 360 2488 416 XXXII.

3437 368 3545 424 270

1955 476 2096 530 enim
2126 476 2225 531 sibi
2249 476 2380 541 vult,
2413 476 2565 542 illud,
2596 476 2659 533 Si
2690 478 2951 533 tradidero
2974 496 3162 550 corpus
3190 498 3379 549 meum,
3397 485 3466 555 ita
3490 494 3544 538 ut

1954 566 2201 640 ardeam)
2225 608 2242 634 ,
2275 585 2380 623 non
2420 585 2668 640 magnum
2694 572 2799 625 erit
2824 571 3030 625 lucrum
3057 572 3211 628 nobis
3235 613 3253 641 ,
3281 575 3327 627 si
3367 575 3550 643 proxi-

1957 674 2100 713 mum
2124 674 2230 715 non
2259 659 2563 731 diligamus.

2026 751 2347 808 Charismata
2371 771 2457 809 seu
2481 755 2619 809 dona
2641 755 2770 809 nihil
2800 766 3014 821 prosunt
3044 756 3154 811 sine
3177 756 3309 812 bona
3326 759 3449 813 vita.
3471 787 3545 801 -—

1957 841 2136 911 Itaque
2157 842 2338 898 dicere
2361 844 2687 899 charismata
2712 860 2815 900 non
2846 846 3071 901 multum
3102 846 3377 917 prodesse,
3403 851 3548 904 cari-

1958 945 2062 991 tate
2092 937 2335 1003 absente,
2367 938 2495 992 nihil
2526 941 2720 993 mirum
2752 957 2766 993 :
2799 954 2923 994 nam
2952 940 3003 992 iu
3036 940 3141 992 vita
3170 956 3383 1009 quoque
3409 940 3548 997 infe-

1955 1030 2097 1083 riora
2123 1039 2250 1085 sunt
2274 1030 2623 1085 charismata.
2652 1031 2798 1085 Multi
2834 1047 3065 1101 namque
3103 1033 3192 1102 qui
3223 1032 3547 1087 charismata

1956 1120 2250 1177 exhibuere
2272 1164 2284 1185 ,
2322 1123 2443 1192 quia
2474 1123 2700 1191 improbi
2731 1122 2982 1187 fuerunt,
3020 1137 3205 1192 poenas
3234 1122 3494 1178 dederunt
3531 1142 3547 1179 :

1957 1223 2013 1268 ut
2042 1214 2113 1267 illi
2143 1216 2230 1284 qui
2262 1215 2312 1268 in
2342 1215 2559 1270 nomine
2588 1216 2702 1285 ejus
2748 1215 3233 1284 prophetaverant,
3282 1216 3549 1272 daemonia

1958 1308 2122 1360 multa
2172 1306 2482 1376 ejecerant,
2533 1317 2588 1360 et
2640 1307 2865 1361 virtutes
2915 1308 3113 1363 multas
3167 1308 3445 1375 fecerant;
3494 1318 3553 1364 ut

1958 1397 2122 1451 ludas
2151 1396 2394 1466 proditor
2424 1413 2438 1451 :
2469 1397 2559 1451 alii
2588 1406 2765 1451 autem
2792 1397 2976 1451 ﬁdeles
3001 1439 3016 1463 ,
3046 1398 3135 1469 qui
3166 1399 3327 1452 vitam
3377 1393 3551 1454 duxe-

1957 1500 2076 1543 rant
2112 1505 2293 1556 pnram
2318 1531 2330 1552 ,
2360 1491 2505 1543 nullo
2534 1491 2641 1544 alio
2666 1505 2801 1559 Opus
2834 1490 3072 1545 habuere
3093 1490 3159 1545 ad
3187 1492 3419 1546 salutem
3454 1493 3551 1548 oh-

1959 1581 2249 1634 tinendam.
2272 1582 2421 1649 Quod
2440 1597 2569 1650 ergo
2599 1583 2942 1647 charismata,
2966 1592 3030 1636 ut
3055 1582 3188 1646 dixi,
3222 1584 3307 1637 illa
3337 1594 3551 1653 egeant,

1958 1672 2087 1723 nihil
2120 1672 2314 1724 mirum
2344 1690 2357 1723 :
2387 1672 2527 1740 quod
2562 1682 2743 1726 autem
2776 1674 2882 1727 vita
2912 1684 3160 1728 accurata
3192 1686 3242 1729 et
3270 1691 3397 1743 pura
3418 1676 3550 1731 nihil

1957 1762 2125 1832 possit
2149 1764 2263 1815 sine
2285 1762 2372 1816 illa
2394 1804 2407 1826 ,
2440 1764 2539 1815 hoc
2568 1774 2717 1817 certe
2742 1780 2987 1833 magnam
3014 1765 3167 1819 ell‘crt
3191 1766 3545 1837 hyperbolen,

1955 1866 2009 1908 ct
2041 1855 2260 1907 multam
2288 1854 2428 1923 parit
2451 1853 2821 1908 diflicultatem
2852 1873 2863 1917 ;
2897 1870 3017 1909 cum
3049 1858 3281 1909 maxime
3304 1856 3552 1912 Christus

1956 1949 2040 2003 his
2056 1947 2315 2003 ambobus
2338 1962 2523 2017 magna
2547 1947 2842 2002 decernere
2872 1949 3145 2013 videatur;
3168 1966 3359 2019 nempe
3387 1949 3550 2004 facul-

1959 2049 2123 2095 tatum
2175 2040 2501 2095 abdicationi
2525 2082 2537 2102 ,
2581 2049 2635 2093 et
2674 2041 2927 2108 periculis
2955 2042 3216 2111 martyrii.
3243 2042 3372 2095 Nam
3399 2042 3549 2095 diviti

1955 2135 2048 2198 ait,
2075 2141 2131 2186 ut
2154 2132 2263 2201 jam
2296 2130 2405 2185 disi
2432 2148 2443 2183 :
2481 2130 2542 2185 Si
2573 2132 2645 2184 vis
2675 2132 2927 2199 perfectus
2974 2150 3079 2185 esse
3103 2174 3117 2198 ,
3172 2132 3325 2185 vende
3376 2133 3548 2186 omnia

1953 2244 2066 2296 qute
2090 2227 2261 2290 habes,
2285 2234 2331 2279 et
2360 2226 2427 2279 da
2465 2227 2771 2293 pauperibus
2792 2266 2806 2290 ,
2839 2236 2885 2277 et
2930 2228 3056 2295 veni,
3084 2243 3281 2289 sequere
3326 2243 3442 2289 nte;
3489 2236 3545 2282 et

1953 2317 2229 2385 discipulis
2260 2317 2327 2371 de
2356 2318 2615 2386 martyrio
2646 2315 2923 2369 disserens
2949 2316 3159 2369 dicebat
3189 2333 3200 2369 :
3239 2316 3339 2383 Qui
3366 2317 3539 2385 perdi-

1953 2408 2082 2460 derit
2110 2407 2337 2459 anintam
2360 2424 2506 2459 suum
2534 2415 2739 2475 propter
2771 2422 2880 2470 mc,
2912 2406 3127 2459 inveniet
3151 2423 3292 2469 eam;
3324 2417 3375 2465 et
3400 2448 3413 2471 ,
3446 2407 3548 2472 Qui

1954 2518 2031 2553 me
2060 2500 2316 2568 confessus
2348 2499 2499 2565 fuerit
2529 2514 2703 2551 eorum
2732 2498 3044 2562 hominibus,
3076 2499 3353 2567 conﬁtebor
3380 2507 3427 2552 et
3452 2516 3545 2569 ego

1951 2607 2062 2643 eum
2090 2606 2262 2644 coram
2288 2587 2441 2641 Patre
2468 2605 2597 2653 meo,
2628 2589 2711 2659 qui
2741 2598 2812 2641 est
2840 2590 2893 2641 in
2922 2590 3060 2642 cretis
3088 2589 3303 2659 (Matth.
3340 2589 3520 2657 “5,95
3539 2637 3552 2655 ,

1952 2695 1997 2736 et
2030 2683 2117 2753 to,
2148 2682 2219 2738 32
2249 2683 2289 2753 ).
2342 2681 2477 2735 Nam
2524 2682 2684 2749 hujus
2735 2682 3004 2749 praeclara:
3052 2692 3215 2750 gesta:
3265 2682 3340 2734 rei
3394 2682 3547 2736 labor

1954 2789 2179 2843 magnus
2207 2783 2319 2837 est,
2355 2786 2409 2826 ot
2434 2774 2602 2841 ipsam
2632 2772 2743 2826 fere
2773 2782 2990 2839 superat
3018 2780 3259 2825 naturam
3298 2788 3309 2823 :
3336 2781 3389 2824 et
3441 2770 3543 2824 hoc

1952 2863 2117 2932 probe
2142 2863 2321 2917 sciunt
2344 2863 2400 2923 ii,
2430 2865 2516 2931 qui
2554 2863 2698 2916 hisce
2729 2864 2943 2917 COI'OIIlS
2969 2862 3109 2930 digni
3143 2864 3287 2915 fuere
3317 2879 3329 2912 :
3364 2862 3541 2914 nullus

1952 2953 2094 3007 enim
2118 2969 2296 3008 sermo
2314 2952 2365 3005 id
2388 2953 2689 3020 exprimere
2729 2953 2893 3021 possit
2920 2968 2932 3014 ;
2960 2956 3026 3004 ita
3055 2967 3331 3020 generosa).
3350 2966 3542 3021 nempe

1952 3048 2142 3101 anima:
2170 3046 2373 3099 facinus
2400 3054 2503 3109 est,
2536 3053 2589 3098 et
2625 3060 2784 3112 supra
2817 3044 3034 3097 modum
3062 3044 3459 3097 admirandum.

2018 3125 2073 3191 Β.
2099 3139 2345 3190 Attamen
2368 3136 2493 3189 illud
2510 3136 2883 3189 admirandum
2910 3151 3013 3189 non
3038 3136 3262 3189 multum
3284 3135 3540 3206 prodesse

1950 3230 2066 3283 sine
2091 3230 2314 3282 caritate
2342 3228 2473 3281 dicit
2514 3227 2711 3281 Paulus
2738 3268 2754 3291 ,
2802 3228 3009 3281 etiarnsi
3054 3227 3323 3296 depositas
3366 3225 3538 3280 facul-

1951 3331 2087 3375 tates
2117 3320 2275 3373 simul
2314 3319 2524 3387 junctas
2572 3317 2785 3372 habeat.
2840 3318 2946 3371 Cur
2986 3332 3113 3387 ergo
3155 3319 3233 3372 sic
3286 3318 3540 3388 loquutus

1950 3414 2073 3467 est?
2115 3412 2227 3466 Hoc
2253 3411 2361 3480 jam
2395 3410 2680 3464 ostendere
2710 3410 2981 3471 conabor,
3016 3425 3137 3463 eum
3189 3411 3359 3478 primo
3413 3409 3537 3464 illud

1950 3505 2277 3575 qursierim,
2313 3503 2581 3571 quomodo
2612 3504 2653 3555 is
2675 3503 2765 3571 qui
2798 3503 3074 3557 facultates
3101 3517 3289 3557 omnes
3318 3504 3367 3556 in
3395 3504 3543 3557 cibos

1951 3599 2263 3663 distribuit,
2300 3600 2465 3666 possit
2493 3601 2612 3650 esse
2639 3596 2755 3650 sine
2796 3598 3039 3650 caritate.
3093 3596 3183 3648 Ille
3225 3598 3365 3650 enim
3392 3640 3406 3661 ,
3452 3598 3541 3666 qui

1954 3702 2168 3759 paratus
2192 3700 2273 3743 est
2299 3690 2364 3743 ad
2394 3689 2636 3757 corporis
2664 3688 3092 3742 combustionem
3115 3730 3128 3753 ,
3166 3688 3289 3743 licet
3332 3688 3541 3742 charis-

1954 3793 2090 3837 mata
2128 3782 2335 3847 habeat,
2370 3782 2481 3836 ﬁeri
2507 3781 2731 3836 fortasse
2762 3790 2934 3850 potest
2969 3792 3152 3835 utnon
3179 3780 3359 3849 diligat
3391 3797 3405 3833 :
3447 3781 3539 3835 sed

1955 3877 2041 3929 ille
2070 3876 2159 3945 qui
2193 3891 2296 3929 non
2324 3874 2483 3928 modo
2513 3873 2794 3927 facultates
2816 3873 2943 3938 dat,
2977 3874 3069 3926 sed
3099 3874 3259 3927 etiam
3293 3876 3341 3927 in
3391 3874 3540 3929 cibos

1952 3967 2257 4031 distribuit,
2290 3965 2559 4036 quomodo
2590 3981 2693 4018 non
2741 3964 2952 4033 diligit?
3001 3964 3136 4031 Quid
3189 3980 3317 4035 ergo
3360 3964 3543 4020 dicen-

1952 4064 2122 4115 dum?
2157 4060 2245 4114 Vel
2278 4051 2434 4129 quod'
2452 4058 2502 4113 id
2530 4060 2671 4129 quod
2704 4076 2809 4113 non
2843 4069 2959 4112 erat
2984 4100 2997 4123 ,
3028 4075 3089 4113 ac
3121 4060 3163 4113 si
3195 4068 3376 4125 esset,
3410 4074 3539 4128 sup-

1956 4152 2228 4219 posuerit,
2273 4152 2412 4219 quod
2442 4165 2657 4217 semper
2690 4148 2867 4203 facere
2899 4150 3069 4214 solet,
3114 4164 3233 4202 cum
3283 4151 3545 4220 hyperbo—

1957 4246 2058 4297 lein
2088 4242 2372 4311 quamdam
2409 4241 2519 4293 vult
2548 4240 2825 4309 proferre;
2866 4250 2920 4292 nt
2944 4256 3061 4293 cum
3086 4239 3286 4293 Calatis
3303 4240 3545 4292 scribens

1952 4336 2087 4388 dixit
2119 4353 2131 4386 :
2168 4334 2227 4387 Si
2258 4350 2349 4385 nos
2374 4376 2385 4392 .
2411 4342 2499 4384 aut
2530 4333 2741 4401 angelus
2771 4332 2833 4383 de
2876 4332 3001 4383 crelo
3049 4331 3350 4399 evangelizet
3401 4330 3539 4382 vobis

1955 4437 2290 4495 prieterquam
2320 4425 2371 4476 id
2400 4424 2534 4493 quod
2564 4423 2830 4491 accepistis
2852 4464 2865 4484 ,
2901 4422 3173 4475 anathema
3202 4422 3265 4474 sit
3295 4421 3311 4489 (
3340 4418 3454 4473 Cal.
3486 4422 3535 4487 i,

1954 4522 2043 4589 8).
2082 4520 2239 4587 Atqui
2294 4533 2465 4586 neque
2516 4518 2668 4586 ipse,
2723 4531 2896 4585 neque
2945 4515 3164 4581 angelus
3208 4515 3257 4567 id
3306 4513 3540 4567 facturus

1953 4621 2106 4674 erat;
2160 4609 2251 4663 sed
2304 4618 2359 4662 ut
2406 4606 2711 4662 ostenderet
2751 4607 2826 4660 rei
2868 4606 3276 4669 exceilentiam,
3312 4604 3359 4657 id
3400 4605 3539 4671 quod

1958 4716 2247 4770 numquam
2280 4698 2513 4751 fututum
2540 4706 2655 4751 erat
2679 4700 2870 4764 posuit.
2909 4695 2977 4750 Et
3012 4711 3222 4749 rursum
3272 4710 3389 4747 cum
3436 4695 3543 4747 Ro-

1956 4794 2129 4846 manis
2152 4791 2337 4845 seribit
2364 4800 2418 4844 et
2448 4789 2612 4854 dicit,
2649 4787 2825 4858 Neque
2852 4789 3054 4858 angeli,
3088 4804 3243 4855 neque
3285 4788 3544 4856 principa-

1960 4894 2059 4948 tus,
2089 4898 2249 4950 neque
2301 4882 2508 4934 virtutes
2563 4888 2801 4948 poterunt
2850 4895 2941 4932 nos
2987 4894 3223 4947 separare
3261 4894 3293 4929 a
3334 4878 3543 4931 caritate

1903 4963 1910 4971 ’
1954 4973 2047 5027 Dei
2078 4972 2096 5043 (
2122 4972 2273 5027 Rom.
2305 4972 2364 5033 8,
2392 4970 2496 5040 59)
2529 4988 2541 5025 :
2577 4984 2750 5040 neque
2772 4970 2916 5023 enim
2946 4968 2994 5022 id
3024 4969 3212 5022 facturi
3240 4978 3394 5022 erant
3436 4984 3537 5021 an-

1954 5069 2089 5137 geli;
2122 5066 2217 5122 sed
2244 5065 2331 5119 hic
2359 5064 2519 5118 etiam
2552 5064 2605 5117 id
2632 5063 2918 5132 supponit,
2964 5060 3105 5129 quod
3151 5076 3255 5115 non
3294 5060 3540 5124 exsistit;

1954 5162 2092 5214 sicut
2117 5160 2278 5213 etiam
2311 5157 2359 5209 id
2390 5156 2531 5225 quod
2576 5157 2857 5225 sequitur,
2917 5151 3094 5223 Neque
3139 5162 3372 5205 creatura
3412 5152 3540 5205 alia.

1955 5253 2138 5320 Neque
2184 5251 2287 5305 alia
2316 5256 2563 5305 creatura
2601 5246 2819 5301 :omnia
2853 5246 2995 5299 enim
3028 5244 3143 5311 ipse
3190 5243 3543 5310 comprehen-

1954 5344 2053 5406 dit,
2086 5358 2205 5411 qua:
2234 5355 2390 5409 supra
2423 5349 2475 5393 et
2505 5355 2622 5407 quae
2651 5337 2783 5391 infra
2818 5348 2970 5399 sunt,
3003 5352 3122 5389 cum
3149 5334 3326 5389 omnia
3373 5333 3536 5395 dicit;

1955 5435 2046 5489 sed
2106 5434 2193 5487 hic
2250 5434 2419 5486 etiam
2482 5432 2530 5484 id
2602 5430 2740 5499 quod
2794 5444 2897 5481 non
2951 5436 3034 5483 est
3098 5428 3357 5481 exsistere
3404 5439 3535 5492 sup-

1955 5524 2125 5595 ponit,
2160 5535 2214 5577 ut
2246 5521 2495 5577 ostendat
2526 5536 2646 5573 eum
2676 5520 2968 5591 hyperbole
2998 5518 3319 5573 desiderium
3342 5529 3532 5567 suum:

1958 5619 2008 5671 id
2030 5616 2170 5687 quod
2200 5616 2360 5670 etiam
2395 5614 2480 5667 hic
2510 5613 2634 5666 facit
2666 5612 2870 5674 dicens,
2902 5611 2963 5665 Si
2994 5610 3162 5663 omnia
3191 5607 3303 5675 quis
3324 5605 3537 5670 dederit,

1957 5709 2217 5762 caritatem
2241 5716 2409 5759 autent
2435 5721 2534 5758 non
2562 5703 2789 5755 habuerit
2808 5743 2821 5763 ,
2856 5700 2983 5753 nihil
3011 5699 3108 5767 ipsi
3158 5697 3379 5765 prodest.
3429 5696 3537 5751 Aut

1958 5802 2054 5853 hoc
2090 5799 2245 5866 igitur
2273 5806 2354 5852 est
2383 5795 2666 5850 dicendum
2691 5835 2703 5856 ,
2737 5801 2825 5846 aut
2856 5789 2995 5860 quod
3030 5788 3155 5843 velit
3181 5803 3275 5844 eos
3296 5788 3386 5857 qui
3416 5804 3539 5843 ern-
