4086 6340
606 322 708 381 επ

606 463 739 523 gent
760 456 1081 526 coniunctus
1102 463 1159 512 et
1181 456 1579 527 conglutinatus
1607 472 1731 514 esse
1768 458 2157 526 accipientibus
2177 496 2197 523 ,

606 562 714 602 nec
737 548 1052 619 simpliciter
1076 549 1205 604 dare
1230 551 1349 605 sine
1398 551 1505 605 ulla
1545 553 2020 607 commiseratione
2045 592 2063 615 ,
2103 554 2199 608 sed

604 640 949 706 miserentes,
984 639 1244 707 innexos,
1284 639 1485 697 fractos
1511 684 1528 709 ,
1560 650 1617 696 et
1646 658 1767 698 cum
1798 644 1982 715 egenis
2010 645 2198 700 dolen-

604 738 709 785 tes.
737 730 862 787 Ideo
888 746 1119 801 namque
1144 732 1487 803 eleemosyua
1520 748 1549 786 a
1593 734 1703 789 Deo
1746 734 1862 805 lege
1906 738 2194 791 constituta

601 829 709 875 est.
738 820 871 875 Nam
893 830 1105 892 poterat
1137 822 1284 876 Deus
1310 822 1425 877 sine
1448 824 1556 877 ullo
1578 825 1684 879 alio
1715 840 1975 896 pauperes
2002 828 2186 890 alere;

603 912 699 967 sed
728 920 787 967 ut
816 929 917 967 nos
944 914 996 967 in
1025 913 1251 969 caritate
1290 916 1645 985 eonjungeret
1669 958 1684 981 ,
1731 928 1785 973 et
1825 928 1881 972 ut
1908 934 2031 988 erga
2058 920 2187 978 alios

600 1004 835 1060 invicem
866 1005 1305 1072 incenderemur,
1341 1008 1484 1077 ipsos
1506 1009 1668 1077 jussit
1692 1024 1721 1062 a
1753 1010 1907 1065 nobis
1930 1011 2022 1065 ali.
2068 1010 2192 1067 Ideo

598 1095 732 1150 alibi
763 1111 977 1166 quoque
1004 1096 1134 1151 dicit
1166 1114 1181 1151 :
1214 1097 1397 1153 Sermo
1438 1100 1600 1154 bonus
1628 1102 1808 1162 melior
1829 1143 1845 1169 ,
1893 1119 2048 1172 quant
2091 1104 2188 1158 do-

600 1202 727 1239 num
758 1200 774 1238 τ
804 1196 877 1253 et,
908 1187 1040 1241 Ecce
1064 1205 1229 1243 sermo
1252 1206 1410 1258 supra
1440 1190 1630 1244 donant
1662 1192 1819 1246 bonus
1855 1191 2058 1264 (Eccli.
2098 1194 2186 1264 l8,

600 1278 691 1341 16,
725 1279 849 1349 l7).
877 1279 1103 1350 Ipseque
1126 1280 1222 1349 ait,
1259 1279 1667 1337 Misericordiam
1697 1284 1809 1339 uolo
1831 1324 1848 1351 ,
1881 1294 1929 1339 et
1963 1302 2067 1339 non
2103 1302 2189 1338 sa-

593 1369 844 1436 criﬁcium
877 1370 1105 1443 (Matth.
1138 1372 1192 1433 9,
1223 1371 1349 1439 l8).
1382 1372 1515 1441 Quia
1550 1375 1691 1430 enim
1720 1391 1840 1430 mos
1890 1385 2011 1442 est,
2063 1377 2185 1432 illos

590 1474 775 1517 amare
803 1464 893 1531 qui
918 1463 1185 1519 beneﬂcio
1212 1464 1539 1533 afficiuntur,
1572 1476 1628 1522 et
1653 1482 1748 1522 eos
1775 1469 1866 1538 qui
1895 1469 2039 1524 bono
2060 1471 2181 1524 afti-

589 1552 806 1606 ciuntur
846 1569 972 1623 erga
1023 1554 1294 1611 beneﬁcos
1325 1556 1460 1611 bene
1498 1558 1717 1613 allectos
1770 1573 1892 1616 esse
1915 1603 1931 1625 ,
1989 1562 2179 1617 vincu-

588 1644 699 1697 lmn
726 1646 976 1700 amicitia:
1006 1646 1201 1703 faciens
1221 1691 1236 1715 ,
1268 1649 1368 1704 hoc
1393 1650 1510 1719 lege
1558 1652 1830 1723 praicepit.
1878 1654 1982 1710 Sed
2033 1656 2177 1725 quod

584 1737 846 1803 qiueritur
890 1745 975 1791 est
997 1777 1013 1803 ,
1043 1740 1315 1809 quomodo
1340 1782 1354 1803 ,
1384 1740 1605 1798 Christo
1632 1743 1747 1799 haec
1772 1745 1932 1800 ambo
1964 1746 2173 1816 perfec-

585 1828 746 1883 tionis
772 1845 891 1884 esse
917 1830 1261 1899 declat-ante,
1306 1835 1391 1889 hic
1430 1835 1521 1889 illa
1561 1837 1679 1891 sine
1712 1838 1939 1897 caritate
1977 1840 2176 1909 imper-

580 1916 719 1974 ferta
745 1936 868 1976 esse
892 1922 1052 1978 dicat.
1083 1922 1201 1979 Non
1249 1926 1345 1994 ipsi
1386 1928 1796 1996 contradicena,
1841 1930 2020 1995 absit;
2075 1932 2172 1986 sed

1388 323 1448 381 S.
1488 325 1765 384 JOANNIS
1798 324 2275 385 CIIRYSOSTOMI
2313 328 2631 390 ARClllEP.
2670 334 3206 402 CONSTANTINOP.

3793 353 3901 408 27.".

2313 441 2381 495 ad
2416 457 2607 499 vanam
2631 445 2858 515 gloriam
2880 460 2935 506 et
2966 454 3326 524 arrogantiam
3363 457 3630 514 extollunt
3668 474 3765 518 eos
3805 465 3899 533 qui

2309 549 2414 588 non
2444 537 2745 594 attendunt.

2377 627 2429 679 li.
2464 628 2662 685 Caritas
2690 633 2753 685 ab
2780 634 2921 687 omni
2948 636 3173 704 pernicie
3198 638 3378 694 libera.
3407 669 3479 681 —
3499 642 3763 715 Quodque
3788 649 3895 699 κήν

2304 728 2421 772 rum
2448 719 2497 773 in
2529 722 2775 789 caritate,
2798 734 2992 780 czntera
3018 727 3234 796 quidem
3259 729 3393 783 bona
3421 731 3624 788 habent
3640 735 3894 805 adjuncta

2303 810 2471 874 mala;
2508 813 2656 867 verbi
2685 817 2879 883 gratia.
2910 817 3001 887 qui
3032 816 3315 873 facultates
3359 836 3464 875 non
3518 823 3704 891 habet,
3735 841 3797 881 ea
3824 828 3898 881 de

2299 915 2461 954 uulsa
2491 917 2637 973 smpe
2680 904 2923 971 inﬂatur;
2955 909 3047 976 qui
3074 908 3286 964 dicendi
3332 913 3537 980 peritus
3567 924 3672 980 est,
3706 917 3898 986 gloria:

2298 994 2589 1061 cupiditate
2620 995 2857 1061 laborat;
2890 998 3106 1054 humilis
3130 1001 3463 1071 propterhoc
3489 1004 3540 1057 in
3562 1009 3897 1062 conscientia

2296 1099 2390 1139 sua
2420 1085 2585 1139 altum
2618 1089 2758 1157 sapit
2791 1108 2805 1144 :
2833 1091 3031 1147 caritas
3081 1104 3261 1150 autem
3305 1095 3374 1149 ab
3400 1096 3710 1165 hujusmodi
3740 1101 3895 1155 omni

2296 1179 2534 1247 pernicie
2563 1182 2730 1237 libera
2772 1192 2857 1239 est
2884 1203 2898 1238 :
2928 1200 3052 1240 nam
3080 1197 3270 1243 contra
3309 1188 3564 1245 dilectum
3594 1206 3893 1261 numquam

2291 1269 2413 1337 quis
2434 1272 2741 1328 extollatur.
2766 1273 2875 1329 Nec
2905 1276 3036 1330 mihi
3073 1280 3322 1347 posueris
3354 1295 3516 1334 unum
3552 1280 3647 1350 qui
3676 1279 3892 1351 diligat,

2290 1361 2383 1414 sed
2432 1378 2623 1418 omnes
2650 1366 2923 1433 similiter,
2964 1379 3018 1426 ct
3048 1379 3177 1426 tunc
3202 1372 3320 1442 ejus
3344 1373 3597 1429 virtutem
3627 1373 3840 1431 videbis
3869 1392 3888 1428 :

2289 1451 2399 1505 imo
2429 1454 2623 1522 potius,
2653 1458 2699 1510 si
2725 1457 2921 1527 placet,
2956 1460 3132 1529 primo
3161 1478 3327 1518 unum
3352 1463 3608 1519 dilectum
3630 1474 3684 1519 et
3712 1479 3889 1518 unum

2284 1556 2555 1601 amantem
2584 1562 2757 1617 pone;
2783 1560 3054 1606 amantem
3079 1553 3289 1609 scilicet
3313 1564 3371 1610 ut
3395 1572 3493 1627 par
3518 1564 3602 1611 est
3630 1555 3884 1627 diligere.

2284 1636 2417 1693 Nam
2447 1650 2643 1694 terram
2676 1651 2946 1713 tamquam
2977 1644 3166 1699 celum
3221 1646 3443 1715 incnlet,
3498 1647 3698 1718 ubique
3729 1657 3887 1701 tran-

2282 1729 2545 1796 quillitate
2574 1730 2777 1797 fruens,
2807 1742 2862 1787 et
2886 1734 3197 1793 innumeras
3244 1738 3345 1792 sibi
3375 1747 3595 1793 nectens
3625 1754 3883 1793 coronas.

2280 1822 2379 1886 Qui
2404 1822 2546 1875 enim
2578 1822 2703 1875 talis
2732 1832 2832 1887 est,
2858 1834 2911 1879 et
2932 1825 3130 1881 invidia
3157 1838 3214 1883 et
3241 1828 3315 1881 ira
3347 1840 3402 1883 et
3427 1829 3595 1883 lirore
3620 1845 3885 1901 arrogan-

2279 1913 2478 1983 tiaque,
2511 1928 2645 1967 vana
2671 1914 2838 1983 gloria
2870 1923 2926 1970 et
2949 1917 3085 1972 mala
3120 1920 3551 1988 concupiscentia
3574 1962 3588 1985 ,
3622 1924 3885 1992 omnique

578 2012 866 2067 admodum
889 2030 1012 2069 cum
1044 2015 1137 2069 illo
1165 2030 1491 2071 consonans.
1515 2018 1648 2073 Nam
1680 2020 1833 2075 diviti
1873 2037 1980 2077 non
2011 2023 2150 2079 modt

2276 2003 2512 2058 absurdo
2539 2019 2725 2059 amore
2750 2015 2911 2077 atque
2937 2007 3125 2063 morbo
3151 2023 3338 2078 puram
3369 2009 3608 2065 servabit
3636 2012 3882 2066 animam

575 2100 731 2169 dixit,
775 2103 947 2158 Vende
970 2105 1141 2158 οηιπία
1163 2122 1280 2177 qm;
1305 2107 1458 2162 [ωδε.
1497 2120 1544 2162 ει
1577 2112 1643 2162 αι,
1683 2114 2027 2181 “mpm-bu;
2070 2116 2168 2171 sed
2273 2111 2444 2150 suam.
2468 2097 2930 2162 Quemadmodum
2959 2101 3103 2156 enim
3132 2102 3233 2158 sibi
3267 2102 3366 2173 ipsi
3407 2117 3566 2158 nemo
3596 2104 3879 2172 quidpiam

580 2194 877 2262 subjunxit,
910 2193 979 2247 Et
1009 2196 1122 2248 veni
1164 2212 1371 2269 sequere
1422 2215 1518 2253 me.
1550 2200 1629 2255 Ex
1664 2202 1729 2257 iis
1770 2218 1899 2259 vero
1939 2203 2031 2274 qui
2074 2220 2164 2261 se-

573 2291 813 2350 quuntur
838 2284 1008 2351 illum,
1035 2286 1164 2340 nihil
1186 2287 1257 2341 ita
1280 2288 1597 2365 discipulum
1615 2290 1813 2348 Christi
1826 2297 2161 2365 comprobat,

570 2380 629 2425 ut
676 2387 829 2428 amor
873 2377 1122 2443 proximi.
1184 2375 1250 2431 In
1303 2358 1399 2432 hoc
1437 2381 1582 2441 enim
1626 2394 1927 2454 cognoscent
1952 2358 2160 2453 anthea,

569 2463 759 2533 inquit,
793 2466 1196 2539 quoddiscipttli
1244 2469 1343 2522 mei
1392 2470 1547 2536 estis,
1590 2472 1635 2525 si
1679 2473 1906 2545 diligatis
1949 2477 2162 2531 invicem

565 2551 758 2619 (Joan.
793 2555 881 2621 15,
912 2557 983 2611 35
1004 2556 1049 2627 ).
1083 2556 1298 2614 Etcum
1324 2558 1472 2625 dicit,
1504 2560 1605 2627 Qui
1632 2564 1911 2631 perdiderit
1934 2568 2161 2621 animum

561 2662 706 2700 suam
732 2658 941 2719 propter
969 2665 1069 2717 me,
1100 2651 1317 2705 inveniet
1346 2669 1458 2705 eam
1480 2667 1502 2715 ;
1528 2662 1587 2707 et
1602 2642 1631 2717 ,⁸
1654 2654 1757 2720 Qui
1779 2672 1858 2708 me
1900 2662 2160 2727 confessus

562 2740 717 2807 fuerit
745 2756 919 2793 coram
948 2740 1241 2795 hominibus
1261 2782 1277 2805 ,
1308 2742 1588 2811 conﬁtebor
1615 2753 1663 2796 et
1694 2760 1787 2814 ego
1831 2763 1943 2800 eum
1983 2765 2157 2804 coram

561 2842 706 2892 patre
733 2849 860 2899 meo,
887 2835 975 2904 qui
1002 2834 1054 2887 in
1077 2835 1218 2888 cwlis
1246 2845 1319 2889 est
1345 2834 1556 2905 (Matth.
1591 2836 1681 2904 l0,
1711 2839 1779 2895 39
1808 2850 1857 2894 et
1887 2840 2015 2911 52);
2048 2860 2152 2898 non

562 2923 662 2976 hoc
708 2923 858 2989 dicit,
916 2926 1059 2995 quod
1111 2925 1225 2981 haec
1270 2942 1376 2981 non
1422 2928 1552 2983 ilant
1599 2940 1820 3001 propter
1847 2935 2149 3001 caritatem,

556 3015 650 3068 sed
685 3018 987 3073 mercedem
1018 3020 1100 3073 his
1133 3019 1404 3075 laboribus
1432 3024 1722 3091 repositam
1754 3024 1975 3080 indicat.
2018 3027 2150 3083 Nam

554 3109 695 3176 quod
726 3125 846 3165 cum
876 3113 1136 3182 martyrio
1164 3111 1268 3166 hoc
1310 3128 1524 3183 quoque
1558 3114 1831 3182 requirat,
1876 3116 2003 3171 alibi
2048 3118 2149 3174 hoc

555 3200 713 3255 valde
744 3201 1123 3267 subindicavit,
1152 3204 1230 3257 sic
1254 3204 1441 3257 dicens
1472 3220 1487 3255 :
1516 3202 1735 3258 Calicem
1754 3207 1955 3275 quidem
1983 3225 2147 3263 meum

552 3290 745 3354 ωιτη..
776 3302 824 3343 et
852 3292 1130 3362 baptismo,
1162 3310 1261 3361 quo
1310 3308 1403 3361 ego
1450 3294 1679 3364 baptisor
1701 3338 1717 3360 ,
1766 3298 2145 3366 baptisabimini

551 3385 569 3451 (
593 3381 779 3435 Matth.
810 3382 901 3451 20,
928 3382 1001 3438 23
1028 3388 1044 3453 )
1068 3401 1081 3448 ;
1117 3384 1167 3437 id
1196 3395 1297 3445 est,
1328 3388 1640 3458 martyrium
1670 3390 2022 3453 sustinebitis,
2048 3406 2145 3461 pro

550 3487 639 3526 me
661 3472 1017 3535 occidemini;
1048 3473 1223 3528 sedere
1272 3485 1442 3529 autem
1481 3480 1550 3529 ad
1588 3476 1847 3532 dexteram
1892 3480 1970 3533 vel
2012 3482 2141 3534 sini-

550 3573 709 3617 stram
740 3581 901 3617 meam
919 3579 940 3628 ;
972 3582 1074 3619 non
1106 3566 1247 3637 quod
1278 3567 1492 3635 quidam
1521 3568 1747 3623 sedeant
1774 3569 1839 3623 ad
1856 3570 2139 3628 dexteram

548 3655 634 3709 vel
661 3655 725 3709 ad
758 3655 1033 3711 sinistram
1065 3658 1201 3727 ejus,
1234 3658 1328 3713 sed
1358 3672 1663 3727 supremam
1705 3661 1889 3716 sedem
1942 3672 1997 3718 et
2040 3664 2140 3720 ho-

544 3759 731 3801 norem
756 3746 975 3814 diccns;
1006 3766 1107 3803 non
1135 3761 1208 3804 est
1236 3768 1403 3803 meum
1428 3751 1573 3817 dare,
1608 3752 1809 3821 inquit,
1842 3756 1932 3809 sed
1956 3758 2138 3822 quibus

542 3849 778 3906 paratum
811 3852 903 3896 est.
952 3843 1155 3897 Deinde
1189 3843 1484 3899 ostendens
1522 3844 1715 3914 quibus
1755 3858 1995 3914 paratum
2026 3851 2131 3917 sit,

539 3930 671 4000 ipsis
692 3932 987 3999 advocatis,
1010 3933 1138 3989 dicit
1170 3948 1186 3987 :
1215 3933 1316 3998 Qui
1334 3936 1545 3989 voluerit
1563 3938 1615 3989 in
1636 3937 1770 3991 vobis
1791 3956 1897 3993 esse
1912 3942 2129 4008 primus,

537 4025 603 4079 sit
628 4026 853 4079 omnium
879 4037 1096 4079 vestrum
1126 4027 1351 4081 minister
1378 4028 1397 4098 (
1420 4028 1557 4083 lbitl.
1586 4046 1634 4084 υ.
1665 4029 1807 4099 26),
1854 4033 2129 4089 humilita-

538 4127 645 4171 tem
672 4118 979 4189 signifleans
1002 4127 1052 4174 et
1081 4119 1379 4175 caritatem.
1399 4120 1471 4175 Ca
1482 4121 1689 4174 ritatem
1715 4135 1842 4176 vero
1863 4136 2127 4179 summam

534 4209 778 4279 requirit.
829 4210 951 4264 Ideo
1003 4225 1179 4280 neque
1226 4211 1294 4263 ibi
1346 4210 1616 4276 substitit,
1666 4213 1759 4265 sed
1808 4213 2124 4281 subjunxit:

536 4298 684 4352 Sicut
722 4298 891 4355 Filius
916 4300 1136 4354 hominis
1187 4316 1289 4353 non
1318 4302 1448 4353 vestit
1494 4302 1805 4370 ministrari,
1853 4304 1943 4358 sed
1985 4306 2128 4360 mini-

533 4398 700 4443 strare
720 4431 733 4451 ,
766 4402 812 4443 et
838 4393 962 4446 dare
987 4391 1210 4444 animant
1230 4407 1378 4444 suam
1404 4392 1797 4460 redemptionem
1837 4412 1929 4464 pro
1955 4399 2127 4452 multis

532 4479 710 4559 (Ibid.
762 4496 811 4533 ν.
855 4482 1003 4554 38);
1050 4482 1345 4538 ostendens
1384 4482 1462 4537 sie
1508 4498 1691 4538 amare
1733 4498 2020 4555 oportere,
2070 4500 2128 4544 ut

530 4572 691 4629 etiam
723 4586 869 4628 mors
896 4571 1114 4627 ferentia
1140 4576 1212 4630 sit
1241 4589 1341 4645 pro
1364 4574 1577 4629 dilectis
1603 4591 1616 4628 :
1643 4574 1747 4629 hoc
1776 4578 1921 4631 enim
1950 4581 2125 4633 maxi-

533 4681 619 4725 me
646 4675 729 4722 est
757 4666 931 4736 ipsum
961 4663 1205 4734 diligere.
1247 4666 1376 4719 ideo
1418 4666 1579 4721 etiam
1626 4666 1789 4721 Petro
1826 4666 1958 4723 dicit
2005 4681 2019 4717 :
2061 4669 2126 4724 Si

527 4774 675 4814 amas
700 4772 797 4821 me,
826 4771 977 4826 pasce
1002 4770 1116 4809 oves
1143 4770 1281 4821 mea;
1309 4752 1509 4821 (Joan.
1543 4758 1630 4814 l3.
1657 4758 1778 4829 l9).
1812 4758 1877 4815 Et
1913 4771 1968 4815 ut
2010 4762 2123 4816 dis-

529 4849 663 4905 catis
682 4858 942 4918 quantum
970 4848 1040 4902 sit
1066 4844 1195 4905 illud
1226 4852 1282 4900 et
1305 4860 1463 4914 quam
1497 4849 1756 4914 praeclare
1779 4861 2010 4919 gestum,
2043 4851 2125 4921 ip.

528 4954 645 4994 sam
689 4938 968 4997 caritatem
1011 4936 1177 4992 verbo
1223 4934 1636 5002 describamus,
1688 4939 2121 5010 quandoquidem

529 5033 645 5103 ipsa
669 5047 731 5086 re
757 5044 1020 5099 nusquam
1060 5028 1207 5083 illam
1235 5027 1640 5099 conspicimus;
1687 5036 1744 5084 et
1788 5030 2119 5099 cogitemus,

526 5124 671 5195 quod
697 5123 742 5179 si
767 5122 856 5177 illa
896 5121 1096 5191 ubique
1134 5120 1476 5177 abundanter
1511 5128 1653 5176 esset
1678 5162 1694 5187 ,
1742 5130 1943 5191 quanta
1997 5122 2111 5177 him

528 5217 667 5273 bona
694 5217 985 5271 orirentur.
1029 5212 1214 5285 Neque
1261 5213 1404 5267 enim
1444 5212 1647 5281 legibus
1687 5228 1861 5283 neque
1903 5212 2119 5281 judiciis

527 5323 662 5377 opus
693 5318 837 5361 esset
859 5347 877 5369 ,
910 5320 1085 5375 neque
1113 5304 1393 5375 suppliciis
1416 5344 1431 5365 ,
1481 5318 1655 5372 neque
1700 5305 1813 5358 ullo
1851 5305 1959 5360 alio
2015 5304 2119 5359 hu-

527 5397 783 5470 fusmodi.
814 5395 948 5453 Nam
976 5397 1020 5449 si
1059 5410 1251 5451 onmes
1297 5393 1588 5462 diligerent
1633 5403 1688 5448 et
1729 5394 2079 5464 diligerentur
2103 5436 2117 5460 ,

529 5506 688 5546 nemo
712 5490 961 5559 cuiquam
989 5486 1203 5541 fecisset
1233 5484 1517 5557 injuriam;
1547 5483 1640 5539 sed
1668 5483 1864 5547 cedes,
1895 5501 2115 5555 pugoaa,

530 5583 691 5644 bella.
720 5582 1033 5645 seditiones,
1065 5579 1267 5647 rapina:
1284 5620 1299 5642 ,
1326 5577 1549 5631 avaritia
1572 5614 1587 5641 ,
1614 5576 1899 5645 omniaque
1942 5578 2081 5631 mala
2101 5619 2116 5642 ,

530 5678 715 5745 procul
744 5678 1155 5739 ab<cessissent,
1186 5684 1243 5732 et
1268 5675 1335 5730 ad
1373 5688 1568 5731 nomen
1602 5688 1769 5741 usque
1818 5672 2115 5741 ignoratum

537 5778 712 5831 Hillltt
743 5770 948 5826 fuisset.
971 5770 1132 5839 Signa
1160 5776 1335 5825 autem
1370 5768 1470 5823 hoc
1496 5782 1600 5827 nou
1648 5762 1926 5820 eil'ccerint
1953 5805 1967 5828 ,
2021 5764 2113 5818 sed

2274 2187 2397 2241 mali
2442 2187 2717 2255 intulerit,
2751 2190 2822 2244 ita
2866 2206 3042 2261 neque
3086 2191 3175 2247 hic
3227 2193 3507 2263 proximis.
3552 2194 3699 2248 Talis
3740 2210 3877 2248 vero

2271 2296 2395 2335 cum
2424 2282 2514 2349 sit,
2542 2298 2663 2336 cum
2686 2284 2803 2353 ipso
2832 2284 3000 2339 stabit
3018 2285 3294 2351 Gabriele,
3326 2287 3379 2339 iu
3406 2296 3550 2341 terra
3583 2285 3871 2356 gradiens.

2270 2372 2333 2428 Et
2366 2374 2455 2443 qui
2508 2375 2790 2432 caritatem
2832 2377 3047 2445 quidem
3084 2376 3267 2444 habet,
3311 2378 3434 2433 talis
3460 2388 3542 2432 est
3573 2397 3585 2430 :
3618 2380 3708 2448 qui
3738 2395 3874 2434 vero

2267 2464 2419 2533 signa
2450 2464 2595 2529 facit,
2639 2474 2694 2518 et
2724 2465 3018 2534 perfectam
3058 2466 3221 2521 habet
3264 2467 3543 2521 scientiam
3578 2469 3697 2524 sine
3727 2471 3871 2523 cari-

2268 2562 2410 2617 tate;
2449 2556 2659 2609 ctiamsi
2708 2556 2858 2611 mille
2908 2570 3149 2613 mortuos
3176 2560 3538 2623 suscitaverit,
3570 2560 3700 2613 nihil
3745 2575 3870 2613 ma-

2262 2661 2426 2716 gnum
2456 2648 2771 2713 lucrabitur,
2803 2648 2872 2703 ab
2893 2650 3141 2703 omnibus
3165 2649 3423 2717 abruptus
3438 2660 3627 2706 etcum
3644 2653 3871 2707 nemine

2262 2754 2645 2795 conservorum
2693 2756 2752 2796 se
2804 2743 3139 2797 commisceri
3195 2745 3427 2812 patiens.
3459 2745 3583 2799 Ideo
3609 2744 3868 2801 Christus

2243 2831 2512 2898 perfecta:
2546 2832 2599 2886 in
2640 2833 2816 2901 ipsum
2842 2834 3082 2887 caritatis
3110 2834 3321 2903 signum
3355 2836 3488 2889 dixit
3527 2850 3648 2891 esse
3672 2838 3863 2907 proxi-

2260 2936 2407 2975 mum
2458 2922 2703 2991 diligere.
2753 2922 2885 2977 Nam
2915 2933 3026 2978 ait:
3062 2924 3121 2977 Si
3168 2925 3340 2994 diligis
3397 2942 3493 2987 me,
3532 2925 3703 2995 Petre,
3736 2930 3862 2999 plus

2258 3012 2356 3077 his,
2390 3029 2541 3082 pasce
2566 3030 2682 3068 ores
2708 3031 2863 3068 meas.
2896 3015 3140 3069 Vidistin‘
3164 3031 3271 3085 quo
3299 3026 3453 3084 pacto
3482 3016 3607 3072 hinc
3634 3034 3857 3076 rursum

2254 3105 2693 3170 subiudieaverit,
2723 3108 2863 3177 quod
2896 3109 2997 3163 hoc
3022 3109 3090 3162 sit
3110 3108 3282 3178 majus
3312 3110 3610 3180 martyrio?
3639 3110 3856 3166 Etenim

2253 3197 2298 3251 si
2323 3197 2489 3257 filium
2512 3199 2633 3269 quis
2663 3198 2885 3255 haberet
2914 3201 3191 3265 dilectum,
3227 3210 3282 3255 c’t
3309 3217 3407 3270 pro
3427 3216 3535 3270 quo
3555 3204 3716 3256 etiam
3736 3190 3858 3257 ani-

2253 3302 2394 3341 mam
2426 3287 2554 3342 dare
2608 3298 2828 3358 paratus
2874 3299 3046 3353 esset;
3096 3290 3289 3346 deinde
3331 3292 3594 3361 quispiam
3639 3302 3853 3360 patrem

2250 3388 2476 3444 amaret,
2510 3380 2619 3434 filio
2660 3390 2839 3434 autem
2885 3382 3034 3434 nullo
3074 3383 3234 3437 modo
3279 3385 3509 3438 animam
3539 3385 3850 3453 adhiberet,

2250 3481 2453 3539 patrem
2504 3472 2791 3527 admodum
2838 3474 3092 3540 irritaret,
3142 3492 3316 3545 neque
3363 3492 3579 3531 sensum
3626 3488 3855 3549 caperet

2248 3560 2391 3617 illius
2418 3564 2469 3617 in
2492 3579 2550 3618 se
2571 3564 2793 3629 amoris,
2820 3580 2886 3620 eo
2920 3566 3060 3635 quod
3083 3560 3249 3619 filium
3273 3577 3662 3624 contemneret.
3688 3570 3850 3638 Quod

2244 3654 2289 3708 si
2324 3654 2374 3707 in
2409 3663 2558 3724 patre
2586 3664 2641 3710 et
2670 3656 2779 3709 filio
2808 3656 2910 3711 hoc
2931 3658 3212 3727 contingit,
3242 3658 3409 3713 multo
3445 3661 3614 3729 magis
3646 3662 3699 3715 in
3731 3662 3851 3725 nco

2242 3756 2292 3800 el
2324 3745 2629 3802 hominibus
2660 3766 2672 3801 :
2703 3750 2971 3803 amantior
2996 3750 3142 3804 enim
3176 3750 3317 3805 Deus
3344 3761 3446 3814 est,
3466 3766 3626 3821 quam
3657 3762 3848 3823 patres

2241 3852 2453 3893 omnes.
2488 3838 2778 3908 Propterea
2801 3854 2922 3893 cum
2955 3838 3216 3894 dixisset:
3254 3839 3484 3893 Primum
3523 3853 3570 3893 et
3596 3859 3846 3913 magnum

2239 3929 2537 3984 modulum
2567 3946 2584 3983 .'
2618 3923 2808 4000 Diliges
2854 3928 3130 3982 Dominum
3176 3929 3339 3983 Deum
3392 3938 3572 3997 tuum,
3612 3932 3844 4001 subjun-

2239 4026 2352 4077 xit:
2385 4022 2678 4078 Secundum
2733 4033 2921 4086 autem,
2957 4038 3055 4077 nec
3106 4023 3275 4089 siluit,
3326 4023 3419 4078 sed
3463 4024 3697 4093 adjecit,
3750 4027 3845 4082 Si-

2237 4113 2358 4167 mile
2382 4123 2455 4168 est
2485 4114 2603 4166 huic
2629 4130 2647 4166 .'
2673 4112 2869 4183 Diliges
2923 4115 3215 4183 proximum
3260 4124 3401 4167 tuum
3432 4116 3561 4169 sicut
3616 4117 3840 4187 teipsann

2239 4202 2568 4271 (Matth.2‘2,
2598 4203 2687 4273 38,
2715 4204 2828 4269 59).
2874 4204 2937 4259 Et
2987 4206 3106 4259 vide
3156 4205 3427 4274 quomodo
3470 4222 3591 4261 eum
3640 4210 3837 4265 eadem

2234 4294 2348 4350 fere
2400 4295 2694 4366 hyperbole
2744 4297 2847 4352 hoc
2890 4296 3085 4365 exigat.
3124 4298 3198 4352 De
3250 4298 3360 4352 Deo
3415 4310 3646 4367 namque
3675 4301 3833 4367 dicit,

2234 4385 2319 4441 Ea:
2358 4396 2461 4440 toto
2510 4387 2663 4441 corde
2684 4396 2770 4440 tuo
2786 4402 2805 4450 ,'
2845 4386 2912 4441 de
2964 4389 3208 4455 proximo
3262 4398 3441 4441 atuem
3493 4398 3583 4439 tuo
3611 4430 3627 4449 ,
3677 4389 3837 4445 Sicut

2233 4478 2487 4546 teipsum;
2529 4477 2673 4548 quod
2726 4478 2949 4546 perinde
3000 4486 3086 4531 οδι
3140 4487 3302 4547 atque
3350 4477 3526 4543 illud,
3587 4477 3670 4534 Ea:
3720 4492 3833 4536 toto

2230 4569 2383 4622 corde
2417 4579 2524 4624 tuo.
2562 4569 2773 4639 Etenim
2819 4570 2863 4622 si
2913 4576 3164 4623 accurate
3205 4568 3306 4622 hoc
3335 4579 3676 4636 servaretur,
3720 4589 3831 4628 non

2230 4676 2438 4721 servus.
2468 4679 2572 4719 non
2600 4663 2738 4717 liber
2764 4672 2943 4725 esset;
2975 4678 3080 4716 non
3104 4662 3375 4736 princeps,
3400 4675 3512 4715 non
3541 4663 3829 4730 subditus;

2231 4767 2337 4809 non
2378 4754 2550 4821 dives,
2580 4770 2686 4809 non
2736 4769 2974 4825 pauper;
3004 4768 3109 4808 non
3157 4768 3374 4823 parvus,
3408 4768 3513 4807 non
3556 4770 3829 4825 magnus;

2231 4859 2337 4898 non
2383 4844 2628 4898 diabolus
2669 4860 2921 4914 umquam
2966 4844 3215 4914 cognitus
3262 4842 3449 4897 fuiSset
3478 4859 3494 4896 :
3527 4858 3632 4897 non
3679 4845 3827 4917 dico,

2230 4935 2346 4999 llic,
2377 4936 2471 4993 sed
2516 4937 2726 4992 etiamsi
2755 4937 2894 4991 alius
2924 4936 3069 5002 talis,
3102 4934 3314 4991 etiamsi
3343 4944 3579 4999 centum,
3611 4936 3827 4992 etiamsi

2229 5028 2493 5083 innumeri
2519 5028 2652 5083 tales
2674 5037 2878 5093 essent,
2899 5028 3031 5081 nihil
3060 5027 3380 5097 potuissent,
3396 5024 3483 5079 illa
3505 5028 3826 5082 exsistentc.

2228 5118 2370 5184 Ignis
2395 5120 2539 5175 enim
2571 5119 2914 5190 injectionem
2962 5118 3137 5193 potius
3168 5116 3366 5170 fumum
3400 5117 3626 5184 tulisset,
3660 5134 3827 5189 quam

2226 5209 2497 5265 flammam
2543 5213 2781 5266 caritatis
2828 5208 3096 5263 diabolus.
3147 5206 3274 5261 “me
3304 5224 3456 5263 muro
3497 5208 3691 5264 fortior
3713 5218 3827 5274 est,

2228 5303 2343 5358 lucc
2370 5305 2651 5362 adamante
2677 5306 2911 5367 lirmior;
2944 5309 2997 5355 et
3021 5300 3066 5354 si
3095 5315 3253 5369 quam
3286 5301 3445 5357 aliam
3472 5301 3675 5356 dixeris
3703 5299 3826 5354 for-

2229 5398 2420 5451 tiorem
2470 5398 2770 5459 materiam,
2811 5392 2989 5447 omnia
3032 5403 3249 5462 superat
3289 5395 3529 5449 caritatis
3574 5389 3824 5445 ﬁrmitas.

2227 5486 2376 5542 Hanc
2406 5504 2504 5543 nec
2532 5488 2753 5551 divitiae,
2806 5497 2903 5537 nec
2930 5494 3214 5551 paupertas
3244 5485 3445 5549 vincit;
3496 5484 3603 5536 imo
3645 5478 3829 5548 potius

2227 5592 2334 5631 non
2361 5586 2504 5631 esset
2526 5585 2834 5647 paupertas,
2867 5588 2969 5627 non
3003 5575 3161 5627 nimia
3216 5574 3535 5629 divitiarum
3563 5567 3743 5635 copia.
3778 5568 3827 5622 si

2226 5672 2421 5721 caritas
2451 5676 2629 5729 esset,
2677 5661 2772 5717 sed
2801 5676 2862 5716 ea
2912 5663 3084 5718 solum
3132 5679 3251 5734 qua:
3281 5678 3349 5718 ex
3400 5660 3639 5726 utrisque
3691 5668 3824 5713 sunt

2230 5762 2385 5816 bona.
2420 5758 2631 5814 Etenim
2664 5771 2727 5810 ex
2771 5756 2875 5811 illis
2902 5756 3111 5830 copiam
3139 5756 3554 5825 decerperemus
3577 5793 3590 5817 ,
3621 5764 3689 5806 ex
3720 5749 3828 5811 hau
