4076 6336
527 289 634 344 273

1214 285 1287 341 S.-
1313 282 1612 338 JOANNIS
1644 282 1784 335 Cllll
1797 277 2134 337 YSUSTGMI

2250 282 2515 338 ΜΣΙΙΙΕΡ.
2557 284 3114 349 (ΣΟΝΒῙᾹΝἸἸΝΟΡ.

3715 300 3826 356 ενι

521 409 604 469 ὡς
643 407 1068 474 ἐπιταττόμενος
1117 404 1321 476 χαίρει,
1373 404 1550 457 καίτοι
1593 419 1658 471 γε
1708 400 1768 455 τὸ
1806 399 2117 454 ἐπιτάττειν
2227 395 2482 468 ἐννόησον
2512 403 2660 469 τίνος
2697 400 2834 461 οὖσα
2863 412 3023 482 γυνὴ,
3064 411 3171 467 τίνι
3199 413 3380 485 βούλει
3413 418 3834 489 συμπλακῆναι,

521 496 646 566 ἡδύ·
669 495 807 550 ἀλλά
836 496 1190 568 μετατίθησιν
1218 497 1357 568 αὕτη
1387 496 1497 549 τῶν
1522 495 1864 566 πραγμάτων
1893 493 1993 563 τὴν
2019 488 2121 560 φύ-

525 602 634 651 σιν,
676 587 768 640 καὶ
809 587 986 641 πάντα
1035 588 1094 640 ἐν
1139 587 1328 657 χερσὶν
1381 587 1582 656 ἐχουσα
1637 582 1998 656 παραγίνεται
2051 579 2122 633 τὰ

523 675 731 744 ἀγαθὰ,
765 677 950 749 πάσης
1001 679 1207 750 μητρὸς
1253 680 1559 751 ἠπιωτέρα,
1612 678 1796 747 πάσης
1850 672 2123 745 βασιλίδος

525 768 904 840 εὐπορωτέρα,
935 771 1032 824 καὶ
1061 770 1130 823 τά
1154 770 1388 823 ἐπίπονα
1420 770 1600 839 κοῦφα
1629 769 1775 822 ποιεῖ
1799 767 1893 820 καὶ
1924 767 2122 837 ῥᾷστα,

525 859 623 927 τὴν
658 858 760 928 μέν
788 858 991 930 ἀρετὴν
1029 856 1274 924 εὔκολον,
1306 859 1407 932 τὴν
1447 861 1507 916 δέ
1543 861 1744 914 κακίαν
1785 856 2127 930 πικροτάτην

523 953 660 1021 ἡμῖν
702 951 1103 1020 ἀποφαίνουσαζ
1141 952 1344 1007 Σκόπει
1379 953 1466 1008 δέ’
1499 955 1574 1007 Τὸ
1603 954 1852 1026 δαπανᾷν
1879 949 2128 1023 λυπηρὸν

524 1037 668 1097 εἶναι
695 1044 844 1097 δοκεῖ
869 1045 965 1097 καὶ
990 1047 1136 1098 ποιεῖ
1164 1045 1299 1098 αὐτὸ
1325 1045 1467 1117 αῦτη
1493 1045 1614 1118 ἡδύ·
1646 1046 1708 1100 τὸ
1738 1041 2129 1116 λαμϐάνειντά

527 1134 732 1204 ἐτέρων
766 1136 886 1206 ἡδὺ,
924 1137 1020 1190 καὶ
1075 1138 1177 1191 ούκ
1221 1139 1449 1208 ἀφίησιν
1501 1138 1636 1192 αὐτὸ
1686 1137 1973 1207 φαίνεσθαι
2001 1135 2126 1206 ἡδὺ,

525 1224 665 1277 ἀλλά
707 1225 931 1294 φεύγειν
963 1225 1040 1290 ὡς
1080 1227 1354 1299 μοχθηρὸν
1401 1229 1833 1298 παρασκευάζει.
1862 1228 2033 1283 Πάλιν
2070 1228 2130 1281 τὸ

528 1317 716 1380 κακῶς
743 1316 945 1386 λέγειν,
976 1318 1151 1392 γλυκὺ
1193 1321 1360 1373 πᾶσιν
1394 1315 1534 1375 εῖναι
1576 1320 1756 1375 δοκεῖ’
1793 1321 1935 1392 αῦτη
1973 1320 2131 1377 τοῦτο

531 1408 632 1478 μὲν
663 1411 864 1481 μικρὸν
890 1411 1207 1480 ἀποφαίνει,
1231 1413 1293 1466 τὸ
1317 1412 1374 1465 δὲ
1401 1412 1583 1477 καλῶς
1607 1414 1806 1484 λέγειν,
1833 1413 1953 1486 ὴδύ’
1976 1414 2130 1468 οὐδὲν

528 1503 640 1573 7&9
676 1502 874 1568 οὕτως,
929 1504 1007 1565 ὡς
1060 1505 1153 1558 τὸν
1197 1505 1523 1576 φιλούμενον
1569 1506 1961 1577 ἐγκωμιάζειν,
1995 1507 2131 1578 ἡμῖν

530 1592 653 1662 ἡδύ.
692 1593 861 1648 Πάλιν
907 1596 934 1648 6
967 1594 1138 1665 θυμὸς
1175 1597 1288 1666 ἔχει
1317 1599 1439 1652 τινά
1477 1598 1695 1670 ἡδονὴν,
1738 1598 1854 1651 ἀλλ’
1888 1596 2131 1653 ἐνταῦθα

528 1685 739 1751 οὐκέτι,
787 1687 924 1740 ἀλλά
956 1689 1134 1742 πάντα
1163 1688 1330 1743 αὐτοῦ
1378 1691 1448 1744 τὰ
1492 1691 1659 1763 νεῦρα
1698 1690 1990 1764 ἀνῄρηται⁸
2028 1690 2131 1745 κᾶν

532 1775 754 1850 λυπήσῃ
776 1779 868 1832 τὸν
892 1777 1150 1846 φιλοῦντα
1175 1781 1204 1832 ό
1230 1780 1614 1853 ἀγαπώμενος,
1648 1783 1822 1854 θυμὸς
1855 1782 1954 1852 μὲν
1975 1781 2134 1835 οὐδα-

538 1869 642 1938 μοῦ
673 1869 946 1939 φαίνεται,
976 1869 1191 1941 δάκρυα
1223 1872 1280 1926 δέ
1313 1874 1409 1927 καὶ
1451 1875 1856 1945 παρακλήσεις,
1895 1875 1991 1927 καὶ
2017 1877 2132 1928 ἱκε-

533 1960 741 2031 τηρίαι⁹
776 1964 1029 2016 τοσοῦτον
1069 1964 1266 2034 ἀπέχει
1295 1965 1390 2018 τοῦ
1425 1965 1851 2036 παροξυνθῆναι.
1890 1968 2012 2021 Κᾶν
2047 1967 2132 2041 ίδῃ

535 2050 943 2122 ἁμαρτάνοντα,
979 2053 1169 2106 πενθεῖ
1197 2056 1288 2108 καί
1315 2055 1588 2108 όδυνᾶται”
1616 2057 1752 2110 ἀλλά
1782 2057 1876 2110 καὶ
1910 2059 1944 2126 ἡ
1970 2059 2133 2130 ὀδύνη

534 2141 673 2212 αὕτη
700 2143 898 2214 ἡδονὴν
933 2144 1111 2213 φέρει.
1144 2146 1257 2216 Τῆς
1289 2145 1398 2217 γὰρ
1438 2149 1660 2219 ἀγάπης
1692 2151 1786 2201 καὶ
1821 2149 1891 2202 τὰ
1919 2152 2134 2222 δάκρυα

535 2235 632 2286 καὶ
677 2235 710 2304 ἡ
749 2234 895 2306 λύπη
951 2237 1186 2304 γέλωτος
1236 2239 1437 2302 παντὸς
1471 2241 1604 2310 ἡδίω
1651 2243 1744 2295 καὶ
1782 2245 1978 2314 χαρᾶς.
2020 2245 2134 2320 Οὐχ

535 2321 681 2376 οὕτω
729 2325 863 2394 γοῦν
901 2327 1275 2382 ἀναπαύονται
1331 2332 1380 2383 οί
1433 2331 1719 2398 γελῶντες,
1769 2333 1846 2396 ὡς
1888 2335 1937 2388 οί
1993 2334 2134 2405 ὑπὲρ

538 2413 711 2481 φίλων
756 2416 1074 2482 κλαίοντες’
1120 2417 1225 2472 κᾶν
1269 2420 1524 2488 ἀπιστῇς,
1577 2421 1802 2492 ἐπίσχες
1845 2423 2026 2476 αὐτῶν
2065 2423 2135 2476 τά

538 2509 772 2581 δάκρυα,
834 2511 926 2564 καὶ
996 2511 1073 2574 ὡς
1140 2511 1207 2564 τά
1275 2513 1554 2582 ἀνήκεστα
1629 2515 1924 2582 παθόντες,
1994 2516 2137 2570 οῦτω

538 2599 1001 2671 δυσχεραίνουσιν.
1037 2600 1176 2652 Ἀλλ’
1215 2601 1414 2670 ἡδονὴν
1455 2601 1589 2671 ἔχει,
1624 2603 1809 2671 φησὶν,
1849 2604 2051 2657 ἄτοπον
2075 2605 2137 2658 τὸ

540 2689 739 2757 φιλεῖν.
789 2690 1030 2758 Ἄπαγε,
1064 2690 1154 2742 καὶ
1209 2691 1469 2760 εὐφήμει,
1524 2691 1814 2760 ἄνθρωπε*
1847 2693 2001 2746 οῦδὲν
2027 2694 2138 2766 γὰρ

539 2780 718 2845 οὕτως
773 2781 968 2852 ἡδονῆς
1017 2781 1316 2851 καθαρεύει
1362 2782 1636 2852 τοιαύτης.
1668 2781 1743 2846 ὡς
1773 2784 1963 2855 ἀγάπη
2000 2803 2138 2859 γνη-

546 2889 657 2927 σια.

616 3055 682 3120 ζ’.
705 3053 794 3126 Μὴ
826 3053 934 3123 γάρ
966 3070 1056 3124 μοι
1077 3054 1282 3125 ταύτην
1311 3053 1473 3127 είπῃς
1492 3054 1591 3125 τὴν
1621 3054 1847 3125 δημώδη
1881 3056 1976 3109 καὶ
2009 3056 2141 3124 ἀγοο

550 3149 723 3218 ραῖον,
761 3148 856 3199 καὶ
883 3145 1038 3199 νόσον
1074 3145 1275 3216 μᾶλλον
1307 3146 1339 3217 ἢ
1369 3146 1587 3216 ἀγάπην
1615 3141 1803 3212 οὖσαν,
1840 3145 1977 3201 ἀλλά
2011 3147 2141 3200 ταύ-

547 3256 649 3308 την
703 3239 771 3309 ἣν
821 3239 849 3290 6
905 3237 1117 3301 Παῦλος
1161 3238 1430 3309 ἐπιζητεῖ,
1471 3241 1570 3309 τὴν
1619 3240 1678 3292 τὸ
1722 3242 2004 3312 συμφέρον
2031 3242 2141 3296 τῶν

549 3329 938 3399 ἀγαπωμένων
963 3329 1298 3394 σκοποῦσαν,
1339 3332 1436 3383 xal
1457 3331 1577 3400 ὕψει
1597 3334 1680 3386 ὅτι
1707 3333 1964 3404 πατέρων
1995 3327 2141 3389 οὗτοι

552 3422 1047 3493 φιλοστοργότεροι.
1087 3423 1197 3477 Καὶ
1243 3426 1435 3496 ὥσπερ
1473 3425 1523 3479 οί
1558 3425 1818 3496 χρήματα
1858 3425 2142 3495 φιλοῦντες

550 3513 653 3566 οὐκ
691 3512 758 3566 ἂν
783 3513 989 3568 ἕλοιντο
1013 3513 1323 3586 δαπανῆσαι
1356 3517 1636 3586 χρήματα,
1669 3515 1784 3570 ἀλλ’
1811 3517 1962 3588 ἥδιον
1992 3518 2058 3573 ἂν
2085 3520 2144 3572 ἐν

555 3604 891 3676 στενοχωρία
926 3606 1204 3674 γενέσθαι,
1243 3607 1274 3677 ἢ
1328 3610 1513 3663 ἐκεῖνα
1565 3609 1695 3663 ἰδεῖν
1746 3609 2139 3681 ἐλαττούμενα·

553 3696 698 3751 οὕτω
748 3699 844 3751 καὶ
884 3700 913 3751 6
945 3699 1081 3770 πρός
1104 3716 1223 3752 τινα
1261 3699 1432 3769 ἡδέως
1459 3700 1619 3770 έχων,
1656 3701 1825 3773 μυρία
1869 3703 1936 3755 ἂν
1970 3703 2145 3757 ἕλοιτο

555 3787 771 3852 παθεῖν,
810 3788 844 3856 ἢ
883 3789 976 3843 τὸν
1013 3788 1380 3861 ἀγαπώμενον
1428 3792 1945 3864 καταϐλαπτόμενον
1993 3795 2144 3854 ἰδεῖν.

557 3878 682 3944 Πῶς
706 3876 819 3944 οῦν,
844 3883 1000 3950 φησί,
1026 3882 1118 3936 τὸν
1151 3883 1348 3953 Ἰωσὴφ
1380 3885 1412 3952 ἡ
1439 3885 1710 3953 Αἰγυπτία
1737 3886 1988 3954 φιλοῦσα,
2013 3890 2147 3943 καθ-

557 3971 781 4042 υϐρίσαι
832 3973 1132 4041 ὴθέλησενς
1165 3974 1287 4028 Ὀτι
1331 3975 1537 4045 ταύτην
1573 3977 1746 4046 ἐφίλει
1792 3978 1890 4049 τὴν
1924 3979 2147 4053 ἀγάπην

556 4063 657 4132 τὴν
689 4061 1200 4135 [196]διαϐολικήν.
1248 4065 1306 4118 '0
1353 4066 1535 4136 μέντοι
1579 4068 1775 4141 Ἰωσὴφ
1826 4072 1887 4124 ού
1918 4072 2145 4143 ταύτην,

559 4155 674 4208 ἀλλ’
696 4156 763 4226 ἢν
793 4158 822 4208 6
857 4155 1068 4219 Παῦλος
1093 4155 1265 4227 ζητεῖ.
1320 4157 1599 4228 Ἐννόησον
1630 4154 1724 4212 οὖν
1754 4161 1886 4229 ὅσης
1926 4161 2148 4230 ἀγάπης

560 4245 726 4298 αὐτοῦ
776 4245 845 4298 τά
893 4249 1116 4316 ῥήματα
1163 4243 1252 4318 ἦν,
1286 4248 1380 4300 καὶ
1426 4249 1495 4300 τὰ
1541 4249 1846 4320 πράγματα
1891 4251 1926 4304 ἃ
1965 4250 2148 4322 ἐκείνη

560 4338 734 4406 ἔλεγε·
763 4338 1108 4405 Καθύϐρισόν
1132 4357 1199 4408 με
1229 4340 1324 4393 καὶ
1348 4341 1574 4411 ποίησον
1605 4341 1908 4411 μοιχαλίδα,
1940 4342 2038 4396 καὶ
2062 4344 2152 4396 τὸν

561 4433 733 4505 ἀνδρα
769 4433 1046 4505 άδίκησον,
1092 4436 1186 4487 καὶ
1216 4435 1313 4506 τὴν
1348 4435 1522 4488 οἰκίαν
1565 4435 1866 4506 ἀνάτρεψον
1909 4437 2150 4504 ἅπασαν,

563 4527 658 4578 καὶ
717 4525 914 4579 σαυτὸν
966 4525 1067 4591 τῆς
1120 4526 1255 4598 πρὸς
1296 4527 1388 4580 τὸν
1415 4527 1545 4580 Θεὸν
1580 4526 1776 4580 ἔκϐαλε
1814 4526 2149 4600 παρρησίας·

563 4615 708 4686 ἆπερ
739 4617 802 4669 οὐ
836 4616 994 4686 μόνον
1026 4619 1260 4684 ἐκεῖνον,
1319 4618 1435 4670 ἀλλ’
1475 4617 1596 4672 οὐδὲ
1646 4617 1846 4688 ἑαυτὴν
1891 4618 2153 4688 φιλούσης

563 4701 652 4775 ἦν.
687 4703 854 4771 Οὗτος
884 4710 941 4763 δὲ
980 4709 1169 4780 ἐπειδὴ
1196 4711 1436 4781 γνησίως
1477 4712 1671 4779 ἐφίλει,
1701 4710 1905 4765 τούτων
1933 4713 2154 4766 πάντων

567 4795 772 4865 ἀπῆγε.
803 4799 916 4850 Kal
956 4800 1043 4851 ἵνα
1095 4801 1274 4872 μάθῃς
1320 4803 1401 4854 ὃτι
1440 4803 1610 4872 αὐτῆς
1660 4804 1905 4874 ἐκήδετο,
1942 4807 2005 4857 ἐκ
2054 4806 2155 4873 τῆς

568 4886 948 4956 παραινέσεως
980 4889 1114 4941 αὐτὸ
1143 4891 1453 4959 κατάμαθε.
1495 4895 1570 4944 υύ
1611 4894 1719 4963 γὰρ
1761 4894 2021 4947 ἀπώσατο
2060 4897 2156 4965 μό-

569 4995 660 5032 νον
691 4977 882 5048 αύτὴν,
913 4978 1052 5032 ἀλλά
1082 4979 1179 5032 καλ⁸
1207 4981 1528 5052 παραίνεσιν
1562 4983 1826 5053 εἰσήγαγε
1861 4987 2042 5038 πᾶσαν
2069 4988 2158 5039 δυ-

569 5071 812 5144 ναμένην
848 5071 1040 5126 σϐέσαι
1083 5072 1282 5144 πυράν.
1333 5075 1401 5127 Εἰ
1433 5073 1544 5142 γὰρ
1581 5066 1621 5127 'o’
1647 5075 1849 5139 κύριός
1871 5092 2013 5143 μου,
2050 5093 2158 5147 φη-

573 5165 680 5229 σὶν,
715 5166 787 5218 οὐ
832 5162 1114 5233 γινώσκει
1161 5164 1236 5218 δι’
1282 5164 1387 5233 ἐμὲ
1427 5164 1612 5218 οὐδὲν
1652 5163 1771 5217 τῶν
1808 5165 1880 5217 ἐν
1910 5164 1988 5229 τῷ
2017 5167 2161 5231 οἴκῳ

570 5253 780 5310 αὐτοῦ.
817 5253 1036 5319 Εὐθέως
1069 5256 1238 5328 αὐτὴν
1265 5255 1661 5323 ἀνέμνησε-τοῦ
1700 5255 1909 5324 ἀνδρὸς.
1953 5258 2038 5310 ἵνα
2071 5258 2158 5309 ἐν-

571 5346 768 5419 τρέψῃ.
801 5348 912 5402 Kal
945 5349 1046 5401 οὐκ
1071 5344 1244 5410 εἶπεν,
1294 5349 1352 5401 'O
1375 5347 1515 5418 ἁνήρ
1546 5365 1660 5406 σου.
1701 5347 1813 5398 ἀλλ’
1848 5347 1910 5399 '0
1956 5347 2161 5416 κύριός

571 5454 708 5507 μου,
745 5439 774 5492 ὃ
805 5440 1009 5511 μᾶλλον
1042 5440 1222 5494 ίκανὺν
1261 5435 1330 5511 ἦν
1361 5439 1532 5508 αὐτὴν
1569 5441 1881 5508 κατασχεῖν,
1909 5441 2004 5492 καὶ
2041 5441 2160 5491 πεῖ-

577 5545 668 5584 σαι
695 5531 948 5601 ἐννοῆσαι
987 5532 1070 5596 τίς
1101 5526 1234 5584 οὖσα
1275 5532 1420 5593 τίνος
1448 5531 1569 5601 ἐρᾷ,
1596 5531 1678 5582 ὅτι
1716 5528 1974 5582 δέσποινα
2001 5525 2158 5590 οὖσα,

576 5618 783 5675 δούλου.
834 5623 896 5676 El
927 5622 1038 5694 7&9
1079 5623 1285 5684 ἐκεῖνος
1324 5621 1535 5690 κύριος,
1593 5619 1688 5671 καὶ
1728 5618 1792 5670 σὺ
1839 5619 2020 5687 κυρία.
2071 5620 2162 5672 Αί-

580 5708 838 5784 σχύνθητι
892 5714 1069 5768 τοίνυν
1122 5713 1218 5785 τὴν
1269 5713 1405 5784 πρὸς
1446 5712 1535 5766 τὸν
1565 5711 1749 5765 δοῦλον
1784 5710 2020 5782 ὁμιλίαν,
2069 5713 2162 5767 καὶ

2234 491 2329 545 καί⁵
2371 495 2501 565 περὶ
2528 496 2650 550 τίνα
2679 499 2978 570 ἀχάριστος
3012 504 3142 579 γίνῃ
3187 508 3279 561 καὶ
3306 507 3601 581 ἀγνώμων,
3624 516 3720 565 καὶ
3747 511 3837 564 ὅτι

2233 583 2361 676 ἐγὼγ
2393 586 2618 644 πλείονα
2662 592 2816 663 αύτῷ
2860 594 3122 667 ἀπονέμω
3159 598 3393 655 εὔνοιαν.
3426 603 3539 656 Kal
3571 603 3678 676 ὅρα
3712 604 3839 666 πῶς

2233 674 2451 764 ἐπαίρει
2502 679 2672 733 αὐτοῦ
2726 682 2827 745 τὰς
2876 684 3219 754 εὐεργεσίας.
3271 690 3489 760 Ἐπειδὴ
3535 674 3646 764 7&9
3675 693 3840 747 οὐδὲν

2232 761 2340 815 τῶν
2373 764 2594 835 ὑψηλῶν
2621 770 2875 840 ἐννοῆσαι
2903 772 3136 842 ἠδύνατο
3163 779 3196 848 ἡ
3224 776 3502 850 βάρϐαρος
3523 761 3709 851 ἐκείνη
3741 782 3845 834 καὶ

2236 853 2558 920 ἀκόλαστος,
2592 859 2701 913 ἀπὸ
2730 861 2840 914 τῶν
2872 863 3232 934 ἀνθρωπίνων
3262 868 3431 941 αὐτὴν
3457 871 3713 942 ἐντρέπει
3747 871 3844 924 λέ-

2234 959 2368 1012 γων·
2410 947 2493 1001 Οὐ
2525 948 2808 1018 γινώσκει
2841 951 2915 1006 δι’
2944 953 3052 1024 ἐμὲ
3079 956 3282 1011 οὐδέν’
3320 961 3627 1022 τουτέστιν,
3662 963 3846 1034 Εὐερ-

2236 1039 2390 1105 γιτεῖ
2424 1055 2491 1108 με
2523 1041 2759 1110 μεγάλα,
2790 1044 2884 1098 καὶ
2919 1047 2983 1101 οὐ
3011 1046 3252 1120 δύναμαι
3300 1051 3395 1107 τὸν
3422 1054 3743 1124 προστάτην
3779 1055 3844 1106 ἐν

2235 1132 2349 1195 τοῖς
2383 1131 2596 1203 κυρίοις
2621 1135 2844 1206 πλῆξαι.
2879 1138 3012 1210 Ἐμέ
3035 1138 3288 1212 δεύτερον
3312 1144 3538 1214 ἐποίησε
3565 1145 3846 1216 δεσπότην

2237 1223 2337 1293 τῆς
2381 1223 2588 1292 οἰκίας,
2641 1227 2760 1295 καὶ,
2795 1228 3008 1296 οὐδεὶς
3057 1233 3437 1302 ὑπεξῄρηταί
3475 1252 3632 1306 μου,
3667 1236 3847 1302 πλὴν

2239 1312 2377 1366 σοῦ.
2418 1312 2685 1372 Ἐνταῦθα
2721 1317 2938 1391 ἐπαίρει
2985 1323 3156 1393 αὐτῆς
3186 1324 3248 1377 τὸ
3281 1325 3560 1396 φρόνημα,
3605 1326 3694 1380 ἵνα
3732 1326 3846 1379 κᾶν

2239 1401 2412 1468 οὕτως
2447 1407 2805 1480 αἰσχυνθῆναι
2836 1413 3259 1486 παρασκευάσῃ,
3285 1415 3378 1468 καὶ¹
3405 1415 3553 1486 δείξῃ
3588 1416 3846 1485 μεγάλην

2239 1490 2404 1548 οὖσαν
2439 1497 2539 1568 τὴν
2586 1502 2773 1571 τιμήν.
2801 1503 2913 1556 Kal
2935 1503 3058 1557 οὐδὲ
3088 1505 3252 1576 μέχρι
3294 1505 3483 1560 τούτου
3514 1506 3666 1577 ἔστη,
3701 1507 3850 1562 ἀλλά

2239 1587 2336 1640 xal
2364 1587 2648 1659 ἐπήγαγεν
2677 1591 2851 1663 ὄνομα
2882 1595 3065 1650 ἱκανὸν
3088 1597 3258 1668 αὐτὴν
3293 1601 3614 1667 κατασχεῖν,
3637 1599 3847 1666 λέγων·

2240 1675 2345 1729 Διὰ
2378 1679 2447 1730 τό
2485 1695 2560 1733 σε
2593 1682 2854 1750 γυναῖκα
2888 1685 3076 1739 αὑτοῦ
3106 1683 3280 1752 εἶναι,
3313 1688 3412 1750 καί
3444 1687 3572 1754 πῶς
3601 1688 3850 1756 ποιήσω

2240 1766 2307 1819 τὸ
2340 1766 2505 1837 ῥῆμα
2538 1770 2606 1824 τὸ
2640 1775 2912 1841 πονηρὸν
2949 1776 3158 1838 τοῦτος
3207 1777 3369 1830 Ἀλλά
3413 1778 3466 1830 τί
3508 1779 3722 1846 λέγεις;
3759 1781 3848 1833 ὅτι

2241 1857 2302 1909 ού
2338 1858 2606 1929 πάρεστιν
2633 1863 2661 1915 6
2690 1863 2850 1936 ἀνὴρ,
2885 1865 3005 1918 οὐδὲ
3033 1862 3175 1919 οἶδεν
3198 1869 3280 1920 ὃτι
3300 1868 3604 1934 ἀδικεῖται;
3644 1870 3792 1922 Ἀλλ’
3820 1874 3854 1924 6

2241 1948 2374 2014 Θεὸς
2407 1951 2692 2023 ἐπόψεται.
2732 1954 2873 2008 Ἀλλ’
2907 1956 3007 2009 οὐκ
3055 1957 3348 2028 ἐκέρδανεν
3397 1959 3550 2012 οὐδὲν
3598 1959 3708 2014 ἀπὸ
3743 1960 3851 2030 τῆς

2245 2039 2557 2112 συμϐουλῆς
2591 2043 2797 2114 ἐκείνη,
2835 2045 2953 2099 ἀλλ’
2989 2047 3346 2102 ἐπεσπάσατο
3375 2049 3557 2102 αὐτόν.
3593 2049 3705 2121 Τὴν
3733 2050 3852 2119 γάρ

2241 2130 2450 2184 οἰκείαν
2478 2133 2675 2202 μανίαν
2698 2135 2985 2207 πληρῶσαι
3021 2136 3346 2210 βουλομένη,
3383 2139 3444 2193 ού
3485 2139 3716 2208 φιλοῦσα
3750 2140 3852 2194 τὸν

2255 2223 2476 2296 Ἰωσὴφ,
2511 2226 2686 2281 ταῦτα
2712 2218 2975 2299 ἔπραττε·
3004 2232 3097 2284 καὶ
3120 2232 3279 2302 δῆλον
3317 2232 3377 2298 ἐξ
3398 2227 3473 2287 ὧν
3502 2235 3642 2304 μετά
3670 2234 3853 2288 ταῦτα

2245 2317 2491 2387 ἐποίησε.
2525 2319 2636 2371 Kal
2667 2320 2778 2391 γάρ
2803 2320 3157 2393 δικαστήριον
3202 2322 3441 2389 καθίζει,
3467 2327 3562 2378 καὶ
3600 2343 3853 2395 κατηγο-

2246 2408 2370 2476 ρίαν
2394 2409 2629 2476 εἰσάγει,
2664 2412 2760 2464 καὶ
2785 2413 2854 2464 τά
2886 2411 3058 2483 ψευδῆ
3102 2417 3531 2486 καταμαρτυρεῖ,
3571 2417 3662 2468 καὶ
3702 2416 3854 2468 ἐκδί-

2243 2495 2376 2548 δωσι
2411 2495 2587 2569 θηρίῳ
2615 2498 2706 2552 τὸν
2738 2501 2893 2554 ούδέν
2926 2503 3249 2572 ἠδικηκότα,
3280 2505 3375 2559 καὶ
3425 2506 3506 2569 είς
3559 2505 3854 2577 δεσμωτήο

2251 2604 2363 2658 ριον
2393 2589 2675 2659 ἐμϐάλλει·
2711 2593 2914 2661 μᾶλλον
2939 2595 3016 2662 δέ,
3046 2597 3106 2650 τό
3134 2613 3197 2666 γε
3219 2597 3388 2670 αὐτῆς
3418 2598 3605 2672 μέρος,
3634 2599 3730 2653 καὶ
3755 2601 3855 2651 ἀν-

2247 2680 2408 2733 εῖλεν·
2445 2681 2590 2736 οὕτω
2631 2683 2723 2737 τὸν
2771 2685 3035 2759 δικαστὴν
3067 2689 3404 2744 καθώπλισε.
3451 2691 3517 2743 Τί
3558 2686 3690 2757 οῦν;
3737 2687 3855 2763 ἄρα

2246 2776 2342 2829 καὶ
2368 2774 2563 2848 Ἰωσὴφ
2597 2778 2875 2845 τοιοῦτος;
2910 2782 3234 2836 Τούναντίον
3268 2785 3367 2855 μέν
3395 2780 3488 2837 οὖν
3517 2784 3688 2838 ἀπαψ
3721 2785 3852 2839 οὕτε

2247 2867 2356 2939 7&9
2385 2871 2659 2934 ἀντεῖπεν,
2686 2871 2810 2925 οὗτε
2846 2876 3193 2944 κατηγόρησε
3228 2876 3326 2945 τῆς
3353 2877 3634 2944 γυναικός.
3688 2857 3854 2930 Ἠπι-

2250 2961 2421 3031 στήθη
2450 2961 2559 3032 7&9
2597 2962 2684 3026 ἃν,
2719 2965 2877 3035 φησί.
2914 2964 3025 3017 Kal
3066 2965 3173 3035 μὴν
3215 2966 3424 3038 σφόδρα
3459 2967 3720 3036 ἐφιλεῖτο,
3756 2970 3854 3022 καὶ

2247 3051 2406 3122 δῆλον
2432 3052 2534 3106 οὐκ
2553 3053 2661 3106 ἀπὸ
2690 3054 2789 3125 τῆς
2818 3056 2994 3126 ἀρχῆς
3028 3057 3209 3127 μόνον,
3234 3057 3368 3112 ἀλλά
3397 3059 3491 3112 καὶ
3517 3059 3623 3112 ἀπὸ
3642 3058 3740 3111 τοῦ
3762 3061 3855 3113 τέ-

2248 3143 2396 3209 λους.
2422 3146 2485 3199 Εἰ
2507 3145 2616 3218 7&9
2649 3147 2725 3219 μὴ
2760 3149 2967 3220 σφόδρα
2993 3150 3155 3204 αὑτὸν
3187 3149 3465 3222 βάρϐαρος
3498 3151 3708 3213 ἐκεῖνος
3730 3151 3857 3220 ἐφί-

2249 3238 2352 3303 λει,
2384 3240 2488 3293 κάν
2531 3241 2822 3294 ἀπέκτεινε
2859 3243 3096 3310 σιγῶντα
3141 3244 3236 3296 καὶ
3275 3242 3432 3296 οὐδὲν
3473 3242 3853 3310 ἀντιλέγοντα.

2251 3330 2362 3382 Kal
2406 3329 2515 3400 7&9
2557 3331 2854 3399 Αἰγύπτιος
2897 3328 2984 3404 ἦν,
3020 3335 3114 3387 καὶ
3151 3335 3358 3404 ἄρχων,
3397 3332 3491 3386 καὶ
3521 3334 3650 3405 περὶ
3689 3335 3857 3407 εὐνὴν

2251 3419 2604 3492 ἠδικημένος,
2637 3422 2788 3495 [297]
2810 3423 2886 3488 ὼς
2909 3424 3150 3494 ἐνόμιζε,
3185 3424 3281 3478 καὶ
3310 3423 3463 3496 παρά
3493 3425 3733 3490 οίκέτου,
3756 3428 3857 3480 καὶ

2252 3513 2465 3567 οἰκέτου
2495 3513 2724 3570 τοιαῦτα
2749 3517 3228 3588 εύεργετηθέντος.
3259 3517 3399 3571 Ἀλλ’
3427 3518 3649 3588 ἐνίκησε
3678 3517 3858 3572 ταῦτα

2255 3606 2435 3660 πάντα
2473 3607 2502 3659 6
2548 3607 2713 3670 πόθος
2757 3608 2851 3661 καὶ
2888 3609 2921 3678 ὴ
2961 3608 3142 3680 χάρις,
3175 3610 3242 3680 ἢν
3273 3612 3302 3663 6
3333 3609 3464 3674 Θεὸς
3507 3608 3676 3664 αὑτοῦ
3723 3628 3861 3663 κατ-

2255 3698 2399 3770 έχεε.
2434 3700 2592 3753 Μετά
2629 3701 2686 3754 δέ
2718 3701 2818 3772 τῆς
2851 3702 3076 3773 χάριτος
3117 3703 3214 3756 κα)⁸
3250 3703 3350 3772 τῆς
3378 3704 3601 3774 ἀγάπης
3645 3703 3858 3772 ταύτης

2255 3791 2351 3845 καὶ
2415 3793 2693 3863 τεκμήρια
2744 3789 2889 3864 εἶχεν
2947 3796 3007 3847 ού
3057 3794 3252 3865 μικρὰ.
3298 3796 3349 3846 εί
3395 3793 3858 3862 δικαιολογεῖσθαι

2256 3882 2683 3949 ἐϐούλετο,αύτά
2696 3885 2763 3937 τά
2782 3886 2994 3955 ἱμάτια.
3020 3887 3080 3937 Εἰ
3097 3885 3206 3956 7&9
3230 3884 3370 3956 αύτὴ
3391 3879 3510 3956 ἦνή
3541 3883 3856 3954 βιασθεῖσα,

2254 3971 2346 4024 τὸν
2375 3972 2580 4042 χιτῶνα
2623 3973 2794 4043 αὐτῆς
2820 3973 3218 4045 περιερρῆχθαι
3262 3974 3392 4038 ἔδει,
3433 3974 3530 4044 τὴν
3560 3974 3685 4044 ῦψιν
3717 3993 3856 4033 κατ-

2258 4064 2624 4136 εσπαράχθαι,
2658 4064 2718 4116 οὐ
2752 4064 2820 4117 τά
2862 4064 3073 4118 ἐκείνου
3125 4065 3377 4136 κατέχειν
3431 4067 3643 4136 ἰμάτια.
3690 4067 3860 4120 Ἀλλ’

2259 4157 2512 4223 ἢκουσε,
2538 4155 2724 4225 φησὶν,
2755 4154 2843 4208 ὅτι
2879 4156 3100 4224 ῦψωσα
3136 4156 3254 4224 τὴν
3281 4157 3514 4226 φωνὴν,
3539 4159 3637 4210 καὶ
3670 4173 3858 4211 arata-

2258 4246 2457 4299 λιπὼν
2482 4246 2556 4299 τὰ
2589 4245 2790 4315 ἱμάτια
2812 4246 3020 4305 αὐτοῦ,
3049 4247 3308 4317 ἀπῆλθε.
3353 4247 3510 4310 Τίνος
3543 4243 3637 4300 οὗν
3667 4248 3861 4302 ἕνεκεν

2261 4338 2355 4393 καὶ
2394 4338 2709 4404 ἀπέδυσας;
2741 4339 2792 4393 τί
2839 4339 2947 4411 γάρ
2991 4340 3238 4411 παθούσῃ
3271 4339 3391 4408 βίαν
3431 4339 3719 4408 ἀγαπητὸν
3746 4336 3858 4411 ῆνς

2260 4430 2334 4483 Τὸ
2363 4430 2746 4500 ἀπαλλαγῆναι
2771 4429 2863 4483 τοῦ
2888 4430 3254 4500 ἐνοχλοῦντος.
3292 4430 3435 4499 Ἐγὼ
3459 4430 3517 4484 δέ
3544 4432 3647 4485 οὐκ
3671 4431 3864 4485 ἐντεῦ-

2262 4522 2355 4576 θεν
2380 4524 2562 4593 μόνον,
2598 4523 2736 4577 ἀλλά
2764 4522 2862 4577 καὶ
2889 4524 2955 4577 ἐκ
2992 4522 3104 4576 τῶν
3133 4522 3273 4592 μετά
3295 4521 3469 4576 ταῦτα
3495 4524 3667 4591 δεῖξαι
3695 4523 3863 4594 δυνή-

2264 4631 2428 4685 σομαι
2483 4613 2649 4668 αὑτοῦ
2697 4613 2795 4686 τὴν
2827 4613 3042 4668 εὔνοιαν
3080 4615 3174 4668 καὶ
3200 4613 3300 4685 τὴν
3328 4614 3572 4685 ἀγάπην.
3609 4615 3721 4669 Kal
3749 4616 3863 4685 γὰρ

2263 4706 2352 4759 ὅτε
2387 4707 2468 4769 εἰς
2503 4704 2752 4776 ἀνάγκην
2785 4705 3012 4759 ἐνέπεσε
3045 4703 3139 4758 τοῦ
3173 4706 3277 4776 τὴν
3325 4705 3506 4758 αἰτίαν
3550 4705 3731 4758 εἰπεῖν
3763 4707 3860 4759 τοῦ

2262 4797 2639 4868 δεσμωτηρίου
2692 4796 2788 4850 καὶ
2835 4797 2938 4863 τῆς
2974 4797 3093 4849 ἐκεῖ
3120 4794 3429 4864 διατριϐῆς,
3457 4795 3576 4848 οὐδὲ
3613 4796 3737 4848 τότε
3773 4797 3862 4862 ἐξ-

2265 4893 2387 4942 εῖπε
2414 4889 2473 4942 τὸ
2500 4890 2709 4960 δρᾶμα,
2738 4888 2874 4941 ἀλλὰ
2901 4887 2954 4940 τί
2984 4905 3151 4958 φησις
3176 4887 3284 4940 Καί
3318 4886 3435 4955 ἐγὼ
3454 4889 3569 4940 οὐκ
3596 4887 3864 4955 ἐποίησα

2265 4981 2466 5044 οὐδὲν,
2509 4981 2673 5034 ἀλλὰ
2709 4979 2913 5047 κλοπῇ
2959 4980 3238 5049 έκλάςτην
3279 4978 3351 5030 ἐκ
3401 4977 3516 5047 γῆς
3556 4969 3861 5046 rapam--

2267 5069 2363 5122 καί⁵
2396 5067 2634 5138 οὐδαμοῦ
2669 5070 2943 5138 μέμνηται
2963 5070 3062 5138 τῆς
3086 5067 3414 5138 μοιχαλίδος,
3440 5069 3560 5122 ούδέ
3587 5069 3862 5125 καλλωπί-

2268 5156 2420 5222 ζεται
2451 5158 2546 5211 ἐπὶ⁵
2577 5156 2658 5227 τῷ
2689 5158 2998 5229 πράγματι,
3031 5157 3060 5211 6
3088 5159 3318 5222 πᾶς’τις
3346 5153 3439 5213 οὖν
3471 5159 3538 5214 ἂν
3557 5161 3782 5228 ἔπαθεν,
3812 5167 3862 5217 εἰ

2269 5257 2361 5310 καὶ
2393 5255 2467 5326 μὴ
2503 5253 2816 5323 φιλοτιμίας
2850 5252 3058 5314 ἕνεκεν,
3084 5250 3201 5304 ἀλλ’
3225 5250 3366 5306 ὥστε
3407 5253 3483 5327 μὴ
3515 5254 3661 5319 δόξαι
3691 5271 3861 5324 πονη-

2270 5350 2371 5419 ρᾶς
2401 5349 2589 5400 ἐνεκεν
2611 5345 2792 5408 αἰτίας
2829 5345 2910 5407 είς
2933 5343 2994 5396 τὸ
3026 5343 3234 5415 οἴκημα
3257 5346 3632 5416 ἐμϐεϐλῆσθαι
3657 5348 3858 5400 ἐκεῖνο.

2269 5440 2332 5493 Εἰ
2363 5440 2469 5510 7&9
2503 5439 2596 5491 καὶ
2626 5437 3032 5507 ἁμαρτάνοντες
3063 5437 3363 5508 ἄνθρωποι,
3404 5438 3526 5491 οὐδὲ
3553 5437 3729 5501 οὕτως
3756 5440 3862 5493 ἀπ-

2269 5532 2486 5602 έχονται
2514 5530 2608 5584 τοῦ
2646 5529 2820 5583 ταῦτα
2853 5529 3126 5597 ἐγκαλεῖν,
3160 5532 3340 5583 καίτοι
3370 5545 3433 5596 γε
3470 5527 3742 5597 αἰσχύνην
3757 5530 3862 5584 τοῦ

2271 5624 2596 5694 πράγματος
2625 5619 2906 5690 φέροντος,
2938 5619 3057 5684 πῶς
3083 5621 3183 5673 οὐκ
3219 5619 3367 5682 ἄξιον
3402 5618 3683 5688 θαυμάσαι
3713 5621 3862 5675 ἐκεῖ-

2270 5734 2378 5780 νον,
2408 5717 2487 5770 ὅτι
2518 5717 2608 5770 καὶ
2644 5713 2882 5786 καθαρὸς
2903 5714 2984 5778 ,ῶν
3009 5715 3108 5768 οὒκ
3141 5709 3262 5768 εἶπε
3295 5713 3386 5766 τὸν
3417 5711 3593 5783 ἔρωτα
3622 5713 3723 5784 τῆς
3763 5730 3865 5784 γυ-
