4086 6340
197 367 306 428 επ

199 501 329 542 vero
358 485 659 540 libertatem
689 496 720 537 a
746 481 911 547 curis,
958 494 1021 536 ac
1048 494 1220 550 neque
1249 480 1553 536 divitiarum
1584 482 1788 539 sollici-

200 575 453 638 tudioes,
502 587 676 643 neque
731 570 1061 642 paupertatis
1111 582 1311 626 metum
1372 573 1785 628 sustineremus.

199 666 408 735 Ecquid
430 665 555 720 dico
579 665 647 719 de
678 663 842 735 lucris
871 679 936 718 ex
966 663 1050 717 illa
1077 664 1286 732 partis?
1316 664 1433 733 Ipsa
1478 678 1695 734 quoque
1736 665 1788 720 in

192 773 253 813 se
278 744 523 821 dilectio,
554 764 749 827 quanta
781 756 851 812 sit
873 755 1179 821 considera,
1207 764 1461 826 quantam
1492 755 1625 812 lerat
1649 756 1789 811 heli-

192 851 344 916 tiam,
378 850 432 904 in
458 859 652 921 quanta
680 851 850 919 gratia
880 850 1174 904 constituat
1198 849 1431 903 animam
1458 868 1470 903 :
1502 849 1641 919 quod
1671 850 1789 920 qui-

189 944 314 997 dem
350 942 404 996 in
427 942 515 996 illa
547 942 810 996 eximium
835 948 938 995 est.
962 941 1096 995 Alia:
1123 956 1354 1011 namque
1380 942 1592 996 virtutis
1612 951 1789 1012 partes

186 1035 538 1105 conjunctum
569 1034 773 1089 habent
799 1033 1078 1099 laborem;
1106 1034 1252 1090 verbi
1283 1036 1475 1104 gratia,
1502 1035 1782 1105 jejunium,

186 1126 547 1195 temperantia
569 1169 584 1193 ,
632 1125 827 1197 vigilite
851 1166 866 1191 ,
912 1125 1168 1180 invidiam
1194 1167 1209 1193 ,
1261 1127 1783 1196 c0ncupiscentiam,

184 1227 597 1286 contemptum:
618 1220 815 1282 caritas
844 1226 1024 1273 autem
1046 1234 1169 1274 cum
1196 1219 1347 1275 lucro
1377 1220 1595 1276 multam
1629 1221 1790 1275 habet

183 1312 350 1366 etiam
382 1311 732 1381 voluptatem,
763 1320 817 1366 et
842 1311 1080 1366 laborem
1113 1313 1319 1367 nullum
1348 1330 1361 1365 :
1394 1321 1449 1367 et
1478 1313 1615 1367 sicut
1646 1312 1787 1366 bona

183 1404 325 1472 apis,
359 1404 598 1471 undique
646 1404 783 1458 bona
829 1403 1109 1472 colligens,
1139 1403 1228 1458 illa
1260 1403 1477 1473 deponit
1509 1403 1560 1458 in
1609 1403 1784 1456 anima

182 1495 305 1563 ejus
335 1496 425 1564 qui
457 1496 645 1563 diligit.
682 1494 906 1548 Etiamsi
936 1496 1056 1563 quis
1103 1496 1327 1558 serviat,
1383 1496 1629 1549 libertate
1659 1509 1783 1547 sua-

180 1584 393 1640 viorem
447 1585 665 1638 exhibet
694 1586 1033 1639 servitutem.
1088 1585 1187 1652 Qui
1221 1585 1364 1639 enim
1394 1593 1537 1639 amat
1564 1599 1672 1637 non
1714 1584 1781 1637 ita

179 1677 378 1742 gaudet
406 1690 525 1729 cum
558 1676 799 1744 imperat.
838 1686 895 1729 ut
924 1692 1044 1730 cum
1090 1676 1406 1745 imperatur,
1436 1674 1646 1729 etiamsi
1678 1674 1781 1727 im-

177 1782 376 1842 perare
403 1769 474 1825 sit
498 1768 830 1839 jucundum;
861 1769 953 1823 sed
988 1770 1099 1837 ipsa
1130 1784 1310 1823 rerum
1331 1777 1576 1822 naturam
1603 1776 1780 1821 trans-

177 1873 377 1924 mutat,
409 1863 731 1933 advertitque
760 1861 811 1914 in
848 1876 1004 1914 manu
1029 1860 1167 1914 bona
1198 1860 1379 1913 omnia
1410 1860 1632 1922 habens,
1656 1873 1783 1929 qua-

176 1957 257 2009 vis
276 1964 453 2011 matre
470 1955 738 2021 blandior,
756 1953 945 2023 quavis
972 1952 1151 2022 regina
1179 1952 1496 2021 locupletior
1522 1970 1535 2006 :
1559 1967 1783 2021 quaeque

176 2047 451 2101 laboriosa
480 2055 625 2109 sunt,
660 2028 794 2099 levia
829 2056 879 2100 et
915 2043 1088 2097 facilia
1138 2042 1333 2100 reddit.
1364 2043 1616 2097 virtutem
1648 2042 1777 2096 faci-

177 2140 307 2199 lem,
365 2138 658 2206 nequitiam
707 2135 1113 2191 acerbissimam
1147 2134 1301 2188 nobis
1332 2134 1614 2189 exhibens.
1650 2136 1779 2188 Ani-

175 2229 458 2283 madverte
480 2239 657 2281 autem
693 2245 705 2279 :
741 2227 1055 2296 impendere
1086 2226 1294 2280 videtur
1324 2228 1603 2281 molestum
1636 2242 1774 2289 esse,

174 2328 229 2374 et
256 2320 362 2374 hoc
411 2318 497 2372 illa
528 2319 683 2372 dulce
712 2317 889 2372 reddit
917 2335 930 2381 ;
966 2318 1142 2372 aliena
1189 2318 1434 2386 accipere
1457 2318 1773 2387 jucundum,

172 2419 230 2465 et
259 2425 369 2464 non
400 2410 523 2464 sinit
554 2409 681 2462 illud
704 2409 1000 2478 jucundum
1030 2423 1315 2478 apparere,
1346 2410 1438 2464 sed
1472 2419 1526 2463 ut
1556 2426 1774 2479 pravum

175 2501 361 2571 fugere
381 2500 595 2555 suadet.
623 2499 831 2555 Rursus
860 2500 1189 2555 maledicere
1233 2515 1395 2556 suave
1422 2502 1671 2556 omnibus
1700 2501 1778 2554 vi-

173 2594 335 2647 detur
362 2608 522 2657 esse;
559 2594 669 2661 ipsa
700 2603 878 2646 autem
910 2594 1039 2648 illud
1070 2608 1309 2647 amarum
1352 2606 1473 2649 esse
1518 2594 1772 2659 declarat,

173 2692 228 2737 et
256 2682 582 2737 benedicere
616 2682 773 2736 dulce
802 2702 814 2737 :
848 2683 977 2736 nihil
1010 2684 1152 2736 enim
1185 2683 1337 2737 nobis
1382 2686 1451 2738 ita
1480 2700 1641 2738 suave
1666 2690 1773 2750 εει,

175 2782 229 2826 ut
268 2773 492 2827 laudare
541 2789 661 2827 eum
709 2788 867 2842 quem
900 2788 1163 2827 amamus.
1197 2772 1407 2828 Rursus
1436 2776 1507 2827 ira
1540 2774 1770 2845 aliquam

176 2866 336 2921 habet
362 2866 725 2936 voluptatem;
752 2876 804 2919 at
833 2866 919 2921 hic
947 2882 1301 2936 nequaquam,
1331 2867 1425 2921 sed
1448 2882 1634 2922 omnes
1657 2866 1773 2937 ejus

176 2959 325 3011 nervi
346 2958 543 3012 sublati
567 2968 692 3012 sunt
719 2977 729 3008 :
759 2959 967 3012 etiamsi
1002 2961 1046 3013 is
1073 2962 1161 3028 qui
1188 2960 1426 3028 diligitur
1447 2960 1683 3030 diligenti
1715 2977 1773 3015 se

174 3050 479 3103 molestiam
503 3050 719 3113 crearit,
744 3051 816 3103 ira
845 3065 1105 3121 nusquam
1130 3052 1479 3121 apparet,sed
1500 3053 1769 3123 lacrymw,
1802 3096 1804 3098 τ

171 3141 583 3197 adhortationes
606 3151 658 3196 et
688 3144 1105 3209 supplicationes
1140 3163 1151 3197 :
1189 3153 1390 3198 tantum
1422 3146 1573 3200 abest
1604 3156 1659 3199 ut
1682 3163 1775 3200 ex-

173 3245 479 3304 asperetur.
525 3236 745 3289 Etiamsi
770 3235 947 3289 videat
985 3247 1326 3303 peccantem,
1358 3238 1500 3307 luget
1528 3249 1581 3291 et
1604 3239 1768 3304 dolet;

172 3328 268 3382 sed
296 3327 456 3381 dolor
486 3327 571 3383 ille
596 3328 919 3395 voluptatem
951 3329 1121 3382 aﬂ‘crt.
1150 3330 1398 3383 Caritatis
1425 3330 1566 3383 enim
1601 3332 1774 3400 lacry-

172 3434 275 3471 mre
306 3427 364 3473 et
385 3418 539 3471 dolor
570 3420 678 3472 risu
703 3428 827 3472 sunt
853 3421 997 3473 omni
1024 3432 1075 3473 ct
1105 3420 1299 3490 gaudio
1327 3423 1627 3477 suaviores.
1652 3423 1767 3477 Non

172 3512 311 3565 adeo
334 3512 493 3581 igitur
516 3513 799 3580 quiescunt
837 3514 869 3568 ii
894 3514 983 3585 qui
1016 3514 1214 3582 rident,
1248 3525 1305 3568 ut
1339 3517 1371 3569 ii
1395 3516 1484 3585 qui
1514 3533 1607 3586 pro
1632 3519 1764 3570 ami-

169 3604 249 3657 cis
283 3605 500 3673 plorant
534 3622 546 3659 :
577 3605 693 3661 etsi
726 3606 774 3660 id
804 3622 907 3660 non
950 3606 1145 3673 credis,
1167 3609 1410 3677 reprime
1445 3610 1656 3663 illorum
1692 3610 1767 3661 la-

171 3709 411 3769 crymas,
447 3707 498 3751 et
527 3712 588 3751 ac
630 3699 671 3751 si
702 3698 1014 3767 gravissima
1048 3708 1376 3766 paterentur.
1410 3701 1478 3752 ita
1502 3715 1643 3768 a'gre
1689 3700 1766 3753 fe-

171 3799 318 3843 runt.
349 3790 414 3841 At
438 3803 637 3853 amare,
672 3789 904 3859 inquies,
928 3788 1213 3842 absurdam
1237 3789 1397 3843 habet
1420 3790 1764 3859 voluptatem.

170 3881 351 3946 Absit,
377 3881 513 3934 bona
548 3881 725 3943 verba,
759 3896 790 3934 ο
814 3880 975 3935 homo
1004 3899 1014 3933 :
1049 3880 1175 3934 nihil
1203 3882 1343 3935 enim
1370 3882 1436 3934 ita
1468 3898 1659 3952 purum
1686 3892 1768 3937 est

170 3979 227 4025 ut
266 3972 464 4024 caritas
485 3973 735 4042 genuina.
1402 3986 1405 3987 '

244 4064 299 4119 Ἰ.
346 4061 424 4116 Ne
457 4063 584 4115 mihi
627 4065 768 4117 enim
800 4063 946 4118 dicas
974 4066 1115 4118 illam
1162 4065 1475 4133 popularem
1503 4076 1555 4119 et
1582 4064 1763 4119 foren-

166 4173 305 4223 sem,
350 4156 441 4227 qui
470 4165 552 4209 est
596 4157 770 4224 petius
796 4158 1033 4219 morbus,
1079 4175 1237 4228 quam
1271 4162 1465 4212 caritas
1496 4169 1548 4213 et
1593 4174 1763 4223 amor,

166 4249 260 4303 sed
295 4250 430 4301 hanc
461 4262 621 4317 quam
651 4248 842 4301 Paulus
872 4250 1080 4317 QIIIPl‘ll,
1134 4266 1251 4319 qua}
1280 4250 1419 4319 quod
1452 4251 1581 4304 utile
1627 4251 1762 4303 dile-

166 4340 271 4393 ctis
299 4349 381 4394 est
412 4350 639 4410 spectat,
673 4349 728 4395 et
758 4341 965 4395 videbis
1000 4342 1119 4395 illos
1146 4357 1264 4396 esse
1313 4343 1553 4411 patribus
1577 4360 1762 4397 aman-

165 4435 359 4488 tiores.
385 4436 461 4487 Ac
490 4434 942 4503 quemadmodmn
973 4436 1003 4487 ii
1030 4436 1122 4504 qui
1150 4438 1403 4503 pecunias
1434 4446 1634 4498 amant,
1666 4452 1761 4505 pe-

166 4527 357 4579 cunias
384 4526 698 4594 impendere
722 4543 828 4580 non
864 4526 1155 4595 elegerint,
1190 4527 1283 4581 sed
1317 4529 1532 4581 suavius
1580 4537 1765 4596 putant

164 4616 220 4671 in
264 4618 509 4686 angustia
536 4633 676 4684 esse,
711 4634 871 4688 quam
914 4619 1032 4673 illas
1077 4620 1388 4673 imminutas
1417 4620 1599 4674 videre
1632 4637 1643 4672 :
1688 4623 1764 4675 sie

166 4716 223 4762 et
253 4707 345 4761 ille
368 4708 458 4776 qui
486 4725 609 4779 erga
631 4711 860 4780 aliquem
894 4710 1031 4765 bene
1068 4720 1121 4765 et
1147 4713 1382 4765 suaviter
1407 4712 1632 4766 allectus
1658 4722 1759 4778 est,

168 4799 451 4853 innumera
477 4801 581 4865 pati
602 4801 870 4867 maluerit,
890 4818 1048 4871 quam
1065 4802 1317 4856 dilectum
1342 4803 1523 4857 videre
1553 4804 1758 4858 lassum.

167 4890 453 4958 Quomodo
504 4890 684 4960 igitur,
746 4893 975 4963 inquies,
1010 4895 1259 4965 [Egyptia
1296 4896 1403 4959 illa,
1452 4912 1571 4965 quze
1612 4896 1763 4950 .lose-

166 4981 333 5048 phum
396 4981 640 5044 amabat,
698 4981 845 5035 illum
893 4984 1215 5036 contumelia
1278 4984 1500 5041 afficere
1550 4986 1760 5040 voluit?

164 5067 299 5134 Quia
334 5071 485 5124 illum
514 5072 727 5126 amabat
756 5071 1044 5126 dilectione
1075 5073 1359 5128 diabolica.
1405 5076 1604 5145 Joseph
1634 5092 1760 5131 vero

166 5172 273 5211 non
304 5158 443 5215 hanc
488 5160 690 5226 habuit,
728 5161 819 5215 sed
850 5176 965 5215 eam
999 5177 1158 5231 quam
1194 5164 1387 5219 Paulus
1415 5166 1757 5222 dilectionem

167 5249 463 5318 qumrcbat.
502 5251 686 5323 Cogita
738 5256 897 5323 igitur
938 5262 1148 5322 quanta:
1177 5256 1414 5309 caritatis
1447 5258 1561 5325 ejus
1595 5259 1758 5313 verba

168 5347 369 5402 essent,
398 5348 451 5392 et
475 5356 606 5409 quas
631 5358 717 5397 res
741 5345 825 5397 illa
852 5345 1059 5399 dicebat
1085 5363 1096 5396 :
1128 5344 1207 5398 Me
1232 5348 1558 5401 contumelia
1600 5348 1759 5405 aflice

166 5428 537 5483 etadulteram
562 5430 759 5485 redde:
791 5433 1036 5502 injuriam
1069 5437 1206 5488 infer
1226 5435 1428 5499 viro,et
1455 5446 1617 5492 totam
1632 5439 1761 5494 sub-

168 5530 317 5575 verte
345 5518 585 5585 domum,
622 5528 776 5588 teque
807 5524 977 5590 ipsum
1010 5526 1179 5595 abjice
1203 5541 1231 5578 a
1262 5524 1450 5581 ﬁducia
1494 5544 1653 5597 quam
1703 5534 1756 5587 in

170 5612 336 5664 Deum
363 5608 533 5663 habes
563 5625 576 5661 :
610 5624 727 5679 qua:
755 5611 913 5665 verba
945 5616 1090 5671 illius
1110 5627 1282 5681 erant,
1315 5633 1433 5686 quae
1463 5634 1559 5673 nec
1583 5616 1753 5687 illum,

165 5715 268 5755 nec
293 5701 529 5769 seipsam
569 5709 790 5754 amaret.
843 5700 939 5755 llic
985 5716 1201 5773 autem,
1248 5708 1497 5778 quoniam
1546 5711 1755 5766 sincere

166 5794 400 5857 uitabat,
452 5794 567 5849 lucc
592 5794 768 5849 omnia
808 5793 1020 5864 abjccit.
1065 5801 1236 5871 Atque
1285 5814 1340 5857 ut
1368 5804 1575 5860 ediscas
1609 5807 1750 5877 quod

1193 362 1258 420 [Ν
1297 364 1513 421 EPIST.
1557 367 1575 422 Ι
1640 366 1731 421 AD
1767 365 1925 427 COR.
1968 368 2203 427 HOMIL.‘
2240 369 2457 427 XXXII.

3386 381 3493 437 275
3518 374 3520 381 ’

1898 490 2015 554 ejus
2042 500 2226 540 curam
2255 492 2487 557 gereret,
2520 502 2584 543 ex
2609 487 2725 559 ejus
2750 487 3128 547 adhortatione
3157 491 3211 548 id
3252 495 3489 565 percipe.

1897 576 2013 631 Non
2044 577 2205 632 modo
2242 579 2385 633 enim
2414 579 2556 633 illam
2605 581 2822 650 repulit,
2854 581 2949 638 sed
2975 591 3031 637 et
3059 582 3491 642 adhortationem

1898 665 2125 734 induxit,
2166 684 2287 739 quas
2328 678 2534 739 poterat
2562 685 2775 727 onmem
2816 672 3085 727 ﬂammam
3108 676 3450 748 exstinguere
3478 698 3490 733 :

1899 757 1959 812 Si
1983 758 2118 811 enim
2138 760 2375 813 dominus
2404 777 2563 827 meus,
2586 762 2776 832 inquit,
2800 772 3002 834 propter
3028 781 3107 818 me
3127 766 3256 819 nihil
3275 768 3411 821 norit
3436 769 3491 821 in

1895 848 2045 901 domo
2087 865 2180 902 sua
2228 849 2379 921 (Gen.
2426 851 2522 927 59,
2565 852 2643 923 8).
2693 854 2882 908 Statim
2931 855 3004 909 illi
3041 858 3212 910 virum
3242 873 3397 911 suum
3428 859 3486 914 in

1896 949 2132 994 mentem
2162 942 2457 1005 revocavit,
2489 951 2549 996 ut
2570 942 2706 996 illam
2746 944 2949 1011 pudore
2977 944 3238 1001 afticeret.
3268 946 3379 1001 Nec
3403 948 3489 1002 di-

1895 1033 1992 1096 xit,
2029 1032 2124 1088 Vir
2155 1043 2295 1100 tuus,
2338 1033 2433 1089 sed
2463 1034 2713 1088 Dominus
2752 1052 2912 1103 meus,
2946 1037 3086 1107 quod
3118 1039 3284 1108 magis
3308 1051 3490 1108 posset

1898 1125 2042 1179 illam
2073 1127 2309 1183 retinere
2338 1136 2392 1182 et
2416 1126 2645 1182 suadere
2684 1128 2942 1198 cogitare,
2972 1144 3214 1200 quaenam
3246 1147 3366 1186 cum
3398 1148 3490 1186 es-

1894 1226 1996 1285 set,
2046 1233 2204 1287 quem
2246 1228 2474 1284 amaret,
2520 1232 2713 1288 nempe
2751 1218 2967 1273 domina
3012 1235 3248 1275 servum.
3283 1221 3412 1277 Nam
3444 1224 3487 1277 si

1896 1308 1985 1362 ille
2012 1319 2097 1363 est
2124 1309 2395 1376 dominus,
2430 1312 2489 1364 et
2518 1320 2570 1364 tu
2602 1310 2838 1365 domina.
2876 1311 3079 1367 Pudeat
3105 1324 3153 1367 te
3186 1314 3346 1382 igitur
3378 1316 3490 1369 col-

1894 1398 2055 1470 loquii
2087 1400 2207 1455 talis
2236 1418 2359 1458 cum
2389 1416 2568 1469 servo,
2621 1411 2675 1457 et
2695 1404 2866 1472 cogita
2896 1404 3047 1473 cujus
3073 1419 3192 1458 cum
3225 1405 3298 1458 sis
3328 1421 3485 1466 uxor.

1892 1505 2012 1545 cum
2044 1506 2148 1560 quo
2178 1494 2311 1547 velis
2340 1492 2507 1557 coire,
2533 1503 2587 1549 et
2616 1494 2666 1548 in
2694 1510 2852 1563 quem
2896 1495 2971 1549 sis
3002 1496 3228 1565 ingrata,
3260 1507 3313 1550 et
3339 1498 3482 1566 quod

1890 1596 1990 1651 ego
2032 1584 2288 1652 majorem
2318 1584 2612 1639 exhibeam
2660 1586 3117 1642 benevolentiam.
3154 1587 3283 1643 Vide
3304 1599 3484 1644 autem

1889 1673 2162 1741 quomodo
2191 1674 2307 1742 ejus
2336 1676 2558 1729 extollat
2585 1674 2868 1730 beneﬁcia.
2902 1676 3037 1744 Quia
3064 1681 3208 1733 enim
3237 1678 3367 1733 nihil
3394 1694 3486 1733 su-

1890 1764 2055 1818 blime
2099 1775 2306 1833 poterat
2353 1767 2579 1822 barbara
2622 1769 2709 1821 illa
2738 1778 2793 1823 et
2834 1770 3101 1839 impudica
3128 1773 3383 1843 cogitare,
3416 1777 3485 1828 ab

1890 1854 2137 1909 humanis
2167 1857 2312 1911 illam
2345 1858 2547 1927 pudore
2569 1858 2845 1924 snll'undit,
2879 1860 3066 1915 dicens
3096 1878 3110 1916 :
3147 1860 3371 1933 Propter
3401 1882 3480 1918 me

1889 1948 2019 2001 nihil
2046 1950 2303 2019 cognoscit
2330 1967 2346 2014 ;
2374 1948 2423 2003 id
2455 1961 2559 2014 est,
2590 1950 2776 2021 Magna
2808 1952 2937 2005 mihi
2962 1953 3216 2007 beneficia
3249 1954 3480 2019 confert.

1890 2054 1986 2092 nec
2012 2054 2229 2109 possunt
2266 2049 2547 2108 patronum
2570 2042 2619 2094 in
2648 2041 2810 2096 rebus
2842 2044 3127 2114 prmcipuis
3154 2044 3367 2100 ltedere.
3399 2047 3483 2101 Me

1886 2131 2180 2185 secundum
2212 2132 2487 2186 dominum
2532 2131 2655 2186 fecit
2680 2133 2876 2187 dooms
2896 2148 3027 2200 sum,
3061 2145 3113 2189 et
3146 2134 3339 2189 Nullus
3368 2139 3481 2191 exi-

1886 2224 2068 2287 mitur,
2093 2224 2191 2277 nisi
2219 2234 2292 2275 tu.
2325 2223 2420 2278 llic
2442 2223 2555 2293 ejus
2583 2239 2798 2277 sensum
2828 2233 2881 2278 et
2905 2224 3143 2279 animum
3167 2227 3396 2291 extollit,
3424 2239 3482 2281 ut

1884 2312 1961 2366 sic
2006 2312 2151 2366 illam
2192 2313 2257 2366 ad
2298 2314 2557 2383 pudorem
2594 2315 2830 2380 inducat,
2864 2325 2915 2369 et
2947 2317 3201 2370 ostendat
3230 2332 3477 2387 magnum

1884 2418 2003 2458 esse
2035 2404 2316 2458 honorem.
2350 2405 2533 2473 Neque
2558 2406 2645 2460 hic
2672 2406 2930 2471 substitit,
2956 2407 3050 2461 sed
3080 2408 3240 2462 etiam
3273 2408 3482 2463 induivit

1884 2510 2080 2549 nomen
2126 2496 2267 2565 quod
2312 2506 2493 2564 posset
2541 2496 2683 2550 illam
2715 2499 2950 2553 retinere
2983 2500 3170 2554 dicens
3202 2518 3213 2551 :
3246 2499 3323 2553 Eo
3345 2501 3481 2570 quod

1884 2597 1937 2639 tu
1963 2589 2031 2640 sis
2050 2603 2180 2641 uxor
2199 2589 2343 2655 ejus;
2370 2598 2415 2640 et
2437 2588 2690 2657 quomodo
2708 2590 2893 2655 {ariam
2916 2590 3117 2644 verbum
3141 2592 3235 2645 Itoc
3248 2592 3435 2646 malum
3455 2594 3481 2646 ?

1882 2678 1989 2734 Sed
2012 2680 2139 2748 quid
2163 2680 2340 2733 dicis?
2368 2681 2481 2734 Non
2523 2681 2675 2735 adest
2723 2682 2824 2745 vir,
2859 2696 3030 2750 neque
3059 2687 3163 2737 scit
3193 2700 3252 2738 se
3286 2686 3475 2753 injuria

1882 2772 2065 2824 affici?
2092 2772 2195 2826 Sed
2229 2774 2366 2827 Deus
2397 2774 2637 2843 aspiciet.
2672 2777 2739 2828 At
2766 2776 2987 2830 nihilex
3013 2776 3099 2830 tali
3130 2778 3353 2831 consilio
3385 2780 3474 2832 illa

1883 2865 2082 2918 lucrata
2107 2877 2207 2927 est,
2225 2866 2319 2918 sed
2345 2867 2493 2920 illum
2518 2869 2756 2921 attraxit.
2787 2869 3042 2923 Furorem
3069 2885 3295 2940 namque
3318 2886 3473 2925 sumn

1881 2957 2155 3025 complere
2184 2959 2393 3021 volens,
2430 2974 2535 3011 non
2567 2975 2753 3013 amans
2781 2960 3073 3029 Josephum
3106 2964 3219 3017 lure
3249 2962 3391 3027 fecit,
3418 2974 3475 3017 ut

1884 3049 2053 3117 palam
2079 3059 2238 3104 estex
2268 3051 2467 3119 iisqum
2493 3061 2671 3119 postea
2697 3052 3015 3122 designavit.
3042 3054 3306 3109 iudicium
3327 3058 3471 3111 enim

1881 3141 2179 3206 constituit,
2210 3152 2263 3195 ct
2292 3144 2687 3197 accusationem
2719 3144 2900 3210 infert,
2931 3156 3090 3214 atque
3123 3146 3252 3201 falsa
3285 3149 3474 3202 testifi-

1879 3240 2053 3297 catur,
2102 3246 2163 3285 ac
2204 3232 2333 3287 ferte
2374 3233 2535 3287 tradit
2586 3252 2729 3297 eum,
2775 3237 2866 3304 qui
2908 3252 2963 3290 se
2993 3237 3123 3290 nihil
3156 3238 3387 3301 laeserat,
3417 3241 3469 3294 in

1878 3338 2259 3391 carcercmqne
2306 3326 2563 3393 conjicit;
2614 3328 2719 3380 imo
2770 3328 2965 3397 potius,
3024 3340 3278 3397 quantum
3330 3331 3379 3383 in
3412 3346 3471 3385 se

1878 3425 2012 3477 erat,
2050 3416 2247 3469 occidit
2284 3436 2295 3469 :
2334 3418 2399 3469 ita
2436 3433 2626 3485 nempe
2650 3419 2885 3486 judiecm
2912 3423 3158 3474 armavit.
3214 3422 3349 3488 Quid
3376 3422 3472 3493 ἰδία

1881 3510 2005 3561 tur?
2033 3517 2219 3561 eratne
2257 3508 2454 3577 Joseph
2503 3512 2664 3562 etiam
2715 3510 2873 3562 talis?
2904 3512 3015 3564 Imo
3040 3524 3224 3566 contra
3253 3531 3267 3575 ;
3298 3530 3471 3585 neque

1877 3600 2020 3653 enim
2053 3602 2398 3664 contradixit,
2432 3618 2605 3670 neque
2640 3604 2916 3658 mulierem
2946 3608 3236 3659 accusavit.
3269 3610 3358 3666 At.
3386 3609 3468 3661 in-

1878 3694 2051 3761 quies.
2083 3710 2189 3746 non
2223 3693 2485 3747 creditum
2526 3694 2595 3747 illi
2630 3693 2841 3749 fuisset.
2874 3696 3032 3765 Atqui
3066 3698 3219 3751 valde
3247 3701 3467 3753 amaba-

1879 3796 1983 3851 tur,
2017 3797 2073 3839 ut
2097 3787 2269 3854 palam
2314 3796 2415 3853 οδε,
2452 3803 2554 3840 non
2582 3803 2644 3840 ex
2672 3789 2933 3856 principio
2960 3791 3153 3855 solum,
3187 3792 3279 3844 sed
3306 3793 3465 3848 etiam

1876 3896 1939 3933 ex
1974 3880 2096 3933 line.
2134 3880 2241 3933 Nisi
2273 3883 2413 3934 enim
2446 3880 2590 3933 illum
2632 3881 2887 3934 barbarus
2937 3883 3028 3935 ille
3066 3885 3287 3938 multum
3329 3885 3467 3938 dile-

1876 3974 2061 4037 xisset,
2090 3975 2247 4027 etiam
2276 3974 2556 4027 occidisset
2587 3975 2832 4027 silentem
2861 3985 2911 4027 ct
2942 3976 3068 4029 nihil
3093 3977 3467 4031 contradicen-

1879 4073 2003 4117 Iem.
2029 4066 2235 4118 Etenim
2254 4064 2540 4134 Aﬂgyptius
2562 4076 2745 4119 eratet
2766 4070 3034 4136 princeps,
3056 4078 3105 4120 et
3133 4069 3182 4120 in
3200 4066 3467 4137 conjugali

1878 4156 2013 4209 lecto
2037 4156 2257 4210 allectus
2278 4158 2492 4223 injuria,
2514 4168 2570 4210 ut
2592 4159 2828 4225 putabat;
2848 4168 2899 4212 et
2919 4175 2945 4211 a
2972 4160 3191 4223 famulo,
3214 4175 3239 4210 a
3262 4160 3468 4213 famulo

1876 4247 2114 4315 inquam,
2149 4249 2238 4317 qui
2274 4257 2349 4300 tot
2382 4246 2638 4301 beneﬁcia
2671 4260 2971 4316 acceperat.
3007 4249 3109 4303 Sed
3144 4250 3255 4302 lucc
3285 4250 3463 4303 omnia

1874 4341 1999 4392 vicit
2042 4340 2259 4394 dilectio
2302 4351 2354 4394 et
2398 4342 2583 4409 gratia,
2630 4356 2787 4409 quam
2824 4340 2961 4395 licus
2992 4341 3041 4393 in
3073 4342 3221 4393 illum
3252 4341 3461 4394 infudit.

1872 4432 2005 4485 Cum
2029 4434 2194 4501 gratia
2220 4442 2395 4486 autem
2420 4445 2471 4486 et
2495 4433 2778 4487 dilectione
2803 4433 2898 4486 hac
2928 4433 3117 4487 indicia
3145 4434 3325 4487 habuit
3356 4449 3459 4487 non

1874 4539 2055 4592 parva,
2087 4526 2128 4577 si
2156 4524 2276 4592 jure
2306 4525 2632 4579 etintendere
2664 4526 2938 4588 voluisset,
2970 4527 3079 4594 ipsa
3114 4526 3456 4580 vestimenta.

1874 4615 1928 4671 Si
1957 4618 2098 4671 enim
2133 4617 2215 4669 illa
2246 4618 2349 4669 vim
2383 4632 2535 4681 passa
2570 4619 2775 4677 fuisset.
2806 4619 3084 4687 Oportebat
3115 4629 3322 4686 ruptam
3347 4618 3463 4687 ejus

1874 4709 2039 4765 fuisse
2088 4710 2345 4777 tunicam,
2379 4710 2669 4763 laceratum
2720 4711 2942 4775 vultum,
2990 4726 3094 4763 non
3136 4710 3273 4761 illius
3305 4711 3467 4764 vcsti-

1874 4814 2050 4854 mcma
2089 4810 2289 4854 tenere.
2320 4800 2427 4853 Sed
2452 4802 2663 4858 audivit.
2699 4802 2888 4869 inquit,
2918 4800 3052 4867 quod
3078 4816 3243 4852 vocem
3273 4802 3460 4867 extuli,

1871 4904 1921 4946 et
1951 4892 2139 4946 relictis
2180 4893 2393 4945 vestibus
2431 4892 2550 4944 abiit
2587 4890 2734 4960 (Cen.
2769 4892 2865 4957 39,
2907 4890 3022 4962 15).
3052 4890 3159 4946 Cur
3185 4908 3312 4962 ergo
3339 4909 3459 4946 eum

1871 4986 2108 5039 exuisti?
2136 4987 2262 5053 quid
2304 4986 2409 5038 vim
2446 4983 2670 5052 patienti
2714 4985 3005 5053 optandum
3050 4985 3203 5039 erat?
3232 4984 3297 5039 Ut
3328 4984 3455 5037 libe-

1869 5084 2081 5128 raretur
2109 5076 2175 5126 ab
2205 5091 2269 5128 eo
2302 5078 2387 5143 qui
2419 5076 2517 5128 sibi
2547 5076 2852 5130 violentiam
2886 5076 3128 5129 inferret.
3164 5076 3273 5143 Ego
3329 5090 3457 5130 vero

1872 5181 1975 5219 non
1999 5164 2121 5218 hinc
2152 5173 2376 5224 tantum,
2408 5166 2500 5218 sed
2527 5166 2685 5219 etiam
2715 5181 2778 5217 ex
2804 5165 3147 5232 sequentibus
3171 5165 3459 5219 ostendere

1872 5256 2071 5324 possim
2114 5256 2231 5325 ejus
2274 5254 2695 5309 benevolentiam
2726 5266 2780 5308 et
2806 5270 3064 5311 amorem.
3101 5260 3305 5313 Etenim
3334 5274 3457 5313 cum

1871 5348 1922 5401 in
1952 5348 2327 5401 necessitatem
2358 5347 2564 5408 incidit,
2597 5356 2891 5400 uteausam
2919 5347 3126 5403 diceret
3146 5350 3379 5403 carceris
3401 5361 3453 5403 et

1869 5440 2134 5494 diuturna:
2179 5441 2230 5493 in
2281 5439 2374 5492 illo
2425 5455 2624 5504 mone;
2672 5453 2844 5506 neque
2886 5450 3010 5493 tunc
3039 5441 3223 5493 drama
3252 5440 3376 5493 illud
3406 5448 3459 5493 ct

1870 5548 1982 5589 rem
2014 5542 2216 5602 gestam
2246 5532 2455 5602 aperuit
2484 5549 2497 5596 ;
2547 5532 2638 5585 sed
2668 5532 2794 5601 quid
2823 5534 2891 5586 ait
2917 5533 2940 5586 ἳ
2964 5533 3029 5584 Et
3064 5548 3152 5602 ego
3180 5532 3308 5585 m'ln‘t
3338 5533 3456 5602 (rei.

1863 5624 1954 5679 sed
1981 5624 2061 5697 [ω
2074 5630 2123 5675 ιο
2152 5622 2379 5675 sublatus
2410 5638 2517 5674 sum
2546 5636 2608 5673 ex
2635 5630 2767 5674 terra
2816 5621 3145 5675 [labi-(eorum
3176 5621 3329 5692 (Gen.
3364 5622 3463 5681 60,

1864 5715 1975 5789 13).
2007 5716 2073 5771 Et
2105 5728 2365 5783 nusiluam
2389 5723 2647 5767 memorat
2671 5714 3001 5779 adulteram;
3028 5731 3200 5784 neque
3221 5715 3288 5769 de
3312 5730 3372 5769 ea
3397 5732 3457 5771 ro

1862 5808 2149 5878 gloriatur,
2195 5803 2337 5877 quod
2378 5804 2628 5874 quislibet
2673 5805 2805 5858 alius
2849 5804 3083 5863 fecisset.
3112 5806 3320 5859 etiamsi
3354 5823 3458 5860 non
