4086 6340
579 350 685 407 275

582 461 771 532 gloria:
789 474 971 523 causa,
999 458 1094 513 sed
1122 474 1189 514 ne
1218 459 1492 514 videretur
1532 457 1669 511 mala
1697 456 1766 513 de
1791 472 1893 511 cau
1924 472 1954 510 a
1979 457 2033 511 in
2062 454 2171 512 tale

580 558 862 624 conjectus
902 552 1069 610 fuisse
1107 552 1461 607 domicilium.
1498 550 1554 606 Si
1582 550 1725 605 enim
1757 559 2041 620 peccantes
2064 549 2167 605 bo-

582 647 761 701 mincs
786 660 960 716 neque
986 646 1063 700 sic
1094 645 1365 700 abstinent
1392 658 1423 697 a
1458 643 1546 697 tali
1575 642 1935 706 accusatione.
1957 642 2168 699 etiamsi

580 756 669 795 res
708 738 944 795 dedecus
974 739 1202 793 all‘erat:
1246 737 1520 808 quomodo
1564 752 1670 791 non
1700 735 1895 806 dignus
1930 736 2168 791 admira-

574 830 723 888 tione
764 831 856 886 ille
904 839 1008 896 est,
1060 831 1204 900 quod
1254 845 1376 884 cum
1421 839 1567 884 esset
1615 844 1801 899 purus,
1842 844 1947 883 non
1975 828 2171 883 dixerit

577 936 820 977 amorem
876 922 1135 985 mulieris,
1177 937 1350 990 neque
1390 930 1665 991 peccatum
1696 920 2043 991 evolgaverit,
2074 935 2171 974 ne-

573 1028 683 1083 que
707 1014 869 1068 etiam
913 1011 1130 1083 quando
1177 1012 1228 1069 in
1272 1013 1463 1067 solium
1492 1012 1736 1068 ascendit
1764 1023 1818 1067 et
1848 1011 2064 1083 Egypti
2094 1020 2175 1065 to-

575 1103 684 1159 tius
729 1120 825 1158 rex
866 1102 1039 1159 factus
1074 1114 1181 1169 est,
1216 1105 1423 1175 injuriae
1449 1103 1551 1159 sibi
1580 1118 1610 1158 a
1641 1102 1868 1171 muliere
1895 1101 2056 1156 illata:
2082 1117 2171 1155 re-

575 1191 833 1248 cordatus
853 1194 942 1260 sit,
974 1209 1150 1265 neque
1175 1195 1244 1249 ab
1275 1190 1365 1249 illa
1402 1208 1591 1263 pmnas
1607 1192 1934 1263 cxpetieritl

645 1282 700 1336 8.
746 1282 987 1340 Vidistin’
1015 1285 1289 1355 quomodo
1313 1287 1425 1355 ipse
1446 1284 1563 1354 ejus
1587 1299 1769 1338 curam
1795 1282 2047 1349 habebat;
2084 1281 2171 1337 illa

574 1390 702 1431 vero
728 1392 834 1431 non
856 1378 1093 1445 amabat,
1121 1379 1215 1433 sed
1240 1378 1479 1433 furebat?
1503 1377 1686 1449 Neque
1704 1377 1848 1433 enim
1874 1376 2169 1446 Josepbum

574 1466 853 1537 diligebat,
878 1468 971 1524 sed
1009 1469 1221 1524 volebat
1250 1469 1527 1525 libidinem
1549 1469 1768 1539 explere
1793 1487 1806 1522 :
1827 1482 1952 1523 nam
1979 1468 2024 1523 si
2049 1468 2172 1537 quis

573 1556 687 1627 ipsa
711 1560 871 1612 verba
900 1569 1150 1615 accurate
1169 1560 1579 1622 examinaverit,
1602 1574 1662 1613 ea
1690 1559 1925 1614 furorem
1948 1559 2170 1613 omnino

570 1648 779 1718 spirant
801 1657 859 1704 et
890 1648 1115 1705 caulem.
1157 1651 1293 1717 Quid
1323 1652 1465 1707 enint
1512 1652 1629 1705 ait?
1659 1650 1920 1706 Induxiin
1959 1668 2173 1721 puerum

576 1738 847 1794 Hebreum
870 1780 885 1806 ,
917 1751 971 1794 ut
1001 1743 1141 1795 nobis
1171 1742 1406 1797 illuderet
1437 1744 1456 1814 (
1480 1742 1608 1798 Gen.
1640 1743 1733 1812 59,
1759 1743 1867 1813 17)
1902 1760 1916 1796 :
1963 1742 2170 1807 beneﬂ-

570 1831 714 1886 cium
743 1831 935 1887 marito
965 1833 1336 1902 exprobrans:
1381 1844 1436 1888 et
1460 1834 1779 1889 vestimenta
1804 1833 2166 1900 ostendebat,

572 1923 718 1978 omni
768 1922 882 1978 fera
938 1925 1154 1978 smvior.
1215 1924 1324 1980 Sed
1368 1940 1473 1978 non
1523 1924 1594 1978 ita
1641 1924 1753 1979 ille.
1795 1924 1998 1994 Ecquid
2048 1924 2170 1980 dico

569 2015 689 2087 ejus
713 2031 838 2086 erga
869 2015 1040 2087 ipsam
1073 2016 1525 2083 benevolentiam,
1555 2016 1770 2088 quando
1797 2031 1923 2087 erga
1953 2015 2169 2081 fratres,

576 2107 668 2175 qui
695 2107 868 2176 ipsum
902 2120 1039 2176 pene
1068 2108 1415 2175 occiderant,
1446 2109 1567 2163 talis
1595 2117 1711 2164 crat
1732 2148 1746 2170 ,
1796 2117 1849 2162 ct
1876 2122 2167 2178 numquam

574 2196 643 2251 de
683 2197 813 2269 ipsis
844 2200 1101 2254 velimus
1142 2200 1224 2254 vel
1267 2200 1394 2255 foris
1439 2199 1641 2270 aliquid
1681 2214 1846 2269 grave
1874 2199 1957 2254 vel
2002 2200 2173 2255 mole-

568 2297 711 2343 stum
737 2288 918 2343 dixit?
948 2288 1075 2344 Ideo
1102 2289 1296 2344 Paulus
1320 2290 1600 2345 caritatem
1628 2289 1761 2344 dixit
1786 2304 1907 2347 esse
1942 2298 2167 2345 matrem

569 2380 811 2434 omnium
861 2382 1123 2436 bonorum
1148 2424 1161 2445 ,
1204 2397 1432 2453 eamque
1472 2381 1689 2453 pm‘l'ert
1732 2382 1899 2453 signis
1940 2382 2170 2453 aliisque

568 2469 1004 2526 charismatibus.
1065 2472 1530 2540 Quemadmodum
1578 2473 1723 2529 enim
1786 2472 1833 2528 si
1888 2484 2065 2529 vestes
2111 2483 2171 2551 et

569 2561 734 2616 calcei
763 2563 909 2617 aurei
943 2564 1047 2619 siut
1068 2606 1085 2633 ,
1133 2566 1242 2620 alio
1266 2566 1430 2620 etiam
1471 2566 1667 2627 indicio
1706 2581 1841 2635 opus
1870 2564 2126 2620 habemus
2150 2606 2166 2633 ,

573 2663 629 2708 ttt
665 2670 1157 2728 noscamusrcgent
1186 2674 1201 2723 ;
1243 2659 1287 2711 si
1321 2673 1451 2712 vero
1480 2673 1774 2727 purpuram
1815 2657 2090 2713 videamus
2110 2666 2171 2713 et

569 2744 855 2813 diadema,
889 2747 1094 2802 Ilijiillm
1139 2748 1283 2803 aliud
1327 2750 1475 2819 regni
1527 2750 1739 2818 signum
1787 2750 1968 2805 videre
2016 2766 2165 2822 quie-

572 2838 786 2893 rimus:
836 2840 904 2893 ita
964 2841 1049 2894 hic
1095 2856 1327 2911 quoque.
1381 2839 1514 2896 Cum
1568 2842 1808 2897 caritatis
1857 2854 1939 2899 est
1997 2844 2169 2914 impo-

570 2928 733 2983 situm
786 2928 1064 2996 diadema,
1109 2931 1309 2986 sufﬁcit
1355 2942 1412 2988 ut
1464 2931 1662 2987 Christi
1718 2948 1902 2987 verum
1930 2933 2165 3005 discipu-

572 3019 681 3073 lutn
734 3022 1023 3087 ostendat,
1062 3037 1167 3076 non
1225 3024 1381 3077 nobis
1436 3032 1641 3077 tantum
1668 3063 1682 3089 ,
1724 3023 1818 3078 sed
1846 3026 2007 3079 etiam
2043 3023 2169 3079 iuli-

574 3111 808 3167 delibus.
874 3111 939 3167 In
991 3114 1087 3166 hoc
1154 3114 1287 3167 enim
1316 3154 1332 3181 ,
1388 3114 1601 3179 inquit,
1649 3124 1952 3185 cognoscent
1995 3130 2170 3169 omnes

572 3204 711 3275 quod
738 3203 978 3272 discipuli
1008 3204 1103 3259 mei
1134 3205 1284 3275 estis,
1339 3206 1384 3261 si
1413 3203 1695 3259 dilexeritis
1720 3206 1936 3260 invicem
1966 3205 2166 3277 (Joan.

575 3294 681 3358 l3,
725 3294 860 3364 55).
930 3295 1112 3365 Itaque
1162 3296 1263 3349 hoc
1307 3296 1516 3367 signum
1578 3297 1828 3351 omnibus
1875 3298 2044 3368 signis
2085 3307 2170 3355 est

577 3384 795 3453 majus,
855 3386 1119 3455 siquidem
1189 3386 1242 3441 in
1301 3387 1420 3458 ipso
1466 3390 1813 3459 cognoscitur
1848 3390 2165 3461 discipulus.

578 3474 802 3529 Etiamsi
843 3477 985 3530 enim
1020 3477 1236 3547 quidam
1266 3478 1545 3533 innumera
1586 3478 1749 3534 edant
1776 3480 1927 3551 signa
1951 3523 1967 3547 ,
2012 3482 2057 3536 si
2084 3483 2169 3537 in-

574 3566 747 3620 vi‘cem
772 3565 1086 3633 dissideant,
1120 3569 1329 3623 ridiculi
1358 3568 1659 3625 inﬁdelibus
1680 3582 1836 3627 erunt
1869 3590 1883 3626 :
1909 3573 2169 3642 quemad-

577 3655 795 3711 modum
826 3657 870 3711 si
897 3658 1101 3713 nullum
1131 3659 1327 3715 faciant
1354 3660 1566 3730 signum
1592 3701 1608 3723 ,
1638 3670 1693 3716 et
1718 3675 1839 3716 sese
1865 3663 2020 3718 valde
2046 3680 2168 3719 mu-

576 3759 672 3803 tuo
720 3750 995 3821 diligant,
1046 3761 1101 3807 et
1149 3754 1437 3807 venerandi
1470 3762 1525 3809 et
1578 3754 1759 3809 invicti
1787 3755 1927 3825 apud
1977 3771 2170 3813 omnes

577 3841 887 3897 manebunt.
908 3842 1039 3897 Nam
1059 3854 1113 3898 et
1134 3844 1355 3899 Paulum
1377 3845 1499 3900 ideo
1517 3845 1794 3912 miramur,
1820 3862 1925 3901 non
1950 3859 2170 3920 propter

577 3941 821 3987 mortuos
849 3948 985 4003 quos
1009 3934 1328 3999 suscitavit,
1358 3950 1463 3990 non
1495 3945 1717 4006 propter
1756 3937 2005 4007 leprosos
2031 3955 2169 4010 quos

577 4024 888 4090 mundavit,
918 4026 1015 4082 sed
1041 4024 1166 4096 quia
1194 4026 1410 4083 dicebat
1439 4068 1452 4093 ,
1485 4029 1610 4095 Quis
1641 4029 1953 4097 infirmatur,
1998 4043 2044 4085 et
2074 4049 2167 4103 ego

574 4132 678 4169 non
722 4116 1003 4185 inﬁrmari
1046 4117 1159 4185 quis
1207 4117 1587 4173 scandalizatur
1613 4161 1627 4183 ,
1690 4130 1737 4175 et
1781 4137 1875 4189 ego
1903 4138 2003 4176 non
2045 4139 2168 4179 uror

573 4204 646 4269 (ἓ.
667 4204 786 4261 Cor.
818 4208 908 4275 ll,
936 4205 1007 4262 29
1033 4206 1095 4277 )l
1133 4206 1354 4262 Etiamsi
1383 4209 1527 4263 enim
1575 4209 1736 4263 millia
1766 4212 1834 4264 ad
1866 4210 1983 4267 brec
2012 4214 2164 4282 signa

576 4296 877 4364 adjeceris,
930 4315 1025 4366 par
1077 4297 1209 4352 nihil
1252 4299 1420 4355 dices.
1483 4299 1615 4355 Nam
1659 4310 1714 4355 et
1758 4302 1872 4371 ipse
1911 4303 2162 4372 diccbat,

577 4402 824 4457 magnam
867 4389 969 4443 sibi
1019 4389 1325 4445 mercedem
1373 4393 1663 4460 repositam
1692 4406 1814 4447 esse
1838 4434 1855 4459 ,
1887 4408 1992 4448 non
2022 4396 2165 4465 quod

574 4479 729 4548 signa
762 4476 978 4533 fecisset
1000 4520 1016 4545 ,
1047 4480 1144 4534 sed
1173 4481 1297 4549 quia
1326 4481 1553 4535 intirmis
1582 4482 1754 4539 lactus
1781 4493 1865 4536 est
1897 4484 2163 4539 inﬁrmus.

576 4573 826 4639 Quanam
854 4580 927 4626 est
954 4571 1097 4626 enim
1119 4611 1134 4636 ,
1166 4569 1371 4641 inquit,
1412 4587 1527 4625 utra
1571 4573 1811 4625 merces!
1853 4572 1920 4627 Ut
1949 4588 2165 4644 evange-

573 4665 737 4718 lizans
763 4664 873 4719 sine
898 4674 1105 4733 sumptu
1136 4678 1318 4733 ponant
1335 4660 1663 4732 Etangelium
1691 4662 1767 4736 (Ι.
1801 4663 1918 4717 Cor.
1950 4664 2006 4728 9,
2036 4664 2159 4733 l8).

1321 345 1379 401 5.
1417 341 1695 402 JOANNIS
1714 337 2189 399 CllRYSOSTOMl
2225 338 2542 399 'Al'lClllEP.
2584 340 3117 402 (IONSTANTINOP.

3775 344 3880 406 2⁸ῐῦ

2284 453 2352 511 Et
2377 470 2500 510 cum
2526 471 2585 513 se
2614 459 2873 529 apostolis
2898 464 3182 530 praeponit.
3213 477 3319 516 non
3347 462 3496 529 dicit,
3527 463 3683 517 l‘lnm
3713 480 3877 534 quam

2280 546 2381 616 ipsi
2412 548 2513 604 feci
2544 549 2718 619 signa,
2766 551 2862 606 sed
2888 592 2903 616 ,
2940 550 3068 605 Plus
3097 553 3201 607 illis
3230 553 3457 607 laboravi
3486 555 3504 625 (
3535 557 3589 610 ί.
3626 553 3746 609 Cor.
3782 556 3875 615 15,

2282 637 2350 692 10
2378 639 2416 706 ).
2458 638 2597 705 Quin
2626 640 2787 695 etiam
2817 641 2953 695 fatue
2983 640 3105 695 ideo
3135 644 3271 697 mori
3304 643 3548 711 volebat,
3577 660 3676 713 pro
3700 646 3875 697 salute

2279 727 2670 799 discipulorum
2705 749 2718 783 :
2750 730 2953 785 Bonum
2981 742 3055 787 est
3084 734 3227 787 eniut
3255 775 3270 799 ,
3302 735 3475 804 inquit
3505 777 3522 800 ,
3550 736 3680 789 mihi
3710 738 3877 807 magis

2281 822 2431 883 mori,
2461 838 2612 890 quam
2633 832 2687 877 ut
2713 823 3067 892 gloriatiouctn
3096 841 3258 878 nteant
3284 825 3395 892 quis
3420 837 3626 879 evacuet
3646 831 3663 893 (
3681 828 3725 880 Ι.
3748 825 3855 881 Cor

2278 909 2337 981 9,
2369 910 2499 981 15);
2529 928 2637 966 non
2661 914 2801 981 quod
2833 915 2947 985 ipse
2974 916 3315 986 gloriaretur,
3344 914 3440 971 sed
3482 931 3550 970 ne
3599 916 3879 971 videretur

2280 1000 2410 1070 ipsis
2453 1003 2802 1073 exprobrare.
2848 1005 3118 1076 Nusquam
3167 1008 3312 1062 enim
3363 1008 3501 1063 solet
3550 1009 3767 1078 g.oriari
3823 1010 3879 1077 in

2280 1090 2434 1147 bonis
2460 1093 2713 1163 operibus
2743 1096 2854 1150 suis
2882 1136 2895 1159 ,
2928 1097 2972 1150 si
3003 1106 3212 1164 tempus
3243 1097 3309 1152 ad
3341 1098 3389 1153 id
3420 1113 3527 1152 non
3560 1109 3747 1159 vocet:
3777 1101 3878 1154 sed

2282 1182 2486 1237 etiamsi
2514 1196 2732 1240 coaetus
2758 1185 2827 1240 sit
2852 1227 2867 1250 ,
2904 1186 3242 1257 insipientem
3268 1203 3328 1244 se
3358 1200 3532 1244 vocat.

2355 1272 2552 1328 Paulus
2595 1276 2873 1345 aliquando
2911 1286 3114 1331 coactus
3153 1278 3423 1348 gloriatur.
3461 1310 3535 1320 —
3572 1281 3629 1335 Si
3658 1281 3881 1351 quando

2278 1373 2456 1419 autem
2498 1365 2759 1435 gloriatur
2779 1409 2794 1432 ,
2829 1366 2881 1421 in
2914 1367 3349 1435 inﬁrmitatibus,
3398 1369 3449 1424 iu
3481 1373 3834 1427 contumeliis
3862 1414 3878 1436 ,

2278 1453 2331 1507 itt
2359 1470 2425 1509 eo
2454 1456 2596 1523 quod
2627 1456 2781 1510 valde
2820 1457 3145 1513 misereatur
3166 1474 3355 1513 eorum
3384 1461 3579 1530 quibus
3620 1462 3880 1517 molestia

2275 1557 2490 1601 creatur
2512 1588 2526 1610 ,
2571 1546 2622 1601 id
2651 1546 2773 1602 iacit
2799 1563 2816 1613 ;
2865 1557 2920 1601 ut
2948 1548 3112 1603 etiam
3140 1548 3243 1604 hoc
3280 1550 3401 1604 loco
3425 1548 3558 1605 dicit
3586 1569 3601 1606 :
3634 1551 3763 1618 Quis
3790 1554 3881 1606 in-

2276 1636 2532 1705 Iirmatur,
2560 1648 2608 1691 et
2633 1654 2726 1707 ego
2753 1654 2856 1692 non
2892 1638 3129 1708 inﬁrmor
3149 1639 3178 1693 .7
3217 1640 3342 1695 llmc
3372 1641 3533 1695 verba
3564 1652 3691 1696 sunt
3724 1646 3877 1713 peri-

2276 1728 2413 1783 culis
2461 1729 2591 1798 ipsis
2630 1730 2832 1798 majora
2877 1747 2892 1783 :
2940 1729 3169 1801 ideoque
3211 1731 3300 1784 illa
3346 1732 3641 1801 posteriora
3672 1735 3827 1802 ponit
3857 1776 3874 1800 ,

2276 1833 2583 1874 sermonem
2620 1820 2973 1890 autplilicans.
3021 1820 3264 1890 Quanam
3305 1836 3435 1892 ergo
3473 1838 3531 1876 re
3578 1838 3676 1878 nos
3726 1825 3879 1895 digni

2278 1908 2551 1975 fuerimus,
2586 1909 2631 1964 si
2660 1926 2782 1965 cum
2814 1910 2909 1964 illo
2936 1925 3341 1982 comparemur,
3372 1915 3464 1983 qui
3498 1929 3672 1984 neque
3706 1932 3879 1985 pecn-

2278 2001 2395 2055 nias
2424 2000 2749 2071 despicimus
2776 2010 2995 2072 propter
3026 2017 3126 2057 nos
3157 2003 3303 2072 ipsos
3327 2045 3343 2071 ,
3390 2019 3568 2074 neque
3595 2006 3875 2075 superﬂua

2278 2108 2344 2149 ex
2392 2094 2735 2148 facultatibus
2784 2108 3071 2164 erogamus
3095 2096 3120 2148 τ
3167 2097 3237 2150 At
3265 2110 3370 2150 non
3400 2096 3492 2152 ille
3519 2098 3597 2151 sic
3622 2139 3636 2161 ,
3685 2098 3781 2151 sed
3821 2110 3883 2153 et

2277 2186 2510 2241 animam
2538 2194 2596 2241 et
2621 2199 2821 2256 corpus
2846 2185 3131 2253 tradebat,
3162 2197 3220 2241 ut
3247 2189 3335 2257 qui
3370 2187 3518 2242 illum
3559 2189 3881 2257 lapidabant

2276 2284 2333 2331 et
2359 2276 2600 2347 colaphis
2631 2278 2911 2333 caedebant
2934 2318 2952 2343 ,
2997 2295 3222 2349 regnum
3253 2293 3719 2350 consequerentur
3781 2281 3881 2338 Sic

2277 2367 2419 2423 enim
2450 2383 2535 2422 me
2558 2410 2574 2433 ,
2606 2368 2815 2438 inquit,
2846 2368 3031 2422 docuit
3053 2368 3301 2423 Christus
3336 2370 3563 2439 diligere
3586 2412 3601 2435 ,
3644 2374 3737 2441 qui
3766 2389 3875 2427 no-

2277 2473 2400 2512 vum
2446 2458 2754 2513 mandatum
2785 2458 3001 2528 reliquit
3028 2458 3096 2513 de
3123 2460 3412 2515 dilectione
3432 2502 3447 2525 ,
3498 2470 3554 2515 et
3579 2464 3722 2531 quod
3754 2464 3878 2533 ipso

2276 2548 2532 2617 aperibus
2580 2549 2836 2620 implevit.
2896 2550 3106 2604 Etenim
3151 2566 3271 2605 cum
3325 2552 3440 2608 Rex
3495 2554 3879 2609 universorum

2276 2648 2451 2706 esset,
2504 2649 2561 2696 et
2611 2642 2783 2697 beatae
2812 2641 2956 2697 illius
3008 2653 3252 2709 naturae;
3304 2644 3594 2713 homines,
3644 2661 3780 2716 quos
3804 2664 3879 2702 ex

2278 2732 2447 2788 nihilo
2477 2734 2731 2803 produxit
2754 2774 2769 2800 ,
2807 2743 2862 2797 et
2886 2734 3081 2805 quibus
3111 2735 3273 2789 millia
3312 2738 3540 2791 contulit
3568 2737 3830 2792 beneﬁcia
3859 2780 3876 2802 ,

2277 2838 2338 2880 se
2366 2824 2690 2879 contumelia
2722 2823 3017 2881 allicientes
3038 2837 3090 2878 et
3122 2837 3439 2894 respuentes
3465 2844 3570 2882 non
3597 2839 3884 2883 aversatus

2274 2926 2381 2982 est,
2413 2916 2507 2971 sed
2534 2926 2589 2973 et
2616 2918 2777 2971 homo
2801 2917 2972 2972 lactus
2998 2927 3077 2972 est
3111 2929 3332 2987 prapter
3358 2919 3514 2985 illos,
3544 2933 3668 2972 cunt
3701 2935 3883 2974 mere-

2278 3009 2500 3063 tricibus
2546 3017 2599 3062 et
2626 3009 2927 3079 publicanis
2956 3020 3308 3064 conversatus
3336 3020 3421 3065 est
3449 3053 3462 3075 ,
3505 3010 3883 3066 dzetnouiacos

2276 3102 2519 3164 curavit,
2552 3111 2604 3156 et
2632 3102 2823 3156 ciuium
2866 3100 3130 3171 promisit.
3180 3100 3309 3156 Post
3340 3101 3455 3156 lucc
3482 3110 3664 3156 autem
3692 3103 3880 3156 omnia

2276 3192 2725 3263 comprehensum
2770 3193 2942 3263 ipsum
2986 3191 3227 3261 colaphis
3255 3192 3616 3260 ceciderunt,
3667 3194 3881 3261 ligave—

2278 3294 2402 3338 runt
2425 3324 2440 3350 ,
2472 3283 2807 3353 ﬁagellarunt
2834 3324 2848 3350 ,
2879 3283 3162 3338 irriserunt
3180 3324 3196 3349 ,
3225 3283 3443 3337 demum
3465 3285 3879 3339 crucilixcruut.

2240 3400 2244 3405 δ
2276 3374 2381 3432 Sed
2412 3391 2478 3429 ne
2505 3377 2582 3430 sic
2610 3374 2827 3445 quidem
2854 3376 2973 3429 illos
3002 3386 3277 3430 aversatus
3307 3385 3391 3430 est
3418 3418 3434 3442 ,
3475 3379 3569 3432 sed
3594 3391 3718 3431 cum
3751 3394 3885 3433 sur-

2276 3481 2397 3522 sum
2426 3475 2571 3522 esset
2599 3466 2652 3521 in
2679 3479 2839 3520 cruce
2859 3507 2875 3531 ,
2906 3466 3043 3519 dixit
3066 3506 3081 3529 ,
3116 3465 3296 3530 Pater,
3328 3467 3528 3521 dimitte
3553 3468 3658 3521 illis
3686 3484 3881 3535 pecca-

2276 3568 2384 3613 tum
2413 3560 2432 3629 (
2457 3557 2586 3614 Luc.
2632 3558 2726 3625 25,
2757 3558 2828 3613 54
2847 3557 2887 3627 ).
2920 3558 3209 3614 Latronem
3238 3574 3365 3614 vero
3390 3600 3405 3624 ,
3452 3560 3541 3629 qui
3572 3576 3694 3614 eum
3748 3571 3883 3617 ante

2274 3658 2657 3716 accusaverat,
2687 3652 2850 3705 etiam
2883 3653 2934 3705 in
2963 3650 3267 3721 paradisum
3297 3652 3589 3707 introduxit
3615 3694 3630 3718 ,
3659 3662 3713 3707 et
3745 3670 3881 3723 per-

2276 3753 2621 3813 sequutorem
2646 3740 2870 3797 Paulum
2896 3739 3195 3811 apostolum
3225 3741 3371 3804 fecit;
3404 3742 3504 3797 sibi
3534 3753 3714 3798 autem
3748 3760 3884 3815 pro—

2278 3834 2426 3903 prios
2476 3843 2532 3889 et
2581 3832 2828 3889 addictos
2876 3832 3172 3903 discipulos
3225 3835 3292 3888 ad
3346 3843 3577 3890 mortem
3651 3839 3884 3893 tradidit

2278 3937 2496 3997 propter
2521 3924 2737 3980 Judmos
2758 3966 2773 3986 .
2798 3925 2887 3996 qui
2918 3926 3091 3996 ipsum
3118 3927 3514 3980 crucilixeraut.
3557 3926 3679 3981 llaec
3704 3928 3882 3998 igitur

2276 4020 2453 4075 omnia
2473 4061 2489 4086 ,
2512 4036 2633 4091 qua:
2665 4020 2757 4076 Dei
2784 4028 2910 4074 sunt
2928 4058 2944 4085 ,
2976 4033 3095 4089 quae
3127 4017 3425 4085 hominum,
3456 4020 3596 4088 apud
3625 4036 3724 4074 uos
3751 4022 3879 4076 col-

2275 4112 2504 4183 ligentes
2526 4154 2540 4177 ,
2570 4118 2686 4168 hazc
2708 4113 2959 4182 prmelara
2981 4120 3128 4181 gesta
3148 4111 3489 4178 aemulemur,
3512 4119 3566 4165 t-t
3586 4113 3694 4165 cari
3704 4121 3879 4168 talem

2274 4205 2689 4259 charismatibus
2718 4202 2968 4257 omnibus
3002 4201 3339 4270 superiorem
3386 4202 3732 4270 acquirantus
3758 4244 3777 4267 ,
3818 4215 3881 4259 ut

2274 4305 2330 4350 et
2357 4296 2642 4365 prmsentia
2692 4305 2747 4347 et
2794 4294 2970 4347 futura
3017 4291 3156 4347 bona
3206 4306 3557 4361 assequamur
3590 4310 3602 4345 :
3634 4309 3876 4361 quorum

2276 4389 2477 4440 utinam
2512 4401 2611 4439 nos
2635 4384 2923 4455 participes
2952 4382 3065 4438 ﬁeri
3090 4383 3360 4452 contingat
3390 4425 3404 4449 ,
3434 4382 3605 4454 gratia
3631 4393 3688 4438 et
3716 4385 3876 4440 beni-

2274 4480 2476 4548 gnitate
2510 4478 2718 4534 Dntuini
2771 4478 2941 4532 nostri
2985 4476 3112 4532 .Iesu
3154 4475 3397 4543 Christi,
3445 4477 3663 4546 quicum
3716 4478 3871 4534 Patri

2276 4588 2487 4642 unaque
2518 4570 2739 4641 Spiritui
2782 4577 2972 4624 sancto
3010 4569 3182 4639 gloria
3206 4609 3220 4633 ,
3270 4568 3554 4637 imperium
3580 4609 3595 4633 ,
3648 4568 3828 4627 bouor
3859 4614 3874 4637 ,

2277 4679 2417 4718 nunc
2445 4675 2499 4719 et
2528 4679 2763 4734 semper,
2796 4673 2850 4716 et
2878 4662 2929 4715 in
2960 4660 3155 4715 smcnla
3183 4660 3524 4714 saeculorum.
3571 4663 3770 4718 Amen.

3459 4798 3879 4819 ﬂ

1882 4870 2224 4934 HOMILIA
2256 4870 2565 4933 XXXIII.

576 5022 709 5075 (ἷη.
741 5022 834 5088 15,
862 5016 910 5071 v.
958 5018 1013 5073 ι.
1046 5016 1250 5071 Caritas
1296 5018 1495 5087 patiens
1524 5022 1629 5078 est,
1674 5014 1888 5085 benigna
1917 5025 1988 5069 est
2018 5028 2036 5069 :
2067 5034 2169 5072 non

721 5110 1024 5182 tantulatur,
1052 5130 1155 5168 non
1193 5113 1299 5184 agit
1329 5126 1633 5182 perperam,
1662 5125 1765 5164 non
1792 5109 2024 5177 inﬂatur.

653 5206 705 5259 l.
750 5205 1040 5271 Postquam
1090 5204 1236 5258 enim
1290 5200 1690 5271 pronuntiavit,
1744 5214 1843 5255 nec
1888 5198 2042 5263 ﬁdei,
2071 5212 2171 5254 nec

578 5295 948 5360 scientie,nec
974 5294 1273 5363 praphetia:
1299 5306 1477 5363 neque
1503 5290 2015 5361 linguarum,neque
2040 5289 2171 5345 cha-

576 5388 989 5450 rismatum,nec
1018 5384 1270 5455 perfectae
1296 5385 1553 5453 vitae,nec
1579 5384 1822 5455 martyrii
1843 5424 1860 5449 ,
1886 5383 1934 5439 si
1973 5384 2172 5441 caritas

580 5479 755 5547 absit,
791 5490 1048 5549 magnam
1075 5492 1196 5533 esse
1225 5478 1511 5535 utilitatem
1534 5518 1550 5545 ,
1580 5477 1888 5533 necessario
1912 5476 2172 5549 deinceps

579 5570 838 5628 describit
902 5566 1222 5624 immensam
1286 5569 1404 5640 ejus
1455 5566 1915 5642 pulchritudinem
1949 5608 1968 5636 ,
2015 5568 2169 5639 quasi

579 5660 898 5734 quibusdam
921 5658 1196 5715 coloribus
1223 5659 1433 5715 virtutis
1462 5658 1701 5731 partibus
1729 5657 1848 5728 ejus
1878 5656 2167 5728 imaginem

581 5766 884 5819 exomans,
910 5757 969 5805 et
1005 5748 1125 5823 ejus
1166 5750 1407 5807 membra
1436 5752 1611 5806 omnia
1660 5755 1906 5804 accurate
1950 5758 2173 5819 compo-

2281 5028 2437 5070 nens.
2463 5012 2532 5067 At
2557 5027 2627 5067 ne
2659 5021 3062 5081 prietercurras,
3089 5012 3289 5070 dilecte
3308 5054 3325 5081 ,
3357 5028 3420 5069 ea
3449 5026 3569 5082 qua:
3592 5012 3880 5081 dicuntur,

2278 5104 2375 5161 sed
2419 5119 2609 5159 eorum
2658 5104 2871 5175 singula
2916 5106 3171 5160 examina
3211 5103 3660 5175 diligentissime,
3704 5118 3768 5163 ut
3797 5110 3882 5164 rei

2282 5198 2592 5261 thesaurum
2626 5197 2809 5252 videas
2834 5239 2848 5261 ,
2880 5206 2935 5252 et
2976 5196 3201 5269 pictoris
3225 5202 3423 5250 artem.
3456 5196 3741 5269 Perpende
3773 5201 3884 5273 igi-

2282 5295 2367 5341 tur
2397 5288 2537 5343 unde
2565 5289 2744 5343 statim
2797 5287 3083 5357 inceperit,
3115 5297 3171 5339 et
3196 5300 3355 5355 quam
3380 5288 3607 5358 primam
3634 5295 3884 5362 posuerit

2279 5381 2522 5435 omnium
2550 5382 2816 5436 bonorum
2844 5392 3084 5436 causam.
3114 5376 3255 5444 Quid
3282 5390 3464 5439 autem
3495 5381 3600 5439 hoc
3622 5383 3749 5438 est?
3778 5385 3884 5439 Pa.

2283 5471 2464 5527 tientia
2492 5489 2509 5536 ;
2559 5472 2675 5527 hac
2706 5469 3058 5541 philosophiae
3101 5470 3278 5527 omnis
3302 5481 3389 5529 est
3429 5474 3603 5529 radix.
3634 5473 3764 5529 Ideo
3792 5491 3883 5531 κο

2280 5563 2435 5632 piens
2477 5562 2740 5633 quispiam
2780 5560 3034 5615 dicebat:
3076 5557 3167 5615 Vir
3194 5564 3391 5634 patiare
3428 5574 3501 5619 est
3539 5564 3721 5619 multa
3748 5583 3880 5637 ρη-

2278 5654 2463 5710 dentice
2498 5670 2518 5709 :
2558 5655 2648 5719 qui
2684 5662 2857 5706 autem
2898 5650 3166 5721 impatiens
3194 5663 3270 5709 est
3312 5654 3464 5710 valde
3506 5654 3753 5725 insipiens
3798 5669 3877 5713 cst

2278 5744 2464 5819 (Prov.
2502 5744 2727 5819 14,29).
2762 5742 2828 5800 Et
2868 5738 2989 5799 cum
3021 5744 3153 5801 urbe
3194 5746 3397 5802 munita
3426 5746 3597 5817 ipsam
3652 5764 3870 5819 compa-
