4086 6340
393 305 495 362 277

1386 291 1455 351 1N
1491 291 1706 351 EPIST.
1748 292 1766 345 I
1832 290 1923 345 AD
1959 287 2117 345 COIi.
2158 287 2390 345 HUMIL.
2432 285 2672 342 XXXIII.

3571 279 3679 333 27R

394 438 521 479 rans
540 461 558 489 ,
607 419 860 476 tutiorem
908 428 1029 470 eam
1072 410 1163 467 illa
1191 421 1314 468 esse
1339 409 1475 466 dixit
1502 424 1519 463 :
1549 422 1674 464 nam
1702 415 1974 461 armatura
2083 400 2513 457 recordationem
2539 396 3099 469 injuriarmnincidat.
3128 395 3250 451 Ideo
3278 396 3389 465 ipsa
3422 394 3685 465 pharma.

399 512 648 586 quaedam
697 518 783 567 est
825 504 1277 579 inexpugnabilis,
1324 511 1382 559 et
1428 503 1744 557 inconcussa
1769 498 1931 553 turris
1959 537 1977 561 .

394 620 515 675 qua:
534 604 762 659 molesta
790 598 971 655 omnia
994 595 1152 654 facile
1174 595 1470 666 propulsat.
1498 591 1567 647 Et
1588 593 1728 647 sicut
1748 589 1981 655 scintilla

397 697 449 751 in
480 695 730 766 abyssum
757 689 1005 747 incidens
1026 730 1042 756 ,
1090 689 1235 744 illam
1262 686 1479 758 quidem
1510 684 1639 740 nihil
1668 682 1835 746 lmdit,
1865 682 1981 752 ipsa

398 802 529 843 vero
555 786 713 843 facile
728 783 1131 855 exstinguitur:
1159 781 1238 837 sic
1265 791 1320 835 et
1347 779 1400 833 in
1430 777 1716 847 patientem
1747 775 1982 829 animam

396 872 1105 952 quidquidiinexspectatum
1134 871 1354 938 incidit,
1384 870 1437 925 id
1460 868 1675 938 quidem
1703 866 1857 922 facile
1883 865 1983 920 de-

398 973 571 1037 letur,
607 972 751 1027 illam
780 984 913 1025 vero
958 968 1180 1022 minime
1232 963 1432 1019 turbat.
1463 961 1676 1017 Etenim
1726 957 1983 1027 patientia

395 1063 639 1119 omnium
688 1060 993 1116 ﬁrmissima
1038 1066 1123 1112 est
1172 1072 1187 1111 :
1232 1054 1443 1111 etiamsi
1490 1050 1759 1108 exercitus
1786 1048 1936 1103 dicas
1963 1087 1981 1115 ,

397 1153 609 1209 etiamsi
638 1165 768 1221 opes
787 1192 805 1217 ,
835 1148 1050 1205 etiamsi
1089 1160 1289 1217 equos,
1317 1158 1501 1199 muros
1525 1184 1540 1208 ,
1571 1155 1718 1195 arma
1743 1149 1800 1195 et
1825 1137 1985 1208 quid-

397 1246 482 1302 vis
508 1245 655 1300 aliud
680 1284 696 1310 ,
740 1243 872 1298 nihil
913 1242 1185 1311 patientia:
1214 1253 1309 1309 par
1352 1238 1521 1292 dices.
1563 1234 1697 1290 Nam
1742 1231 1834 1302 qui
1881 1229 1987 1283 illis

400 1337 693 1393 instructus
722 1343 782 1390 et
806 1332 1173 1389 circumdatus
1199 1336 1304 1395 est,
1332 1343 1362 1383 a
1391 1327 1570 1382 furore
1596 1338 1742 1394 saepe
1769 1334 1989 1390 correp-

400 1438 510 1493 tus,
541 1429 712 1483 instar
739 1426 886 1496 pueri
913 1424 1107 1479 debilis
1133 1421 1426 1486 evertitur,
1452 1427 1508 1474 et
1549 1418 1732 1473 omnia
1758 1414 1987 1471 tumultu

402 1535 466 1576 ac
492 1525 813 1589 tempestate
859 1514 1071 1584 replet:
1106 1512 1193 1568 hic
1240 1519 1421 1567 autem
1449 1520 1717 1579 tamquam
1750 1507 1803 1562 in
1830 1513 1988 1576 portu

401 1616 599 1671 sedens
623 1653 638 1676 ,
668 1608 935 1682 profunda
978 1606 1173 1661 fruitur
1221 1603 1645 1673 tranquillitate:
1677 1597 1888 1657 etiamsi
1934 1597 1988 1651 in

399 1707 657 1762 damnum
700 1700 998 1770 conieceris
1023 1740 1038 1764 ,
1086 1707 1293 1770 petram
1336 1712 1444 1752 non
1491 1694 1746 1758 movisti;
1776 1691 1990 1750 etiamsi

399 1797 781 1853 contumeliam
806 1793 1073 1857 intuleris,
1096 1791 1286 1846 turrim
1307 1805 1412 1844 non
1434 1786 1782 1848 concussisti;
1804 1784 1994 1840 etiam-

402 1888 448 1943 si
482 1889 663 1958 plagas
693 1884 984 1948 indixeris,
1014 1882 1355 1937 adamantem
1386 1894 1491 1933 non
1525 1878 1864 1949 percussisti.
1896 1876 1992 1931 Et-

402 1980 549 2033 enim
573 1976 879 2048 louganimis
907 1973 1029 2029 ideo
1057 1972 1272 2039 dicitur,
1303 1971 1427 2041 quia
1456 1970 1673 2040 longum
1706 1967 1992 2038 quemdam

402 2076 460 2124 et
490 2081 743 2138 magnum
768 2065 930 2120 habet
957 2063 1194 2118 animum
1221 2078 1236 2118 :
1265 2060 1407 2132 quod
1434 2068 1614 2116 autem
1647 2061 1862 2131 longum
1886 2067 1990 2120 est,

403 2160 567 2214 etiam
597 2171 849 2229 magnum
891 2154 1106 2210 dicitur.
1149 2151 1258 2208 Sed
1295 2151 1402 2208 hoc
1442 2151 1643 2207 bonum
1674 2165 1739 2206 ex
1771 2139 1994 2205 caritate

405 2250 578 2325 oritur
601 2290 618 2313 ,
644 2256 702 2304 et
734 2246 799 2303 iis
818 2288 835 2313 ,
865 2246 956 2317 qui
1001 2260 1120 2301 eam
1160 2243 1438 2316 possident
1466 2243 1662 2313 illaque
1702 2240 1953 2297 fruuntur
1977 2280 1992 2305 ,

411 2354 661 2410 magnam
710 2338 848 2409 parit
877 2337 1184 2393 utilitatem.
1230 2334 1310 2391 Ne
1341 2334 1471 2389 mihi
1502 2334 1648 2389 enim
1677 2332 1996 2405 desperatos

404 2431 647 2497 dixeris,
672 2431 763 2502 qui
793 2430 931 2485 mala
979 2430 1239 2485 iacientes
1264 2470 1281 2496 ,
1329 2444 1508 2497 neque
1553 2427 1820 2497 patientes
1863 2426 1999 2483 ilum

404 2522 728 2578 deteriores.
784 2520 884 2575 Hic
936 2535 1043 2574 non
1092 2535 1161 2575 ex
1212 2519 1469 2588 patientia
1522 2518 1714 2588 hujus,
1768 2519 1862 2574 sed
1929 2521 1998 2574 ab

411 2613 514 2677 iis,
545 2612 633 2681 qui
664 2610 753 2665 illa
782 2624 889 2663 non
936 2618 994 2663 ut
1038 2625 1134 2677 par
1162 2618 1308 2665 esset
1338 2617 1597 2675 utuntur,
1630 2607 1735 2664 hoc
1777 2609 1995 2664 accidit.

408 2702 488 2757 Ne
518 2701 695 2770 itaque
735 2700 865 2754 mihi
898 2699 997 2754 hos
1028 2698 1233 2755 dixeris
1256 2738 1273 2765 ,
1306 2699 1402 2756 sed
1429 2700 1858 2767 mansuetiores,
1907 2704 1998 2773 qui

410 2793 602 2863 magna
635 2792 757 2847 hinc
783 2792 1080 2847 lucramur.
1121 2790 1349 2858 Quando
1378 2793 1521 2847 enim
1550 2793 1694 2849 male
1740 2792 1999 2849 facientes

411 2902 519 2941 non
549 2886 687 2942 male
712 2887 1021 2956 patiuntur,
1052 2885 1305 2955 patientis
1334 2885 1799 2941 mansuetudinem
1826 2885 1999 2941 admi-

411 2990 593 3056 rantes
613 3019 629 3045 ,
662 2992 907 3049 magnam
934 2977 1058 3033 inde
1084 2976 1362 3032 Iucrantnr
1387 2975 1744 3047 philosophia
1791 2977 1998 3033 doctri-

410 3083 559 3123 nam.
610 3068 729 3138 Ipse
755 3083 884 3123 vero
914 3083 1020 3121 non
1055 3068 1141 3122 hic
1186 3068 1410 3139 gradum
1440 3067 1618 3133 sistit,
1651 3067 1749 3124 sed
1793 3076 1851 3125 ct
1895 3070 1997 3123 alia

411 3162 530 3232 ejus
558 3162 815 3232 praeclara
842 3168 993 3231 gesta
1038 3159 1315 3230 subjungit
1353 3160 1541 3216 dicens
1578 3177 1593 3215 :
1636 3160 1865 3231 Benigna
1901 3170 1998 3215 est.

411 3251 545 3321 Quia
575 3252 719 3308 enim
744 3251 965 3321 quidam
1006 3259 1133 3305 sunt
1155 3293 1170 3317 ,
1204 3251 1293 3321 qui
1326 3251 1583 3320 patientia
1623 3266 1731 3306 non
1756 3250 1832 3306 ad
1872 3265 1998 3320 pro-

414 3346 584 3416 priam
612 3344 1004 3415 philosophiam
1030 3352 1269 3410 utuntur,
1292 3343 1389 3398 sed
1413 3342 1479 3397 ad
1506 3343 1763 3399 ultionem
1787 3360 1999 3409 eorum,

412 3442 503 3508 qui
531 3437 679 3507 ipsos
707 3436 1021 3499 irritavere,
1055 3435 1266 3504 seipsos
1290 3434 1723 3505 disrumpentes,
1759 3437 1891 3491 dicit
1932 3438 1999 3490 il-

416 3530 521 3585 lam
552 3530 655 3585 hoc
686 3528 813 3583 vitio
840 3542 948 3582 non
979 3527 1245 3583 laborare.
1278 3527 1342 3582 Et
1392 3528 1513 3584 ideo
1541 3530 1815 3599 subiungit
1836 3571 1852 3596 ,
1898 3529 1998 3584 Be-

414 3623 569 3694 nigno
617 3628 706 3676 est.
756 3619 939 3688 Neque
981 3618 1125 3674 enim
1173 3620 1237 3675 ad
1283 3619 1679 3675 accendendam
1730 3620 1999 3676 ﬂammam

412 3728 600 3769 eorum
622 3712 711 3781 qui
739 3711 815 3766 ira
840 3712 1217 3775 incenduntur,
1237 3728 1359 3769 cum
1382 3713 1487 3767 illis
1514 3713 1794 3783 benignius
1814 3724 1999 3783 agunt,

414 3804 509 3858 sed
535 3802 601 3857 ad
632 3801 924 3858 sedandam
965 3811 1022 3859 et
1049 3803 1536 3875 exstinguendam;
1571 3821 1745 3875 neque
1798 3815 2003 3861 tantum

413 3908 677 3963 generose
707 3892 962 3957 ferendo,
1011 3894 1107 3950 sed
1153 3894 1314 3950 etiam
1346 3895 1585 3952 curando
1634 3909 1687 3953 et
1738 3898 2005 3955 hortando

416 3986 582 4044 ulceri
608 3984 891 4043 medentur
910 3994 961 4043 et
985 3988 1176 4043 vulnus
1203 3988 1295 4043 ira:
1325 3998 1533 4044 curant.
1566 3989 1687 4044 Non
1711 3991 2001 4046 muniatur.

419 4080 604 4135 Potest
632 4080 774 4134 enim
802 4080 998 4149 aliquis
1026 4081 1236 4149 patiens
1264 4097 1384 4137 esse
1430 4091 1483 4137 et
1527 4083 1739 4138 invidus
1763 4126 1777 4151 ,
1810 4094 1863 4138 et
1904 4085 2005 4141 hoc

423 4174 551 4229 vitio
578 4175 774 4229 bonum
793 4188 927 4243 opus
949 4173 1076 4227 illud
1093 4175 1472 4244 corrumpitur.
1493 4174 1597 4231 Sed
1620 4179 1729 4246 ipsa
1752 4177 1855 4232 hoc
1872 4194 2005 4249 quo-

419 4282 520 4337 que
549 4266 753 4337 effugit.
801 4266 923 4321 Non
951 4268 1058 4339 agit
1088 4284 1369 4338 perperam.
1402 4267 1456 4323 Id
1479 4279 1594 4336 est,
1630 4286 1737 4324 non
1768 4286 2006 4342 praeceps

420 4369 502 4414 est
531 4374 688 4413 :nam
719 4358 1034 4427 prudentem
1058 4360 1367 4415 redditeum
1398 4361 1486 4430 qui
1517 4362 1689 4433 diligit
1716 4374 1767 4417 et
1790 4380 2005 4433 gravem

421 4460 472 4504 et
492 4450 699 4520 placide
720 4450 1078 4505 incedentem.
1103 4451 1169 4504 Iis
1189 4452 1331 4505 enim
1352 4450 1440 4520 qui
1462 4456 1687 4521 turpiter
1706 4466 1885 4509 amant
1905 4456 2006 4510 hoc

423 4544 693 4611 proprium
718 4542 903 4595 vitium
927 4551 1043 4595 est:
1068 4543 1153 4609 qui
1180 4559 1306 4597 vero
1323 4546 1459 4597 hanc
1476 4546 1615 4597 πονο-ὕ
1642 4546 2002 4615 uacationem,

421 4638 486 4687 ab
509 4635 592 4690 his
614 4636 862 4689 carnibus
891 4637 1121 4696 maxime
1150 4636 1283 4691 liber
1310 4648 1412 4692 est.
1458 4639 1584 4691 “wn
1611 4655 1727 4693 sum
1759 4642 1900 4694 intus
1929 4642 2005 4695 ira

423 4744 527 4781 non
564 4729 722 4783 fuerit
744 4768 760 4792 ,
814 4730 1105 4797 petulantia
1137 4732 1312 4784 omnis
1338 4743 1392 4786 et
1422 4735 1744 4786 εικηῑυηοιειιξέ
1796 4734 2007 4788 sublata

422 4830 523 4875 est.
556 4821 767 4876 Etenim
798 4830 853 4873 ut
881 4821 1094 4889 quidam
1124 4824 1356 4889 optimus
1386 4823 1579 4892 agricrf
1600 4868 1613 4875 -
1650 4825 1789 4879 intus
1816 4826 2007 4880 anima:

424 4910 665 4966 insidens
686 4914 883 4967 caritas
912 4921 964 4966 et
989 4912 1228 4977 dilectio,
1254 4929 1359 4967 non
1388 4916 1516 4968 sinit
1545 4920 1677 4969 ullus
1704 4916 2007 4983 hujusmodi

422 5000 603 5070 spinas
620 5006 950 5071 germinare.
987 5000 1105 5055 Non
1132 5004 1363 5072 inﬂatur.
1396 5004 1605 5059 Etenim
1638 5008 1834 5060 multos
1862 5008 2007 5064 vide-

424 5104 541 5144 mus
563 5090 633 5144 de
660 5091 742 5145 his
769 5093 1040 5162 praeclaris
1070 5092 1321 5162 operibus
1342 5095 1506 5147 altum
1530 5097 1830 5163 sapientes;
1857 5115 2009 5153 nem—

427 5196 491 5250 pe
533 5180 675 5252 quod
721 5196 826 5235 non
870 5185 980 5238 sint
1024 5184 1189 5238 invidi
1240 5200 1412 5255 neque
1460 5185 1583 5239 mali
1633 5203 1805 5255 neque
1832 5191 2005 5257 pusilli

427 5271 586 5327 animi
616 5285 789 5341 neque
819 5275 1138 5340 petulantes.
1182 5275 1364 5345 Neque
1391 5277 1532 5331 enim
1558 5280 1729 5332 solum
1773 5295 1894 5333 cum
1924 5282 2005 5335 di-

429 5362 566 5418 vitiis
610 5370 666 5417 et
716 5360 1027 5432 paupertate
1073 5363 1185 5417 hac
1231 5367 1367 5420 mala
1401 5368 1691 5433 habentur,
1721 5360 1814 5424 sed
1845 5374 2008 5426 etiam

427 5465 545 5505 cum
572 5452 679 5507 illis
702 5468 819 5522 quze
848 5459 1035 5505 natura
1066 5463 1189 5508 sunt
1217 5454 1376 5509 bona.
1404 5458 1508 5513 Sed
1538 5462 1732 5515 caritas
1756 5474 2007 5518 accurate

431 5546 608 5599 omnia
632 5555 911 5615 expurgat.
947 5543 1197 5599 Animum
1224 5558 1400 5601 autem
1423 5551 1617 5606 adhibe
1646 5572 1656 5606 :
1682 5554 1771 5624 qui
1803 5558 2009 5623 patiens

442 5644 556 5700 est,
601 5650 707 5692 non
754 5650 835 5692 est
878 5639 1097 5693 omnino
1148 5638 1451 5707 benignus:
1499 5644 1639 5711 quod
1672 5647 1715 5700 si
1748 5648 2007 5718 benignus

435 5740 539 5781 non
569 5731 676 5796 sit,
710 5729 822 5784 haec
850 5748 932 5784 res
961 5741 1042 5785 est
1068 5731 1286 5798 vitium,
1318 5742 1372 5789 et
1412 5737 1703 5803 periculum
1736 5752 1819 5798 est
1862 5760 1926 5800 ne
1956 5746 2005 5801 in

765 5848 1051 5924 Parnon.
1088 5855 1203 5917 Gn.
1256 5860 1401 5922 LXI.

2080 508 2212 550 cum
2238 494 2373 550 dans
2392 535 2409 562 ,
2443 491 2824 562 benignitatem
2852 489 2976 545 dico
2995 530 3013 556 ,
3035 502 3222 558 puram
3245 494 3533 546 conservat
3564 485 3675 539 vir-

2093 594 2283 640 tutem.
2304 583 2538 639 Rursum
2563 582 2823 653 benignus
2862 593 3007 651 smpe
3033 578 3204 633 facilis
3222 585 3311 633 est
3329 618 3345 643 ,
3376 577 3471 631 sed
3497 584 3553 632 et
3579 574 3681 629 hoc

2092 675 2180 730 illa
2213 674 2475 745 corrigit:
2503 672 2704 727 Caritas
2751 671 2895 725 enim
2921 710 2938 738 ,
2983 668 3193 739 inquit,
3224 684 3328 722 non
3354 668 3460 739 agit
3501 682 3681 738 perpe-

2091 784 2201 821 ram
2222 809 2237 834 ,
2270 784 2372 821 non
2399 766 2631 834 inflatur.
2664 762 2768 831 Qui
2806 762 3069 832 benignus
3094 770 3150 815 et
3180 773 3385 828 pauens
3412 768 3516 822 est,
3537 771 3683 826 saspe

2091 872 2348 926 arrogans
2375 865 2460 911 est
2487 874 2499 910 :
2529 854 2625 911 sed
2652 863 2709 908 et
2738 853 2877 907 hanc
2906 852 3047 906 tollit
3077 852 3393 920 nequitiam.

2160 948 2215 1002 2.
2246 948 2311 1001 Et
2329 946 2596 1017 perpende
2621 943 2892 1014 quomodo
2911 957 3050 1006 eam,
3076 958 3182 995 non
3206 941 3367 995 modo
3391 938 3457 992 ab
3474 937 3540 992 iis
3558 952 3676 1005 quae

2094 1040 2293 1105 habet,
2316 1038 2413 1094 sed
2439 1038 2599 1092 etiam
2619 1035 2688 1089 ab
2716 1034 2781 1089 iis
2807 1049 2926 1104 quae
2954 1048 3059 1089 non
3083 1033 3245 1087 habet
3267 1036 3516 1085 exornet.
3545 1026 3680 1083 Dicit

2093 1132 2239 1185 enim
2269 1144 2388 1184 eam
2416 1136 2473 1182 et
2499 1128 2752 1181 virtutem
2806 1125 3058 1179 inducere
3106 1131 3161 1177 et
3185 1121 3442 1176 malitiam
3470 1118 3676 1174 exscin-
3701 1122 3704 1125 '

2092 1221 2222 1276 dere
2246 1236 2260 1285 ;
2288 1221 2395 1272 imo
2420 1232 2549 1271 vero
2571 1231 2637 1271 ne
2653 1216 2720 1270 ab
2745 1214 2895 1270 initio
2918 1213 3063 1269 nasci
3093 1203 3306 1283 quidem
3335 1211 3480 1265 sinit.
3499 1207 3685 1278 Neque

2093 1311 2236 1366 enim
2266 1308 2437 1373 dixit,
2467 1306 2776 1363 Emulatur
2805 1304 3053 1374 quidem,
3089 1301 3343 1357 invidiam
3370 1315 3497 1355 vero
3527 1311 3687 1367 supe-

2097 1410 2215 1465 rat;
2266 1414 2457 1469 nequc,
2495 1404 2766 1467 Arrogans
2815 1394 3031 1465 quidem
3073 1402 3189 1459 est,
3221 1393 3318 1449 sed
3366 1393 3468 1446 hoc
3498 1389 3689 1444 vitium

2092 1492 2349 1563 castigat;
2378 1490 2473 1545 scd
2493 1530 2510 1556 ,
2530 1487 2591 1557 Ν
2595 1504 2661 1541 οη
2698 1487 2993 1552 amittatur,
3018 1502 3119 1539 non
3140 1484 3246 1555 agit
3269 1498 3555 1555 perperam,
3582 1496 3685 1534 non

2094 1583 2302 1651 inﬂatur
2324 1597 2341 1635 :
2364 1578 2507 1648 quod
2532 1584 2714 1631 autem
2745 1575 2976 1630 maxime
2998 1574 3244 1629 mirabile
3273 1582 3375 1640 est,
3398 1573 3515 1627 sine
3544 1569 3693 1625 laboo

2098 1675 2247 1729 ribus
2270 1674 2410 1727 bona
2436 1670 2564 1725 facit
2587 1710 2602 1735 ,
2633 1678 2687 1723 ct
2711 1668 2831 1723 siue
2857 1668 3001 1723 bello
3032 1666 3117 1723 vel
3147 1667 3262 1721 acie
3290 1675 3553 1736 tropaeum
3583 1662 3692 1718 eri-

2095 1767 2192 1835 git.
2224 1763 2407 1832 Neque
2431 1762 2574 1815 enim
2608 1760 2801 1814 sudare
2825 1758 2956 1812 sinit
2984 1772 3105 1813 cum
3138 1757 3227 1827 qui
3256 1770 3316 1811 se
3346 1753 3603 1824 possidet,
3634 1761 3689 1807 et

2098 1857 2168 1910 ita
2209 1868 2466 1909 coronam
2501 1838 2913 1921 acciperefsed
2957 1849 3075 1905 sine
3119 1849 3304 1903 labore
3332 1848 3572 1903 bravium
3615 1845 3693 1901 illi

2098 1947 2291 2003 defert.
2321 1945 2424 2001 Ubi
2447 1946 2589 2000 enim
2619 1959 2725 1998 non
2751 1951 2837 1997 est
2860 1941 3231 1997 adversarium
3261 1940 3445 1995 vitium
3476 1947 3687 2007 tempe-

2098 2038 2238 2091 rauti
2264 2035 2609 2106 cogitationi,
2644 2035 2765 2104 quis
2790 2033 2944 2087 labor
2972 2030 3174 2086 fuerit?
3203 2031 3260 2089 5.
3305 2028 3430 2083 Non
3474 2028 3693 2096 dedecus

2098 2129 2192 2184 sibi
2223 2128 2402 2199 inferri
2432 2134 2598 2197 putat.
2631 2124 2771 2191 Quid
2796 2125 2940 2179 enim
2969 2122 3091 2179 dico
3111 2162 3127 2187 ,
3173 2121 3340 2192 inquit
3365 2162 3379 2187 ,
3412 2118 3557 2191 quod
3587 2133 3695 2174 non

2101 2218 2317 2273 inﬂetur
2340 2258 2356 2283 ,
2389 2215 2604 2286 quando
2632 2224 2839 2270 tantum
2864 2212 3030 2270 dis‘tat
3053 2212 3122 2268 ab
3149 2213 3250 2270 hoc
3282 2212 3433 2277 vitio,
3466 2220 3544 2277 ut,
3571 2223 3696 2265 eum

2102 2323 2200 2380 pro
2226 2307 2421 2363 dilecto
2440 2314 2683 2361 extrema
2715 2319 2871 2374 passa
2899 2304 3000 2369 sit,
3037 2318 3142 2359 non
3169 2302 3405 2359 dedecus
3432 2317 3554 2363 esse
3578 2292 3714 2357 rem

2103 2397 2430 2455 existimet?
2474 2396 2659 2468 Neque
2684 2396 2820 2451 dixit
2849 2410 3066 2451 rursum
3087 2436 3103 2463 ,
3138 2410 3245 2451 non
3293 2394 3546 2450 indecore
3572 2392 3696 2465 qui-

2102 2492 2226 2549 dem
2258 2492 2457 2561 patitur
2478 2532 2493 2557 ,
2542 2488 2638 2544 sed
2666 2486 2900 2543 dedecus
2925 2486 3033 2543 fert
3074 2501 3380 2558 generose;
3419 2484 3516 2541 sed
3545 2485 3694 2555 quod

2104 2600 2173 2639 ne
2199 2598 2414 2638 sensum
2443 2580 2660 2653 quidem
2690 2573 2975 2635 dedeceris
3017 2578 3237 2635 habeat.
3285 2577 3417 2633 Nam
3446 2578 3492 2632 si
3529 2592 3696 2647 pecu-

2104 2676 2208 2731 niae
2235 2683 2481 2729 amantes
2504 2715 2519 2741 ,
2550 2673 2810 2743 probrosa
2853 2673 3034 2727 omnia
3064 2688 3160 2743 pro
3188 2673 3275 2728 illa
3302 2670 3699 2745 cauponatione

2107 2767 2342 2823 ferentes
2365 2805 2382 2833 ,
2411 2780 2517 2819 non
2554 2764 2716 2831 modo
2746 2778 2853 2819 non
2881 2764 3209 2834 erubescunt
3232 2806 3247 2827 .
3281 2765 3377 2820 sed
3408 2765 3573 2819 etiam
3600 2777 3698 2819 ex-

2105 2858 2339 2921 sultant;
2368 2856 2536 2910 multo
2565 2855 2734 2925 magis
2760 2856 2826 2921 is,
2864 2854 2953 2924 qni
2982 2854 3304 2909 laudabilem
3333 2854 3473 2910 hanc
3506 2856 3703 2910 carita-

2110 2958 2216 3003 tem
2247 2947 2409 3003 habet
2432 2987 2447 3007 ,
2490 2960 2587 3016 pro
2615 2945 2936 3000 dilectornm
2984 2946 3278 3001 securitate
3307 2945 3442 3000 nihil
3474 2948 3700 3001 omnino

2108 3036 2410 3102 recusabit;
2458 3035 2569 3090 imo
2616 3050 2790 3105 neque
2856 3036 3065 3106 patiens
3118 3037 3417 3092 erubescet.
3468 3034 3578 3094 Sed
3632 3052 3701 3090 ne

2108 3146 2138 3182 a
2185 3145 2243 3184 re
2301 3128 2440 3183 mala
2494 3128 2799 3195 exemplum
2871 3125 3193 3194 aderamus,
3254 3127 3358 3182 hoc
3414 3128 3589 3198 ipsum
3646 3128 3697 3180 in

2106 3220 2323 3275 Christo
2372 3220 2779 3284 examinemus,
2830 3227 2887 3274 et
2942 3230 3070 3275 tunc
3125 3220 3253 3275 dicti
3305 3220 3415 3275 vim
3484 3220 3703 3288 conspi-

2107 3314 2331 3367 ciemus.
2378 3312 2636 3367 Dominus
2680 3314 2824 3367 enim
2868 3312 3024 3369 Jesus
3051 3311 3301 3369 Christus
3332 3312 3391 3368 et
3430 3320 3701 3382 conspue-

2106 3406 2264 3462 hatur
2307 3416 2361 3461 et
2404 3405 2648 3475 colaphis
2692 3406 3002 3460 caedebatur
3049 3422 3081 3460 a
3136 3406 3531 3462 miserabilibus
3585 3419 3699 3459 ser-

2106 3500 2223 3563 vis;
2255 3505 2311 3553 et
2348 3513 2454 3552 non
2500 3498 2662 3551 modo
2706 3513 2766 3553 se
2817 3499 3070 3554 indecore
3121 3515 3227 3554 non
3259 3516 3417 3570 agere
3447 3499 3698 3569 putabat,

2110 3588 2204 3643 sed
2239 3590 2400 3644 etiam
2445 3590 2784 3655 exsultabat,
2841 3605 3071 3660 eamque
3122 3607 3235 3645 rem
3282 3592 3505 3661 gloriam
3539 3606 3701 3644 voca-

2109 3678 2233 3742 bat;
2289 3687 2343 3731 et
2396 3677 2523 3732 dum
2574 3679 2835 3735 latronem
2898 3691 2952 3735 ct
3004 3680 3323 3736 homicidam
3376 3688 3502 3735 ante
3558 3682 3695 3735 alios

2108 3786 2293 3827 secum
2325 3770 2377 3825 in
2404 3770 2709 3841 paradisum
2740 3772 3138 3839 introduceret,
3170 3783 3225 3828 et
3255 3774 3593 3829 meretricem
3622 3774 3703 3828 al-

2111 3863 2455 3933 loqueretur,
2485 3862 2645 3932 idque
2674 3864 3151 3920 circumstantibus
3196 3865 3448 3921 omnibus
3476 3880 3700 3921 accusa-

2114 3954 2321 4010 toribus
2347 3954 2459 4009 suis
2480 3997 2494 4021 ,
2528 3970 2635 4010 non
2663 3958 2883 4031 putabat
2922 3973 3034 4011 rem
3072 3973 3193 4012 esse
3223 3967 3432 4026 turpem
3461 4000 3477 4025 ,
3509 3958 3603 4013 sed
3648 3968 3703 4013 et

2113 4046 2211 4114 ipsi
2240 4044 2401 4115 pedes
2424 4060 2551 4100 suos
2580 4047 2805 4115 prmbuit
2828 4049 3147 4103 osuulandos
3174 4089 3187 4113 ,
3219 4058 3274 4103 et
3301 4064 3496 4119 corpus
3524 4051 3697 4121 lacry-

2112 4136 2215 4189 mis
2268 4137 2595 4206 irrigaudum
2649 4140 2963 4209 capillisque
3016 4139 3377 4208 tergendum;
3428 4149 3481 4195 et
3512 4139 3614 4195 huc
3646 4141 3704 4195 in

2121 4226 2305 4281 medio
2336 4228 2569 4281 hostium
2597 4240 2647 4284 et
2680 4230 3018 4286 inimicorum
3052 4231 3285 4286 theatro.
3319 4230 3530 4288 Caritas
3560 4235 3704 4287 enim

2112 4330 2218 4370 non
2266 4316 2519 4373 indecore
2579 4334 2760 4375 secum
2820 4322 2902 4391 agi
2967 4330 3131 4390 putat.
3196 4322 3421 4393 Ideoque
3471 4335 3700 4395 patres,

2115 4411 2322 4465 etiamsi
2351 4410 2685 4480 philosophis
2709 4413 3123 4483 rhetoribusque
3149 4413 3397 4467 omnibus
3428 4427 3704 4484 prurstent,

2086 4518 2221 4557 «non
2267 4505 2590 4557 erubescunt
2620 4505 2779 4559 simul
2813 4505 3083 4560 balbutire
3109 4522 3229 4561 cum
3263 4506 3421 4573 ﬁliis;
3456 4518 3511 4563 ct
3544 4524 3702 4563 nemo

2115 4594 2406 4648 videntium
2439 4594 2487 4646 id
2521 4593 2885 4660 reprehendit,
2920 4596 3015 4650 sed
3042 4596 3176 4649 adeo
3209 4598 3427 4664 pulchra
3457 4614 3543 4652 res
3574 4614 3697 4653 esse

2114 4683 2361 4748 videtur,
2395 4693 2450 4736 ut
2481 4684 2523 4735 si
2552 4686 2714 4737 etiam
2747 4686 2797 4737 in
2844 4688 2998 4739 votis.
3034 4685 3102 4740 Et
3143 4688 3187 4742 si
3221 4704 3406 4743 rursus
3433 4690 3554 4742 mali
3588 4688 3705 4744 fue-

2118 4775 2216 4827 t-iut
2245 4815 2259 4839 ,
2296 4774 2347 4828 hi
2404 4784 2621 4827 manent
2662 4777 2993 4846 corrigentes
3016 4818 3030 4843 ,
3061 4789 3308 4833 curantes
3335 4820 3348 4845 ,
3390 4780 3582 4849 probra
3610 4796 3709 4834 eo-

2117 4881 2235 4919 rum
2267 4875 2580 4920 coercentes
2603 4908 2615 4932 ,
2649 4882 2751 4921 nec
2790 4868 2950 4937 pudet
2983 4870 3125 4925 illos.
3170 4871 3376 4927 Caritas
3402 4875 3552 4939 enim
3602 4891 3706 4931 non

2118 4956 2372 5021 indecore
2401 4958 2544 5027 agit;
2578 4959 2673 5013 sed
2704 4962 2855 5027 quasi
2887 4964 3067 5017 aureis
3093 4963 3412 5033 quibusdam
3440 4968 3563 5034 alis,
3584 4983 3705 5024 om-

2117 5049 2206 5103 nia
2236 5050 2552 5103 delictorum
2584 5063 2802 5119 peccata
2835 5054 3096 5124 contegit.
3126 5055 3214 5109 Sic
3244 5065 3300 5109 et
3329 5058 3581 5115 Davidcm
3611 5060 3707 5116 Joo

2117 5140 2306 5194 nalhas
2352 5141 2585 5204 amabat,
2633 5142 2960 5213 audiensque
3012 5155 3213 5212 patrem
3244 5148 3555 5216 dicentem,
3603 5152 3710 5206 Fili

2118 5230 2400 5297 puellarum
2445 5232 2577 5283 ultro
2627 5236 2969 5298 venientium,
3000 5234 3290 5302 e/feminale
3317 5241 3397 5311 (l.
3443 5242 3571 5313 Reg.
3613 5243 3704 5300 9.0.

2119 5320 2244 5388 50),
2282 5335 2386 5373 non
2421 5323 2807 5387 erubescebat,
2851 5325 2949 5378 etsi
2984 5328 3313 5398 turpitudine
3357 5334 3514 5400 plena
3544 5336 3707 5391 verba

2117 5419 2290 5463 erant.
2322 5408 2453 5465 Nam
2484 5412 2584 5465 hoc
2613 5413 2724 5465 vult
2752 5415 3053 5484 significare
3073 5462 3088 5485 ,
3120 5420 3220 5475 Fili
3246 5423 3706 5481 meretricularum

2120 5502 2170 5555 iu
2202 5504 2345 5556 viros
2373 5505 2768 5571 insanientium,
2794 5514 2858 5562 ad
2881 5521 3264 5579 prmtcreuutes
3286 5520 3705 5586 accurrentium,

2120 5604 2373 5649 encrvate
2394 5637 2409 5661 ,
2443 5596 2649 5661 mollis,
2682 5601 2770 5666 qui
2801 5601 2932 5655 nihil
2976 5605 3126 5659 virile
3153 5605 3321 5661 habes
3346 5649 3360 5673 ,
3391 5610 3484 5664 sed
3514 5612 3580 5665 ad
3608 5612 3706 5668 de-

2121 5683 2285 5738 decus
2316 5694 2500 5750 tuum,
2534 5698 2589 5742 et
2631 5690 2749 5759 ejus
2796 5694 2885 5764 qui
2932 5703 2982 5749 te
3029 5698 3239 5767 peperit
3291 5703 3514 5766 matris,
3548 5704 3704 5759 vivis.

2120 5775 2255 5842 Quid
2300 5776 2492 5848 igitur,
2524 5782 2758 5841 haeccine
2802 5804 2943 5856 a~gre
2985 5790 3131 5859 tulit,
3165 5802 3211 5846 ct
3261 5809 3371 5863 prre
3400 5796 3602 5864 pudore
3645 5812 3706 5856 se

3366 5883 3433 5943 18
