4086 6340
480 422 589 478 279

479 536 786 599 abscondit,
836 544 995 603 atque
1044 549 1071 585 a
1118 531 1317 585 dilecto
1367 528 1640 584 rccvssil?
1684 528 1879 581 Totum
1920 536 2065 579 certe

479 629 804 684 contrarium
856 626 1021 688 tecit,
1073 622 1141 675 de
1193 636 1378 675 amore
1430 619 1759 688 gloriabatur
1791 636 1804 671 :
1835 618 1934 672 etsi
1983 618 2072 671 ille

482 731 607 772 tunc
641 733 731 770 rex
760 724 913 777 erat,
948 716 1086 767 lilius
1114 728 1243 767 vero
1274 712 1415 780 regis
1456 710 1715 764 .lonathas
1741 751 1754 772 ,
1787 708 1947 761 David
1980 722 2072 760 au-

481 822 587 863 tem
620 808 893 878 fugitivus.
948 804 1052 859 Sed
1087 819 1263 873 neque
1294 804 1371 855 sic
1418 802 1486 856 de
1530 801 1763 855 amicitia
1809 797 2024 853 erubuit
2057 811 2072 848 τ

478 901 673 954 caritas
702 897 845 953 enim
878 912 985 949 non
1016 894 1266 948 indecore
1305 893 1435 961 agit.
1479 890 1609 945 Nam
1640 890 1741 945 hoc
1770 891 1821 943 in
1852 889 1939 943 illa
1971 887 2073 940 mi-

479 990 651 1043 rabile
702 998 820 1053 est,
869 987 1007 1056 quod
1057 984 1382 1039 contumelia
1414 983 1709 1045 affectum,
1758 996 1862 1035 non
1913 980 2073 1033 modo

481 1098 588 1137 tton
620 1082 761 1134 sinat
786 1079 969 1133 dolere
999 1086 1055 1132 et
1098 1076 1330 1130 ntorderi
1355 1116 1367 1137 ,
1406 1074 1500 1128 sed
1533 1074 1693 1127 etiam
1742 1082 1799 1127 ut
1842 1070 2075 1140 gaudeat

478 1173 695 1229 efﬁciat.
734 1170 964 1237 Ideoque
997 1170 1105 1235 ille,
1131 1177 1252 1237 post
1291 1166 1407 1219 [nec
1436 1169 1614 1219 omnla
1634 1205 1649 1227 ,
1681 1162 1835 1233 quasi
1871 1176 2071 1215 corona

477 1265 762 1320 redimitus
780 1304 797 1329 ,
825 1265 902 1317 sic
926 1262 1115 1315 abiens
1135 1259 1395 1313 Davidem
1422 1256 1734 1324 complexus
1756 1262 1858 1309 est.
1888 1252 2073 1320 Neque

479 1357 623 1411 enim
652 1356 853 1409 caritas
893 1354 994 1407 scit
1021 1352 1149 1421 quid
1182 1352 1244 1403 sit
1282 1349 1537 1417 probrum
1566 1364 1579 1398 :
1612 1346 1732 1400 ideo
1780 1344 1941 1399 etiam
1972 1344 2071 1397 sibi

479 1451 653 1522 placet
682 1448 734 1502 in
766 1462 833 1501 eo
853 1488 869 1513 ,
899 1446 965 1499 de
996 1459 1102 1512 quo
1132 1443 1267 1495 alius
1294 1440 1583 1495 erubescit.
1614 1437 1793 1491 Pudor
1820 1436 1961 1490 enim
1992 1445 2074 1489 est

482 1542 688 1596 nescire
737 1552 959 1599 amare,
1013 1544 1067 1587 et
1110 1542 1378 1587 amantem
1431 1546 1536 1584 non
1586 1544 1746 1583 omne
1776 1526 2071 1596 periculum

481 1636 629 1687 adire
670 1632 957 1700 omniaque
990 1627 1193 1697 perpeti
1226 1641 1320 1695 pro
1349 1624 1579 1679 dilectis.
1609 1622 1744 1677 Cum
1775 1620 1953 1675 omnia
1996 1620 2077 1672 di-

485 1744 587 1793 eo,
619 1742 683 1780 ne
716 1733 869 1794 putes
914 1738 999 1777 me
1024 1737 1087 1775 ea
1134 1735 1253 1790 qua:
1296 1728 1419 1773 sunt
1451 1717 1608 1771 noxia
1654 1716 1878 1779 dicere;
1932 1723 1990 1767 ut
2032 1713 2077 1765 si

485 1822 605 1890 quis
633 1818 849 1882 dixerit,
874 1831 933 1871 se
956 1814 1138 1884 juveni
1166 1828 1322 1883 apem
1354 1811 1495 1867 ferre
1516 1819 1574 1864 ut
1602 1810 1835 1879 potiatur
1861 1807 2073 1868 amica;

484 1923 574 1966 aut
602 1914 645 1967 si
673 1911 792 1980 quis
812 1908 953 1963 aliud
980 1907 1252 1977 quidpiam
1280 1905 1600 1959 damnosum
1630 1903 1803 1957 facere
1824 1901 2074 1970 postulet.

481 2003 612 2057 Nam
662 2002 751 2071 qui
797 2002 916 2055 talis
963 2010 1186 2053 estnon
1217 1997 1431 2065 diligit;
1462 2004 1519 2050 et
1563 1994 1666 2048 hoc
1712 2009 1883 2061 nuper
1926 1992 2078 2046 vobis

483 2096 691 2151 ostendi
724 2110 789 2147 ex
819 2092 1067 2162 [Egyptia
1112 2090 1358 2142 muliere.
1393 2086 1524 2140 Nam
1559 2085 1647 2139 ille
1687 2085 1835 2137 stilus
1863 2084 2033 2154 diligit
2061 2126 2075 2148 ,

485 2186 575 2256 qui
607 2202 668 2241 ea
696 2201 817 2255 qua:
846 2183 1043 2237 dilecto
1076 2180 1221 2233 utilia
1260 2187 1388 2232 sunt
1412 2176 1605 2247 quaerit
1632 2195 1644 2229 :
1682 2178 1751 2229 ita
1778 2186 1835 2229 ut
1875 2177 1916 2228 si
1960 2176 2079 2244 quis

488 2278 590 2331 hoc
613 2278 811 2329 bonum
844 2289 949 2325 non
982 2278 1239 2334 venetur,
1272 2268 1482 2323 etiamsi
1510 2268 1812 2321 sexcenties
1840 2267 1981 2319 dicat
2019 2281 2079 2320 se

488 2368 742 2436 diligere,
776 2364 1116 2417 inimicorum
1142 2360 1384 2415 omnium
1417 2360 1485 2412 sit
1532 2358 1954 2412 inimicissinms.
1990 2356 2079 2410 Sic

485 2470 540 2513 et
568 2458 694 2513 olim
740 2456 997 2521 Rebecca,
1024 2455 1146 2522 quia
1177 2453 1330 2508 valde
1354 2467 1382 2505 a
1414 2450 1524 2506 ﬁlio
1569 2450 1855 2520 pendebat,
1888 2459 1941 2504 et
1972 2448 2081 2502 fur-

490 2560 603 2603 tum
627 2548 751 2602 fecit
780 2558 833 2601 et
864 2562 967 2599 non
1003 2545 1218 2600 erubuit
1244 2558 1311 2599 ne
1340 2542 1841 2613 deprehenderetur
1863 2583 1876 2603 ,
1908 2556 2082 2608 neque

490 2642 665 2694 timuit
698 2655 712 2700 ;
750 2652 922 2706 neque
952 2637 1096 2691 enim
1126 2637 1249 2690 leve
1282 2633 1583 2706 periculum
1609 2640 1760 2696 erat;
1793 2631 1885 2685 sed
1920 2632 2081 2685 etiam

495 2734 606 2787 tilio
660 2741 991 2801 repugnante
1042 2739 1096 2783 et
1146 2727 1327 2783 verbis
1372 2740 1493 2780 cum
1547 2725 1637 2779 illa
1679 2724 2037 2780 contendente
2067 2767 2079 2788 ,

488 2824 622 2878 dixit
647 2842 661 2877 :
688 2823 753 2877 In
785 2839 863 2875 me
889 2822 951 2874 sit
981 2819 1270 2873 maledictio
1294 2830 1413 2881 tua,
1444 2816 1525 2885 ﬁli
1552 2815 1703 2889 (Gen.
1733 2815 1823 2870 27.
1863 2815 1972 2886 15).

561 2916 613 2967 5.
647 2912 891 2968 Vidistin‘
924 2910 1083 2965 etiam
1110 2914 1160 2963 in
1193 2909 1414 2963 muliere
1434 2910 1670 2963 animum
1696 2908 2081 2978 apostolicum?

492 3003 622 3058 Nam
649 3006 787 3056 sicut
830 3003 1033 3071 Optavit
1060 3001 1258 3055 Paulus
1299 3002 1382 3070 (si
1424 3002 1543 3070 quis
1572 3015 1794 3068 parvum
1823 3015 1941 3053 cum
1971 3014 2082 3052 ma-

489 3110 598 3165 gno
626 3093 900 3161 conferat)
935 3108 1030 3160 pro
1060 3090 1260 3145 Judzeis
1286 3090 1570 3143 anathema
1595 3105 1715 3143 esse
1754 3106 1767 3144 :
1794 3091 1871 3143 sic
1915 3098 1969 3142 et
1998 3090 2085 3143 illa

494 3200 551 3243 ut
586 3188 726 3243 ﬁlius
770 3184 1198 3247 benediceretur,
1227 3182 1389 3236 etiam
1419 3181 1664 3235 maledici
1692 3180 2084 3234 consentiebat.

503 3282 566 3335 Et
596 3281 669 3334 illi
697 3279 912 3349 quidem
970 3276 1123 3331 bonis
1169 3272 1432 3338 cedebat;
1476 3288 1582 3326 non
1638 3275 1781 3327 enim
1830 3288 1952 3327 cum
1996 3273 2087 3327 illo

495 3372 925 3428 benedictionem
954 3377 1235 3436 acceptura
1268 3374 1418 3426 erat;
1482 3366 1619 3418 mala
1649 3375 1828 3418 autem
1855 3364 1967 3433 ipsa
1996 3381 2088 3417 so-

500 3469 548 3521 la
571 3466 837 3519 sustinere
872 3471 1054 3531 parata
1083 3470 1199 3514 erat
1229 3478 1243 3515 :
1276 3470 1511 3513 attamen
1538 3440 1802 3529 gaudebat
1847 3470 1901 3513 et
1936 3475 2091 3529 urge-

502 3562 610 3625 bat,
635 3568 688 3613 et
717 3558 817 3611 hoc
837 3571 956 3609 cum
989 3563 1194 3609 tantum
1218 3553 1523 3607 immineret
1550 3553 1865 3621 periculum,
1897 3561 1950 3605 et
1976 3566 2091 3604 mo-

501 3664 613 3702 ram
657 3664 800 3719 aegre
833 3649 1055 3702 terebat.
1088 3645 1334 3701 Timebat
1377 3646 1541 3708 enim.
1577 3663 1644 3699 ne
1670 3646 1713 3698 si
1743 3645 2092 3714 pra-venisset

504 3741 666 3804 Esat‘t,
718 3755 906 3794 vanam
940 3740 1056 3808 ejus
1088 3738 1338 3793 redderet
1381 3738 1717 3807 sapientiam.
1766 3737 1891 3791 ideo
1932 3738 2090 3790 etiam

504 3833 666 3888 verba
698 3833 748 3885 in
781 3832 1156 3899 compendium
1188 3830 1376 3898 redigit
1402 3838 1453 3882 et
1486 3838 1637 3897 urget
1671 3828 2091 3893 adolescentem,

507 3936 556 3978 et
606 3933 893 3996 postquam
922 3924 1189 3992 prioribus
1223 3923 1597 3976 contradicere
1622 3922 1782 3985 sivit,
1831 3924 2092 3974 rationem

505 4016 659 4070 all'eit
682 4032 798 4083 quae
822 4014 1050 4068 sufﬁciat
1078 4012 1141 4066 ad
1172 4013 1620 4083 persuadendum.
1644 4011 1826 4081 Neque
1846 4013 1988 4066 enim
2017 4012 2097 4064 tli—

505 4110 611 4169 xit,
642 4105 860 4161 Frustra
896 4108 1011 4160 il:l!C
1038 4106 1205 4171 dicis,
1239 4115 1292 4160 et
1318 4108 1437 4160 sine
1481 4122 1641 4161 causa
1690 4105 1883 4159 metuis
1908 4147 1922 4171 ,
1972 4121 2095 4159 cum

507 4210 656 4268 pater
686 4207 806 4252 tuus
827 4199 1168 4252 consenuerit
1186 4209 1243 4252 et.
1265 4199 1413 4253 claro
1434 4214 1595 4253 sensu
1618 4201 1685 4252 sit
1719 4199 1979 4267 privatus;
2004 4198 2099 4251 sed

507 4290 667 4360 quid?
696 4289 761 4343 In
808 4306 885 4343 me
912 4291 975 4343 sit
1016 4292 1305 4345 maledictio
1350 4302 1456 4355 tua,
1484 4292 1599 4358 ﬁli:
1633 4300 1835 4343 tantum
1885 4305 1995 4343 rem
2046 4298 2102 4343 et

516 4385 706 4439 drama
732 4399 799 4438 ne
825 4386 1034 4453 perdas,
1088 4397 1261 4452 neque
1289 4391 1534 4436 venatum
1564 4381 1775 4433 amittas
1800 4422 1817 4447 ,
1858 4395 1956 4435 nec
1985 4380 2101 4433 the-

519 4495 733 4533 saurum
784 4478 996 4547 prodas.
1045 4476 1163 4545 lpse
1194 4489 1321 4529 vero
1360 4473 1526 4528 Jacob
1553 4489 1732 4526 annon
1762 4458 1861 4527 fuit
1890 4488 2092 4528 merce-

521 4573 701 4626 narius
730 4568 868 4639 apud
897 4576 1178 4637 cognatum
1203 4567 1282 4621 bis
1312 4575 1514 4634 septem
1543 4566 1755 4620 annos?
1782 4580 1958 4618 annon
1981 4580 2100 4619 cum

523 4652 800 4725 servitute,
834 4660 991 4713 etiam
1022 4674 1117 4726 pro
1146 4658 1232 4711 illa
1268 4658 1471 4711 fallacia
1508 4657 1636 4710 risui
1664 4656 1814 4710 erat?
1844 4656 1981 4723 Quid
2013 4672 2101 4709 (ξι-α

524 4754 630 4820 go?
653 4766 779 4805 num
793 4765 953 4804 sensu
974 4749 1198 4803 allectus
1220 4748 1382 4803 estob
1397 4745 1601 4801 risum?
1622 4762 1745 4799 num
1770 4763 1829 4801 se
1853 4747 2104 4800 indecore

534 4857 689 4911 agere
711 4844 932 4910 putavit,
958 4842 1099 4911 quod
1128 4841 1263 4895 liber
1291 4856 1410 4893 eum
1426 4848 1568 4893 esset
1593 4848 1648 4894 et
1664 4855 1728 4893 ex
1748 4840 1931 4894 liberis
1953 4849 2106 4894 natus

532 4946 595 4985 ac
616 4932 817 4985 liberali
826 4941 904 4986 ter
921 4932 1197 4997 educatus,
1225 4947 1343 5001 qua:
1361 4945 1639 4984 servorum
1661 4939 1813 4985 erant
1835 4945 2025 4999 passus
2040 4930 2110 4983 sit

531 5038 558 5076 a
590 5025 867 5092 cognatis?
897 5024 1039 5093 quod
1071 5026 1300 5077 maxime
1330 5023 1577 5077 mordere
1606 5008 1744 5077 solet
1784 5037 1903 5077 cum
1935 5022 2055 5091 quis
2081 5036 2108 5071 a

531 5114 671 5170 notis
717 5114 827 5166 suis
853 5116 1238 5170 contumelioSe
1268 5117 1462 5184 agitur.
1514 5114 1861 5184 Nequaquam
1901 5133 1914 5167 :
1950 5128 2107 5167 causa

532 5214 707 5261 autem
736 5214 851 5257 erat
871 5203 1106 5267 dilectio,
1129 5220 1248 5272 quae
1276 5216 1504 5272 tempus,
1535 5205 1843 5259 diuturnum
1875 5219 1995 5258 cum
2022 5219 2111 5258 es—

534 5306 637 5364 set,
659 5294 927 5351 modicum
958 5292 1087 5347 illud
1108 5293 1412 5346 exhibebat.
1448 5293 1610 5347 Erant
1633 5296 1787 5353 enim.
1818 5294 2007 5362 inquit,
2060 5295 2111 5346 in

531 5397 799 5459 conspectu
828 5386 936 5454 ejus
961 5384 1102 5452 quasi
1128 5384 1234 5435 dies
1270 5383 1417 5452 pauci
1443 5382 1595 5450 (Gen.
1623 5384 1711 5438 39.
1735 5385 1850 5452 20).
1883 5385 2110 5437 Tantum

540 5484 725 5533 aberat
754 5486 812 5532 ut
840 5474 1176 5530 morderetur
1192 5480 1245 5525 et
1260 5472 1605 5534 erubesceret
1624 5472 1690 5525 de
1710 5474 1807 5526 hac
1830 5474 2112 5527 servitute.

544 5573 667 5625 iure
687 5586 814 5639 ergo
834 5568 1043 5622 dicebat
1069 5566 1253 5620 beatus
1278 5564 1472 5620 Paulus
1506 5585 1518 5617 :
1550 5563 1747 5620 Caritas
1768 5583 1866 5618 non
1885 5567 2115 5619 indecore

544 5665 645 5732 agit
665 5679 685 5718 :
726 5678 825 5717 non
851 5658 1030 5730 qua’rit
1061 5672 1174 5727 quo:
1198 5673 1290 5710 sua
1306 5666 1443 5721 sunt,
1469 5672 1569 5709 non
1598 5657 1846 5710 irritatur.
1873 5656 2005 5711 Cum
2037 5656 2117 5711 di-

546 5760 706 5811 xisset
731 5756 894 5813 enim.
917 5769 1018 5805 non
1040 5751 1271 5805 indecore
1285 5750 1410 5820 agit,
1443 5749 1658 5802 modum
1684 5746 1843 5803 etiam
1861 5749 2115 5811 ostendit,

547 5860 653 5916 quo
683 5830 787 5899 non
817 5844 1061 5899 indecore
1086 5844 1214 5914 agit.
1245 5840 1375 5909 Quis
1421 5849 1595 5895 autem
1629 5839 1816 5895 modus
1856 5840 1945 5896 ille
1989 5849 2068 5893 est
2095 5845 2115 5890 τ

1204 415 1255 470 S.
1298 413 1575 469 JOANNIS
1612 406 2091 466 CUllYSOSTOMl
2129 409 2444 465 ARCIIIEP.
2486 412 3016 472 CONSTAN'I‘INUP.

3674 424 3779 477 ἔδυ

2185 526 2324 592 Quia
2357 542 2457 579 non
2481 529 2661 597 qua’rit
2689 545 2806 598 quc
2840 547 2935 585 sua
2959 543 3094 585 sunt.
3132 531 3390 588 Dilectum
3419 537 3564 591 enim
3594 543 3774 592 omnia

2186 615 2286 668 sibi
2318 631 2435 671 esse
2462 628 2634 688 putat,
2668 632 2720 673 et
2744 629 2869 675 tunc
2898 621 3150 677 indecore
3179 639 3239 678 se
3266 640 3424 694 agere
3451 638 3626 695 putat,
3652 643 3774 682 eum

2186 724 2291 763 non
2312 719 2487 777 potest
2514 713 2661 766 illum
2698 714 2950 769 indecore
2972 726 3214 783 agentem
3249 718 3511 784 liberare;
3545 719 3615 773 ita
3649 730 3705 774 ut
3731 724 3777 770 si

2182 799 2366 855 liceret
2395 818 2490 870 per
2517 804 2749 861 dedecus
2778 821 2931 860 suum
2962 806 3215 861 dilectum
3245 822 3399 864 suum
3423 811 3633 880 juvare,
3668 828 3775 866 non

2180 892 2306 946 illud
2336 894 2571 950 dedecus
2599 912 2720 952 esse
2751 908 2963 967 putaret
2995 916 3007 953 :
3034 900 3124 956 ille
3149 917 3382 971 namque
3409 904 3495 960 hic
3525 906 3643 975 ipse
3667 918 3772 961 est.

2181 983 2289 1039 lloc
2310 989 2838 1055 cstenimamicitia,
2884 1007 3006 1045 cum
3048 994 3093 1046 is
3131 996 3220 1062 qui
3252 995 3443 1065 diligit,
3498 1007 3554 1052 et
3603 999 3649 1052 is
3684 1014 3775 1067 qut

2178 1076 2439 1147 diligitur,
2467 1096 2573 1133 non
2601 1082 2706 1135 duo
2735 1080 2889 1136 divisi
2918 1092 3064 1150 sunt,
3096 1084 3191 1138 sed
3223 1100 3359 1140 unus
3386 1087 3549 1142 homo
3583 1106 3597 1142 :
3630 1092 3775 1158 quod

2181 1183 2285 1221 non
2333 1171 2569 1238 aliunde,
2612 1174 2706 1227 sed
2756 1189 2785 1226 a
2812 1174 3038 1230 caritate
3068 1177 3180 1230 sola
3208 1177 3461 1235 efﬁcitur.
3520 1179 3598 1234 Ne
3646 1197 3779 1245 ergo

2179 1274 2388 1327 quieras
2419 1262 2559 1330 quod
2590 1273 2735 1316 tuum
2759 1275 2845 1318 est
2866 1307 2881 1330 ,
2940 1275 2997 1319 ut
3029 1267 3271 1321 invenias
3314 1270 3455 1336 quod
3490 1279 3635 1324 tuum
3669 1283 3776 1328 est.

2180 1349 2278 1416 Qui
2305 1353 2447 1406 enim
2484 1354 2625 1423 quod
2654 1370 2810 1409 suum
2840 1368 2917 1411 est
2946 1360 3159 1426 qua'rit,
3190 1361 3331 1428 quod
3362 1375 3517 1416 suam
3548 1372 3630 1416 est
3669 1381 3777 1417 non

2183 1442 2403 1497 invenit.
2430 1443 2553 1499 Ideo
2578 1445 2775 1501 Paulus
2790 1447 3019 1512 dicebat,
3055 1449 3220 1506 Nemo
3248 1465 3442 1519 quau-at
3468 1456 3603 1522 quod
3629 1473 3779 1509 sttuit:

2182 1542 2274 1596 est,
2304 1535 2391 1585 sed
2418 1538 2759 1605 unusquisque
2783 1540 2918 1608 quod
2950 1543 3171 1609 proximi
3191 1553 3260 1597 est
3288 1546 3367 1614 (ι.
3392 1544 3512 1601 Cor.
3543 1547 3632 1601 10.
3656 1548 3777 1615 Si).

2182 1622 2403 1694 Propria
2442 1628 2585 1681 enim
2614 1630 2817 1683 utilitas
2847 1633 2897 1684 in
2948 1634 3179 1689 utilitate
3211 1637 3439 1703 proximi
3468 1638 3568 1691 sita
3597 1648 3703 1704 est,
3726 1652 3782 1694 et

2184 1718 2324 1773 illius
2371 1721 2570 1775 utilitas
2598 1724 2648 1776 in
2681 1724 2791 1777 illa.
2824 1725 3287 1792 Quemadmodum
3314 1745 3442 1799 ergo
3472 1732 3515 1785 si
3543 1734 3665 1801 quis
3687 1750 3783 1786 au-

2184 1823 2300 1861 rum
2332 1811 2604 1877 proprium
2635 1814 2687 1865 in
2715 1812 2877 1866 domo
2910 1817 3137 1882 proximi
3167 1818 3445 1873 defossum
3477 1821 3703 1887 habens,
3736 1825 3782 1876 si

2186 1898 2277 1952 illo
2306 1900 2525 1953 veniens
2554 1902 2604 1955 id
2623 1918 2868 1971 qumrere
2893 1914 2945 1958 et
2968 1905 3225 1963 defodere
3248 1914 3602 1976 recusaverit,
3628 1929 3785 1966 num-

2185 2006 2344 2060 quam
2368 1992 2542 2060 ipsum
2572 1994 2773 2048 videbit
2804 1998 2919 2051 :sic
2945 1999 3035 2068 qui
3068 2015 3173 2054 non
3203 2002 3319 2055 vult
3340 2002 3393 2056 in
3424 2005 3653 2071 proximi
3679 2007 3785 2060 uti-

2187 2083 2332 2139 litate
2350 2100 2501 2139 suam
2529 2088 2812 2143 utilitatem
2844 2106 3110 2159 quaerere,
3144 2109 3373 2149 coronas
3401 2095 3525 2151 huic
3566 2099 3644 2152 rei
3698 2105 3787 2153 de-

2187 2173 2325 2229 bitas
2354 2191 2461 2229 non
2494 2189 2878 2247 consequetur.
2920 2181 3131 2237 Etenim
3178 2184 3319 2238 Deus
3366 2186 3489 2241 ideo
3530 2186 3665 2241 illud
3711 2189 3784 2241 ita

2185 2267 2472 2337 disposuit,
2509 2280 2567 2324 ut
2606 2272 2772 2325 simus
2806 2283 2992 2328 mutuo
3008 2276 3269 2345 colligati.
3304 2279 3378 2332 Ac
3411 2279 3551 2334 sicut
3592 2281 3639 2334 si
3665 2281 3786 2349 quis

2187 2374 2411 2427 puerum
2444 2363 2866 2417 somniculosum
2895 2368 3159 2433 excitans,
3188 2367 3483 2425 utfratrem
3503 2383 3784 2441 sequatur;

2187 2452 2230 2503 si
2261 2466 2325 2504 ex
2359 2465 2417 2504 se
2453 2451 2619 2516 nolit,
2651 2454 2791 2522 quod
2827 2456 2926 2524 ipsi
2957 2456 3314 2513 desiderabile
3340 2470 3396 2513 et
3422 2462 3785 2530 expetendum

2189 2551 2273 2597 est
2305 2542 2466 2597 tradit
2496 2543 2679 2607 fratri,
2710 2557 2768 2600 ut
2798 2548 3095 2617 accipiendi
3120 2551 3412 2621 cupiditate
3438 2568 3559 2609 eum
3588 2555 3679 2625 qui
3711 2565 3784 2609 te'

2104 2697 2118 2711 ο
2191 2643 2284 2689 net
2323 2646 2579 2704 sequatur
2607 2679 2620 2697 .
2654 2638 2796 2707 quod
2824 2641 2983 2695 etiam
3025 2640 3259 2697 efficitur
3288 2662 3300 2698 :
3332 2645 3400 2698 ita
3431 2656 3485 2701 et
3527 2646 3613 2701 hic
3643 2651 3785 2715 quod

2194 2727 2476 2798 unicuique
2500 2730 2627 2783 utile
2657 2742 2759 2795 est,
2796 2732 3040 2799 proximo
3070 2734 3307 2801 tradidit,
3330 2747 3387 2790 ut
3410 2737 3535 2791 hinc
3556 2738 3693 2793 alter
3719 2742 3785 2793 ad

2191 2820 2416 2875 alterum
2445 2838 2810 2886 accurranms,
2847 2835 2901 2878 et
2931 2842 2999 2879 ne
3025 2828 3195 2881 simus
3223 2828 3439 2882 divulsi.
3467 2830 3597 2885 Etsi
3628 2831 3784 2889 velis.

2192 2910 2295 2965 hoc
2325 2920 2381 2966 et
2427 2914 2479 2965 itt
2508 2914 2660 2967 nobis
2687 2915 2807 2968 vide
2827 2916 2916 2983 qui
2949 2916 3216 2985 loquimur
3250 2936 3262 2970 :
3296 2920 3437 2986 quod
3466 2921 3610 2973 enim
3652 2922 3785 2976 mihi

2194 3001 2325 3055 utile
2352 3003 2532 3068 est,.iu
2565 3013 2616 3058 te
2646 3005 2807 3059 situm
2838 3015 2941 3069 est,
2983 3020 3039 3059 et
3066 3008 3208 3076 quod
3243 3009 3336 3061 tibi
3369 3010 3498 3063 utile
3522 3052 3538 3076 ,
3584 3012 3637 3065 in
3668 3028 3787 3067 me.

2195 3093 2313 3148 Tibi
2344 3096 2487 3150 enim
2513 3097 2648 3151 utile
2678 3107 2760 3151 est
2783 3106 2847 3152 ut
2870 3097 3122 3153 docearis
3154 3114 3213 3153 ea
3243 3116 3363 3169 qum
3398 3101 3511 3155 Deo
3541 3103 3786 3171 placent;

2194 3185 2289 3239 sed
2321 3185 2437 3241 lucc
2461 3202 2588 3241 cura
2616 3188 2745 3241 mihi
2767 3189 2967 3243 credita
2993 3188 3110 3255 fuit,
3131 3202 3187 3244 ut
3211 3198 3267 3245 tu
3286 3206 3317 3244 a
3346 3206 3432 3247 me
3459 3191 3509 3246 id
3530 3195 3788 3263 accipias,

2196 3278 2423 3347 ideoque
2452 3290 2669 3335 coactus
2718 3283 2791 3335 sis
2844 3282 2911 3336 ad
2943 3298 3029 3337 me
3054 3297 3338 3339 accurrere
3370 3302 3383 3338 :
3418 3294 3471 3340 et
3498 3286 3626 3341 mihi
3661 3272 3790 3342 uiile

2195 3381 2282 3426 est
2307 3381 2361 3426 ut
2387 3382 2439 3425 tu
2472 3375 2659 3426 melior
2680 3373 2963 3439 efﬁciaris;
2996 3390 3240 3445 magnam
3270 3378 3415 3432 enim
3434 3378 3555 3433 inde
3585 3395 3793 3435 merce-

2198 3464 2320 3518 dem
2351 3466 2639 3534 accipiatn;
2670 3466 2760 3519 sed
2782 3466 2883 3520 hoc
2903 3482 3085 3522 rursus
3110 3469 3160 3521 in
3189 3479 3239 3523 te
3266 3470 3424 3523 silum
3448 3480 3550 3535 est,
3582 3482 3637 3526 et
3668 3473 3791 3529 ideo

2202 3566 2254 3609 te
2295 3556 2554 3624 consequi
2591 3572 2775 3625 cogor,
2811 3567 2942 3612 utet
2973 3567 3028 3611 tu
3057 3559 3248 3613 melior
3270 3561 3365 3626 sis,
3397 3567 3453 3614 et
3497 3576 3597 3632 ego
3644 3567 3789 3633 quod

2201 3646 2330 3699 mihi
2385 3647 2512 3700 utile
2543 3656 2625 3701 est
2654 3663 2682 3699 a
2721 3658 2772 3701 te
2816 3648 3098 3717 accipiam.
3146 3649 3272 3704 Ideo
3308 3650 3519 3705 dicebat
3569 3650 3791 3717 Paulus,

2204 3741 2332 3805 Qua:
2351 3742 2482 3793 enim
2510 3757 2620 3794 mea
2647 3757 2761 3809 spes
2779 3742 2893 3795 est?
2926 3758 3094 3796 annon
3126 3759 3211 3797 vos
3230 3744 3255 3795 .9
3280 3752 3333 3797 et
3377 3758 3564 3799 rursus
3587 3786 3602 3811 ,
3663 3746 3794 3816 Spes

2201 3848 2332 3896 mea,
2354 3832 2594 3901 gaudium
2608 3842 2843 3891 meum,ct
2859 3849 3046 3885 corona
3060 3832 3378 3903 gloriatiom's
3394 3834 3789 3905 mea!(l.Tltcss.

2200 3922 2371 3975 2.19.
2402 3922 2515 3991 ‘20).
2550 3921 2733 3989 Itaque
2772 3921 2922 3974 Pauli
2959 3922 3209 3989 gaudium
3254 3922 3494 3991 discipuli
3524 3932 3700 3988 erant,
3739 3937 3795 3979 et

2204 4014 2372 4082 ipsius
2411 4015 2661 4083 gaudium
2704 4013 2775 4066 illi
2810 4012 3094 4067 habebant.
3120 4013 3244 4069 Ideo
3271 4016 3431 4069 etiam
3462 4016 3796 4086 lacrymaba-

2207 4117 2312 4168 tur,
2346 4106 2389 4159 si
2413 4108 2628 4175 quando
2652 4116 2943 4175 pereuntes
2977 4106 3204 4173 videret.
3239 4107 3472 4161 Rursum
3515 4108 3659 4177 quod
3689 4108 3797 4163 illis

2208 4198 2355 4259 utile,
2404 4199 2455 4249 in
2513 4195 2677 4250 Paulo
2706 4207 2823 4250 erat
2872 4214 2884 4248 :
2934 4208 3216 4266 prapterea
3266 4198 3655 4267 diccbatzl’ro
3708 4217 3799 4270 spe

2209 4291 2419 4344 lsraelis
2462 4292 2653 4343 cinctus
2681 4307 2792 4343 sum
2837 4290 2933 4343 hac
2966 4300 3143 4343 catena
3171 4290 3306 4360 (Act.
3324 4292 3415 4345 28.
3439 4290 3564 4360 20);
3592 4300 3645 4345 et
3671 4309 3796 4347 rur-

2210 4396 2350 4448 sum,
2380 4381 2502 4435 Ηατ
2554 4383 2720 4450 patior
2762 4391 2967 4451 prapter
3012 4382 3213 4448 electos,
3246 4392 3299 4435 ut
3350 4383 3503 4436 vitam
3555 4392 3797 4438 aternam

2212 4483 2579 4543 consequantur
2604 4473 2681 4544 (2.
2711 4471 2841 4525 Tim.
2872 4474 2927 4525 2.
2956 4472 3070 4541 10).
3102 4473 3212 4527 Hoc
3238 4475 3396 4527 etiam
3427 4473 3611 4529 videre
3635 4477 3796 4529 estin

2215 4564 2276 4617 iis
2303 4579 2423 4633 quae
2449 4564 2514 4617 ad
2556 4564 2715 4617 vitam
2748 4564 3016 4632 pertinent
3049 4582 3061 4617 :
3096 4580 3217 4617 natn
3243 4565 3339 4627 ait,
3376 4563 3565 4618 Mulier
3606 4568 3804 4635 proprii

2212 4657 2437 4723 corporis
2482 4664 2773 4723 potestatem
2825 4672 2926 4710 non
2958 4656 3123 4721 liabet,
3158 4674 3315 4727 neque
3335 4658 3447 4719 vir;
3490 4657 3578 4710 sed
3617 4657 3801 4709 mulier

2216 4748 2329 4810 viri,
2358 4756 2402 4799 et
2427 4747 2503 4798 vir
2528 4748 2753 4800 mulieris
2780 4747 2856 4818 (Ι.
2886 4745 3008 4801 Cor.
3044 4749 3095 4800 7.
3129 4747 3208 4819 4).
3235 4749 3308 4802 Ita
3332 4757 3387 4803 et
3411 4763 3508 4804 nos
3532 4763 3654 4802 cum
3698 4749 3799 4803 ali-

2216 4852 2351 4907 quos
2379 4835 2635 4907 colligare
2667 4838 2935 4903 volumus,
2965 4837 3068 4892 hoc
3105 4836 3326 4892 facimus
3359 4856 3371 4891 :
3404 4840 3676 4895 neminem
3717 4840 3797 4894 sui

2218 4930 2492 4982 dominum
2522 4928 2897 4996 relinquimus.
2928 4929 3022 4982 sed
3056 4928 3285 4983 mediam
3334 4930 3684 4987 extendentes
3711 4945 3785 4988 car

2220 5031 2418 5084 tenam,
2452 5020 2502 5073 id
2530 5019 2811 5076 efﬁcimus.
2862 5030 2918 5074 ut
2948 5020 3034 5075 hic
3066 5021 3135 5077 ab
3182 5022 3273 5075 illo
3299 5031 3355 5077 et
3377 5022 3467 5076 ille
3494 5022 3563 5074 ab
3595 5024 3697 5078 hoc
3723 5034 3798 5078 te-

2218 5124 2427 5168 neatur.
2456 5111 2547 5174 Vis
2577 5113 2678 5167 hoc
2705 5113 2868 5167 etiam
2920 5112 3103 5167 videre
3143 5113 3194 5165 in
3222 5112 3661 5181 magistratibus?
3698 5114 3795 5182 Qui

2215 5206 2436 5276 judicat,
2485 5222 2590 5260 non
2631 5206 2783 5260 sedet
2822 5204 2925 5259 sibi
2965 5205 3234 5273 judicans,
3266 5202 3361 5256 sed
3386 5217 3631 5271 quaarens
3657 5205 3794 5276 quod

2222 5297 2463 5365 proximo
2513 5295 2775 5349 conferat.
2831 5293 3035 5346 Rursus
3085 5292 3178 5360 qui
3226 5292 3332 5346 illis
3387 5292 3584 5348 subditi
3637 5304 3799 5354 sunt.

2220 5386 2363 5453 quod
2413 5386 2638 5454 principi
2690 5382 2931 5437 conferat
2979 5390 3244 5449 quaerunt,
3294 5397 3391 5452 per
3428 5384 3652 5448 cultum,
3705 5398 3800 5451 per

2222 5476 2579 5530 ministerium
2632 5486 2833 5543 perque
2873 5470 2976 5525 alia
3025 5472 3225 5525 omnia.
3270 5472 3467 5529 Milites
3514 5486 3612 5541 pro
3647 5473 3798 5528 nobis

2224 5582 2370 5621 arma
2392 5573 2638 5627 sumunt;
2664 5573 2883 5631 propter
2903 5576 3002 5617 nos
3025 5564 3166 5617 enim
3190 5564 3424 5633 pericula
3442 5562 3673 5617 adeunt:
3700 5578 3799 5619 nos

2224 5673 2320 5727 pro
2362 5659 2466 5712 illis
2496 5656 2707 5710 labores
2751 5654 3107 5725 suscipimus;
3138 5670 3169 5709 a
3197 5655 3349 5710 nobis
3376 5653 3520 5709 enim
3561 5654 3794 5711 aluntur.

2296 5754 2348 5805 4.
2392 5749 2586 5803 Carius
2623 5764 2654 5800 a
2697 5745 2865 5801 Paulo
2901 5749 3303 5802 commendatur.
3323 5775 3391 5787 -—
3416 5746 3471 5802 Si
3502 5756 3681 5803 autem
3708 5748 3786 5804 di-

2230 5844 2390 5909 xeris,
2423 5855 2854 5913 unumquemque
2878 5857 2973 5898 sua
3000 5850 3325 5913 qua-remora
3344 5838 3445 5899 hoc
3471 5839 3667 5904 facetia.
3697 5841 3791 5897 hoc
