4076 6336
135 565 240 623 Ξτθ

135 688 226 739 καὶ
253 685 355 756 τῆς
387 685 654 756 τεκούσης
709 703 768 739 σε
820 687 1027 757 μητρὸς
1060 685 1189 749 ξῶν.
1239 683 1304 736 Τί
1331 680 1458 747 ούνς
1487 682 1726 752 ἤλγησεν

135 771 226 822 ἐπὶ
253 767 469 832 τούτοις
497 769 590 821 καὶ
620 769 1008 839 ἐνεκαλύψατο,
1046 768 1142 820 καὶ
1171 765 1384 836 ἀπέστη
1414 764 1512 818 τοῦ
1545 763 1727 832 φιλου-

139 852 346 919 μένους
391 851 720 906 Τούναντίον
749 855 846 923 μὲν
874 849 967 906 οὖν
1002 852 1165 914 ἅπαν,
1200 851 1293 902 καὶ
1323 845 1730 910 ἐκαλλωπίζετο

135 937 211 1006 τῷ
247 936 493 1006 φίλτρῳ·
547 936 725 988 καίτοι
763 953 828 1003 γε
876 939 904 989 6
944 937 1041 1006 μὲν
1079 934 1332 1003 βασιλεὺς
1359 927 1428 1003 ἦν
1454 933 1597 994 τότε,
1635 932 1730 982 καὶ

137 1019 413 1087 βασιλέως
470 1021 585 1082 υίὸς
609 1022 637 1072 ὁ
679 1019 952 1080 Ίωνάθαν,
987 1020 1014 1070 6
1042 1017 1098 1070 δὲ
1135 1015 1312 1085 φυγὰς
1346 1016 1442 1068 καὶ
1471 1014 1676 1083 ἀλήτης
1705 1015 1732 1063 ὀ

136 1102 321 1156 Δαυῖδ.
365 1103 506 1154 Ἀλλ’
534 1104 653 1156 οὐδὲ
678 1103 850 1165 οὕτως
883 1101 1145 1171 ᾐσχύνετο
1182 1098 1348 1152 αὑτοῦ
1375 1101 1440 1168 τῇ
1478 1096 1650 1168 φιλίᾳ·
1696 1099 1728 1166 ἡ

137 1188 244 1256 γὰρ
271 1187 468 1256 ἀγάπη
495 1188 596 1239 οὐκ
621 1187 939 1256 ἀσχημονεῖ.
956 1183 1065 1236 Καὶ
1089 1183 1197 1252 γὰρ
1223 1182 1284 1234 τὸ
1309 1181 1622 1250 θαυμαστὸν
1639 1181 1726 1232 αὐ-

138 1270 234 1338 τῆς
267 1268 430 1322 τοῦτὸ
461 1273 630 1333 ἐστιν,
665 1271 746 1322 ὅτι
788 1266 880 1320 τὸν
931 1265 1286 1336 ὑϐριζόμενον
1325 1265 1385 1316 οὐ
1443 1264 1601 1332 μόνον
1627 1263 1727 1314 οὐκ

139 1352 370 1421 ἀφίησιν
401 1352 588 1419 ἀλγεῖν
621 1352 740 1405 οὐδὲ
758 1349 1074 1411 δάκνεσθαι,
1097 1349 1233 1402 ἀλλὰ
1267 1349 1362 1401 καί
1388 1347 1599 1417 χαίρειν
1626 1364 1728 1399 πα-

144 1434 498 1500 ρασκευάζει.
550 1436 648 1487 Διά
694 1434 756 1504 δὴ
804 1431 964 1486 τοῦτο
1014 1433 1108 1485 καὶ
1144 1432 1350 1493 ἐκεῖνος
1386 1429 1527 1499 μετὰ
1555 1428 1727 1481 ταῦτα

142 1517 379 1580 ἅπαντα,
410 1517 599 1588 ῶσπερ
635 1516 898 1584 στέφανον
928 1514 1328 1585 περικείμενος,
1357 1512 1532 1573 οὕτως
1564 1510 1728 1562 ἀπελ-

142 1598 251 1651 θὼν
283 1600 587 1670 περιεχύθη
630 1598 708 1667 τῷ
740 1598 921 1650 Δαυΐδ.
948 1598 1024 1650 Οὐ
1060 1597 1170 1667 γὰρ
1197 1593 1304 1649 οἶδε
1335 1595 1386 1647 τί
1421 1595 1549 1646 ποτέ
1579 1595 1726 1644 ἐστιν

143 1681 292 1753 [302]
325 1683 553 1752 αἰσχύνη
590 1683 622 1751 ἠ
655 1681 841 1749 ἀγάπη
861 1695 874 1708 ·
917 1680 1005 1733 διὰ
1035 1680 1192 1734 τοῦτο
1219 1680 1314 1733 καὶ
1340 1678 1725 1747 φιλοτιμεῖται,

144 1764 226 1832 ἐφ’
251 1761 335 1826 οἷς
379 1765 564 1834 ἕτερος
603 1763 1024 1830 ἐγκαλύπτεται.
1089 1762 1326 1843 Λίσχύνη
1376 1759 1504 1843 γὰρ,
1536 1758 1617 1843 τὸ-
1650 1757 1724 1825 μὴ

143 1846 342 1899 εἰδέναι
377 1846 572 1914 φιλεῖν,
602 1848 663 1900 οὐ
695 1847 756 1900 τὸ
793 1846 1050 1916 φιλοῦντα
1079 1840 1404 1899 κινδυνεύειν
1428 1842 1521 1894 καὶ
1551 1840 1726 1892 πάντα

144 1930 436 2000 ὑπομένειν
455 1930 594 1999 ὑπὲρ
618 1930 725 1982 τῶν
743 1931 1096 1999 φιλουμένων.
1129 1929 1310 1980 Πάντα
1331 1927 1387 1978 δέ
1408 1925 1534 1978 ὃταν
1564 1923 1725 1983 εἴπω.

148 2013 220 2084 μὴ
250 2014 501 2086 νομίσῃς,
528 2013 705 2066 καὶτὰ
729 2013 995 2081 ἐπιϐλαϐῆ
1019 2012 1216 2078 λέγειν,
1245 2004 1356 2060 οἷον
1376 2007 1429 2060 ετ
1449 2024 1532 2070 τις
1554 2005 1724 2075 λέγοι,

145 2097 248 2166 νέῳ
280 2097 653 2167 συμπράττειν
687 2099 765 2158 εἰς
813 2095 1119 2165 ἐρωμένην,
1153 2093 1185 2162 ἢ
1226 2091 1280 2144 εῖ
1307 2109 1388 2154 τις
1437 2089 1628 2160 ἕτερόν
1675 2106 1728 2141 τι

146 2181 439 2244 ἐπιϐλαϐἐς
467 2180 610 2242 ἀξιοῖ
652 2179 906 2231 διανδειν.
945 2179 1001 2229 ’0
1047 2177 1155 2246 γάρ
1185 2174 1424 2238 τοιοῦτος
1455 2175 1514 2227 οὐ
1551 2173 1723 2242 φιλεῖ·

145 2264 236 2316 καὶ
260 2263 420 2315 τοῦτο
449 2261 638 2331 πρῴην
672 2262 798 2330 ὑμῖν
837 2258 1010 2324 ἔδειξα
1040 2260 1147 2312 61:6
1178 2259 1275 2329 τῆς
1304 2258 1608 2327 Αἰγυπτίας
1634 2273 1729 2323 γυο

145 2345 350 2406 ναικός.
395 2345 507 2396 Καὶ
538 2343 647 2412 γὰρ
677 2344 881 2405 ἐκεῖνος
935 2343 1096 2411 μόνος
1147 2343 1292 2394 ἐστὶν
1323 2342 1351 2393 6
1388 2339 1578 2408 φιλῶν,
1607 2341 1635 2391 6
1661 2338 1732 2390 τὰ

145 2429 494 2499 συμφέροντα
523 2427 700 2496 ζητῶν
737 2426 814 2498 τῷ
869 2425 1210 2496 φιλουμένῳ·
1247 2425 1322 2488 ὡς
1365 2422 1420 2476 εί
1464 2441 1547 2486 τις
1575 2420 1731 2474 τοῦτο

147 2512 220 2582 μὴ
272 2511 494 2582 θηρεύοι
525 2511 586 2563 :6
630 2510 813 2574 καλὸν,
860 2509 963 2563 κᾶν
1022 2511 1286 2580 μυριάκις
1337 2507 1471 2580 λέγῃ
1531 2505 1728 2574 φιλεῖν,

146 2594 352 2665 ἐχθρῶν
386 2597 504 2647 ἐστι
540 2593 946 2663 πολεμιώτερος
975 2594 1213 2646 πάντων.
1246 2590 1401 2644 Οὕτω
1431 2592 1524 2643 καὶ
1552 2592 1584 2660 ἡ
1618 2589 1732 2641 ’νε-

147 2680 315 2732 6έκκα
343 2679 496 2739 ποτέ,
529 2677 716 2747 ἐπειδὴ
750 2677 956 2745 σφόδρα
986 2676 1252 2745 ἐξήρτητο
1274 2674 1367 2725 τοῦ
1401 2673 1609 2735 παιδὸς,
1637 2674 1733 2723 καὶ

148 2762 350 2832 κλοπὴν
381 2760 687 2831 εἰργάζετο,
741 2759 834 2810 καὶ
883 2759 984 2809 οὐκ
1023 2757 1288 2827 ᾐσχύνετο
1328 2755 1402 2825 μὴ
1443 2755 1577 2824 ἀλῶ,
1609 2756 1731 2806 οὐδέ

148 2843 432 2896 ἐδεδοίκει·
485 2843 579 2894 καὶ
625 2841 733 2910 γὰρ
783 2840 875 2892 καὶ
905 2838 1152 2903 κίνδυνος
1182 2835 1250 2909 ἦν
1300 2840 1397 2907 οὐχ
1449 2839 1478 2890 6
1516 2836 1728 2907 τυχὼν·

150 2926 282 2980 ἀλλὰ
313 2927 406 2980 καί¹
440 2925 533 2978 τοῦ
566 2925 754 2986 παιδὸς
785 2921 1307 2992 ἀκριϐολογουμένου
1358 2920 1494 2990 πρὸς
1539 2920 1734 2989 αὐτὴν,

160 3012 278 3064 Ἐπ’
307 3011 413 3082 ἐμὲ
446 3013 485 3079 ἠ
526 3009 755 3077 κατάρα
793 3024 932 3074 σου,
964 3006 1203 3072 τέκνον,
1239 3005 1448 3072 ἔλεγεν.

216 3193 288 3262 Υ.
303 3192 454 3257 Εἶδες
472 3192 566 3246 καὶ
586 3195 644 3245 ἐν
670 3192 891 3259 γυναικὶ
911 3189 1086 3260 ψυχὴν
1107 3189 1473 3258 ἀποστολικήν
1495 3205 1510 3254 ;
1545 3188 1735 3242 Καθά-

152 3295 255 3348 περ
279 3277 387 3348 γὰρ
405 3280 432 3330 6
453 3275 667 3337 Παῦλος
695 3274 865 3327 εἵλετο
892 3271 1076 3341 (ὡς’ἂν
1102 3273 1150 3324 εἰ
1175 3271 1396 3341 μεγάλῳ
1424 3289 1508 3334 τις
1539 3271 1734 3341 μικρὸν

151 3360 456 3432 παραϐάλοι
488 3360 506 3427 )
535 3359 675 3424 ὐπέρ
709 3356 978 3409 Ἰουδαίων
1007 3355 1256 3425 ἀνάθεμα
1280 3353 1558 3422 γενέσθαι,
1592 3351 1736 3405 οὕτω

151 3448 245 3499 καὶ
279 3442 438 3512 αῦτη,
477 3443 564 3494 ἵνα
619 3443 646 3494 6
696 3442 826 3502 παῖς
877 3439 1166 3509 εὐλογηθῇ,
1223 3438 1317 3491 καὶ
1360 3436 1735 3507 καταραθῆναι

153 3527 340 3581 εἶλετο.
373 3525 484 3579 Καὶ
508 3525 615 3576 τῶν
647 3522 747 3591 μὲν
784 3521 1009 3588 ἀγαθῶν
1051 3519 1244 3590 ἐκείνῳ
1274 3517 1621 3590 παρεχώρει·
1673 3520 1732 3571 o6

155 3610 262 3680 γὰρ
287 3609 350 3679 δὴ
387 3609 502 3677 μετ’
530 3606 740 3658 ἐκείνου
772 3603 1112 3671 εὐλογεῖσθαι
1142 3601 1337 3672 ἔμελλε
1363 3619 1374 3631 ·
1413 3602 1482 3655 τά
1503 3601 1560 3654 δέ
1588 3603 1735 3655 κακὰ

157 3693 290 3762 αὐτὴ
347 3695 481 3760 μόνη
533 3686 979 3758 παρεσκευάζετο
1023 3686 1316 3756 ὑπομένειν
1341 3703 1353 3715 ·
1408 3687 1524 3740 ἀλλ’
1585 3687 1734 3757 ὅμως

158 3776 338 3844 ἔχαιρε
393 3775 485 3826 καὶ
517 3771 799 3839 ἠπείγετο,
843 3771 938 3820 καί¹
982 3768 1154 3821 ταῦτα
1183 3770 1438 3822 τοσούτου
1489 3769 1734 3824 κινδύνου

160 3855 536 3928 προκειμένου,
559 3854 656 3906 καὶ
689 3854 753 3921 τῇ
786 3851 1044 3921 μελλήσει
1077 3850 1185 3902 τῶν
1208 3851 1550 3920 πραγμάτων
1580 3852 1736 3905 ἐδυσ-

160 3940 390 4010 χέραινε.
438 3935 548 3989 Καὶ
603 3933 713 4004 γὰρ
747 3932 1003 3986 ἐδεδοίκει
1045 3933 1119 4003 μὴ
1157 3932 1443 4002 προλαϐὼν
1485 3935 1513 3986 6
1564 3934 1735 3986 Ἡσαῦ

164 4023 391 4091 ματαίαν
419 4020 590 4089 αὐτῆς
623 4020 826 4089 ποιήσῃ
852 4015 948 4086 τὴν
980 4015 1188 4084 σοφίαν.
1215 4016 1306 4069 Διὸ
1336 4018 1429 4069 καὶ
1449 4017 1737 4087 συντέμνει

161 4107 224 4158 τε
262 4105 498 4176 ῥήματα,
530 4103 624 4154 καὶ
671 4099 879 4166 ἐπείγει
933 4099 1022 4152 τὸν
1060 4099 1360 4160 νεανίσκον,
1411 4101 1503 4152 καὶ
1541 4100 1738 4167 ἀφεῖσα

162 4188 426 4241 ἀντειπεῖν
466 4185 602 4254 1:96;
636 4183 706 4236 τὰ
733 4183 1017 4253 εἰρημένα,
1050 4183 1308 4252 λογισμὸν
1340 4184 1524 4236 ἰκανὸν
1554 4186 1737 4236 πείσαι

164 4269 318 4323 αὐτὸν
342 4269 507 4334 λέγει.
539 4267 673 4319 Οὐδὲ
699 4266 806 4334 γὰρ
839 4261 1012 4330 εἶπεν,
1050 4266 1185 4335 Εἰκῆ
1221 4265 1397 4319 ταῦτα
1437 4265 1615 4328 λέγεις
1645 4271 1738 4320 καὶ

166 4355 333 4422 μάτην
356 4350 623 4410 δέδοικας,
656 4344 752 4399 τοῦ
781 4348 989 4416 πατρός
1015 4365 1107 4400 σου
1138 4348 1514 4419 γεγηρακότος
1548 4351 1640 4403 καὶ
1678 4353 1740 4402 :6

163 4435 350 4504 τρανὸν
379 4432 481 4502 τῆς
517 4429 825 4498 αἰσθήσεως
869 4430 1248 4500 ἀφῃρημένου,
1299 4431 1437 4484 ἀλλὰ
1485 4432 1574 4496 τί;
1620 4434 1738 4485 Ἐπ’

163 4518 263 4585 ἐμὲ
292 4519 330 4584 ή
365 4513 593 4581 κατάρα
621 4527 761 4575 σου,
788 4509 1002 4563 τέκνον
1022 4529 1034 4541 ·
1091 4512 1249 4581 μόνον
1283 4513 1347 4563 σὺ
1385 4515 1460 4584 μὴ
1500 4514 1740 4582 διαφθείσ

170 4618 263 4673 ρης
289 4599 348 4654 :6
372 4599 574 4670 δρᾶμα,
632 4593 767 4665 μηδέ
804 4593 1076 4675 ἀπολέσῃς
1106 4595 1167 4646 :6
1198 4594 1446 4665 θήραμα,
1485 4596 1619 4666 μηδὲ
1648 4599 1738 4650 τὸν

168 4684 426 4755 θησαυρὸν
455 4680 689 4751 προδῷς.
722 4677 892 4740 Αὐτὸς
921 4677 979 4729 δέ
1004 4674 1157 4740 06:0;
1185 4679 1214 4729 6
1244 4678 1588 4751 Ἰακὼϐοὐχὶ
1615 4682 1742 4752 ὲθή-

168 4784 283 4820 τευε
321 4767 467 4837 παρά
490 4765 568 4835 τῷ
597 4763 850 4831 συγγενεῖ
888 4760 969 4822 δίς
990 4761 1085 4829 ἐτη
1113 4761 1284 4825 ἐπτά;
1319 4763 1440 4833 οὐχὶ
1478 4765 1614 4834 μετά
1643 4771 1739 4836 τῆς

169 4850 399 4912 δουλείας
427 4850 522 4900 καὶ
568 4849 778 4916 γέλωτα
821 4838 998 4912 ὦφλεν
1032 4845 1172 4914 ὑπὲρ
1215 4845 1312 4915 τῆς
1343 4847 1558 4918 ἀπάτης
1593 4851 1737 4900 ὲκεί-

169 4950 292 5001 νης;
328 4934 390 4984 Τί
423 4929 555 4995 06v;
605 4927 714 5001 ἆρα
746 4929 942 5000 ᾔσθετο
977 4926 1072 4979 τοῦ
1103 4927 1378 4995 γέλωτος;
1415 4926 1526 4999 ἆρα,
1565 4933 1738 5000 ἀσχη-

173 5017 342 5084 μονεῖν
372 5013 622 5083 ἐνόμιζεν
656 5015 739 5066 6::
767 5012 1050 5082 ἐλεύθερος
1078 5011 1152 5062 ὢν
1204 5013 1298 5063 καὶ
1341 5012 1399 5076 ἐξ
1441 5014 1740 5085 ἐλευθέρων

172 5100 258 5151 καὶ
281 5098 504 5167 τραφεὶς
530 5096 789 5162 εὐγενῶς.
822 5097 890 5149 τά
914 5095 1022 5148 τῶν
1055 5094 1255 5147 δούλων
1285 5094 1548 5165 ὑπέμεινε
1591 5099 1742 5169 παρὰ

171 5184 274 5244 τοῖς
302 5180 704 5251 προσήκουσιν;
753 5179 782 5231 6
813 5179 1048 5250 μάλιστα
1099 5178 1313 5231 δάκνειν
1355 5177 1566 5243 εἴωθεν,
1611 5181 1740 5232 ὅταν

175 5264 311 5335 παρά
344 5266 453 5326 τοῖς
489 5262 785 5331 γνωρίμοις
813 5280 897 5326 τις
924 5263 992 5314 τὰ
1026 5260 1365 5315 ἐπονείδιστα
1401 5261 1607 5334 πάσχῃ.
1637 5265 1743 5315 U6-

175 5348 362 5418 δαμῶς·
398 5346 460 5398 :6
493 5345 551 5396 δέ
583 5343 755 5396 αῐτιον
780 5347 813 5414 ή
854 5345 1066 5416 ἀγάπη,
1106 5345 1141 5416 ἡ
1174 5346 1266 5398 καὶ
1298 5343 1389 5396 τὸν
1416 5345 1607 5414 χρόνον
1643 5364 1740 5398 πο-

177 5431 264 5484 λύν
296 5432 424 5484 ὄντα
480 5427 661 5495 ὀλίγον
700 5427 996 5498 ἀπέφηνεν.
1021 5427 1218 5484 Ἦσαν
1259 5427 1400 5497 γὰρ,
1449 5427 1618 5498 φησὶ,
1648 5430 1744 5482 ὲνο

175 5512 349 5569 ὡπιον
380 5509 568 5567 αὑτοῦ
589 5508 736 5562 ὡσεὶ
765 5509 977 5578 ἡμέραι
1013 5514 1230 5582 ὀλίγαι.
1259 5513 1301 5564 Τ
1304 5512 1527 5564 οσοῦτον
1547 5512 1740 5583 ἀπεῖχε

176 5595 262 5648 τοῦ
291 5593 579 5650 δάκνεσθαι
634 5591 730 5644 καὶ
776 5592 1035 5663 ἐρυθριᾷν
1063 5597 1155 5647 ἐπὶ
1197 5599 1261 5667 τῇ
1296 5593 1509 5664 δουλείᾳ
1545 5594 1739 5666 ταύτῃ.

178 5678 400 5744 Εἰκότως
438 5674 532 5735 οὖν
561 5677 747 5745 ἔλεγεν
781 5677 810 5729 6
845 5678 1116 5748 μακάριος
1160 5681 1392 5744 Παῦλος,
1439 5675 1525 5732 '3'-
1539 5678 1741 5748 ἀγάπη

176 5761 643 5832 σῦκ’ἀσχημονεῖ
657 5779 672 5793 ·
707 5762 780 5814 οὐ
808 5758 967 5828 ζητεῖ
1000 5761 1074 5816 τὰ
1099 5762 1342 5831 ἑαυτῆς,
1377 5765 1450 5817 οὐ
1484 5763 1744 5830 παροξύ-

177 5863 346 5901 νεται.
408 5846 592 5903 Εἰπὼν
626 5847 755 5920 γάρ,
802 5845 883 5898 ὅτι
941 5848 1064 5901 Οὐκ
1109 5847 1465 5916 ἀσχημονεῖ,
1503 5847 1741 5902 δείκνυσι

178 5932 261 5982 καὶ
293 5930 378 5982 τὸν
406 5930 628 5999 τρόπον,
649 5931 719 5983 δι’
746 5929 806 5981 6v
829 5928 928 5981 οὐκ
956 5929 1274 6000 ἀσχημονεῖ.
1311 5931 1409 5995 Τίς
1448 5930 1504 5984 δέ
1546 5931 1575 5984 6
1615 5931 1742 6002 :96-

179 6029 302 6080 m;;
331 6013 448 6066 Ὀτι
486 6015 558 6066 οὐ
599 6011 762 6081 ζητεῖ
788 6011 859 6066 τὰ
891 6012 1132 6080 ἑαυτῆς.
1164 6013 1269 6066 Τὸν
1302 6014 1413 6083 γὰρ
1442 6012 1743 6086 ἀγαπώμεο

1143 564 1206 620 IN
1247 562 1463 619 EI‘IST.
1500 563 1517 613 1
1559 561 1649 614 Al)
1689 559 1849 614 ουκ.
1893 560 2126 621 IIOMIL.
2166 568 2408 627 XXXIII.

3309 572 3416 625 230

3313 611 3364 625 ,ζ

1833 703 1921 737 νον
1953 687 2131 741 πάντα
2159 686 2298 742 εἶναι
2322 691 2550 761 νομίζει,
2577 691 2671 744 καὶ
2689 690 2810 742 τότε
2834 691 3150 758 ἀσχημονεῖ,
3183 690 3308 742 ὅταν
3341 690 3416 760 μὴ

1831 769 2032 840 δυνηθῇ
2078 772 2386 837 ἀπαλλάξαι
2435 776 2639 827 ἐκεῖνον
2680 771 3126 842 ἀσχημονοῦντα·
3187 773 3262 836 ὡς
3320 774 3415 824 ἐὰν

1830 854 1924 923 ἐξῇ
1959 854 2110 927 [503]
2144 855 2234 908 διὰ
2260 856 2361 925 τῆς
2391 855 2774 926 ἀσχημοσύνης
2799 856 2898 926 τῆς
2925 853 3118 908 ἐαυτοῦ
3157 855 3247 906 τὸν
3276 857 3414 923 ἀγα-

1836 936 2083 1007 νεώμενον
2127 938 2429 1007 ὠφελῆσαι,
2480 940 2600 992 οὐδέ
2653 939 3037 1009 ἀσχημοσύνην
3073 937 3135 989 :6
3179 939 3415 1006 πρᾶγμα

1833 1017 1971 1074 εἶναι
1995 1020 2208 1090 νομίζει
2230 1038 2243 1052 ·
2278 1023 2484 1086 ἐκεῖνος
2515 1023 2623 1094 γὰρ
2659 1022 2822 1085 αὐτός
2858 1023 2975 1074 ἐστι
3003 1019 3211 1074 λοιπόν.
3246 1018 3420 1073 Τοῦτο

1833 1105 1943 1173 γάρ
1980 1105 2095 1156 ἐστι
2136 1104 2307 1172 φιλία,
2363 1106 2559 1176 μηκέτι
2615 1099 2755 1158 εἶναι
2798 1103 2889 1157 τὸν
2912 1102 3170 1173 φιλοῦντα
3208 1102 3301 1156 καὶ
3327 1101 3420 1154 τὸν

1834 1187 2156 1256 φιλούμενον
2205 1187 2300 1240 δύο
2334 1188 2717 1258 διῃρημένους,
2749 1185 2865 1240 ἀλλ’
2917 1188 3014 1241 Eva:
3050 1185 3174 1240 τινὰ
3208 1184 3419 1256 ἀνθρω-

1834 1289 1934 1325 πον
1957 1289 1970 1302 ⁸
2004 1274 2141 1343 ὅπερ
2193 1271 2509 1342 οὐδαμόθεν,
2560 1271 2673 1324 ἀλλ’
2709 1270 2741 1340 ἢ
2771 1270 2880 1323 61:6
2902 1274 3002 1340 τῆς
3026 1270 3248 1340 ἀγάπης
3279 1267 3424 1336 γίνε-

1831 1375 1940 1410 ται.
1980 1357 2072 1426 Μὴ
2107 1357 2287 1410 τοίνυν
2318 1355 2472 1425 ζήτει
2501 1354 2562 1407 :6
2593 1355 2705 1417 σὺν,
2756 1354 2842 1406 ἴνα
2885 1351 3053 1424 εῦρῃς
3091 1351 3154 1404 :6
3198 1352 3309 1405 σόν.
3364 1351 3422 1404 ’0

1829 1437 1939 1508 γὰρ
1981 1438 2163 1507 ζητῶν
2191 1439 2253 1491 τὸ
2283 1437 2501 1504 ἐαυτοῦ,
2551 1437 2650 1506 οὐχ
2688 1436 2934 1508 εὑρίσκει
2967 1436 3028 1487 τὸ
3061 1433 3280 1490 ἐαυτοῦ.
3330 1433 3422 1486 Διὸ

1830 1521 1924 1573 καὶ
1967 1522 1995 1572 6
2046 1519 2259 1583 Παῦλος
2307 1519 2482 1588 ἔλεγε,
2541 1518 2763 1584 Μηδεὶς
2796 1518 2860 1571 τὸ
2892 1517 3113 1572 ἑαυτοῦ
3160 1515 3418 1589 ζητείτω,

1829 1605 1992 1658 ἀλλὰ
2033 1603 2098 1656 τὸ
2147 1604 2253 1658 τοῦ
2308 1603 2583 1671 πλησίον
2621 1603 2904 1668 ἕκαστος.
2947 1602 3021 1655 Τὸ
3062 1601 3172 1669 γὰρ
3224 1602 3421 1653 οἰκεῖον

1833 1686 2110 1755 συμφέρον
2137 1687 2195 1738 ἐν
2233 1685 2310 1753 τῷ
2335 1686 2427 1738 τοῦ
2458 1685 2686 1753 πλησίον
2719 1684 3051 1755 συμφέροντι
3097 1687 3296 1746 κεῖται,
3327 1681 3421 1735 καὶ

1830 1769 1891 1821 :6
1919 1768 2128 1820 ἐκείνου
2164 1770 2222 1820 ἐν
2253 1768 2449 1838 τούτῳ.
2476 1769 2689 1839 ’Ὠσπερ
2727 1766 2820 1822 οὖν
2850 1770 2903 1821 εἴ
2926 1787 3007 1832 τις
3046 1768 3266 1839 χρυσίον
3292 1767 3422 1820 ἴδιον

1831 1855 1888 1906 ἐν
1921 1855 1987 1921 τῇ
2024 1852 2173 1921 οἰκίᾳ
2200 1854 2267 1922 τῇ
2299 1852 2393 1903 τοῦ
2429 1852 2654 1919 πλησίον
2684 1853 3106 1922 κατωρυγμένον
3149 1853 3197 1904 εἰ
3228 1869 3424 1920 παραι-

1831 1938 1976 1988 τοῖτο
2011 1934 2180 1987 ἐλθὼν
2217 1936 2332 1987 ἐκεῖ
2383 1934 2566 2004 ζητεῖν
2620 1937 2716 1988 καὶ
2771 1935 3113 2005 ἀνορύττειν,
3166 1935 3420 1988 οὐδέποτε

1833 2019 1964 2071 αὐτὸ
1995 2018 2206 2087 ὄψεται·
2245 2017 2387 2071 οῦτω
2417 2019 2509 2071 καὶ
2539 2017 2773 2071 ἐνταῦθα
2811 2020 2839 2071 6
2875 2017 2948 2087 μὴ
2978 2017 3302 2088 βουλόμενος
3329 2019 3424 2070 καὶ

1836 2107 1892 2156 ἐν
1919 2104 1987 2172 τῇ
2016 2101 2110 2154 τοῦ
2145 2101 2370 2171 πλησίον
2397 2101 2636 2172 ὠφελείᾳ
2666 2101 2728 2153 :6
2778 2102 2973 2152 οἰκεῖον
3025 2100 3304 2171 συμφέρον
3331 2099 3426 2168 ζη-

1835 2188 1970 2246 τεῖν,
2020 2187 2121 2237 οὐκ
2162 2184 2505 2247 ἐπιτεύξεται
2558 2183 2665 2236 τῶν
2698 2183 2840 2254 ὑπὲρ
2879 2183 3071 2237 τούτου
3119 2184 3422 2252 στεφάνων.

1837 2270 1946 2321 Καὶ
1971 2268 2081 2336 γὰρ
2118 2270 2146 2321 6
2175 2268 2306 2331 Θεὸς
2336 2267 2425 2320 διὰ
2450 2269 2608 2321 τοῦτο
2638 2268 2812 2331 οῦτως
2836 2269 2969 2322 αὐτὸ
2997 2268 3318 2338 κατέθηκεν,
3339 2269 3427 2321 ἵνα

1834 2345 1984 2419 ῶμεν
2013 2351 2266 2420 ἀλλήλοις
2295 2352 2688 2420 συνδεδεμένοι.
2733 2352 2842 2404 Καὶ
2873 2351 3064 2421 ῶσπερ
3101 2369 3185 2414 τις
3217 2350 3428 2404 παιδίον

1837 2435 2072 2505 ὐπνηλὸν
2123 2435 2410 2505 διεγείρων
2454 2435 2534 2505 τῷ
2567 2435 2786 2506 ἀδελφῷ
2827 2435 3269 2499 κατακολουθεῖν,
3299 2435 3428 2490 ὅταν

1834 2519 2044 2573 οῖκοθεν
2074 2519 2147 2589 μὴ
2180 2518 2440 2588 βούλοιτο,
2470 2519 2530 2571 :6
2557 2519 2895 2589 ἐπιθυμητὸν
2923 2518 3074 2589 αὐτῷ
3104 2520 3196 2573 καὶ
3227 2519 3425 2591 ἐπέρα-

1838 2620 1962 2656 στον
1988 2601 2280 2671 ἐγχειρίζει
2307 2600 2386 2671 τῷ
2409 2600 2644 2670 ἀδελφῷ,
2681 2601 2767 2652 ἵνα
2815 2601 3083 2671 ἐπιθυμίᾳ
3111 2601 3207 2654 :06
3244 2602 3427 2654 λαϐεῖν

1836 2685 2153 2758 καταδιὼκῃ
2198 2685 2290 2738 τὸν
2338 2684 2660 2754 κατέχοντα,
2692 2683 2720 2736 ὃ
2758 2683 2821 2754 δὴ
2859 2684 3229 2752 καὶγίνεται·
3285 2683 3430 2738 οὕτω

1837 2770 1928 2822 καὶ
1971 2769 2202 2822 ἐνταῦθα
2235 2769 2296 2821 :6
2345 2767 2562 2838 ἑκάστῳ
2595 2767 2876 2838 συμφέρον
2917 2767 2995 2838 τῷ
3038 2767 3265 2838 πλησίον
3295 2767 3426 2820 ἐδω-

1837 2869 1953 2911 κεν,
1998 2853 2085 2903 ἵνα
2131 2851 2376 2921 ἀλλήλων
2409 2850 2661 2904 ἐντεῦθεν
2713 2851 3160 2922 κατατρέχωμεν,
3208 2853 3304 2904 καὶ
3354 2851 3428 2921 μὴ

1835 2928 1988 3004 ὦμεν
2019 2933 2429 3002 διεσπασμένοι.
2488 2935 2599 2985 Καὶ
2650 2935 2699 2986 εἰ
2749 2934 2953 3002 βούλει,
2999 2933 3158 2986 τοῦτο
3204 2935 3298 2988 καὶ
3344 2934 3427 3002 ἐφ’

1837 3019 1992 3090 ἡμῶν
2049 3017 2123 3070 ἰδέ
2161 3017 2270 3069 τῶν
2319 3016 2608 3084 λεγόντων·
2667 3017 2730 3069 τὸ
2770 3017 2880 3089 γάρ
2913 3018 3038 3087 ἐμοὶ
3070 3020 3346 3088 συμφέρον
3375 3022 3430 3070 ἐν

1839 3105 1920 3156 σοὶ
1951 3105 2148 3168 κεῖται,
2186 3102 2281 3155 καὶ
2312 3101 2374 3155 :6
2411 3101 2495 3154 σοὶ
2524 3100 2855 3164 λυσιτελοῦν,
2895 3103 2951 3155 ἐν
2983 3100 3121 3171 ἐμοί.
3169 3101 3280 3154 Καὶ
3321 3102 3430 3171 γὰρ

1837 3189 1922 3241 σοὶ¹
1961 3187 2226 3257 συμφέρει
2273 3187 2335 3239 :6
2364 3185 2710 3239 διδάσκεσθαι
2756 3185 2824 3239 τὰ
2868 3185 2944 3256 τῷ
2983 3181 3102 3254 Θεῷ
3133 3183 3427 3248 δοκοῦντα,

1837 3271 1972 3325 ἀλλὰ
2015 3271 2173 3324 τοῦτο
2209 3268 2540 3339 ἐπιστεύθην
2569 3266 2702 3336 ἐγὼ,
2728 3270 2816 3323 ἵνα
2863 3271 2993 3340 παρ’
3031 3267 3164 3339 ἐμοῦ
3200 3269 3264 3321 σὺ
3297 3269 3430 3322 66:6

1837 3355 2029 3424 λάϐῃς,
2071 3355 2165 3406 καὶ
2208 3352 2296 3405 διὰ
2329 3350 2486 3404 τοῦτο
2530 3351 2880 3421 ἀναγκασθῇς
2912 3352 3139 3423 δραμεῖν
3174 3352 3262 3405 ἐπ’
3294 3354 3423 3422 ἐμέ·

1838 3438 1933 3490 καὶ
1969 3437 2091 3505 ἐμοὶ
2138 3435 2430 3506 συμφέρει,
2460 3435 2522 3488 :6
2558 3434 2616 3486 σὲ
2669 3433 2866 3502 βελτίω
2909 3435 3192 3502 γενέσθαι·
3241 3435 3431 3505 μισθὸν

1837 3522 1945 3591 γὰρ
1980 3519 2171 3573 τούτου
2197 3519 2442 3588 λήψομαι
2476 3516 2673 3570 πολύν·
2707 3516 2844 3569 ἀλλά
2864 3517 3026 3570 τοῦτο
3069 3517 3230 3570 πάλιν
3258 3523 3430 3573 κεῖται

1838 3607 1895 3657 ἐν
1928 3604 2030 3666 σοὶ,
2069 3605 2162 3656 καὶ
2190 3603 2277 3656 διὰ
2318 3602 2478 3655 τοῦτο
2521 3600 2909 3670 ἀναγκάζομαί
2956 3617 3014 3652 σε
3050 3600 3430 3659 καταδιώκειν.

1839 3690 1924 3741 ἵνα
1958 3690 2022 3740 σὺ
2070 3684 2136 3761 ᾗς
2184 3687 2446 3757 βελτίων..
2465 3688 2558 3739 καὶ
2593 3686 2652 3738 :6
2685 3687 2810 3755 ἐμοὶ
2840 3685 3120 3755 συμφέρον
3151 3685 3302 3754 παρά
3337 3685 3430 3738 σοῦ

1838 3771 2124 3841 λαμϐάνω.
2185 3772 2275 3823 Διὸ
2333 3772 2426 3824 καὶ
2477 3770 2690 3832 Παῦλος
2738 3768 2922 3836 ἔλεγε,
2992 3771 3102 3832 Τίς
3138 3768 3250 3838 γάρ
3311 3771 3430 3838 μού

1837 3857 2008 3909 ἐστιν
2036 3856 2074 3922 ἡ
2109 3855 2325 3919 ἐλπίς-ς
2364 3853 2402 3920 ἢ
2454 3853 2592 3920 οὺχί
2620 3852 2720 3905 καί
2753 3851 2926 3920 ὑμεῖς
2939 3867 2956 3914 ;
2993 3851 3098 3913 καὶ,
3133 3852 3318 3912 πάλιν,
3365 3851 3434 3903 ’11

1839 3939 2014 4004 ἐλπίς
2046 3955 2186 4006 μου,
2229 3936 2329 3990 καὶ
2360 3936 2397 4001 ἡ
2435 3934 2593 4004 χαρά
2625 3953 2766 4004 μου,
2798 3935 2896 3987 καί
2929 3937 2961 3987 ό
2983 3933 3288 4001 στέφανος
3319 3933 3431 4001 τῆς

1842 4021 2200 4091 καυχήσεως
2219 4039 2360 4090 μου.
2395 4020 2556 4072 Ὥστε
2590 4021 2622 4090 ὴ
2673 4017 2886 4070 Παύλου
2917 4015 3061 4087 χαρά
3093 4017 3142 4069 οἰ
3193 4015 3430 4086 μαθητοιί

1839 4102 2000 4176 ἦσαν,
2028 4106 2122 4158 καὶ
2143 4106 2242 4174 τὴν
2275 4106 2484 4157 ἐκείνου
2517 4103 2693 4174 χαρὰν
2724 4105 2922 4154 ἐκεῖνοι
2956 4096 3120 4170 εἶχον.
3154 4100 3253 4153 Διὰ
3276 4100 3433 4153 τοῦτο

1842 4191 1935 4244 καὶ
1969 4189 2254 4259 ἐδάκρυεν,
2296 4189 2349 4240 εί
2389 4205 2519 4240 ποτε
2544 4183 2683 4238 είδεν
2711 4184 3144 4254 ἀπολλυμένους.
3181 4183 3351 4237 Πάλιν
3372 4184 3432 4234 :6

1842 4273 2063 4326 ἐκείνων
2093 4271 2370 4341 συμφέρον
2401 4272 2458 4322 ἐν
2486 4269 2564 4339 τῷ
2598 4268 2796 4338 Παύλῳ
2827 4264 2894 4339 ἦν
2921 4284 2933 4296 ·
2986 4266 3066 4319 διὸ
3099 4266 3194 4318 καὶ
3224 4266 3431 4334 ἔλεγεν·

1854 4355 2034 4424 Ὑπὲρ
2068 4354 2179 4423 τῆς
2201 4354 2449 4419 ἐλπίδος
2477 4352 2581 4406 τοῦ
2617 4351 2866 4419 Ἰσραὴλ
2893 4351 3010 4418 τὴν
3041 4349 3271 4405 ἤλυσιν
3302 4351 3434 4403 ταύ-

1843 4457 1956 4505 την
2004 4441 2372 4507 περίκειμαι·
2436 4437 2530 4488 καὶ
2585 4434 2769 4496 πάλιν,
2817 4434 3011 4488 Ταῦτα
3064 4430 3280 4501 πάσχω
3332 4432 3433 4484 διὰ

1844 4523 1984 4588 τοὺς
2010 4521 2481 4587 ἐκλεκτοὺς,ἵνα
2519 4517 2669 4586 ζωῆς
2707 4518 2951 4571 αἰωνίου
2985 4516 3232 4583 τύχωσι.
3261 4513 3434 4567 Τοῦτο

1844 4607 1938 4658 καὶ
1976 4607 2068 4657 ἐπ)⁵
2111 4605 2221 4657 τῶν
2246 4601 2514 4673 βιωτικῶν
2561 4602 2663 4654 ῐδοι
2707 4618 2792 4663 τις
2837 4600 2940 4653 ἄν·
2985 4601 3058 4652 ’11
3104 4596 3214 4664 γὰρ
3251 4596 3429 4661 γυνὴ,
3509 4638 3514 4643 .

1846 4689 1999 4756 φησὶ,
2031 4688 2140 4741 τοῦ
2181 4687 2334 4740 Ιδίου
2366 4687 2640 4752 σώματος
2669 4685 2782 4735 οὐκ
2816 4677 3180 4743 ἐξουσιάζει,
3217 4675 3361 4729 οὐδὲ
3399 4679 3432 4729 ό

1843 4771 2020 4837 ἀνὴρ.
2052 4772 2192 4824 ἀλλ’
2223 4771 2261 4834 ὴ
2294 4766 2448 4835 γυνὴ
2480 4765 2590 4818 τοῦ
2619 4763 2865 4830 ἀνδρὸς,
2896 4761 2996 4814 καί
3045 4763 3077 4812 ό
3124 4758 3281 4828 ἀνὴρ
3323 4757 3432 4812 τοῦ

1842 4854 1952 4920 τῆς
1982 4851 2291 4921 γυναικός.
2335 4847 2492 4901 Οῦτω
2520 4847 2616 4901 καὶ
2644 4848 2806 4918 ἡμεῖς
2839 4846 2968 4898 ὅταν
2990 4841 3144 4907 τινὰς
3172 4842 3434 4913 συνδῆσαι

1844 4935 2180 5004 θελήσωμεν,
2219 4932 2380 4983 τοῦτο
2442 4929 2728 5001 ποιῶμεν·
2776 4928 2970 4982 οὐδένα
3014 4925 3208 4981 ἑαυτοῦ
3241 4926 3430 4995 κύριον

1844 5017 2097 5086 ἀφίεμεν,
2131 5015 2266 5070 ἀλλά
2295 5015 2468 5086 μέσην
2493 5013 2686 5068 ἅλυσιν
2721 5012 3078 5074 ἐκτείνοντες,
3113 5007 3308 5061 τοῦτον
3340 5009 3431 5059 ὐπ’

1845 5105 2052 5155 ἐκείνου
2105 5101 2197 5154 καὶ
2245 5101 2452 5153 ἐκεῖνον
2501 5099 2606 5151 61:6
2640 5098 2833 5151 τούτου
2887 5092 3208 5166 κρατεῖσθαι
3248 5106 3432 5158 παρα-

1848 5186 2206 5254 σκευάζομεν.
2259 5183 2446 5236 Βούλει
2503 5183 2596 5234 καὶ
2649 5181 2742 5233 ἐπί
2788 5180 2894 5231 τῶν
2940 5175 3219 5246 ἀρχόντων
3273 5169 3433 5254 τοῦτο
3513 5244 3520 5251 ι

1849 5273 2012 5334 ἰδεῖνς
2055 5253 2116 5322 Ὀ
2142 5265 2380 5330 δικάζων
2420 5267 2519 5335 οὐχ
2551 5263 2729 5332 ἐαυτῷ
2761 5260 2998 5330 κάθηται
3035 5255 3256 5324 κρίνων,
3294 5253 3433 5308 ἀλλά

1843 5354 1904 5406 :6
1932 5352 2038 5406 τῶν
2071 5349 2298 5419 πλησίον
2332 5348 2614 5418 συμφέρον
2661 5344 2862 5415 ζητῶν.
2897 5343 2958 5395 Οἰ
2992 5340 3287 5410 ἀρχόμενοι
3321 5338 3432 5393 πά-

1845 5438 1927 5489 λιν
1955 5435 2014 5487 :6
2042 5433 2119 5502 τῷ
2147 5432 2367 5502 ἄρχοντι
2419 5430 2696 5500 συμφέρον
2751 5424 2975 5495 ζητοῦσι
3008 5425 3095 5476 διὰ
3131 5423 3231 5502 τῆς
3263 5423 3431 5492 θεραο

1847 5520 2025 5580 πείας,
2049 5493 2137 5568 δίά
2287 5493 2583 5575 διακονίας,
2605 5493 2695 5562 διὰ
2725 5493 2830 5561 τῶν
2856 5507 3032 5562 ἄλλων
3058 5493 3332 5566 ἁπάντων.
3364 5505 3428 5556 Οί

1847 5600 2178 5673 στρατιῶται
2211 5600 2352 5671 ὑπὲρ
2385 5595 2540 5667 ἡμῶν
2565 5589 2705 5648 ὅπλα
2731 5592 2971 5647 τίθενται
2997 5609 3008 5621 ·
3050 5590 3118 5644 δι’
3146 5590 3294 5660 ἡμᾶς
3317 5587 3426 5659 γὰρ

1845 5685 2242 5742 κινδυνεύουσιν
2257 5702 2270 5716 ·
2318 5685 2480 5753 ἡμεῖς
2504 5682 2646 5751 ὺπέρ
2663 5680 2887 5732 ἐκείνων
2910 5673 3426 5747 ταλαιπωρούμεθα·

1846 5771 1972 5844 παρ’
2001 5769 2162 5839 ἡμῶν
2199 5770 2308 5836 γάρ
2337 5767 2523 5830 αὐτοῖς
2551 5767 2609 5818 αἰ
2639 5763 2858 5834 τροφαί.

1914 5854 1973 5906 δ’.
2003 5851 2155 5925 [504]
2186 5852 2250 5905 Εί
2268 5851 2324 5904 δὲ
2351 5849 2546 5917 λέγεις,
2571 5849 2653 5902 ὃτι
2689 5847 2750 5900 τδ
2774 5847 2972 5898 οἰκεῖον
2991 5841 3171 5910 ζητῶν
3199 5841 3431 5925 ἐκαστος

1845 5922 2191 6000 τοῦτοήποιεῖ,
2228 5951 2386 5987 τουτο
2433 5935 2524 5987 καὶ
2573 5929 2686 5998 ἐγὼ
2733 5928 2898 5996 λέγω,
2946 5926 3060 5982 ἀλλ’
3091 5928 3173 5979 δτι
3213 5923 3302 5978 6:6
3333 5922 3427 5977 τοῦ

1847 6018 2131 6084 ἀλλοτρίου
2162 6018 2222 6070 τὸ
2249 6019 2445 6069 οἰκεῖον
2470 6015 2803 6085 εὑρίσκεται.
2835 6010 2905 6063 ’Ὀ
2929 6025 2988 6062 τε
3017 6009 3125 6084 γάρ
3156 6005 3422 6077 στρατιῶ-
