4076 6336
52 309 134 365 isi
1012 276 1019 281 ’ί
1049 310 1118 369 IN
1155 310 1373 368 EPIST.
1419 310 1435 363 I
1504 308 1593 361 AD
1632 312 1646 363 ι

1753 312 1785 363 ι.
1830 310 2060 368 HOMIL.
2104 311 2344 369 XXXIII.

55 428 198 482 etiam
216 440 325 497 ego
344 424 488 494 dico;
505 425 603 484 sed
621 427 743 500 quia
782 439 881 500 per
899 426 1136 484 alienum
1169 440 1325 483 suum
1346 425 1635 482 invenitur.

56 517 193 592 lf'tles
221 516 399 583 enim,
431 516 536 572 nisi
560 515 761 573 bellum
791 526 943 589 gerat
965 532 1065 588 pro
1104 516 1169 573 iis
1197 517 1290 588 qui
1322 516 1500 586 ipsum
1545 532 1642 572 nu-

60 610 212 679 triunt
234 649 253 674 ,
289 623 403 664 non
434 607 595 664 habet
620 610 709 681 qui
756 606 861 665 hoc
892 610 990 680 ipsi
1034 609 1303 667 ministret
1332 625 1347 662 :
1378 608 1465 664 hic
1511 625 1644 664 vero

57 715 249 770 rursus,
276 701 386 756 nisi
416 702 641 758 militem
662 701 807 767 alat,
841 718 959 760 non~
976 701 1135 756 habet
1160 702 1343 770 quise
1367 699 1640 757 defendat.

62 794 300 849 Vidistin‘
325 794 604 850 caritatem
633 794 834 865 ubique
877 805 1154 850 extensam
1185 805 1240 849 et
1266 794 1444 848 omnia
1471 793 1647 849 admi—

57 886 368 963 nistrantem
386 884 535 941 ‘iSed
562 900 631 940 ne
676 883 986 963 defatigeris
1014 883 1188 939 donec
1237 882 1375 939 hanc
1425 899 1642 938 auream

54 960 288 1031 catenam
319 975 595 1033 didiceris.
628 976 761 1032 Cum
791 960 1018 1030 dixisset
1061 974 1207 1031 enim
1233 1017 1249 1041 ,
1300 973 1423 1030 Non
1464 974 1644 1044 quaerit

53 1083 155 1135 qua!
176 1083 277 1135 sua
314 1076 453 1134 sunt,
475 1068 607 1124 dicit
644 1080 831 1123 rursus
858 1064 999 1120 bona
1026 1082 1149 1137 qua:
1175 1065 1299 1121 inde
1326 1076 1643 1122 nascuntur.

52 1164 300 1229 Quaenam
336 1162 469 1218 illa?
499 1161 622 1218 Non
644 1162 895 1225 irritatur,
929 1176 1032 1215 non
1052 1161 1242 1231 cogitat
1268 1161 1481 1215 malum.
1513 1159 1644 1216 Vide

54 1269 260 1311 rursum
288 1271 411 1312 eam
440 1270 546 1311 non
572 1254 746 1310 solum
770 1254 822 1309 in
850 1253 1035 1309 vitium
1064 1253 1351 1323 imperare,
1373 1253 1639 1310 sedetiam

52 1362 147 1400 non
176 1346 365 1411 sinere
388 1356 445 1401 ut
471 1347 588 1413 ejus
616 1345 900 1415 imperium
926 1346 1205 1401 consistat.
1234 1345 1351 1401 Non
1382 1346 1525 1401 enim
1554 1346 1640 1401 di-

53 1439 137 1501 xit,
156 1438 410 1493 lrritatur
424 1436 773 1508 quidem,sed
803 1445 1058 1507 superat;
1091 1436 1208 1503 sed,
1235 1436 1350 1492 Non
1372 1436 1637 1503 irritatur;

50 1544 216 1599 neque
242 1528 403 1593 dixit,
434 1524 550 1582 Non
594 1536 848 1597 operatur
901 1527 1122 1593 malum,
1178 1527 1396 1592 scd,Ne
1444 1529 1642 1599 cogitat

50 1623 277 1692 quidem.
311 1621 451 1675 Nihil
491 1620 635 1676 enim
668 1612 792 1675 mali
820 1638 924 1674 nou
950 1621 1111 1676 modo
1133 1637 1236 1675 non
1266 1628 1509 1689 apparat,
1544 1618 1641 1673 sed

52 1730 111 1769 uc
138 1712 449 1785 suspicatur
498 1710 714 1782 quidem
769 1711 1032 1768 adversus
1080 1727 1204 1768 eum
1244 1712 1335 1781 qui
1381 1710 1638 1781 diligitur.

48 1804 329 1872 Quomodo
363 1819 496 1877 ergo
537 1814 758 1876 operata
810 1803 1014 1869 fuerit,
1046 1814 1138 1859 aut
1164 1802 1436 1874 quomodo
1462 1799 1637 1858 irrite-

52 1910 146 1961 tur,
179 1912 307 1969 quae
350 1913 418 1951 ne
466 1897 827 1968 suspicionem
872 1895 1089 1967 quidem
1144 1894 1338 1951 malam
1370 1895 1645 1969 suspicere

48 1988 185 2053 velit,
222 1986 372 2043 unde
395 1986 517 2043 fons
540 1999 625 2045 est
646 1987 884 2043 amoris?
913 1986 968 2042 6.
1002 1984 1127 2040 Non
1150 1986 1337 2058 gaudet
1361 2003 1517 2057 super
1542 1988 1645 2041 ini-

48 2079 246 2146 quitate.
299 2064 416 2135 Hoc
438 2088 542 2146 est,
572 2096 679 2136 non
708 2080 809 2149 ipsi
859 2079 1035 2149 placet
1060 2078 1201 2148 quod
1229 2079 1319 2133 alii
1363 2079 1504 2135 male
1547 2095 1643 2151 pa-

51 2170 243 2225 tiantur
277 2189 292 2224 :
329 2187 503 2243 neque
530 2171 631 2227 hoc
663 2179 867 2227 tantum
894 2212 908 2234 ,
940 2169 1034 2225 sed
1065 2170 1208 2241 quod
1258 2171 1417 2241 longe
1467 2171 1645 2241 majus

50 2270 141 2327 est,
165 2259 665 2332 Congaudetautem
686 2261 884 2317 ueritati
915 2259 1092 2333 (Rom.
1123 2260 1211 2316 i2.
1244 2261 1357 2332 15).
1389 2260 1642 2316 Gratula-

51 2362 143 2416 tur,
187 2354 393 2426 inquit,
424 2354 509 2421 iis,
542 2357 631 2425 qui
676 2354 814 2410 bene
841 2369 955 2409 rem
985 2363 1210 2425 gerunt;
1244 2353 1295 2409 id
1321 2353 1464 2425 quod
1511 2352 1645 2409 dicit

50 2446 235 2502 Paulus
270 2448 569 2512 :Oaudere
592 2464 707 2503 cum
728 2448 1070 2519 gaudentibus
1090 2490 1106 2515 ,
1139 2458 1186 2505 et
1211 2448 1336 2519 ﬂere
1361 2464 1474 2502 cum
1506 2449 1642 2517 [len-

50 2538 188 2593 tibus.
219 2538 366 2594 Hinc
393 2554 499 2593 non
527 2539 835 2604 tumulatur,
866 2538 1120 2601 hinenou
1146 2538 1363 2595 inﬂatur
1400 2556 1413 2593 :
1446 2540 1644 2595 etenim

50 2628 212 2682 aliena
246 2626 391 2695 bona
418 2641 511 2682 sua
543 2641 664 2682 esse
687 2628 980 2693 existimat.
1002 2626 1191 2683 Viden’
1213 2628 1487 2696 quomodo
1504 2631 1645 2685 cari-

52 2732 123 2775 tas
176 2720 461 2777 alumnum
489 2734 645 2775 suum
677 2720 929 2789 paulatim
982 2720 1230 2790 angelum
1258 2719 1456 2777 faciat?
1512 2720 1643 2777 Cum

52 2813 182 2866 enim
226 2813 330 2867 ira:
344 2827 538 2881 expers
563 2812 658 2879 sit,
686 2812 754 2867 ab
776 2812 973 2868 invidia
1006 2828 1192 2883 purus,
1218 2823 1270 2868 et
1303 2813 1370 2869 ab
1388 2814 1536 2869 omni
1566 2823 1649 2885 ty-

54 2905 269 2968 rannica
315 2906 446 2961 vitio
473 2906 610 2963 liber
632 2945 649 2972 ,
678 2905 853 2976 Cogita
886 2906 1034 2961 illum
1066 2907 1133 2964 ab
1175 2907 1422 2961 humana
1456 2916 1645 2961 natura

52 2998 358 3063 abductum,
389 2996 456 3052 ad
484 2997 653 3068 ipsam
695 2998 1007 3068 angelorum
1041 2998 1522 3068 impassibilitatem
1550 3014 1647 3068 ap-

52 3090 267 3158 pulisse.
322 3092 573 3147 Attamen
604 3107 711 3144 non
761 3090 847 3144 bis
890 3100 1177 3146 contentus
1225 3101 1346 3157 cst,
1397 3092 1489 3148 sed
1521 3092 1647 3163 quid

52 3185 205 3237 etiam
262 3183 348 3238 his
376 3182 550 3251 majus
574 3181 861 3238 dicendum
890 3183 1051 3238 habet
1078 3200 1093 3238 :
1125 3199 1246 3238 nam
1273 3198 1395 3253 qua:
1424 3183 1647 3247 fortiora

51 3282 167 3328 sunt
213 3283 497 3344 postremo
526 3274 699 3338 ponit.
731 3272 1073 3345 Quapropter
1100 3273 1231 3327 dicit
1264 3290 1278 3327 :
1314 3273 1500 3327 Omnia
1540 3276 1651 3345 suf-

51 3362 161 3427 fert.
204 3367 251 3418 A
285 3364 570 3434 patientia,
609 3378 639 3418 a
667 3363 1113 3429 mansuetudine;
1166 3364 1279 3419 sive
1308 3365 1650 3419 contumelia:

51 3456 172 3523 sint,
200 3456 319 3512 sive
351 3456 542 3527 plagm,
572 3456 686 3512 sive
708 3471 874 3520 mors,
894 3457 1007 3511 sive
1034 3455 1245 3527 quidvis
1267 3455 1432 3510 aliud.
1460 3457 1523 3511 Et
1550 3456 1652 3510 hoc

53 3561 234 3601 rursus
260 3561 328 3603 ex
354 3546 509 3602 beato
524 3546 724 3601 Davide
748 3547 981 3616 perspici
1001 3533 1199 3616 potest.
1222 3546 1360 3614 Quid
1374 3548 1515 3602 enim
1545 3562 1652 3605 m0-

54 3637 236 3693 lestius
257 3648 364 3699 est,
398 3654 556 3707 quam
587 3636 771 3692 videre
797 3638 963 3692 lilium
995 3638 1358 3709 insurgentem
1388 3648 1441 3694 et
1467 3649 1650 3711 tyran-

54 3730 224 3786 nidem
237 3729 579 3792 aﬂ'ectantem
596 3738 986 3799 paternumque
1005 3730 1317 3798 sanguinem
1343 3728 1611 3784 sitientem
1629 3730 1652 3783 ἲ

52 3822 151 3877 Sed
181 3832 239 3878 et
260 3821 367 3877 hoc
395 3820 515 3876 tulit
542 3820 729 3877 beatus
753 3820 877 3885 ille;
903 3835 1074 3890 neque
1116 3821 1187 3873 ita
1223 3820 1651 3875 sustinuitacer-

52 3914 173 3967 bum
197 3914 427 3968 verbum
449 3904 699 3967 emittere
716 3923 903 3966 contra
932 3909 1275 3983 parricidam,
1295 3910 1387 3965 sed
1402 3925 1521 3967 cum
1549 3911 1652 3965 alia

50 4004 227 4059 omnia
245 4003 372 4059 belli
389 4001 618 4057 ducibus
639 4001 1019 4067 commisisset,
1041 4002 1297 4072 proillius
1312 4002 1483 4070 salute
1495 4017 1577 4056 ma
1587 4017 1650 4055 n-

52 4078 169 4152 data
192 4080 390 4160 dabat;
422 4095 634 4150 firmum
662 4096 805 4150 enim
834 4106 948 4151 erat
974 4080 1210 4155 caritatis
1225 4092 1649 4150 fundamentum.

54 4187 277 4259 ideoque
314 4186 496 4242 omnia
529 4185 751 4253 suffert;
785 4197 838 4243 ct
858 4186 983 4244 hinc
1003 4186 1218 4257 quidem
1254 4187 1371 4258 ejus
1400 4188 1649 4243 virtutem

54 4279 381 4346 subindicat,
412 4278 707 4334 bonitatem
735 4288 915 4335 autem
949 4294 1044 4348 per
1070 4294 1132 4334 ea
1163 4294 1282 4348 quin
1314 4288 1648 4350 sequuntur:

56 4386 169 4425 nam
192 4374 293 4433 ait,
330 4370 753 4441 Omniaspsrat,
784 4372 957 4426 omnia
991 4371 1181 4434 credit,
1220 4373 1391 4426 omnia
1420 4375 1648 4427 sustinet.

52 4463 182 4528 Quid
209 4474 319 4527 est,
354 4462 543 4518 Omnia
569 4471 737 4531 sperat
760 4463 785 4516 .’
815 4463 890 4518 De
912 4464 1069 4519 bouis
1089 4463 1535 4534 quibuscumque.
1571 4464 1653 4518 itt-

52 4554 179 4620 quit,
221 4554 409 4611 dilecti
434 4552 517 4609 sui
548 4568 655 4621 non
681 4551 970 4623 desperat;
1003 4554 1100 4611 sed
1128 4553 1338 4610 etiamsi
1366 4553 1453 4608 ille
1482 4553 1652 4609 malus

54 4646 147 4711 sit,
168 4656 460 4719 permanet
480 4645 627 4701 illum
655 4646 953 4715 corrigens,
984 4632 1295 4718 providens,
1331 4660 1513 4701 curam
1554 4660 1651 4716 ge-

55 4749 190 4790 reus.
220 4736 412 4793 Omnia
426 4736 604 4793 credit.
630 4733 747 4790 Non
765 4735 937 4803 solum
954 4738 1098 4793 enim
1118 4748 1319 4809 sperat,
1340 4738 1532 4809 inquit,
1556 4735 1650 4792 scd

55 4826 209 4883 etiam
236 4830 439 4906 credit,
454 4846 520 4886 ex
540 4843 607 4885 eo
626 4828 767 4899 quod
783 4818 936 4889 valde
951 4838 1096 4884 amet
1122 4847 1134 4883 :
1150 4832 1361 4885 etiamsi
1380 4830 1495 4904 hagc
1513 4830 1651 4886 bona

55 4931 155 4971 non
183 4921 488 4977 secundum
518 4938 669 4992 spem
700 4918 1012 4986 succedant,
1034 4921 1128 4977 sed
1142 4924 1353 4978 etiamsi
1372 4924 1460 4980 ille
1482 4923 1651 4979 mole-

54 5010 181 5065 stior
209 5012 306 5077 sit,
332 5027 397 5068 ea
438 5016 601 5077 etiam
629 5018 752 5072 fert.
784 5015 971 5069 Omnia
1002 5016 1149 5070 enim
1179 5018 1417 5085 sustinet,
1456 5019 1649 5089 inquit.

54 5100 101 5154 8.
131 5099 339 5157 Caritas
368 5120 647 5176 numquam
672 5107 879 5169 excidit.
913 5106 1163 5162 Vidistin‘
1186 5108 1402 5177 quando
1429 5110 1646 5165 coroni—

56 5193 168 5249 dem
201 5194 547 5266 imposuerit,
570 5208 625 5254 et
650 5202 793 5272 quod
825 5200 879 5257 in
905 5201 1009 5257 hoc
1035 5199 1180 5256 dono
1196 5201 1372 5271 (magis
1392 5202 1650 5260 eximium

56 5289 154 5343 sit?
182 5288 328 5358 Quid
361 5289 508 5371 enim
544 5291 649 5348 sibi
674 5278 811 5362 vult,
841 5280 966 5352 Non
988 5293 1217 5352 excidit?
1244 5292 1360 5369 Non
1388 5294 1649 5351 discindi-

59 5394 153 5450 tur,
182 5401 293 5441 non
336 5383 653 5442 dissolvitur
672 5385 895 5463 ferendo
913 5406 927 5442 :
948 5401 1094 5447 amat
1121 5390 1489 5459 enim‘omnia.
1515 5391 1649 5449 Nam

58 5477 139 5541 qui
166 5486 337 5543 amat,
382 5478 1099 5555 numquamodissepossit,
1146 5479 1403 5554 quidquid
1450 5482 1649 5541 factum

58 5563 249 5623 fuerit:
276 5567 387 5626 hoc
414 5568 614 5641 quippe
643 5579 729 5627 est
745 5572 1045 5649 (maximum
1068 5576 1235 5648 ipsius
1255 5574 1475 5633 bonum.
1506 5577 1653 5634 Talis

56 5669 160 5713 erat
188 5662 394 5721 Paulus
423 5680 439 5719 :
475 5663 703 5736 ideoque
740 5664 975 5734 dicebat,
1006 5668 1069 5724 Si
1105 5688 1206 5738 quo
1260 5668 1411 5723 modo
1461 5686 1647 5738 provo-

59 5762 152 5805 cem
197 5755 269 5808 ad
294 5756 649 5812 mutandum
675 5774 881 5815 carnem
908 5776 1069 5816 meum
1096 5762 1276 5833 (liam.
1309 5764 1395 5819 11.
1430 5763 1545 5834 id),
1595 5776 1651 5821 et

3240 328 3346 385 252
3408 344 3409 347 ‘

1753 442 1982 497 sperans
2019 432 2237 488 mansit.
2288 431 2358 489 Et
2385 433 2725 494 Timotheum
2758 438 3074 499 hortabatur
3118 445 3346 504 dicens:

1751 516 1960 601 Seruum
1987 531 2154 577 autem
2193 521 2399 579 Domini
2425 542 2527 581 non
2574 540 2774 598 oportet
2812 548 3061 603 pugnare,
3087 537 3179 590 sed
3199 554 3351 591 nian-

1752 620 1950 665 suetum
1977 627 2085 666 esse
2108 612 2178 667 ad
2219 630 2417 681 omnes,
2449 618 2504 672 in
2532 620 2781 675 modestia
2823 623 3131 683 erudientem
3159 642 3245 680 eos
3265 634 3353 697 qui

1750 702 1987 757 resistunt
2030 705 2231 761 veritati
2251 747 2269 774 ,
2309 725 2375 763 an
2407 710 2538 778 forte
2576 712 2669 767 det.
2686 713 2791 769 illis
2829 713 2970 771 Deus
3005 718 3347 789 cognitionem

1753 793 1971 849 veritatis
2026 794 2104 865 (2.
2129 794 2265 851 Tim.
2290 798 2346 853 2.
2370 799 2462 856 24.
2485 799 2602 875 25).
2650 804 2789 872 Quid
2833 822 2961 877 ergo
2981 848 2995 873 ,
3041 808 3267 880 inquies,
3302 812 3345 865 si

1751 881 1951 939 inimici
1971 888 2087 944 sint
2113 898 2168 943 et
2192 890 2445 959 gentiles,
2475 907 2656 949 annon
2673 895 2854 952 odisse
2871 899 3137 969 oportuit?
3154 899 3348 956 Odisse

1749 976 1990 1047 quidem,
2041 994 2148 1035 non
2178 980 2322 1049 illos,
2355 985 2448 1040 sed
2477 984 2703 1057 dogma;
2756 1005 2861 1045 non
2905 990 3197 1061 hominem,
3252 994 3347 1050 sed

1752 1065 1948 1122 malum
1977 1084 2137 1139 Opus,
2166 1083 2480 1143 corruptum
2506 1076 2767 1133 animum.
2793 1078 2968 1135 Homo
2996 1098 3227 1153 namque
3266 1095 3350 1140 est

1748 1166 1883 1252 Opus
1915 1158 2031 1227 Dei,
2064 1176 2221 1217 error
2246 1175 2427 1220 autem
2458 1181 2593 1236 opus
2614 1168 2834 1224 diaboli.
2856 1170 2934 1227 Ne
2960 1188 3090 1244 ergo
3116 1177 3350 1233 misceas

1748 1264 1809 1303 ca
1834 1264 1957 1320 quae
1983 1254 2075 1309 Dei
2106 1264 2252 1323 sunt,
2276 1266 2330 1312 et
2352 1274 2472 1329 qua:
2496 1259 2717 1316 diaboli.
2747 1262 2883 1318 Nam
2910 1263 3080 1321 Judaii
3112 1280 3262 1323 eram
3293 1278 3348 1326 et

1748 1337 2049 1411 blasphemi
2071 1354 2125 1400 et
2148 1358 2569 1419 persequutores
2590 1361 2643 1407 et
2670 1356 3069 1423 contumeliosi,
3100 1358 3349 1415 innume-

1749 1447 1913 1503 raque
1939 1434 2007 1489 de
2031 1434 2250 1494 Christo
2280 1440 2534 1497 dicebant
2563 1444 2702 1499 mala
2736 1464 2751 1500 :
2780 1462 2981 1518 ergone
3008 1449 3129 1506 illos
3159 1452 3348 1511 oderat

1748 1527 1945 1584 Paulus
1965 1571 1980 1596 ,
2008 1532 2098 1601 qui
2127 1536 2373 1590 maxime.
2391 1540 2631 1594 omnium
2661 1540 2940 1599 Christum
2973 1546 3219 1603 amabat?
3242 1547 3349 1605 Ne-

1748 1635 2039 1691 quaquam,
2074 1623 2182 1679 imo
2210 1635 2264 1681 et
2289 1628 2524 1695 amabat,
2550 1640 2607 1685 et
2629 1633 2810 1688 omnia
2839 1650 2937 1703 pro
2964 1636 3093 1706 ipsis
3118 1638 3344 1709 agebat:

1746 1722 1799 1767 ct
1830 1729 1970 1771 nunc
2001 1714 2220 1785 quidem
2252 1714 2404 1783 dicit,
2472 1717 2724 1775 Voluntas
2750 1725 2953 1792 quidem
2982 1736 3029 1780 et
3056 1728 3345 1793 deprecatio

1747 1820 1859 1859 mea
1877 1806 1946 1859 ad
1966 1805 2131 1861 Deum
2152 1808 2209 1877 [it
2226 1826 2320 1879 pro
2348 1810 2451 1864 illis
2477 1814 2545 1865 ad
2570 1812 2789 1867 salutem
2808 1814 3085 1883 (RomJO.
3104 1818 3181 1888 l);
3204 1836 3347 1876 nunc

1748 1906 1951 1963 autem,
1988 1897 2244 1968 Optabam
2267 1903 2546 1957 anathema
2574 1921 2682 1959 esse
2722 1922 2755 1959 a
2808 1905 3011 1961 Christo
3065 1926 3158 1978 pro
3215 1912 3341 1982 ipsis

1751 1989 1925 2061 (liam.
1969 1990 2022 2045 9.
2057 1992 2136 2060 5).
2160 1991 2249 2050 Sic
2278 2004 2333 2050 et
2363 1994 2617 2052 Ezechiel
2664 1996 2850 2052 videns
2878 2013 2972 2053 eos
2997 2000 3166 2057 occidi
3195 2002 3342 2057 dice-

1750 2081 1840 2137 bat
1864 2100 1876 2133 :
1908 2080 2011 2138 Hei
2031 2083 2156 2137 mihi
2173 2125 2192 2153 ,
2222 2084 2457 2154 Domine,
2487 2086 2624 2143 deles
2646 2097 2700 2142 tu
2727 2105 2810 2143 eos
2836 2091 2920 2160 qui
2944 2101 3059 2146 sunt
3083 2094 3348 2162 reliquias

1749 2171 1917 2229 Israel
1943 2172 2153 2243 (Ezech.
2187 2176 2241 2230 9.
2272 2177 2330 2247 8)
2351 2178 2376 2229 Ἰ
2403 2189 2456 2233 et
2486 2178 2736 2251 Moyses:
2773 2180 2833 2237 Si
2878 2183 3083 2251 quidem
3128 2184 3347 2238 dimittis

1748 2265 1851 2318 illis
1875 2276 2156 2336 peccatum,
2188 2268 2387 2323 dimitte
2415 2268 2613 2340 (Exod.
2638 2272 2727 2328 32.
2753 2274 2866 2346 31).
2898 2275 3036 2343 Quid
3067 2292 3195 2346 ergo
3220 2278 3349 2332 dicit

1752 2356 1961 2417 David?
2010 2358 2112 2413 Eos
2127 2361 2214 2429 qui
2247 2360 2465 2424 oderunt
2493 2372 2560 2432 te,
2590 2363 2829 2434 Domine,
2857 2369 3088 2436 oderam;
3128 2378 3176 2423 et
3196 2387 3349 2440 super

1748 2451 1986 2507 inimicos
2031 2462 2143 2507 tuos
2176 2454 2487 2509 tabescebam
2515 2473 2534 2510 :
2565 2461 2786 2528 perfecto
2812 2461 2937 2516 odio
2978 2462 3186 2516 oderam
3232 2464 3353 2518 illos

1755 2542 1926 2614 (Psal.
1957 2542 2080 2599 158.
2111 2542 2203 2599 2i.
2227 2543 2342 2617 22).
2371 2545 2531 2616 Atqui
2561 2563 2667 2602 non
2697 2551 2899 2617 omnia,
2928 2567 3049 2621 qua:
3073 2568 3101 2605 a
3134 2553 3339 2609 Davide

1753 2640 1804 2690 iu
1838 2636 2067 2715 Psalmis
2089 2638 2229 2694 dicta
2252 2647 2396 2701 sunt,
2422 2656 2487 2695 ex
2515 2656 2742 2709 persona
2777 2643 2990 2697 Davidis
3010 2653 3132 2699 sunt
3154 2645 3297 2700 dicta
3325 2664 3339 2699 :

1750 2730 1947 2783 ctenim
1977 2730 2064 2784 hic
2095 2733 2208 2799 ipse
2239 2732 2388 2797 dicit,
2417 2733 2828 2791 Tubernaculum
2857 2738 2948 2807 ﬁxi
2974 2754 3089 2792 cum
3114 2738 3345 2793 taberna-

1750 2823 1878 2878 culis
1904 2822 2100 2885 Cedar;
2137 2833 2211 2890 et,
2247 2825 2420 2895 Super
2438 2829 2654 2897 fiumina
2678 2829 2960 2901 Babylonis
2984 2831 3092 2887 illic
3122 2832 3345 2887 sedimus

1753 2925 1799 2970 et
1827 2917 2056 2987 ﬂeuimus
2078 2914 2251 2989 (Psal.
2287 2917 2415 2974 119.
2446 2920 2499 2973 5.
2523 2928 2571 2973 et
2600 2920 2834 2990 156.1);
2862 2940 3036 2993 neque
3061 2940 3190 2979 vero
3219 2923 3352 2977 vidit

1754 3009 2124 3081 Babylonem,
2184 3025 2361 3079 neque
2413 3010 2757 3067 tabernacula
2816 3013 2992 3068 Cedar
3045 3034 3057 3067 :
3116 3015 3349 3085 alioquin

1753 3102 1913 3157 etiam
1936 3117 2079 3156 nunc
2095 3102 2267 3171 major
2290 3118 2317 3157 a
2341 3104 2497 3157 nobis
2524 3104 2753 3173 exigitur
2777 3103 3347 3174 pliilusophia.Quam-

1754 3196 1965 3259 obrcm,
2021 3195 2335 3265 rogantibus
2364 3195 2642 3267 discipulis
2669 3206 2726 3251 ut
2758 3195 3132 3252 demitteretur
3176 3198 3345 3267 ignis.

1754 3298 1814 3341 ut
1836 3295 2076 3356 tempore
2102 3286 2255 3353 Elim,
2281 3285 2525 3355 Nescitis,
2550 3288 2723 3359 inquit
2770 3288 3033 3351 Christus.
3056 3291 3200 3349 cuius
3234 3288 3347 3357 spi-

1753 3381 1880 3432 ritus
1910 3380 2027 3434 estis
2054 3376 2201 3448 (Luc.
2231 3378 2285 3434 9.
2316 3380 2430 3449 55).

1834 3472 1889 3528 5.
1925 3471 2080 3529 Tunc
2108 3474 2253 3530 enim
2297 3489 2403 3529 non
2451 3470 2782 3544 impietatem
2824 3466 3143 3543 modofscd
3177 3477 3344 3533 etiam

1765 3564 1961 3635 impios
1988 3567 2137 3636 ipsos
2167 3566 2351 3622 odisse
2377 3567 2733 3636 jubebantur,
2759 3585 2827 3624 ne
2850 3570 3091 3624 amicitia
3120 3571 3345 3626 occasio

1766 3657 1900 3727 ipsis
1932 3668 2077 3712 esset
2122 3659 2455 3727 iniquitatis;
2498 3660 2727 3732 ideoque
2762 3663 3120 3731 cognationes
3162 3664 3345 3720 absci-

1765 3751 1847 3805 dit
1896 3761 1949 3806 et
2000 3752 2437 3818 commixtiones,
2478 3762 2532 3808 et
2578 3753 2817 3824 undique
2868 3756 2991 3811 illos
3037 3758 3339 3813 muniebat.
3446 3784 3456 3797 -

1765 3838 1920 3898 Nunc
1953 3849 2164 3908 autem,
2198 3842 2324 3914 quia
2348 3842 2426 3897 ad
2466 3842 2726 3913 majorem
2769 3858 2872 3900 nos
2910 3846 3064 3900 duxit
3104 3848 3346 3915 philoso-

1758 3931 1935 4000 phiam
1954 3941 2010 3988 et
2036 3934 2362 3990 excelsiores
2392 3936 2589 4006 posuit.
2605 3949 2764 4006 quam
2781 3943 2837 3990 ut
2852 3934 3050 3990 damno
3064 3934 3191 3990 hinc
3210 3933 3350 3989 afllci

1759 4038 2058 4092 possemus.
2079 4032 2135 4078 et
2161 4024 2447 4081 admittere
2468 4040 2562 4081 eos
2582 4034 2636 4081 et
2660 4027 2928 4081 consulari
2956 4027 3129 4096 jubet.
3160 4026 3349 4095 Neque

1756 4115 1899 4169 enim
1924 4114 2078 4169 uobis
2107 4114 2176 4169 ab
2205 4115 2309 4170 illis
2350 4117 2630 4184 damnum,
2659 4118 2753 4172 sed
2784 4118 2891 4171 illis
2912 4133 2941 4172 a
2965 4117 3120 4172 nobis
3150 4118 3351 4173 utilitas

1756 4206 2022 4277 provenit.
2044 4205 2184 4275 Quid
2200 4208 2508 4278 ergodicit?
2527 4208 2641 4264 Non
2665 4218 2879 4278 Oportet
2906 4209 3103 4274 odisse,
3118 4209 3224 4264 sed
3249 4211 3353 4262 mi-

1756 4298 1950 4353 sercri.
1974 4298 2029 4355 Si
2056 4298 2198 4353 enim
2221 4299 2419 4363 oderis,
2443 4300 2715 4371 quomodo
2747 4312 3019 4356 errantem
3043 4300 3197 4357 facile
3223 4320 3353 4354 t'ttll-

1758 4390 1972 4451 vertes?
1999 4390 2269 4461 quomodo
2289 4392 2470 4446 orabis
2492 4407 2590 4462 pro
2615 4391 2851 4453 infideli?
2880 4392 3013 4447 Nam
3034 4392 3175 4462 quod
3198 4406 3355 4445 orare

1755 4490 2021 4551 oporteat,
2050 4483 2173 4539 audi
2202 4484 2327 4554 quid
2360 4484 2504 4539 dicat
2530 4485 2727 4542 Paulus
2758 4505 2771 4540 :
2805 4486 3025 4540 Obsecro
3066 4486 3222 4556 igitur
3244 4484 3351 4550 pri—

1754 4588 1894 4626 mum
1918 4575 2146 4634 omnium
2175 4575 2289 4641 ﬁeri
2308 4575 2699 4643 obsecrationes,
2741 4578 3018 4639 orationes,
3051 4574 3348 4645 postulatio-

1756 4680 1865 4728 nes,
1893 4666 2174 4733 gratiarum
2196 4666 2419 4719 actiones
2436 4683 2529 4733 pro
2549 4667 2784 4720 omnibus
2802 4666 3091 4720 hominibus
3108 4668 3157 4737 (1
3176 4708 3187 4721 .
3215 4664 3349 4719 Tim.

1754 4754 1809 4809 2.
1842 4757 1893 4809 1.
1916 4756 1995 4824 2).
2018 4755 2171 4825 Quod
2200 4764 2379 4811 autem
2406 4765 2533 4811 tunc
2562 4772 2668 4812 non
2699 4772 2889 4813 omnes
2914 4756 3099 4813 ﬁdeles
3148 4768 3350 4821 essent,

1756 4849 1925 4905 cuivis
1956 4848 2297 4905 manifestum
2336 4860 2440 4905 est.
2470 4851 2535 4905 lit
2568 4852 2934 4915 rursum,.Pro
2960 4853 3179 4924 regibus,
3214 4861 3264 4905 et
3291 4852 3356 4906 iis

1754 4944 1843 5013 qui
1887 4944 1940 4997 in
1988 4942 2237 5014 dignitate
2275 4946 2534 5000 constituti
2564 4957 2703 5001 sunt.
2736 4947 2890 5015 Quod
2927 4961 3091 5015 porro
3120 4946 3171 4999 hi
3204 4946 3353 5013 impii

1756 5042 1941 5092 essent
1982 5044 2039 5091 et
2084 5035 2269 5105 iniqui,
2322 5035 2430 5091 hoc
2457 5037 2583 5091 item
2616 5050 2955 5106 perspicuum
3006 5043 3108 5088 est.
3144 5033 3351 5089 Deinde

1757 5140 1975 5183 causam
2002 5140 2218 5197 quoque
2238 5126 2500 5181 orationis
2518 5126 2725 5191 dicens,
2748 5126 3022 5195 subjungit
3043 5143 3055 5180 :
3088 5124 3199 5181 Hoc
3219 5128 3353 5181 enim

1758 5222 1943 5274 bonum
1984 5229 2061 5274 est
2103 5228 2151 5272 et
2178 5229 2446 5289 acceptum
2482 5220 2536 5273 in
2580 5233 2851 5288 conspectu
2880 5218 3165 5275 Saluatoris
3192 5224 3354 5276 nostri

1755 5309 1876 5378 Dei,
1904 5311 1994 5381 qui
2017 5326 2197 5365 omnes
2236 5311 2464 5365 homines
2488 5311 2595 5364 vult
2619 5310 2785 5366 salvos
2805 5310 2936 5380 ﬁeri,
2966 5322 3014 5366 et
3039 5314 3108 5366 ad
3133 5297 3354 5381 agnitio-

1756 5422 1871 5460 nem
1900 5406 2126 5461 ueritatis
2154 5408 2325 5462 uenire
2352 5405 2518 5477 (Ibid.
2550 5421 2598 5460 υ.
2627 5404 2682 5475 3.
2729 5403 2808 5477 4).
2855 5405 2979 5461 Ideo
3016 5404 3062 5458 si
3092 5404 3345 5474 gentilcm

1758 5495 2038 5551 mulierem
2067 5496 2333 5553 invenerit
2352 5510 2474 5551 cum
2500 5493 2640 5550 fideli
2667 5494 3015 5557 habitantem,
3044 5511 3148 5549 non
3189 5496 3345 5551 solvit

1757 5586 2103 5657 conjugium:
2132 5601 2455 5659 quamquam
2474 5584 2605 5657 quid
2632 5595 2718 5643 est
2746 5585 2954 5642 mulieri
2978 5585 3094 5639 viro
3119 5586 3347 5657 conjun-

1756 5677 1931 5739 ctius?
1964 5676 2129 5733 Erunt
2172 5678 2314 5734 eniin
2373 5679 2474 5732 duo
2521 5678 2575 5732 in
2618 5694 2770 5733 carne
2819 5692 2923 5730 una
2950 5675 3101 5745 (Gen.
3127 5676 3184 5733 2.
3207 5676 3344 5745 24):

1758 5783 2055 5840 magnaque
2102 5778 2182 5825 est
2208 5770 2316 5824 illic
2346 5768 2645 5827 animorum
2682 5767 2994 5838 eonjuuctio
3043 5777 3100 5827 et
3132 5769 3348 5828 fervens
