4086 6340
613 169 724 226 983

612 472 693 524 sic
721 471 943 523 ulterius
976 468 1291 538 procedens,
1321 483 1350 521 a
1379 467 1560 521 multis
1577 465 1832 521 fratribus
1860 463 2200 529 discinderis,

611 564 721 617 imo
750 562 817 615 ab
839 562 1085 616 omnibus
1124 579 1136 615 :
1164 576 1321 615 nemo
1352 562 1520 624 enim,
1565 573 1725 614 nemo
1750 567 1898 613 certe
1928 558 2045 611 sine
2075 571 2203 626 pec-

611 666 727 709 cato
756 664 856 711 est.
894 655 1021 708 Nam
1063 654 1107 709 si
1139 662 1386 723 aper-teat
1435 654 1527 708 Dei
1562 652 1809 706 inimicos
1838 651 2016 706 odisse
2040 692 2053 713 ,
2095 666 2200 703 non

606 748 780 801 solum
802 747 1016 815 impios,
1049 745 1143 801 sed
1169 746 1328 800 etiam
1355 754 1665 814 peccatores
1681 743 1805 796 odio
1826 741 2024 795 habere
2044 756 2202 809 opor-

606 847 679 891 ιρι
714 856 727 889 :
760 847 814 891 et
838 837 1134 891 sicerimns
1164 836 1287 891 feris
1308 836 1629 900 deteriores,
1658 848 1846 887 omnes
1866 843 2197 899 aversantes,

606 929 912 999 arrogantia
944 928 1129 992 inﬂati,
1158 931 1297 983 sicut
1316 929 1403 983 ille
1427 928 1749 982 Pharisaeus.
1781 926 1850 980 At
1872 941 1978 979 non
1998 924 2201 992 itajns-

606 1021 673 1072 sit
705 1020 921 1085 Paulus,
952 1021 1045 1075 sed
1079 1020 1394 1089 quomodo?
1438 1017 1642 1072 Monete
1669 1017 2045 1085 incompositos,
2075 1032 2197 1068 con-

602 1111 842 1164 sulamini
866 1112 1239 1180 pusillanimes,
1268 1111 1507 1176 suscipite
1523 1110 1773 1177 inﬁrmos,
1798 1108 2041 1177 patientes
2065 1118 2199 1160 csto-

1387 166 1443 222 S.
1483 166 1760 222 JOANNIS
1796 162 2266 221 CllltYSOSTOMI
2304 162 2621 219 ARClllEP.
2664 165 3195 223 (ZONSTANTINOP.

612 299 785 338 amor.
812 284 867 338 Si
897 293 1070 338 autem
1093 282 1285 351 impios
1302 293 1353 336 et
1384 282 1592 351 iniquos
1611 280 1734 335 odio
1757 280 1983 334 habituri
2012 281 2203 343 simus,

613 380 753 433 ultra
784 377 1052 447 progressi
1084 377 1244 431 etiam
1292 386 1603 445 peccatores
1630 374 1755 429 odio
1784 373 2118 434 habebimus,
2151 382 2205 425 ct

3814 175 3925 229 εει

2315 277 2432 346 ejus
2482 281 2527 332 is
2573 278 2688 350 ipse
2717 282 2804 350 qui
2832 293 3021 349 captus
3044 292 3125 337 est
3146 283 3423 353 splendida
3452 300 3586 341 voce
3619 296 3914 355 przesenti-

2312 371 2412 426 bus
2450 374 2701 427 omnibus
2732 376 3085 431 conﬁtebatur
3130 378 3309 433 dicens
3346 396 3358 431 :
3396 377 3589 433 Parum
3615 380 3757 434 abest
3788 384 3913 451 quin

2310 464 2432 517 mihi
2461 467 2768 534 persuadeas
2799 478 2853 520 ut
2878 469 3000 535 [iam
3027 467 3346 523 Christianus
3376 472 3511 542 (Act.
3532 472 3629 527 96.
3660 471 3732 528 28
3754 473 3791 543 ).

2379 556 2431 611 6.
2452 557 2589 624 Quid
2605 573 2733 628 ergo
2755 560 2987 613 Paulus?
3011 561 3174 629 Magis
3189 564 3442 630 expandit
3460 579 3713 634 sagenam
3728 576 3785 621 et
3801 567 3909 623 ait:

2311 647 2553 717 Optarem
2584 666 2695 720 ego,
2728 667 2829 704 non
2846 653 3011 705 solum
3035 664 3099 716 te,
3129 654 3216 706 sed
3236 656 3383 708 etiam
3404 672 3574 710 omnes
3591 658 3680 727 qui
3694 659 3907 721 αᾱεκηῑ,

2308 739 2403 792 hoc
2437 756 2546 793 esse
2580 742 2716 809 quod
2754 759 2846 813 ego
2895 761 3026 801 sitm.
3070 750 3289 813 exceptis
3335 748 3415 801 Itis
3467 748 3681 804 vinculis
3713 746 3820 821 (Ib.
3856 766 3904 802 τ.

2305 828 2417 898 29).
2450 832 2586 896 Quid
2627 834 2760 887 dicis
2782 875 2800 901 ,
2830 849 2862 888 o
2893 834 3074 900 Paule,
3104 836 3343 905 Exceptis
3372 840 3621 893 vinculis?
3656 849 3713 895 et
3753 856 3910 909 qna:-

2307 937 2427 974 nam
2464 924 2556 977 tibi
2589 924 2657 977 de
2687 936 2886 978 ca‘tero
2911 925 3124 991 fiducia,
3154 928 3198 979 si
3231 943 3415 981 eorum
3448 938 3499 982 le
3531 930 3726 999 pudeat
3754 942 3812 984 et
3840 946 3907 984 ω

2304 1012 2491 1081 fugias,
2522 1024 2575 1067 et
2607 1016 2707 1068 hoc
2751 1025 2898 1069 tanto
2924 1027 3192 1086 pra‘sentc
3226 1019 3459 1088 populo?
3499 1035 3675 1073 annon
3707 1022 3758 1074 in
3792 1022 3909 1090 epi-

2304 1106 2457 1159 Stolis
2489 1107 2593 1160 tuis
2628 1108 2725 1161 hac
2766 1110 2833 1162 de
2870 1126 2929 1163 re
2968 1110 3165 1179 ubique
3190 1111 3457 1178 gloriaris,
3489 1119 3546 1165 et
3578 1123 3629 1166 te
3659 1114 3904 1167 vincmm

601 1214 648 1256 Ie
672 1202 740 1255 ad
767 1220 938 1257 omnes
966 1203 1042 1273 (ι.
1074 1200 1255 1255 Thess.
1281 1202 1333 1255 5.
1360 1200 1623 1271 H).Quid
1651 1216 1798 1269 ergo,
1827 1200 2052 1268 inquies,
2072 1214 2194 1253 cum
2243 1219 2269 1241 ο
2302 1196 2562 1264 appellas,
2598 1200 2839 1269 hancque
2858 1208 3102 1253 catenam
3134 1201 3329 1268 ubique
3358 1200 3512 1254 nobis
3537 1205 3688 1271 quasi
3718 1203 3908 1257 diade-

598 1292 753 1346 tlicit:
787 1292 848 1347 Si
899 1294 1010 1360 quis
1037 1309 1137 1344 non
1163 1293 1326 1345 obedit
1367 1291 1515 1343 verba
1556 1300 1727 1343 nostra
1774 1307 1861 1359 per
1891 1290 2154 1355 epistolam
2177 1332 2190 1352 ,

603 1386 737 1436 hunc
764 1393 951 1445 notate,
987 1393 1033 1435 et
1060 1399 1158 1436 non
1182 1384 1608 1436 commisceamini
1646 1399 1759 1434 cunt
1788 1384 1875 1435 illo
1907 1383 1980 1451 (2.
2014 1382 2191 1436 Thess.

601 1477 653 1529 5.
690 1475 818 1541 ll)?
847 1476 982 1530 Vere
1005 1476 1218 1545 quidem
1248 1476 1352 1535 hoc
1379 1477 1443 1529 de
1485 1476 1736 1529 fratribus
1762 1476 1961 1529 dictum
1992 1485 2107 1541 est;
2141 1490 2193 1529 at

601 1582 707 1621 non
736 1568 1003 1629 absolute,
1035 1567 1128 1621 sed
1159 1583 1279 1621 eum
1306 1566 1739 1621 mansuetudine.
1770 1566 1849 1620 Ne
1877 1567 2020 1619 enim
2050 1581 2194 1619 rese-

598 1673 691 1713 ces
716 1674 777 1712 ea
805 1675 925 1728 qua:
949 1668 1267 1727 sequuntur,
1296 1657 1390 1712 sed
1426 1668 1480 1711 et
1504 1673 1562 1711 ea
1588 1673 1707 1727 qua:
1738 1668 1859 1711 sunt
1882 1670 2063 1727 postea
2092 1657 2191 1710 ad—

599 1750 773 1816 jicias.
796 1749 927 1803 Nam
953 1765 1073 1803 cum
1104 1750 1349 1813 dixisset,
1385 1749 1467 1803 Ne
1498 1750 1941 1813 commisceamini,
1966 1748 2191 1817 subjun-

596 1841 674 1895 xit
702 1858 716 1894 :
748 1840 817 1894 Et
838 1842 995 1897 nolite
1021 1844 1169 1912 quasi
1189 1843 1449 1896 inimicum
1477 1843 1783 1908 existimare,
1818 1842 1906 1894 sed
1930 1841 2193 1894 admonete

596 1942 647 1986 ut
674 1937 883 2003 fratrem
914 1932 1079 2001 (Ibid.
1116 1951 1159 1987 v.
1220 1933 1329 2003 15).

669 2023 811 2094 Opus
839 2024 1029 2078 diaboli
1064 2035 1135 2077 est
1167 2025 1385 2076 alterum
1411 2022 1473 2075 ab
1499 2025 1660 2075 altera
1690 2022 1947 2077 divellere.
1982 2022 2189 2078 Caritas

595 2116 768 2169 omnia
786 2125 1016 2185 superat.
1043 2144 1110 2153 —
1142 2113 1329 2168 Viden'
1361 2113 1633 2182 quomodo
1656 2113 1857 2167 malum
1886 2114 2190 2184 opusjubet

597 2207 800 2273 odisse,
826 2223 934 2262 non
967 2206 1286 2263 hominem?
1316 2206 1447 2261 Nam
1478 2222 1614 2275 Oplls
1644 2208 1839 2261 diaboli
1869 2216 1951 2261 est
1978 2223 2077 2262 nos
2103 2209 2188 2262 al-

601 2312 773 2357 terum
803 2302 871 2357 ab
895 2301 1069 2356 altero
1092 2301 1347 2356 divellere
1381 2319 1394 2354 :
1424 2309 1479 2355 et
1512 2300 1665 2355 valde
1688 2301 1910 2356 curabat
1937 2302 2027 2356 ille
2042 2296 2189 2357 cari-

598 2403 761 2473 tatem
788 2392 859 2449 de
886 2393 1063 2447 medio
1089 2394 1299 2458 tollere,
1330 2400 1389 2446 ut
1414 2393 1769 2447 correctionis
1794 2393 1933 2447 viam
1957 2401 2186 2456 secaret,

597 2486 973 2558 detineretque
996 2487 1144 2541 illum
1175 2485 1391 2556 quidem
1421 2486 1473 2539 in
1505 2501 1710 2550 errore,
1737 2494 1787 2538 te
1814 2493 1992 2538 autem
2016 2484 2067 2537 in
2090 2484 2190 2537 ini-

597 2580 819 2646 micitia,
845 2580 1147 2651 deindeque
1168 2587 1382 2633 arceret
1410 2593 1530 2632 eum
1555 2593 1584 2629 a
1618 2576 1699 2628 via
1730 2576 1939 2630 salutis.
1968 2575 2191 2643 Quando

597 2671 742 2724 enim
766 2671 1006 2726 medicus
1032 2672 1147 2725 odit
1174 2679 1433 2740 mgrotnm
1462 2678 1517 2721 et
1538 2666 1606 2721 ab
1630 2667 1723 2720 illo
1746 2667 1897 2737 fugit,
1930 2677 1984 2722 et
2012 2683 2188 2737 aegro-

597 2772 682 2815 tus
704 2762 967 2816 medicum
998 2770 1300 2818 aversatur,
1330 2760 1670 2828 quandonam
1710 2758 1798 2811 hic
1826 2758 2187 2823 convalescet,

598 2869 720 2907 cum
753 2869 927 2923 neque
956 2853 1044 2907 hic
1070 2852 1220 2906 illum
1237 2852 1483 2917 advocet,
1506 2866 1681 2921 neque
1712 2851 1993 2923 illeipsum
2011 2849 2192 2907 adeat?

594 2946 704 2999 (iur
744 2960 895 3014 ergo,
949 2959 1156 3014 quaeso,
1206 2946 1474 2997 aversaris
1499 2952 1551 2996 et
1580 2942 1718 3011 fugis
1742 2942 1935 2997 illum?
1968 2958 2037 2995 an
2068 2943 2189 3009 quia

598 3047 683 3092 est
708 3036 948 3107 impius?
969 3038 1038 3090 At
1061 3036 1181 3091 ideo
1209 3044 1423 3107 oportet
1456 3036 1602 3089 illum
1632 3036 1783 3089 adire
1812 3042 1866 3088 et
1892 3048 2105 3097 curare,
2136 3043 2192 3085 ut

595 3138 854 3200 aegrotum
881 3126 946 3182 ad
969 3127 1330 3182 valetudinem
1365 3141 1608 3180 revoces.
1638 3124 1791 3193 Quod
1838 3125 1883 3179 si
1912 3123 2189 3178 incurabili

602 3220 793 3274 morbo
818 3218 1044 3283 laborat,
1087 3219 1180 3273 sed
1215 3227 1269 3270 tu
1310 3218 1494 3285 jussus
1530 3230 1589 3269 es
1632 3215 1775 3284 quod
1826 3217 1876 3269 in
1928 3226 1979 3268 te
2009 3214 2190 3268 estfa-

600 3326 724 3365 cere
766 3326 779 3361 :
830 3325 951 3362 nam
994 3318 1050 3364 et
1103 3308 1268 3364 Judas
1328 3308 1606 3361 incurabili
1662 3308 1850 3361 morbo
1894 3308 2185 3371 laborabat,

602 3417 702 3457 nec
734 3409 912 3455 tamen
963 3399 1171 3455 destitit
1216 3400 1353 3453 Deus
1412 3399 1556 3465 illum
1614 3414 1825 3453 curare.
1883 3398 1959 3453 Ne
2013 3400 2191 3471 itaque

600 3505 656 3546 tu
715 3506 931 3562 quoque
981 3490 1309 3561 defatigeris.
1358 3489 1490 3545 Nam
1545 3490 1782 3557 etiamsi,
1807 3505 2000 3560 magno
2034 3492 2191 3547 adhi-

599 3586 709 3640 bito
759 3583 957 3649 studio,
1013 3585 1186 3653 ipsum
1227 3583 1295 3638 ab
1336 3583 1610 3653 impietate
1650 3599 1755 3638 non
1792 3584 2011 3649 liberes,
2046 3599 2108 3639 ac
2140 3586 2185 3639 si

598 3680 886 3733 liberasses
936 3676 1244 3732 mercedem
1292 3677 1567 3746 accipies,
1614 3685 1670 3732 et
1716 3676 1921 3732 efficies
1964 3684 2025 3730 ut
2079 3678 2193 3746 ipse

601 3768 1065 3825 mansuetudinem
1119 3779 1262 3823 tuam
1312 3769 1644 3832 admiretur;
1696 3769 1878 3836 sicque
1907 3770 1973 3822 ad
2023 3769 2190 3823 Deum

598 3870 708 3913 tota
737 3860 852 3912 haec
879 3858 1048 3927 gloria
1083 3858 1350 3912 transibit.
1382 3857 1608 3913 Etiamsi
1635 3858 1778 3913 enim
1808 3859 2065 3913 miracula
2097 3876 2192 3929 pa-

596 3963 731 4020 tres,
781 3951 989 4007 etiamsi
1037 3950 1248 4023 quidvis
1286 3951 1431 4007 aliud
1480 3951 1667 4020 facias,
1720 3968 2007 4022 numquam
2037 3963 2089 4009 te
2119 3953 2191 4008 ita

595 4045 1009 4102 admirabuntur
1054 4046 1307 4116 gentiles,
1351 4054 1411 4101 ut
1456 4061 1578 4100 cum
1613 4056 1662 4100 te
1695 4046 1929 4101 viderint
1982 4047 2189 4109 mitem,

597 4146 957 4205 mansuetum,
1005 4152 1305 4209 suavesque
1347 4152 1527 4192 mores
1567 4137 1933 4192 exhibentem.
1968 4136 2082 4190 Non
2111 4148 2195 4192 est

598 4237 777 4282 autem
820 4229 920 4283 hoc
950 4229 1218 4283 modicum
1263 4226 1474 4282 virtutis
1504 4242 1642 4295 Opus
1672 4245 1685 4280 :
1721 4227 1869 4281 multi
1902 4228 2043 4280 enim
2079 4239 2193 4281 tan-

597 4323 723 4375 dem
750 4336 779 4373 a
814 4320 955 4373 malo
986 4320 1379 4375 liberabuntur.
1412 4318 1713 4375 Nihilenim
1746 4320 1814 4373 ita
1842 4329 2015 4389 potest
2036 4328 2193 4375 attra-

604 4412 754 4477 here,
782 4421 841 4465 ut
867 4412 1085 4465 caritas.
1118 4410 1251 4465 Nam
1282 4422 1502 4481 propter
1530 4411 1620 4465 illa
1643 4412 1857 4481 quidem
1893 4421 1945 4467 te
1973 4412 2193 4468 aemula-

603 4505 824 4570 buntur,
854 4511 1073 4574 propter
1103 4504 1253 4574 signa
1279 4504 1400 4559 dico
1429 4514 1483 4559 et
1511 4504 1765 4559 miracula
1793 4520 1808 4570 ;
1843 4517 2062 4576 prepter
2090 4505 2195 4560 boc

600 4605 780 4650 autem
806 4604 860 4651 et
881 4595 1291 4650 admirabuntur
1315 4605 1371 4651 et
1397 4596 1655 4650 amabunt
1686 4615 1700 4649 :
1740 4604 1791 4650 te
1812 4604 1989 4652 autem
2010 4613 2194 4651 aman-

603 4697 709 4750 tes,
739 4689 1020 4743 veritatem
1069 4688 1208 4743 ultra
1239 4688 1508 4759 progressi
1534 4689 1946 4759 amplectentur.
1981 4690 2038 4745 Si
2067 4705 2195 4747 vero

601 4790 711 4830 non
738 4778 916 4832 statim
946 4779 1037 4833 fiat
1064 4779 1263 4847 fidelis,
1286 4796 1355 4835 ne
1386 4781 1620 4844 mireris,
1654 4796 1828 4851 neque
1857 4798 2066 4853 urgeas,
2100 4799 2195 4838 ne-

600 4882 708 4937 que
754 4867 934 4921 omnia
982 4870 1142 4924 simul
1188 4886 1437 4941 quaeras;
1480 4871 1575 4927 sed
1622 4872 1739 4927 sine
1786 4873 1933 4928 illum
1981 4875 2193 4929 interim

603 4956 845 5022 laudare,
880 4971 1082 5020 amare,
1114 4969 1169 5013 et
1195 4962 1273 5015 sic
1304 4962 1532 5017 ulterius
1564 4963 1863 5031 procedens
1891 4964 2092 5019 veniet.
2129 4965 2194 5019 Et

603 5062 662 5105 nt
690 5050 835 5105 clare
862 5048 1039 5103 discas
1056 5058 1316 5119 quantum
1347 5051 1449 5107 hoc
1474 5055 1564 5118 sit,
1588 5054 1711 5107 audi
1733 5056 2002 5124 quomodo
2030 5055 2190 5111 etiam

604 5141 803 5196 I'aulus
844 5138 1139 5195 infidelem
1162 5138 1398 5209 judicem
1449 5142 1635 5196 adiens
1661 5158 1783 5198 sese
1806 5155 2033 5212 purget:
2064 5162 2187 5200 nam

602 5235 701 5301 ait,
724 5231 937 5286 Beatum
965 5248 1045 5284 me
1067 5230 1323 5296 existimo,
1371 5247 1485 5283 cum
1511 5231 1654 5299 apud
1680 5241 1729 5284 te
1753 5234 1849 5285 sim
1867 5250 1953 5303 ‘me
1977 5236 2029 5288 in
2039 5238 2191 5305 judi-

604 5325 683 5377 cio
707 5324 1007 5395 defensurus
1036 5322 1184 5393 (Act.
1211 5321 1302 5376 26.
1334 5319 1429 5391 2).
1461 5322 1587 5375 Hrcc
1615 5330 1793 5377 autem
1825 5322 2056 5389 dicebat,
2085 5343 2190 5380 non

605 5425 885 5469 assentans
907 5416 979 5480 ei,
999 5413 1159 5480 absit,
1185 5411 1279 5467 sed
1308 5419 1365 5465 ut
1384 5426 1505 5465 eum
1531 5411 1939 5467 mansuetudine
1960 5413 2194 5468 lucrare-

604 5513 711 5556 tur.
744 5505 811 5559 Et
850 5522 915 5561 ex
960 5516 1111 5575 parte
1140 5506 1377 5560 lucratus
1412 5512 1515 5569 est,
1558 5512 1613 5558 ct
1637 5503 1871 5573 judiccm
1905 5506 2068 5573 cepit,
2100 5506 2189 5570 qui

604 5590 861 5651 hactenus
902 5602 1112 5655 crimini
1165 5598 1431 5655 obnoxms
1479 5596 1783 5667 putabatur,
1820 5606 1874 5652 et
1905 5599 2181 5654 victoriam

2304 1304 2387 1340 ma
2416 1289 2771 1344 circumfers?
2795 1291 2921 1361 quid
2954 1307 3085 1362 ergo
3108 1309 3249 1347 nunc
3280 1292 3475 1347 factum
3499 1303 3599 1359 est,
3635 1304 3692 1347 ut
3713 1297 3905 1349 vincu-

2301 1378 2348 1431 la
2380 1379 2727 1450 depreceris?
2753 1382 2867 1437 Non
2903 1385 3017 1453 ipse
3046 1384 3326 1453 deprecor,
3372 1387 3560 1455 inquit,
3602 1402 3782 1456 neque
3815 1404 3905 1441 me

2302 1470 2483 1536 pudet,
2511 1473 2607 1527 sed
2642 1474 2855 1528 illorum
2876 1474 3173 1529 inﬁrmitati
3198 1492 3283 1531 me
3298 1486 3598 1547 attempero
3618 1496 3633 1542 ;
3656 1479 3901 1534 nondum

2297 1564 2439 1615 cnim
2492 1577 2712 1634 possunt
2762 1570 3035 1635 suscipere
3082 1584 3254 1623 meam
3298 1570 3695 1638 gloriationem.
3725 1574 3905 1627 Didici

2298 1663 2476 1707 autem
2509 1670 2537 1708 a
2570 1656 2795 1710 Domino
2827 1673 2968 1722 meo,
2998 1673 3102 1711 non
3128 1658 3515 1714 immittendam
3539 1678 3659 1718 esse
3688 1674 3904 1733 partem

2299 1745 2459 1812 panni
2488 1745 2640 1801 rudis
2668 1748 2718 1800 in
2748 1762 2980 1815 pannum
3004 1760 3239 1804 veterem
3264 1754 3280 1820 (
3308 1751 3491 1805 Matth.
3523 1754 3577 1808 9.
3613 1754 3703 1823 16)
3734 1772 3749 1809 :
3775 1757 3907 1810 ideo

2298 1836 2376 1888 sic
2408 1836 2659 1907 loquutus
2684 1854 2827 1893 sum.
2869 1840 3001 1895 Nam
3034 1843 3175 1897 male
3200 1844 3339 1911 apud
3373 1845 3495 1899 illos
3521 1848 3669 1901 audit
3700 1849 3902 1918 dogma

2297 1938 2565 1991 nostrum,
2614 1939 2669 1983 et
2717 1946 2849 1986 crux
2902 1933 3007 1987 illis
3057 1934 3229 1987 invisa
3276 1944 3377 1989 est.
3411 1936 3464 1991 Si
3506 1953 3635 2008 ergo
3680 1941 3903 1996 vincula

2294 2034 2508 2089 quoque
2535 2019 2803 2090 adjiciam,
2836 2024 3011 2092 majus
3038 2024 3218 2079 odium
3251 2028 3373 2080 erit.
3405 2027 3529 2082 ideo
3556 2029 3669 2084 haec
3700 2043 3857 2086 sustu
3877 2065 3896 2073 -

2296 2109 2356 2175 li,
2404 2120 2461 2165 ut
2492 2112 2622 2166 illud
2668 2124 2812 2168 esset
2854 2126 3156 2184 acceptum.
3186 2116 3399 2171 Etenim
3432 2123 3895 2177 contumeliosum

2297 2204 2401 2257 illis
2437 2204 2649 2258 videtur
2693 2221 2813 2261 esse
2839 2208 3068 2261 vinculis
3094 2210 3411 2278 constringi,
3446 2212 3567 2278 quia
3595 2228 3739 2275 eam,
3773 2230 3901 2282 qua:

2294 2297 2433 2366 apud
2462 2312 2560 2351 nos
2608 2306 2710 2362 est,
2738 2299 2964 2369 gloriam
2989 2300 3226 2354 nondum
3246 2300 3632 2370 ’degustarunt.
3664 2302 3902 2370 Oportet

2296 2388 2461 2457 igitur
2490 2403 2611 2443 sese
2640 2399 3019 2459 attemperare.
3049 2390 3179 2445 Nam
3202 2407 3322 2449 eum
3345 2392 3625 2446 didicerint
3655 2392 3901 2462 philoso-

2298 2478 2470 2545 phari,
2503 2486 2630 2531 tunc
2656 2479 2828 2533 scient
2857 2481 3017 2534 etiam
3062 2480 3221 2551 hujus
3263 2482 3387 2535 ferri
3433 2483 3899 2553 pulchritudinem

2294 2578 2349 2623 et
2373 2570 2713 2639 splendorem
2744 2574 2835 2642 qni
2864 2589 2931 2628 ex
2952 2574 3180 2629 vinculis
3211 2576 3402 2629 oritur.
3430 2574 3565 2630 Cum
3590 2576 3717 2632 aliis
3743 2594 3903 2632 nam-

2295 2676 2397 2729 que
2427 2662 2722 2730 disserens,
2770 2664 2907 2718 banc
2940 2680 3053 2718 rem
3098 2668 3323 2735 gratiam
3353 2676 3510 2721 vocat
3536 2667 3750 2733 dicens,
3783 2668 3902 2722 Da-

2296 2764 2401 2805 tum
2433 2764 2503 2807 est
2546 2754 2687 2808 uoltis
2727 2772 2758 2807 a
2793 2754 2897 2809 Deo
2927 2773 3028 2808 non
3051 2756 3201 2809 modo
3229 2765 3281 2808 ut
3307 2757 3361 2809 in
3400 2758 3568 2826 ipsum
3598 2759 3898 2825 credamus,

2295 2848 2383 2897 sed
2412 2847 2562 2898 etiam
2592 2855 2643 2897 ut
2671 2862 2763 2915 pro
2788 2846 2877 2899 illo
2900 2847 3156 2917 patiamur
3185 2846 3452 2918 (Philipp.
3486 2849 3537 2903 L
3569 2849 3640 2903 29
3669 2850 3687 2921 )
3720 2868 3734 2903 :
3769 2860 3901 2906 tunc

2296 2946 2476 2989 autem
2506 2936 2606 2990 hoc
2641 2952 2804 2990 unum
2845 2938 3139 3006 optandum
3172 2947 3306 3001 erat,
3340 2949 3398 2993 ut
3422 2956 3638 2995 erucem
3670 2945 3904 2999 audieti-

2298 3036 2376 3080 tes
2418 3042 2523 3079 non
2565 3026 2767 3096 pudore
2812 3027 3176 3084 afﬁcerentur.
3235 3031 3524 3099 Propterea
3567 3035 3708 3088 ultra
3764 3051 3901 3105 pro-

2294 3118 2555 3188 greditur.
2596 3118 2714 3174 Nou
2762 3121 2903 3175 enim
2932 3123 2978 3176 si
3024 3123 3143 3191 quis
3200 3124 3252 3176 in
3295 3126 3493 3193 regiam
3542 3114 3778 3195 aliquem
3824 3132 3906 3181 in-

2298 3210 2561 3274 troducat,
2619 3221 2903 3282 antequam
2933 3214 3204 3269 vestibula
3252 3230 3371 3285 quze
3402 3216 3531 3270 foris
3579 3226 3708 3271 sunt
3733 3234 3903 3287 aSpe-

2299 3307 2462 3371 xerit,
2502 3306 2646 3375 cogit
2674 3307 2822 3359 illum
2850 3316 2993 3362 utea
3026 3323 3147 3376 quae
3177 3309 3319 3362 intus
3347 3318 3470 3362 sunt
3493 3310 3746 3365 observet
3779 3330 3791 3366 :
3816 3315 3905 3368 sic

2296 3396 2439 3450 enim
2462 3412 2561 3450 nec
2592 3397 2851 3451 mirabilia
2885 3397 2971 3451 illa
2998 3407 3341 3468 apparerent,
3370 3400 3472 3454 uisi
3495 3401 3614 3469 quis
3635 3402 3771 3455 intra
3800 3419 3909 3472 po-

2297 3491 2452 3553 situs,
2483 3489 2662 3542 omnia
2686 3488 2955 3553 didicerit.
2988 3487 3078 3545 Sic
3105 3490 3282 3560 itaque
3310 3500 3363 3546 et
3394 3507 3493 3546 nos
3520 3493 3908 3548 cumethnicis

2297 3583 2628 3637 disseramus
2659 3598 2782 3637 cum
2829 3584 3300 3653 attemperatione,
3332 3598 3453 3638 cum
3484 3587 3733 3639 caritate.
3772 3586 3908 3641 Haec

2297 3676 2496 3744 quippe
2547 3690 2736 3744 magna
2764 3685 2848 3729 est
2873 3676 3148 3746 magistra,
3179 3690 3298 3744 qua:
3326 3675 3497 3742 possit
3529 3687 3583 3729 et
3607 3677 3679 3729 ab
3706 3693 3908 3731 errore

2297 3768 2585 3833 abducere,
2635 3778 2689 3823 et
2742 3784 2923 3823 mores
2979 3782 3324 3836 componere,
3382 3777 3542 3836 atque
3588 3766 3655 3821 ad
3716 3770 3910 3837 philo-

2298 3861 2541 3928 sophiam
2572 3861 2711 3914 viam
2740 3871 3006 3923 sternere,
3034 3875 3211 3930 exque
3239 3859 3505 3928 lapidibus
3537 3860 3791 3917 homines
3818 3863 3907 3918 fa-

2297 3968 2441 4007 cere.
2476 3952 2614 4006 Etsi
2644 3952 2722 4007 vis
2754 3952 2872 4022 ejus
2900 3953 3150 4006 virtutem
3174 3952 3438 4013 ediscere.
3464 3950 3638 4006 adduc
3660 3953 3798 4008 mihi
3832 3956 3913 4011 vi.

2298 4062 2416 4098 rum
2438 4043 2679 4099 timidum
2708 4053 2763 4098 et
2783 4045 2872 4115 qui
2901 4046 2984 4099 vel
3013 4044 3293 4113 strepitum
3320 4043 3573 4097 formidet
3598 4054 3649 4098 et
3674 4045 3911 4102 umbras

2300 4139 2523 4201 timeat;
2554 4137 2730 4207 sitque
2761 4136 3072 4202 iracundus,
3103 4151 3283 4205 asper,
3314 4144 3368 4190 et
3394 4134 3500 4188 fera
3532 4137 3703 4205 magis
3732 4152 3909 4205 quam

2300 4227 2480 4293 homo,
2516 4229 2667 4283 salax
2709 4238 2764 4283 ct
2806 4228 3145 4287 libidinosus.
3177 4227 3325 4281 nullo
3346 4242 3453 4281 non
3484 4226 3611 4281 vitio
3640 4226 3907 4297 affectus;

2299 4334 2346 4374 Ci
2383 4318 2531 4373 trade
2579 4319 2727 4373 illurn
2767 4318 2818 4372 in
2849 4333 3040 4373 manus
3071 4317 3333 4382 caritatis,
3364 4328 3418 4372 et
3445 4318 3499 4372 in
3528 4317 3632 4373 hoc
3662 4333 3906 4390 gymna-

2299 4411 2435 4464 sium
2463 4409 2654 4474 induc;
2684 4420 2739 4464 et
2767 4411 2875 4464 cito
2902 4408 3106 4463 videbis
3135 4408 3380 4463 timidum
3405 4408 3554 4465 illum
3578 4423 3643 4464 ac
3669 4410 3908 4469 meticu-

2302 4503 2498 4568 losum,
2552 4503 2746 4557 fertem
2794 4499 3053 4557 effectum
3084 4510 3140 4555 et
3165 4500 3346 4572 magni
3371 4501 3557 4567 animi,
3603 4504 3909 4575 omniaque

2301 4593 2455 4647 facile
2509 4593 2818 4647 audentem.
2867 4590 3022 4660 Quod
3084 4599 3263 4648 autem
3310 4593 3556 4647 mirabile
3596 4602 3718 4659 est,
3781 4595 3904 4650 haec

2299 4700 2406 4739 non
2440 4695 2642 4739 mutata
2671 4686 2787 4754 ejus
2816 4694 3006 4741 natura
3036 4686 3189 4751 fiunt,
3218 4686 3311 4741 sed
3340 4685 3393 4739 in
3426 4688 3539 4753 ipsa
3568 4686 3755 4739 timida
3781 4690 3906 4741 ani-

2301 4794 2384 4834 ma
2419 4793 2568 4833 suam
2594 4779 2794 4832 caritas
2820 4778 3056 4831 ostendit
3081 4778 3332 4833 virtutem
3357 4794 3370 4841 ;
3404 4788 3459 4831 et
3488 4779 3707 4845 perinde
3737 4780 3800 4835 lit
3822 4795 3903 4838 at-

2299 4887 2404 4942 que
2428 4871 2471 4924 si
2503 4869 2622 4939 quis
2639 4883 2823 4923 ensem
2842 4868 3172 4937 plumbeum,
3203 4884 3309 4920 non
3338 4869 3570 4923 ferreum
3601 4871 3861 4928 eﬂ'ectnm
3886 4920 3900 4940 ,

2298 4963 2392 5017 sed
2413 4970 2717 5016 manentem
2743 4960 2796 5014 in
2824 4959 3027 5029 plumbi
3052 4969 3262 5028 natura,
3281 4960 3469 5014 efficiat
3489 4972 3545 5018 ut
3565 4964 3754 5021 eadem
3777 4984 3900 5038 qua-

2300 5056 2499 5110 ferrum
2533 5064 2806 5124 operetur.
2838 5052 3090 5105 Animum
3112 5061 3291 5107 autem
3314 5053 3513 5109 adhibe
3545 5056 3751 5112 :Jacob
3780 5061 3901 5113 sine

2300 5149 2422 5202 fuco
2449 5154 2583 5210 erat,
2617 5143 2762 5199 domi
2793 5142 3042 5197 habitans
3071 5152 3127 5198 et
3149 5143 3392 5201 laborum
3424 5149 3899 5219 periculorumque

2298 5253 2512 5307 expers,
2544 5237 2707 5290 vitam
2740 5234 3030 5305 quamdam
3056 5248 3224 5305 agens
3250 5238 3527 5291 remissam
3555 5247 3612 5293 et
3639 5240 3893 5303 liberam,

2298 5338 2351 5381 et
2380 5328 2515 5380 sicut
2538 5327 2686 5395 virgo
2714 5326 2765 5380 in
2811 5324 3067 5389 thalamo,
3101 5325 3183 5381 sic
3207 5327 3351 5381 intus
3376 5327 3592 5393 sedens,
3626 5336 3686 5383 ut
3714 5328 3891 5397 pluri-

2299 5434 2442 5471 mum
2468 5418 2685 5473 domum
2718 5433 2936 5473 servare
2962 5418 3275 5488 cogebatur,
3304 5434 3334 5474 a
3358 5418 3459 5475 fori
3494 5420 3722 5475 tumultu
3750 5432 3807 5477 et
3825 5425 3896 5479 ab

2297 5509 2547 5565 omnibus
2569 5510 2877 5578 hujusmodi
2893 5510 3041 5571 liber.
3065 5525 3275 5581 semper
3293 5522 3473 5567 autem
3497 5512 3549 5565 in
3571 5512 3755 5579 quiete
3771 5518 3891 5571 etin

2300 5602 2686 5671 tranquillitate
2719 5617 2960 5657 manens.
3007 5600 3145 5671 Quid
3178 5603 3381 5675 igitur?
3422 5601 3711 5673 reatquam
3737 5605 3887 5663 illum
