4076 6336
7 386 97 441 985

11 506 77 553 tax
106 495 313 553 amoris
346 492 618 557 accendit.
664 488 792 547 vide
819 487 1091 559 quomodo
1117 485 1418 555 simplicem
1446 481 1598 535 illum

10 601 56 647 et
75 590 297 645 domum
327 586 680 652 incolcntem,
700 581 894 641 fortem
911 588 965 635 et
990 578 1325 634 laboriosum
1347 571 1600 634 reddide-

12 683 104 736 rit:
135 686 193 735 et
232 678 344 734 hoc
378 691 487 734 non
522 691 554 732 a
582 688 693 740 me,
733 672 830 730 sed
869 671 939 726 ab
978 672 1097 741 ipso
1122 664 1423 738 patriarcha
1453 663 1602 717 audi.

12 772 258 825 Socerum
285 768 437 821 enim
470 765 743 828 incusans,
775 762 851 815 ait
876 778 890 814 :
927 757 1038 814 Bos
1059 756 1233 828 viginti
1255 770 1418 809 annos
1444 761 1605 807 tecum

13 876 90 931 ego
112 874 226 914 sunt
257 856 419 928 (Gen.
443 857 531 912 3i.
556 855 651 912 33.
678 854 750 910 ιο
767 852 811 923 ).
843 851 909 906 Et
929 847 1200 921 quomodo
1230 846 1372 902 fuisti
1404 844 1504 899 hos
1526 842 1609 897 vi-

15 950 128 1019 ginti
173 948 401 1003 annos?
442 962 565 1007 nam
600 955 657 1002 et
700 945 803 1000 hoc
838 957 1055 1015 quoque
1090 940 1330 1009 adjecit:
1378 935 1606 990 Adams

21 1050 132 1094 cstu
160 1038 269 1093 diei
293 1048 345 1092 et
375 1039 566 1109 [rigore
600 1038 785 1102 noctis,
816 1043 863 1089 et
888 1029 1125 1087 abscessit
1153 1044 1361 1084 somnus
1388 1025 1452 1079 ab
1478 1042 1607 1080 oeu-

16 1136 67 1187 iis
91 1134 235 1185 meis.
255 1129 395 1186 utre
416 1129 505 1185 ille
528 1128 647 1184 sine
671 1126 812 1187 fuco,
845 1125 935 1195 qui
963 1121 1109 1178 domi
1141 1118 1417 1174 habitabat
1434 1131 1499 1171 ac
1523 1132 1610 1171 re-

16 1224 220 1276 missam
272 1220 513 1276 ducebat
561 1219 753 1273 vitam.
790 1213 945 1283 Quod
975 1221 1153 1268 autem
1195 1207 1411 1262 timidus
1439 1217 1605 1272 esset,

17 1316 173 1382 palam
201 1324 289 1370 est
318 1328 389 1369 ex
415 1326 483 1369 eo
510 1310 684 1382 quod,
710 1323 832 1364 cum
860 1320 921 1360 se
951 1305 1093 1359 Esau
1118 1303 1608 1368 visurumexspec-

20 1415 166 1471 taret,
222 1415 377 1461 metu
421 1409 743 1458 moreretur.
789 1396 893 1453 Sed
940 1394 1061 1449 vide
1100 1408 1311 1449 rursum
1338 1391 1610 1460 quomodo

18 1500 96 1552 ille
123 1495 349 1552 timidus
378 1497 533 1550 leone
553 1490 809 1549 audacior
830 1504 898 1544 ex
923 1501 1109 1541 amore
1138 1484 1307 1538 factus
1334 1484 1423 1537 sit.
1474 1479 1608 1535 Nam

18 1589 149 1642 velut
176 1586 400 1656 quidam
455 1591 819 1653 propugnator
844 1588 968 1633 ante
998 1576 1135 1630 alios
1160 1588 1351 1629 omnes
1380 1572 1608 1641 positus,

22 1686 227 1750 paratus
271 1687 397 1732 erat
444 1674 677 1730 ferocem
718 1672 863 1725 illum
895 1678 951 1724 et
974 1667 1175 1723 caedem
1204 1665 1520 1734 spirantem,
1552 1668 1611 1714 ut

21 1768 377 1833 existimabat,
421 1767 625 1837 primus
649 1762 922 1832 excipere,
954 1770 1007 1814 et
1034 1760 1087 1813 itt
1113 1770 1341 1826 corpore
1361 1767 1460 1808 suo
1487 1767 1611 1806 mtt-

21 1861 224 1917 Iicribus
252 1860 604 1916 securitatem
633 1870 918 1926 apparare,
946 1864 1002 1908 et
1027 1867 1149 1908 eum
1174 1864 1334 1921 quem
1361 1847 1613 1903 timuerat

23 1965 69 2007 et
97 1952 504 2016 formidaverat,
533 1949 739 2018 primus
779 1941 1189 2017 instructagacie
1216 1940 1400 1996 videre
1424 1938 1610 2009 cupie-

27 2046 123 2098 bat.
173 2042 289 2098 Hoc
330 2042 549 2112 quippe
578 2039 771 2094 timore
798 2036 990 2091 fortior
1017 2042 1138 2089 erat
1167 2047 1395 2089 uxorum
1434 2043 1611 2085 amor.

24 2138 194 2194 Viden‘
243 2135 538 2207 quomodo,
560 2131 778 2187 timidus
823 2144 947 2185 cum
990 2136 1160 2191 esset,
1205 2126 1379 2179 audax
1433 2122 1612 2178 subito
1673 2167 1676 2170 .

26 2234 177 2285 factus
213 2229 305 2294 sit,
340 2242 448 2282 non
476 2232 680 2280 mutato
711 2222 915 2286 habitu,
948 2219 1042 2275 sed
1068 2219 1137 2273 ab
1161 2231 1347 2271 amore
1370 2214 1599 2269 robora-

28 2323 130 2376 tus?
152 2320 287 2375 Nam
313 2315 459 2387 quod
488 2316 650 2372 etiam
681 2322 866 2385 postea
893 2310 1113 2367 timidus
1137 2317 1302 2374 esset,
1332 2307 1507 2377 palam
1526 2314 1614 2365 est

26 2430 79 2465 ex
109 2426 192 2475 eo,
224 2408 373 2481 quod
403 2408 584 2463 locum
613 2421 681 2462 ex
711 2404 833 2458 loco
858 2410 1108 2473 mutaret.
1137 2398 1242 2455 Sed
1274 2413 1434 2455 nemo
1464 2405 1615 2467 putet

27 2520 101 2569 ea,
148 2517 269 2572 qua:
312 2500 459 2556 dicta
505 2506 650 2563 sunt,
688 2496 818 2567 justi
863 2508 986 2553 esse
1027 2490 1447 2548 accusationem.
1496 2487 1611 2543 Non

28 2595 152 2646 enim
197 2590 451 2645 timidum
477 2602 599 2643 esse
638 2586 793 2654 culpa
823 2593 906 2639 est
938 2601 952 2637 :
981 2597 1104 2637 nam
1133 2580 1237 2635 hoc
1264 2590 1347 2636 est
1370 2588 1611 2643 natura);

29 2685 107 2739 sed
128 2700 190 2737 ex
221 2685 422 2737 timore
444 2677 645 2748 aliquid
675 2687 869 2733 contra
899 2673 1138 2729 oflicium
1168 2683 1405 2742 patrare.
1431 2671 1615 2724 Potest

30 2777 151 2829 inim
192 2773 315 2843 quis
354 2781 543 2825 natura
584 2766 823 2826 timidus.
875 2780 903 2817 a
938 2765 1132 2833 pietate
1159 2764 1311 2815 fortis
1343 2770 1399 2814 et
1432 2759 1611 2843 magni

32 2858 173 2911 animi
213 2841 380 2911 eflici.
416 2852 551 2920 Quid
584 2861 761 2906 autem
794 2848 1049 2919 Moyses?
1075 2844 1253 2901 annon
1300 2841 1610 2915 [Egyptium

35 2966 175 3005 unum
208 2947 411 3003 timens
438 2945 590 3017 fugit,
624 2953 678 2998 et
704 2943 756 2997 in
782 2941 1030 2997 exsilium
1060 2939 1192 2994 ivit?
1223 2938 1474 2993 Attamen
1520 2933 1613 2988 ille

33 3044 284 3114 fugitivus,
314 3040 407 3110 qui
434 3040 535 3093 viri
563 3034 720 3092 unius
742 3036 914 3089 minas
945 3048 1050 3087 non
1082 3032 1298 3094 tulerat,
1324 3039 1606 3099 postquam

33 3132 245 3201 gustavit
276 3130 387 3186 mel
408 3126 670 3189 caritatis,
702 3123 928 3195 pulchre
948 3138 1013 3177 ac
1039 3123 1253 3176 nemine
1274 3128 1523 3189 cogente,
1556 3124 1616 3170 ut

960 373 1024 430 IN
1062 370 1280 437 EPIST.
1322 370 1342 426 Ι
1407 368 1498 425 AD
1532 366 1690 426 COR.
1730 362 1963 423 IIOIIIL.
2002 361 2247 419 XXXIV.

3188 354 3300 408 286
3344 395 3349 400 .

1711 492 1813 531 una
1834 491 1957 532 cum
1986 473 2197 529 dilectis
2223 472 2427 543 periret
2473 462 2775 523 festinabat.
2818 466 2881 523 Si
2906 468 3079 530 enim,
3107 467 3301 535 inquit.

1711 566 1922 621 dimittis
1962 565 2065 619 illis
2099 572 2379 632 peccatum,
2421 558 2652 622 dimitte;
2694 558 2773 611 sin
2803 556 2999 621 minus,
3021 566 3068 610 et
3089 572 3168 610 me
3187 558 3316 617 dele.

1714 658 1778 711 de
1806 657 1942 711 libro.
1961 665 2071 718 tuo,
2096 668 2244 724 quem
2271 649 2520 721 scripsisti
2543 647 2740 718 (Exod.
2771 646 2861 703 δελ
2886 646 3000 714 τις).
3028 645 3182 711 Quod
3205 660 3301 701 au‘

1714 761 1819 805 tem
1845 762 2001 802 amor
2037 755 2094 801 et
2131 756 2337 801 trucem
2368 750 2727 806 mansuetum,
2753 748 2808 794 et
2833 735 3176 792 libidinosum
3212 752 3304 791 ca.

1710 850 1850 894 stum
1881 835 2105 900 efﬁciat,
2136 850 2242 889 non
2275 834 2362 887 hic
2396 832 2533 886 ultra
2573 828 2837 897 exemplis
2861 827 3015 881 nobis
3041 840 3212 897 opus;
3245 826 3300 882 id

1708 934 1851 984 enim
1872 926 2122 985 omnibus
2151 929 2325 993 palam
2354 932 2439 976 est
2463 938 2477 974 :
2507 919 2718 974 etiamsi
2749 919 2863 973 fera
2889 918 3075 990 quavis
3104 918 3298 971 imma-

1714 1020 1835 1074 nior
1874 1018 1994 1088 quis
2033 1016 2212 1077 fuerit,
2255 1028 2367 1067 ove-
2395 1011 2724 1067 mansuetior
2740 1026 2815 1064 ex
2844 1024 3029 1065 amore
3049 1007 3301 1063 efficitur.

1710 1108 1844 1164 Nam
1891 1104 2017 1176 quid
2065 1102 2239 1161 Sat'tle.
2277 1101 2563 1157 immanius
2613 1109 2667 1152 et
2716 1099 2969 1153 furiosius
2997 1096 3157 1151 erat!
3195 1095 3306 1153 Sed

1711 1196 1926 1270 quando
1949 1196 2058 1251 lilia
2088 1195 2207 1264 ejus
2230 1193 2502 1248 inimicum
2530 1191 2713 1256 solvit,
2745 1205 2813 1244 ne
2837 1189 3060 1244 verbum
3088 1189 3306 1259 quidem

1716 1304 1958 1344 amarum
1988 1295 2177 1342 contra
2197 1284 2339 1338 illam
2366 1282 2581 1337 emisit:
2604 1288 2657 1334 et
2676 1279 2763 1348 qui
2787 1278 3100 1334 sacerdotes
3119 1293 3315 1332 omnes

1716 1382 1928 1452 penitus
1970 1379 2312 1434 interfecerat
2355 1382 2576 1448 pr0pter
2617 1371 2895 1435 Davidem,
2935 1371 3097 1425 ﬁliam
3122 1370 3316 1426 videns

1715 1487 1835 1541 quae
1863 1485 1927 1525 ex
1951 1469 2114 1523 domo
2144 1468 2293 1522 illum
2318 1469 2597 1531 emiserat,
2626 1478 2694 1519 ne
2723 1462 2890 1533 verbo
2910 1462 3126 1532 quidem
3155 1472 3314 1517 tenus

1713 1562 1976 1617 adversus
2020 1561 2167 1614 illam
2198 1558 2505 1626 indignatus
2531 1564 2634 1619 est,
2668 1554 2880 1610 etiamsi
2923 1555 3070 1610 fraus
3096 1556 3181 1610 illa
3213 1558 3311 1608 ad-

1712 1666 1924 1707 versum
1946 1666 2005 1704 se
2030 1649 2289 1703 adornata
2312 1646 2501 1701 fuisset
2526 1664 2539 1698 :
2572 1647 2876 1715 petentiore
2902 1661 3132 1716 namque
3153 1661 3308 1699 amo-

1714 1744 1791 1799 ris
1826 1741 1982 1797 freno
2021 1738 2383 1795 detinebatur.
2438 1737 2506 1792 Ut
2544 1748 2725 1790 autem
2767 1748 3098 1802 mansuetos,
3142 1738 3215 1790 ita
3247 1748 3306 1792 et

1716 1838 2075 1902 temperantes
2092 1828 2231 1885 solet
2244 1827 2441 1883 caritas
2455 1827 2633 1882 facere
2661 1842 2677 1881 :
2708 1826 2897 1897 si-quis
2916 1828 3061 1881 enim
3085 1841 3310 1882 uxorem

1719 1942 1872 1981 suam
1902 1932 2068 1989 amat,
2100 1933 2159 1977 ut
2180 1937 2361 1977 amare
2390 1927 2626 1990 oportet,
2650 1916 2994 1984 quantumvis
3022 1926 3212 1972 natura
3240 1919 3313 1971 sit

1716 2020 2056 2077 libidinosus.
2085 2012 2377 2086 numquam
2409 2014 2568 2067 aliam
2596 2010 2817 2077 videbit,
2846 2024 2959 2065 sua:
2979 2024 3164 2079 amore
3214 2009 3313 2064 du-

1715 2123 1869 2176 ctus:
1905 2126 2024 2164 nam
2056 2110 2152 2176 ait,
2177 2106 2352 2162 Fortis
2377 2116 2449 2161 est
2476 2114 2531 2159 ut
2558 2120 2695 2159 mors
2723 2102 2923 2158 dilecdo
2951 2101 3122 2173 (Cant.
3148 2100 3204 2157 8.
3231 2102 3314 2169 6).

1715 2202 1901 2273 Itaque
1970 2217 2079 2256 non
2138 2199 2355 2254 aliunde
2423 2198 2543 2268 quis
2610 2196 2935 2251 libidinosus
2980 2203 3102 2261 est,
3154 2209 3314 2265 quam

1716 2294 1857 2365 quod
1930 2308 2037 2347 non
2090 2302 2257 2347 amet.
2318 2290 2584 2358 Quoniam
2641 2286 2805 2359 igitur
2863 2287 3041 2343 omnis
3101 2288 3319 2344 virtutis

1716 2382 1897 2453 opifex
1926 2393 2005 2436 est
2049 2382 2266 2444 caritas,
2298 2395 2443 2455 cum
2474 2380 2819 2435 accuratione
2864 2378 3013 2434 omni
3064 2377 3213 2434 illam
3263 2380 3317 2433 in

1727 2474 1924 2529 animis
1965 2474 2167 2527 nostris
2214 2471 2539 2536 inseramus,
2582 2479 2639 2524 ut
2680 2471 2837 2524 nobis
2872 2470 3036 2523 multa
3078 2468 3322 2523 conferat

1719 2567 1883 2631 bona,
1917 2575 1972 2621 et
1999 2565 2219 2621 uberem
2250 2563 2366 2633 ejus
2398 2561 2627 2616 fructum
2656 2568 2916 2629 perpetuo
2942 2559 3318 2627 decerpsimus,

1718 2672 1941 2727 semper
1971 2659 2260 2719 virentem,
2289 2654 2378 2724 qui
2408 2668 2701 2723 numquam
2729 2661 3043 2706 marcescat.
3068 2650 3158 2705 Sic
3174 2650 3318 2704 enim

1719 2764 1917 2803 aeterna
1970 2763 2375 2817 consequemur
2411 2748 2547 2801 bona
2578 2762 2592 2799 :
2632 2761 2752 2814 qua:
2782 2744 2982 2798 utinam
3012 2758 3108 2797 nos
3134 2756 3322 2798 omnes

1718 2838 1939 2906 adipisci
1986 2837 2284 2907 centingat,
2337 2837 2505 2902 gratia
2533 2845 2588 2888 et
2624 2834 2955 2904 benignitate
2985 2834 3195 2888 Domini
3222 2848 3320 2887 no-

1726 2928 1823 2983 stri
1854 2928 1980 2983 Jcsu
2011 2926 2232 2987 Christi.
2266 2925 2356 2995 qui
2386 2939 2508 2979 cum
2540 2924 2683 2979 Patri
2714 2940 2923 2994 unaque
2949 2924 3167 2996 Spiritui
3196 2939 3322 2978 san-

1718 3030 1807 3075 cto
1852 3021 2043 3091 gloria,
2083 3020 2395 3089 imperium,
2442 3018 2639 3083 honor,
2666 3033 2811 3071 nunc
2834 3026 2888 3071 et
2916 3033 3153 3087 semper,
3184 3026 3239 3073 ct
3263 3017 3317 3071 in

1720 3113 1919 3169 stt-cuia
1951 3113 2296 3167 saeculorum.
2329 3112 2523 3166 Amen.

1987 3172 2045 3239 ί

1376 3325 1715 3388 HOMILIA
1761 3316 2057 3390 XXkW.

39 3483 149 3537 CAP.
170 3484 254 3537 I3.
276 3498 329 3536 v.
358 3481 411 3535 8.
438 3479 555 3534 Sive
580 3476 861 3548 prophetia:
881 3472 1276 3538 evacuabuntur,
1306 3470 1409 3526 sive
1430 3470 1619 3539 lingua:

314 3570 613 3635 cessabunt,
646 3571 748 3624 sive
776 3567 983 3621 scientia
1015 3566 1320 3619 destruetur.

107 3711 152 3763 I.
188 3707 324 3763 Cum
354 3708 593 3762 Caritatis
631 3704 1008 3760 excellentiam
1045 3699 1409 3762 ostendisset,
1460 3714 1527 3753 ex
1557 3713 1623 3753 eo

49 3800 173 3869 quod
208 3811 263 3853 et
299 3801 625 3853 charismata
666 3806 720 3851 et
754 3811 815 3849 ca
854 3810 973 3863 quae
1013 3794 1064 3845 in
1104 3792 1209 3846 vita
1244 3791 1501 3861 prmclare
1532 3803 1624 3858 ge-

49 3903 225 3947 runtur
250 3906 312 3945 ea
348 3872 653 3960 indigeant;
686 3904 750 3941 ex
773 3903 838 3941 co
869 3886 1007 3956 quod
1040 3885 1156 3954 ejus
1182 3899 1371 3939 omnes
1400 3883 1624 3936 virtutes

50 3984 449 4050 enumeraverit,
480 3991 535 4037 et
554 3981 809 4051 perfectae
841 3981 1193 4050 philosophia:
1220 3978 1623 4033 fundamentum

50 4092 155 4130 esse
193 4075 466 4143 probarit;
515 4088 581 4127 ex
626 4073 733 4127 alio
778 4087 966 4126 rursus
1007 4072 1269 4139 tertioque
1295 4071 1469 4139 capite
1508 4070 1624 4138 ejus

52 4166 267 4222 ostendit
297 4166 637 4235 dignitatem.
673 4163 739 4217 Et
787 4164 889 4217 hoc
938 4162 1100 4227 facit,
1144 4170 1254 4215 tum
1294 4171 1351 4215 ut
1390 4161 1494 4215 illis
1532 4162 1624 4231 qui

56 4259 298 4313 imminuti
338 4273 459 4313 esse
496 4258 820 4312 videbantur
852 4255 1172 4325 persuadeat
1200 4254 1360 4309 licere
1389 4255 1517 4324 ipsis
1547 4257 1623 4309 si-

54 4364 261 4419 gnorum
287 4349 447 4403 etiam
480 4359 641 4419 caput
670 4364 766 4404 seu
798 4347 1105 4401 facultatem
1136 4345 1352 4407 habere.
1386 4346 1627 4416 nihilque

57 4446 216 4497 minus
245 4441 491 4497 obtinere
532 4456 689 4509 quam
734 4441 770 4493 ii
816 4440 902 4508 qui
948 4438 1266 4491 charismata
1299 4438 1535 4505 habent,
1581 4441 1626 4495 si

56 4535 182 4587 illam
214 4532 464 4597 habeant,
496 4532 606 4586 imo
633 4531 803 4585 multo
834 4530 1041 4597 majus;
1078 4538 1185 4582 tum
1230 4532 1392 4586 etiam
1436 4541 1495 4586 ut
1532 4547 1626 4589 eos

58 4625 135 4692 qui
162 4623 359 4692 majora
393 4622 716 4677 charismata
749 4622 1011 4677 haberent
1044 4620 1275 4689 indeque
1301 4624 1628 4680 extolleren-

59 4728 150 4780 tur,
180 4716 300 4771 hinc
327 4716 628 4786 deprimat,
676 4727 729 4772 et
772 4716 1022 4790 ostendat
1066 4731 1159 4769 eos
1203 4716 1335 4771 nihil
1388 4719 1621 4783 habere,

59 4810 143 4862 nisi
171 4808 301 4862 hanc
330 4809 628 4865 obtineant.
662 4811 737 4865 Ita
760 4812 903 4865 enim
930 4823 1049 4863 sese
1075 4820 1130 4864 et
1162 4820 1347 4865 mutuo
1374 4812 1625 4868 dilecturi

59 4908 230 4965 erant,
265 4899 464 4953 invidia
495 4910 550 4955 ct
601 4902 903 4971 arrogantia
950 4900 1028 4953 sic
1054 4899 1123 4953 de
1154 4900 1332 4956 medio
1366 4903 1624 4971 sublatis,

61 4998 107 5042 et
148 5002 323 5043 rut-Sus
366 5003 493 5045 sese
538 5000 722 5047 mutuo
762 4991 1044 5060 diligentes
1068 5030 1083 5056 ,
1133 4989 1249 5044 haec
1278 4992 1401 5045 vitia
1442 4996 1625 5061 procul

63 5079 394 5134 amandabant
424 5097 437 5132 :
461 5095 585 5134 nam
613 5082 814 5137 Caritas
834 5099 935 5136 non
955 5081 1245 5147 aemulatur,
1271 5099 1369 5136 non
1392 5085 1623 5153 inﬂatur.

64 5170 222 5241 Imque
249 5186 401 5225 muro
435 5171 554 5225 illos
583 5175 819 5246 undique
849 5174 1157 5230 firmissimo
1187 5175 1372 5239 cinxit,
1401 5185 1456 5228 et
1486 5178 1625 5231 mul-

68 5264 208 5331 tiplici
236 5263 547 5330 concordia,
574 5280 693 5334 quae
718 5269 936 5323 morbos
963 5282 1154 5323 omnes
1185 5267 1397 5321 tolleret
1422 5276 1477 5322 et
1503 5268 1628 5325 hinc

66 5370 230 5411 rursus
258 5354 452 5410 fortior
482 5355 759 5412 cvaderet.
791 5358 1024 5427 Ideoque
1064 5359 1482 5416 innumerabiles
1512 5364 1626 5430 agi-

67 5445 177 5500 tavit
202 5448 454 5513 rationes,
489 5460 609 5512 qua:
658 5458 877 5513 possent
921 5450 1159 5519 ipsorum
1210 5450 1448 5505 dolorem
1493 5467 1625 5506 con-

68 5539 226 5594 solari.
290 5538 420 5593 Nam
479 5536 619 5590 idem
677 5536 772 5590 dat
827 5539 1099 5607 Spiritus,
1159 5542 1371 5612 inquit,
1440 5552 1495 5597 et
1558 5546 1625 5599 ad

70 5630 322 5686 utilitatem
351 5631 464 5695 dat,
488 5638 542 5683 et
570 5637 627 5682 ut
656 5628 769 5681 vult
794 5627 1002 5696 dividit,
1046 5643 1100 5687 et
1126 5638 1289 5703 gratis
1318 5636 1481 5692 dans.
1520 5651 1625 5691 non

70 5721 264 5785 delictis,
288 5722 495 5776 dividit.
527 5718 743 5774 Etiamsi
766 5734 894 5773 vero
923 5736 1105 5789 parum
1127 5726 1417 5794 acceperis,
1436 5726 1627 5780 simili-

75 5810 137 5857 lt‘r
162 5823 220 5861 es
240 5828 460 5883 corpore
488 5829 569 5878 es,
599 5822 648 5866 et
682 5811 851 5865 multo
876 5813 954 5866 sic
978 5815 1137 5869 etiam
1169 5817 1361 5874 frueris
1384 5818 1621 5875 honore:

1732 3479 1794 3519 ac
1824 3466 1913 3533 qui
1948 3463 2119 3532 majus
2152 3461 2311 3517 habet
2334 3505 2346 3523 ,
2380 3471 2432 3517 te
2462 3463 2549 3531 qui
2578 3462 2758 3517 minus
2790 3461 2958 3518 habes
2988 3463 3227 3534 indiget:
3270 3474 3326 3520 et

1735 3556 2025 3608 maximum
2052 3553 2341 3616 charisma,
2370 3552 2829 3621 excellentiorque
2855 3554 2939 3607 via
2960 3562 3043 3607 est
3068 3554 3284 3609 caritas.

1806 3644 2001 3697 Caritas
2047 3644 2217 3695 omnia
2257 3645 2388 3697 tollit
2436 3645 2591 3696 mala.
2617 3644 2835 3697 -—II'.I:c
2867 3658 3030 3713 porro
3070 3644 3281 3699 dicebat
3305 3686 3322 3711 ,

1729 3735 1928 3803 duplici
1963 3734 2176 3787 vinculo
2202 3734 2475 3803 stringens
2508 3734 2627 3788 illos
2658 3734 2884 3787 invicem
2914 3752 2928 3797 ;
2967 3745 3019 3788 et
3058 3735 3197 3804 quod
3228 3752 3325 3805 pu-

1730 3836 1906 3882 tarent
1944 3843 2004 3881 se
2037 3842 2140 3880 non
2183 3828 2360 3880 minus
2391 3826 2588 3880 habere
2619 3827 2708 3880 illa
2743 3837 3043 3895 praesente,
3085 3838 3137 3881 et
3181 3829 3323 3896 quod

1730 3918 1796 3973 ad
1826 3919 1967 3972 illam
1996 3927 2344 3972 accnrrentes
2372 3917 2623 3985 illamque
2648 3917 2952 3971 obtinentes
2976 3958 2990 3983 ,
3025 3918 3156 3971 nihil
3182 3919 3317 3970 ultra

1732 4009 2023 4063 humanum
2073 4019 2406 4078 paterentur,
2455 4020 2564 4063 tum
2605 4010 2726 4078 quia
2763 4009 2999 4064 radicem
3030 4010 3325 4064 charisma-

1732 4107 1842 4152 tum
1878 4098 2141 4152 haberent
2169 4139 2183 4162 ,
2225 4108 2335 4152 tum
2368 4099 2487 4165 quia
2534 4113 2637 4151 non
2680 4100 2817 4152 ultra
2866 4108 3116 4168 possent,
3161 4100 3322 4152 etiam

1730 4194 1774 4245 si
1825 4190 1957 4243 nihil
1992 4190 2246 4243 haberent
2268 4232 2281 4253 ,
2314 4189 2664 4244 contendere.
2703 4190 2833 4243 Nam
2866 4192 2951 4258 qui
2982 4190 3143 4243 semel
3176 4206 3202 4242 a
3230 4206 3322 4243 οιι-

1731 4283 1890 4337 riiate
1930 4293 2117 4350 captus
2163 4290 2285 4346 cst,
2331 4297 2359 4333 a
2408 4281 2753 4335 contentione
2794 4281 2930 4334 liber
2979 4288 3082 4333 est.
3124 4281 3323 4347 Quam-

1730 4372 1915 4427 obrem
1946 4371 2268 4435 ostendens,
2303 4380 2498 4439 quanta
2529 4371 2651 4425 inde
2680 4370 2817 4424 bona
2848 4371 3151 4439 decerpturi
3176 4374 3284 4425 sint
3304 4416 3319 4433 ,

1730 4464 1937 4519 fructus
1978 4468 2095 4532 ejus
2137 4464 2460 4531 descripsit,
2509 4479 2605 4531 per
2644 4464 2787 4517 illius
2822 4465 3065 4518 cncotnia
3105 4466 3324 4518 morbos

1731 4555 1946 4608 illorum
1991 4556 2312 4624 reprimens.
2357 4555 2568 4609 Etenim
2605 4554 2724 4623 qtae
2759 4554 2896 4607 dicta
2938 4564 3064 4608 sunt
3095 4556 3322 4624 singula,

1733 4645 2076 4713 pharmacum
2106 4654 2260 4699 erant
2289 4645 2428 4712 quod
2458 4646 2722 4699 sufﬁceret
2754 4646 2818 4697 ad
2851 4646 3062 4701 illorum
3089 4647 3322 4699 curanda

1730 4735 1975 4788 vulnera.
2006 4736 2238 4803 Ideoque
2271 4735 2502 4795 dicebat,
2536 4734 2748 4787 Patiens
2778 4745 2881 4799 est,
2924 4736 3189 4791 adversus
3229 4757 3325 4792 eos

1730 4825 1819 4892 qui
1853 4826 1993 4877 inter
2024 4838 2082 4877 se
2110 4824 2445 4877 contendunt
2472 4841 2485 4889 ;
2526 4822 2754 4894 Benigna
2792 4836 2864 4878 est
2885 4868 2900 4889 ,
2944 4826 3201 4883 adversus
3232 4846 3325 4884 eos

1730 4914 1821 4983 qui
1848 4913 2112 4967 dissident
2132 4921 2186 4967 et
2206 4913 2416 4967 occulto
2444 4914 2687 4968 feruntur
2710 4915 2832 4967 odio
2855 4932 2866 4981 ;
2888 4915 3007 4969 Non
3027 4921 3318 4983 (t’nmlntm',

1729 5015 1914 5058 contra
1946 5020 2043 5059 eos
2076 5004 2165 5072 qui
2214 5004 2449 5059 invident
2487 5005 2602 5073 plus
2644 5005 2998 5069 habentibus;
3052 5006 3172 5057 Non
3218 5010 3320 5074 agit

1732 5112 2032 5164 perperam,
2065 5095 2322 5147 adversus
2354 5110 2446 5148 eos
2476 5096 2563 5162 qui
2595 5094 2844 5161 disjnneti
2885 5102 3042 5156 sunt;
3088 5094 3208 5147 Non
3239 5099 3320 5149 iu-

1730 5190 1907 5258 ﬂatur,
1941 5197 2125 5243 contra
2153 5202 2248 5241 eos
2274 5188 2363 5257 qui
2391 5190 2441 5240 in
2470 5187 2602 5239 alios
2633 5186 2995 5249 extolluntur;
3029 5183 3147 5238 Non
3178 5187 3322 5241 inde-

1730 5296 1845 5333 core
1873 5281 1997 5352 agit,
2023 5290 2207 5333 contra
2236 5293 2329 5332 eos
2355 5278 2443 5347 qui
2473 5276 2658 5329 nolunt
2686 5293 2744 5329 se
2774 5285 3166 5345 attetnperare;
3199 5278 3319 5332 Non

1729 5372 1907 5439 quaerit
1936 5386 2050 5439 qua:
2078 5387 2171 5423 sua
2198 5380 2332 5432 sunt,
2364 5368 2623 5421 adversus
2650 5383 2744 5422 eos
2772 5369 2859 5438 qui
2890 5380 3116 5424 cu'teros
3144 5370 3321 5439 despi-

1729 5461 1873 5514 ciunt
1898 5477 1912 5524 ;
1939 5460 2060 5513 Non
2089 5462 2339 5525 irritatur,
2367 5476 2465 5513 non
2489 5460 2675 5528 cogitat
2702 5461 2915 5525 malum,
2943 5461 3199 5515 adversus
3225 5478 3320 5516 eos

1731 5552 1819 5619 qui
1848 5550 2227 5604 contumeliam
2259 5549 2497 5603 inferunt
2522 5565 2536 5613 ;
2587 5549 2707 5604 Non
2739 5553 2923 5621 gaudet
2949 5565 3101 5618 super
3128 5552 3317 5621 iniqui-

1730 5653 1859 5704 tate,
1896 5642 2177 5712 congaudet
2212 5652 2382 5695 autem
2412 5644 2609 5697 veritati
2628 5684 2644 5709 ,
2686 5658 2871 5697 rursus
2900 5642 3158 5698 adversus
3186 5646 3320 5699 invi-

1728 5732 1826 5786 dos
1851 5748 1864 5796 ;
1897 5731 2081 5785 Omnia
2115 5731 2311 5797 διάγω-ι,
2336 5733 2593 5787 adversus
2614 5749 2707 5787 eos
2728 5734 2815 5802 qui
2841 5733 3061 5788 insidias
3086 5746 3306 5805 parant;

1733 5825 1918 5879 Omnia
1964 5836 2169 5892 δραι-ιιι,
2204 5827 2459 5882 adversus
2503 5844 2596 5880 eos
2641 5828 2729 5896 qui
2770 5827 3093 5898 desperant;
3130 5829 3318 5887 Omnia
