4086 6340
607 172 711 227 187

608 288 841 349 sustinet,
868 299 1144 351 numquam
1167 281 1380 346 excidit,
1408 292 1594 335 contra
1622 296 1718 336 eos
1744 281 1833 351 qui
1867 280 2021 335 facile
2048 281 2205 335 dissi-

608 378 760 433 dent.
808 374 947 444 Quia
991 372 1144 442 igitut
1198 373 1347 425 illam
1396 372 1632 442 undique
1675 387 1921 441 magnam
1962 370 2207 426 exhibuit

608 484 733 523 cuin
764 464 1057 538 hyperbole
1083 463 1255 530 omni,
1288 479 1478 517 rursus
1504 479 1570 517 ex
1598 464 1705 517 alio
1732 464 1908 533 capite
1934 462 2035 517 hoc
2058 463 2201 528 facit,

610 577 706 631 per
726 559 1191 629 comparationem
1220 557 1383 611 aliam
1410 556 1529 625 ejus
1553 557 1870 626 dignitatem
1898 556 2201 618 extollens,

604 662 661 707 et
681 652 761 707 sic
780 651 964 704 dicens
986 665 1003 706 :
1034 649 1154 702 Sive
1182 648 1461 717 prophetia:
1483 648 1878 713 coacuabuntur,
1901 648 2004 700 sive
2019 646 2208 715 linguae

607 746 894 797 cessabunt.
925 740 984 795 Si
1005 742 1147 794 enim
1179 740 1293 793 hinc
1316 748 1540 807 utraque
1562 748 1779 809 propter
1804 739 1962 793 tidem
1993 738 2205 791 inducta

607 844 754 897 sunt,
787 832 887 888 hac
918 834 1112 901 ubique
1144 841 1407 885 terrarum
1436 831 1678 901 dispersa
1700 872 1715 896 ,
1756 830 1867 900 jam
1896 828 2203 899 superﬂuus

609 928 824 981 illorum
851 941 977 979 usus
1009 924 1189 979 fuerit.
1236 923 1342 977 Sed
1371 933 1554 977 mutua
1586 924 1677 976 illa
1708 922 1928 977 dilectio
1956 937 2063 974 non
2090 935 2209 974 ces-

609 1018 768 1076 sabit.
798 1019 904 1070 imo
930 1015 1099 1084 magis
1125 1024 1356 1080 crescet,
1382 1023 1435 1067 et
1462 1014 1547 1067 hic
1576 1024 1630 1067 et
1659 1014 1710 1067 in
1744 1012 1943 1074 futuro,
1978 1021 2208 1079 tuncque

610 1112 781 1181 magis
807 1125 966 1179 quam
996 1124 1158 1163 nunc.
1193 1108 1291 1161 llic
1317 1110 1460 1161 enim
1491 1107 1657 1159 multa
1687 1116 1814 1159 sunt
1853 1118 1973 1173 qua:
2014 1108 2209 1157 carita-

612 1212 718 1257 tem
749 1201 1033 1257 emolliant
1063 1210 1116 1253 et
1144 1200 1419 1260 minuant,
1454 1197 1691 1265 pecuniae
1711 1238 1725 1257 ,
1758 1196 1965 1266 negotia
1989 1237 2004 1260 ,
2036 1195 2205 1249 morbi

608 1306 916 1359 corporum,
937 1289 1527 1358 mgritndincsmiimm;
1563 1288 1671 1340 illic
1697 1302 1825 1341 vero
1854 1286 1987 1340 nihil
2016 1286 2207 1339 horum

610 1382 804 1437 aderit.
847 1382 952 1436 Sed
994 1381 1136 1450 quod
1182 1380 1475 1448 pr0phetiae
1506 1388 1561 1433 et
1600 1378 1794 1446 lingua:
1821 1385 2040 1432 cessent
2063 1418 2077 1442 ,
2108 1375 2208 1429 mi-

611 1492 728 1531 rum
760 1492 865 1530 non
906 1484 1027 1536 est;
1059 1473 1199 1543 quod
1242 1482 1419 1526 autem
1459 1471 1685 1525 scientia
1716 1471 2058 1531 destruatur,
2105 1468 2207 1523 huc

608 1577 757 1623 certe
784 1565 1137 1636 qumstioncm
1163 1575 1342 1618 movet
1368 1581 1380 1615 :
1415 1578 1536 1616 nam
1566 1571 1619 1616 et
1651 1562 1751 1616 hoc
1777 1561 1970 1629 adjecit
1997 1560 2203 1626 dicens,

620 1658 741 1712 Sive
761 1657 972 1711 scicntia
991 1658 1305 1709 destruetur.
1330 1653 1467 1721 Quid
1492 1653 1660 1721 ergo?
1682 1654 1733 1705 in
1764 1652 2057 1721 ignorantia
2082 1660 2207 1705 tunc

614 1749 803 1802 victuri
835 1747 1063 1802 smnus?
1092 1746 1286 1800 Absit:
1343 1760 1465 1799 nam
1514 1755 1638 1797 tunc
1689 1744 1921 1797 maxime
1967 1742 2207 1812 augenda

609 1840 835 1895 scientia
865 1850 984 1902 est;
1017 1838 1247 1906 ideoque
1273 1836 1523 1890 diccbat:
1564 1833 1709 1886 Tunc
1740 1850 2041 1904 cognoscent
2080 1834 2208 1886 sicut

610 1940 655 1984 ct
686 1932 917 2000 cognitus
945 1945 1059 1982 sum
1088 1929 1165 1996 (l.
1196 1928 1315 1982 Cor.
1348 1928 1435 1980 15.
1468 1926 1578 1994 12).
1619 1926 1909 1994 Propterea
1935 1968 1949 1989 ,
1991 1941 2056 1979 ne
2088 1940 2208 1993 per-

612 2024 737 2078 inde
775 2034 935 2092 atque
981 2019 1319 2091 prophetiam
1358 2030 1411 2073 et
1454 2020 1661 2088 linguas
1702 2019 1837 2071 hanc
1878 2031 2205 2073 cessaturam

613 2129 733 2169 esse
764 2122 1000 2182 putares,
1032 2127 1155 2165 cum
1183 2110 1428 2173 dixisset,
1465 2111 1588 2164 Sive
1632 2112 1841 2163 scientia
1883 2111 2204 2175 destruetur,

615 2223 722 2263 non
766 2206 952 2268 tacuit,
984 2203 1077 2260 sed
1109 2203 1326 2259 modum
1361 2204 1747 2258 destructionis
1779 2203 2072 2272 subiunxit,
2100 2205 2207 2257 cito

614 2299 822 2354 addens
862 2298 989 2351 illud
1021 2316 1033 2351 :
1080 2297 1133 2352 9.
1178 2296 1259 2351 Ea:
1287 2307 1432 2366 parte
1463 2299 1850 2367 cognoscimus,
1889 2306 1933 2349 et
1963 2314 2027 2350 ca:
2065 2306 2211 2366 parte

616 2392 995 2463 prapitetamus.
1043 2391 1131 2445 10.
1173 2390 1300 2443 Cum
1328 2403 1498 2443 autent
1539 2392 1727 2443 venerit
1756 2389 1892 2458 quod
1932 2391 2209 2457 perfectum

613 2494 721 2547 est,
762 2493 883 2536 tunc
927 2482 1253 2536 cvacuabitur
1301 2480 1437 2546 quod
1490 2497 1553 2533 ea:
1601 2490 1744 2549 parte
1782 2491 1875 2532 est.
1924 2480 2039 2533 Non
2080 2494 2209 2550 ergo

614 2575 840 2629 scientia
882 2574 1203 2637 desunitur,
1243 2573 1334 2625 sed
1377 2573 1459 2623 illa
1505 2588 1569 2625 ex
1608 2583 1761 2642 parte
1804 2582 2004 2626 tantmn
2036 2572 2209 2626 scien-

616 2669 686 2721 tia
710 2685 723 2720 :
754 2682 861 2721 non
888 2666 1028 2719 enim
1056 2663 1231 2719 solum
1261 2672 1338 2717 tot
1371 2675 1620 2733 lautaque
1648 2664 1898 2724 sciemus.
1927 2664 2020 2717 scd
2047 2665 2207 2719 etiam

616 2757 786 2810 multo
818 2754 993 2825 plttra.
1028 2753 1095 2808 Ut
1124 2763 1302 2808 autem
1339 2754 1469 2806 illml
1496 2754 1744 2822 exemplo
1777 2758 1946 2823 palam
1978 2753 2167 2807 faciam
2194 2772 2207 2807 :

619 2863 763 2904 nunc
790 2848 991 2901 scimus
1033 2846 1199 2901 Demn
1245 2846 1441 2913 ubique
1468 2862 1590 2900 esse
1610 2887 1625 2911 ,
1656 2846 1748 2900 sed
1781 2844 2087 2913 quomodo,
2120 2859 2211 2898 ne-

623 2940 823 2993 scimus
851 2954 864 2991 :
898 2936 1039 3007 quod
1071 2952 1137 2991 ex
1170 2936 1338 2989 nihilo
1391 2939 1569 2990 otnnia
1601 2936 1786 2992 fecerit
1812 2936 2013 2989 scimus
2035 2977 2048 2999 ,
2092 2950 2209 2989 mo-

619 3030 747 3085 dum
775 3039 955 3083 autem
988 3028 1299 3097 ignoramus
1326 3045 1338 3079 :
1386 3027 1526 3095 quod
1573 3043 1637 3080 cx
1672 3026 1887 3095 Virgine
1924 3034 2080 3079 natus
2108 3026 2208 3089 sit,

618 3121 890 3192 quomodo
911 3130 1249 3181 autemnnou
1274 3119 1423 3171 item.
1447 3117 1598 3171 Tunc
1626 3128 1803 3171 autem
1833 3117 1959 3187 quid
1984 3116 2212 3185 amplius

625 3228 681 3273 ct
729 3214 925 3270 clarius
978 3213 1047 3267 de
1102 3212 1185 3265 his
1237 3225 1652 3280 cognoscemus.
1724 3210 1926 3263 Deinde
1980 3210 2213 3264 ostendit

619 3317 877 3378 quantum
916 3304 1157 3367 intersit,
1193 3312 1245 3356 et
1276 3302 1416 3371 quod
1453 3302 1537 3355 hic
1578 3300 1760 3356 deﬁcit
1803 3318 1908 3355 non
1936 3316 2057 3355 esse
2089 3318 2211 3371 par-

620 3415 777 3461 vum,
818 3398 1040 3452 dicens:
1090 3396 1175 3448 11.
1226 3392 1352 3447 Cum
1393 3410 1549 3447 essent
1593 3394 1849 3463 parvulus,
1875 3393 2114 3460 loquebar
2161 3403 2213 3447 ut

622 3490 885 3561 parvulus,
908 3486 1162 3555 sepiebant
1191 3494 1246 3538 ut
1276 3484 1518 3554 parvulus
1542 3500 1561 3537 :
1586 3501 1698 3537 cum
1725 3495 1889 3538 autem
1915 3487 2080 3555 [actus
2103 3502 2213 3538 sunt

622 3583 718 3646 vir,
739 3578 975 3633 evacuavi
1001 3592 1116 3645 qua:
1134 3585 1277 3629 erant
1304 3575 1523 3643 parvuli.
1553 3574 1653 3628 Per
1680 3574 1809 3627 illud
1829 3584 2005 3628 autem
2026 3591 2213 3629 exem-

625 3675 770 3741 plum
803 3670 904 3724 hoc
932 3671 1105 3739 ipsum
1137 3682 1324 3721 rursus
1352 3668 1625 3731 declarat,
1668 3668 1889 3730 dicens:
1936 3666 2021 3721 12.
2062 3666 2212 3722 Vide-

624 3782 736 3819 mus
765 3764 896 3817 enim
936 3777 1068 3815 nunc
1100 3777 1190 3829 per
1214 3760 1498 3830 speculum.

693 3856 750 3909 2.
793 3853 996 3909 Deinde
1026 3854 1148 3923 quia
1177 3851 1458 3921 specnlmn
1494 3850 1542 3905 id
1574 3850 1715 3921 quod
1758 3851 1965 3906 videtur
2005 3860 2214 3907 utcum-

625 3963 727 4017 que
768 3954 1056 4011 monstrat,
1090 3944 1386 4014 snbjunxit,
1416 3943 1479 3996 lu
1507 3945 1795 4014 wnigmate,
1827 3958 1891 3997 ex
1925 3943 2217 4014 hyperbole

627 4050 933 4093 monstrans
964 4054 1056 4108 per
1084 4037 1318 4091 modicas
1349 4046 1527 4107 partes
1548 4052 1669 4091 esse
1700 4047 2016 4105 prmsentem
2044 4038 2218 4092 scien-

627 4134 776 4185 tiam.
812 4131 953 4184 Tunc
996 4140 1166 4183 autem
1193 4124 1323 4198 facie
1351 4128 1419 4179 ad
1452 4128 1665 4195 facient;
1714 4144 1819 4181 non
1857 4128 1999 4198 quod
2032 4129 2216 4183 faciem

628 4226 822 4279 habeat
853 4224 1027 4289 Deus,
1058 4220 1154 4277 sed
1186 4230 1243 4275 ut
1282 4236 1395 4275 rem
1428 4220 1628 4275 clarius
1653 4229 1709 4276 et
1735 4222 1906 4292 magis
1939 4223 2219 4291 perspicue

625 4318 789 4373 dicat.
850 4314 1009 4370 Vides
1060 4312 1241 4370 omnia
1316 4312 1591 4367 discentes
1645 4328 1738 4383 per
1784 4314 2219 4369 incrementum?

629 4407 785 4463 Nunc
827 4422 1077 4476 cognosco
1107 4422 1167 4459 ea:
1197 4414 1340 4474 parte
1366 4446 1381 4469 ,
1428 4414 1544 4458 tunc
1570 4415 1738 4458 autem
1767 4421 2067 4473 cognoscam
2092 4408 2220 4462 sicut

626 4510 675 4553 et
702 4498 934 4569 cognitus
961 4512 1096 4549 sunt.
1127 4494 1315 4550 Videu‘
1352 4495 1623 4565 quomodo
1654 4495 1843 4551 fastum
1886 4514 2071 4553 cormn
2115 4499 2217 4553 du-

634 4591 841 4658 pliciter
868 4586 1173 4657 deprimat?
1202 4585 1345 4655 quod
1378 4595 1432 4638 et
1462 4602 1555 4654 per
1590 4596 1768 4655 partes
1797 4590 1868 4644 sit
1896 4590 2138 4653 scientia,
2166 4598 2222 4643 et

631 4682 773 4751 quod
806 4696 911 4735 non
941 4680 1085 4734 illam
1118 4693 1181 4731 ex
1210 4690 1271 4729 se
1301 4675 1551 4731 habeant.
1599 4677 1715 4732 Non
1752 4682 1894 4737 enim
1930 4697 2029 4751 ego
2072 4681 2220 4735 illum

634 4772 780 4833 novi,
823 4772 915 4825 sed
964 4787 1022 4825 se
1071 4770 1185 4839 ipse
1228 4766 1357 4821 mihi
1390 4776 1575 4820 notum
1606 4765 1752 4833 fecit,
1781 4769 1972 4839 inquit.
2021 4770 2221 4838 Quem-

634 4863 923 4919 admodum
966 4877 1095 4932 ergo
1136 4866 1251 4932 ipse
1299 4877 1385 4914 me
1430 4860 1583 4914 novit
1626 4860 1770 4929 prior
1811 4877 1974 4927 nunc,
2015 4873 2069 4915 et
2111 4863 2225 4931 ipse

634 4956 701 5010 ad
751 4968 837 5009 ine
880 4953 1112 5006 accurrit
1150 4970 1164 5005 :
1208 4952 1287 5007 sic
1332 4966 1431 5021 ego
1476 4960 1602 5003 tunc
1640 4949 1706 5001 ad
1753 4950 1902 5003 illum
1948 4965 2223 5004 accurram

636 5045 805 5099 multo
836 5042 1025 5111 magis,
1052 5058 1209 5109 quam
1245 5058 1403 5095 nunc.
1436 5040 1647 5095 Etenim
1676 5040 1765 5109 qui
1794 5039 1845 5092 in
1880 5040 2113 5095 tenebris
2142 5056 2227 5095 se-

636 5139 761 5198 det,
791 5133 966 5188 donec
994 5132 1185 5185 viderit
1220 5133 1407 5193 solem,
1442 5147 1547 5185 non
1578 5132 1693 5201 ipse
1728 5129 1960 5185 accurrit
2002 5130 2069 5185 ad
2114 5133 2227 5200 pul-

640 5225 1003 5281 chritudinem
1032 5221 1189 5287 radii,
1220 5222 1311 5275 scd
1344 5222 1431 5275 illa
1460 5223 1690 5293 seipsatn
1718 5221 1986 5287 ostendit,
2016 5224 2229 5292 quando

638 5318 914 5372 illuxerit:
963 5327 1085 5369 cum
1124 5321 1302 5366 autem
1347 5313 1461 5379 eius
1512 5312 1856 5383 splendorem
1897 5313 2225 5384 susceperit,

643 5417 769 5462 tunc
806 5417 858 5462 et
900 5408 1016 5475 ipse
1060 5404 1277 5458 demum
1332 5403 1504 5457 lucem
1549 5406 1905 5473 persequitur.
1948 5404 2062 5460 lloc
2100 5420 2229 5475 ergo

643 5500 743 5553 sibi
783 5499 896 5552 vult
938 5497 1087 5560 illml,
1119 5498 1265 5551 Sicut
1292 5506 1339 5550 et
1374 5497 1603 5565 cognitus
1632 5514 1743 5551 sum
1770 5513 1790 5553 :
1836 5514 1943 5553 non
1988 5498 2113 5570 quia
2160 5499 2227 5554 ita

642 5588 788 5643 ilium
818 5587 1079 5658 cognituri
1107 5600 1314 5653 sumus,
1344 5587 1483 5641 sicut
1512 5586 1624 5657 ipse
1653 5604 1752 5643 nos
1795 5589 2097 5661 cognoscit;
2134 5590 2227 5647 sed

1406 168 1463 222 S.
1495 167 1775 224 JOANNIS
1811 168 2287 224 CHRYSOSTOMI
2319 166 2635 223 ARCHIEP.
2676 166 3209 223 CONSTANTINOP.
3813 175 3902 227 238

2314 281 2436 351 quia
2468 284 2608 334 sicut
2640 281 2729 335 ille
2765 281 2831 334 ad
2878 296 2975 336 nos
3012 297 3155 336 nunc
3191 288 3462 347 accurrit.
3513 287 3583 341 ita
3620 298 3676 341 et
3709 303 3807 342 nos
3838 305 3903 343 sic

2317 384 2443 427 tunc
2469 374 2641 441 ipsum
2674 374 3018 443 insequentur
3037 415 3054 441 ,
3083 384 3139 430 et
3164 376 3329 434 multa
3356 418 3372 441 ,
3400 394 3519 451 qua:
3549 396 3695 435 nunc
3720 395 3899 435 arcana

2314 472 2457 526 sunt,
2486 466 2755 530 sciemus,
2797 476 2854 519 et
2882 467 3190 522 beatissima
3222 469 3310 522 illa
3338 468 3580 526 fruemur
3620 482 3900 527 consuetu-

2314 554 2439 609 dine
2477 566 2533 609 et
2577 556 2864 624 sapientia.
2914 558 2971 612 Si
3020 560 3165 613 enim
3208 565 3297 629 qui
3346 572 3451 616 tam
3495 564 3669 617 multa
3712 565 3899 619 sciebat

2316 647 2513 702 Paulus
2542 650 2795 718 parvulus
2822 661 2970 713 erat,
2998 651 3170 721 cogita
3201 663 3397 723 quanta
3427 657 3514 711 illa
3545 658 3658 711 sint
3687 676 3701 712 :
3730 659 3774 711 si
3799 658 3901 713 lucc

2314 748 2438 792 sunt
2462 741 2735 808 speculum
2765 752 2819 795 et
2845 744 3096 811 :cnigma,
3118 744 3203 798 hic
3226 745 3355 797 mihi
3382 748 3698 802 consideres
3717 758 3901 817 quanta
3994 796 3995 803 η

2315 831 2381 883 sit
2411 828 2595 885 facies.
2626 830 2699 887 Ut
2738 842 2915 886 autem
2958 834 3050 887 tibi
3084 850 3304 902 parvum
3347 837 3619 905 quidpiam
3667 842 3894 907 aperiam

2316 924 2457 977 circa
2485 923 2844 979 dilferentiam
2876 925 3033 990 hanc,
3062 938 3116 980 et
3149 928 3354 983 radium
3383 930 3690 998 quempiam
3720 933 3902 985 obs-u-

2316 1029 2433 1065 rum
2462 1014 2620 1083 hujus
2642 1017 2964 1084 cognitionis
2990 1019 3041 1071 in
3064 1021 3296 1071 animam
3325 1030 3466 1074 tuam
3490 1021 3802 1087 immittam,
3828 1040 3905 1076 re-

2314 1097 2547 1158 θοι-(Ιπιὰ
2580 1122 2766 1159 eorum
2810 1124 2930 1177 qua:
2976 1110 3027 1161 in
3066 1110 3182 1179 lege
3216 1119 3373 1173 sunt,
3413 1127 3553 1165 nunc
3587 1128 3712 1166 cum
3750 1117 3904 1183 gratia

2314 1193 2530 1247 cll‘ulsit.
2573 1194 2785 1249 Etenim
2816 1198 2902 1250 illa
2931 1208 3055 1252 ante
3082 1200 3309 1269 gratiam
3353 1216 3542 1269 magna
3571 1204 3819 1272 quirdam
3860 1214 3907 1256 ct

2314 1286 2577 1339 mirabilia
2606 1287 2923 1341 videbantur
2958 1303 3115 1355 esse;
3160 1301 3398 1346 attamen
3437 1293 3563 1346 andi
3602 1295 3732 1363 quid
3775 1294 3908 1348 dicat

2314 1376 2379 1432 de
2410 1378 2513 1431 illis
2543 1388 2664 1446 post
2697 1382 2924 1449 gratiam
2971 1383 3167 1436 Paulus
3197 1402 3210 1438 :
3260 1384 3383 1438 Non
3431 1387 3783 1456 gloriﬁcatum
3821 1390 3908 1458 fuit

2312 1470 2446 1538 quod
2472 1470 2659 1522 claruit
2690 1472 2741 1523 in
2771 1475 2867 1524 hnc
2893 1484 3055 1542 parte,
3088 1486 3297 1545 propter
3322 1479 3780 1545 supereminentem
3802 1481 3907 1548 gloo

2312 1561 2442 1611 riam
2470 1560 2543 1627 (2.
2573 1559 2693 1613 Cor.
2722 1562 2776 1616 ’5.
2808 1562 2923 1633 10).
2955 1564 3023 1619 Ut
3044 1576 3221 1618 autem
3249 1567 3389 1634 quod
3418 1567 3540 1620 dico
3565 1569 3767 1621 clarius
3794 1584 3909 1622 eva-

2312 1650 2421 1715 dat;
2441 1650 2492 1704 in
2513 1667 2672 1705 unam
2691 1653 2926 1723 aliquam
2946 1669 3081 1720 rem,
3094 1672 3215 1724 qua:
3234 1665 3360 1710 tunc
3377 1659 3603 1727 mystice
3621 1659 3907 1728 perageba-

2314 1752 2421 1809 tur,
2438 1758 2745 1799 sermonem
2777 1746 3183 1811 transferamus,
3213 1758 3266 1802 et
3294 1759 3420 1804 tunc
3439 1750 3643 1805 videbis
3660 1761 3909 1820 quantum

2313 1833 2382 1887 sit
2408 1835 2745 1889 intervallum
2776 1855 2789 1890 :
2832 1847 2886 1891 et
2912 1839 2954 1891 si
2984 1840 3063 1892 vis
3084 1879 3098 1902 ,
3142 1838 3347 1893 Pascha
3376 1840 3427 1893 in
3457 1840 3691 1895 medium
3719 1840 3908 1896 alTera-

2314 1941 2432 1979 mus
2462 1935 2515 1981 et
2554 1935 2706 1981 vetus
2740 1938 2794 1982 et
2835 1934 3065 1991 novum,
3096 1941 3149 1983 et
3180 1940 3305 1984 tunc
3334 1932 3474 1986 scies
3503 1934 3905 1986 excellentiam.

2314 2015 2445 2071 Illud
2486 2018 2630 2071 enim
2673 2020 3021 2074 celebrabant
3061 2023 3222 2075 etiam
3254 2022 3447 2084 Judmi,
3483 2023 3591 2078 hoc
3620 2036 3798 2077 autem
3826 2041 3909 2092 pa-

2312 2122 2400 2165 cto
2424 2110 2810 2175 celebrabant,
2843 2122 2898 2165 ut
2939 2115 2989 2166 in
3031 2116 3251 2182 speculo
3293 2125 3348 2169 et
3374 2117 3425 2168 in
3468 2118 3755 2185 :euigmate
3784 2134 3795 2165 :
3826 2134 3907 2168 ar-

2313 2217 2443 2253 cana
2477 2211 2656 2255 autem
2691 2203 2806 2254 haec
2835 2204 3088 2271 mysteria
3123 2219 3189 2257 ne
3218 2206 3272 2257 in
3300 2215 3534 2259 mentem
3564 2206 3781 2274 quidem
3811 2208 3909 2259 illis

2316 2305 2549 2359 unquam
2578 2300 2859 2357 venerant,
2880 2308 3056 2362 neque
3084 2294 3325 2349 sciebant
3351 2311 3594 2364 quamam
3624 2309 3808 2351 essent
3828 2314 3905 2359 ea,

2315 2398 2435 2449 qtae
2464 2382 2552 2435 illa
2584 2384 3046 2450 praenuntiabant;
3078 2385 3171 2439 sed
3205 2400 3359 2439 ovem
3391 2386 3645 2441 videbant
3670 2389 3905 2450 mactari,

2316 2482 2367 2525 et
2395 2476 2705 2543 sanguinem
2736 2475 2966 2538 bruti,et
2998 2485 3180 2543 portas
3208 2478 3300 2530 illo
3323 2488 3544 2540 unctas;
3570 2477 3712 2546 quod
3739 2490 3908 2531 autem

2316 2564 2484 2620 Filius
2514 2568 2604 2621 Dei
2637 2568 2950 2622 incarnatus
2974 2569 3293 2623 mactandus
3316 2580 3463 2624 esset
3484 2583 3542 2625 et
3567 2571 3758 2625 orbem
3788 2570 3908 2624 libe-

2318 2670 2532 2713 raturus
2579 2668 2747 2712 totum
2775 2700 2789 2722 ,
2843 2660 3178 2729 daturusque
3224 2670 3279 2713 et
3316 2659 3525 2715 Graecis
3562 2670 3616 2714 et
3675 2661 3909 2715 barbaris

2317 2751 2632 2818 sanguinem
2680 2750 2825 2805 hunc
2883 2750 3323 2825 degustandum,
3382 2752 3574 2805 cazlum
3634 2762 3909 2821 aperturas

2316 2842 2589 2904 omnibus,
2622 2851 2677 2895 et
2722 2858 2844 2910 quae
2888 2843 2995 2896 illic
3036 2853 3164 2897 sunt
3213 2842 3447 2897 humano
3485 2845 3665 2914 generi
3710 2845 3911 2898 oblatu-

2318 2949 2407 2987 rus
2435 2950 2449 2997 ;
2485 2944 2538 2987 et
2571 2948 2790 2987 carnem
2832 2934 2976 2986 illam
3004 2935 3265 3004 sanguine
3290 2945 3626 2990 cruentatam
3657 2936 3911 2992 deductu-

2317 3040 2411 3078 rus
2440 3038 2599 3093 supra
2646 3026 2839 3078 cwlum
2886 3034 2943 3079 et
2980 3026 3170 3079 cadum
3199 3027 3344 3092 ca'li,
3378 3036 3432 3081 et
3462 3043 3649 3082 omnes
3695 3032 3912 3083 omnino

2317 3130 2583 3185 supernos
2642 3115 2995 3184 angelorum,
3072 3118 3522 3187 archangelorum
3583 3119 3913 3189 aliarumque

2320 3209 2574 3261 virtutum
2594 3207 2883 3270 exercitus,
2903 3217 2958 3261 et
2981 3208 3029 3260 in
3047 3209 3163 3277 ipso
3183 3210 3379 3263 throno
3401 3210 3549 3279 regio
3562 3211 3626 3265 ad
3638 3211 3911 3267 dexteram

2320 3299 2495 3352 Patris
2520 3312 2792 3352 scssuram
2822 3299 3204 3362 collocaturus,
3237 3300 3405 3369 gloria
3434 3300 3683 3355 ineffabili
3715 3301 3917 3371 fulgen-

2322 3400 2428 3445 tem
2456 3408 2469 3443 :
2504 3390 2618 3444 lucc
2646 3400 2793 3445 certe
2826 3407 2999 3460 neque
3031 3392 3268 3457 illorum,
3302 3408 3477 3462 neque
3502 3395 3730 3447 aliorum
3758 3394 3915 3449 homi-

2322 3498 2451 3535 num
2482 3482 2747 3550 quispiam
2779 3482 2860 3535 vel
2907 3483 3211 3551 prteseivit.
3242 3483 3325 3537 vel
3376 3484 3427 3537 in
3462 3493 3693 3539 nitentem
3731 3499 3915 3540 vocare

2324 3574 2513 3642 potuit.
2544 3572 2649 3627 Sed
2680 3573 2805 3642 quid
2837 3573 3023 3627 dicunt
3054 3575 3088 3627 ii
3118 3574 3207 3644 qui
3246 3576 3427 3628 omnia
3467 3575 3701 3629 audent?
3745 3575 3911 3640 Illud.

2326 3664 2380 3718 Ν
2387 3682 2484 3718 unc
2514 3682 2760 3737 cognosco
2787 3682 2850 3719 ex
2880 3677 3043 3733 parte,
3085 3666 3152 3720 de
3178 3666 3672 3736 tlispensationibns
3718 3669 3912 3723 dictum

2322 3772 2479 3821 esse;
2533 3758 2705 3826 ipsmn
2759 3757 2903 3809 enim
2952 3756 3241 3825 perfectam
3291 3758 3357 3811 de
3409 3758 3518 3812 Deo
3559 3760 3913 3829 cognitionem

2324 3848 2596 3902 habuisse.
2645 3847 2711 3900 Et
2747 3848 3017 3915 quomodo
3048 3864 3109 3901 se
3140 3847 3397 3903 infantem
3431 3850 3624 3905 vocat?
3653 3851 3915 3918 quomodo

2323 3944 2419 4010 per
2446 3940 2723 4008 speculum
2752 3939 2937 3993 videt?
2968 3939 3237 4009 quomodo
3268 3942 3321 3995 in
3352 3944 3651 4011 aenigmate,
3684 3945 3727 3999 si
3758 3954 3914 3999 totam

2324 4031 2486 4087 habet
2535 4032 2855 4087 scientiam“!
2903 4050 3000 4087 cur
3049 4033 3178 4088 illud
3227 4036 3377 4106 quasi
3430 4036 3686 4090 eximium
3740 4037 3916 4090 tribuit

2323 4125 2567 4196 Spiritui,
2601 4136 2653 4180 et
2685 4127 2817 4181 nulli
2847 4127 2934 4180 alii
2973 4137 3170 4182 creata:
3202 4131 3491 4197 potestati,
3524 4129 3713 4183 dicens
3741 4149 3753 4182 :
3800 4130 3914 4195 Quis

2324 4222 2458 4274 enim
2496 4221 2630 4272 novit
2670 4236 2782 4290 qua:
2823 4229 2942 4273 sunt
2982 4220 3239 4284 ltontinis,
3274 4222 3371 4275 nisi
3414 4223 3625 4289 spiritus
3664 4222 3910 4281 hominis.

2324 4312 2409 4381 qui
2436 4320 2508 4364 cst
2536 4311 2586 4364 in
2618 4311 2773 4379 ipso?
2805 4311 2894 4364 Sic
2924 4320 2969 4364 et
3000 4326 3115 4381 qua:
3158 4309 3254 4365 Dei
3295 4322 3410 4366 sunt
3442 4330 3586 4367 nemo
3623 4315 3759 4367 novit
3780 4355 3793 4377 ,
3825 4313 3915 4365 nisi

2329 4404 2555 4473 Spiritus
2582 4402 2678 4455 Dei
2707 4403 2783 4472 (1.
2833 4403 2951 4455 Cor.
2996 4403 3053 4457 2.
3084 4402 3196 4474 11).
3232 4404 3299 4459 Et
3323 4404 3572 4460 Christus
3598 4421 3811 4461 rursum
3841 4405 3913 4459 sui

2327 4494 2494 4547 solius
2531 4494 2632 4546 hoc
2661 4506 2783 4546 esse
2810 4492 2945 4547 dicit
2973 4494 3042 4547 ita
3078 4494 3344 4564 loquens:
3380 4494 3504 4549 Non
3538 4497 3674 4559 quod
3717 4496 3915 4549 Patrem

2328 4584 2453 4636 cidit
2490 4584 2757 4650 quisquam
2780 4624 2794 4648 ,
2826 4584 2925 4637 nisi
2953 4586 3037 4653 qui
3078 4596 3150 4638 est
3196 4602 3228 4637 a
3270 4585 3375 4639 Deo
3396 4627 3409 4648 ,
3442 4587 3523 4639 hic
3551 4588 3673 4639 vidit
3717 4586 3915 4641 l‘ntrcnt

2331 4674 2511 4745 (Joun.
2545 4674 2599 4727 ϐ.
2633 4676 2765 4744 46);
2802 4678 3062 4731 visionem
3093 4676 3285 4731 dicens
3312 4679 3662 4735 clarissimam
3702 4690 3760 4736 et
3800 4696 3914 4751 pcr-

2332 4766 2675 4820 ieetissimam
2731 4766 3117 4836 cognitionem.
3182 4769 3464 4833 Quomodo
3518 4781 3697 4827 autem
3744 4775 3789 4829 is
3830 4774 3911 4841 qui

2333 4858 2683 4911 substantiam
2710 4858 2877 4921 novit,
2901 4859 3235 4913 oeconomias
3254 4868 3307 4913 ct
3327 4860 3753 4930 ili~pensationcs
3781 4865 3917 4933 igno-

2334 4948 2505 5002 rabit?
2554 4948 2647 5001 Illa
2678 4949 2821 5002 enim
2869 4949 3108 5017 cognitio
3138 4950 3237 5005 hac
3279 4952 3448 5021 major
3478 4963 3581 5010 est.
3618 4955 3915 5025 Ignoratnns

2334 5056 2485 5111 ergo,
2512 5040 2707 5111 inquit,
2732 5041 2939 5095 Deum?
2971 5041 3125 5096 Absit
3151 5062 3165 5098 :
3197 5043 3293 5098 sed
3319 5045 3463 5114 quod
3490 5046 3704 5115 quidem
3736 5048 3807 5101 sit
3830 5061 3919 5097 no-

2336 5136 2546 5198 vimus;
2578 5134 2705 5204 qnid
2739 5144 2918 5189 autem
2946 5135 3248 5190 substantia
3278 5137 3341 5191 sit
3362 5178 3378 5203 ,
3412 5154 3518 5192 non
3563 5140 3712 5193 item.
3764 5138 3831 5193 Et
3866 5146 3916 5189 ut

2337 5228 2477 5281 scias
2522 5226 2662 5295 quod
2716 5243 2824 5281 non
2877 5227 2945 5280 de
2997 5228 3488 5297 dispensationibus
3532 5230 3727 5283 dixerit
3774 5224 3913 5287 illud,

2341 5316 2497 5370 Nunc
2530 5334 2778 5389 cognosco
2825 5333 2889 5371 ea:
2926 5329 3101 5389 parte,
3133 5319 3260 5375 audi
3301 5321 3618 5391 sequentia:
3653 5318 3915 5387 subjunsit

2338 5423 2487 5478 ergo,
2524 5407 2663 5462 Tunc
2706 5420 2874 5463 autem
2909 5428 3212 5482 cognoscant
3255 5413 3386 5467 sicut
3430 5423 3479 5465 et
3523 5410 3753 5481 cognitus
3789 5424 3911 5465 sunt.

2340 5500 2453 5554 Non
2482 5512 2660 5555 autem
2686 5521 2716 5557 ι
2742 5504 3235 5573 dispensationibus
3254 5515 3310 5559 et
3335 5503 3655 5559 mconomiis
3682 5505 3914 5575 cognitus

2342 5601 2421 5647 est
2450 5632 2464 5658 ,
2512 5591 2602 5648 Sed
2634 5608 2663 5647 a
2699 5594 2826 5649 Deo.
2860 5593 3030 5651 Nemo
3058 5594 3219 5665 igitur
3246 5595 3329 5650 vel
3357 5609 3576 5666 parvam
3608 5598 3693 5655 vel
3718 5594 3911 5668 simpli-

3980 63 3981 143 ι

3981 158 3983 237 t

3983 264 3985 313 γ

3985 370 3987 449 ι

3986 476 3989 517 t

3990 582 3991 621 ι
