4086 6340
361 542 481 582 cem
506 526 645 582 hanc
673 523 1009 595 iniquitatem
1037 535 1162 579 esse
1189 530 1362 593 putet,
1392 521 1489 578 sed
1520 530 1575 578 et
1601 519 1868 590 duplicem
1896 525 1950 573 et

363 602 626 687 triplicata
657 620 715 671 et
742 612 1117 684 multiplicem.
1146 610 1266 683 Non
1309 612 1455 669 enim
1496 613 1599 667 hoc
1637 611 1811 671 solum
1856 610 1954 665 ab.

362 706 585 764 surdum
624 714 733 773 est,
762 705 906 778 quod
933 720 996 761 ea
1026 720 1091 763 se
1116 699 1255 761 vane
1282 702 1587 777 glorientur
1612 702 1754 761 scire
1775 743 1791 767 ,
1833 716 1961 772 qum

362 799 594 867 Spiritus
617 796 790 852 solius
812 805 940 853 sunt
964 804 1023 852 et
1050 781 1306 867 unigeniti
1342 792 1463 849 Filii
1492 788 1623 858 Dei;
1651 791 1745 847 sed
1789 792 1953 848 etiam

360 884 523 960 quod.
555 903 677 944 cum
717 887 917 945 Paulus
943 903 1013 944 ne
1040 897 1246 958 partem
1273 880 1490 957 quidem
1520 884 1665 939 illam
1691 884 1953 956 cognitio-

360 982 446 1035 nis
472 982 592 1035 sine
621 994 852 1052 superna
882 968 1216 1035 revelatione
1252 976 1499 1061 accipere
1542 964 1778 1055 potuerit
1798 1014 1815 1042 ,
1849 975 1950 1045 ipsi

360 1080 529 1126 totum
557 1085 625 1127 ex
656 1072 887 1141 propriis
912 1068 1207 1126 ratiociniis
1232 1081 1293 1123 se
1318 1067 1594 1143 accepisse
1619 1066 1822 1128 dicant.
1850 1066 1953 1123 Ne-

358 1180 465 1232 que
488 1166 633 1220 enim
667 1179 890 1243 usquam
928 1171 1155 1243 possunt
1184 1159 1553 1237 Scriptumm,
1599 1175 1719 1230 quae
1757 1158 1826 1215 de
1866 1159 1952 1216 his

357 1254 708 1320 disseruerit,
743 1238 898 1311 nobis
925 1238 1235 1309 osiendere.
1279 1250 1389 1307 Sed
1419 1251 1583 1306 missa
1617 1252 1831 1307 illorum
1865 1252 1950 1306 in.

356 1349 531 1414 sauia,
563 1349 842 1418 sequentia
867 1361 988 1419 qua:
1015 1343 1086 1400 de
1112 1344 1338 1419 caritate
1375 1342 1627 1399 dicuntur
1657 1359 1952 1417 persequa-

357 1455 501 1493 mur.
530 1417 716 1509 Neque
742 1417 893 1495 enim,
914 1417 1000 1491 his
1024 1417 1311 1490 contentus
1338 1432 1470 1499 l‘uit,
1495 1435 1588 1490 sed
1619 1449 1808 1492 rursus
1835 1435 1953 1491 hac

355 1529 667 1599 subiungit:
698 1529 785 1584 13.
820 1526 975 1581 Nunc
1001 1535 1173 1580 autem
1200 1534 1371 1592 manet
1396 1524 1544 1595 ﬁdes,
1573 1542 1707 1593 spes,
1736 1527 1948 1593 caritas,

357 1622 458 1675 tria
484 1622 628 1686 hare;
656 1619 824 1688 major
850 1627 1021 1672 autem
1046 1608 1225 1672 horum
1252 1603 1324 1671 est
1350 1618 1556 1671 caritas.

430 1712 484 1766 5.
512 1709 753 1764 Caritatis
774 1698 1252 1789 encomia.—Nam
1284 1708 1418 1787 lldes
1437 1719 1491 1763 et
1519 1723 1667 1788 spes,
1698 1724 1818 1764 eum
1850 1709 1949 1765 ad-

357 1802 610 1858 venerint
645 1802 782 1857 bona
820 1817 937 1873 qua:
960 1800 1163 1857 credita
1186 1810 1241 1871 et
1262 1811 1473 1873 sperata
1505 1801 1742 1867 fuerunt,
1770 1817 1952 1859 cessa-

356 1896 508 1947 bunt.
538 1893 604 1948 Et
633 1894 733 1949 hoc
762 1882 1079 1965 signiﬁcans
1105 1892 1305 1948 Paulus
1334 1878 1604 1948 dicebat:
1651 1894 1785 1965 Spes
1818 1895 1951 1949 enim

353 2001 468 2054 quae
490 1984 707 2044 videtur,
743 2000 846 2037 non
875 1993 949 2038 est
983 1998 1099 2051 spes
1128 1998 1147 2037 :
1175 1984 1311 2055 quod
1335 1984 1469 2037 enim
1507 1978 1642 2037 uidet
1666 1971 1798 2055 quis,
1826 1986 1953 2055 quid

354 2068 507 2128 etiam
535 2084 701 2144 speret
739 2074 917 2145 (Rom.
946 2075 999 2129 8.
1029 2073 1124 2142 24)
1151 2074 1176 2128 2
1200 2086 1255 2127 et
1284 2089 1500 2129 rursum
1532 2092 1543 2127 :
1576 2074 1667 2128 Est
1693 2085 1862 2136 autem
1886 2076 1953 2143 ﬁo

355 2165 445 2220 des
472 2164 648 2219 eorum
684 2181 800 2235 quia
836 2172 1109 2235 sperantur
1138 2164 1452 2232 substantia,
1498 2181 1668 2220 rerum
1708 2182 1822 2234 qua:
1850 2182 1951 2220 non

353 2258 587 2311 uidentur
625 2265 979 2327 argumentum
1007 2253 1204 2327 (Hebr.
1237 2255 1327 2311 ll.
1355 2254 1441 2324 l).
1473 2246 1834 2329 Quamobrem
1867 2255 1951 2312 hat

355 2348 574 2417 quidem
596 2342 1019 2423 eesSabuutcum
1048 2346 1134 2401 illa
1153 2348 1497 2417 apparuerint
1517 2365 1529 2400 :
1557 2348 1753 2414 caritas
1772 2356 1949 2403 autem

358 2450 490 2495 tunc
533 2439 769 2495 maxime
795 2424 1103 2505 extollitur,
1148 2423 1301 2518 et-lit
1347 2437 1737 2501 vehementior.
1789 2438 1951 2494 Aliud

357 2548 551 2588 rursus
595 2532 1178 2589 eneomiumcaritatis
1216 2548 1229 2585 :
1262 2547 1439 2602 neque
1476 2532 1621 2588 enim
1663 2541 1952 2596 contentus

354 2634 439 2681 est
466 2624 759 2694 prioribus,
788 2608 887 2679 sed
914 2633 969 2678 et
991 2623 1098 2676 alia
1134 2638 1347 2693 rursum
1386 2624 1629 2687 invenire
1651 2624 1948 2680 contendit.

356 2718 610 2773 Animum
655 2724 834 2770 autem
887 2714 1085 2770 adhibe
1121 2732 1149 2789 :~
1182 2713 1316 2789 dixit
1359 2705 1479 2770 eam
1524 2715 1790 2775 charisma
1830 2730 1953 2771 esse

356 2824 610 2881 magnum
639 2816 696 2863 et
715 2806 853 2862 viam
875 2790 944 2862 ad
974 2806 1091 2862 haec
1119 2796 1606 2877 supereminentem
1632 2823 1649 2874 ;
1676 2791 1810 2861 dixit
1834 2807 1952 2861 sine

357 2902 449 2955 illa
490 2915 597 2954 non
639 2898 868 2954 multum
883 2898 1088 2968 .juvare
1128 2888 1479 2962 charismata,
1517 2899 1635 2967 ejus
1664 2881 1950 2967 imaginem

358 2991 602 3061 pluribus
652 2989 939 3059 descripsit
987 3006 1000 3041 :
1051 2988 1163 3043 vult
1207 2980 1399 3067 rursus:
1445 2976 1605 3043 illam
1641 2975 1754 3044 alio.
1791 2988 1952 3044 modo

356 3081 639 3147 extollere,
662 3091 717 3135 et
741 3078 1031 3135 ostendere
1058 3078 1200 3150 quod
1221 3080 1409 3149 magna
1427 3078 1495 3133 sit
1512 3094 1577 3134 ex
1594 3094 1663 3134 eo
1677 3071 1819 3150 quod
1840 3096 1952 3151 ma,—

359 3184 503 3229 neat.
538 3160 782 3241 ldeoque
812 3169 965 3236 dixit,
1001 3168 1156 3225 Nunc
1188 3162 1359 3225 autem
1384 3180 1588 3225 manent
1614 3171 1762 3241 ﬁdes,
1814 3156 1950 3240 spes,

357 3257 568 3329 caritas,
596 3264 694 3318 tria
723 3264 864 3327 hac;
894 3266 1061 3333 major
1084 3275 1250 3319 autem
1280 3264 1463 3336 horum
1484 3274 1558 3319 est
1573 3266 1780 3321 caritas.
1810 3266 1953 3333 Quo-

361 3357 523 3414 modo
552 3346 682 3427 ergo
722 3355 893 3425 major
934 3366 1016 3410 est
1055 3356 1251 3410 caritas
1280 3355 1304 3409 ?
1330 3355 1483 3425 Quod
1522 3355 1610 3410 illa
1656 3364 1949 3412 transeant.

361 3449 419 3505 Si
453 3461 584 3518 ergo
608 3454 756 3501 tanta
783 3455 867 3501 est
895 3447 1066 3501 virtus
1088 3448 1352 3512 caritatis,
1396 3448 1519 3517 jure
1563 3447 1838 3518 subjungit
1868 3449 1953 3502 di-

362 3553 495 3596 cens
528 3554 544 3590 :
575 3535 854 3591 Sectamini
902 3537 1188 3592 caritatem.
1229 3536 1442 3592 Etenim
1487 3538 1696 3607 insequi
1741 3547 1956 3607 oportet

363 3614 428 3686 ac
454 3628 804 3685 vehementer
830 3629 896 3683 ad
927 3629 1070 3683 illam
1101 3644 1322 3683 currere
1351 3644 1365 3692 ;
1395 3628 1467 3682 ita
1498 3643 1529 3682 a
1556 3628 1711 3683 nobis
1744 3630 1952 3695 avolat,

362 3732 420 3778 et
445 3727 590 3777 tanta
619 3728 744 3775 sunt
767 3736 886 3791 quae
905 3730 1211 3790 susceptum
1234 3718 1331 3773 illo
1349 3734 1565 3773 cursum
1589 3719 1954 3789 supplantant.

363 3814 703 3887 Quapropter
730 3828 866 3884 opus
904 3821 986 3869 est
1028 3826 1129 3868 nos
1159 3825 1349 3884 magna
1392 3811 1467 3865 uti
1508 3811 1867 3878 vehementia,
1902 3825 1960 3868 ut

368 3908 513 3964 illam
564 3906 1085 3976 comprehendamus
1130 3923 1145 3960 :
1203 3903 1345 3976 quOd
1414 3905 1705 3961 ostendens
1771 3904 1959 3961 beatus

367 3998 566 4075 Paulus
590 4013 698 4054 non
724 3999 879 4067 dixit,
907 3996 1206 4069 Sequimini
1231 3997 1531 4079 caritatem,
1557 3995 1955 4067 sed,Persequi-

369 4094 493 4148 mini
521 4090 784 4146 caritatem
807 4133 820 4157 ,
848 4092 1090 4147 excitans
1132 4103 1229 4144 nos
1257 4088 1664 4160 ascendensque
1698 4088 1762 4143 ad
1816 4090 1958 4167 illam

370 4171 898 4256 apprehendendam.
927 4170 1142 4237 Etenim
1168 4179 1310 4234 Deus
1334 4195 1364 4235 a
1392 4166 1656 4251 principio
1682 4180 1961 4240 innumera

374 4275 441 4331 ad
477 4273 624 4329 illam
655 4273 709 4327 in
744 4272 900 4329 nobis
929 4270 1273 4327 inserendam
1312 4270 1648 4325 machinatus
1672 4278 1761 4323 est
1789 4288 1803 4322 :
1838 4285 1960 4324 nam

373 4364 622 4424 omnibus
652 4380 815 4419 unum
836 4364 985 4421 dedit
1017 4372 1198 4434 caput,
1227 4362 1511 4427 Adamum.
1544 4361 1652 4416 Cur
1678 4361 1821 4416 enim
1854 4368 1962 4417 non

373 4477 437 4518 ex
475 4467 617 4513 terra
658 4455 930 4511 nascimur
971 4453 1207 4511 omnes?
1244 4469 1340 4509 cur
1382 4442 1488 4507 non
1539 4451 1803 4524 perfecti,
1848 4454 1963 4511 sive

372 4549 539 4609 adulti
563 4548 700 4604 sicut
724 4547 814 4604 ille
840 4547 865 4602 ‘l
895 4546 964 4605 Ut
987 4554 1044 4603 et
1071 4554 1251 4616 partus
1272 4554 1325 4602 et
1346 4545 1571 4599 ﬁliorum
1595 4543 1962 4614 educationes,

374 4655 429 4701 et
471 4639 615 4714 quod
670 4656 737 4695 ex
790 4639 910 4695 aliis
960 4653 1326 4703 nasceremur,
1357 4650 1456 4691 nos
1503 4642 1690 4690 mutuo
1737 4623 1963 4707 colliga-

377 4744 515 4792 rent.
545 4730 672 4786 Ideo
710 4745 885 4802 neque
914 4730 1195 4785 mulierem
1232 4744 1297 4784 ex
1328 4737 1467 4782 terra
1497 4725 1639 4780 fecit.
1666 4726 1797 4794 Quia
1821 4729 1963 4783 enim

376 4840 479 4881 non
508 4821 640 4879 satis
664 4829 783 4875 erat
808 4820 875 4876 ad
901 4818 1281 4876 verecundiam
1319 4819 1373 4872 in
1409 4815 1563 4870 nobis
1594 4815 1962 4885 inserendam,

375 4929 494 4988 qua;
523 4911 589 4967 ad
617 4900 959 4966 concordiam
999 4926 1098 4967 nos
1137 4909 1449 4973 adduceret,
1488 4906 1627 4977 quod
1672 4922 1737 4962 ex
1775 4910 1963 4966 eadem

375 5001 675 5064 substantia
704 5014 946 5057 essemus
968 5042 983 5066 ,
1017 5001 1119 5056 nisi
1146 4998 1396 5055 eumdem
1430 4996 1755 5051 haberemus
1784 5014 1967 5069 proge-

379 5099 605 5154 nitorem
642 5110 657 5147 :
706 5089 810 5145 hoc
857 5106 1068 5163 quoque
1115 5090 1312 5146 effecit.
1358 5088 1412 5143 Si
1455 5087 1600 5142 enim
1641 5102 1783 5142 nunc
1834 5090 1967 5145 solis

377 5184 630 5259 disjuncti
674 5181 839 5247 locis,
870 5181 1077 5238 alienos
1121 5196 1221 5238 nos
1257 5178 1672 5248 existimamus;
1710 5177 1755 5231 si
1798 5192 1968 5248 genus

377 5272 635 5341 nostrum.
659 5276 768 5333 duo
806 5276 1067 5346 principia
1111 5276 1422 5341 habuisset,
1465 5274 1634 5329 multo
1666 5274 1837 5345 magis
1865 5274 1969 5333 hoc

376 5377 639 5437 eveniret.
680 5370 824 5434 ldeo,
870 5372 1022 5438 quasi
1067 5371 1134 5426 ab
1178 5387 1282 5427 uno
1309 5370 1504 5442 capite,
1537 5378 1707 5425 totum
1753 5369 1968 5439 generis

380 5467 597 5523 humani
644 5473 839 5530 corpus
876 5458 1167 5528 colligavit.
1202 5460 1271 5515 Et
1299 5461 1422 5533 quia
1474 5458 1526 5514 in
1569 5457 1832 5531 principio
1861 5458 1968 5514 duo

378 5557 595 5628 quidam
627 5551 946 5609 videbantur
974 5563 1094 5603 esse
1118 5590 1133 5615 ,
1160 5550 1282 5604 vide
1302 5550 1573 5621 quomodo
1598 5549 1719 5604 illos
1741 5548 1966 5619 conglu-

379 5651 513 5703 tinet
541 5656 595 5702 et
628 5646 680 5700 in
710 5657 874 5699 unum
903 5646 1058 5710 cogat
1083 5655 1179 5709 per
1208 5641 1534 5696 connubium
1575 5661 1587 5696 :
1621 5640 1841 5708 PrOpter
1874 5643 1967 5696 hoc

377 5741 548 5804 enim,
578 5738 767 5807 inquit,
800 5735 1043 5803 relinquet
1075 5733 1223 5788 homo
1255 5741 1447 5801 patrem
1474 5750 1623 5787 suum
1664 5744 1708 5787 et
1735 5741 1964 5797 matrem,

380 5840 425 5885 rt
456 5829 731 5884 adlnerebit
771 5828 918 5882 uxori
967 5840 1093 5892 sum,
1151 5834 1195 5879 et
1236 5834 1383 5879 erunt
1430 5825 1532 5879 duo
1576 5828 1631 5879 in
1674 5840 1825 5879 carne
1865 5841 1966 5877 una

1361 408 1441 467 1N-
1466 405 1684 466 srtsr.
1721 403 1745 463 l
1804 402 1898 463 so
1934 400 2094 459 con.
2136 382 2371 460 nosne.
2411 402 2654 460 χχχιι.

3551 409 3654 467 29η

2061 514 2229 585 (ειη.
2255 514 2309 571 s.
2340 516 2471 588 at).
2511 517 2631 575 Non
2668 516 2845 586 dixit,
2890 520 3113 589 Mulier,
3156 522 3478 595 sedJlomo,
3526 515 3682 599 quia.

2059 605 2232 683 major
2254 615 2337 689 est
2379 607 2435 663 in
2464 608 2555 664 illo
2578 611 3037 681 concupiscentia.
3074 612 3209 669 Nam
3236 614 3360 673 ideo
3389 619 3653 689 majorem

2060 696 2204 752 illam
2250 686 2395 765 fecit,
2442 709 2499 755 ut
2538 701 2680 772 quod
2726 704 3079 761 excellentius
3121 704 3242 763 erat
3267 686 3508 767 ﬂecteret
3557 728 3656 783 per

2061 786 2217 855 huius
2245 790 2445 845 amoris
2471 794 2837 863 tyrannidem,
2870 806 2926 851 et
2962 797 3305 867 imbecilliori
3334 801 3652 873 subiiceret.

2058 878 2191 946 Quia
2218 895 2349 936 vero
2375 884 2772 939 matrimonium
2792 886 2957 943 etiam
2980 888 3339 947 inducendum
3364 902 3504 961 erat,
3525 910 3650 952 eum

2058 984 2123 1025 ex
2152 985 2260 1041 quo
2286 980 2400 1027 orta
2432 982 2549 1029 erat
2587 973 2715 1030 fecit
2741 975 2957 1032 mulieri
2998 979 3251 1036 maritum
3287 999 3300 1036 :
3331 982 3478 1041 Deus
3501 985 3649 1046 enim

2057 1064 2236 1145 omnia
2266 1063 2475 1119 caritati
2505 1065 2800 1136 postponit.
2832 1066 2889 1123 Si
2919 1070 3065 1139 enim
3094 1085 3219 1126 eum
3249 1087 3338 1129 res
3382 1074 3455 1141 ita
3495 1073 3653 1134 factae

2058 1155 2205 1222 sint,
2236 1156 2440 1225 primus
2468 1158 2651 1213 statim
2684 1159 2764 1215 sic
2791 1160 3045 1216 insanivit
3069 1171 3383 1236 tantamque
3419 1183 3651 1239 pugnam

2056 1255 2113 1303 et
2138 1246 2390 1302 invidiam
2430 1248 2655 1305 inseruit
2682 1250 2932 1307 diabolus
2965 1268 2980 1317 ;
3024 1253 3151 1325 quid
3185 1270 3293 1310 non
3323 1256 3572 1324 fecisset,
3603 1261 3651 1316 si

2056 1355 2165 1398 non
2185 1355 2250 1396 ex
2281 1357 2385 1401 una
2406 1343 2588 1400 radice
2615 1346 2718 1399 orti
2745 1348 3172 1415 germinassent?
3192 1348 3395 1407 Deinde
3422 1362 3481 1409 ιιι
3503 1353 3652 1411 aliud

2056 1432 2268 1502 quidem
2298 1434 2674 1503 snhjiceretur,
2713 1437 2855 1492 aliud
2900 1438 3235 1509 imperaret;
3284 1457 3406 1498 nam
3442 1446 3645 1515 paritas

2057 1520 2281 1577 honoris
2305 1524 2443 1579 solet
2467 1541 2610 1596 saepe
2640 1543 2845 1599 pugnas
2872 1529 3126 1587 inducere
3151 1549 3166 1599 ;
3197 1548 3303 1590 non
3329 1536 3453 1591 sivit
3485 1553 3655 1608 popu-

2057 1611 2171 1667 lare
2198 1612 2482 1687 imperium
2510 1630 2653 1682 esse,
2677 1618 2771 1672 sed
2790 1635 3036 1689 regnum,
3066 1632 3122 1677 et
3146 1624 3287 1679 sicut
3315 1626 3366 1681 in
3387 1632 3650 1696 exercitu,

2055 1704 2305 1787 eumdem
2332 1705 2532 1760 videris
2575 1708 2627 1782 in
2666 1709 2892 1778 singulis
2938 1711 3189 1769 domibus
3232 1717 3501 1773 ordinem.
3550 1719 3649 1776 Est

2055 1799 2437 1869 ergomaritus
2466 1799 2518 1852 in
2548 1799 2741 1860 ordine
2766 1801 2910 1871 regis
2929 1843 2943 1867 ,
2978 1804 3172 1858 mulier
3201 1799 3332 1860 vero
3360 1808 3413 1863 in
3455 1809 3652 1866 ordine

2059 1887 2296 1960 pra:_l‘ecti
2343 1899 2435 1943 aut
2474 1889 2625 1945 ducis
2652 1893 2958 1955 exercitus;
2991 1895 3208 1949 tertium
3238 1894 3332 1950 lilii
3363 1897 3650 1967 imperium

2058 1981 2395 2047 sortiuntur;
2452 1983 2648 2039 deinde
2697 1994 2946 2055 quartum
2998 1986 3279 2046 domestici
3332 2000 3652 2062 occupant:

2058 2088 2181 2128 nam
2229 2075 2282 2140 bi
2314 2089 2529 2145 quoque
2576 2076 2845 2146 imperant
2873 2076 3193 2144 minoribus,
3241 2088 3294 2137 et
3334 2096 3474 2138 unus
3506 2097 3655 2155 saepe

2055 2168 2309 2223 omnibus
2354 2169 2643 2238 przefeetus
2693 2168 2824 2236 fuit,
2869 2170 3072 2236 domini
3112 2172 3357 2230 ordinem
3404 2188 3655 2242 servans,

2055 2266 2308 2313 caeterum
2337 2267 2394 2312 ut
2417 2258 2765 2315 domesticus.
2786 2261 2854 2316 Et
2883 2273 3006 2332 post
3038 2263 3141 2320 hoc
3166 2266 3313 2322 aliud
3341 2282 3527 2324 rursus
3552 2269 3655 2325 im-

2055 2349 2261 2420 perium
2282 2349 2359 2422 (α)
2377 2347 2455 2422 [et
2476 2351 2527 2404 in
2545 2351 2698 2422 ipsis,
2727 2354 3006 2423 imperium
3028 2344 3338 2424 mulierum,
3369 2359 3657 2430 imperium.

2059 2438 2351 2513 filiorum],
2400 2450 2455 2497 et
2498 2440 2553 2496 in
2585 2441 2717 2513 ipsis
2761 2443 2885 2498 filiis
2914 2460 3104 2501 rursus
3152 2448 3298 2504 aliud
3352 2450 3653 2507 secundum

2064 2541 2271 2589 zctatem
2308 2544 2365 2590 et
2411 2534 2708 2592 secundum
2751 2550 2940 2592 sexum
2973 2554 2987 2591 :
3021 2552 3129 2593 non
3177 2540 3323 2595 enim
3364 2542 3418 2596 in
3468 2542 3655 2598 liberis

2056 2625 2307 2682 similiter
2334 2626 2670 2683 dominatum
2697 2628 2904 2685 obtinet
2941 2628 3160 2685 femina.
3202 2631 3269 2686 Et
3310 2632 3510 2703 ubique
3539 2633 3655 2690 fere

2057 2713 2199 2769 Deus
2256 2715 2555 2786 frequentia
2594 2716 2721 2773 fecit
2770 2719 3031 2789 imperia,
3088 2729 3149 2775 ut
3197 2722 3382 2776 omnia
3410 2722 3482 2777 'iu
3512 2738 3648 2779 con-

2055 2805 2239 2861 cordia
2281 2817 2562 2861 manerent
2598 2818 2655 2863 et
2688 2808 2740 2862 in
2779 2820 2926 2880 recto
2965 2810 3179 2868 ordine.
3232 2811 3461 2881 Idcirco,
3493 2824 3651 2871 ante-

2055 2912 2215 2966 quam
2253 2910 2422 2967 genus
2468 2895 2760 2953 humanum
2803 2899 3276 2969 multiplicaretur,
3323 2917 3445 2957 cum
3490 2905 3655 2974 primi

2054 2987 2165 3042 duo
2182 2995 2384 3042 tantum
2404 2997 2608 3054 essent,
2622 2986 2785 3058 jussit
2806 2988 2946 3045 hunc
2964 2989 3252 3061 imperare,
3273 2990 3419 3047 illam
3439 3008 3653 3063 parere.

2058 3079 2127 3134 Et
2170 3094 2239 3151 ne
2283 3093 2472 3134 rursus
2520 3079 2667 3134 illam
2699 3089 2757 3134 ut
2784 3080 3051 3138 minorem
3099 3081 3440 3153 despiceret,
3479 3093 3536 3141 et
3561 3084 3654 3140 illa

2057 3172 2479 3238 abseinderetur,
2527 3171 2649 3227 vide
2690 3173 2962 3243 quomodo
3006 3173 3152 3229 illam
3194 3176 3547 3231 honoraverit
3591 3187 3649 3232 et

2057 3266 2418 3336 eonjunxerit,
2448 3266 2609 3321 etiam
2638 3275 2765 3322 ante
2784 3266 3140 3322 creationem.
3167 3267 3299 3323 Nam
3319 3268 3395 3322 ait
3423 3286 3437 3323 ε
3475 3268 3655 3324 Facia-

2058 3374 2171 3411 mus
2199 3358 2280 3420 illi
2304 3357 2593 3427 adjutorem
2641 3355 2789 3428 (Gen.
2817 3357 2873 3411 2.
2906 3357 3046 3428 18);
3090 3358 3381 3414 ostendens
3416 3358 3559 3414 illam
3601 3360 3657 3415 in

2062 3463 2215 3504 usum
2263 3446 2458 3503 factam
2484 3448 2651 3502 fuisse
2670 3489 2686 3513 ,
2715 3456 2770 3503 et
2798 3447 2899 3503 hac
2929 3449 3139 3511 ratione
3174 3450 3476 3507 concilians
3506 3451 3655 3507 illum

2060 3556 2185 3596 cum
2212 3556 2297 3605 ea,
2329 3556 2448 3609 qua:
2477 3549 2698 3609 propter
2737 3540 2912 3609 ipsum
2957 3538 3097 3596 facta
3125 3539 3226 3595 fuit
3252 3556 3267 3595 :
3296 3556 3422 3597 nam
3466 3545 3658 3614 majori

2062 3632 2257 3689 all‘ectu
2287 3632 2511 3687 ferimur
2549 3646 2675 3701 erga
2717 3648 2781 3688 ea
2809 3648 2931 3703 qua:
2957 3642 3183 3704 propter
3213 3649 3314 3688 nos
3341 3634 3478 3689 facta
3506 3644 3655 3691 sunt.

2063 3727 2133 3783 Ut
2153 3742 2221 3782 ne
2244 3734 2421 3782 autem
2446 3724 2535 3779 illa
2559 3739 2751 3785 rursus
2775 3726 3081 3790 ell'erretur,
3113 3736 3297 3795 utpote
3323 3729 3375 3782 in
3398 3729 3656 3783 auxilium

2066 3822 2164 3892 ipsi
2190 3820 2335 3882 data,
2368 3827 2421 3874 et
2450 3817 2551 3873 hoc
2574 3827 2850 3888 rumperet
2876 3818 3174 3886 vinculum,
3211 3835 3277 3873 ex
3310 3818 3481 3875 latere
3505 3819 3666 3875 illam.

2065 3914 2212 3980 fecit,
2262 3911 2556 3967 ostendens
2598 3910 2743 3967 illam
2786 3920 2991 3981 partem
3023 3925 3147 3966 esse
3180 3909 3346 3965 totius
3386 3911 3659 3981 corporis.

2068 4006 2137 4061 Ut
2165 4015 2343 4060 autem
2386 4018 2561 4073 neque
2591 4004 2674 4059 vir
2715 4003 2841 4058 inde
2879 4003 3249 4069 extolleretur,
3281 4018 3386 4063 non
3433 4003 3663 4072 amplius

2065 4100 2195 4156 sinit
2222 4112 2343 4154 esse
2368 4098 2557 4159 solius,
2587 4095 2730 4168 quod
2760 4097 2930 4151 solius
2959 4096 3189 4165 primu'n
3221 4096 3317 4149 iuit
3348 4113 3363 4158 ;
3404 4094 3500 4150 sed
3526 4109 3660 4149 eon-

2070 4192 2291 4249 trarium
2338 4190 2485 4256 fecit,
2534 4190 2821 4245 liberorum
2875 4189 3303 4257 procreationem
3352 4186 3661 4251 inducens;

2067 4293 2123 4339 et
2148 4282 2247 4337 hac
2274 4281 2327 4335 in
2356 4296 2414 4335 re
2440 4279 2656 4350 quidem
2683 4280 2855 4333 virum
2899 4277 3216 4349 prteferens,
3265 4294 3439 4349 neque
3481 4286 3659 4332 tamen

2070 4384 2238 4431 totum
2263 4374 2361 4444 ipsi
2391 4373 2718 4443 relinquens.

2140 4467 2195 4521 4.
2231 4464 2474 4518 Vidistin‘
2497 4472 2621 4532 quot
2658 4464 2855 4532 umoris
2886 4461 3097 4517 vincula
3129 4462 3268 4516 Deus
3300 4460 3486 4516 fecerit
3508 4462 3531 4514 7
3554 4460 3662 4517 Sed

2074 4559 2188 4615 haec
2229 4556 2444 4627 quidem
2491 4573 2555 4611 ex
2616 4565 2802 4609 natura
2850 4555 3152 4609 concordia:
3201 4554 3417 4623 pignora
3463 4551 3664 4622 posuit.

2231 4648 2373 4719 quod
2403 4664 2466 4702 ex
2508 4648 2696 4702 eadem
2740 4643 3036 4698 substantia
3086 4646 3176 4706 sit,
3222 4643 3287 4697 ad
3332 4644 3434 4697 hoc
3471 4642 3665 4697 ducit:

2072 4758 2232 4800 omne
2261 4744 2462 4811 quippe
2500 4737 2699 4793 animil
2743 4734 2882 4804 quod
2924 4736 3101 4790 simile
3146 4736 3245 4803 ipsi
3289 4743 3580 4798 estamat;
3614 4742 3665 4787 et

2073 4836 2213 4909 quod
2243 4834 2432 4889 mulis:
2464 4832 2534 4885 sit
2564 4846 2628 4885 ex
2656 4832 2769 4883 virs
2799 4874 2811 4893 ,
2845 4835 2898 4881 et
2928 4826 3069 4896 quod
3103 4840 3166 4880 ex
3193 4834 3421 4895 utroque
3452 4840 3665 4885 rursum

2074 4930 2179 4989 sint
2210 4925 2323 4981 ﬁlii.
2351 4923 2507 4980 Unde
2537 4923 2699 4977 etiam
2732 4929 3024 4976 nascuntur
3054 4920 3209 4975 multi
3247 4919 3470 4974 all‘ectus
3499 4919 3664 4974 modi.

2074 5022 2227 5077 Illum
2275 5031 2505 5088 namque
2547 5024 2603 5069 ut
2634 5023 2841 5085 patrem
2869 5030 3147 5079 amamus,
3186 5013 3335 5067 illum
3380 5021 3439 5065 ut
3466 5025 3664 5073 avum;

2075 5125 2125 5172 et
2155 5114 2298 5171 illam
2326 5123 2383 5166 ut
2411 5117 2665 5172 matrem,
2692 5109 2847 5163 istam
2890 5116 2947 5160 ut
2973 5107 3234 5159 nutricem
3261 5120 3274 5165 ;
3320 5101 3483 5155 alium
3516 5110 3572 5154 ιιι
3598 5100 3665 5154 ii-

2075 5211 2229 5276 lium,
2256 5217 2315 5261 ut
2360 5210 2633 5274 nepotem,
2674 5211 2731 5255 ut
2776 5204 3167 5269 pronepotem;
3214 5192 3373 5246 aliam
3404 5200 3463 5248 ut
3502 5193 3667 5248 tiliam

2076 5311 2131 5357 et
2155 5308 2212 5355 ut
2236 5296 2438 5353 sororis
2466 5294 2626 5348 ﬁliam
2653 5301 2738 5348 :et
2758 5292 2901 5346 hunc
2920 5286 3132 5358 quidem
3161 5293 3218 5339 ut
3239 5284 3479 5356 fratrem,
3502 5287 3666 5340 alium

2076 5410 2208 5450 vero
2237 5401 2293 5446 ut
2319 5388 2613 5460 patruelem
2642 5405 2655 5450 ;
2684 5387 2842 5440 aliam
2874 5390 2931 5435 ut
2956 5394 3218 5447 sororem,
3246 5380 3406 5434 aliam
3437 5388 3496 5433 ut
3533 5392 3668 5431 con-

2076 5485 2368 5544 sobrinam.
2403 5481 2470 5535 Et
2500 5478 2628 5549 quid
2658 5491 2793 5545 Opus
2822 5482 2906 5529 est
2934 5486 3221 5527 recensere
3258 5472 3434 5526 omnia
3465 5483 3669 5538 cogita-

2077 5577 2238 5634 tionis
2268 5572 2485 5629 nomina
2514 5572 2537 5625 ?
2572 5564 2907 5639 Excogitavit
2933 5566 3093 5620 etiam
3135 5564 3295 5618 aliam
3325 5558 3548 5614 affectus
3574 5573 3667 5611 oe-

2075 5675 2346 5731 easionem
2384 5688 2395 5723 :
2420 5666 2702 5738 prohibitis
2723 5661 2866 5717 enim
2895 5668 3243 5732 cognatorum
3270 5653 3575 5718 connubiis,
3598 5652 3666 5708 ad

2143 5830 2216 5893 (α)
2250 5825 2441 5875 uncinis
2456 5820 2617 5872 clausa
2644 5830 2673 5867 e
2701 5816 2987 5868 Commelin.
3014 5809 3363 5875 supplevimus.
