4086 6340
534 543 633 595 231

534 656 742 709 alienus
768 651 949 706 eduxit
980 666 1076 705 nos
1097 694 1109 712 ,
1147 651 1375 721 illosque
1409 666 1620 703 rursum
1664 650 1729 702 ad
1759 666 1856 703 nos
1884 653 2128 704 attraxit.

536 746 669 809 Quia
702 744 844 798 enim
878 760 907 797 a
934 743 1161 795 naturali
1188 743 1277 794 illa
1310 743 1627 810 cognatione
1652 759 1755 793 non
1788 742 1983 795 licebat
2010 741 2131 793 illos

536 839 691 892 nobis
718 838 990 906 conjungi,
1021 853 1047 888 a
1074 836 1348 889 connubio
1371 850 1556 888 rursus
1578 834 1875 903 conjunxit,
1896 836 2132 904 integras

532 928 722 983 domos
753 944 850 997 per
877 942 1040 980 uuam
1071 941 1318 994 sponsam
1345 926 1697 995 eonjungcns,
1735 934 1789 979 et
1818 942 2011 994 genera
2046 927 2128 977 in-

531 1033 679 1089 tegra
710 1018 1001 1086 generibus
1032 1017 1409 1070 eotnmiscens.
1454 1016 1538 1069 Ne
1562 1018 1739 1081 ducas,
1774 1017 1968 1084 inquit,
2003 1034 2129 1068 uro-

529 1127 636 1163 rem
674 1125 897 1162 sororem
926 1118 1062 1161 luam
1083 1149 1095 1171 ,
1122 1126 1280 1177 neque
1310 1125 1533 1161 sororem
1572 1110 1752 1177 patris,
1786 1125 1944 1177 neque
1972 1110 2127 1160 alium

530 1202 752 1270 puellam
801 1217 914 1268 qua:
943 1201 1092 1254 talem
1124 1209 1284 1253 (ecum
1324 1201 1674 1270 cognationem
1719 1200 1897 1252 habeat
1928 1198 2124 1270 (Lct-it.

530 1292 620 1347 l8.
679 1292 710 1345 8
748 1292 814 1345 10
847 1294 895 1359 ),
940 1307 1061 1361 qua:
1110 1291 1509 1344 matrimonium
1560 1290 1855 1358 impediat,
1911 1291 2127 1343 muniua

530 1396 736 1450 mineus
766 1382 1071 1448 huiusmodi
1105 1382 1506 1449 cognationum.
1540 1381 1657 1433 Tibi
1687 1380 1883 1433 sufficit
1910 1381 1974 1433 ad
2006 1382 2125 1434 illu-

528 1488 643 1525 rum
693 1472 943 1526 allectum
998 1472 1360 1534 trahendum,
1417 1472 1557 1539 quod
1604 1470 1793 1524 eodem
1855 1480 2003 1538 partu
2055 1473 2126 1524 sis

524 1564 723 1627 editus,
758 1573 810 1617 et
849 1563 990 1630 quod
1022 1562 1087 1614 ad
1125 1571 1175 1615 te
1211 1562 1368 1613 aliter
1397 1562 1514 1613 alia:
1542 1571 1785 1630 spectent
1814 1563 2121 1617 affinitates.

523 1656 631 1707 Cur
660 1654 710 1706 in
743 1662 1027 1722 angustum
1054 1654 1253 1723 redigis
1276 1654 1611 1707 latitudinem
1634 1656 1871 1709 Caritatis
1903 1656 2041 1709 ?cur
2074 1659 2123 1710 in

526 1746 669 1798 illam
718 1745 911 1798 frustra
960 1746 1189 1813 suscipis
1244 1746 1491 1799 amicitia!
1534 1761 1773 1811 causam,
1824 1763 1917 1815 per
1965 1764 2121 1815 quam

524 1845 680 1902 potes
720 1836 875 1889 aliatn
908 1836 1162 1905 consequi
1208 1837 1459 1889 amicitia:
1494 1838 1855 1903 occasionem,
1903 1852 2123 1894 externa

524 1927 737 1981 inducta
772 1943 959 1991 uxore,
991 1940 1042 1982 et
1074 1944 1166 1996 per
1192 1930 1335 1981 illam
1374 1928 1633 1983 inducens
1659 1941 2008 1999 cognatorum
2035 1948 2123 1986 se-

524 2021 677 2079 riem,
714 2032 958 2083 matrem,
1012 2033 1237 2087 patrem,
1295 2019 1491 2074 fratres
1539 2032 1592 2074 et
1633 2022 1844 2074 illorum
1894 2023 2124 2077 affines?

526 2108 713 2161 Vidcn‘
758 2121 885 2177 quot
932 2110 1104 2161 inndis
1134 2125 1231 2161 nos
1262 2111 1595 2179 colligaverit
1622 2112 1644 2162 ?
1672 2113 1920 2165 Attamen
1952 2130 2123 2183 neque

526 2200 610 2251 his
640 2209 926 2251 contentus
953 2199 1068 2261 fuit,
1102 2199 1194 2252 sed
1220 2199 1380 2253 etiam
1406 2199 1583 2254 effecit
1614 2211 1669 2254 ιιι
1697 2202 1787 2256 alii
1820 2203 1940 2257 aliis
1982 2205 2119 2258 indi-

523 2303 789 2357 geremus,
820 2288 1056 2341 utetiam
1089 2289 1166 2342 sic
1198 2304 1295 2343 nos
1321 2291 1690 2360 conjungeret,
1716 2294 1839 2361 quia
1862 2295 2123 2351 amicitias

524 2397 650 2434 usus
681 2381 822 2434 facit.
874 2381 997 2435 Ideo
1028 2383 1358 2451 nonubitpte
1390 2386 1566 2437 omnia
1596 2387 1737 2453 gigni
1781 2389 2037 2453 permisit,
2067 2400 2123 2441 nt

523 2473 647 2526 ltinc
694 2474 857 2525 etiam
892 2488 990 2526 nos
1021 2482 1238 2541 cogeret
1283 2492 1402 2526 cum
1434 2476 1550 2528 aliis
1580 2477 1941 2531 commisceri.
1985 2478 2119 2531 Cum

524 2580 683 2631 porro
716 2564 842 2617 illud
871 2563 1137 2619 effecisset
1186 2574 1244 2617 ut
1285 2568 1420 2619 alter
1447 2567 1617 2621 altero
1643 2585 1920 2637 egeremus
1943 2612 1957 2637 ,
1991 2571 2120 2625 faci-

522 2656 626 2707 lem
676 2654 902 2708 reddidit
947 2657 1381 2709 commixtionem
1416 2675 1429 2710 :
1465 2659 1562 2711 nisi
1613 2660 1754 2712 enim
1804 2659 1905 2712 hoc.
1936 2672 2115 2722 esset.

520 2745 685 2798 altera
715 2745 839 2799 hinc
864 2747 1107 2814 molestia
1138 2756 1186 2799 et
1214 2747 1505 2800 tlifticultas
1534 2760 1854 2816 emergeret.
1888 2750 1942 2804 Si
1968 2752 2116 2804 enim

521 2836 732 2889 medico
759 2846 1005 2904 egentem
1037 2845 1128 2889 aut
1158 2838 1305 2889 fabro
1344 2848 1433 2889 aut
1461 2840 1567 2891 alio
1608 2842 1814 2895 artifice
1842 2854 2119 2911 opurletet

521 2940 746 2995 peregre
780 2926 1063 2995 proficisci,
1099 2935 1262 2979 totmn
1302 2930 1515 2996 periret.
1546 2929 1669 2983 Ideo
1700 2940 1752 2983 et
1778 2932 1935 2986 urbes
1962 2950 2118 3001 para-

521 3019 616 3080 vit,
643 3025 695 3068 et
719 3030 909 3068 omnes
932 3016 1087 3068 simul
1106 3017 1405 3083 conjunxit.
1430 3017 1497 3072 Ut
1518 3028 1695 3073 autem
1720 3036 1812 3075 eos
1826 3024 1912 3089 qui
1936 3025 2117 3091 procul

518 3117 643 3161 sunt
680 3106 834 3161 facile
864 3107 1011 3161 adire
1056 3124 1356 3176 possemus,
1392 3126 1536 3164 mare
1561 3112 1610 3163 in
1639 3112 1817 3167 medio
1855 3118 2115 3182 extendit,

515 3208 569 3251 ct
619 3209 898 3252 ventorum
948 3199 1097 3251 dedit
1142 3200 1492 3265 celeritatem,
1541 3202 1618 3255 sic
1656 3202 1839 3259 faciles
1886 3206 2118 3262 reddens

517 3290 992 3356 peregrinationes.
1045 3289 1201 3343 Initio
1245 3292 1406 3344 etiam
1453 3307 1641 3346 omnes
1692 3294 1744 3347 in
1794 3311 1900 3349 uno
1944 3302 2119 3367 coegit

518 3381 671 3444 loco;
700 3397 870 3449 neque
902 3382 1047 3448 prius
1078 3381 1353 3450 dispersit,
1388 3383 1562 3437 donec
1587 3386 1619 3437 ii
1648 3386 1736 3453 qui
1762 3388 1990 3455 primum
2020 3390 2115 3443 do—

519 3490 644 3525 num
677 3484 1014 3541 acceperant,
1051 3476 1339 3528 concordia
1372 3476 1437 3529 ad
1480 3479 1678 3531 malum
1708 3480 1786 3531 usi
1818 3491 1944 3533 sunt
1971 3497 1985 3546 ;
2020 3483 2112 3537 Sed

516 3565 750 3634 nudique
784 3580 881 3618 nos
906 3566 1145 3635 collegit,
1171 3578 1219 3621 et
1245 3584 1273 3622 a
1305 3579 1490 3622 natura
1525 3581 1577 3622 et
1599 3586 1628 3624 a
1654 3573 1974 3640 cognatione
2003 3584 2053 3628 et
2084 3591 2111 3628 a

515 3658 689 3725 lingua
738 3668 791 3710 et
827 3671 853 3707 a
896 3656 1037 3710 loco.
1077 3659 1153 3711 Ac
1195 3660 1331 3713 sicut
1378 3660 1592 3714 uolebat
1636 3676 1733 3714 nos
1766 3663 2017 3717 excidere
2048 3680 2111 3718 cx

512 3750 794 3820 paradiso;
815 3751 857 3803 si
883 3750 1027 3803 enim
1060 3752 1336 3817 voluisset,
1368 3768 1475 3806 non
1501 3753 1608 3807 illic
1635 3770 1755 3807 eum
1782 3772 1939 3821 quem
1972 3757 2113 3811 fece-

512 3852 593 3895 rat
624 3842 893 3896 hominem
931 3844 981 3895 in
1018 3843 1278 3913 principio
1305 3846 1589 3913 posuisset,
1616 3846 1708 3899 sed
1731 3847 1820 3915 qui
1852 3863 1955 3901 non
1982 3850 2111 3900 obe-

511 3935 665 3998 divit,
703 3936 754 3987 in
800 3950 959 3988 causa
992 3937 1090 3989 fuit
1125 3955 1136 3989 :
1172 3940 1249 3990 sic
1279 3952 1376 3989 nos
1415 3937 1629 3990 nolebat
1658 3938 1888 3990 diversa:
1919 3940 2109 4009 lingnx

514 4040 669 4089 csse;
703 4042 823 4077 nam
851 4026 916 4077 ab
947 4027 1096 4079 initio
1128 4026 1229 4080 hoc
1259 4028 1472 4081 fecisset
1505 4045 1517 4090 ;
1552 4044 1692 4081 nunc
1714 4043 1891 4083 antem
1921 4047 1971 4083 tu
2001 4041 2107 4084 tota

512 4126 654 4170 terra
689 4115 885 4167 labium
934 4125 1049 4168 erat
1091 4133 1249 4169 unum
1293 4127 1347 4171 et
1383 4134 1482 4169 vox
1528 4134 1629 4171 una
1673 4119 1944 4172 omnibus.
1980 4121 2109 4174 Pro-

514 4219 692 4275 ptezea
724 4223 820 4261 uec
852 4207 1066 4275 quando
1091 4217 1288 4261 terram
1316 4211 1550 4277 oportuit
1570 4209 1759 4271 deleri,
1788 4226 1884 4263 nos
1911 4227 1973 4264 ex
1999 4213 2103 4264 alia

515 4297 635 4351 fecit
680 4299 923 4357 materia,
961 4315 1135 4367 neque
1176 4299 1379 4368 justum
1427 4300 1737 4363 transtulit;
1773 4301 1866 4354 sed
1914 4301 2007 4355 illo
2055 4304 2105 4354 in

512 4387 701 4443 mediis
719 4388 967 4440 fluctibus
989 4390 1232 4451 dimisso,
1258 4392 1407 4457 quasi
1432 4392 1659 4459 quadam
1683 4391 1829 4444 orbis
1852 4393 2103 4459 scintilla,

509 4498 677 4551 genus
709 4490 949 4534 nostrum
987 4494 1170 4533 rursus
1201 4482 1447 4533 accendit
1470 4499 1533 4535 ex
1569 4486 1724 4537 beato
1754 4487 1844 4538 illo
1874 4488 2005 4540 Noe.
2043 4488 2107 4541 Et

510 4575 577 4626 ab
606 4574 759 4627 initio
790 4573 1004 4641 quidem
1037 4588 1198 4625 unmn
1244 4571 1370 4625 fecit
1403 4573 1684 4642 imperium
1715 4576 1886 4629 virum
1927 4578 2100 4644 prtefi-

508 4666 659 4717 ciens
704 4663 913 4714 mulieri
947 4681 957 4713 :
993 4664 1113 4729 quia
1143 4678 1271 4716 vero
1300 4678 1473 4733 genus
1513 4673 1754 4719 nostrum
1788 4666 1839 4719 in
1883 4668 2105 4721 multam

508 4752 709 4806 decidit
740 4752 945 4803 ordinis
973 4756 1329 4815 eversionem,
1360 4756 1462 4807 alia
1493 4772 1704 4826 quoque
1733 4759 1954 4827 imperia
1978 4774 2107 4813 con-

508 4844 716 4908 stituit,
752 4858 945 4911 nempc
989 4843 1331 4896 dominorum
1363 4855 1416 4897 et
1444 4850 1885 4921 magiStratuum;
1921 4861 1974 4906 et
2004 4852 2106 4907 hoc

508 4944 728 5006 prOpter
758 4935 1058 4989 caritatem.
1090 4935 1224 5001 Quia
1254 4935 1397 4989 enim
1432 4939 1630 4990 malitia
1662 4955 1832 5007 genus
1863 4953 2102 4997 nostrum

505 5029 667 5083 solvit
690 5036 745 5082 et
768 5030 1002 5096 perimit,
1032 5045 1129 5085 ceu
1157 5028 1420 5098 quosdam
1450 5029 1687 5084 medicos
1719 5033 1770 5084 in
1802 5033 1990 5087 mediis
2017 5052 2105 5089 ur-

508 5120 665 5172 bibus
690 5119 968 5172 constituit
997 5121 1084 5187 qui
1104 5120 1303 5188 judicia
1328 5119 1555 5183 ferrent,
1590 5129 1648 5175 ut
1674 5122 1928 5191 deinceps
1954 5126 2104 5178 mali-

506 5210 630 5264 tiam
664 5207 762 5264 ceu
802 5208 1087 5279 quamdam
1115 5211 1352 5264 caritatis
1399 5220 1601 5281 pestem
1633 5215 1974 5268 eliminantcs
2002 5256 2015 5278 ,
2051 5217 2101 5270 in

508 5317 667 5356 tmmn
702 5318 800 5354 nos
824 5311 1099 5367 cogerent.
1136 5301 1201 5355 Ut
1231 5311 1407 5356 autem
1440 5320 1545 5358 non
1574 5308 1745 5360 solum
1777 5308 1829 5360 in
1856 5308 2098 5370 urbibus,

507 5392 599 5447 sed
632 5394 793 5445 etiam
821 5393 871 5446 in
902 5394 1127 5462 singulis
1148 5393 1400 5449 domibus
1429 5397 1593 5449 multa
1617 5401 1902 5454 concordia
1927 5411 2099 5465 esset;

504 5500 627 5539 cum
657 5485 830 5538 virum
860 5484 1086 5551 imperio
1112 5494 1167 5539 et
1199 5485 1559 5553 prtecellcutia
1593 5488 1911 5545 lionorasset
1934 5532 1946 5555 ,
1980 5509 2100 5544 mu-

506 5577 689 5631 lierem
720 5588 899 5630 autem
940 5578 1374 5645 concupiscentia
1405 5590 1703 5647 armasset,
1752 5591 1809 5636 et
1846 5599 2100 5651 procrea-

506 5669 666 5723 tionis
693 5670 982 5724 liberOrum
1012 5669 1213 5724 donum
1240 5674 1292 5724 in
1322 5672 1500 5725 medio
1530 5688 1715 5729 eorum
1737 5677 2094 5746 deposuisset,

503 5760 605 5813 alia
637 5776 756 5815 cum
808 5760 892 5814 bis
935 5777 1056 5831 quae
1099 5762 1375 5816 caritatem
1415 5766 1768 5823 conciliarent
1798 5782 2093 5840 apparavit.

506 5849 687 5918 Neque
728 5851 872 5905 enim
902 5853 1079 5905 onmia
1110 5854 1351 5921 permisit
1379 5856 1494 5911 viro
1514 5897 1527 5922 ,
1564 5872 1736 5929 neque
1763 5864 1942 5916 omnia
1975 5880 2095 5920 mu-

505 5937 646 6002 lieri,
681 5940 771 5993 sed
801 5951 853 5994 ct
897 5940 1012 5995 lucc
1043 5940 1327 6013 unicuique
1356 5944 1571 6016 divisit,
1607 5948 1816 6005 mulieri
1847 5950 2091 6023 domum,

1216 538 1270 594 S.
1310 536 1588 593 JOANNIS
1626 536 2095 593 CllleSOSTOMI
2138 535 2453 594 ARCIIIEI‘.
2494 540 3025 601 CONSTANTINOP.

3741 556 3845 611 ste

2244 651 2360 705 viro
2383 652 2556 708 forum
2587 657 2946 727 consignans;
2974 668 3030 714 et
3054 661 3168 716 viro
3185 664 3402 733 quidem
3427 678 3484 723 ut
3512 670 3703 737 aleret,
3736 683 3842 727 tcr-

2246 758 2359 797 ram
2386 746 2530 799 enim
2573 747 2735 815 colit;
2768 749 2981 805 mulieri
3012 767 3140 807 vero
3171 763 3227 809 ut
3253 759 3508 827 vestiret,
3550 762 3656 816 tela
3696 764 3838 818 enim

2239 845 2293 888 et
2331 836 2483 891 colus
2527 849 2652 892 sunt
2696 841 2940 897 mulieris
2975 860 2989 897 :
3020 844 3137 914 ipse
3181 862 3412 917 namque
3448 850 3597 907 dedit
3623 854 3841 910 mulieri

2241 928 2455 982 texendi
2501 929 2842 987 industriam.
2890 933 2996 991 Sed
3043 950 3227 1007 pereat
3266 944 3529 1010 avaritia,
3578 964 3702 1018 quae
3732 967 3839 1005 non

2238 1020 2368 1073 sinit
2390 1020 2530 1075 banc
2550 1037 2811 1091 apparere
2833 1025 3209 1084 differentiam.
3235 1031 3367 1086 Nam
3385 1037 3680 1094 multorum
3703 1043 3842 1097 mol-

2238 1109 2379 1163 lities
2414 1111 2559 1165 viros
2587 1113 2653 1166 ad
2685 1115 2816 1168 telas
2847 1116 3098 1185 deduxit,
3141 1132 3195 1174 et
3239 1123 3417 1178 radios
3458 1127 3537 1181 eis
3561 1129 3615 1183 in
3646 1147 3841 1188 manus

2235 1200 2382 1254 dedit
2426 1210 2481 1256 et
2525 1204 2843 1275 subtegmen
2888 1218 2943 1264 et
2971 1213 3223 1267 stamina.
3256 1214 3507 1272 Attamen
3550 1221 3629 1275 sic
3671 1226 3838 1279 etiam

2234 1288 2400 1359 fulget
2429 1291 2625 1347 divina:
2670 1296 3084 1366 dispensationis
3132 1305 3485 1373 providentia.
3533 1310 3667 1366 Nam
3712 1330 3839 1370 mu-

2235 1381 2365 1436 liere
2406 1384 2457 1436 in
2487 1386 2606 1439 aliis
2634 1388 2795 1442 etiam
2835 1390 3125 1449 admodum
3156 1401 3477 1454 necessariis
3504 1416 3640 1471 Opus
3668 1404 3838 1460 habe-

2234 1474 2373 1531 mus.
2400 1484 2453 1527 et
2477 1479 2774 1533 minoribus
2800 1481 2851 1535 in
2876 1483 2940 1537 iis
2964 1500 3083 1553 qua:
3104 1488 3266 1542 vitam
3288 1492 3566 1547 continent
3596 1505 3837 1549 nostram

2234 1562 2567 1632 indigemus;
2604 1577 2855 1639 tantaque
2897 1583 2981 1628 est
3026 1581 3318 1634 necessitas
3342 1623 3355 1647 ,
3388 1590 3446 1636 ut
3476 1584 3689 1639 etiamsi
3718 1589 3838 1655 quis

2232 1656 2471 1708 omnium
2501 1658 2571 1711 sit
2604 1658 2880 1715 hominum
2914 1664 3231 1736 ditissimus,
3263 1686 3438 1741 neque
3463 1674 3541 1728 sic
3570 1675 3673 1729 bac
3702 1693 3837 1731 con-

2226 1747 2505 1816 junctioae
2549 1751 2827 1820 liberetur,
2876 1756 2949 1810 ita
2982 1760 3225 1816 utetiam
3271 1763 3528 1853 inferior-.0
3556 1783 3695 1837 opus
3738 1769 3837 1823 ba-

2234 1840 2373 1894 beat.
2407 1842 2589 1912 Neque
2618 1845 2760 1897 enim
2794 1861 3055 1917 pauperes
3084 1852 3256 1907 solum
3297 1870 3435 1925 opus
3465 1840 3668 1914 liabent
3696 1861 3838 1915 divi-

2233 1933 2396 1998 tibus,
2428 1936 2522 1988 sed
2550 1938 2712 1991 etiam
2740 1938 2936 1993 divites
2964 1946 3313 2012 pauperibus,
3347 1959 3400 2003 et
3422 1950 3476 2003 bi
3508 1954 3679 2023 magis
3707 1955 3833 2023 illis,

2230 2041 2387 2092 quam
2420 2027 2494 2079 illi
2528 2029 2665 2084 istis.

2302 2119 2352 2172 5.
2398 2118 2466 2173 Et
2510 2132 2567 2175 ut
2601 2123 2701 2175 hoc
2748 2126 2946 2181 clarius
2990 2128 3197 2195 videas,
3242 2131 3519 2200 faciamus,
3550 2139 3595 2193 si
3627 2140 3824 2208 placet,

2229 2208 2361 2262 duas
2389 2210 2584 2275 urbes;
2614 2214 2772 2267 aliam
2815 2216 3043 2272 divitum
3087 2231 3315 2287 tantum,
3346 2226 3504 2279 aliam
3538 2245 3669 2285 vero
3700 2248 3832 2302 pau-

2233 2317 2446 2370 perum;
2482 2313 2539 2357 et
2570 2321 2743 2376 neque
2772 2308 2822 2360 in
2854 2324 2915 2362 ea
2946 2327 3064 2379 qua:
3090 2313 3315 2367 divitum
3340 2326 3421 2370 est
3446 2318 3517 2371 sit
3538 2321 3658 2388 quis
3692 2340 3827 2392 pau-

2230 2407 2344 2459 per,
2380 2410 2554 2463 nequc
2583 2397 2632 2448 in
2667 2412 2727 2450 ea
2759 2416 2878 2467 qua:
2924 2418 3219 2471 pauperum
3265 2418 3351 2461 est
3391 2409 3458 2463 sit
3487 2412 3610 2479 quis
3650 2414 3828 2482 dives,

2226 2483 2320 2537 sed
2347 2493 2626 2555 utramque
2654 2500 2843 2544 exacte
2873 2508 3237 2564 expurgemus
3263 2519 3274 2550 :
3302 2509 3357 2552 et
3382 2500 3659 2559 videamus
3676 2522 3828 2575 qum-

2228 2589 2348 2625 nam
2384 2576 2553 2645 magis
2580 2579 2679 2631 sibi
2708 2581 2959 2637 sufficere
2988 2589 3204 2653 poterit.
3232 2588 3289 2645 Si
3316 2592 3458 2644 enim
3485 2592 3829 2653 inveniamus

2226 2679 2345 2718 eam
2371 2682 2491 2735 qum.
2522 2670 2711 2736 possit,
2736 2687 2856 2727 esse
2894 2692 3185 2746 pauperum
3218 2682 3428 2749 urbem,
3477 2686 3652 2753 palam
3699 2692 3824 2755 erit,

2225 2757 2370 2827 quod
2400 2758 2597 2814 divites
2630 2764 2799 2832 magis
2848 2766 2955 2819 illis
2986 2769 3283 2839 indigeant.
3317 2774 3502 2844 Itaque
3530 2778 3585 2832 in
3614 2779 3708 2835 illa
3738 2783 3825 2837 di-

2228 2852 2394 2905 vitum
2424 2852 2557 2907 urbe
2582 2856 2760 2909 nullus
2789 2858 2893 2909 erit
2918 2860 3137 2927 artifex,
3174 2881 3280 2918 non
3322 2868 3676 2939 architectus,
3711 2889 3819 2928 nou

2227 2942 2393 3007 faber,
2425 2960 2533 2998 non
2573 2954 2722 3000 sutor
2754 2949 3074 3014 calcearius,
3112 2969 3216 3006 non
3253 2958 3443 3024 pistor,
3477 2976 3580 3014 non
3608 2967 3825 3033 agrico-

2226 3034 2297 3099 la,
2343 3050 2450 3089 non
2496 3034 2649 3091 faber
2677 3041 2924 3108 aerarius,
2965 3057 3072 3096 non
3122 3041 3327 3099 funium
3377 3062 3680 3114 contextur,
3717 3073 3824 3112 non

2222 3128 2366 3181 aliud
2401 3129 2693 3199 quidquam
2730 3132 3053 3201 bujusmodi.
3092 3136 3223 3204 Quis
3250 3141 3393 3193 enim
3438 3142 3663 3199 divitum
3694 3163 3822 3203 um-

2222 3235 2381 3289 quam
2411 3220 2526 3275 btec
2556 3232 2787 3277 tractare
2805 3225 3056 3293 voluerit,
3084 3229 3298 3297 quando
3322 3231 3355 3284 ii
3374 3233 3559 3301 etiam,
3591 3238 3680 3306 qui
3706 3239 3825 3295 bzec

2224 3320 2473 3374 tractant,
2527 3327 2649 3366 cum
2696 3315 2938 3383 opulenti
2984 3316 3204 3385 fuerint,
3236 3337 3344 3375 non
3372 3324 3510 3379 ultra
3550 3328 3823 3385 sustinent

2223 3404 2414 3457 borum
2440 3419 2664 3473 operum
2686 3408 2994 3462 miseriam?
3024 3409 3307 3477 Quomodo
3332 3415 3493 3481 igitur
3511 3418 3665 3473 nobis
3690 3421 3822 3476 urbs

2221 3495 2371 3549 istmc
2400 3498 2697 3550 consistet?
2728 3497 3037 3567 Numerata,
3090 3503 3322 3572 inquies,
3373 3511 3595 3573 pecunia
3625 3511 3824 3568 divites

2221 3588 2334 3643 hrec
2365 3606 2394 3643 a
2445 3592 2770 3659 pauperibus
2817 3603 3018 3648 ement.
3053 3595 3192 3665 Ergo
3221 3614 3327 3651 non
3370 3600 3472 3654 sibi
3504 3603 3635 3669 ipsis
3661 3606 3819 3659 suffi-

2218 3680 2383 3745 cient,
2416 3682 2459 3733 si
2495 3682 2601 3734 illis
2630 3682 2919 3751 indigeant.
2944 3685 3226 3751 Quomodo
3255 3699 3435 3743 autcm
3466 3689 3660 3746 domos
3687 3695 3822 3749 aedi-

2222 3769 2491 3824 ficabunt?
2521 3786 2587 3824 an
2633 3771 2735 3825 hoc
2778 3776 2937 3827 etiam
2985 3778 3203 3830 ement?
3243 3780 3337 3833 sed
3383 3780 3434 3833 id
3473 3792 3661 3839 natura
3706 3802 3821 3842 nan

2222 3862 2398 3916 habet.
2433 3864 2576 3933 Ergo
2605 3880 2827 3920 necesse
2852 3876 2933 3920 est
2965 3867 3068 3922 huc
3104 3870 3340 3926 artifices
3371 3890 3620 3942 evocare,
3654 3888 3705 3932 et
3737 3880 3822 3934 leo

2216 3969 2337 4021 gem
2385 3969 2754 4023 corrumpere,
2798 3974 2958 4027 quam
2990 3960 3141 4014 initio
3174 3967 3445 4030 posuimus
3471 3981 3593 4019 cum
3627 3970 3820 4025 urbem

2218 4044 2409 4098 incolis
2436 4046 2862 4102 instrueremus:
2894 4051 3216 4106 meministis
3260 4055 3401 4107 enim
3444 4058 3585 4125 quod
3613 4058 3823 4116 dixeri-

2218 4150 2357 4199 mus,
2394 4136 2661 4189 neminem
2693 4152 2814 4191 esse
2840 4138 2983 4192 intus
3011 4157 3322 4211 pauperem.
3347 4145 3451 4199 Sed
3475 4162 3604 4203 ecce
3625 4165 3820 4206 neces-

2216 4226 2346 4279 sitas
2376 4226 2538 4279 etiam
2567 4226 2722 4279 nobis
2749 4228 3055 4285 nolentibus
3085 4230 3233 4300 ipsos
3266 4234 3546 4292 advocavit
3566 4249 3624 4293 et
3645 4240 3819 4297 intro-

2214 4317 2383 4370 duxit.
2419 4316 2572 4371 Unde
2595 4317 2770 4385 palam
2798 4328 2881 4373 est
2911 4339 3014 4376 non
3047 4339 3203 4392 posse
3225 4327 3341 4381 sine
3369 4333 3695 4398 pauperibus
3725 4350 3818 4388 ur-

2215 4408 2335 4461 bem
2368 4408 2684 4465 subsistere.
2712 4410 2765 4465 Si
2795 4413 2937 4466 enim
2967 4428 3179 4469 maneat
3209 4420 3398 4472 civitas
3424 4423 3627 4476 nullum
3657 4426 3816 4481 exiis

2213 4499 2518 4584 excipiens,
2543 4515 2649 4554 non
2680 4502 2814 4555 ultra
2847 4504 3035 4558 civitas
3055 4508 3176 4573 erit,
3210 4509 3302 4561 sed
3332 4512 3545 4577 peribit.
3569 4514 3688 4570 Non
3710 4519 3814 4587 igi-

2216 4599 2301 4642 tur
2327 4591 2429 4644 sibi
2460 4591 2711 4659 sufficiet,
2746 4594 2847 4647 nisi
2880 4596 3027 4649 velut
3053 4611 3361 4656 servatores
3383 4606 3643 4671 quosdam
3675 4624 3811 4679 pau-

2216 4693 2369 4746 peres
2392 4681 2443 4734 in
2475 4697 2533 4736 se
2560 4686 2924 4754 congregarit.
2962 4686 3251 4745 Videamus
3293 4710 3480 4751 rursus
3509 4714 3809 4768 pauperum

2217 4767 2424 4833 urbem,
2456 4786 2579 4824 num
2611 4774 2698 4826 illa
2728 4776 2978 4832 similiter
3004 4780 3055 4834 in
3083 4793 3326 4852 egestate
3348 4786 3527 4856 degat,
3552 4767 3815 4847 divitibus

2192 4861 2439 4930 privata.
2476 4862 2542 4915 Et
2571 4868 2742 4931 primo
2770 4885 3132 4941 expurgemus
3178 4879 3424 4933 oratione
3461 4880 3703 4949 divitias,
3741 4888 3807 4941 il-

2213 4952 2399 5019 lasque
2440 4962 2625 5020 aperte
2672 4960 3039 5015 ostendamus.
3084 4964 3350 5031 Quidnam
3394 4980 3515 5022 sunt
3565 4972 3810 5033 divitia?

2212 5042 2442 5107 Aurum,
2472 5055 2776 5113 argentum,
2806 5050 3011 5119 lapides
3043 5059 3283 5124 pretiosi,
3325 5071 3504 5116 veSIes
3536 5066 3725 5123 serica:
3754 5086 3808 5126 et

2215 5150 2495 5202 purpurea:
2522 5148 2573 5191 et
2604 5154 2801 5195 aureae.
2833 5144 2965 5211 Quia
2994 5148 3154 5218 igitur
3177 5161 3400 5220 apparet
3428 5168 3674 5223 quamam
3695 5166 3809 5219 sint

2209 5227 2432 5295 diviti-.13,
2466 5233 2797 5300 expellamus
2823 5237 2943 5291 illas
2968 5256 3031 5292 ex
3067 5255 3379 5309 pauperum
3404 5247 3557 5315 urbe,
3589 5254 3636 5306 si
3669 5257 3809 5311 veli-

2210 5336 2327 5376 mus
2359 5339 2650 5392 pauperum
2694 5330 2965 5385 civitatem
3009 5344 3197 5389 exacte
3225 5340 3590 5411 constituere;
3625 5364 3691 5402 ne
3721 5352 3805 5405 vel

2210 5428 2307 5481 per
2336 5419 2603 5473 somnium
2637 5421 2744 5474 illic
2771 5437 2957 5477 aurum
2990 5438 3264 5495 appareat,
3298 5449 3471 5506 neque
3494 5439 3616 5493 talia
3642 5444 3808 5497 vesti-

2211 5517 2418 5571 menta;
2442 5510 2486 5562 si
2510 5510 2590 5564 vis
2611 5520 2810 5575 autem,
2840 5527 3013 5582 neque
3040 5532 3341 5592 argentum,
3363 5546 3537 5600 neque
3555 5547 3678 5586 vasa
3710 5550 3805 5588 ar-

2207 5607 2421 5663 genlea.
2452 5600 2589 5669 Quid
2620 5604 2790 5671 ergo?
2818 5604 2904 5658 dic
2929 5608 3081 5677 mibi,
3111 5613 3306 5673 ideone
3342 5620 3395 5675 in
3424 5632 3667 5692 egestate
3697 5633 3804 5685 erit

2208 5690 2324 5745 lucc
2356 5694 2520 5747 urbs?
2542 5694 2781 5750 Minime.
2812 5697 2865 5753 Si
2893 5703 3035 5757 enim
3068 5708 3339 5767 aedificare
3380 5690 3648 5785 oporteat,
3691 5737 3805 5779 nun

2206 5794 2339 5835 auro
2370 5799 2470 5838 nec
2498 5796 2720 5855 argento
2749 5806 2847 5845 nec
2878 5800 3179 5867 margaritis
3208 5813 3291 5858 est
3332 5819 3489 5873 opus,
3530 5810 3627 5866 sed
3656 5828 3799 5881 arte,

2206 5874 2487 5941 manibus;
2514 5878 2758 5937 manibus
2782 5894 2959 5942 autem
2992 5906 3097 5944 non
3122 5903 3434 5966 utcumque,
3464 5901 3562 5956 sed
3582 5874 3806 5974 callosis

2205 5962 2492 6038 digitisque
2524 5968 2806 6043 induratis,
2838 5980 3030 6036 robore
3064 5985 3253 6057 multo,
3284 5962 3462 6059 tignis,
3496 5963 3797 6065 lapidibus:
