4076 6336
140 519 229 575 291
1168 520 1236 574 ΙΝ
1279 519 1502 575 EI’IST.
1540 520 1557 574 1
1595 518 1688 574 ΑΙ)

1832 519 1883 573 li.
1929 519 2164 574 ΙΙΟΜΙΙ..
2210 519 2446 574 XXXIV.

140 634 226 685 καὶ
258 631 324 683 δι’
363 627 578 697 ἐκείνης
632 628 906 696 συγγενῶν
939 630 1201 698 ὀρμαοὺν,
1233 632 1327 683 καὶ
1363 630 1597 701 μητέρα.
1633 628 1727 680 καὶ

141 713 372 783 πατέρα,
405 712 499 762 καὶ
518 708 801 777 ἀδελφοὺς,
835 711 930 763 καί
956 713 1085 773 τοὺς
1110 713 1316 765 τούτων
1349 711 1717 779 ἐπιτηδείουςς

144 792 289 857 Εἶδες
324 793 512 854 πόσοις
550 791 775 862 τρόποις
812 793 960 862 ἡμᾶς
1012 794 1335 864 συνέδησενς
1390 793 1527 846 Ἀλλ’
1573 794 1722 860 ὅμως

140 877 253 929 ούδέ
286 875 464 928 ταῦτα
491 874 913 944 αὐτῷἧρκεσεν,
946 875 1082 928 ἀλλά
1115 878 1206 930 καὶ
1233 876 1479 946 ἀλλήλων
1501 872 1723 944 χρῄζειν

144 957 554 1030 παρεσκεύασεν
578 968 628 1021 ι,
679 958 767 1009 ἶνα
819 958 915 1010 καὶ
972 958 1143 1021 οὕτως
1201 961 1350 1029 ἡμᾶς
1417 957 1720 1027 συναγάγῃ,

140 1041 327 1111 ἐπειδὴ
368 1041 605 1111 μάλιστα
628 1039 730 1103 τὰς
758 1040 943 1109 φιλίας
971 1042 1028 1092 αἱ
1055 1044 1238 1113 χρεῖαι
1268 1041 1501 1095 ποιοῦσι.
1536 1041 1633 1093 Διά
1658 1040 1721 1108 δὴ

140 1125 293 1178 τοῦτο
314 1125 438 1177 οὐδὲ
465 1124 643 1177 πάντα
669 1123 847 1194 ἀφῆκε
879 1124 1157 1193 πανταχοῦ
1185 1124 1455 1192 γίνεσθαι,
1480 1124 1566 1176 ἵνα
1592 1125 1725 1176 κάν-

140 1208 331 1261 τεῦθεν
356 1206 615 1277 ἀλλήλοις
651 1207 1051 1273 ἀναμίγνυσθαι
1089 1208 1396 1278 ἀναγκάσῃ.
1434 1207 1727 1273 Καταστή-

142 1310 235 1355 σας
278 1292 339 1343 δέ
376 1292 523 1361 ἡμᾶς
562 1292 620 1343 ἐν
662 1290 821 1361 χρείᾳ
859 1290 1125 1360 ἀλλήλων,
1158 1290 1382 1343 εῦκολον
1421 1290 1584 1342 πάλιν
1626 1288 1726 1358 τὴν

140 1375 420 1443 ἐπιμιξίαν
468 1374 744 1441 ἐποίησεν·
779 1373 900 1424 ἐπεὶ
929 1372 978 1423 εἰ
1010 1372 1085 1441 μὴ
1117 1373 1277 1426 τοῦτο
1303 1368 1392 1442 ἦν,
1429 1374 1508 1434 είς
1532 1370 1725 1441 ἑτέραν

143 1458 329 1527 ἀηδίαν
389 1458 450 1508 τὸ
493 1458 728 1525 πρᾶγμα
776 1455 1096 1525 περιΐστατο
1144 1457 1239 1508 καὶ
1285 1456 1622 1526 δυσχέρειαν.
1662 1455 1724 1506 Εἰ

140 1542 244 1609 γὰρ
282 1540 474 1607 ἰατροῦ
524 1539 775 1605 δεόμενον
807 1538 842 1607 ἢ
884 1538 1136 1600 τέκτονος
1171 1538 1202 1606 ἢ
1240 1537 1427 1607 ἐτέρου
1465 1536 1726 1606 δημιουρ-

139 1625 253 1691 γοῦ,
319 1623 539 1693 μακρὰν
587 1621 693 1672 ἔδει
753 1620 1066 1673 στέλλεσθαι
1118 1620 1452 1688 ἀποδημίαν,
1504 1620 1567 1671 τὸ
1616 1620 1724 1670 πᾶν

136 1705 425 1758 ἀπολώλει.
456 1704 555 1756 Διά
583 1703 647 1772 δὴ
672 1703 832 1756 τοῦτο
861 1704 955 1756 καὶ
988 1703 1174 1764 πόλεις
1202 1701 1599 1765 κατεσκεύασε,
1626 1702 1725 1774 καὶ

140 1789 341 1848 πάντας
376 1786 508 1855 ὁμοῦ
543 1787 871 1854 συνήγαγεν.
901 1786 1019 1837 Ἵνα
1048 1785 1115 1855 δὴ
1159 1786 1253 1837 καὶ
1282 1786 1394 1846 τοῖς
1441 1782 1723 1853 πόρρωθεν

138 1870 336 1938 ῥᾳδίως
363 1865 716 1938 ἐπιχωριάζω
728 1885 850 1937 μεν,
887 1866 1155 1920 θάλατταν
1177 1869 1257 1928 είς
1289 1864 1452 1935 μέσον
1477 1864 1720 1935 ἤπλωσε,

137 1954 224 2003 καὶ
258 1950 481 2019 ἀνέμων
526 1951 806 2020 ταχύτητα
848 1949 1050 2011 ἔδωκε,
1096 1949 1286 2020 ῥᾳδίας
1330 1947 1583 2000 ἐντεῦθεν
1623 1947 1723 2008 τὰς

137 2033 443 2102 ἀποδημίας
494 2033 681 2086 ποιῶν.
728 2032 885 2103 Παρά
935 2034 991 2085 δὲ
1049 2033 1147 2103 τὴν
1191 2031 1364 2100 ἀρχὴν
1405 2030 1501 2082 καὶ
1537 2031 1593 2080 ἐν
1643 2029 1723 2082 ἐνὶ

134 2118 342 2177 πάντας
387 2117 663 2183 συνήγαγε
704 2117 912 2185 χωρίῳ,
959 2116 1054 2167 καὶ
1090 2115 1152 2168 ού
1183 2114 1449 2183 πρότερον
1480 2114 1717 2165 διέσπει-

136 2216 246 2266 ρεν,
286 2199 398 2261 ἕως
435 2199 515 2260 είς
547 2197 714 2250 κακὸν
750 2199 1054 2267 ἐχρήσαντο
1078 2199 1147 2266 τῇ
1182 2196 1406 2265 ὁμονοίᾳ
1432 2198 1483 2247 οἱ
1516 2196 1720 2265 πρῶτοι

134 2280 394 2342 λαϐόντες
421 2280 481 2332 τὸ
507 2278 679 2348 δῶρον
702 2295 715 2308 ο
755 2279 892 2331 ἀλλά
928 2279 1195 2332 πάντοθεν
1229 2280 1377 2347 ἡμᾶς
1424 2279 1719 2346 συνήγαγε,

137 2364 227 2416 καὶ
266 2364 382 2417 ἀπὸ
413 2362 629 2431 φύσεως
666 2361 762 2414 καὶ
794 2362 903 2414 ἀπὸ
932 2361 1252 2429 συγγενείας
1283 2362 1377 2413 καὶ
1409 2359 1516 2413 ἀπὸ
1546 2358 1722 2427 γλώτ-

138 2462 232 2514 της
254 2447 351 2498 καὶ
382 2445 489 2497 ἀπὸ
510 2444 697 2497 τόπου.
741 2445 852 2498 Καὶ
893 2443 1085 2514 ῶσπερ
1125 2444 1227 2495 οῦκ
1271 2442 1521 2495 ἐϐούλετο
1560 2441 1724 2491 ἐκπε-

136 2532 245 2581 σεῖν
275 2528 427 2598 ἡμᾶς
457 2526 551 2579 τοῦ
586 2526 918 2596 παραδείσου
950 2528 1021 2584 (εί
1056 2524 1164 2595 γὰρ
1202 2524 1472 2583 ἐϐούλετο,
1508 2522 1615 2574 οὐδ’
1657 2520 1723 2573 ἂν

133 2611 245 2663 ἐκεῖ
290 2608 558 2662 κατέθετο
613 2607 670 2661 δν
732 2609 989 2677 ἐποίησεν
1036 2608 1322 2677 ἄνθρωπον
1362 2606 1461 2675 τὴν
1503 2606 1751 2673 ἀρχὴν),“

133 2692 244 2745 ἀλλ’
268 2695 298 2745 ό
332 2691 692 2760 παρακούσας
729 2690 901 2754 αίτιος
920 2709 932 2722 ·
964 2689 1138 2754 οὕτως
1170 2690 1291 2743 ούδέ
1315 2687 1725 2756 ἀλλογλώσσους

134 2770 269 2828 εἶναι
303 2772 572 2842 ἠθέλησεν
594 2789 609 2803 ·
650 2773 772 2825 ἐπεὶ
806 2773 913 2826 κᾶν
953 2772 1013 2835 ἐξ
1043 2774 1219 2841 ἀρχῆς
1263 2770 1422 2823 τοῦτο
1462 2770 1721 2838 ἐποίησεο

136 2857 226 2909 νῦν
262 2857 323 2909 δὲ
364 2857 513 2907 πάσα
548 2856 582 2924 ή
608 2855 678 2923 γῆ
716 2854 890 2923 χεῖλος
915 2854 973 2905 ἐν
1001 2850 1090 2923 ἦν,
1121 2854 1217 2906 καὶ
1248 2854 1399 2921 φωνὴ
1437 2852 1534 2920 μία
1563 2852 1719 2905 πᾶσι.

134 2940 230 2993 Διά
265 2938 334 3007 δὴ
376 2936 534 2989 τοῦτο
567 2935 689 2988 οὐδὲ
718 2937 882 3004 ήνίκα
915 2937 1014 3005 τὴν
1053 2936 1158 3004 γῆν
1199 2934 1566 3003 ἀφανισθῆναι
1593 2933 1721 2995 ἔδει,

135 3022 251 3075 οὐδὲ
294 3021 421 3072 τότε
466 3019 615 3088 ἡμᾶς
654 3018 714 3081 ἐξ
756 3016 924 3086 ἄλλης
955 3016 1406 3087 ἐποίησεννῦλης,
1438 3014 1557 3068 οὐδὲ
1592 3031 1726 3083 μετ-

134 3106 302 3175 έθηκε
332 3103 426 3155 τὸν
458 3101 686 3163 δίκαιον,
714 3099 829 3152 ἀλλ’
862 3101 1021 3167 ἀφεὶς
1048 3100 1211 3153 αὑτὸν
1242 3100 1300 3151 ἐν
1324 3098 1473 3169 μέσῳ
1499 3097 1575 3167 τῷ
1596 3097 1726 3148 κλυ-

139 3188 344 3255 δωνίῳ,
385 3184 574 3253 ῶσπερ
599 3181 721 3235 τινά
751 3182 1028 3251 σπινθῆρα
1057 3185 1156 3251 τῆς
1176 3181 1521 3251 οἰκουμένης,
1553 3179 1725 3249 ἀνῆψε

134 3271 302 3322 πάλιν
327 3268 487 3337 ἡμῶν
512 3267 573 3317 τὸ
604 3267 761 3332 γένος
790 3265 997 3318 ἐκεῖθεν
1028 3265 1135 3319 ἀπὸ
1160 3265 1255 3317 τοῦ
1287 3265 1557 3335 μακαρίου
1580 3266 1723 3320 Νῶε.

132 3353 244 3405 Καὶ
277 3351 339 3416 ἐξ
366 3351 543 3421 ἀρχῆς
574 3350 671 3420 μὲν
719 3349 848 3417 μίαν
882 3349 1138 3418 ἐποίησεν
1184 3350 1381 3420 ἀρχὴν,
1414 3350 1505 3401 τὸν
1560 3349 1727 3419 ἄνδρα

139 3436 448 3501 ἐπιστήσας
479 3436 546 3503 τῇ
578 3431 826 3499 γυναικί·
862 3432 1051 3501 ἐπειδὴ
1078 3430 1134 3483 δέ
1160 3432 1241 3494 είς
1272 3431 1473 3501 πολλὴν
1508 3430 1729 3495 ἐξώκει-

136 3518 223 3570 λεν
263 3515 495 3579 ἀταξίαν
524 3515 584 3566 τὸ
614 3515 771 3581 γένος
811 3514 991 3583 ήμῶν,
1025 3514 1121 3566 καὶ
1166 3514 1357 3583 ἐτέρας
1403 3514 1724 3582 κατέστησε,

135 3606 229 3667 τὰς
244 3604 358 3656 τῶν
383 3601 659 3655 δεσποτῶν
683 3598 855 3671 [516],
879 3599 977 3661 τὰς
992 3598 1101 3652 τῶν
1126 3600 1426 3668 ἀρχόντων⁸
1460 3598 1728 3651 καὶτοῦτο

135 3682 187 3733 δὲ
213 3682 281 3734 δι’
309 3680 551 3750 ἀγάπην.
571 3677 787 3748 Ἐπειδὴ
816 3676 924 3748 γὰρ
944 3679 976 3747 ή
1000 3676 1166 3731 κακία
1195 3677 1501 3731 διαλυτικδν
1526 3679 1617 3729 καὶ
1636 3679 1728 3729 ἀν-

139 3763 416 3833 αιρετικὸν
450 3759 732 3830 ἡμῶν,τοῦ
768 3760 980 3826 γένους,
1014 3760 1205 3829 ὥσπερ
1240 3760 1391 3823 τινὰς
1424 3761 1640 3830 ἰατροὺς
1672 3760 1729 3810 ἐν

142 3846 336 3913 μέσαις
360 3846 478 3904 ταῖς
511 3843 731 3894 πόλεσιν
757 3841 979 3893 ἐκάθισε
1007 3843 1134 3903 τοὺς
1155 3842 1494 3905 δικάζοντας,
1529 3842 1594 3893 ἵν’
1616 3841 1727 3891 ὦσ-

139 3945 241 3997 περ
267 3926 392 3979 τινὰ
418 3926 605 3995 λοιμὲν
628 3924 729 3991 τῆς
760 3924 983 3992 ἀγάπης
1018 3928 1117 3993 τὴν
1161 3925 1360 3977 κακίαν
1399 3924 1728 3977 ἀπελαύνον-

138 4027 249 4072 τες,
290 4008 503 4070 πάντας
536 4009 615 4070 εἰς
647 4006 704 4058 ἐν
747 4007 1150 4074 συναγάγωσιν.
1197 4008 1314 4060 Ἵνα
1345 4007 1401 4060 δὲ
1448 4007 1523 4077 μὴ
1570 4007 1729 4075 μόνον

138 4096 194 4145 ἐν
224 4094 350 4152 ταῖς
374 4090 616 4154 πόλεσιν,
672 4088 808 4141 ἀλλά
841 4087 936 4142 καὶ
984 4091 1041 4141 ἐν
1086 4086 1289 4160 ἑκάστῃ
1313 4090 1460 4160 οἰκία
1498 4089 1664 4159 πολλὴ
1692 4093 1724 4159 ἡ

137 4175 362 4244 ὁμόνοια
386 4169 446 4244 ᾗ,
480 4173 570 4225 τὸν
604 4172 703 4240 μὲν
742 4171 910 4240 ἄνδρα
952 4175 1017 4242 τῇ
1058 4173 1199 4242 ἀρχῇ
1233 4173 1327 4224 καὶ
1368 4176 1434 4243 τῇ
1482 4174 1723 4242 ὑπεροχῇ

137 4258 401 4327 τιμήσας,
448 4255 549 4323 τὴν
584 4254 641 4306 δὲ
692 4257 929 4320 γυναῖκα
966 4256 1032 4327 τῇ
1065 4254 1329 4324 ἐπιθυμίᾳ
1367 4254 1724 4319 καθοπλίσας,

138 4324 231 4391 καὶ
250 4324 316 4390 τὸ
348 4338 443 4407 τῆς
488 4335 833 4399 παιδοποιίας
868 4336 925 4389 δὲ
955 4324 1125 4407 δῶρον
1156 4338 1235 4397 εἰς
1278 4337 1441 4404 μέσον
1481 4337 1729 4406 ἀμφοτέ-

138 4439 257 4491 ροις
290 4417 575 4481 καταθεὶς,
602 4419 696 4473 καὶ
712 4418 878 4488 ἕτερα
907 4418 1044 4489 μετά
1070 4418 1277 4471 τούτων
1304 4421 1598 4487 συναγωγά
1630 4418 1731 4489 τῆς

136 4505 366 4573 ἀγάπης
412 4501 839 4556 κατεσκεύασεν.
885 4500 1022 4554 Οῠτε
1067 4500 1177 4572 γὰρ
1228 4501 1407 4555 πάντα
1462 4501 1729 4572 ἐπέτρεψε

138 4588 213 4660 τῷ
257 4586 441 4656 ἀνδρὶ,
474 4585 598 4639 οὕτε
648 4586 827 4639 πάντα
864 4588 931 4656 τῇ
963 4586 1204 4651 γυναικὶ,
1244 4584 1380 4637 ἀλλὰ
1417 4586 1511 4637 καὶ
1554 4583 1728 4636 ταῦτα

138 4674 339 4725 διεῖλεν
382 4670 629 4738 ἑκάστῳ,
668 4672 733 4739 τῇ
775 4670 873 4738 μὲν
899 4667 1000 4738 τὴν
1029 4668 1226 4733 οἰκίαν,
1262 4667 1340 4737 τῷ
1380 4668 1436 4719 δὲ
1468 4667 1565 4737 τὴν
1598 4669 1728 4734 ἀγο-

142 4756 242 4825 ράν
266 4752 607 4821 ἐγχειρίσας,
626 4752 722 4805 καὶ
746 4750 825 4822 τῷ
850 4752 948 4822 μὲν
979 4751 1040 4802 τὸ
1063 4750 1304 4821 τρέφειν,
1328 4754 1562 4819 γεωργεῖ
1582 4749 1691 4819 γάρ
1711 4766 1725 4781 ’

139 4843 203 4910 τῇ
227 4839 287 4892 δὲ
314 4838 379 4889 τὺ
401 4835 769 4905 περιϐάλλειν,
798 4834 942 4899 ἱστὸς
970 4834 1078 4904 γὰρ
1110 4837 1205 4888 καὶ
1232 4833 1476 4904 ἠλακάτη
1509 4833 1610 4903 τῆς
1632 4850 1730 4900 γυ-

141 4921 350 4982 ναικός·
386 4920 550 4982 αὐτὸς
577 4918 686 4988 γάρ
720 4918 887 4972 ἔδωκε
919 4920 986 4989 τῇ
1022 4920 1241 4986 γυναικὶ
1277 4918 1596 4987 ὑφάσματος
1641 4934 1728 4969 00—

141 5007 289 5073 φίαν.
352 5002 489 5054 Ἀλλ’
544 5002 797 5055 ἀπόλοιτο
848 5003 880 5071 ἡ
935 5002 1289 5073 φιλαργυρία,
1344 5003 1442 5054 οὐκ
1506 5003 1729 5070 ἀφιεῖσα

140 5087 347 5154 ταύτην
398 5085 680 5151 φαίνεσθαι
722 5084 820 5154 τὴν
879 5084 1172 5151 διάκρισιν.
1248 5085 1310 5137 Ἠ
1343 5086 1453 5154 γὰρ
1502 5084 1727 5153 βλακεία

141 5171 247 5225 τῶν
289 5166 504 5221 πολλῶν
563 5167 657 5220 καὶ
694 5167 821 5228 τοὺς
849 5164 1048 5233 ἄνδρας
1075 5166 1155 5226 είς
1182 5167 1308 5229 τοὺς
1335 5166 1517 5227 ἱστοὺς
1544 5169 1728 5218 ἐπεισ-

142 5256 343 5322 ήγαγε,
371 5249 463 5301 καὶ
483 5249 741 5315 κερκίδας
765 5248 950 5309 αὐτοῖς
966 5246 1261 5317 ἐνεχείρισε
1291 5246 1385 5299 καὶ
1404 5247 1612 5318 κρόκην
1635 5250 1728 5301 καὶ

146 5336 441 5404 στήμονας.
484 5328 628 5381 Ἀλλ’
660 5330 811 5398 ὅμως
840 5329 934 5382 καὶ
963 5326 1107 5380 οὕτω
1130 5327 1424 5397 διαλάμπει
1452 5330 1553 5397 τῆς
1576 5331 1729 5393 θείας

144 5413 453 5483 οἰκονομίας
484 5412 520 5481 ἡ
557 5409 807 5480 πρόνοια.
844 5412 955 5464 Καὶ
984 5410 1092 5481 γάρ
1123 5410 1219 5462 καὶ
1244 5411 1343 5479 τῆς
1378 5410 1640 5478 γυναικὸς
1669 5415 1727 5465 ἐν

144 5499 325 5559 ἄλλοις
376 5491 823 5561 ἀναγκαιοτέροις
879 5492 1088 5561 σφόδρα
1144 5491 1376 5562 δεόμεθα
1397 5532 1412 5557 ,
1466 5496 1560 5547 καὶ
1617 5495 1728 5549 τῶν

144 5579 444 5635 ἐλαττόνων
460 5577 518 5628 ἐν
543 5576 654 5635 τοῖς
679 5574 964 5642 συνέχουσι
984 5575 1076 5628 τὸν
1097 5573 1210 5645 βίον
1244 5574 1400 5644 ἡμῶν
1421 5574 1695 5647 χρῄζομεν
1712 5596 1725 5607 -

143 5666 239 5718 καὶ
272 5661 517 5732 τοσαύτη
570 5658 672 5728 τῆς
706 5657 897 5730 χρείας
931 5659 1080 5710 ἐστὶν
1128 5662 1161 5727 ή
1205 5660 1441 5728 ἀνάγκη,
1491 5661 1574 5711 ὅτι
1626 5662 1727 5715 κᾶν

146 5748 369 5801 πάντων
411 5740 712 5814 ἀνθρώπιον
771 5738 1171 5810 πλουσιώτερος
1278 5757 1380 5804 τις,
1429 5739 1549 5793 ούδέ
1584 5740 1728 5795 οῦτω

204 5908 233 5937 ⁵
250 5898 378 5962 Alii,
417 5908 786 5949 κατεσκεύασεν-

3302 524 3408 578 *ὶθὲ

1837 629 2040 699 ταύτης
2074 629 2420 700 ἀπήλλακται
2450 629 2903 700 τῆςκσυναφείας,
2946 634 3040 685 καὶ
3077 632 3172 687 τοῦ
3202 634 3407 689 δεῖσθαι

1827 712 1921 764 τοῦ
1944 714 2395 783 καταδεεστέρου.
2438 714 2513 765 Οὐ
2535 713 2643 783 γὰρ
2682 714 2746 785 δὴ
2782 714 2892 769 τῶν
2924 715 3195 772 πλουσίων
3225 721 3277 772 οἱ
3313 723 3411 774 πέ-

1834 812 1991 864 νητες
2013 794 2218 848 δέονται
2244 798 2425 865 μόνον,
2443 796 2591 847 ,ἀλλὰ
2630 798 2720 849 καὶ
2745 799 2793 850 οἱ
2825 797 3066 852 πλούσιοι
3096 801 3204 853 τῶν
3238 803 3409 872 πενήο

1830 894 1958 943 των,
1994 877 2087 930 καὶ
2109 872 2254 930 οὗτοι
2291 876 2490 947 μᾶλλον
2518 879 2760 941 ἐκείνων,
2789 879 2821 948 ἢ
2857 882 3049 933 ἐκεῖνοι
3070 881 3296 935 τούτων.

1896 1035 1957 1089 ε’.
1978 1037 2086 1089 Και
2120 1036 2208 1088 ἵνα
2222 1038 2379 1090 τοῦτο
2396 1039 2725 1108 σαφέστερον
2752 1041 2886 1111 ἴδῃς.
2908 1043 3240 1113 ποιήσωμεν,
3258 1045 3305 1097 εἰ
3321 1043 3407 1098 δο-

1828 1119 1934 1180 κεῖ,
1961 1118 2054 1171 δνο
2081 1119 2289 1182 πόλεις,
2324 1121 2425 1187 τὴν
2459 1120 2561 1190 μὲν
2590 1122 2862 1179 πλουσίων
2894 1124 3074 1191 μόνον,
3102 1126 3200 1193 τὴν
3227 1126 3283 1178 δὲ
3310 1144 3407 1179 πε-

1829 1202 2027 1270 νήτων·
2078 1201 2171 1252 καὶ
2225 1202 2361 1271 μήτε
2412 1204 2469 1252 ἐν
2504 1205 2570 1272 τῇ
2612 1202 2720 1256 τῶν
2748 1205 3127 1260 πλουτούντων
3160 1207 3296 1260 ἔστω
3322 1226 3408 1271 τις

1829 1283 2017 1350 πένης,
2058 1284 2197 1351 μήτε
2230 1284 2289 1333 ἐν
2319 1285 2383 1352 τῇ
2425 1283 2535 1335 τῶν
2568 1288 2818 1354 πενήτων
2858 1286 3002 1339 ἔστω
3033 1306 3117 1351 τις
3155 1288 3407 1351 πλούσιος

1829 1362 1990 1433 ἀνὴρ,
2046 1364 2159 1415 ἀλλ’
2206 1364 2606 1434 ἐκκαθάρωμεν
2657 1368 2903 1438 ἀκριϐῶς
2962 1370 3249 1440 ἑκατέρας,
3316 1375 3411 1424 καὶ

1835 1446 2031 1515 ἴδωμεν
2063 1448 2188 1500 ποία
2228 1447 2427 1517 μᾶλλον
2458 1450 2692 1519 ἀρκέσαι
2734 1454 2901 1521 ἑαυτῇ
2931 1452 3243 1522 δυνήσεται.
3283 1455 3410 1507 Ἐἀν

1830 1528 1939 1598 γὰρ
1986 1528 2236 1599 εὕρωμεν
2264 1529 2362 1599 τὴν
2392 1529 2501 1582 τῶν
2530 1536 2774 1601 πενήτων
2821 1535 3143 1605 δυναμένην,
3185 1536 3411 1607 εὔδηλον

1828 1612 1909 1663 ὅτι
1937 1613 1985 1663 οἱ
2013 1613 2256 1665 πλούσιοι
2293 1613 2498 1665 τούτων
2536 1615 2734 1683 μᾶλλον
2766 1616 3068 1685 δεήσονται.
3111 1620 3321 1671 Οὐκοῦν
3352 1623 3409 1674 ἐν

1832 1694 1931 1761 μὲν
1960 1696 2142 1766 ἐκείνῃ
2168 1698 2234 1766 τῇ
2259 1696 2367 1748 τῶν
2395 1698 2644 1764 εὐπόρων
2677 1699 2853 1761 οὐδεὶς
2880 1698 3031 1753 ἔσται
3054 1701 3406 1772 δημιουργὸς,

1828 1777 1927 1827 ούκ
1947 1779 2245 1849 οἰκοδόμος,
2269 1780 2330 1830 οὐ
2357 1780 2585 1840 τέκτων,
2610 1780 2707 1849 οὐχ
2735 1782 3278 1855 ὑποδηματορράφος,
3309 1789 3411 1841 οὐκ

1829 1860 2138 1929 ἀρτοποιὸς,
2186 1862 2247 1913 ού
2282 1862 2545 1930 γεωργὸς,
2579 1863 2640 1913 οὐ
2683 1863 3046 1932 χαλκοτύπος,
3083 1868 3144 1917 οὺ
3201 1885 3410 1939 σχοινο-

1831 1943 2081 2010 στρόφος.
2114 1943 2214 1995 οὐκ
2240 1943 2367 1995 ἄλλο
2402 1944 2510 1996 τῶν
2554 1945 2810 1996 τοιούτων
2858 1948 3031 2000 οὐδέν.
3073 1949 3167 2011 Τίς
3196 1952 3306 2019 γὰρ
3344 1954 3411 2007 ἂν

1828 2024 2003 2076 ἐλοιτο
2048 2023 2155 2076 τῶν
2205 2024 2576 2077 πλουτούντων
2610 2026 2783 2078 ταῦτα
2816 2029 3056 2095 μετιέναι
3084 2034 3235 2094 ποτὲ,
3272 2034 3409 2089 ὅπου

1830 2122 1891 2173 γε
1925 2106 2018 2159 καὶ
2044 2108 2194 2159 αὐτοὶ
2222 2109 2271 2158 οἱ
2295 2107 2465 2160 ταῦτα
2504 2108 2989 2178 μεταχειρίζοντες,
3022 2112 3149 2164 ὅταν
3175 2117 3408 2188 εὐπορή-

1831 2206 2016 2252 σωσιν,
2052 2190 2151 2241 οὐκ
2178 2191 2457 2259 ἀνέχονται
2484 2191 2582 2258 τῆς
2609 2190 2716 2241 ἀπὸ
2745 2192 2849 2243 τῶν
2882 2192 3058 2263 ἔργων
3084 2196 3288 2250 τούτων
3314 2216 3411 2253 τα-

1827 2269 2171 2340 λαιπωρίας;
2209 2272 2332 2332 Πῶς
2375 2268 2468 2325 οὖν
2516 2274 2649 2340 ἡμῖν
2680 2274 2712 2342 ή
2747 2273 2901 2336 πόλις
2945 2278 3200 2346 στήσεται
3235 2279 3406 2350 αῦτης

1826 2356 2040 2415 Δόντες,
2067 2355 2253 2422 φησὶν,
2286 2355 2548 2425 ἀργύριον
2576 2357 2626 2407 οἰ
2648 2356 3030 2421 πλουτοῦντες,
3060 2362 3235 2415 ταῦτα
3272 2364 3414 2433 ὠνή-

1830 2450 2011 2485 σονται
2029 2435 2179 2503 παρά
2197 2435 2303 2486 τῶν
2320 2439 2589 2505 πενήτων.
2615 2438 2825 2491 Οὐκοῦν
2838 2441 2936 2491 οὐκ
2954 2442 3274 2511 ἀρκέσουσιν
3295 2448 3412 2499 ἐαυ-

1827 2518 1961 2579 τοῖς,
2001 2515 2137 2582 εἴγε
2170 2517 2396 2569 ἐκείνων
2422 2519 2652 2572 δέονται.
2682 2521 2804 2584 Πῶς
2824 2522 2882 2575 δέ
2912 2525 3085 2587 οἰκίας
3122 2528 3411 2597 οἰκοδομή-

1830 2612 2050 2662 σονται;
2097 2597 2129 2667 ἦ
2167 2599 2260 2651 καὶ
2316 2598 2476 2652 τοῦτο
2519 2600 2853 2669 ὠνήσονται;
2909 2606 3021 2659 ἀλλ’
3054 2608 3154 2661 οὐκ
3194 2610 3261 2663 ἂν
3299 2611 3412 2682 εχοι

1828 2678 1987 2732 τοῦτο
2012 2680 2189 2748 φύσις.
2218 2680 2426 2735 Οὐκοῦν
2466 2684 2677 2754 ἀνάγκη
2712 2687 2839 2748 τοὺς
2872 2690 3120 2757 τεχνίτας
3162 2693 3280 2745 ἐκεῖ
3308 2678 3411 2747 κα-

1828 2763 1961 2826 λεῖν,
1988 2766 2082 2849 καὶ
2116 2765 2449 2849 διαφθείρειν
2482 2770 2572 2820 τὸν
2601 2769 2785 2838 νόμον,
2812 2769 2870 2822 δν
2903 2771 3180 2842 ἐθήκαμεν
3218 2775 3275 2841 ἐξ
3312 2778 3412 2849 ἀρ-

1829 2850 1931 2916 χῆς
1956 2846 2055 2918 τὴν
2085 2848 2241 2901 πόλιν
2279 2849 2595 2913 οἰκίζοντες
2634 2852 2914 2922 μέμνησθε
2944 2855 3074 2924 γὰρ,
3106 2858 3192 2910 ὅτε
3227 2846 3407 2927 ἐλέγο-

1832 2946 1952 2997 μεν,
1987 2929 2176 2998 μηδεὶς
2201 2931 2341 2982 ἔστω
2363 2932 2529 3001 πένης
2554 2932 2721 2987 ἔνδον.
2760 2935 2898 2987 Ἀλλ’
2931 2937 3037 2989 ἰδοὺ
3060 2939 3093 3008 ἡ
3119 2941 3291 3010 χρεία,
3319 2942 3413 2994 καὶ

1833 3013 1906 3082 μὴ
1971 3012 2311 3081 βουλομένων
2370 3014 2519 3083 [517]
2576 3017 2755 3085 ήμῶν,
2787 3020 3045 3072 ἐκάλεσεν
3074 3025 3274 3087 αὐτοὺς
3320 3027 3413 3079 καὶ

1830 3095 2145 3163 εἰσήγαγεν.
2190 3095 2350 3147 Ὀοεν
2382 3096 2559 3166 δῆλον,
2603 3099 2678 3159 ὡς
2732 3099 2989 3154 ἀδύνατον
3045 3106 3215 3174 χωρὶς
3251 3110 3417 3176 πεινή-⁸

1830 3194 1937 3229 των
1991 3178 2250 3246 συστῆναι
2303 3177 2478 3231 πόλιν.
2524 3180 2587 3231 Εἰ
2623 3179 2733 3250 γὰρ
2776 3182 2924 3249 μένοι
2952 3185 2982 3252 ή
3014 3185 3171 3248 πόλις
3209 3189 3415 3256 μηδένα

1832 3261 2249 3331 παραδεχομένη
2286 3261 2513 3324 τούτων,
2558 3265 2738 3316 οὐκέτι
2775 3266 2926 3318 ἔσται
2972 3268 3146 3333 πόλις,
3172 3270 3285 3321 ἀλλ’
3309 3271 3416 3323 ἀπ-

1832 3343 2052 3396 ολεῖται.
2111 3344 2318 3395 Οὐκοῦν
2355 3346 2455 3396 οὑκ
2485 3346 2710 3414 ἀρκέσει
2740 3349 2929 3418 ἑαυτῇ,
2959 3352 3004 3401 εί
3046 3351 3123 3420 μὴ
3166 3351 3416 3422 καθάπερ

1832 3427 1982 3487 τινάς
2018 3426 2267 3495 σωτῆρας
2298 3429 2423 3488 τοὺς
2452 3428 2689 3503 πένητας
2728 3433 2856 3497 πιρ’
2893 3434 3056 3502 ἑαυτῇ
3096 3434 3411 3502 συναγάγοι.

1838 3511 2065 3577 Ἴδωμεν
2100 3510 2154 3560 δὲ
2188 3512 2282 3562 καὶ
2314 3510 2409 3580 τὴν
2436 3510 2543 3563 τῶν
2574 3514 2821 3581 πενήτων
2856 3516 3027 3579 πόλιν,
3062 3520 3109 3570 εἰ
3156 3520 3249 3571 καὶ
3277 3519 3415 3588 αῦτη

1832 3591 2034 3662 ὁμοίως
2065 3591 2256 3655 ἐνδεῶς
2289 3592 2621 3645 διακείσεται
2644 3596 2752 3645 τῶν
2786 3597 3162 3653 πλουτούντων
3188 3603 3417 3674 ἐστερη-

1837 3676 1994 3744 μένη.
2048 3675 2157 3727 Καὶ
2215 3676 2479 3744 πρότερον
2541 3676 2963 3747 διακαθάρωμεν
3010 3682 3087 3749 τῷ
3140 3683 3281 3753 λόγῳ
3326 3686 3417 3737 τὸν

1836 3757 2084 3818 πλοῦτον,
2121 3756 2216 3808 καὶ
2243 3757 2506 3825 δείξωμεν
2533 3758 2693 3809 αὑτὸν
2717 3760 2924 3826 σαφῶς.
2951 3763 3016 3814 Τί
3042 3766 3159 3816 ποτ’
3184 3762 3277 3817 οὖν
3303 3767 3418 3819 ἐστι

1838 3839 2097 3902 πλοῦτος;
2134 3838 2344 3906 Χρυσὸς
2378 3838 2473 3889 καὶ
2502 3840 2761 3908 ἄργυρος,
2795 3843 2888 3892 καὶ
2920 3843 3055 3895 λίθοι
3096 3846 3285 3912 τίμιοι,
3325 3851 3419 3900 καὶ

1838 3923 2027 3989 ἱμάτια
2084 3919 2283 3987 σηρικὰ
2335 3920 2430 3970 καὶ
2478 3919 2725 3989 ἁλουργὰ
2775 3922 2869 3973 καὶ
2922 3924 3209 3993 διάχρυσα.
3264 3929 3419 3980 Ἐπεὶ

1834 3999 1927 4054 οὖν
1957 4004 2131 4071 ἐφάνη
2171 4001 2223 4053 τί
2260 4002 2390 4053 ποτέ
2422 4004 2569 4053 ἐστιν
2598 4005 2625 4053 ὁ
2657 4003 2905 4069 πλοῦτος,
2935 4007 3301 4077 ἀπελάσωμεν
3325 4013 3420 4063 αὐ·-

1836 4086 1925 4137 τδν
1959 4084 2059 4151 τῆς
2082 4084 2189 4137 τῶν
2216 4086 2465 4153 πενήτων
2492 4086 2720 4151 πόλεως,
2760 4088 2807 4138 εἰ
2838 4088 3126 4157 μέλλοιμεν
3162 4093 3418 4163 καθαρῶς

1838 4168 1993 4219 πόλιν
2030 4169 2279 4235 πενήτων
2301 4170 2498 4227 ποιεῖν,
2536 4170 2629 4219 καὶ
2682 4168 2815 4237 μηδὲ
2839 4170 2968 4238 δναρ
3001 4174 3118 4223 ἐκεῖ
3148 4176 3419 4241 φαινέσθω

1837 4249 2077 4318 χρυσίον,
2109 4246 2240 4317 μηδέ
2276 4248 2463 4317 ἱμάτια
2485 4249 2726 4300 τοιαῦτα·
2762 4253 2807 4301 εί
2838 4251 2893 4302 δὲ
2924 4253 3120 4318 βούλει,
3156 4256 3293 4325 μηδὲ
3321 4259 3417 4328 ἄρ-

1837 4348 2024 4401 γυρος,
2056 4331 2188 4400 μηδὲ
2244 4331 2309 4382 τά
2355 4330 2412 4395 ἐξ
2465 4330 2705 4400 ἀργύρου
2758 4332 2946 4401 σκεύη.
2990 4335 3055 4386 Τί
3098 4333 3228 4401 οῦν;
3266 4341 3418 4409 παρὰ

1835 4423 1994 4475 τοῦτο
2026 4421 2220 4483 ἐνδεῶς
2254 4421 2477 4491 ζήσεται
2526 4422 2593 4473 τὰ
2642 4425 2740 4489 τῆς
2784 4423 2989 4486 πόλεως
3036 4426 3260 4498 ταύτης,
3295 4431 3416 4481 εἰπέ

1839 4522 1927 4575 μοι
1952 4523 1966 4570 ;
1996 4506 2180 4557 Οὐδέν.
2215 4504 2313 4555 Ἀν
2343 4522 2402 4556 τε
2447 4502 2554 4574 γὰρ
2607 4505 2911 4567 οἰκοδομεῖν
2943 4510 3057 4579 δέῃ,
3104 4512 3164 4562 οὐ
3212 4513 3415 4581 χρυσοῦ

1834 4588 1931 4641 καὶ
1973 4586 2216 4658 ἀργύρου
2246 4587 2327 4638 δεῖ
2376 4587 2471 4639 καὶ
2510 4590 2888 4659 μαργαριτῶν,
2934 4593 3069 4645 ἀλλά
3100 4597 3292 4667 τέχνης
3323 4598 3417 4649 καὶ

1835 4671 2053 4740 χειρῶν,
2083 4672 2282 4739 χειρῶν
2309 4670 2365 4723 δὲ
2388 4671 2483 4739 οὐχ
2508 4670 2714 4734 ἁπλῶς,
2739 4673 2871 4725 ἀλλὰ
2895 4676 3303 4746 τετυλωμένων,
3323 4682 3417 4733 καὶ

1834 4754 2111 4807 δακτύλων
2143 4755 2589 4823 ἀπεσκληκότων,
2612 4758 2706 4808 καὶ
2733 4756 2913 4824 ίσχύος
2944 4760 3165 4829 πολλῆς,
3207 4765 3300 4816 καὶ
3326 4764 3417 4828 ξύ-

1833 4838 1940 4889 λων
1970 4838 2063 4889 καὶ
2083 4837 2262 4889 λίθων·
2294 4838 2358 4890 ἄν
2380 4854 2439 4889 τε
2464 4840 2710 4906 ὑφαίνειν
2740 4842 2901 4892 πάλιν
2938 4843 3170 4911 ἱμάτιον,
3195 4848 3256 4899 ού
3284 4865 3417 4917 χρυ-

1837 4920 1929 4971 σοῦ
1961 4919 2121 4971 πάλιν
2154 4922 2287 4986 ἡμῖν
2327 4919 2384 4972 δέ
2431 4923 2525 4974 καὶ
2556 4923 2820 4991 ἀργύρου,
2850 4925 2986 4977 ἀλλὰ
3013 4929 3213 4998 χειρῶν
3254 4931 3417 4983 πάλιν

1834 5003 1926 5054 καὶ
1964 5002 2159 5070 τέχνης
2206 5004 2298 5054 καὶ
2349 5003 2622 5070 γυναικῶν
2656 5005 3059 5077 ἐργαζομένων.
3109 5013 3174 5065 Τί
3211 5014 3290 5075 δὲ,
3321 5015 3416 5067 ἐὰν

1834 5087 2098 5167 γεωργεῖν
2125 5083 2220 5154 δέῃ
2264 5084 2355 5136 καὶ
2386 5085 2649 5138 σκάπτειν
2676 5088 2776 5157 τὴν
2811 5091 2946 5159 γῆν;
2976 5092 3347 5149 πλουτούντων
3378 5098 3412 5167 ἢ

1835 5166 2149 5233 πενομένων
2174 5167 2359 5236 χρείας
2391 5166 2556 5218 Παντί
2583 5186 2685 5221 που
2710 5170 2889 5240 δῆλον,
2917 5175 2997 5226 ὅτι
3015 5178 3280 5245 πενήτων.
3308 5166 3415 5231 Καὶ

1836 5246 1952 5315 σίδη
1963 5263 2051 5314 ρον
2067 5246 2123 5297 δὲ
2140 5247 2266 5299 ὅταν
2282 5248 2373 5317 δέῃ
2391 5248 2797 5317 χαλκεύειν,καὶ
2818 5255 2946 5307 ἄλλο
2962 5272 3014 5306 τι
3034 5256 3142 5309 τῶν
3156 5258 3416 5311 τοιούτων

1833 5330 2029 5391 ποιεῖν,
2061 5328 2151 5379 τοῦ
2178 5328 2354 5397 δήμου
2387 5331 2578 5387 τούτου
2612 5336 2845 5404 μάλιστα
2878 5340 3009 5405 ἡμῖν
3042 5338 3140 5391 δεῖ.
3176 5341 3284 5393 Ποῦ
3322 5338 3416 5395 οὖν

1832 5410 2138 5495 δεησόμεθα
2166 5412 2275 5495 τῶν
2304 5413 2675 5471 πλουτούντων
2696 5419 2898 5472 λοιπόν·
2925 5422 3065 5493 πλὴν
3094 5426 3141 5476 εἰ
3178 5427 3251 5495 μὴ
3284 5428 3418 5480 καθ-

1834 5495 1973 5545 ελεῖν
1997 5493 2115 5545 δέον
2143 5493 2242 5563 τὴν
2268 5497 2424 5549 πόλιν
2464 5500 2666 5569 ταύτην
2692 5519 2705 5565 ;
2740 5503 2803 5553 Εί
2837 5503 2947 5573 γάρ
2990 5493 3416 5562 ἐπεισελθόντων

1833 5574 2057 5661 ἐκείνων
2080 5577 2168 5661 εἰςΔ
2186 5577 2285 5661 τὴν
2306 5579 2400 5661 τοῦ
2429 5584 2655 5661 χρυσίου
2688 5585 2781 5637 καὶ
2803 5587 2903 5656 τὴν
2924 5588 3033 5641 τῶν
3060 5592 3416 5661 μαργαριτῶν

1834 5655 2122 5739 ἐμπέσοιεν
2152 5655 2467 5726 ἐπιθυμίαν,
2499 5656 2643 5713 οὗτοι
2671 5664 2721 5713 οί
2758 5666 3039 5735 φιλόσοφοι
3062 5655 3418 5739 ’(φιλοσόφους

1834 5735 2095 5822 γὰρ-ἐγῶ
2138 5739 2290 5790 καλῶ
2328 5742 2452 5803 τοὺς
2490 5744 2643 5813 οὐδέν
2693 5750 2944 5817 περιττὸν
2975 5735 3414 5822 ἐπιζητοῦντας),

1834 5820 2002 5901 ἀργίᾳ
2042 5820 2224 5885 δόντες
2273 5824 2498 5888 ἑαυτοὺς
2551 5828 2643 5880 καὶ
2700 5836 2902 5901 τρυφῇ,
2939 5820 3135 5887 πάντα
3157 5837 3418 5891 ἀπολοῦσι

1834 5900 2038 5957 λοιπόν.
2074 5905 2181 5957 Καὶ
2225 5908 2271 5957 εί
2314 5906 2390 5976 μὴ
2422 5909 2693 5981 χρήσιμος
2737 5915 2764 5966 ό
2795 5914 3044 5981 πλοῦτος,
3084 5921 3238 5989 φησὶ,
3273 5922 3417 5987 τίνος
