4086 6340
271 342 388 399 293

275 462 327 516 οἱ
355 470 542 515 rursus
572 466 777 513 vestem
814 466 1017 516 texere,
1047 465 1154 505 non
1182 462 1314 505 auro
1355 459 1544 502 I'III’SUS
1584 459 1721 514 opus
1760 452 1862 507 est,

278 565 397 606 non
417 554 662 618 argento,
694 544 789 601 sed
817 542 1064 599 manibus
1080 552 1295 595 rursum
1317 546 1371 593 et
1398 544 1515 590 arte
1537 533 1878 590 mulieribus-

276 654 392 709 que
418 637 785 709 operantibus.
809 632 948 704 Quid
978 647 1104 688 vero
1133 632 1179 687 si
1205 640 1405 685 terram
1424 627 1607 683 colere
1632 635 1879 696 oporteat

275 742 337 784 et
371 729 578 796 fodere,
607 743 683 795 an,
702 726 962 783 divitibus
986 740 1054 779 an
1100 722 1424 794 pauperibus
1465 730 1550 775 est
1577 718 1750 790 opus?
1778 717 1879 772 Pa-

282 822 397 875 lam
425 832 507 878 est
530 814 670 892 quod
696 817 1045 891 pauperibus.
1077 815 1142 870 Et
1168 815 1213 869 si
1240 813 1440 869 ferrum
1469 820 1699 892 tractare
1715 824 1879 880 opor-

280 920 420 977 teat,
442 920 533 967 aut
554 891 690 981 quid
712 908 890 965 simile
920 906 1118 972 facere,
1152 904 1252 960 hac
1277 904 1511 962 maxime
1543 891 1701 974 plebe
1724 900 1880 957 nobis

278 1015 425 1072 opus
452 1011 556 1057 est.
582 1000 808 1059 Ubinam
835 1013 964 1069 ergo
985 996 1238 1053 divitibus
1264 1009 1402 1067 opus
1424 994 1757 1057 habebimus,
1776 992 1880 1048 nisi
1902 1060 1919 1067 Δ

278 1095 569 1151 destruere
599 1102 845 1164 oporteat
873 1091 1017 1147 hunc
1049 1086 1360 1145 civitatem?
1386 1085 1521 1142 Nam
1564 1085 1611 1141 si
1660 1086 1764 1140 illis
1795 1085 1879 1139 in-

278 1186 512 1257 gressis,
540 1186 593 1242 in
625 1187 740 1240 auri
769 1194 822 1240 et
848 1180 1259 1255 margaritarum
1284 1180 1774 1251 concupiscentiam
1796 1179 1882 1232 iu~

279 1278 523 1334 ciderint
551 1278 604 1333 hi
636 1276 941 1347 philosophi
970 1272 1345 1348 (philosophos
1386 1273 1531 1326 enim
1580 1285 1715 1326 voco
1762 1284 1881 1333 eos,

279 1367 383 1436 qui
413 1365 544 1421 nihil
574 1352 904 1435 superfluum
931 1362 1231 1435 quterunt),
1263 1364 1375 1417 otio
1404 1375 1463 1416 se
1493 1359 1685 1415 dantes
1709 1367 1765 1414 et
1790 1373 1885 1413 vo-

284 1459 502 1529 luptati,
532 1457 709 1515 omnia
735 1456 951 1512 demum
973 1456 1224 1526 perdent.
1258 1454 1324 1510 Et
1352 1453 1454 1509 nisi
1481 1452 1643 1508 utiles
1672 1450 1881 1506 sintdi-

281 1551 457 1617 vitiat,
483 1550 713 1620 inquies,
736 1564 835 1603 cur
863 1563 894 1602 a
919 1548 1146 1601 Domino
1175 1544 1317 1600 datae
1335 1544 1495 1599 sunt?
1522 1543 1591 1597 Et
1617 1541 1883 1597 undenam

283 1643 461 1713 liquet
485 1641 698 1697 divitias
717 1656 748 1696 a
781 1640 890 1694 Deo
911 1638 1065 1693 dari?
1093 1638 1370 1707 Scriptura
1397 1636 1530 1691 dicit
1560 1655 1573 1689 :
1610 1635 1781 1689 Meum
1812 1645 1886 1687 est

283 1741 558 1800 argentum
580 1740 625 1784 et
654 1746 817 1785 meum
846 1745 1030 1783 nerunt
1058 1727 1255 1799 (Aggtei
1300 1726 1354 1780 ἓ.
1378 1724 1457 1793 9),
1476 1736 1529 1780 et
1553 1725 1636 1780 cui
1664 1726 1886 1779 voluero

287 1824 435 1876 ς’τιδιο
466 1822 615 1876 illud.
667 1820 786 1887 Hic,
818 1819 924 1874 nisi
956 1833 1069 1873 rem
1101 1827 1313 1886 turpem
1365 1815 1621 1882 facerem,
1669 1814 1887 1885 profuse

287 1930 439 1969 nunc
467 1914 729 1980 risissem,
750 1912 873 1967 illos
900 1912 992 1982 qui
1017 1909 1133 1965 bzec
1153 1909 1340 1965 dicunt
1380 1908 1631 1973 irridens,
1663 1909 1787 1978 quia
1814 1908 1889 1963 si-

285 2016 388 2060 cut
415 2006 621 2077 pueruli
653 2004 798 2078 regis
830 2002 1071 2059 fruentes
1100 2015 1306 2067 mensa,
1340 2015 1461 2054 cum
1504 2000 1595 2053 illo
1634 2000 1889 2053 alimento

284 2097 553 2167 quidquid
581 2095 829 2152 inciderit
855 2096 906 2149 in
940 2108 1002 2147 os
1032 2092 1299 2163 injiciunt.
1328 2091 1419 2145 Sic
1447 2099 1503 2145 et
1526 2090 1578 2145 hi
1601 2104 1724 2144 cum
1755 2090 1893 2144 divi-

286 2192 383 2242 nis
408 2187 698 2256 Scripturis
716 2200 813 2243 sua
836 2199 1050 2256 quoque
1072 2184 1351 2254 colligunt.
1375 2181 1511 2237 Illud
1530 2183 1695 2247 enim,
1719 2182 1893 2236 Meum

264 2270 369 2335 ἐει
397 2267 677 2351 argentum,
704 2288 751 2333 et
778 2294 943 2332 meum
974 2288 1046 2332 est
1075 2292 1281 2341 aurum,
1315 2275 1427 2329 scio
1453 2273 1655 2329 dictum
1685 2273 1891 2328 fuissea

288 2371 592 2442 propheta;
623 2370 754 2425 illud
781 2380 931 2434 vero,
960 2368 1056 2424 Cui
1102 2367 1325 2422 voluero
1362 2366 1503 2421 dabo
1546 2365 1740 2436 ipsum,
1787 2380 1893 2419 non

291 2464 374 2520 ibi
396 2464 595 2533 jacere,
621 2462 719 2519 sed
756 2476 786 2517 a
812 2460 1037 2516 fascibus
1068 2460 1185 2515 istis
1226 2458 1498 2513 inductum
1542 2457 1726 2512 fuisse.
1760 2457 1895 2513 illud

297 2571 434 2612 vero
458 2570 560 2626 qua
581 2554 653 2609 de
679 2568 840 2609 causa
874 2552 1077 2608 dictum
1109 2552 1178 2605 sit
1222 2550 1420 2607 dicam.
1468 2548 1738 2621 Propheta
1786 2550 1895 2617 Ag—

297 2660 473 2717 gaaus,
501 2647 631 2716 quia
653 2644 965 2715 frequenter
992 2641 1194 2698 Judzeis
1218 2643 1559 2710 promiserat,
1601 2650 1722 2711 post
1752 2640 1899 2695 redi-

301 2748 419 2792 tum
450 2750 516 2792 es
550 2734 822 2806 Babylone
850 2748 908 2788 se
937 2732 1194 2803 templum
1236 2742 1580 2786 aStensurum
1627 2731 1681 2784 in
1720 2731 1900 2801 priore

304 2830 499 2894 forma,
530 2843 640 2883 non
672 2827 965 2883 credebant
995 2836 1173 2880 autem
1204 2825 1418 2895 quidam
1446 2824 1668 2891 dicenti,
1709 2833 1761 2879 et
1792 2823 1902 2879 fere

304 2936 425 2976 rem
458 2918 842 2990 impossibilem
881 2917 1286 2982 existimabant,
1328 2916 1470 2986 quod
1500 2915 1554 2969 in
1581 2918 1817 2972 cinerem
1850 2924 1904 2969 ct

306 3016 581 3087 pulverem
609 3013 825 3070 redacta
851 3011 1067 3075 domus,
1102 3010 1222 3065 talis
1245 3024 1456 3064 rursum
1489 3008 1796 3079 apparitura
1820 3021 1905 3063 es-

307 3117 427 3171 set;
458 3106 789 3163 illesolvens
816 3101 1248 3159 incredulitatem
1282 3102 1544 3170 ipsorum,
1580 3115 1645 3155 ex
1675 3114 1904 3170 persona

310 3199 423 3253 Dei
450 3197 566 3253 haec
596 3196 746 3261 dicit,
778 3209 843 3251 ac
870 3194 915 3248 si
946 3193 1185 3249 diceret:
1215 3192 1351 3257 Quid
1383 3191 1614 3245 timetis?
1640 3190 1767 3261 quid
1801 3207 1905 3245 non

310 3288 566 3344 creditis?
592 3286 766 3343 Meum
791 3294 865 3341 est
887 3293 1151 3356 argentum
1169 3294 1214 3337 et
1231 3298 1396 3335 meum
1422 3298 1627 3346 aurum,
1657 3296 1758 3335 nec
1773 3295 1909 3349 opus

314 3380 514 3446 habeo,
543 3388 599 3433 ut
626 3377 851 3448 pecunia
884 3377 1092 3432 faenore
1134 3382 1377 3444 accepta,
1410 3372 1492 3426 sic
1538 3371 1710 3426 :edem
1748 3386 1909 3425 exor-

313 3487 459 3526 nem.
493 3472 559 3526 Et
586 3468 730 3541 quod
761 3469 864 3525 hoc
892 3469 985 3531 sit,
1016 3466 1293 3536 subjunxit
1328 3482 1341 3518 :
1390 3464 1454 3519 Et
1493 3465 1590 3519 erit
1616 3462 1782 3535 gloria
1812 3463 1908 3516 do-

314 3581 430 3619 mus
474 3566 628 3635 hujus
658 3564 835 3619 ultima
882 3578 1039 3633 supra
1087 3560 1306 3632 primam
1338 3558 1535 3630 (Aggtei
1562 3558 1617 3612 2.
1660 3557 1793 3626 10).
1833 3557 1911 3612 Ne

312 3670 449 3725 ergo
478 3655 529 3709 in
560 3654 936 3709 vestimentum
977 3654 1184 3722 regium
1234 3651 1369 3706 telas
1406 3667 1723 3706 aranearum
1756 3650 1913 3705 indu—

313 3759 524 3799 camus.
551 3743 681 3797 Nam
709 3744 752 3797 si
778 3741 901 3813 quis
926 3740 1359 3811 deprehendatur
1389 3740 1441 3794 in
1471 3757 1703 3810 purpura
1736 3740 1913 3796 defor-

316 3852 407 3893 me
457 3837 775 3907 subtegmen
819 3844 1145 3899 contexens,
1193 3843 1467 3888 extremas
1511 3833 1659 3888 dabit
1701 3848 1909 3903 prunas,

316 3931 493 3985 multo
514 3932 682 4001 magis
726 3929 779 3984 in
820 3928 1190 3998 spiritualibus
1215 3945 1228 3981 :
1256 3942 1427 3997 neque
1470 3927 1613 3981 enim
1644 3927 1768 3981 hinc
1796 3928 1913 3981 leve

318 4034 597 4093 peccatum
625 4023 815 4077 oritur.
838 4022 905 4077 Et
923 4021 1053 4093 quid
1082 4022 1202 4076 dico
1232 4020 1301 4076 de
1330 4020 1603 4075 additione
1630 4030 1684 4075 et
1705 4020 1770 4075 de
1789 4022 1913 4073 sul)-

318 4116 623 4170 tractione?
661 4129 727 4169 es
770 4122 967 4184 puncto
1012 4122 1238 4178 tantum,
1274 4120 1328 4167 et
1354 4127 1419 4167 ex
1450 4112 1701 4166 simulata
1746 4112 1911 4165 altera

317 4206 553 4262 lectione
582 4204 745 4259 multa
772 4218 917 4275 saepe
940 4204 1172 4259 absurda
1199 4219 1355 4259 sensa
1385 4213 1504 4259 orta
1532 4214 1675 4257 sunt.

395 4298 449 4354 6.
484 4297 760 4354 Undenam
778 4312 909 4368 ergo
924 4296 1151 4351 divites?
1166 4296 1373 4366 inquies
1392 4304 1407 4353 ς
1427 4296 1624 4350 dictum
1646 4306 1729 4351 est
1746 4295 1911 4353 enim.

319 4391 532 4447 Divitias
554 4400 602 4446 et
632 4398 912 4462 paupertas
934 4406 967 4443 a
998 4389 1215 4442 Domino
1253 4387 1439 4456 (Ereti.
1474 4389 1562 4443 11.
1605 4387 1714 4458 14).
1748 4388 1917 4441 inter-

321 4483 633 4554 rogabimus
661 4497 790 4553 ergo
816 4496 911 4537 eos
940 4482 1029 4550 qui
1061 4482 1177 4535 haec
1204 4479 1357 4535 nobis
1377 4479 1673 4549 objiciunt:
1704 4479 1916 4550 Ergone

319 4589 514 4630 omnes
543 4573 740 4628 divitias
770 4581 826 4629 et
848 4573 1027 4628 omnis
1057 4583 1344 4643 paupertas
1371 4588 1399 4626 a
1426 4573 1688 4628 Domino?
1713 4583 1767 4627 ct
1793 4575 1914 4643 quis

322 4669 429 4722 hoc
456 4666 687 4722 dixerit?
713 4664 849 4721 Nam
874 4663 1119 4719 videmus
1146 4674 1287 4719 etes
1321 4663 1509 4735 rapina
1536 4673 1590 4719 et
1619 4679 1686 4719 ex
1708 4664 1915 4718 malefi-

320 4762 410 4815 cio
438 4759 492 4815 in
520 4757 785 4815 fodiendis
812 4756 1095 4828 sepulcris,
1121 4765 1175 4811 et
1201 4771 1265 4811 ex
1296 4755 1766 4826 prmstigiisexque
1793 4755 1918 4810 aliis

322 4849 632 4921 huiusmodi
658 4849 870 4915 causis,
900 4862 1123 4920 magnas
1148 4863 1175 4900 a
1211 4848 1391 4902 multis
1419 4848 1630 4901 corradi
1678 4847 1913 4913 divitias,

321 4954 383 4999 et
408 4943 500 5014 qui
527 4956 620 4997 eas
662 4938 962 5010 possident.
1011 4954 1081 4995 ne
1121 4940 1227 4993 vita
1272 4937 1496 5009 quidem
1538 4937 1729 5009 dignos
1768 4951 1913 4993 esse.

320 5035 465 5103 Quid
490 5049 639 5107 ergo,
668 5032 756 5089 dic
781 5031 934 5101 mibi,
960 5031 1182 5088 hascine
1201 5031 1413 5086 divitias
1438 5046 1469 5085 a
1498 5031 1607 5086 Deo
1631 5045 1752 5085 esse
1772 5030 1918 5085 dica-

322 5128 484 5183 mus?
511 5128 699 5185 Absit:
732 5124 831 5182 sed
852 5123 1162 5181 undenam?
1196 5122 1271 5179 Ex
1305 5133 1546 5193 peccato.
1570 5121 1703 5178 Nam
1736 5136 1916 5178 mere-

324 5218 430 5273 tris
467 5232 664 5288 corpus
705 5232 862 5275 suum
901 5215 1225 5273 contumelia
1264 5214 1529 5280 alliciens,
1573 5209 1821 5275 ditescit;
1861 5222 1919 5267 et

325 5312 596 5368 formosus
634 5311 950 5369 adolescens
993 5323 1137 5379 saepe
1183 5306 1408 5362 formam
1454 5304 1693 5362 vendens
1738 5318 1913 5369 suam,

324 5421 451 5461 cum
480 5403 811 5474 turpitudine
832 5420 1021 5461 aurum
1054 5400 1328 5475 possidet;
1361 5408 1417 5455 et
1444 5398 1816 5470 sepulcrorum
1837 5398 1917 5452 cf-

325 5498 525 5561 l'ossor,
542 5494 772 5564 diruptis
789 5494 1072 5563 sepulcris.
1090 5492 1304 5550 divitias
1321 5491 1466 5561 cogit
1490 5488 1739 5560 injustas,
1762 5491 1917 5544 item-

326 5602 433 5657 que
459 5589 601 5645 latro
623 5586 793 5642 muris
833 5585 1139 5655 perforatis.
1178 5584 1391 5655 Ergone
1415 5597 1450 5638 a
1476 5581 1917 5660 Dominoomnes

318 5678 565 5736 divitis?
589 5676 726 5747 Quid
765 5690 918 5745 ergo,
946 5670 1180 5744 inquies,
1228 5673 1677 5745 respondebimus
1709 5668 1778 5727 ad
1809 5670 1915 5728 hoc

320 5767 559 5828 dictum?
591 5771 743 5827 Disce
770 5768 914 5840 prius
941 5780 1039 5823 nec
1068 5772 1437 5834 paupertatem
1463 5779 1493 5821 a
1526 5765 1639 5825 Deo
1676 5784 1819 5838 esse,
1856 5786 1911 5828 et

646 5868 929 5929 'l‘svnon.
983 5868 1099 5927 Gn.
1155 5868 1308 5930 LXI.

1277 329 1345 386 IN
1384 327 1598 385 EPIST.
1641 328 1660 382 Ι
1726 328 1816 382 ΑΒ
1853 326 2011 383 COR.
2044 324 2286 387 1101111..
2330 325 2569 383 XXXIV.

3471 328 3571 384 29s

1986 450 2113 497 tunc
2136 440 2202 495 ad
2233 441 2333 497 hoc
2360 440 2564 495 dictum
2594 439 2887 496 veniemus.
2924 440 3058 499 Cum
3085 442 3228 496 enim
3270 442 3396 512 quis
3417 442 3572 513 luve-

1984 534 2066 589 nis
2093 532 2346 604 prodigus
2366 543 2459 588 aut
2488 533 2540 588 in
2572 534 2884 588 meretrices
2912 532 3127 589 divitias
3156 537 3577 606 consumpserit,

1983 631 2073 679 aut
2098 624 2151 679 in
2180 624 2618 695 praestigiatores,
2670 634 2757 676 aut
2808 623 2860 678 in
2891 622 3024 678 alias
3064 624 3344 693 quaspiam
3371 624 3579 681 similes

1982 715 2322 786 cupiditates,
2358 724 2414 772 et
2441 729 2645 786 pauper
2670 715 2937 779 evaserit;
2972 730 3149 769 nonne
3178 716 3351 786 palam
3373 715 3585 773 esthoc

1983 822 2012 861 a
2046 807 2157 863 Deo
2187 805 2385 861 factum
2428 821 2535 861 non
2588 820 2729 868 esse,
2763 804 2859 860 sed
2902 804 2972 861 ab
3011 805 3177 876 ipsius
3226 805 3585 873 profusione?

1987 898 2217 955 Rursum
2248 898 2294 952 si
2324 898 2445 968 quis
2474 896 2543 952 ob
2578 899 2863 968 segnitiem
2908 912 3109 969 pauper
3138 898 3245 958 ii‘at.
3279 898 3325 952 si
3363 898 3483 968 quis
3515 914 3582 955 es

1987 992 2193 1047 insania
2251 993 2303 1046 in
2350 1000 2719 1062 paupertatem
2763 990 2997 1058 decidat,
3027 990 3072 1046 si
3104 991 3223 1060 quis
3254 991 3580 1061 periculosas

1986 1091 2041 1137 et
2072 1083 2281 1152 iniquas
2300 1097 2391 1138 res
2417 1096 2732 1153 aggressus;
2776 1095 2956 1137 nonne
2992 1084 3341 1152 conspicuum
3364 1099 3584 1154 prorsus

1986 1184 2089 1239 est,
2122 1174 2326 1229 nullum
2354 1187 2543 1229 eorum
2570 1174 2663 1243 qui
2704 1173 3013 1243 hujusmodi
3043 1183 3170 1229 sunt
3212 1174 3268 1230 in
3304 1186 3585 1247 pattperta-

1988 1274 2094 1319 tem
2126 1280 2155 1319 a
2188 1266 2298 1320 Deo
2326 1264 2595 1334 deiectum
2626 1264 2827 1322 fuisse?
2851 1263 3104 1323 Mentitur
3124 1282 3253 1337 ergo
3278 1267 3587 1341 Scriptura?

1992 1355 2171 1421 Absit;
2202 1355 2296 1410 sed
2332 1355 2496 1411 stulte
2524 1365 2690 1427 agunt
2722 1355 2779 1421 ii,
2826 1357 2916 1426 qui
2949 1371 3057 1413 non
3087 1373 3211 1413 eum
3254 1374 3317 1413 ea
3355 1375 3460 1430 qua
3487 1376 3585 1431 par

1988 1457 2133 1503 esset
2158 1449 2503 1503 accuratione
2524 1448 2702 1503 omnia
2732 1464 2851 1519 quas
2874 1451 3071 1520 scripta
3099 1459 3227 1505 sunt
3250 1452 3584 1509 examinant.

1989 1537 2123 1593 Nam
2149 1538 2199 1593 si
2224 1548 2277 1595 et
2300 1539 2404 1595 hoc
2430 1540 2484 1595 in
2510 1538 2761 1595 confesso
2796 1540 2889 1608 sit,
2918 1540 3063 1612 quod
3103 1542 3385 1614 Scriptura
3430 1545 3586 1601 meli-

1992 1632 2079 1687 tiri
2111 1642 2364 1704 nequeat,
2412 1642 2467 1689 et
2518 1633 2623 1689 hoc
2660 1634 3095 1691 demonstratum
3143 1636 3233 1703 sit,
3285 1637 3427 1709 quod
3479 1652 3584 1692 non

1990 1737 2178 1778 omnes
2204 1722 2405 1778 divitia:
2440 1738 2471 1777 a
2514 1724 2626 1779 Deo
2651 1724 2787 1789 sint;
2838 1723 3129 1781 difficultas
3155 1728 3306 1786 venit
3331 1744 3395 1784 es
3422 1729 3593 1785 imbe~

1991 1813 2215 1869 cillitate
2239 1829 2427 1869 eorum
2458 1816 2548 1884 qui
2582 1830 2688 1870 non
2716 1816 3059 1873 considerate
3087 1817 3289 1888 legunt.
3329 1818 3398 1874 Et
3422 1835 3589 1890 opor-

1995 1915 2134 1961 teret
2152 1907 2368 1977 quidem
2396 1922 2493 1961 vos
2520 1907 2813 1971 dimittere,
2840 1922 2965 1963 cum
3007 1908 3060 1963 in
3095 1909 3200 1966 boc
3247 1906 3590 1983 Scripturam

1994 2000 2062 2055 ab
2088 2000 2285 2055 oblatis
2311 2000 2633 2057 criminibus
2674 2001 3045 2070 liberavimus,
3080 2014 3142 2059 ut"
3179 2003 3278 2059 has
3305 2006 3464 2061 nobis
3495 2022 3591 2061 ve-

1995 2100 2122 2145 stra:
2146 2092 2197 2145 in
2223 2091 2465 2163 legendis
2485 2092 2778 2162 Scripturis
2799 2092 3139 2163 negligentia:
3161 2094 3359 2151 daretis
3382 2109 3591 2166 pmnas:

1996 2196 2181 2236 verum
2212 2182 2337 2249 quia
2372 2183 2520 2238 vobis
2547 2182 2841 2238 admodum
2874 2198 3059 2253 parco,
3112 2193 3167 2240 et
3216 2200 3325 2241 non
3375 2202 3590 2257 possum

1997 2273 2226 2343 amplius
2250 2272 2439 2328 videre
2463 2288 2562 2329 vos
2586 2274 2959 2343 conturbatos,
2992 2290 3090 2346 age
3117 2275 3444 2335 solutionem
3475 2277 3599 2335 δίτο-

1998 2380 2199 2432 ramus,
2230 2366 2403 2435 primo
2425 2382 2547 2421 eum
2572 2368 2664 2437 qui
2704 2366 2840 2423 dixit
2880 2380 3266 2439 memorantes,
3297 2382 3351 2427 et
3384 2376 3601 2444 quando

1998 2457 2198 2512 dictum
2227 2457 2407 2524 fuerit,
2432 2467 2487 2514 et
2516 2458 2582 2513 ad
2611 2472 2902 2527 quosnam.
2932 2460 3119 2533 Neque
3149 2464 3292 2519 enim
3319 2465 3459 2521 Deus
3476 2481 3597 2522 cum

2002 2550 2251 2604 omnibus
2274 2550 2523 2606 similiter
2538 2549 2805 2621 loquitur;
2836 2543 2892 2606 ut
2924 2568 3099 2623 neque
3135 2570 3236 2609 nos
3259 2573 3400 2628 cum~
3420 2560 3603 2627 pueris

1994 2648 2054 2703 (et
2075 2655 2197 2695 eum
2223 2641 2349 2696 viris
2366 2641 2613 2696 similiter
2629 2643 2791 2697 verba
2820 2642 3062 2701 facimus.
3082 2644 3438 2714 Quandouam
3466 2665 3599 2719 ergo

2000 2730 2205 2786 dictum
2253 2742 2370 2799 est,
2402 2742 2456 2788 et
2482 2748 2512 2787 a
2538 2748 2647 2804 quo
2667 2777 2680 2800 ,
2712 2744 2769 2790 et
2797 2732 2864 2789 ad
2888 2738 3189 2805 quosnam?
3222 2739 3261 2793 Λ
3310 2739 3601 2795 Salomone

2005 2821 2058 2877 in
2084 2819 2263 2878 Veteri
2304 2823 2371 2878 ad
2412 2822 2649 2889 Judteos,
2678 2826 2769 2895 qui
2810 2825 2941 2880 nihil
2986 2826 3131 2883 aliud
3166 2828 3411 2885 sciebant
3442 2846 3602 2901 quam

2006 2914 2303 2980 sensibilis,
2326 2924 2379 2970 et
2406 2916 2475 2969 ab
2506 2915 2571 2969 iis
2603 2915 2697 2969 Dei
2729 2915 2983 2971 virtutem
3016 2918 3337 2987 probabant.
3369 2920 3433 2976 Hi
3458 2922 3625 2977 enim:

2007 3016 2135 3063 sunt
2181 3009 2268 3079 qui
2306 3008 2597 3064 dicebant:
2629 3006 2898 3080 Numquid
2940 3019 2990 3064 et
3042 3026 3228 3082 panem
3270 3014 3456 3083 poterit
3485 3016 3611 3069 dare

2011 3098 2182 3171 (Psal.
2215 3102 2302 3155 77.
2326 3099 2544 3170 20)?et,
2568 3100 2716 3167 Quod
2742 3102 2945 3173 signum
2976 3103 3199 3158 ostendis
3224 3102 3368 3159 nobis
3390 3102 3606 3174 (Matth.

2012 3192 2100 3248 12.
2129 3194 2259 3266 58)?
2286 3192 2463 3246 Patres
2486 3194 2645 3247 nostri
2667 3195 3105 3263 utanducaverunt
3130 3212 3317 3250 manna
3337 3196 3390 3250 in
3412 3197 3610 3252 deserto

2013 3283 2195 3352 (Joan.
2229 3284 2284 3340 ϐ.
2334 3283 2447 3353 51).
2501 3283 2732 3350 Quorum
2764 3284 2889 3339 deus
2921 3295 3087 3340 venter
3113 3284 3375 3358 (Philipp.
3405 3288 3464 3342 3.
3500 3288 3607 3358 l9).

2013 3377 2277 3441 Quoniam
2309 3376 2469 3445 igitur
2509 3391 2575 3430 ex
2621 3378 2685 3432 iis
2727 3377 2874 3432 illum
2918 3378 3265 3445 exercebant,
3294 3379 3426 3435 dicit
3455 3379 3607 3450 ipsis,

2014 3468 2127 3525 ilnc
2155 3484 2369 3538 quoque
2395 3477 2575 3535 potest
2606 3462 2768 3533 ficus,
2802 3479 2854 3524 ct
2882 3469 3078 3525 divites
3104 3469 3284 3526 facere
3311 3479 3366 3526 et
3396 3486 3611 3544 paupe-

2016 3576 2137 3625 res;
2168 3574 2274 3615 non
2306 3558 2449 3629 quod
2484 3558 2706 3614 omnino
2738 3560 2855 3629 ipse
2884 3558 3065 3628 faciat,
3110 3560 3207 3617 sed
3244 3562 3385 3633 quod
3418 3565 3610 3634 possit,

2016 3653 2229 3723 quando
2257 3654 2518 3708 voluerit:
2550 3663 2603 3707 ut
2628 3665 2682 3707 et
2708 3653 2923 3722 quando
2947 3654 3165 3723 dixerit,
3193 3655 3294 3720 Qui
3316 3658 3447 3711 mari
3470 3672 3609 3711 com-

2016 3746 2261 3811 minatur,
2294 3753 2339 3798 et
2367 3744 2585 3798 exsiccet
2611 3744 2763 3807 illud,
2794 3754 2841 3797 et
2864 3760 3037 3798 omnes
3062 3746 3247 3814 ﬂuvios
3275 3746 3327 3800 in
3357 3748 3609 3803 desertum

2016 3839 2249 3909 redigens
2291 3834 2553 3907 (Nahum.
2606 3836 2659 3892 1.
2705 3836 2799 3908 4);
2832 3851 3153 3907 quamquam
3187 3837 3287 3894 hoc
3316 3855 3609 3909 numquam

2018 3930 2215 3985 factum
2232 3939 2334 3985 est.
2355 3928 2637 3997 Quomodo
2666 3929 2830 4000 igitur
2858 3929 2985 3984 illud
3012 3929 3275 4002 prapheta
3305 3930 3473 3987 dicit?
3491 3932 3608 3988 Non

2018 4020 2159 4090 quod
2186 4035 2405 4090 semper
2431 4022 2542 4085 liat,
2572 4020 2666 4075 sed
2694 4020 2838 4091 quod
2872 4021 2988 4088 ipse
3014 4023 3187 4091 possit
3206 4020 3407 4078 facere.
3438 4023 3611 4091 Quam

2019 4127 2148 4181 ergo
2198 4120 2571 4181 paupertatem
2616 4111 2706 4165 dat
2745 4122 2800 4166 et
2840 4126 2975 4181 quas
3019 4111 3276 4167 divitias?
3304 4114 3613 4172 Recordare

2023 4202 2364 4270 patriarchae,
2396 4213 2450 4258 et
2480 4204 2621 4259 scies
2668 4218 2913 4275 quamam
2953 4218 2985 4257 a
3016 4203 3130 4260 Deo
3156 4204 3353 4260 dentur
3380 4206 3607 4266 divitia.

2019 4295 2150 4347 Nam
2185 4294 2549 4349 Abraltamum
2583 4295 2698 4365 ipse
2727 4294 2949 4349 divitem
2997 4293 3260 4360 reddidit;
3306 4304 3361 4355 et
3392 4307 3514 4367 post
3543 4300 3613 4352 il.

2020 4388 2127 4441 lum
2151 4384 2367 4452 .lobunt,
2394 4396 2449 4440 ut
2472 4398 2526 4441 et
2556 4388 2671 4456 ipse
2694 4385 2858 4441 dicit:
2892 4386 2955 4441 Si
2990 4384 3123 4441 bona
3152 4386 3355 4454 quidem
3375 4391 3606 4460 suscepi-

2022 4494 2131 4532 mus
2158 4495 2188 4531 a
2215 4475 2460 4555 Domino,
2504 4477 2642 4532 mala
2668 4487 2834 4533 autem
2862 4496 2965 4533 non
2992 4481 3349 4537 sustinebimus
3374 4480 3519 4555 (Job.
3549 4484 3609 4539 ἓ.

2023 4572 2151 4644 l0)?
2175 4572 2240 4628 Et
2269 4572 2455 4627 Jacobi
2488 4573 2689 4629 divitiae
2720 4573 2845 4628 inde
2872 4574 3081 4629 initium
3116 4586 3482 4647 sumpserunt.
3515 4578 3611 4633 Est

2020 4675 2199 4721 autem
2226 4675 2281 4721 et
2326 4670 2612 4735 padpcrtas
2637 4665 2705 4721 ab
2733 4678 2798 4721 eo
2828 4665 3133 4729 laudabilis,
3166 4684 3325 4737 quam
3356 4669 3425 4721 illi
3457 4668 3609 4723 diviti

2024 4771 2148 4815 tunc
2172 4759 2495 4815 conciliabat
2533 4759 2759 4813 dicens:
2793 4758 2856 4815 Si
2899 4759 2972 4813 vis
3013 4764 3265 4833 perfectus
3293 4776 3423 4824 esse,
3454 4764 3614 4814 conde

2019 4864 2132 4919 qua
2154 4848 2327 4917 habes,
2350 4858 2395 4903 et
2412 4849 2481 4904 da
2508 4850 2836 4921 pauperibus,
2856 4858 2903 4903 et
2928 4849 3041 4903 veni
3065 4866 3268 4920 sequere
3286 4864 3363 4903 me
3390 4847 3587 4922 (Matth
3601 4895 3615 4908 .

2022 4939 2263 5012 19.,21);
2291 4950 2347 4997 et
2373 4938 2657 5011 discipulis
2681 4956 2895 4997 rursum
2936 4941 3109 5012 legem
3139 4950 3385 4998 statuens
3422 4960 3488 5001 ac
3524 4946 3613 5003 dio

2021 5049 2185 5090 cens:
2212 5032 2390 5089 Nolite
2431 5033 2688 5101 possidere
2713 5050 2919 5101 aurum,
2954 5050 3117 5104 neque
3139 5041 3617 5111 argentum,ueque

2022 5128 2149 5181 duas
2175 5128 2371 5181 tunicas
2400 5124 2552 5198 (Luc.
2582 5127 2635 5179 9.
2659 5125 2739 5197 3).
2758 5125 2836 5181 Ne
2853 5128 3031 5196 itaque
3054 5124 3201 5180 dicas
3225 5126 3401 5197 ipsum
3421 5144 3613 5189 omnes

2020 5218 2154 5273 dare
2179 5217 2425 5273 divitias:
2456 5232 2580 5272 nam
2608 5215 3033 5273 demonstratum
3077 5224 3161 5271 est
3193 5226 3251 5273 et
3276 5235 3345 5276 ex
3372 5222 3611 5277 ctedibus

2023 5322 2077 5365 et
2097 5325 2162 5365 es
2188 5308 2392 5379 rapinis
2422 5319 2477 5381 ct
2500 5322 2567 5364 ex
2596 5309 2746 5365 mille
2766 5309 2888 5363 aliis
2916 5308 3293 5366 occasionibus
3317 5309 3463 5380 ipsas
3490 5312 3611 5368 col-

2024 5400 2134 5471 ligi.
2157 5398 2262 5455 Sed
2297 5414 2483 5454 rursus
2504 5398 2571 5454 ad
2597 5401 2833 5470 priorem
2861 5399 3221 5468 qumstionem
3244 5415 3422 5457 sermo
3450 5401 3615 5459 redu-

2020 5501 2192 5548 catur.
2220 5490 2277 5547 Si
2308 5490 2452 5547 enim
2473 5490 2541 5547 ad
2578 5491 2708 5546 nihil
2731 5489 2888 5545 nobis
2918 5489 3082 5548 utiles
3108 5492 3301 5547 divites
3328 5502 3473 5560 sunt,
3512 5510 3613 5554 cur

2024 5582 2149 5639 facti
2179 5580 2365 5639 fuere?
2390 5582 2516 5654 quid
2545 5596 2676 5652 ergo
2699 5581 3034 5639 dixerimus?
3062 5583 3215 5653 Quod
3256 5581 3309 5637 bi
3342 5600 3447 5641 non
3480 5603 3609 5658 pro-

2024 5674 2150 5739 sint,
2180 5672 2272 5743 qui
2301 5689 2362 5730 se
2387 5674 2466 5730 sic
2484 5673 2681 5729 divites
2707 5671 2966 5741 reddunt;
2996 5686 3053 5732 ut
3076 5675 3151 5732 illi
3180 5677 3273 5747 qui
3298 5692 3327 5732 a
3355 5679 3463 5735 Deo
3488 5680 3611 5738 facti

2023 5781 2168 5840 sunt,
2200 5770 2351 5826 valde
2380 5780 2501 5825 sunt
2530 5770 2706 5833 utiles.
2735 5762 2849 5822 Hoc
2878 5767 2946 5824 ab
2976 5766 3191 5823 illorum
3215 5770 3387 5835 gestis
3405 5766 3609 5829 odiem

3180 5856 3255 5921 19
