4066 6348
539 321 651 377 995

545 438 759 494 Etenim
786 434 1055 492 Abraham
1083 435 1383 507 peregrinis
1421 444 1477 492 et
1518 436 1707 506 egenis
1733 432 1987 488 omnibus
2014 448 2136 503 pos-

545 529 757 585 sidebat
800 528 1035 583 divitias.
1083 526 1180 583 Ille
1206 527 1351 583 enim
1382 541 1506 581 cum
1536 526 1881 579 advenissent
1924 532 2052 589 ttes,
2084 533 2141 578 ut

542 620 906 684 existimabat,
937 618 1213 686 homines,
1239 618 1411 674 vitulo
1440 627 1671 673 mactato
1695 617 1967 687 tribusque
1990 616 2135 671 simi-

544 711 609 765 la:
630 710 899 767 mensuris
930 708 1192 775 subactis,
1212 708 1265 762 iu
1283 709 1529 778 ostioque
1549 707 1745 763 sedens
1763 715 2005 777 tempore
2023 721 2136 760 me-

545 802 773 868 ridiano,
793 802 1077 857 considera
1094 816 1215 855 cum
1232 809 1429 871 quanta
1448 800 1768 856 liberalitate
1782 810 1839 855 et
1856 800 2136 855 alacritate

536 910 630 950 sua
654 895 912 951 omnibus
936 892 1289 963 impenderet,
1314 908 1438 948 cum
1478 893 1723 963 pecuniis
1752 894 1911 947 etiam
1942 906 2135 960 corpo-

536 990 615 1042 ris
641 985 999 1044 ministerium
1024 984 1306 1052 adhihens,
1333 994 1388 1040 et
1418 984 1603 1039 htecin
1626 992 1773 1038 tanto
1797 983 1973 1040 senio.
1998 982 2131 1037 Por-

536 1090 621 1136 tus
648 1088 765 1136 erat
786 1079 1057 1149 hospitum
1084 1093 1378 1147 eorumque
1410 1078 1501 1148 qui
1530 1077 1584 1131 in
1603 1075 1930 1132 necessitate
1948 1084 2124 1140 erant,

535 1175 667 1236 nihil
688 1174 787 1229 sibi
806 1174 1079 1244 proprium
1102 1173 1405 1243 possidens,
1431 1186 1531 1227 nec
1556 1172 1718 1225 etiam
1744 1168 1914 1223 lilium
1934 1182 2124 1223 suum:

534 1268 647 1323 Deo
675 1282 909 1338 namque
931 1265 1163 1336 iubente
1194 1264 1342 1319 hunc
1382 1263 1548 1319 etiam
1582 1262 1832 1327 tradidit;
1863 1276 1984 1315 cum
2016 1259 2129 1315 lilio

530 1369 709 1414 autem
733 1359 971 1428 seipsum
1000 1356 1173 1423 dedit,
1204 1364 1261 1410 et
1286 1363 1452 1408 totam
1483 1353 1728 1420 domum,
1758 1350 1975 1423 quando
2010 1360 2125 1405 stu-

529 1448 691 1506 debat
722 1447 905 1503 fratris
934 1446 1103 1501 lilium
1129 1444 1360 1514 eripere.
1402 1442 1468 1497 Et
1502 1441 1621 1497 haec
1648 1440 1877 1495 faciebat
1896 1454 2009 1493 non
2036 1454 2128 1509 pe-

526 1541 807 1596 cuniarum
837 1550 1022 1601 causa,
1056 1534 1150 1589 sed
1192 1548 1261 1589 ex
1292 1532 1623 1588 humanitate
1651 1531 1787 1586 sola.
1818 1528 1953 1585 Cum
1981 1530 2123 1583 enim

524 1633 703 1700 ipsum
749 1626 1123 1685 manubiarum
1168 1625 1443 1681 dominum
1494 1623 1738 1679 fecerunt
1781 1621 1873 1691 qui
1910 1620 1979 1675 ab
2005 1620 2124 1687 ipso

525 1722 723 1779 servati
746 1720 977 1788 fuerant,
1032 1732 1202 1790 usque
1225 1716 1291 1770 ad
1316 1715 1464 1771 ﬁlum
1506 1712 1857 1785 subtegminis
1877 1719 1933 1767 et
1955 1711 2123 1765 corri-

523 1815 664 1887 giam
694 1812 1047 1870 calceamenti
1068 1813 1247 1866 omnia
1268 1808 1558 1864 recusavit.

594 1906 647 1959 7.
679 1904 825 1960 Talis
848 1912 968 1959 erat
985 1910 1043 1958 et
1070 1901 1262 1957 beatus
1290 1897 1395 1954 Joh
1420 1915 1433 1951 :
1466 1896 1684 1954 ctenim,
1702 1894 1903 1949 Ostium
1932 1909 2118 1957 meum,

524 1996 715 2067 inquit,
744 1994 884 2048 omni
910 1992 1130 2048 uenienti
1168 1998 1409 2059 apertum
1443 1992 1574 2040 erat.
1608 1984 1720 2056 Ego
1761 2000 1899 2038 erant
1944 1983 2121 2036 oculus

522 2100 769 2141 caecatum
795 2092 843 2137 et
886 2097 975 2155 pes
1018 2080 1322 2135 dandorum
1339 2093 1359 2143 ;
1407 2091 1498 2147 ego
1526 2090 1667 2128 eram
1709 2082 1855 2145 pater
1882 2072 2119 2141 inﬁrmo-

519 2193 670 2240 rum;
723 2174 852 2246 foris
898 2179 1072 2225 autem
1101 2184 1203 2223 non
1247 2168 1482 2221 manebat
1507 2168 1691 2235 hospes
1717 2162 1861 2233 (Job.
1893 2162 1982 2218 3i.
2025 2162 2113 2217 52.

516 2279 563 2324 et
586 2267 678 2322 29.
713 2265 801 2321 l5.
844 2262 972 2334 l6):
1006 2259 1204 2318 infirmi
1233 2267 1436 2324 autem,
1468 2256 1513 2312 si
1542 2254 1758 2327 quando
1783 2268 1919 2323 opus
1949 2253 2117 2308 habe-

518 2360 669 2425 bant,
704 2370 811 2411 non
863 2351 1305 2417 frustrabantur;
1359 2362 1535 2419 neque
1583 2346 1683 2402 sivi
1731 2345 2002 2400 inﬁrmum
2048 2359 2111 2400 ex

518 2450 661 2507 ostio
686 2463 808 2503 meo
835 2447 957 2503 sinu
986 2458 1158 2500 vacuo
1191 2443 1362 2497 exire.
1405 2438 1475 2494 Et
1514 2438 1599 2493 his
1631 2437 1797 2492 multo
1840 2436 2012 2504 plura,
2046 2451 2115 2490 ne

514 2540 696 2598 omnia
742 2553 887 2595 nunc
927 2547 1328 2599 recenseamus,
1372 2530 1548 2586 facere
1593 2544 1698 2583 non
1726 2527 2027 2591 desinebat,
2061 2526 2114 2579 in

512 2645 716 2704 egeries
743 2643 934 2685 omnes
978 2626 1194 2682 divitias
1240 2634 1589 2678 consumens.
1635 2618 1729 2671 Vis
1781 2615 1942 2670 etiam
1994 2613 2115 2667 illos

512 2724 712 2779 divites
752 2720 958 2784 videre,
988 2716 1081 2788 qui
1115 2730 1144 2768 a
1175 2714 1287 2768 Deo
1314 2726 1419 2767 non
1453 2710 1591 2764 tales
1622 2708 1744 2763 facti
1770 2715 1912 2772 sunt,
1944 2714 2001 2760 ut
2026 2704 2110 2760 di-

514 2828 637 2868 scas
666 2808 941 2882 quomodo
969 2804 1173 2862 divitiis
1202 2803 1310 2859 sint
1340 2801 1466 2856 usi?
1506 2798 1638 2855 Vide
1670 2798 1819 2853 illum
1856 2797 1947 2867 qui
1989 2811 2111 2850 cum

517 2904 739 2966 Lazaro,
759 2900 849 2972 qui
880 2914 950 2955 ne
979 2897 1146 2953 micas
1164 2894 1380 2964 quidem
1404 2892 1602 2957 dabat;
1632 2890 1754 2945 vide
1776 2887 2109 2951 Achaahum,

518 3018 1979 3055 __________________...______.._

1275 317 1331 374 S.
1370 316 1650 375 JOANNIS
1672 315 2145 374 CllRYSOSTOSll
2185 314 2500 371 ARCIIIEP.
2542 314 3070 379 CONSTANTINOP.

3721 333 3832 388 296

2246 434 2335 504 qni
2379 443 2434 489 et
2474 433 2686 490 vineam
2732 438 2945 507 rapuit;
2992 440 3114 498 vide
3140 440 3311 513 Giezi,
3346 448 3465 505 vide
3506 464 3701 508 omnes
3744 451 3833 523 qui

2245 526 2550 595 huiusmodi
2598 526 2770 583 fuere.
2816 529 2949 585 Nam
2980 533 3070 602 qui
3106 534 3254 603 juste
3302 540 3597 609 possident,
3646 552 3835 613 utpote

2241 618 2330 686 qui
2377 631 2407 671 a
2453 618 2566 673 Deo
2594 620 2922 688 acceperint,
2951 623 3246 679 secundum
3274 628 3365 682 Dei
3412 642 3679 701 praecepta
3729 634 3836 687 im-

2241 708 2486 777 pendunt
2502 710 2883 782 ;quiautemin
2903 714 3235 783 acquirendo
3266 718 3431 773 Deum
3460 720 3829 790 olenderunt,

2243 806 2298 853 et
2324 798 2376 853 in
2404 799 2657 867 expensis
2676 816 2889 871 quoque
2919 803 3147 873 idipsum
3177 805 3403 873 faciunt,
3436 811 3488 865 in
3516 815 3831 871 meretrices

2236 898 2292 944 et
2312 890 2572 959 parasitos
2594 891 2947 961 insumentes,
2974 906 3067 951 aut
3092 898 3443 960 suﬂ‘odientes
3466 904 3548 958 vel
3577 906 3831 961 clauden-

2238 990 2338 1045 tes,
2374 982 2426 1036 in
2458 983 2767 1038 mendicum
2796 991 2974 1040 autem
3003 988 3137 1043 nihil
3168 1002 3475 1061 erogantes.
3503 995 3570 1050 Et
3592 1002 3714 1061 eur,
3744 999 3830 1052 in.

2234 1073 2405 1140 quies,
2449 1074 2712 1142 permittit
2738 1075 2880 1131 Deus
2909 1087 2968 1131 ut
2994 1078 3126 1134 tales
3170 1080 3417 1138 homines
3456 1086 3566 1141 sint
3588 1086 3828 1143 divites?

2233 1163 2367 1230 Quia
2421 1165 2629 1235 patiens
2668 1176 2772 1234 est,
2802 1169 2927 1239 quia
2957 1170 3073 1225 vult
3100 1186 3200 1226 nos
3227 1173 3300 1227 ad
3324 1177 3700 1243 ponitentiam
3730 1179 3827 1233 ad-

2232 1254 2453 1320 ducere,
2474 1257 2596 1325 quia
2623 1258 2923 1326 gehennam
2954 1262 3298 1333 praeparavit,
3322 1264 3446 1334 quia
3473 1266 3617 1321 diem
3639 1270 3829 1323 statuit

2234 1344 2285 1398 in
2310 1361 2410 1415 qua
2430 1346 2767 1414 judicaturus
2787 1358 2871 1404 est
2897 1350 3109 1407 orbem.
3126 1352 3182 1410 Si
3212 1337 3393 1411 autem
3421 1358 3604 1412 statim
3630 1358 3827 1415 divites

2232 1436 2511 1505 plecteret,
2539 1437 2829 1493 Zacehmus
2859 1456 2965 1496 non
2995 1441 3272 1499 habuisset
3313 1454 3522 1515 tempus
3547 1447 3615 1502 ad
3649 1450 3823 1517 paeni-

2233 1528 2476 1595 tentiam,
2512 1530 2582 1583 ita
2622 1539 2681 1583 ut
2708 1530 2959 1586 redderet
2986 1533 3342 1603 quadruplum
3367 1550 3554 1591 eorum
3581 1553 3707 1606 quae
3737 1553 3825 1591 ra-

2228 1628 2435 1687 puerat,
2468 1626 2523 1674 et
2549 1618 2830 1675 dimidium
2878 1622 3042 1677 etiam
3082 1622 3350 1681 bonorum
3400 1640 3620 1681 suorum
3655 1627 3823 1683 adde-

2227 1717 2346 1763 ret:
2380 1724 2487 1764 non
2536 1709 2815 1765 Matthazus
2861 1720 3070 1781 tempus
3116 1713 3393 1769 habuisset
3421 1725 3477 1770 ut
3518 1726 3823 1774 mutaretur

2226 1808 2280 1853 et
2301 1799 2449 1853 fieret
2476 1800 2768 1867 apostolus,
2791 1801 2835 1854 si
2860 1812 2988 1855 ante
3009 1812 3371 1871 opportunum
3400 1812 3610 1875 tempus
3636 1818 3827 1877 raptus

2226 1886 2451 1947 fuisset;
2484 1902 2589 1943 neu
2618 1889 2711 1943 alii
2754 1890 2909 1944 multi
2939 1892 3165 1947 similes.
3200 1894 3490 1964 Propterea
3518 1909 3822 1967 exspectat,

2224 1978 2290 2031 ad
2319 1979 2688 2048 paenitentiam
2712 1996 2899 2036 omnes
2929 1996 3147 2040 vocans.
3168 1982 3225 2039 Si
3252 1998 3382 2039 vero
3408 1986 3703 2055 noluerint,
3724 1990 3821 2044 sed

2229 2070 2281 2124 in
2328 2069 2518 2125 iisdem
2563 2073 2980 2141 permanserint,
3012 2073 3228 2130 audient
3254 2074 3479 2131 Paulum
3508 2078 3821 2135 dicentem:

2224 2164 2375 2227 Quod
2395 2165 2671 2218 secundant
2700 2166 2939 2221 duritiem
2967 2183 3144 2222 eorum
3182 2178 3229 2224 et
3254 2170 3572 2238 impauitena
3592 2190 3684 2228 cor
3708 2176 3824 2229 the-

2219 2254 2477 2308 saurizent
2501 2255 2596 2309 sibi
2630 2255 2761 2309 iram
2786 2258 2839 2310 in
2866 2257 2947 2311 die
2974 2258 3065 2313 ira:
3099 2267 3147 2313 et
3169 2261 3488 2318 reuelationis
3514 2272 3565 2318 et
3583 2264 3715 2334 justi
3730 2267 3824 2337 ju-

2220 2344 2339 2397 dicii
2366 2343 2466 2398 Dei
2492 2346 2509 2409 ί
2520 2346 2670 2399 Rom.
2694 2345 2750 2399 2.
2774 2347 2852 2418 5).
2876 2347 3048 2415 Quam
3098 2350 3231 2404 iram
3259 2360 3319 2405 ut
3347 2352 3637 2423 fugiamus,
3676 2357 3822 2411 dite-

2219 2450 2343 2488 mur
2368 2435 2572 2490 divitiis
2600 2438 2931 2505 cariestibus,
2970 2448 3026 2494 et
3057 2440 3379 2496 laudabilem
3430 2459 3825 2515 persequamur

2219 2534 2609 2595 paupertatem.
2636 2527 2654 2581 Ι
2662 2537 2711 2580 ta
2735 2528 2882 2583 enim
2902 2538 2955 2585 et
2978 2530 3214 2586 cmlestia
3235 2547 3630 2603 consequemur
3645 2537 3818 2603 dona,

2218 2631 2339 2685 qua:
2370 2617 2572 2671 utinam
2604 2632 2703 2672 nos
2745 2633 2936 2673 omnes
2966 2619 3190 2690 adipisci
3223 2623 3521 2695 contingat,
3551 2628 3724 2697 gratia
3764 2639 3825 2683 et

2219 2708 2546 2780 benignitate
2576 2710 2788 2766 Domini
2812 2713 2982 2767 nostri
3007 2713 3141 2769 Jesu
3169 2715 3394 2783 Christi,
3418 2718 3632 2786 quicum
3667 2720 3820 2776 Patri

2220 2812 2430 2868 unaque
2447 2798 2667 2868 Spiritui
2692 2809 2879 2854 sancto
2900 2801 3092 2871 gloria,
3116 2802 3425 2873 imperium,
3457 2805 3651 2874 honor,
3671 2826 3822 2866 nunc

2219 2898 2274 2942 et
2301 2902 2517 2957 semper
2546 2898 2601 2943 et
2630 2888 2683 2942 in
2706 2891 2905 2945 saecula
2936 2892 3282 2947 stcculorutn.
3317 2895 3511 2950 Amen.

1984 3018 3811 3047 ______.________________________

1859 3096 2208 3160 HOMILIA
2255 3097 2528 3159 XXXV.

517 3262 646 3318 Car.
682 3260 769 3315 Η.
799 3273 851 3311 v.
886 3258 937 3312 l.
965 3249 1337 3322 Persequintini
1358 3249 1639 3312 caritatem,
1664 3241 1980 3300 wmulamini
2014 3240 2117 3310 rpi-

788 3349 1022 3414 ritualia,
1050 3346 1210 3417 magis
1235 3354 1401 3398 autem
1431 3352 1484 3396 ut
1511 3337 1840 3411 prophetett's.

589 3448 641 3502 1.
686 3444 822 3513 Quia
866 3442 1011 3497 enim
1056 3455 1176 3495 cum
1221 3437 1568 3493 accuratione
1598 3432 1837 3489 caritatis
1863 3428 2114 3484 virtutem

517 3553 736 3596 omnem
784 3535 889 3591 illis
936 3533 1229 3599 recensuit,
1262 3531 1328 3584 de
1358 3538 1555 3583 stetere
1604 3526 1849 3579 hortatur
1894 3532 1946 3575 ut
1992 3534 2115 3575 cum

520 3631 798 3687 alacritate
825 3626 971 3682 illam
1000 3623 1395 3694 amplectantur
1422 3637 1435 3673 :
1468 3618 1697 3686 ideoque
1722 3612 1955 3679 dicebat,
1988 3609 2118 3665 Pcr-

519 3720 805 3792 sequimini.
835 3717 967 3773 Nam
997 3715 1087 3787 qui
1120 3712 1480 3785 persequitur,
1519 3708 1650 3763 illud
1687 3707 1867 3763 solum
1895 3702 2117 3774 respicit

519 3813 664 3881 quod
714 3808 1074 3881 persequitur,
1121 3815 1176 3860 et
1219 3803 1286 3857 ad
1337 3802 1466 3856 illud
1515 3799 1705 3865 tendit,
1758 3812 1857 3851 nec
1906 3794 2117 3849 desistit

521 3905 697 3960 donec
728 3900 975 3969 accipiat.
1005 3896 1109 3963 Qui
1158 3894 1521 3964 persequitur,
1565 3906 1685 3946 cum
1736 3904 1831 3959 per
1880 3886 2116 3956 seipsum

522 4011 628 4051 non
661 4001 858 4063 potest,
892 4006 987 4061 per
1015 4004 1109 4043 eos
1148 3987 1239 4056 qui
1270 3994 1394 4040 ante
1440 3984 1590 4039 illum
1637 3992 1780 4046 sunt,
1827 3980 2114 4051 fugientem

522 4083 903 4157 apprehendit,
933 4094 1030 4137 eos
1057 4079 1145 4150 qui
1180 4091 1348 4147 prope
1390 4085 1514 4130 sunt
1551 4090 1672 4129 cum
1704 4087 1898 4143 magno
1941 4070 2119 4126 studio

524 4179 840 4243 adhortans,
871 4184 930 4229 ut
959 4173 1239 4228 detineant
1274 4176 1331 4223 et
1370 4174 1585 4222 servent
1628 4179 1751 4219 eum
1796 4163 1886 4231 qui
1932 4169 2119 4230 captus

525 4271 645 4336 fuit,
674 4269 850 4323 donec
877 4264 967 4318 ille
994 4260 1290 4316 advenerit.
1323 4258 1435 4313 Hoc
1464 4271 1563 4310 nos
1585 4269 1797 4325 quoque
1823 4251 2114 4307 faciamus:

525 4376 645 4413 cum
672 4357 773 4425 ipsi
806 4370 912 4407 non
946 4351 1289 4422 pervenimus
1314 4350 1380 4403 ad
1405 4348 1705 4411 caritatem,
1726 4359 1820 4399 eos
1839 4343 1928 4415 qui
1950 4356 2118 4413 prope

526 4462 650 4505 sunt
674 4448 964 4519 jubeamus
995 4458 1116 4500 eam
1157 4441 1421 4507 detinere,
1450 4442 1620 4495 donec
1651 4439 2027 4510 perveniamus
2053 4434 2118 4490 ad

528 4545 671 4600 iliam
695 4560 709 4597 :
739 4541 935 4597 deinde
956 4554 1077 4594 cum
1105 4532 1642 4607 apprehendat-imus,
1676 4548 1744 4585 ne
1772 4532 1907 4585 ultra
1935 4529 2117 4585 dimit-

528 4646 702 4689 tamus
742 4650 858 4687 eam
881 4674 894 4695 ,
926 4646 993 4686 ne
1024 4642 1209 4685 rursus
1240 4642 1268 4679 a
1302 4626 1457 4681 nobis
1502 4624 1687 4694 fugiat.
1722 4621 1951 4677 Assidue
1977 4620 2119 4676 enim

528 4742 556 4780 a
585 4727 738 4780 nobis
760 4721 1089 4790 resilit,quia
1117 4734 1221 4774 non
1247 4725 1305 4771 ut
1322 4732 1415 4786 par
1436 4726 1517 4771 est
1539 4716 1628 4770 illa
1653 4716 1870 4779 utimur,
1887 4724 1982 4769 sea
2006 4727 2122 4767 om-

530 4819 615 4872 nia
637 4816 687 4871 ei
716 4813 1069 4885 pra-ferimus.
1092 4811 1218 4866 ldeo
1236 4808 1419 4865 omnia
1443 4816 1657 4877 oportet
1679 4806 1875 4871 facere,
1897 4815 1953 4859 ut
1976 4806 2120 4859 illam

529 4918 777 4967 accurate
809 4906 1157 4961 retineamus.
1181 4903 1315 4957 Nam
1345 4900 1389 4957 si
1417 4899 1525 4955 hoc
1553 4898 1661 4963 ﬁat,
1692 4913 1799 4951 non
1832 4898 1998 4952 multo
2026 4913 2120 4951 no-

530 5003 612 5057 bis
638 5001 895 5068 dcinceps
924 5010 1061 5067 opus
1090 4993 1193 5050 erit
1238 4992 1446 5059 labore,
1482 4993 1589 5045 inzo
1618 5004 1685 5043 ne
1718 4987 1819 5041 levi
1864 4988 2119 5057 quidem;

528 5094 623 5150 sed
654 5094 704 5146 in
733 5089 939 5146 deliciis
986 5094 1289 5159 versantes,
1320 5082 1515 5139 festum
1558 5090 1798 5153 agentes,
1830 5095 1925 5149 per
1953 5095 2091 5149 aagn

531 5194 665 5241 stam
698 5182 911 5238 virtutis
939 5181 1078 5235 viam
1110 5177 1441 5234 incedcmus.
1470 5175 1594 5230 Ideo
1628 5178 1720 5242 ait,
1756 5173 2123 5241 Persequitm'ttt'

534 5290 667 5331 eam.
698 5274 907 5329 Deinde
931 5290 1000 5329 ne
1026 5280 1298 5342 putarent,
1331 5268 1452 5323 ideo
1483 5268 1653 5336 ipsum
1679 5268 1744 5323 de
1770 5268 1993 5323 caritate
2012 5281 2125 5321 scr-

534 5362 753 5422 tnonettt
784 5363 1081 5426 induxisse,
1114 5371 1173 5417 ιιι
1216 5360 1541 5416 charismata
1586 5361 1971 5430 exstingueret,
2001 5359 2108 5413 sub

528 5457 704 5532 jungit
742 5455 968 5512 dicens:
998 5453 1349 5509 .Entulamini
1394 5461 1563 5506 autent
1610 5450 1919 5521 spiritantia,
1966 5468 2123 5521 magn

535 5563 705 5608 autem
740 5561 793 5605 ut
826 5548 1155 5622 prophetetir.
1180 5547 1237 5603 2.
1272 5547 1373 5616 Qui
1394 5546 1528 5601 enim
1554 5545 1775 5613 loquitur
1799 5545 1997 5613 lingua,
2026 5559 2123 5596 non

538 5642 822 5699 hominibus
861 5642 1105 5711 loquitur,
1136 5638 1224 5693 sed
1264 5637 1414 5703 Deo;
1460 5652 1606 5691 nemo
1631 5635 1763 5691 enim
1789 5636 1965 5699 audit;
1998 5633 2126 5704 Spi—

539 5738 644 5793 ritu
676 5750 845 5793 autem
870 5736 1099 5806 loquitur
1142 5732 1421 5806 mysteria:
1447 5733 1500 5789 5.
1524 5731 1610 5803 qui
1637 5741 1805 5786 autem
1835 5728 2122 5801 prophetat,

2211 3240 2498 3294 hominibus
2528 3242 2750 3312 loquitur
2791 3245 2860 3299 ad
2898 3247 3292 3317 aediﬁcationem
3322 3261 3369 3305 et
3405 3252 3820 3307 exhortationem

2212 3341 2259 3383 ct
2303 3331 2725 3387 consolationem.
2769 3335 3240 3407 Comparationem
3291 3340 3378 3397 hic
3421 3342 3636 3397 demum
3685 3342 3820 3397 facit

2210 3423 2618 3489 charismatum,
2639 3436 2694 3480 et
2726 3426 3027 3496 linguarum
3054 3430 3320 3485 charisma
3344 3432 3613 3500 deprimit,
3635 3449 3824 3503 neque

2210 3516 2432 3569 omnino
2473 3516 2659 3570 inutile
2686 3517 3001 3585 ostendens,
3031 3535 3208 3590 neque
3237 3521 3391 3576 valde
3418 3523 3547 3577 utile
3591 3539 3684 3593 per
3725 3539 3816 3578 se.

2213 3606 2343 3661 Nam
2374 3606 2664 3663 admodum
2696 3608 2749 3664 in
2779 3608 2883 3666 hoc
2924 3611 3372 3678 intumesccbant,
3402 3616 3524 3685 quia
3557 3631 3818 3687 maguum

2214 3702 2501 3770 putabatur
2556 3717 2677 3757 esse
2716 3703 3010 3759 charisma.
3056 3705 3309 3777 Magnum
3353 3722 3482 3763 vero
3529 3708 3825 3778 putabatur

2211 3807 2352 3858 esse,
2396 3793 2518 3861 quia
2572 3794 2747 3863 ipsum
2797 3795 3026 3865 primum
3078 3800 3309 3867 apostoli
3360 3809 3701 3870 acceperant,
3747 3813 3815 3856 et

2211 3900 2332 3938 eum
2365 3895 2508 3940 tanta
2528 3886 2788 3956 dignitate
2816 3904 2879 3943 ac
2908 3889 3218 3959 splendore.
3259 3891 3442 3963 Neque
3484 3900 3658 3947 tamen
3690 3892 3822 3950 aliis

2214 3975 2335 4031 ideo
2363 3978 2707 4046 prmstantius
2737 3989 2872 4034 erat.
2900 3981 3010 4035 Cur
3038 3995 3168 4051 ergo
3195 3990 3319 4037 ante
3359 3982 3462 4037 alia
3495 3982 3625 4038 illud
3654 3997 3825 4039 accc-

2213 4077 2405 4138 perant
2426 4070 2701 4138 apostoli?
2726 4070 2859 4137 Quia
2892 4086 2989 4140 per
3020 4086 3210 4127 omnes
3236 4072 3384 4128 orbis
3414 4083 3591 4143 partes
3621 4089 3825 4143 perva-

2212 4160 2325 4215 suri
2346 4170 2499 4215 erant
2526 4177 2542 4211 :
2574 4169 2629 4215 et
2669 4160 2807 4216 sicut
2838 4162 2891 4216 in
2936 4171 3181 4232 tempore
3205 4178 3313 4234 quo
3342 4162 3479 4219 facta
3506 4173 3588 4217 est
3625 4165 3822 4233 turris,

2213 4254 2394 4324 lingua
2438 4269 2560 4324 qua:
2609 4262 2727 4309 erat
2776 4267 2880 4309 una
2917 4254 3259 4311 dividebatur
3302 4255 3358 4311 in
3406 4257 3603 4310 multas
3649 4255 3817 4325 (Gen.

2214 4346 2343 4415 ll);
2375 4346 2447 4401 ita
2472 4355 2599 4402 tunc
2628 4362 2750 4417 quae
2780 4356 2935 4402 erant
2966 4346 3171 4410 multae,
3200 4360 3346 4418 sarpe
3378 4346 3523 4401 ibant
3550 4346 3615 4400 ad
3647 4362 3823 4403 unum

2215 4439 2524 4506 hominem;
2569 4448 2622 4495 et
2669 4438 2812 4496 idem
2856 4425 3027 4494 homo.
3045 4439 3331 4495 Persarum
3364 4449 3419 4495 et
3444 4440 3825 4495 Romanorum

2214 4542 2268 4590 et
2296 4532 2547 4589 Indorum
2574 4543 2629 4589 et
2657 4532 2775 4587 aliis
2805 4532 2987 4586 multis
3018 4532 3339 4603 loquebatur
3367 4531 3579 4601 linguis,
3610 4531 3660 4585 in
3694 4532 3823 4603 ipso

2215 4626 2497 4681 insonante
2540 4623 2742 4694 Spiritu
2793 4640 2806 4677 :
2870 4633 2925 4679 et
2973 4623 3074 4679 hoc
3122 4624 3394 4680 charisma
3446 4622 3829 4697 appellabatur

2215 4714 2484 4772 charisma
2537 4731 2634 4771 seu
2679 4715 2879 4771 donum
2938 4717 3264 4786 linguarum,
3293 4713 3544 4783 quoniam
3602 4726 3827 4784 poterat

2215 4808 2377 4863 simul
2417 4807 2601 4862 multis
2642 4806 2789 4876 loqui
2822 4807 3037 4878 linguis.
3068 4804 3203 4859 Vide
3236 4817 3367 4872 ergo
3408 4805 3678 4873 quomodo
3729 4806 3824 4861 id-

2218 4899 2389 4968 ipsum
2421 4905 2477 4952 et
2505 4897 2756 4967 deprimit
2795 4906 2853 4953 et
2879 4897 3108 4952 extollit.
3143 4894 3276 4949 Nam
3306 4894 3554 4962 dicendo,
3588 4895 3690 4962 Qui
3736 4900 3825 4953 lo-

2215 4990 2387 5049 quitur
2413 4989 2623 5059 linguis,
2654 5005 2755 5042 uon
2787 4987 3073 5042 hominibus
3107 4984 3351 5055 loquitur,
3370 4986 3460 5039 sed
3494 4984 3638 5052 Deo;
3668 5005 3826 5044 nemo

2219 5082 2349 5135 enim
2393 5083 2559 5145 audit,
2602 5080 2870 5152 depressit
2901 5076 3026 5131 illud
3047 5117 3061 5140 ,
3087 5075 3381 5130 Ostendens
3429 5090 3533 5131 nun
3565 5093 3823 5149 magnam

2217 5189 2334 5228 esse
2361 5173 2647 5228 utilitatem
2675 5190 2689 5225 :
2721 5166 3095 5238 subjungendo
3121 5176 3322 5234 autem,
3350 5166 3552 5237 Spiritu
3588 5171 3827 5239 loquitur

2220 5265 2477 5334 mysteria,
2510 5277 2697 5317 rursus
2726 5258 2939 5322 extulit,
2974 5272 3042 5311 ne
3079 5256 3352 5314 videretur
3381 5273 3508 5314 esse
3552 5273 3823 5330 superva-

2218 5371 2444 5409 umeum
2476 5361 2533 5409 et
2576 5349 2785 5415 inutile,
2818 5356 2875 5403 ct
2901 5357 3102 5404 temere
3141 5364 3205 5405 ac
3245 5349 3441 5405 frustra
3467 5349 3679 5404 datum.
3714 5346 3825 5410 Qui

2221 5456 2386 5499 autem
2417 5445 2706 5516 prophetat,
2739 5438 3026 5494 hominibus
3079 5440 3302 5510 loquitur
3327 5441 3398 5494 ad
3425 5436 3825 5507 aediﬁcationes;

2219 5548 2264 5592 et
2293 5536 2704 5591 adhortationem
2740 5545 2789 5586 et
2815 5533 3236 5587 consolationem.
3266 5530 3516 5588 Vidistin'
3545 5528 3822 5583 undettam

2219 5631 2467 5688 ostendat
2514 5627 2672 5697 hujus
2720 5625 2845 5683 doni
2897 5627 3293 5692 excellentiam,
3327 5640 3391 5680 ex
3442 5636 3507 5676 eo
3562 5619 3708 5690 quod
3765 5623 3823 5678 in

2223 5736 2507 5782 commune
2557 5718 2836 5788 conferat;
2890 5729 2941 5777 et
3000 5718 3271 5791 quomodo
3315 5714 3366 5770 id
3414 5712 3615 5785 ubique
3667 5730 3819 5786 pra-
