4066 6348
247 382 359 442 297

246 504 417 572 ponat
439 492 582 568 quod
612 492 669 548 ﬁt
701 490 768 548 ad
816 490 1109 546 multorum
1158 486 1487 543 utilitatem?
1537 484 1615 541 llli
1666 484 1831 549 enim,

238 602 471 661 quaso,
522 600 704 642 annon
756 584 1047 655 loquuntur
1091 578 1440 684 hominibus?
1495 578 1833 684 Loquuntur,

244 682 345 739 sed
392 696 499 735 non
546 678 708 734 talem
750 675 1158 732 adiﬁcationem
1208 681 1263 729 et
1307 672 1738 728 exhortationem
1782 683 1836 726 et

240 774 693 832 consolationem.

317 863 612 936 Prophetite
636 862 826 917 donum
851 860 987 916 dono
1011 860 1301 932 linguarum
1328 859 1833 961 priuata—Quam-

238 959 439 1016 obrem
480 972 511 1013 a
551 956 753 1027 Spiritu
796 954 1011 1025 quidem
1060 953 1229 1009 teneri
1272 963 1328 1007 et
1355 952 1543 1022 agitari
1574 960 1658 1008 est
1700 952 1833 1006 utri-

241 1065 353 1119 que
376 1062 665 1104 commune
686 1088 700 1112 ,
733 1052 789 1101 et
812 1044 862 1099 ei
888 1045 977 1116 qui
1008 1044 1329 1114 prophetat,
1358 1051 1414 1099 et
1438 1044 1485 1097 ei
1517 1047 1606 1113 qui
1638 1043 1835 1113 linguis

242 1141 486 1212 loquitur
514 1157 530 1195 :
563 1140 617 1194 in
645 1140 749 1193 hoc
773 1145 950 1193 autem
980 1145 1199 1207 praestat
1244 1137 1379 1205 ipse,
1428 1151 1622 1206 nempe
1660 1136 1706 1191 is
1744 1137 1831 1207 qui

241 1230 537 1303 prephetat
558 1270 574 1295 ,
602 1228 743 1301 quod
774 1229 843 1285 sit
866 1228 1030 1283 etiam
1062 1227 1209 1281 utilis
1236 1228 1302 1282 iis
1326 1228 1415 1298 qui
1444 1227 1686 1281 audiunt.
1726 1227 1832 1282 Eos

239 1324 389 1381 enim
417 1324 508 1395 qui
535 1323 731 1393 linguis
757 1320 1130 1391 loquebantur,
1162 1335 1269 1375 non
1301 1319 1587 1375 audiebant
1613 1320 1703 1391 qui
1731 1320 1832 1375 do-

239 1430 373 1470 num
406 1429 513 1469 non
546 1412 833 1469 habebant.
870 1410 1008 1478 Quid
1039 1412 1202 1466 vero?
1245 1410 1322 1465 illi
1357 1410 1632 1466 nullumne
1661 1411 1831 1465 mdili-

235 1506 441 1561 cabant
456 1500 487 1558 ἲ
507 1504 688 1569 Certe,
715 1503 905 1572 inquit,
933 1502 1142 1572 seipsos
1167 1503 1311 1556 solos
1337 1520 1350 1556 :
1378 1511 1430 1557 et
1456 1502 1575 1556 ideo
1603 1502 1831 1571 subjun-

238 1599 359 1669 git,
390 1598 446 1652 4.
481 1596 581 1662 Qui
611 1595 831 1667 loquitur
858 1595 1067 1666 lingua,
1105 1594 1430 1665 semetipsum
1474 1596 1719 1663 wdiﬁcat.
1769 1597 1831 1649 Et

237 1687 537 1759 quomodo,
574 1688 619 1741 si
648 1689 821 1742 nescit
845 1702 964 1757 quae
992 1686 1155 1741 dicit?
1188 1686 1295 1741 Sed
1328 1702 1470 1741 nunc
1500 1686 1733 1756 loquitur
1760 1685 1831 1741 de

238 1782 342 1845 iis,
374 1781 468 1851 qui
496 1780 673 1835 sciunt
700 1794 819 1849 quae
848 1779 1033 1834 dicunt
1054 1818 1068 1841 ,
1111 1779 1199 1847 qui
1229 1778 1328 1847 ipsi
1354 1779 1567 1849 quidem
1613 1780 1825 1843 sciunt,

237 1872 490 1928 nesciunt
517 1881 697 1927 autem
724 1871 846 1926 aliis
877 1872 1181 1926 enuntiare.
1219 1870 1319 1937 Qui
1347 1880 1511 1925 autem
1537 1872 1825 1943 prephetat,

237 1962 528 2017 Ecclesium
567 1963 811 2029 (edi/ient.
872 1962 1145 2031 Quantum
1188 1972 1364 2018 autem
1418 1964 1643 2019 interest
1692 1966 1829 2019 inter

236 2069 410 2108 unum
452 2062 508 2109 et
552 2052 887 2117 Ecclesium,
940 2060 1084 2106 tanta
1115 2062 1196 2108 est
1245 2054 1384 2110 inter
1412 2055 1551 2110 hunc
1582 2066 1634 2111 et
1678 2057 1828 2111 illum

236 2144 565 2200 dilierentia.
599 2144 849 2199 Vidistin’
884 2143 1002 2214 ejus
1030 2146 1349 2215 sapientiam
1375 2187 1389 2213 ,
1428 2149 1697 2218 quomodo
1726 2151 1829 2203 do-

237 2253 367 2292 num
410 2252 517 2291 non
558 2236 767 2308 redigat
796 2238 847 2292 in
894 2237 1155 2304 nihilum,
1199 2237 1291 2293 sed
1329 2239 1576 2294 ostendat
1627 2240 1827 2296 habere

232 2330 458 2400 quidem
487 2331 721 2393 lucrum,
756 2330 851 2386 sed
900 2345 1143 2400 parvum,
1184 2341 1240 2386 et
1277 2333 1419 2402 quod
1464 2334 1511 2388 ei
1540 2334 1709 2389 solum
1740 2337 1826 2405 qni

236 2421 482 2491 possidet
522 2421 790 2476 sufﬁciat?
822 2423 1025 2479 Deinde
1055 2439 1124 2478 ne
1168 2424 1540 2501 existimarent
1568 2428 1707 2497 quod
1749 2430 1828 2482 eis

236 2512 485 2567 invidens
526 2514 735 2583 linguas
768 2512 1035 2584 deprimat
1066 2515 1272 2586 (plures
1298 2517 1440 2570 enim
1469 2533 1533 2572 ex
1566 2518 1629 2572 iis
1662 2519 1825 2573 hahe-

236 2603 369 2658 bant
395 2603 499 2657 hoc
540 2603 763 2673 donum)
788 2644 803 2667 ,
834 2604 1193 2672 suspicionem
1222 2621 1408 2660 eorum
1438 2609 1712 2677 corrigens
1741 2609 1825 2663 di-

232 2696 305 2747 cit
342 2714 353 2747 :
388 2694 441 2747 5.
484 2692 607 2746 Volo
633 2704 798 2747 autem
824 2711 997 2757 omnes
1030 2711 1114 2749 vos
1141 2696 1277 2767 loqui
1307 2699 1514 2767 linguis,
1541 2701 1703 2769 magis
1726 2717 1823 2753 au-

234 2792 335 2836 tem
368 2785 689 2851 prophetare.
737 2782 875 2837 Nam
902 2785 1069 2854 major
1102 2795 1176 2839 est
1210 2789 1298 2856 qui
1335 2788 1643 2855 prophetat,
1671 2806 1825 2858 quam

228 2876 322 2945 qui
350 2874 573 2945 loquitur
606 2873 790 2944 linguis
809 2915 824 2941 ,
855 2876 951 2930 nisi
986 2878 1115 2945 forte
1143 2878 1496 2947 interpretetur
1514 2920 1530 2946 ,
1558 2890 1613 2933 ut
1642 2881 1823 2935 Eccle-

232 2969 314 3021 sia
340 2967 729 3035 aediﬁcationem
758 2968 995 3038 accipiat.
1033 2970 1197 3039 Magis
1225 2981 1405 3025 autem
1432 2982 1485 3027 et
1511 2974 1688 3029 minus
1714 2991 1821 3031 non

229 3068 359 3113 sunt
388 3074 455 3114 ex
486 3060 805 3124 contrariis,
838 3061 929 3115 sed
960 3075 1024 3115 ex
1057 3062 1119 3114 iis
1150 3078 1268 3128 quas
1299 3074 1641 3132 exsuperant.

304 3149 360 3202 2.
405 3151 765 3217 Quamobrem
808 3151 931 3206 hinc
962 3168 1173 3222 quoque
1202 3163 1280 3206 est
1312 3154 1653 3224 perspicuum
1681 3159 1821 3227 quod

227 3238 433 3293 donum
491 3254 596 3293 non
649 3240 933 3308 vituperet,
991 3242 1085 3296 sed
1141 3258 1235 3297 eos
1282 3245 1439 3300 ducat
1468 3250 1534 3301 ad
1577 3249 1815 3315 meliora,

226 3329 524 3385 ostendens
553 3346 606 3385 et
637 3347 796 3400 quam
828 3348 1016 3387 eorum
1059 3351 1241 3388 curam
1284 3348 1466 3405 gerat,
1501 3349 1555 3393 et
1582 3342 1817 3396 animum

224 3421 297 3474 ab
324 3422 473 3475 omni
518 3422 712 3476 invidia
757 3424 1009 3479 liberum.
1056 3426 1240 3497 Neque
1272 3431 1413 3481 enim
1460 3431 1594 3484 dixit
1626 3451 1638 3484 :
1674 3432 1818 3487 Duos

224 3523 319 3567 aut
348 3524 480 3580 tres,
511 3515 626 3581 sed,
667 3514 766 3569 Vos
792 3533 962 3571 omnes
983 3519 1095 3571 volo
1116 3520 1302 3590 linguis
1324 3522 1459 3590 loqui
1482 3540 1501 3575 :
1524 3539 1695 3593 neque
1719 3526 1818 3581 hoc

223 3604 403 3658 solum
430 3648 445 3670 ,
495 3606 587 3660 sed
617 3608 780 3661 etiam
811 3609 1132 3678 prophetare
1173 3629 1185 3663 :
1224 3620 1278 3667 et
1316 3613 1416 3666 hoc
1459 3616 1625 3684 magis
1657 3633 1813 3685 quam

224 3694 397 3757 illud;
432 3696 606 3763 major
636 3706 719 3749 est
745 3698 886 3751 enim
921 3700 1008 3768 qui
1040 3700 1340 3769 prephetat.
1374 3702 1503 3757 Nam
1534 3716 1813 3775 postquam

225 3783 278 3839 id
307 3784 645 3839 conﬁrmavit
670 3796 724 3841 et
754 3787 1161 3854 demonstravit,
1185 3801 1307 3846 tunc
1334 3793 1399 3847 de
1429 3804 1627 3850 caetero
1656 3798 1814 3852 etiam

226 3877 557 3942 pronuntiat,
588 3893 692 3932 non
720 3889 895 3934 tamen
924 3882 1187 3948 absolute,
1216 3885 1309 3939 sed
1335 3902 1455 3940 cum
1477 3887 1774 3957 adiectione
1799 3909 1810 3945 :

224 3966 505 4035 subiunxit
534 3971 697 4035 enim,
733 3971 852 4025 Nisi
879 3974 1010 4041 forte
1037 3977 1429 4047 interpretetur;
1458 3982 1524 4034 ita
1550 3991 1607 4034 ut
1641 3986 1681 4035 si
1713 3983 1814 4037 hoc

225 4060 434 4125 possit,
484 4061 824 4132 interpretari
858 4066 997 4133 dico,
1045 4083 1139 4136 par
1177 4072 1246 4124 sit
1275 4076 1566 4144 prOphetre,
1614 4077 1808 4146 inquit,

221 4148 483 4213 quoniam
513 4162 637 4204 sunt
676 4156 825 4208 multi
850 4158 940 4226 qui
974 4161 1274 4231 percipiunt
1304 4168 1586 4223 utilitatem
1624 4188 1637 4223 :
1669 4174 1811 4241 quod

224 4236 460 4294 maxime
485 4249 567 4293 est
595 4242 989 4301 observandum
1014 4291 1029 4313 ,
1075 4256 1343 4318 quomodo
1376 4259 1475 4312 hoc
1515 4276 1609 4329 per
1635 4264 1812 4317 omnia

223 4336 352 4383 ante
386 4329 489 4383 alia
520 4334 773 4402 requirat.
801 4337 852 4391 6.
887 4337 1041 4393 Nunc
1067 4356 1256 4413 autem,
1288 4352 1471 4417 fratres
1492 4394 1504 4417 ,
1548 4357 1593 4407 si
1633 4373 1812 4413 venero

224 4420 294 4472 ad
330 4438 417 4476 vos
461 4424 649 4496 linguis
676 4428 883 4498 loquens
904 4474 919 4499 ,
948 4437 1070 4504 quid
1106 4440 1241 4493 vobis
1275 4445 1489 4511 prodere
1510 4488 1525 4511 ,
1556 4450 1654 4503 nisi
1677 4452 1812 4506 vobis

222 4513 409 4583 loquar
428 4527 517 4570 aut
540 4519 591 4572 in
614 4524 934 4593 reuelatione,
963 4539 1051 4581 aut
1076 4531 1127 4586 in
1151 4535 1379 4603 scientia,
1405 4553 1492 4593 aut
1514 4542 1567 4596 in
1596 4548 1812 4616 prephe-

221 4606 319 4671 tia,
349 4616 437 4663 aut
460 4608 513 4661 in
532 4610 761 4666 doctrina
780 4614 807 4667 2
835 4617 899 4670 Et
936 4620 1086 4689 quid,
1129 4622 1317 4694 inquit,
1362 4632 1483 4686 dico
1527 4606 1702 4688 ali-nsi.
1730 4638 1811 4692 Sit

222 4696 396 4762 enim,
422 4697 611 4767 inquit,
637 4705 728 4772 qui
755 4706 944 4777 linguis
970 4710 1201 4780 loquitur
1219 4716 1412 4775 Paullus
1438 4739 1449 4774 :
1476 4739 1649 4794 neque
1667 4731 1807 4783 enim

219 4789 620 4860 sic-quidquam
654 4796 850 4852 redibit
876 4803 1220 4860 emolumenti
1253 4808 1317 4861 ad
1360 4789 1651 4869 auditores.
1684 4820 1809 4873 lla'c

217 4887 403 4933 autem
422 4880 569 4945 dicit,
587 4887 876 4944 ostendens
898 4907 957 4947 se
981 4894 1032 4947 id
1052 4911 1292 4964 quaerere
1314 4905 1452 4971 quod
1476 4907 1545 4960 sit
1560 4909 1637 4962 eis
1655 4912 1808 4967 utile:

221 4984 334 5023 non
357 4982 535 5028 autem
559 4978 684 5031 odio
715 4979 909 5038 habere
940 5000 1033 5040 eos
1078 4990 1167 5058 qui
1212 4992 1477 5051 charisma
1510 5004 1806 5073 possident,

217 5076 347 5115 cum
382 5078 446 5117 nc
478 5065 527 5119 in
556 5071 768 5137 propria
796 5075 1007 5142 quidem
1035 5094 1262 5145 persona
1286 5098 1495 5142 recuset
1524 5096 1809 5151 ostendere

216 5151 275 5203 id
319 5168 442 5210 esse
472 5156 674 5213 inutile.
704 5161 931 5232 Semper
970 5180 1146 5225 autem
1194 5175 1245 5227 in
1289 5179 1367 5230 sui
1417 5196 1642 5249 persona
1689 5202 1806 5256 qua:

217 5250 349 5293 sunt
377 5248 557 5312 gravia
585 5259 638 5304 et
664 5254 885 5308 molesta
916 5260 1115 5326 agitat,
1147 5264 1284 5318 sicut
1310 5268 1521 5326 dicebat
1562 5273 1612 5326 in
1658 5248 1805 5343 prin-

213 5330 363 5397 cipio
390 5336 631 5401 epistolae
663 5358 674 5394 :
709 5342 834 5409 Quis
860 5356 929 5398 est
964 5348 1157 5404 Paulus
1175 5354 1200 5404 Ρ
1224 5357 1335 5423 quis
1354 5368 1431 5410 est
1453 5362 1635 5430 Apollo
1653 5330 1807 5435 quis

219 5419 422 5521 dspuas
448 5422 541 5521 (1;
559 5427 677 5483 Cor.
704 5434 758 5488 5.
785 5436 882 5505 4)?
909 5436 1059 5503 Quod
1088 5419 1302 5510 quidem
1335 5446 1420 5502 hic
1439 5419 1651 5521 quoque
1680 5419 1806 5511 facit

219 5512 415 5572 dicens
439 5532 454 5571 :
488 5515 569 5571 Ne
591 5520 728 5576 t'obis
754 5529 951 5592 quidem
971 5534 1209 5602 prodere,
1242 5537 1341 5590 nisi
1364 5512 1499 5594 vobis
1521 5512 1699 5613 lo'quar
1720 5560 1806 5604 aut

217 5606 279 5659 iis
304 5609 605 5665 reuelatione
622 5652 638 5676 ,
662 5625 748 5666 aut
776 5618 829 5671 in
861 5625 1149 5693 prophetia,
1175 5638 1263 5681 aut
1292 5631 1343 5685 in
1368 5634 1577 5688 scientia
1595 5676 1609 5701 ,
1639 5649 1728 5693 aut
1754 5643 1807 5695 in

216 5698 475 5753 doctrina.
510 5700 623 5758 Hoc
658 5713 837 5761 autem
882 5712 997 5768 vult
1042 5716 1349 5787 signiﬁcare
1395 5743 1407 5778 :
1449 5725 1560 5781 Nisi
1596 5698 1801 5800 aliquid

215 5788 431 5862 dixero,
462 5794 611 5865 quod
643 5809 672 5853 a
701 5797 855 5855 vobis
883 5799 1035 5859 facile
1065 5811 1231 5878 possit
1258 5814 1381 5885 capi
1401 5824 1455 5872 ct
1485 5820 1651 5889 possit
1676 5788 1796 5882 tisse

1248 370 1315 427 IN
1352 369 1567 429 EPIST.
1603 369 1644 428 l.
1686 370 1777 426 AD
1814 365 1969 426 C08.
2006 371 2236 435 ιιοιιιι.
2280 379 2498 443 XXXV.

3422 407 3528 464 998

1941 489 2311 563 manifestum,
2359 500 2455 555 sed
2504 509 2708 560 tantum
2738 508 3028 568 ostendero
3070 530 3157 574 me
3185 516 3387 578 habere
3424 523 3495 578 du

1942 595 2068 635 num
2100 584 2423 687 linguarum:
2458 591 2675 687 abibitis
2706 600 2853 656 nullo
2882 600 3034 661 lucro
3061 605 3203 665 l‘acto
3231 626 3298 669 ex
3332 615 3525 687 linguis

1940 688 2073 743 quas
2102 677 2348 734 audistis.
2381 682 2518 749 Quid
2545 687 2689 743 enim
2728 691 2861 748 lucri
2899 710 2965 751 ex
3010 712 3144 756 voce
3166 742 3180 767 ,
3217 718 3374 775 quam
3406 677 3524 764 lion

1942 761 2273 835 intelligitis?
2296 772 2347 825 7.
2374 772 2563 831 Tamen
2588 783 2832 849 qua-sine
2850 788 3020 843 anima
3037 801 3153 847 sunt
3166 761 3339 850 uocem
3371 800 3524 853 (Ληι-

1942 854 2032 918 tia,
2063 859 2168 913 sive
2195 861 2316 915 tibia
2351 865 2455 920 sive
2477 870 2674 926 cithara
2693 915 2710 941 ,
2737 877 2841 932 sire
2860 879 3231 939 distinctionem
3268 892 3526 947 sonituum

1940 945 2185 1016 dederint,
2216 958 2464 1023 quomodo
2500 964 2687 1017 scietur
2727 966 2783 1020 id
2820 972 2958 1038 quod
2985 975 3187 1029 canitur
3208 990 3295 1032 aut
3315 982 3526 1036 cit/tari-

1938 1315 2156 1371 musiczn
2186 1317 2551 1380 instrumentis
2580 1328 2680 1383 hoc
2716 1332 2911 1391 videris
2940 1356 2954 1389 :
2984 1340 3095 1396 sive
3134 1345 3274 1400 enim
3302 1348 3375 1403 sit
3400 1337 3524 1406 tibia

1936 1403 2052 1457 sive
2072 1405 2294 1477 cithara,
2328 1420 2380 1465 et
2408 1410 2582 1486 neque
2604 1435 2827 1479 numero
2848 1442 3016 1498 neque
3029 1430 3304 1491 harmonia
3324 1454 3495 1497 eonve
3509 1473 3524 1483 -

1937 1496 2137 1564 niente,
2184 1502 2277 1556 sed
2307 1507 2525 1564 confuse
2550 1520 2604 1566 et
2632 1521 2832 1573 temere
2872 1496 3110 1589 pulsetur
3125 1538 3178 1584 et
3206 1531 3526 1603 inspiretur,

1937 1586 2137 1682 nullum
2181 1606 2243 1645 ex
2288 1593 2351 1647 iis
2403 1599 2492 1667 qui
2546 1602 2771 1660 audiunt
2810 1586 3093 1672 delectabit
3129 1634 3192 1675 ac

1935 1676 2067 1733 Nam
2097 1682 2258 1738 etiam
2289 1686 2341 1741 in
2374 1689 2479 1745 illis
2505 1692 2856 1759 inarticulatis
2896 1707 3071 1777 aliqua
3112 1714 3358 1773 claritate
3388 1736 3522 1792 opus

1935 1781 2020 1824 est
2048 1782 2100 1827 et
2126 1776 2393 1834 evidentia
2442 1798 2455 1834 :
2487 1795 2541 1840 et
2570 1790 2672 1844 nisi
2698 1808 2763 1847 ex
2793 1810 2909 1857 arte
2940 1806 3234 1872 pulsaveris
3260 1828 3314 1870 et
3340 1776 3520 1876 lilii-am

1938 1862 2285 1934 inspirat-eris
2306 1914 2321 1936 ,
2351 1876 2482 1932 nihil
2529 1880 2721 1939 fecisti.
2755 1888 2809 1944 Si
2835 1902 3014 1950 autem
3046 1902 3311 1972 exigimus
3335 1911 3403 1965 ab
3437 1914 3523 1969 in-

1938 1958 2131 2013 animis
2162 1971 2218 2015 ut
2262 1973 2404 2021 tanta
2448 1973 2516 2026 sit
2543 1974 2593 2027 in
2620 1978 2699 2031 eis
2726 1980 2940 2041 claritas
2968 2000 3024 2044 et
3049 1958 3325 2055 harmonia
3353 2014 3407 2059 et

1940 2050 2181 2119 stinctio,
2208 2065 2263 2110 et
2288 2059 2338 2112 in
2368 2061 2476 2116 illis
2507 2081 2611 2121 non
2643 2070 3066 2141 signiﬁcantibus
3092 2090 3244 2145 sonis
3270 2108 3521 2167 urgemus

1935 2152 1990 2197 et
2030 2150 2404 2208 contendimus
2434 2168 2489 2212 ut
2518 2162 2762 2233 magnam
2808 2170 3145 2241 imponamus
3174 2150 3521 2255 significatio.

1934 2250 2105 2352 pem}
2139 2244 2307 2297 multo
2354 2251 2521 2319 magis
2572 2255 2624 2309 in
2664 2261 2913 2320 animatis
2953 2278 3008 2324 et
3045 2244 3251 2333 ratione
3284 2286 3522 2352 prmditis

1936 2325 2242 2445 hlnminibus
2273 2346 2322 2391 et
2366 2342 2419 2441 in
2449 2343 2603 2400 donis
2631 2350 2998 2417 spiritunlibus
3028 2325 3521 2445 persequiropo‘rt.el

1935 2416 1985 2471 id
2013 2423 2150 2489 quod
2180 2436 2323 2482 recte
2351 2431 2637 2501 signiﬁcet.
2668 2441 2720 2495 8.
2763 2443 2963 2503 Etenim
2996 2416 3051 2507 si
3068 2416 3311 2517 inceiltam
3343 2416 3519 2524 :ocem

1932 2510 2017 2615 det
2054 2513 2202 2622 tubq,
2234 2521 2345 2585 quis
2370 2526 2572 2592 parabit
2601 2547 2655 2583 se
2676 2535 2744 2586 ad
2771 2536 2955 2593 bellum
2979 2546 3005 2595 ?
3030 2548 3073 2601 Α

1933 2605 2074 2657 enim
2102 2607 2167 2659 ad
2196 2626 2279 2673 ea,
2313 2630 2433 2684 qua:
2462 2630 2585 2674 sunt
2612 2628 2777 2696 magis
2808 2640 3108 2695 necessaria
3140 2605 3193 2699 ei
3222 2650 3393 2718 utilia,
3423 2655 3517 2711 dc-

1934 2694 2075 2718 ..I..-f-
2110 2715 2117 2718 -
2141 2702 2236 2718 πμ·”
2568 2714 2599 2718 υ
2640 2715 2648 2718 λ

1930 2694 2078 2750 ducit
2102 2702 2435 2773 orationem;
2466 2722 2518 2763 et
2548 2714 2677 2769 dicit
2703 2723 2844 2788 quod
2871 2732 3173 2789 musam“
3203 2738 3255 2795 in
3282 2695 3511 2815 Chiam.

1930 2786 2022 2815 ..Αιι
2063 2792 2218 2815 -.:._-_.
2263 2798 2301 2815 s,
2342 2808 2357 2815 Α
2401 2801 2418 2815 .
2534 2807 2583 2815 -.
2654 2813 2661 2815 _
2726 2812 2738 2815 -

1928 2786 2023 2842 sed
2059 2792 2222 2848 etiam
2261 2798 2311 2852 in
2342 2801 2465 2857 tuba
2499 2807 2693 2863 videris
2725 2812 2826 2870 hoc
2853 2835 2960 2874 usu
2981 2826 3184 2885 venire.
3215 2792 3510 2899 Suntenini

1931 2879 2033 2899 ειν-
2356 2892 2366 2899 ⁸
2452 2895 2465 2899 “

1931 2879 2038 2936 illic
2070 2900 2285 3002 qtiqqiie
2324 2892 2598 2964 rhythmi,
2628 2913 2681 2956 et
2710 2905 2944 2966 indiCant
2970 2918 3259 2989 aliquando

1928 2988 2118 3029 sonum
2152 2976 2401 3039 bellicum
2425 3024 2440 3047 ,
2471 2988 2755 3058 aliquando
2776 3014 2913 3056 .vero
2940 2976 3262 3085 non-talem;

1928 3066 2140 3133 quando
2166 3069 2345 3126 educit
2369 3074 2419 3129 in
2448 3079 2634 3145 aciem,
2666 3085 2947 3155 aliquando
2971 3110 3149 3157 autem
3178 3066 3508 3181 rci'ucat;lac

1928 3156 2027 3210 nisi
2055 3160 2317 3228 quispiam
2356 3166 2457 3222 hoc
2485 3173 2661 3239 norit,
2696 3176 2746 3230 in
2774 3193 3073 3245 extremum
3108 3199 3250 3253 venit
3288 3156 3505 3271 pericu:

1928 3246 2031 3271 ,ΠΜ
2085 3251 2242 3271 ΛΑ,
2337 3258 2384 3271 ..
2536 3264 2545 3271 .
2626 3266 2672 3271 -ι

1928 3246 2056 3304 lmn.
2085 3251 2242 3318 Quod
2261 3258 2473 3325 quidem
2503 3264 2826 3337 signiﬁcans,
2855 3286 2911 3329 ct
2931 3294 3167 3341 errorem
3190 3246 3501 3371 ostendens,

1928 3338 2048 3371 Λίρςι
2120 3340 2243 3371 n..:-
2296 3350 2489 3371 _-__u.
2688 3360 2699 3371 .
2754 3365 2762 3371 .
2812 3366 2843 3371 -_

1925 3338 2072 3453 dicit:
2120 3340 2243 3453 guis
2291 3350 2489 3417 parabit
2531 3372 2585 3407 se
2630 3360 2699 3411 ad
2744 3338 3503 3453 belluiit?Quamdbren:

1926 3429 2244 3553 hoe'ltaAbfat
2266 3478 2279 3501 ,
2315 3449 2480 3496 totum
2513 3451 2706 3514 perdit.
2754 3455 2816 3508 Et
2840 3461 2963 3528 quid
2994 3429 3127 3537 lucc,
3162 3429 3501 3553 miliaxxx;

1923 3525 2064 3577 nos?
2104 3524 2182 3581 Ad
2238 3545 2331 3585 vos
2372 3538 2602 3593 maxime
2650 3558 2876 3614 spectat,
2920 3564 2973 3608 et
3014 3524 3138 3615 ideo
3186 3524 3499 3648 sdbjuiigir‘:

1924 3614 1955 3648 0
2017 3614 2095 3648 lsn
2123 3629 2167 3648 ιη
2192 3637 2277 3648 ..ιη
2354 3643 2440 3648 ..-μ
2486 3630 2517 3648 n
2786 3641 2796 3648 .
2832 3643 2843 3648 -

3086 3614 3091 3615 ν
3116 3614 3129 3615 ί
3186 3614 3283 3624 τ-ν
3312 3614 3358 3628 u-
3418 3614 3457 3635 ιι
3486 3624 3499 3638 ο

1924 3614 1976 3667 9.
2010 3614 2095 3668 Ita
2120 3629 2167 3671 et
2192 3637 2309 3685 vos,
2350 3643 2440 3693 per
2479 3630 2703 3700 linguam
2743 3641 2843 3693 nisi
2876 3652 3195 3717 manifestum
3221 3614 3503 3728 sextmozem

1929 3706 1956 3728 ,1
1968 3723 1984 3728 -
1996 3707 2020 3728 ,Ι
2037 3709 2129 3728 -..ξιξ
2146 3726 2155 3728 _
2430 3719 2439 3728 -
2558 3724 2567 3728 -

3012 3706 3022 3717 ,
3132 3706 3194 3711 νην
3221 3706 3287 3716 -υ-
3305 3706 3401 3722 usus
3453 3706 3466 3724 ι

1922 3706 2159 3762 dederitis
2180 3753 2192 3772 ,
2222 3719 2468 3780 quomodo
2495 3724 2678 3776 scietur
2713 3729 2767 3780 id
2790 3738 2928 3801 quod
2951 3740 3177 3801 dicitur?
3203 3756 3339 3811 eritis

1922 3796 1970 3821 Σ-.
2003 3815 2156 3821 --μ-λη
2190 3803 2202 3821 Ι
2376 3818 2383 3821 λ
2490 3810 2529 3821 ’⁸

1920 3796 1970 3849 in
1992 3815 2160 3853 aerem
2185 3803 2455 3871 loquentes.
2488 3810 2596 3866 Hoc
2623 3826 2732 3881 est,
2762 3822 2890 3877 nihil
2919 3826 3197 3897 loquentes
3217 3886 3229 3907 ,
3262 3796 3500 3909 υυιιῖᾝῗ

1921 3902 2165 3957 quentes.
2199 3895 2260 3948 Et
2294 3898 2487 3969 ubique
2514 3921 2623 3959 rem
2658 3915 2889 3969 ostendit
2920 3895 3177 3983 inutilem.

1921 3980 2064 4084 tilis,
2096 3984 2337 4055 inquies,
2366 4006 2463 4046 cur
2487 3996 2607 4051 data
2641 4002 2762 4055 est?
2793 4005 2859 4061 Ut
2887 4012 2959 4065 sit
2984 4018 3125 4074 utilis
3151 4025 3197 4077 ei
3227 3980 3321 4096 qui
3342 3980 3499 4092 acc:-

1922 4072 1995 4140 pit
2027 4091 2041 4125 :
2074 4075 2117 4127 si
2159 4089 2335 4133 autem
2378 4083 2496 4138 aliis
2523 4102 2735 4158 quoque
2762 4094 2936 4153 l‘utnra
2966 4117 3046 4159 est
3079 4072 3255 4181 utilis:
3288 4072 3498 4187 0,3352,

1922 4164 2053 4187 οιΑ-ξι
2084 4164 2414 4187 Ξ-.,ῌᾉΑγ.νγ-
2502 4175 2547 4187 ι-

1920 4164 2056 4217 adsit
2082 4164 2472 4239 interpretatio.
2502 4175 2626 4233 Haec
2650 4193 2825 4238 autem
2845 4188 3000 4257 dicit,
3034 4212 3128 4254 eos
3158 4164 3294 4261 inter

1921 4255 2089 4310 vicem
2116 4262 2427 4331 concilians,
2462 4276 2518 4319 ut
2567 4279 2620 4322 et
2659 4273 2703 4327 si
2754 4275 2868 4343 ipse
2910 4298 3011 4336 non
3061 4287 3253 4349 habeat
3296 4255 3495 4361 donni...

1920 4347 2341 4421 interpretandi,
2382 4369 2655 4429 assumpto
2697 4366 2866 4421 altero
2902 4375 2988 4443 qui
3019 4376 3070 4431 id
3112 4347 3495 4464 liabe‘athiioil

1917 4453 2203 4556 suumqu
2240 4461 2330 4515 per
2384 4449 2529 4504 illum
2576 4453 2734 4511 faciat
2773 4461 2917 4517 utile.
2972 4467 3259 4541 Propterea
3304 4449 3498 4556 ubique

1918 4534 2153 4589 ostendit
2180 4553 2291 4592 rem
2322 4555 2440 4594 esse
2467 4545 2855 4620 imperfectam,
2888 4567 2942 4611 ut
2974 4534 3116 4631 ipsos
3143 4570 3221 4623 sic
3250 4588 3348 4629 ιιιιο
3378 4534 3493 4633 ciu:

1919 4628 2062 4698 liget.
2093 4630 2299 4687 Etenim
2326 4636 2414 4704 qui
2447 4637 2495 4689 id
2524 4639 2623 4694 sibi
2654 4644 2923 4704 existimat
2951 4628 3213 4726 sulllcere,
3248 4628 3352 4721 non
3385 4628 3493 4729 tam

1918 4724 1968 4777 id
1999 4726 2177 4781 laudat
2211 4746 2365 4799 quam
2395 4733 2645 4803 deprimit
2666 4783 2680 4809 ,
2712 4760 2814 4801 non
2844 4750 3022 4807 sinens
3064 4757 3115 4811 id
3142 4724 3287 4821 recte
3314 4770 3496 4838 splcn~

1920 4814 2040 4838 1..--
2080 4836 2103 4838 _
2127 4837 2135 4838 κ
2217 4824 2226 4832 ¹
2276 4835 2283 4838 Α
2535 4830 2545 4838 ·

1916 4814 2046 4873 dere
2078 4836 2173 4889 per
2215 4824 2729 4895 interpretationem.
2764 4838 3047 4901 Pulchrum
3080 4853 3223 4909 enim
3266 4814 3373 4914 cstr
3392 4863 3495 4919 de-

1918 4922 2043 4961 num
2073 4920 2123 4964 et
2156 4915 2538 4985 necessarium,
2572 4924 2664 4978 sed
2710 4934 2820 4981 tum
2865 4930 3114 5005 demum,
3160 4944 3206 4999 si
3250 4915 3494 5011 habuerit

1914 5015 2035 5055 eum
2071 5005 2159 5071 qui
2189 5003 2422 5062 declaret
2450 5025 2509 5065 ea
2541 5030 2659 5084 qum
2686 5017 2952 5080 dicuntur.
2983 5003 3114 5086 Nam
3144 5003 3494 5112 digitus

1916 5106 2019 5160 quc
2047 5109 2130 5147 res
2160 5106 2236 5148 est
2270 5105 2571 5158 necessaria
2595 5147 2609 5169 ,
2641 5110 2734 5162 sed
2762 5115 2972 5180 quando
2993 5133 3114 5174 eum
3142 5105 3433 5189 abduxeris
3462 5150 3492 5189 ε

1915 5184 2133 5254 reliquis
2156 5226 2172 5251 ,
2214 5203 2316 5243 non
2344 5194 2443 5245 erit
2475 5212 2625 5265 :rqne
2657 5202 2798 5257 utilis
2828 5222 2840 5257 :
2876 5208 2998 5261 tuha
3030 5226 3240 5284 quoque
3268 5228 3353 5274 est
3396 5240 3490 5280 ne-

1913 5278 2177 5342 cessaria;
2206 5280 2300 5333 sed
2328 5286 2541 5351 quando
2574 5298 2772 5346 temere
2798 5278 3059 5363 sonucrit,
3084 5278 3167 5359 est
3196 5310 3355 5366 etiam
3380 5330 3495 5371 mo-

1917 5365 2048 5417 lesta
2079 5376 2130 5419 et
2162 5372 2358 5437 gravis.
2402 5374 2586 5447 Neque
2626 5383 2765 5435 enim
2808 5398 2895 5440 ars
2926 5396 3243 5467 apparebit,
3278 5403 3378 5456 nisi
3423 5410 3492 5462 sit

1914 5456 2148 5523 subjecta
2192 5466 2447 5530 materia;
2497 5485 2668 5538 neque
2717 5456 3035 5537 informatur
3077 5456 3299 5545 materia
3327 5533 3341 5559 ,
3393 5497 3494 5555 nisi

1915 5544 2157 5613 imposita
2202 5550 2270 5603 sit
2318 5553 2507 5610 forma.
2542 5558 2686 5615 Pone
2726 5579 2855 5635 ergo
2896 5584 3079 5627 vocem
3107 5544 3495 5647 quidetn'tanm':

1912 5652 2069 5705 quam
2096 5640 2415 5713 subjectum,
2438 5649 2731 5710 claritatem
2752 5672 2929 5715 autem
2954 5640 3219 5737 tamquam
3242 5672 3491 5748 formam,

1911 5744 2032 5800 qua:
2062 5733 2105 5786 si
2132 5749 2237 5789 non
2268 5737 2443 5809 adsit,
2487 5742 2715 5814 subjecti
2747 5750 2925 5809 nullus
2950 5764 3035 5811 cst
3065 5733 3213 5818 usus.
3249 5766 3334 5821 l0.
3372 5733 3495 5826 Tum

1909 5828 2089 5897 multa,
2132 5830 2177 5886 si
2218 5832 2532 5906 contingant,
2582 5854 2765 5910 genera
2813 5844 3105 5915 linguarum
3150 5866 3266 5912 sunt
3304 5861 3357 5916 in
3403 5862 3494 5920 hoc
