4066 6348
570 493 791 560 nmnde,
821 500 872 546 et
893 489 1027 547 nillil
1044 491 1151 545 sine
1176 505 1294 547 socc
1314 500 1408 545 est.
1435 489 1547 544 lloc
1572 497 1678 551 est,
1708 496 1816 540 tam
1842 485 2026 539 multa:
2058 481 2163 535 lin-

568 601 708 659 guas,
737 594 843 641 tam
870 584 1051 642 multa
1074 600 1256 649 voces,
1275 581 1626 655 Scytharum,
1653 579 1940 644 Thracum,
1971 576 2167 632 Roma-

571 695 782 743 norum,
823 678 1133 747 Persarum,
1176 677 1509 742 Maurorum,
1554 673 1835 739 Indorum,
1875 670 2154 742 Egyptio-

570 787 728 838 rum,
758 771 983 827 aliarum
1012 769 1253 841 gentium
1284 766 1773 823 innumerabilium.
1818 765 1906 820 11.
1946 762 2010 819 Si
2045 778 2165 833 ergo

568 865 792 920 παι-ἕστο
814 864 1054 919 uirtutem
1082 862 1237 925 cocis,
1270 877 1359 916 ero
1381 861 1434 915 ei
1452 861 1533 914 esti
1560 858 1739 931 loquar
1762 858 2031 913 barbarus.

637 955 693 1011 ὅ.
742 953 823 1010 Nc
851 952 1133 1009 existimes
1168 952 1311 1007 enim
1339 950 1481 1022 quod
1510 950 1617 1005 hoc
1645 949 1822 1005 solum
1851 947 2061 1003 accidat
2104 946 2158 1002 in

564 1046 719 1102 vobis
738 1086 757 1112 ,
794 1043 1008 1117 inquit,
1056 1042 1152 1099 sed
1176 1043 1341 1099 etiam
1373 1042 1431 1097 in
1456 1040 1706 1097 omnibus
1736 1040 1840 1094 hoe
1871 1037 1987 1094 ﬁeri
2017 1036 2165 1092 vide-

567 1143 662 1197 ris.
694 1136 1055 1209 Quamobrem
1081 1135 1199 1191 lucc
1228 1134 1375 1200 dico,
1419 1150 1530 1191 non
1568 1148 1755 1189 vocem
1804 1132 2115 1202 vituperans
2143 1170 2163 1197 ,

568 1229 665 1288 sed
687 1227 984 1286 ostendens
1007 1243 1126 1285 eam
1154 1226 1286 1282 mihi
1318 1241 1443 1283 esse
1471 1224 1736 1290 inutilem,
1770 1223 2028 1294 quamdiu
2054 1236 2163 1278 non

568 1322 733 1379 luerit
756 1322 909 1378 clara-
928 1329 987 1376 et
1007 1319 1317 1375 manifesta.
1348 1316 1552 1373 Deinde
1574 1333 1643 1372 ne
1668 1330 1883 1385 gravem
1906 1328 1970 1367 ac
1995 1312 2166 1368 mole-

566 1426 704 1472 stam
736 1414 928 1472 reddat
951 1412 1376 1475 accusationem,
1407 1415 1655 1478 exaequat
1682 1406 1911 1472 crimen,
1939 1404 2161 1460 dicens:

571 1506 672 1565 Ille
703 1508 827 1563 mihi
871 1505 1149 1569 barbarus,
1183 1512 1230 1558 et
1256 1518 1348 1574 ego
1374 1501 1455 1555 illi
1476 1516 1496 1565 ;
1524 1515 1631 1554 non
1658 1514 1729 1555 ex
1758 1508 1946 1554 natura
1975 1498 2121 1553 vocis
2144 1537 2159 1562 ,

565 1602 660 1659 sed
689 1617 759 1659 ea
782 1609 968 1656 mstra
988 1596 1309 1668 ignorantia.
1335 1592 1585 1647 Vidistin'
1610 1590 1881 1662 quomodo
1907 1589 2160 1660 paulatim

565 1692 721 1748 duxit
755 1691 824 1746 ad
871 1688 948 1755 id,
993 1686 1137 1758 quod
1187 1694 1269 1741 est
1312 1692 1596 1754 cognatum
1623 1697 1686 1737 ac
1727 1682 1805 1737 rei
1837 1681 2113 1752 pr0prium
2137 1680 2164 1734 ‘l

566 1784 721 1852 Quod
750 1780 966 1853 quidem
1011 1793 1129 1834 mos
1157 1786 1240 1833 est
1269 1776 1319 1832 ei
1362 1776 1573 1841 facere,
1602 1784 1662 1829 ut
1698 1773 1944 1844 exempla
1976 1772 2163 1843 procul

567 1873 826 1939 attrahat,
857 1882 909 1928 et
940 1870 1154 1927 desinat
1179 1869 1233 1923 in
1266 1867 1317 1922 id
1344 1866 1488 1937 quod
1528 1873 1611 1922 est
1650 1865 1895 1935 subiecto
1935 1863 2162 1932 conjun—

568 1966 707 2023 ctius
731 1972 788 2022 et
812 1963 982 2035 magis
1008 1961 1307 2032 proprium.
1335 1957 1469 2015 Nam
1505 1966 1787 2027 postquam
1818 1955 1956 2010 dixit
1994 1954 2062 2009 de
2092 1955 2161 2009 ti-

568 2059 655 2117 hia
702 2064 758 2113 et
804 2054 1036 2119 cithara,
1080 2052 1171 2107 ubi
1216 2050 1389 2106 multa
1433 2047 1634 2103 desunt
1660 2054 1716 2101 et
1744 2047 1911 2102 multa
1955 2046 2162 2106 inutilia

570 2157 718 2217 sunt,
749 2146 896 2205 venit
936 2143 1005 2200 ad
1040 2142 1244 2207 tubam,
1290 2154 1407 2196 rem
1451 2139 1723 2195 utiliorem
1744 2179 1762 2206 ,
1791 2148 1848 2194 et
1874 2137 2072 2195 deinde
2094 2136 2163 2193 ad

569 2242 744 2314 ipsam
781 2251 999 2294 vocem.
1041 2233 1115 2289 ita
1163 2232 1325 2288 etiam
1367 2241 1547 2297 antea,
1589 2229 1807 2301 quando
1847 2229 2166 2285 versabatur

568 2331 689 2403 ejus
728 2328 902 2385 oratio
929 2326 984 2382 in
1023 2340 1090 2381 eo
1116 2332 1176 2379 ut
1208 2321 1520 2379 ostenderet
1544 2336 1652 2376 non
1680 2334 1804 2377 esse
1832 2318 2163 2391 prohibitum

570 2420 827 2496 apostolis
852 2417 1125 2488 accipere.
1147 2430 1272 2472 eum
1289 2414 1545 2485 erupisset
1565 2412 1799 2483 primu
1820 2410 1891 2464 ab
1912 2408 2164 2479 agricolis

569 2526 626 2572 et
656 2511 970 2587 pastoribus
986 2517 1043 2565 et
1062 2507 1343 2570 militibus,
1370 2514 1501 2560 tunc
1524 2502 1748 2559 deduxit
1771 2501 2074 2557 orationem
2093 2500 2162 2556 ad

570 2605 624 2661 ul
649 2601 794 2677 quod
824 2608 908 2657 est
938 2599 1213 2671 proposito
1255 2593 1612 2667 prepinquius
1631 2634 1648 2660 ,
1676 2607 1871 2661 nempe
1894 2590 1962 2645 ad
1988 2604 2168 2647 sacer-

569 2695 725 2752 dotes
749 2692 840 2764 qui
880 2698 1037 2747 erant
1079 2690 1134 2743 in
1175 2686 1378 2743 Veteri.
1412 2685 1491 2740 Tu
1517 2693 1694 2739 autem
1724 2681 1855 2736 mihi
1883 2680 2163 2738 considera

570 2786 843 2860 quomodo
870 2782 1071 2852 ubique
1101 2778 1337 2835 studium
1378 2777 1621 2848 posuerit
1651 2785 1711 2831 ut
1736 2774 1936 2830 donum
1964 2774 2164 2831 libera-

571 2886 656 2934 ret
681 2876 750 2931 ab
773 2872 1165 2937 accusatione,
1204 2878 1260 2925 et
1298 2868 1506 2923 crimen
1547 2865 1824 2922 conterret
1863 2866 1916 2919 in
1946 2880 2044 2920 eos
2072 2864 2163 2935 qui

572 2972 921 3038 acceperunt.
953 2958 1071 3016 Non
1098 2957 1234 3014 dixit
1262 2956 1407 3014 enim
1440 2974 1453 3011 :
1487 2956 1592 3011 Ero
1614 2955 1879 3011 barbarus
1897 2995 1914 3022 ,
1938 2952 2034 3009 sed
2056 2994 2071 3020 ,
2098 2952 2166 3009 Ei

571 3060 659 3130 qui
696 3057 921 3127 loeuitur
961 3050 1231 3110 barbarus.
1263 3048 1331 3103 Et
1358 3062 1546 3103 rursus
1575 3060 1683 3102 non
1725 3045 1860 3100 dixit
1889 3062 1903 3099 :
1933 3044 2035 3114 Qui
2078 3043 2164 3099 lo-

574 3150 756 3221 quitur
775 3189 791 3213 ,
824 3143 1085 3200 barbarus
1108 3182 1125 3209 ,
1153 3136 1248 3196 sed
1270 3179 1287 3206 ,
1324 3138 1425 3205 Qui
1453 3136 1701 3205 loquitur,
1747 3136 1876 3190 milii
1900 3134 2164 3191 barbarus.

574 3238 711 3307 Quid
738 3249 869 3307 ergo
887 3239 1125 3304 oportet,
1147 3229 1341 3300 inquit,
1366 3226 1481 3283 ﬁeri
1502 3226 1526 3280 ἳ
1547 3226 1664 3282 Non
1684 3226 1861 3281 solum
1890 3225 2034 3282 enim
2057 3239 2165 3281 non

574 3336 788 3401 oportet
817 3327 1150 3394 vituperare,
1196 3318 1292 3375 sed
1328 3319 1490 3375 etiam
1529 3317 1802 3373 adhortari
1840 3327 1896 3373 et
1919 3316 2116 3373 docere
2147 3335 2163 3373 :

576 3417 721 3490 quod
747 3417 862 3487 ipse
886 3426 1104 3486 quoque
1144 3408 1289 3464 facit.
1320 3408 1614 3480 Postquam
1642 3409 1786 3464 enim
1816 3409 2089 3465 accusavit
2112 3416 2169 3465 et

576 3507 908 3581 increpavit,
956 3514 1012 3561 et
1051 3501 1240 3559 inutile
1273 3515 1395 3557 esse
1422 3498 1693 3567 ostendit,
1723 3500 1981 3573 deinceps
2006 3502 2166 3558 etiam

574 3604 858 3662 consilium
887 3599 1001 3666 dat,
1027 3596 1216 3653 dicens
1244 3610 1259 3650 :
1292 3593 1382 3650 12.
1416 3591 1506 3649 Sic
1534 3601 1580 3647 et
1606 3609 1723 3659 eos,
1749 3594 1989 3666 quoniam
2009 3610 2171 3650 trina-

576 3697 762 3752 latores
787 3695 903 3748 estis
929 3689 1223 3761 spirituum,
1252 3685 1322 3739 ad
1345 3684 1734 3754 mdi/icationem
1764 3683 2007 3741 Ecclesia:
2028 3701 2170 3758 gnte-

574 3788 670 3841 rite
687 3796 741 3839 ut
760 3781 1045 3838 abundetis.
1071 3776 1321 3834 Vidistin’
1337 3775 1455 3846 ejus
1480 3790 1703 3847 scopum
1730 3790 1946 3846 semper
1969 3785 2025 3832 et
2052 3776 2171 3832 ubi-

574 3894 681 3949 qno
709 3890 872 3932 tnunn
900 3871 1061 3929 esse?
1088 3869 1220 3925 Eam
1248 3883 1349 3923 ceu
1378 3870 1616 3938 regulam
1650 3868 1819 3938 ponit,
1846 3884 1966 3939 qua:
1986 3868 2174 3925 multis

576 3969 727 4025 utilis
752 3968 822 4022 sit
861 3974 917 4020 et
957 3961 1254 4017 Ecclesium
1290 3958 1461 4028 juvet.
1508 3957 1693 4027 Neque
1734 3959 1904 4027 dixit,
1934 3960 2005 4017 Ut
2029 3961 2169 4016 dona

577 4056 917 4133 possideatis,
948 4051 1042 4109 sed
1076 4050 1144 4108 Ut
1178 4048 1485 4116 abundetis;
1507 4049 1608 4104 hoc
1628 4058 1732 4118 est,
1757 4061 1813 4105 ut
1832 4066 1955 4107 cum
1980 4067 2171 4122 magna

574 4152 727 4220 copia
760 4149 848 4205 illa
880 4144 1142 4203 habeatis.
1172 4142 1400 4199 Tantum
1435 4142 1579 4199 enim
1616 4140 1767 4198 abest
1794 4152 1851 4198 ut
1881 4144 2046 4200 nolim
2075 4161 2173 4203 vos

575 4260 638 4301 ea
679 4241 877 4300 habens
901 4279 918 4304 ,
948 4245 1009 4293 ut
1037 4235 1197 4291 velim
1236 4235 1397 4289 etiam
1427 4250 1521 4290 vos
1548 4233 1634 4292 eis
1657 4234 1965 4304 abundare,
2009 4238 2174 4296 modo

573 4352 639 4391 ea
664 4331 962 4390 exerceatis
986 4326 1057 4381 ad
1083 4326 1136 4380 id
1161 4324 1304 4396 quod
1332 4325 1389 4379 in
1416 4341 1703 4384 commune
1726 4338 1811 4385 est
1837 4331 1991 4386 utile.
2021 4331 2170 4401 Quo-

579 4427 742 4484 modo
788 4432 970 4480 autcm
1021 4420 1125 4477 hoc
1180 4419 1289 4484 ﬁat,
1334 4416 1465 4473 dicit
1507 4426 1562 4475 et
1603 4420 1901 4492 subiungit,
1945 4424 2168 4482 dicens;

578 4520 668 4576 15.
702 4516 765 4572 Et
798 4515 913 4569 ideo
936 4512 1021 4581 qui
1056 4509 1284 4580 loquitur
1308 4508 1526 4581 lingua,
1564 4518 1671 4563 oret
1709 4518 1766 4563 ut
1789 4505 2168 4581 interpretétur.

576 4611 669 4667 tl.
699 4606 847 4663 Nam
867 4606 911 4659 si
939 4619 1079 4658 orem
1114 4602 1311 4671 lingua,
1338 4601 1549 4672 spiritus
1572 4616 1713 4655 meus
1737 4609 1882 4670 orat,
1914 4618 2053 4657 mens
2072 4620 2171 4657 au-

579 4716 679 4759 tem
702 4717 816 4756 mea
842 4698 952 4754 sine
979 4699 1150 4769 fructu
1177 4702 1270 4748 est.
1299 4694 1389 4749 15.
1422 4693 1562 4761 Quid
1585 4710 1703 4766 ergo
1729 4696 1845 4751 est!
1872 4693 2043 4752 Orabo
2062 4697 2172 4767 φὶ-

577 4797 701 4861 ritu,
727 4793 885 4849 orabo
911 4798 961 4845 et
985 4795 1155 4842 mente
1172 4800 1191 4839 :
1206 4785 1427 4857 psallam
1454 4786 1657 4856 spiritu,
1680 4790 1898 4857 psallam
1918 4804 1968 4845 et
1988 4801 2171 4847 mente.

580 4886 681 4943 llic
717 4879 953 4938 ostendit
979 4878 1043 4933 in
1068 4892 1258 4933 eorum
1286 4890 1409 4931 esse
1433 4883 1700 4947 potestate
1725 4887 1784 4933 ut
1810 4878 2010 4935 donum
2033 4882 2176 4938 acci-

578 4980 769 5046 piant:
802 4972 926 5029 Oret
972 4970 1139 5035 enim,
1187 4969 1396 5040 inquit;
1437 4968 1541 5025 hoc
1586 4977 1692 5036 est,
1743 4985 1865 5039 quae
1906 4985 2001 5027 sua
2049 4983 2177 5032 sunt

579 5064 791 5123 aderat.
819 5065 954 5123 Nam
983 5062 1029 5119 si
1059 5060 1345 5132 diligenter
1380 5069 1440 5116 et
1476 5062 1675 5133 magno
1710 5061 1890 5118 studio
1919 5064 2169 5133 petieris,

580 5161 834 5233 accipies.
862 5156 994 5213 Pete
1022 5147 1239 5220 ergout
1262 5166 1369 5207 non
1400 5151 1575 5207 solum
1609 5153 1809 5208 habeas
1836 5152 2038 5210 donum
2065 5157 2171 5213 lin-

579 5271 719 5329 ειιας,
736 5251 831 5309 sed
848 5250 1021 5308 etiam
1037 5246 1497 5318 interpretationis
1522 5265 1537 5300 :
1560 5256 1619 5302 ut
1638 5248 1713 5302 sis
1733 5248 1985 5305 omnibus
2006 5252 2172 5323 utilis,

581 5360 683 5404 nec
708 5343 911 5399 donum
938 5340 992 5396 in
1027 5347 1079 5393 te
1106 5337 1282 5393 solum
1318 5336 1584 5393 includas.
1630 5335 1771 5391 Nam
1810 5340 1853 5393 si
1894 5356 2064 5408 orem,
2094 5344 2174 5399 in-

580 5441 714 5509 quit,
742 5437 939 5509 lingua,
979 5430 1188 5504 spiritus
1212 5447 1353 5485 meus
1376 5437 1511 5497 orat,
1546 5445 1689 5483 mens
1717 5441 1887 5486 autent
1922 5448 2033 5487 mea
2066 5437 2175 5493 sine

488 5516 519 5565 ⁸ο
576 5537 612 5603 ι’.
626 5540 751 5587 netu
765 5536 865 5585 est.

646 5623 855 5678 Donum
879 5624 1174 5691 linguarum
1202 5615 1467 5688 quodnam
1499 5625 1647 5670 esset.
1665 5646 1737 5656 —
1760 5614 2007 5673 Vidistin‘
2033 5635 2173 5690 quo-

576 5714 738 5771 modo
770 5712 1026 5785 paulatim
1070 5710 1344 5767 extollens
1383 5708 1707 5774 orationem,
1751 5709 2001 5766 ostendat
2046 5728 2171 5769 eum

581 5808 672 5877 qui
701 5814 790 5863 est
821 5801 1109 5874 ejusmodi,
1152 5815 1259 5858 non
1286 5798 1458 5857 solum
1488 5815 1608 5857 esse
1637 5800 1756 5854 aliis
1784 5799 2054 5861 inutilem.
2077 5805 2172 5861 scd

1326 397 1383 450 3.
1422 392 1701 453 .lOiK-Sls
1736 384 2219 450 επηγδοετωυ
2246 384 2557 445 ARClllEP.
2596 384 3134 450 CONSTANTINOP.

2274 482 2437 537 etiam
2465 482 2567 537 sibi
2600 483 2724 555 ipsi,
2756 484 3023 555 siquidem
3071 499 3224 543 meus
3252 486 3375 557 ejus
3401 495 3488 545 est
3512 488 3630 545 sine
3667 491 3867 547 fructu.

2269 574 2403 632 Nam
2443 577 2488 633 si
2528 577 2649 647 quis
2690 580 2939 649 loquatur
2980 578 3156 640 solum
3196 579 3482 638 Persarum
3528 584 3733 655 lingua,
3781 592 3874 642 aut

2269 671 2447 741 aliqua
2497 670 2603 727 alia
2649 672 2867 741 aliena,
2906 673 3113 729 neseiat
3162 685 3343 732 autem
3371 693 3492 749 quae
3521 679 3675 747 dicit,
3722 689 3874 739 certe

2271 763 2431 818 etiam
2455 762 2556 818 sibi
2599 764 2702 834 ipsi
2723 765 2834 834 jam
2860 765 2973 822 erit
3003 766 3287 833 barbarus,
3320 784 3427 823 non
3457 771 3545 824 alii
3573 773 3777 838 solum,
3805 790 3874 831 en

2271 852 2415 924 quod
2443 854 2649 909 nesciat
2680 855 2789 909 vim
2817 858 2985 912 vocis.
3022 857 3190 915 Erant
3215 859 3361 915 enim
3394 861 3689 932 antiquitus
3715 865 3875 921 multi

2271 946 2363 1016 qui
2394 947 2657 1003 orationis
2685 948 2887 1009 donum
2927 949 3201 1015 habebant
3246 967 3369 1008 eum
3412 953 3627 1026 lingua;
3657 968 3715 1013 et
3742 974 3873 1013 ora-

2270 1038 2403 1095 bant
2428 1038 2671 1111 quidem,
2699 1048 2754 1097 et
2778 1041 2959 1111 lingua
2986 1042 3327 1115 loquebatur,
3353 1054 3445 1102 aut
3465 1047 3752 1105 Persarum
3782 1059 3876 1106 aut

2270 1130 2637 1188 Romanorum
2664 1147 2797 1188 voce
2819 1148 3018 1202 orans;
3046 1150 3202 1193 mens
3223 1146 3405 1195 autem
3430 1140 3708 1197 nesciebat
3726 1144 3875 1213 quod

2268 1223 2570 1284 dicebatur.
2600 1225 2728 1283 Ideo
2752 1227 2987 1292 dicebat.
3016 1229 3080 1285 Si
3100 1246 3240 1285 orent
3266 1233 3465 1304 lingua,
3493 1236 3705 1305 spiritus
3732 1254 3877 1293 meus

2270 1322 2426 1380 orat;
2456 1315 2509 1371 id
2537 1326 2642 1383 est,
2670 1319 2938 1375 charisma
2963 1321 3108 1392 quod
3131 1322 3316 1379 datum
3344 1333 3429 1379 est
3449 1326 3581 1381 mihi
3608 1338 3663 1383 et
3691 1344 3877 1387 movet

2270 1407 2546 1479 linguam;
2578 1426 2721 1465 mens
2748 1421 2923 1468 autem
2950 1430 3064 1468 mea
3092 1414 3204 1469 sine
3233 1417 3401 1486 [ructu
3433 1426 3528 1471 est.
3561 1417 3701 1485 Quid
3742 1436 3879 1491 ergo

2270 1499 2533 1569 optimum
2561 1510 2617 1555 et
2645 1502 2779 1557 utile
2815 1503 2942 1558 est?
2976 1512 3027 1558 et
3070 1506 3341 1574 quomodo
3379 1505 3712 1577 faciendum,
3744 1513 3876 1579 quid

2270 1590 2563 1663 petendum
2589 1607 2620 1647 a
2649 1592 2760 1649 Deo
2780 1593 2904 1649 est?
2926 1592 2994 1649 Ut
3016 1604 3072 1650 et
3100 1588 3315 1666 spiritu,
3338 1597 3389 1652 id
3417 1606 3501 1653 est
3519 1598 3875 1668 charismate,

2270 1691 2327 1739 et
2372 1692 2553 1740 mente
2596 1694 2804 1740 oretur.
2846 1684 2918 1741 Et
2969 1684 3097 1761 ideo
3142 1686 3403 1745 dicebat:
3438 1688 3611 1745 Orabo
3658 1694 3875 1762 spiritu,

2270 1777 2430 1831 orabo
2468 1785 2519 1830 et
2558 1786 2761 1841 mente;
2799 1777 3022 1846 psallam
3064 1779 3273 1848 spiritu,
3320 1782 3544 1852 psallam
3586 1794 3637 1839 et
3683 1796 3877 1843 mente.

2274 1867 2417 1925 Idem
2446 1882 2634 1925 rursus
2671 1869 2757 1925 hic
2784 1883 2999 1939 quoque
3028 1868 3295 1941 signiﬁcat
3324 1887 3341 1925 :
3369 1871 3441 1929 Ut
3469 1882 3525 1929 et
3563 1874 3749 1946 lingua
3795 1878 3879 1931 lo-

2270 1969 2485 2030 quatur,
2517 1969 2572 2017 et
2608 1977 2763 2019 mens
2791 1977 2899 2017 non
2931 1961 3143 2032 ignoret
3181 1976 3246 2019 ea
3284 1977 3406 2035 qua:
3433 1964 3709 2021 dicuntur.
3738 1967 3876 2023 Nam

2271 2053 2373 2110 nisi
2402 2054 2505 2110 hoc
2528 2054 2621 2122 sit,
2658 2054 2763 2110 alia
2791 2070 3007 2126 quoque
3028 2055 3135 2112 erit
3168 2054 3438 2113 conlusio.
3469 2056 3556 2112 16.
3591 2056 3804 2113 Etenim
3833 2060 3881 2115 si

2271 2144 2611 2212 benedixeris,
2644 2145 2837 2216 inquit,
2876 2146 3087 2217 spiritu,
3123 2148 3212 2217 qui
3243 2148 3449 2220 supplet
3486 2149 3658 2204 locum
3698 2151 3882 2207 idiotte

2269 2234 2527 2304 quomodo
2560 2235 2727 2303 dicet,
2764 2236 2948 2304 Amen,
2986 2253 3143 2308 super
3182 2245 3325 2293 tuam
3369 2241 3662 2312 gratiarum
3707 2244 3879 2298 actio-

2271 2344 2387 2383 nem
2408 2329 2699 2400 ignauiam
2737 2330 2862 2400 quid
2901 2330 3046 2385 dicas
3072 2331 3252 2386 nescit.
3291 2333 3380 2387 17.
3410 2332 3551 2387 Nam
3579 2343 3633 2388 tu
3666 2337 3880 2405 quidem

2272 2418 2395 2474 bene
2420 2420 2616 2491 gratias
2640 2419 2774 2490 agis,
2805 2419 2896 2475 sed
2933 2419 3065 2474 alter
3097 2435 3201 2474 non
3226 2420 3536 2490 adiﬁcatur.
3568 2421 3707 2479 Vide
3735 2440 3878 2494 quo-

2271 2512 2435 2567 modo
2473 2511 2565 2567 hic
2591 2525 2782 2568 rursus
2810 2510 3045 2582 lapidem
3075 2510 3226 2568 ducit
3249 2511 3319 2569 ad
3355 2515 3635 2582 amussim,
3671 2516 3877 2589 ubique

2271 2617 2521 2673 quaerens
2561 2602 2823 2659 Ecclesia:
2850 2603 3285 2661 aediﬁcationem.
3319 2603 3545 2663 ldiotam
3572 2615 3759 2664 autem
3790 2610 3877 2665 di-

2271 2694 2344 2749 cit
2374 2694 2590 2760 laicum,
2620 2703 2675 2750 et
2700 2693 2937 2751 ostendit
2964 2710 3088 2751 eum
3117 2710 3225 2752 non
3250 2710 3475 2769 parvum
3497 2696 3755 2756 damnum
3781 2716 3877 2758 ac-

2270 2783 2476 2854 cipere,
2503 2784 2721 2855 quando
2751 2800 2860 2840 non
2890 2794 3066 2855 potest
3090 2785 3296 2855 dicere,
3321 2786 3515 2843 Amen.
3544 2788 3658 2845 Hoc
3689 2802 3875 2849 autem

2272 2875 2386 2930 vult
2414 2874 2757 2945 signiﬁcare:
2786 2874 2842 2931 Si
2877 2875 3230 2933 barbarorum
3266 2891 3403 2933 voce
3445 2877 3737 2935 benedicas
3780 2898 3876 2939 ne-

2273 2966 2450 3021 sciens
2466 2964 2608 3045 'quid
2634 2964 2807 3034 dicas,
2829 2981 3008 3038 neque
3032 2966 3223 3024 valens
3246 2966 3611 3041 interpretari,
3644 2983 3756 3027 non
3780 2987 3877 3042 po-

2276 3065 2382 3113 test
2427 3058 2596 3112 laicus
2636 3058 2991 3129 respondere,
3036 3061 3209 3116 Amen
3243 3075 3259 3113 :
3290 3074 3398 3116 non
3448 3059 3674 3118 audiens
3728 3065 3875 3119 enim

2276 3147 2425 3213 illud,
2459 3147 2513 3202 In
2536 3148 2733 3204 smeula
2757 3149 3104 3213 seculorum,
3127 3149 3271 3221 quod
3301 3159 3387 3207 est
3412 3150 3555 3219 ﬁnis,
3586 3166 3693 3208 non
3722 3154 3877 3223 dicit,

2275 3239 2471 3294 Amen.
2516 3238 2721 3295 Deinde
2763 3255 2951 3295 rursus
2990 3255 3113 3296 eum
3159 3240 3472 3309 consolans,
3522 3256 3592 3298 ne
3629 3243 3880 3301 videatur

2275 3328 2479 3384 donum
2499 3328 2655 3385 valde
2672 3329 3003 3400 vilipendere
3025 3348 3041 3384 :
3064 3332 3209 3402 quod
3228 3332 3478 3403 superius
3496 3332 3733 3398 dicebat,
3752 3351 3881 3391 eum

2276 3418 2422 3489 loqui
2467 3419 2746 3490 mysteria,
2790 3430 2845 3475 et
2875 3420 2987 3477 Deo
3014 3421 3182 3492 loqui,
3214 3433 3272 3479 et
3308 3423 3547 3493 seipsum
3578 3425 3877 3494 aediﬁcare,

2275 3520 2332 3567 et
2356 3526 2513 3567 orare
2551 3512 2780 3582 spiritu;
2812 3528 2880 3568 ex
2908 3510 2993 3569 his
3017 3529 3125 3569 non
3154 3529 3372 3583 parvam
3399 3515 3715 3588 excogitans
3742 3533 3881 3575 con-

2275 3602 2616 3667 solationem,
2663 3602 2768 3659 hoc
2810 3602 2900 3661 hic
2932 3618 3147 3674 quoque
3188 3602 3337 3670 facit,
3385 3605 3573 3662 dicens
3606 3624 3621 3661 :
3652 3606 3793 3663 Nam
3826 3618 3883 3667 tu

2276 3693 2495 3766 quidem
2520 3693 2660 3751 bene
2679 3695 2879 3765 gratias
2906 3694 3055 3765 agis;
3084 3695 3288 3766 Spiritu
3315 3698 3458 3753 enim
3486 3707 3664 3755 motus
3686 3701 3882 3771 loque-

2278 3785 2388 3853 ris;
2410 3784 2617 3842 scdille
2638 3785 2773 3840 nihil
2796 3784 3041 3852 audiens,
3065 3801 3241 3858 neque
3260 3788 3438 3844 sciens
3455 3803 3576 3860 qua:
3595 3790 3884 3861 dicuntur,

2277 3884 2404 3941 stat,
2428 3891 2534 3931 non
2565 3891 2814 3947 magnam
2841 3876 3122 3947 excipiens
3150 3879 3455 3937 utilitatem.

2348 3968 2407 4023 b.
2439 3968 2640 4024 Deinde
2668 3969 2924 4038 quoniam
2959 3982 3054 4025 eos
3080 3978 3164 4024 est
3191 3968 3485 4025 insectatus
3514 3972 3605 4040 qui
3636 3971 3745 4029 hoc
3778 3972 3881 4029 ha-

2278 4055 2409 4113 bent
2431 4058 2657 4125 donum,
2687 4067 2960 4128 tamquam
2987 4060 3077 4127 qui
3116 4059 3253 4114 nihil
3285 4074 3535 4130 magnum
3574 4061 3881 4134 haberent;

2279 4162 2351 4205 ne
2378 4148 2626 4203 videatur
2653 4146 2823 4202 veluti
2843 4161 2910 4202 eo
2937 4148 3198 4219 privatus,
3230 4162 3326 4205 eos
3352 4150 3710 4221 vilipendere,
3754 4156 3881 4212 vide

2278 4240 2407 4314 quid
2434 4239 2578 4297 dicat
2609 4258 2623 4295 :
2647 4239 2740 4297 18.
2764 4238 2970 4295 Gratias
2993 4257 3094 4313 ago
3113 4239 3245 4311 Deo,
3270 4242 3409 4313 quod
3426 4244 3594 4317 magis
3612 4264 3768 4318 quam
3792 4264 3882 4303 eos

2280 4349 2455 4389 omnes
2497 4332 2688 4404 linguis
2730 4332 2932 4403 loquar.
2984 4332 3098 4390 Hoc
3126 4343 3307 4391 autem
3351 4334 3479 4391 facit
3513 4337 3677 4392 etiam
3723 4338 3878 4395 alibi.

2279 4425 2644 4497 Depressurus
2664 4426 2807 4481 enim
2835 4440 2899 4479 ea
2917 4425 3113 4495 quibus
3157 4428 3517 4498 exsuperabat
3541 4427 3876 4495 Judaismus,

2280 4526 2338 4573 et
2350 4527 2669 4573 ostensurus
2686 4530 2747 4571 ea
2763 4512 2897 4569 nihil
2916 4528 3057 4580 esse,
3082 4514 3232 4584 prius
3252 4516 3488 4571 ostendit
3502 4532 3563 4573 se
3578 4518 3874 4585 eahabere,

2281 4615 2336 4661 et
2373 4606 2531 4675 longe
2559 4603 2826 4673 amplius,
2860 4612 2987 4658 tunc
3013 4618 3230 4674 quoque
3255 4618 3319 4659 ea
3346 4603 3601 4660 damnum
3639 4608 3881 4677 appellat

2282 4697 2469 4752 dicens
2500 4713 2513 4751 :
2545 4695 2608 4751 Si
2631 4695 2744 4765 quis
2768 4696 2967 4750 videtur
3001 4695 3188 4751 habere
3215 4695 3461 4764 ﬁduciam
3488 4695 3541 4749 in
3578 4712 3756 4766 carne,
3785 4715 3881 4771 ego

2281 4790 2464 4861 magis,
2497 4789 2821 4844 circumcisus
2850 4798 3025 4844 octauo
3065 4789 3169 4855 die,
3212 4804 3275 4844 ea:
3302 4804 3487 4859 genere
3514 4786 3701 4858 Israel,
3742 4793 3880 4847 tribu

2281 4880 2576 4949 Benjamin,
2598 4879 2647 4934 11
2654 4880 2846 4936 ebrteus
2870 4897 2934 4935 ea:
2962 4879 3211 4945 Hebrwis,
3238 4880 3518 4936 secundum
3548 4886 3710 4955 legem
3737 4882 3879 4938 Plia-

2282 4974 2480 5039 risteus,
2513 4973 2788 5026 sesttndum
2816 4972 2982 5027 selum
3022 4987 3325 5042 persequens
3357 4971 3659 5040 Ecclesium,
3687 4992 3874 5031 accurr-

2282 5066 2405 5120 dam
2434 5065 2689 5136 justitiam
2716 5081 2833 5136 qua
2856 5074 2928 5119 est
2957 5081 3024 5119 es
3048 5064 3179 5135 lege,
3212 5069 3380 5137 factus
3420 5068 3881 5138 irrepreltensibilis

2284 5159 2543 5231 (Philipp.
2575 5160 2629 5215 ‘5.
2658 5159 2831 5230 4.4)).
2876 5156 2945 5212 Et
2999 5165 3125 5211 tunc
3175 5168 3458 5229 postquam
3504 5160 3775 5229 ostendit,
3816 5177 3879 5217 se

2282 5252 2335 5308 in
2363 5252 2445 5307 his
2466 5252 2718 5308 omnibus
2745 5248 3043 5314 abundare,
3078 5249 3246 5308 dicit:
3284 5252 3394 5307 Sed
3418 5265 3536 5320 qua
3574 5252 3699 5307 mihi
3727 5260 3881 5309 erant

2280 5344 2453 5410 lucra,
2476 5360 2536 5398 ea
2574 5344 2821 5398 damnum
2860 5340 3146 5395 existimavi
3176 5351 3386 5413 propter
3418 5341 3679 5398 Christum
3709 5342 3873 5410 (Ibid.

2279 5452 2327 5490 υ.
2353 5438 2429 5507 7).
2472 5436 2549 5490 lta
2593 5434 2679 5490 hic
2704 5447 2918 5505 qumque
2942 5432 3090 5499 facit,
3131 5433 3317 5490 dicens
3349 5446 3369 5486 τ
3397 5430 3568 5506 Magis
3591 5450 3745 5506 φαιηι
3786 5448 3875 5488 uos

2278 5545 2453 5584 omnes
2496 5528 2685 5599 linguis
2732 5526 2936 5594 loquor.
2962 5526 3040 5584 Ne
3068 5540 3204 5596 ergo
3240 5523 3573 5593 etleramini,
3626 5535 3681 5581 et
3718 5524 3875 5579 vobis

2281 5620 2538 5688 placeatis
2577 5629 2847 5688 tamquam
2892 5616 2993 5672 soli
3030 5617 3239 5672 donum
3273 5613 3568 5684 habentes;
3608 5631 3735 5671 nam
3774 5632 3875 5687 ego

2282 5725 2496 5783 quoque
2526 5709 2579 5764 id
2607 5706 2879 5780 possideo,
2908 5716 2964 5764 et
2992 5710 3161 5779 magis
3190 5722 3350 5778 quam
3382 5724 3499 5765 vos.
3543 5706 3634 5763 19.
3678 5706 3791 5762 Sed
3821 5725 3872 5761 sn

2285 5803 2521 5861 Ecclesia
2541 5799 2660 5859 volo
2678 5800 2899 5872 quinque
2923 5802 3071 5858 verba
3086 5817 3238 5857 sensu
3264 5819 3373 5859 meo
3399 5803 3556 5875 loqui,
3586 5810 3643 5855 ut
3667 5809 3717 5856 et
3739 5800 3867 5856 alios
