4066 6348
225 389 325 452 SOI

219 508 512 567 instituam.
535 503 676 575 Quid
706 512 810 571 est,
849 501 1015 560 Sensit
1045 516 1154 555 meo
1194 500 1352 570 loqui,
1394 508 1449 552 ut
1475 506 1521 553 et
1564 497 1693 553 alios
1735 497 1816 550 in-

222 600 477 658 stituant!
510 597 822 669 intelligens
848 610 969 666 qute
1012 592 1157 662 dico,
1193 600 1250 648 et
1288 607 1409 662 quae
1438 606 1658 662 possum
1700 589 1820 645 aliis

226 708 444 764 quoque
476 692 842 761 interpretari,
880 696 935 745 et
975 702 1099 743 cum
1122 685 1479 757 intelligentia
1519 684 1719 748 dicere,
1767 693 1821 737 et

228 783 430 841 docere
458 797 553 839 eos
576 780 665 853 qui
692 780 938 835 audiunt.
968 779 1134 847 Quam
1154 779 1327 833 decem
1364 776 1526 831 millia
1555 776 1820 830 uerborum

226 876 288 929 its
330 874 527 946 lingua.
559 872 775 942 Quare?
817 870 886 927 Ut
928 869 1082 937 alios,
1129 869 1317 939 inquit,
1361 867 1645 923 instituam.
1684 866 1817 922 Nam

226 965 364 1023 illud
393 965 612 1031 quidem
639 960 802 1019 habet
841 961 1256 1019 ostentationem
1298 969 1531 1026 tantum,
1578 959 1682 1014 hoc
1719 975 1816 1013 an-

228 1069 340 1116 tem
366 1058 587 1113 multam
630 1055 934 1112 utilitatem.
967 1052 1081 1110 Hoc
1106 1051 1249 1108 enim
1296 1059 1400 1117 est,
1437 1050 1580 1123 quod
1622 1049 1818 1119 ubique

224 1154 455 1225 quaerit,
484 1150 626 1222 quod
652 1152 707 1207 in
736 1148 1007 1206 communi
1027 1148 1098 1203 sit
1124 1146 1275 1203 utile.
1305 1144 1467 1216 Atqui
1489 1144 1688 1199 donum
1714 1144 1820 1197 lin-

224 1259 454 1316 guarum
490 1254 611 1301 erat
652 1257 851 1299 novum
894 1248 952 1296 et
993 1238 1251 1301 alienum,
1297 1234 1595 1307 prophetia:
1638 1241 1818 1288 autem

223 1335 430 1393 donum
458 1345 773 1391 consuetum
801 1341 856 1388 et
881 1331 1158 1401 antiquum
1186 1339 1239 1385 et
1269 1328 1449 1384 multis
1474 1326 1584 1397 jam
1610 1324 1812 1393 datum,

223 1428 334 1484 hoc
359 1438 537 1483 autem
565 1437 679 1483 tum
707 1425 935 1495 primum
964 1438 979 1487 ;
1022 1418 1117 1477 sed
1150 1429 1330 1475 tamen
1361 1418 1413 1472 in
1441 1416 1492 1472 id
1529 1431 1636 1470 non
1677 1412 1818 1469 ιιιυὶ-

225 1529 341 1576 tum
373 1518 602 1590 ponebat
626 1514 809 1571 studii.
837 1511 1198 1581 Quamobrem
1222 1525 1322 1565 nec
1346 1524 1413 1564 co
1436 1523 1563 1562 usus
1582 1516 1686 1572 est,
1710 1520 1817 1560 non

221 1608 370 1681 quod
400 1623 507 1663 non
538 1606 781 1670 haberet,
823 1601 918 1659 sed
949 1601 1093 1672 quod
1120 1606 1393 1671 quareret
1419 1612 1540 1667 qua:
1565 1606 1690 1652 sunt
1716 1595 1821 1649 uti-

224 1703 363 1756 liora
396 1718 411 1755 :
441 1707 558 1754 erat
583 1698 727 1754 enim
754 1696 893 1751 liber
921 1695 990 1748 ab
1016 1692 1160 1749 omni
1194 1692 1337 1746 inani
1362 1690 1554 1761 gloria,
1578 1698 1633 1743 et
1654 1701 1817 1741 unum

222 1790 520 1864 spectabat,
552 1798 611 1843 ut
640 1788 890 1843 meliores
914 1783 1168 1839 redderet
1198 1782 1491 1836 auditores.
1533 1779 1828 1847 Propterea

220 1883 389 1940 etiam
432 1888 644 1951 poterat
671 1878 853 1934 videre
880 1874 1024 1947 quod
1051 1873 1150 1929 sibi
1182 1883 1236 1927 et
1264 1872 1385 1926 aliis
1414 1879 1531 1923 erat
1571 1869 1723 1931 utile,
1752 1882 1820 1921 eo

219 1974 365 2047 quod
394 1980 539 2030 esset
566 1970 704 2026 liber
734 1970 803 2024 ab
830 1968 974 2023 inani
1001 1966 1191 2036 gloria.
1214 1962 1346 2018 Nam
1388 1962 1476 2032 qui
1503 1971 1586 2018 est
1621 1960 1672 2014 in
1702 1960 1821 2028 ejus

220 2066 540 2123 servitutem
567 2063 839 2124 redactus,
890 2075 997 2114 non
1043 2058 1241 2130 poterit
1270 2056 1475 2121 videre,
1507 2070 1613 2109 non
1643 2053 1817 2107 solum

220 2158 369 2230 quod
395 2158 537 2223 aliis,
555 2155 653 2212 sed
678 2155 838 2209 etiam
865 2150 1009 2221 quod
1034 2150 1134 2204 sibi
1160 2156 1243 2204 est
1265 2148 1418 2203 utile.
1446 2146 1588 2200 Talis
1607 2143 1820 2199 eratSi-

221 2266 377 2314 mon,
406 2248 496 2319 qui
513 2246 766 2317 quoniam
785 2243 851 2298 ad
872 2244 1087 2297 inanem
1108 2239 1315 2310 aspexit
1330 2239 1577 2308 gloriam,
1603 2251 1669 2290 ne
1689 2235 1816 2288 vidit

218 2340 442 2412 quidem
462 2338 605 2410 quod
623 2337 726 2393 sibi
751 2344 867 2391 erat
886 2331 1224 2390 conducibile
1245 2349 1259 2387 :
1286 2331 1421 2385 tales
1447 2337 1603 2383 erant
1624 2326 1816 2388 Judaei,

219 2431 319 2503 qui
362 2439 585 2500 propter
609 2442 729 2483 eam
760 2425 976 2480 diabolo
1002 2438 1152 2480 suam
1193 2420 1547 2492 prepinarunt
1567 2418 1815 2471 salutem.

292 2522 479 2579 Inanis
523 2522 701 2594 gloria:
729 2520 823 2574 vis.
866 2515 1170 2586 PhilosOphi
1219 2511 1388 2569 erci
1431 2519 1821 2581 carpuntur.—

219 2618 361 2674 Hinc
389 2616 554 2672 etiam
584 2624 701 2669 orta
732 2620 859 2665 sunt
894 2609 1060 2674 idola,
1093 2616 1148 2664 et
1174 2606 1385 2662 externi
1418 2602 1724 2675 philosOphi
1754 2619 1817 2658 ex

219 2711 327 2766 hoc
355 2708 537 2763 furore
563 2706 766 2761 incitati
796 2703 933 2772 lapsi
965 2708 1091 2755 sunt
1116 2698 1181 2754 ad
1218 2697 1357 2753 mala
1386 2696 1657 2766 dogmata.
1687 2693 1821 2749 Vide

217 2811 405 2858 autem
434 2799 594 2869 hujus
635 2797 747 2853 vitii
777 2795 1206 2867 perversitatem.
1236 2791 1341 2847 Per
1368 2791 1471 2845 hoc
1494 2804 1557 2845 ex
1588 2789 1653 2843 iis
1681 2803 1819 2842 non-

218 2893 357 2949 nulli
385 2890 563 2947 ell'ecti
590 2899 717 2945 sunt
746 2900 1027 2960 pauperes,
1058 2894 1113 2940 et
1145 2884 1232 2937 alii
1262 2881 1499 2938 studium
1521 2888 1823 2952 posuerunt

216 2985 278 3041 in
314 2982 540 3039 divitiis.
589 2979 761 3036 Tanta
810 2987 895 3033 est
932 2977 1052 3047 ejus
1098 2973 1363 3047 tyrannis,
1410 2982 1469 3027 ut
1514 2972 1823 3026 dominetur

218 3076 388 3133 etiam
433 3074 485 3128 in
526 3070 834 3128 contrariis.
866 3068 999 3124 Nam
1042 3076 1097 3123 et
1136 3082 1199 3122 ex
1247 3062 1600 3134 temperantia
1629 3062 1821 3132 aliquis

218 3167 369 3225 inani
402 3165 570 3236 gloria
601 3163 855 3227 afﬁcitur,
879 3172 933 3217 et
959 3174 1147 3215 rursus
1178 3158 1316 3213 alius
1343 3172 1412 3212 ex
1433 3156 1696 3211 adulterio
1726 3173 1739 3209 :
1767 3163 1824 3211 et

219 3261 313 3317 hic
336 3258 555 3330 quidem
584 3271 651 3311 ex
675 3254 903 3325 justitia,
931 3253 1069 3307 alius
1108 3265 1175 3305 ex
1210 3248 1488 3318 injustitia,
1518 3261 1584 3302 ex
1616 3247 1822 3301 deliciis

218 3362 281 3408 et
308 3365 378 3407 ex
406 3350 639 3420 jejunio,
670 3363 739 3403 cx
781 3347 1007 3402 lenitate
1031 3349 1090 3400 et
1129 3357 1199 3396 ex
1240 3340 1486 3406 audacia,
1530 3354 1594 3393 ex
1621 3340 1822 3394 divitiis

220 3453 278 3500 et
305 3459 375 3499 ex
405 3450 736 3513 paupertate.
768 3436 1015 3492 Nonnulli
1056 3434 1198 3490 enim
1226 3432 1453 3497 externi,
1489 3446 1608 3487 cum
1636 3432 1823 3486 liceret

219 3536 366 3590 dona
409 3534 697 3602 accipere;
737 3538 796 3584 ut
842 3529 895 3582 in
943 3524 1296 3582 admiratione
1324 3522 1670 3586 haberentur,
1716 3538 1820 3576 non

220 3626 577 3696 accipiebant.
626 3622 733 3679 Sed
785 3636 890 3675 non
933 3620 1013 3675 sic
1058 3617 1329 3688 apostoli:
1362 3631 1482 3669 nam
1526 3615 1668 3684 quod
1706 3616 1821 3683 puri

219 3726 405 3775 essent
427 3732 459 3773 a
480 3729 613 3769 vana
636 3712 827 3783 gloria,
846 3708 1193 3765 ostenderunt
1212 3723 1304 3776 per
1326 3721 1387 3761 ea
1407 3721 1525 3776 qua:
1561 3705 1819 3759 fecerunt.

221 3807 439 3865 Etenim
482 3804 697 3875 quando
746 3802 868 3858 illos
902 3800 1033 3856 deos
1057 3799 1343 3861 vocabant.
1372 3808 1426 3853 et
1466 3797 1632 3867 parati
1670 3806 1825 3851 erant

218 3901 288 3955 ad
326 3896 735 3954 sacriﬁcandum
768 3893 897 3963 ipsis
929 3901 1112 3947 tauros
1155 3898 1463 3953 coronatos,
1503 3903 1606 3945 non
1648 3887 1821 3942 solum

222 3990 633 4060 prohibuerunt,
673 3986 767 4043 sed
797 3987 958 4042 etiam
999 3999 1094 4039 sua
1137 3984 1457 4038 vestimenta
1503 3981 1821 4035 sciderunt:

220 4093 277 4138 et
304 4080 521 4153 quando
554 4077 805 4135 claudum
842 4081 1205 4137 curaverunt,
1246 4074 1494 4127 omnibus
1532 4086 1627 4125 eos
1657 4070 1823 4124 hianti

219 4188 320 4230 ore
362 4169 702 4241 stupentibus
746 4167 1048 4221 dixerunt:
1085 4165 1221 4232 Quid
1260 4180 1352 4217 nos
1392 4162 1638 4231 aspicitis,
1688 4170 1823 4215 tam-

220 4281 379 4334 qstam
406 4262 617 4333 propria
646 4261 826 4315 virtute
855 4258 1123 4330 fecerimus
1148 4260 1279 4309 hunc
1313 4254 1575 4309 ambulare
1600 4253 1736 4325 (Act.
1765 4255 1822 4308 5.

222 4356 361 4427 ην
389 4355 454 4410 Et
485 4354 558 4408 illi
590 4351 805 4423 quidem
835 4350 975 4404 inter
999 4347 1142 4402 viros
1162 4355 1525 4417 paupertatem
1556 4344 1824 4399 admiran-

222 4458 327 4515 tes,
360 4455 730 4518 paupertatem
778 4442 1079 4513 eligebant;
1130 4439 1182 4493 hi
1228 4455 1357 4494 vero
1406 4438 1576 4508 ipsam
1622 4437 1824 4506 eligunt

220 4538 367 4611 apud
405 4537 649 4593 homines
690 4536 780 4607 qui
821 4542 1191 4605 paupertatem
1222 4540 1486 4601 spernunt
1519 4538 1573 4585 et
1610 4529 1823 4584 divitias

220 4632 465 4691 laudant.
501 4630 567 4685 Et
598 4628 649 4683 hi
700 4627 940 4698 quidem,
991 4627 1035 4681 si
1077 4625 1203 4694 quid
1252 4630 1591 4694 acceperant,
1638 4622 1822 4692 egenis

220 4737 384 4793 opem
412 4719 695 4783 ferebant;
725 4719 797 4773 ita
825 4733 931 4774 non
958 4726 1180 4788 prapler
1209 4716 1424 4769 inanem
1448 4714 1692 4783 gloriam,
1723 4713 1815 4769 sed

222 4824 446 4887 propter
497 4813 878 4883 benignitatem
926 4809 1106 4864 omnia
1156 4807 1474 4863 faciebant:
1523 4807 1599 4860 illi
1642 4816 1818 4860 autem

221 4908 381 4977 plane
408 4904 759 4967 contrarium,
791 4910 1065 4971 tamquam
1090 4900 1180 4970 qui
1207 4908 1389 4954 essent
1414 4898 1616 4952 inimici
1646 4906 1699 4951 et
1732 4912 1811 4965 pe-

218 5010 334 5056 stes
373 4996 675 5055 communis
724 5007 951 5059 naturze,
1004 4997 1120 5049 haec
1167 4993 1243 5048 sic
1277 5008 1489 5063 quoque
1531 4991 1815 5046 faciebant.

220 5092 355 5146 Nam
380 5090 518 5143 alius
543 5087 760 5159 quidem
801 5086 998 5140 frustra
1029 5094 1083 5140 et
1128 5094 1329 5138 temere
1358 5097 1547 5137 omnes
1580 5096 1705 5136 suas
1744 5081 1821 5136 fa-

220 5183 454 5239 cultates
497 5182 552 5234 in
598 5194 746 5235 mare
787 5178 1156 5247 demergebat,
1186 5175 1358 5230 fatuos
1402 5175 1616 5229 imitans
1645 5181 1698 5227 et
1726 5187 1819 5226 eos

220 5274 315 5345 qui
341 5281 465 5326 sunt
495 5272 699 5325 insanae
727 5271 920 5325 mentis
954 5287 965 5323 :
999 5270 1135 5323 alius
1177 5278 1355 5321 autem
1393 5266 1606 5321 sinebat
1632 5280 1817 5319 omnes

220 5378 350 5421 suos
377 5375 536 5432 agros
565 5360 781 5428 depasci
808 5362 876 5416 ab
903 5360 1115 5414 ovibus.
1162 5358 1252 5413 Sic
1290 5359 1468 5411 omnia
1512 5356 1652 5425 apud
1701 5356 1819 5409 illos

218 5455 289 5511 ad
317 5468 509 5508 vanam
544 5450 770 5522 gloriam
800 5451 1135 5519 spectabant.
1169 5447 1274 5503 Sed
1312 5462 1417 5501 non
1452 5446 1527 5511 hi,
1554 5447 1662 5500 imo
1690 5461 1817 5498 vero

218 5561 341 5617 qua:
367 5544 635 5599 dabantur
658 5540 1014 5608 accipiebant,
1046 5549 1101 5595 et
1119 5538 1508 5594 distribuebant
1534 5536 1815 5607 egentibus

218 5655 345 5697 cum
377 5646 526 5696 tanta
549 5633 889 5697 liberalitate,
916 5639 975 5687 ut
1001 5633 1161 5688 etiam
1188 5633 1243 5688 in
1266 5634 1405 5687 fame
1435 5636 1694 5702 perpetua
1716 5627 1813 5682 de-

218 5739 432 5803 gerent.
459 5730 518 5786 Si
552 5736 731 5783 autem
765 5723 990 5795 gloriam
1020 5732 1313 5788 amassent,
1360 5739 1465 5779 non
1509 5722 1609 5777 hoc
1658 5721 1811 5777 fecis-

218 5832 358 5893 sent,
389 5836 586 5892 nempe
615 5829 672 5876 ut
699 5818 1003 5891 acciperent
1042 5824 1095 5872 et
1124 5814 1526 5885 distribuerunt,
1558 5816 1810 5872 timentes

1206 356 1209 357 ί
1252 377 1318 438 tu
1356 382 1572 440 EPIST.
1614 381 1633 439 l
1689 381 1781 438 AD
1818 381 1975 439 con
2006 380 2243 441 uouit.
2274 382 2491 442 xxxv.

3412 390 3518 451 ΞΜ

1927 510 1996 551 ne
2019 505 2209 552 contra
2252 498 2399 568 ipsos
2442 499 2619 570 aliqua
2661 497 2804 557 foret
2831 500 3085 573 suspicio.
3118 501 3251 560 Nam
3292 505 3384 576 qui
3421 520 3517 561 sua

1922 584 2108 655 abjicit
2145 598 2366 659 propter
2393 590 2639 661 gloriam,
2671 592 2839 647 multo
2865 593 3035 664 magis
3060 609 3167 651 non
3196 596 3426 667 accipiet
3450 615 3514 654 ea

1922 691 2043 747 quae
2069 688 2195 734 sunt
2222 680 2470 748 aliorum,
2502 697 2571 738 ne
2597 683 2842 739 videatur
2861 698 3021 755 egere
3046 685 3189 753 aliis,
3215 703 3392 757 neque
3414 704 3512 745 ve-

1924 770 2031 824 niat
2058 770 2111 825 in
2137 772 2521 842 suspicionem.
2551 775 2659 831 llos
2684 786 2864 832 autem
2885 777 3037 833 vides
3061 787 3118 833 et
3144 778 3510 838 ministrantes

1922 871 1977 916 et
1992 862 2397 921 emendicantes
2423 880 2522 936 pro
2541 867 2823 938 egentibus
2854 888 2868 923 :
2894 868 3031 925 adeo
3054 878 3210 926 erant
3229 872 3389 927 etiam
3414 888 3513 943 pa-

1924 952 2095 1008 tribus
2145 954 2473 1024 quibuslibet
2524 959 2871 1015 amantiores.
2923 960 3059 1017 Vide
3104 970 3283 1017 autem
3324 980 3511 1020 eorum

1922 1060 2135 1116 quoque
2162 1047 2309 1118 leges
2338 1049 2666 1116 moderatas,
2709 1060 2765 1105 et
2791 1052 2860 1106 ab
2903 1051 3047 1107 inani
3091 1053 3262 1123 gloria
3292 1055 3511 1112 liberas.

1925 1133 2182 1193 Habentes
2202 1139 2366 1203 enim,
2390 1139 2581 1208 inquit,
2614 1140 2905 1197 vestimenta
2930 1151 2979 1195 et
3003 1143 3269 1209 alimenta,
3293 1143 3371 1199 his
3395 1162 3514 1199 con-

1924 1228 2049 1281 tenti
2076 1228 2265 1283 erimus
2292 1230 2369 1302 (1.
2401 1228 2538 1284 Tim.
2570 1231 2624 1286 6.
2651 1230 2710 1300 8)
2741 1248 2755 1284 :
2786 1247 2892 1287 non
2930 1231 3071 1288 sicut
3107 1234 3198 1289 ille
3225 1234 3514 1308 Sinopeus,

1923 1319 2012 1389 qui
2060 1322 2251 1390 pannis
2298 1322 2504 1379 obsitus
2548 1332 2600 1378 et
2640 1324 2843 1379 dolium
2887 1326 3173 1393 habitans,
3214 1343 3337 1383 cum
3382 1329 3515 1384 nihil

1929 1422 2070 1467 esset
2106 1428 2264 1484 Opus,
2315 1417 2513 1477 multos
2558 1418 2773 1487 quidem
2822 1420 3124 1490 stupefecit,
3176 1422 3305 1477 nulli
3334 1432 3513 1477 autem

1923 1503 2141 1573 profuit.
2178 1506 2372 1563 Paulus
2409 1518 2590 1564 autem
2641 1510 2773 1565 nihil
2805 1510 2998 1566 horum
3041 1511 3310 1567 faciebat:
3344 1528 3517 1584 neque

1924 1596 2067 1650 enim
2096 1598 2373 1667 spectabat
2405 1601 2756 1656 ambitionem
2794 1610 2852 1658 et
2898 1604 3118 1659 honoris
3166 1603 3512 1667 desidenum.

1925 1686 2019 1741 sed
2045 1696 2099 1742 et
2127 1688 2324 1744 decore
2365 1690 2688 1746 induebatur
2719 1694 2980 1761 vestibus,
3018 1704 3072 1750 et
3115 1695 3259 1751 domi
3304 1698 3518 1753 assidue

1925 1776 2218 1844 habitabat,
2251 1796 2414 1851 seque
2456 1782 2614 1851 plane
2646 1784 2944 1852 perlectum
2980 1786 3297 1842 ostendebat
3324 1788 3376 1842 in
3416 1788 3516 1843 alia

1925 1870 2071 1926 omni
2117 1871 2315 1926 virtute
2350 1872 2534 1943 :quod
2576 1872 2909 1943 despiciebat
2950 1874 3205 1945 Cynicus,
3257 1877 3521 1948 intempe-

1927 1968 2107 2015 ranter
2132 1961 2317 2017 vivens
2360 1971 2413 2017 et
2453 1962 2628 2031 palam
2658 1962 2913 2018 indecore
2958 1979 3016 2019 se
3062 1980 3258 2035 gerens
3302 1966 3403 2039 (a),
3449 1970 3519 2020 ab

1927 2050 2069 2105 inani
2092 2051 2258 2121 gloria
2291 2052 2567 2122 abreptus.
2602 2053 2659 2109 Si
2685 2054 2805 2124 quis
2834 2054 2976 2110 enim
3002 2065 3151 2125 roget
3173 2071 3271 2112 cur
3296 2058 3348 2111 in
3372 2057 3521 2113 dolio

1928 2144 2267 2210 habitaverit,
2298 2146 2504 2202 nullam
2532 2147 2690 2201 aliam
2719 2161 2935 2203 causam
2968 2149 3198 2206 inveniet
3227 2165 3387 2221 quam
3429 2166 3520 2205 va-

1926 2253 2048 2292 nam
2075 2238 2320 2308 gloriam.

1996 2328 2049 2381 5.
2102 2326 2246 2381 Vana
2274 2328 2440 2397 gloria
2467 2346 2602 2383 ma
2626 2330 2815 2385 bellua.
2833 2361 2905 2371 —
2929 2331 3125 2387 Paulus
3150 2342 3329 2388 autem
3357 2334 3519 2389 etiam

1924 2418 2163 2483 domum,
2193 2432 2351 2489 quam
2392 2421 2577 2475 Roma:
2614 2422 2903 2491 incolebat,
2953 2425 3205 2481 mercede
3241 2426 3519 2483 conduxit.

1926 2508 2256 2579 Quamquam
2297 2510 2387 2580 qui
2425 2510 2582 2578 longe
2633 2511 2853 2566 fortiora
2884 2522 3114 2580 poterat,
3152 2516 3322 2569 multo
3350 2517 3521 2587 magis

1928 2603 2030 2657 hoc
2056 2602 2337 2671 patuisset.
2363 2602 2468 2656 Sed
2498 2618 2605 2657 non
2630 2602 2923 2671 aspiciebat
2948 2603 3017 2658 ad
3044 2605 3293 2674 gloriam,
3322 2621 3519 2660 saevam

1926 2696 2181 2761 belluatn,
2209 2694 2537 2750 horrendum
2564 2695 2889 2761 dznmonem,
2914 2704 3119 2765 pestem
3159 2697 3307 2751 orbis
3339 2707 3516 2764 terna,

1928 2796 2248 2842 venenatam
2276 2789 2535 2855 viperam.
2568 2787 2720 2844 Sicut
2762 2789 2906 2842 enim
2945 2787 3031 2843 illa
3065 2788 3233 2844 bestia
3270 2790 3522 2846 dentibus

1926 2888 2136 2935 uterum
2159 2880 2346 2933 matris
2374 2880 2649 2950 discerpit,
2683 2882 2754 2935 ita
2782 2883 2945 2937 etiam
2972 2881 3077 2938 hoc
3101 2884 3289 2937 vitium
3313 2900 3511 2953 paren-

1929 2980 2033 3025 tem
2059 2970 2335 3024 dilacerat.
2366 2970 2647 3025 Undenam
2674 2987 2803 3041 ergo
2832 2973 2982 3027 vario
3008 2974 3133 3029 huic
3158 2977 3346 3031 morbo
3372 2976 3525 3032 inve-

1928 3062 2072 3117 neris
2099 3061 2585 3116 medicamentum?
2607 3060 2665 3116 Si
2688 3076 2784 3116 eos
2813 3063 2902 3131 qui
2932 3063 3107 3132 ipsum
3136 3067 3524 3121 conculcarunt

1928 3154 1980 3206 in
2005 3152 2238 3207 medium
2271 3151 2579 3218 adduxeris,
2612 3161 2665 3206 et
2693 3153 2758 3206 ad
2788 3153 3000 3207 illorum
3032 3154 3319 3224 imaginem
3352 3159 3524 3226 respi-

1926 3244 2096 3310 ciens,
2121 3244 2199 3298 sic
2227 3244 2385 3297 vitam
2412 3244 2805 3313 composueris.
2840 3244 3146 3298 Patriarcha
3173 3245 3317 3300 enim
3347 3247 3521 3302 Abra-

1928 3336 2090 3398 ham;
2123 3336 2218 3391 sed
2259 3350 2416 3390 nemo
2448 3334 2579 3389 mihi
2608 3336 2737 3389 vitio
2770 3344 2946 3390 vertat
2987 3335 3227 3406 ejusdem
3258 3340 3333 3392 rei
3361 3353 3520 3408 repe-

1929 3430 2191 3493 titionem,
2222 3433 2264 3483 si
2289 3444 2432 3497 szepe
2456 3430 2571 3497 ejus
2601 3436 2654 3483 et
2682 3428 2734 3482 in
2755 3427 3007 3483 omnibus
3034 3429 3383 3502 memininus.
3408 3430 3523 3487 Hoc

1928 3521 2068 3574 enim
2110 3530 2193 3576 est
2219 3520 2360 3590 quod
2391 3519 2540 3574 illum
2568 3534 2785 3589 quoque
2815 3520 2990 3574 reddit
3017 3521 3249 3576 maxime
3284 3522 3521 3577 admira-

1929 3613 2111 3680 bilem,
2146 3622 2199 3667 et
2228 3628 2322 3667 eos
2350 3613 2438 3681 qui
2470 3627 2575 3667 non
2608 3612 2780 3681 ipsum
2804 3612 3144 3678 mmulantur,
3168 3614 3314 3668 omni
3344 3614 3524 3684 privat

1930 3706 2102 3760 venia.
2153 3705 2286 3759 Nam
2316 3706 2358 3759 si
2389 3720 2512 3759 eum
2546 3704 2761 3773 quidem
2806 3704 2860 3758 in
2907 3714 3059 3773 parte
3087 3705 3286 3776 aliqua,
3321 3707 3373 3761 in
3418 3709 3520 3762 alia

1929 3805 2105 3850 autem
2137 3805 2289 3865 parte
2317 3796 2478 3849 alium
2523 3809 2581 3849 se
2626 3802 2773 3847 recte
2815 3794 3049 3863 gessisse
3094 3796 3519 3860 ostenderimus,

1927 3886 2125 3941 dixerit
2149 3886 2342 3956 aliquis
2379 3884 2603 3941 dillicile
2626 3899 2747 3939 esse
2783 3884 2993 3939 virtutis
3028 3887 3381 3951 exercitium;
3410 3904 3518 3944 non

1928 3992 2049 4033 esse
2086 3978 2230 4033 enim
2262 3977 2419 4033 facile
2454 3976 2633 4032 omnia
2675 3975 2833 4030 simul
2868 3984 3015 4031 recte
3052 3991 3262 4047 gerere,
3291 3994 3517 4049 quorum

1928 4077 2135 4137 partem
2165 4078 2471 4122 sanctorum
2503 4068 2694 4137 singuli
2720 4076 3006 4136 gesserunt
3036 4084 3049 4122 :
3078 4083 3199 4123 cum
3229 4079 3407 4124 autem
3442 4070 3523 4124 in-

1928 4158 2176 4213 veniatur
2213 4172 2352 4211 unus
2380 4167 2435 4211 et
2464 4157 2605 4212 idem
2645 4158 2825 4211 omnia
2854 4156 3121 4223 obtinere,
3154 4175 3312 4228 quam
3353 4161 3519 4216 habe-

1928 4249 2061 4303 bunt
2088 4248 2485 4304 excusationem
2526 4247 2616 4317 qui
2660 4255 2779 4315 post
2823 4247 2995 4316 legem
3037 4258 3091 4303 et
3137 4251 3362 4319 gratiam
3408 4267 3515 4305 non

1930 4352 2154 4410 possunt
2197 4340 2264 4395 ad
2301 4339 2545 4393 eamdem
2578 4340 2859 4409 pervenire
2900 4354 3231 4405 mensuram,
3260 4340 3327 4395 ad
3358 4356 3519 4411 quam

1929 4434 2017 4503 qui
2050 4433 2264 4486 fuerunt
2300 4443 2427 4486 ante
2458 4432 2627 4500 legem
2670 4440 2724 4484 et
2770 4430 3037 4499 gratiam?
3067 4431 3349 4497 Quomodo
3390 4449 3522 4503 ergo

1927 4523 2016 4576 hic
2066 4521 2369 4592 patriarcha
2422 4522 2559 4576 hanc
2618 4521 2847 4575 belluam
2908 4521 3037 4574 vicit
3088 4531 3139 4575 et
3203 4525 3519 4590 Superatit,

1927 4615 2144 4685 quando
2189 4614 2361 4668 fuitei
2406 4614 2775 4674 controversia
2824 4626 2945 4665 eum
2996 4612 3106 4664 ﬁlio
3136 4613 3357 4667 fratris?
3387 4614 3517 4668 Nam

1926 4722 2046 4761 cum
2079 4707 2255 4760 minor
2282 4705 2459 4776 portio
2488 4708 2535 4760 ci
2564 4702 2862 4772 obtigisset,
2902 4704 2952 4757 ei
2984 4702 3183 4771 primas
3206 4713 3385 4773 partes
3413 4721 3519 4761 non

1926 4806 2070 4851 esset
2097 4804 2439 4865 assequutus,
2484 4812 2588 4851 non
2632 4794 2823 4848 doluit.
2870 4792 3030 4847 Scitis
3069 4804 3248 4848 autem
3280 4794 3423 4864 quod
3466 4797 3518 4850 in

1927 4890 2008 4944 his
2038 4891 2197 4943 rebus
2236 4888 2470 4944 dedecus
2500 4897 2581 4943 est
2610 4887 2761 4955 pejus
2805 4885 3003 4940 damno
3035 4886 3099 4941 iis
3129 4887 3218 4955 qui
3263 4898 3389 4942 sunt
3418 4903 3519 4958 pu-

1925 4980 2029 5034 silli
2060 4980 2246 5045 animi,
2273 4990 2326 5035 et
2351 4982 2579 5033 maxime
2600 4976 2816 5047 quando
2844 4978 2956 5047 ipse
2982 4979 3219 5031 omnium
3244 4977 3518 5043 dominus,

1925 5073 2063 5128 sicut
2094 5083 2220 5128 tunc
2246 5073 2355 5137 ille,
2401 5080 2455 5128 et
2497 5071 2585 5139 qui
2636 5071 2783 5139 prior
2816 5077 3051 5140 creperat
3090 5068 3378 5133 honorare,
3409 5078 3519 5126 non

1925 5166 2159 5220 vicissim
2190 5166 2393 5219 honore
2419 5162 2670 5218 afﬁcitur.
2710 5162 2815 5218 Sed
2847 5173 3023 5216 tamen
3055 5160 3185 5215 nihil
3229 5162 3418 5217 horum
3455 5162 3519 5215 il-

1925 5257 2035 5311 lum
2064 5250 2372 5322 momordit,
2418 5255 2512 5310 sed
2556 5263 2753 5310 etcum
2786 5253 3046 5308 secundas
3080 5252 3306 5309 haberet
3335 5263 3516 5325 partes

1926 5349 2022 5405 fuit
2045 5356 2355 5413 contentus,
2387 5357 2442 5402 et
2472 5348 2664 5417 injuria
2706 5346 2929 5400 allectus
2965 5360 2994 5399 a
3020 5345 3220 5415 juvene
3243 5361 3429 5411 senex,
3464 5357 3516 5403 et

1922 5450 2143 5511 patruus
2188 5453 2217 5492 a
2266 5437 2446 5493 fratris
2492 5439 2621 5501 lilio,
2655 5452 2761 5491 non
2811 5438 3119 5492 succensuit
3162 5452 3334 5508 neque
3372 5451 3514 5507 κει-ε

1924 5533 2062 5597 tulit,
2092 5530 2185 5586 sed
2216 5531 2465 5586 similiter
2488 5544 2610 5584 eum
2639 5528 2853 5583 amabat
2873 5537 2929 5584 et
2948 5528 3192 5584 curabat.
3218 5528 3425 5584 Rursus
3444 5544 3513 5583 ex

1924 5638 2114 5695 magno
2142 5624 2233 5678 illo
2257 5632 2310 5678 et
2342 5622 2561 5679 terribili
2593 5621 2733 5677 bello
2765 5630 2918 5691 parta
2940 5620 3182 5687 victoria,
3207 5621 3369 5691 vique
3392 5636 3517 5691 pro-

1984 5756 2056 5816 (α)
2089 5756 2207 5817 Qum
2235 5756 2313 5806 hic
2347 5756 2408 5804 de
2443 5755 2674 5816 Diogene
2698 5752 2877 5818 Cynico
2899 5752 3143 5818 feruntur,
3168 5752 3293 5818 apud
3319 5751 3519 5818 Dioge-

1923 5813 2288 5873 nem’Lacrtium
2313 5826 2363 5869 et
2387 5813 2637 5868 sexcentis
2662 5818 2716 5868 iu
2733 5813 2840 5866 aliis
2865 5820 3089 5866 veterum
3115 5813 3234 5867 locis
3255 5813 3514 5866 habentur.
