4066 6348
564 382 673 439 303

570 497 800 569 pulsatis
825 501 877 551 et
899 490 1191 565 proﬂigatis
1220 490 1482 555 barbaris,
1514 488 1582 544 de
1606 488 1826 543 victoria
1854 502 1958 541 non
1982 488 2169 542 trium-

571 586 703 657 phat
741 604 836 640 nne
877 584 1035 654 erigit
1064 591 1323 652 tropaeum
1351 602 1364 637 :
1395 580 1609 634 volebat
1638 579 1782 633 enim
1815 586 2018 632 tantum
2053 592 2169 631 scr-

570 693 720 739 vare.
768 692 873 731 non
919 691 980 731 se
1030 682 1321 728 ostentare.
1373 670 1595 740 Excepit
1645 683 1829 724 rursus
1889 668 2165 737 hospites;

571 785 746 841 neque
789 770 875 825 hic
914 767 1062 821 inani
1103 765 1271 835 gloria
1312 762 1592 827 laboravit,
1624 762 1717 816 sed
1747 768 1803 817 et
1830 762 1944 832 ipse
1974 775 2165 813 occur-

570 862 727 916 rebat
766 870 825 915 et
868 858 1147 921 adorabat,
1179 871 1286 910 non
1333 866 1599 923 tamquam
1643 852 1775 907 dans
1821 852 2162 917 beneficium,

568 951 666 1009 Sed
696 960 966 1022 tamquam
1009 946 1272 1002 beneficio
1310 945 1568 1000 affectus:
1600 953 1655 999 et
1696 953 1850 998 vocat
1892 942 2160 1007 dominos,

569 1044 821 1099 nesciens
849 1039 1061 1112 quidem
1092 1038 1306 1107 quinam
1337 1035 1711 1101 accessissent,
1739 1043 1791 1089 et
1819 1034 1936 1087 loco
1955 1033 2164 1087 allCilliB

567 1135 848 1192 constituit
877 1147 1119 1188 uxorem.
1149 1129 1281 1184 Cum
1310 1140 1487 1183 autem
1526 1138 1686 1181 antea
1716 1127 1769 1180 in
1805 1126 2035 1196 Egypto
2065 1125 2162 1179 ad-

570 1224 834 1280 mirabilis
869 1219 1225 1292 apparuisset,
1261 1228 1316 1273 et
1360 1218 1500 1272 hanc
1543 1218 1712 1284 ipsam
1750 1231 1969 1270 uxorem
2010 1230 2163 1269 rece-

567 1319 757 1387 pisset,
792 1325 1104 1383 tantumque
1136 1320 1280 1366 esset
1307 1310 1567 1362 honorem
1607 1314 1990 1373 consequutus,
2024 1304 2162 1374 apud

566 1407 839 1462 neminem
867 1421 925 1459 se
954 1410 1219 1465 ostentat;
1258 1398 1352 1453 sed
1387 1397 1649 1467 indigena:
1679 1397 1894 1467 quidem
1922 1411 2042 1451 eum
2072 1412 2160 1450 re-

566 1515 691 1568 getn
720 1496 1085 1567 appellabant,
1112 1494 1225 1563 ipse
1248 1500 1427 1545 autem
1459 1492 1617 1545 solvit
1646 1491 1874 1560 pretium
1906 1491 2157 1558 sepulcri.

562 1593 700 1646 Cum
727 1599 905 1643 autem
934 1587 1170 1640 mitteret
1196 1583 1477 1648 famulum,
1502 1597 1723 1637 uxorem
1756 1581 1864 1635 filio
1894 1582 2159 1636 adductu-

564 1697 707 1747 rum,
738 1679 870 1733 nihil
903 1678 1063 1747 jussit
1100 1691 1345 1745 magnum
1387 1684 1477 1728 aut
1519 1675 1829 1742 praeclarum
1870 1673 1937 1727 de
1977 1689 2036 1727 se
2076 1673 2159 1726 di-

562 1789 709 1836 cere,
748 1771 843 1826 sed
888 1770 1060 1825 solum
1094 1783 1345 1839 Sponsam
1382 1765 1671 1819 adducere.
1719 1764 1808 1817 Vis
1840 1765 1999 1818 etiam
2032 1780 2160 1818 exa-

563 1865 774 1919 minare
803 1879 896 1917 eos
926 1863 1015 1930 qui
1040 1870 1190 1913 erant
1214 1858 1313 1913 sub
1337 1858 1528 1927 gratia,
1560 1855 1774 1924 quando
1803 1870 1897 1909 eos
1925 1857 2159 1923 undique

558 1955 970 2011 circumfluebat
1008 1968 1197 2021 magna
1230 1950 1491 2004 doctrina:
1526 1948 1717 2015 gloria,
1745 1954 1798 1999 et
1828 1946 2012 2001 videre
2056 1945 2157 2002 hoc

562 2062 777 2118 quoque
808 2044 997 2099 vitium
1028 2052 1153 2095 tunc
1183 2040 1411 2109 ejectum
1441 2049 1493 2092 et
1519 2037 1848 2090 eliminatum
1873 2037 1896 2089 ?

638 2136 794 2190 Pauli
822 2136 955 2188 laus.
976 2132 1249 2201 -—Cogita
1282 2130 1407 2184 mihi
1436 2129 1579 2184 hunc
1606 2130 1779 2198 ipsum
1811 2130 1900 2198 qui
1933 2129 2045 2183 hrcc
2076 2129 2155 2183 di-

559 2230 657 2293 cit,
694 2225 961 2296 quomodo
1004 2239 1218 2294 semper
1259 2232 1426 2277 totum
1476 2222 1588 2277 Deo
1630 2221 1844 2282 tribuat,
1884 2223 2157 2290 quomodo

562 2332 782 2371 suorum
810 2315 1025 2385 quidem
1050 2324 1392 2385 peccatorum
1413 2311 1629 2364 assidue
1654 2311 1982 2377 meminerit,
2010 2322 2157 2367 recte

558 2418 739 2462 autem
786 2406 1049 2461 factorum
1104 2420 1209 2479 npn
1257 2404 1404 2455 item.
1437 2400 1543 2456 Sed
1590 2400 1634 2453 si
1666 2400 1880 2469 quando
1908 2412 2156 2470 oporteat

558 2500 832 2569 corrigere
860 2497 1153 2565 discipulos
1184 2504 1233 2548 et
1261 2501 1483 2561 cogatur
1523 2490 1625 2545 hoc
1655 2490 1852 2555 facere,
1888 2507 2006 2546 eam
2038 2509 2152 2545 rem

560 2603 715 2644 vocat
756 2587 1135 2657 insipientiam,
1171 2593 1227 2639 et
1252 2585 1413 2638 Petro
1453 2583 1653 2650 primas
1690 2581 1831 2633 cedit
1861 2598 1874 2632 :
1910 2596 2009 2635 nec
2033 2598 2157 2635 eru—

559 2680 735 2736 beseit
761 2680 972 2747 operari
1000 2675 1142 2747 apud
1170 2672 1468 2729 Priscillam
1496 2679 1550 2725 et
1576 2670 1820 2740 Aquilam
1844 2672 1983 2740 (Act.
2020 2674 2109 2743 18)
2136 2692 2150 2729 ε

556 2781 614 2826 et
642 2771 837 2838 ubique
861 2780 1086 2823 conatus
1112 2776 1195 2820 est
1221 2779 1280 2819 se
1307 2762 1595 2817 ostendere
1632 2764 1886 2817 humilem
1924 2773 1976 2817 et
2002 2764 2152 2833 ahje-

554 2870 724 2924 ctum,
759 2875 867 2913 non
915 2859 971 2912 in
1017 2858 1132 2910 foro
1170 2857 1402 2925 superbe
1451 2856 1706 2910 incedens
1753 2871 1926 2925 neque
1971 2858 2155 2913 turbas

553 2949 969 3016 circumferens,
998 2948 1089 3003 sed
1116 2964 1175 3003 se
1202 2948 1442 3002 referens
1464 2948 1514 2999 in
1544 2962 1824 3002 numerum
1852 2964 2037 3002 eorum
2064 2950 2151 3018 qui

558 3053 685 3098 sunt
710 3042 923 3097 obscuri
948 3052 1002 3096 et
1032 3057 1137 3095 non
1172 3041 1428 3107 insignes.
1463 3038 1529 3091 Et
1567 3038 1687 3092 ideo
1719 3039 1959 3106 dicebat,
2002 3038 2146 3093 Prte-

554 3137 719 3190 senlia
745 3146 911 3188 autem
940 3133 1170 3201 corporis
1196 3139 1270 3182 est
1297 3129 1502 3195 inﬁrma
1526 3128 1601 3195 (ἓ.
1628 3128 1747 3184 Cor.
1788 3130 1874 3184 10.
1908 3130 2018 3201 l0),
2051 3131 2152 3186 hoc

553 3237 660 3293 est,
698 3223 1065 3295 despicienda.
1104 3232 1159 3297 et
1191 3235 1310 3289 qua:
1356 3218 1557 3271 nullum
1594 3218 1785 3273 habeat
1821 3220 2055 3285 fastum;
2099 3231 2153 3275 ct

556 3332 745 3373 rursus
775 3333 788 3368 :
824 3314 960 3384 Opto
986 3329 1072 3365 vos
1102 3311 1231 3364 nihil
1268 3310 1389 3363 ntali
1416 3314 1599 3379 facere,
1632 3326 1693 3363 ne
1722 3327 1814 3364 nos
1853 3313 2049 3381 probati
2080 3318 2154 3368 ui-

550 3408 770 3462 deantur
797 3404 873 3476 (2.
909 3402 1027 3457 Cor.
1068 3402 1149 3455 l3.
1186 3402 1260 3469 7).
1295 3402 1357 3453 lit
1386 3398 1510 3468 quid
1543 3403 1759 3463 mirum,
1797 3402 1841 3455 si
1884 3404 2020 3457 hanc
2051 3404 2149 3458 de-

555 3500 717 3571 Spieit
766 3496 1039 3568 gloriam?
1071 3494 1170 3562 Qui
1202 3494 1346 3548 enim
1375 3507 1661 3561 supernam
1704 3493 1844 3547 illam
1900 3494 2148 3563 chpicit,

562 3602 703 3646 utet
731 3603 952 3659 regnum
999 3595 1055 3640 et
1098 3585 1421 3656 gehennam,
1454 3583 1746 3637 secundum
1792 3572 1992 3638 Christi
2040 3587 2151 3654 pla-

548 3685 718 3739 citum
755 3684 930 3752 (optat
979 3675 1122 3732 enim
1151 3691 1273 3730 esse
1323 3676 1604 3729 anathema
1652 3692 1679 3729 a
1727 3675 1942 3731 Christo
1968 3676 2147 3748 [Rom.

557 3774 607 3830 9.
642 3775 676 3828 5
702 3771 721 3843 1
751 3786 847 3842 pro
893 3768 1089 3824 Christi
1129 3766 1342 3837 gloria:
1376 3781 1498 3819 nam
1545 3767 1754 3820 etiamsi
1806 3783 1901 3835 pro
1949 3767 2150 3823 Iudaeis

554 3866 661 3919 hoc
688 3878 746 3918 se
777 3861 920 3917 dicat
946 3860 1083 3913 velle
1105 3858 1234 3927 pati,
1268 3856 1371 3909 hoc
1400 3856 1549 3919 dicit,
1580 3870 1647 3910 ne
1686 3858 1803 3925 quis
1829 3857 2023 3911 stultus
2054 3874 2149 3926 pu-

555 3964 636 4011 tet
662 3954 836 4022 ipsum
876 3948 1266 4019 promissioncs
1304 3946 1407 3998 illis
1454 3944 1619 3999 factas
1654 3946 1753 3999 sibi
1783 3947 2021 4015 sumere)
2055 3966 2068 4001 :
2102 3950 2148 4004 si

556 4045 647 4099 ille
678 4058 807 4113 ergo
835 4049 1054 4111 paratus
1094 4046 1208 4092 erat
1242 4052 1304 4092 ea
1338 4037 1631 4105 praeterire,
1671 4036 1798 4105 quid
1839 4039 2070 4104 miraris,
2104 4040 2147 4092 si

559 4136 793 4191 humana
819 4132 1087 4202 despicit?
1117 4130 1222 4186 Sed
1266 4145 1361 4185 eos
1386 4128 1477 4201 qui
1510 4144 1653 4182 nunc
1681 4136 1807 4182 sunt
1831 4128 2151 4200 demergunt

550 4228 759 4293 omnia,
790 4241 896 4279 non
929 4225 1103 4280 solum
1144 4222 1331 4292 gloria:
1376 4222 1660 4290 cupiditas,
1691 4221 1786 4277 sed
1825 4222 1986 4276 etiam
2018 4236 2150 4275 con-

556 4320 801 4380 trarium,
832 4314 1158 4371 contumelia
1200 4320 1253 4365 et
1294 4322 1471 4365 metus
1516 4310 1769 4366 infamia).
1820 4312 1952 4367 Nam
2001 4321 2057 4366 et
2103 4312 2148 4365 si

550 4410 818 4480 quispiam
852 4406 1168 4470 laudaverit,
1209 4402 1547 4464 intumescis,
1578 4410 1631 4455 et
1673 4402 1718 4455 si
1748 4402 2145 4471 vituperaverit,

552 4501 898 4572 deprimeris.
947 4499 1013 4553 Et
1057 4498 1195 4551 sicut
1238 4508 1464 4564 corpora
1509 4490 1774 4546 imbecilla
1806 4490 2149 4546 offenduntur

556 4594 639 4649 vel
662 4609 693 4647 a
719 4590 1066 4662 quibuslibet,
1100 4590 1168 4642 ita
1196 4588 1355 4640 etiam
1384 4586 1588 4655 pusilla:
1609 4592 1663 4638 et
1684 4582 1909 4650 abjecta:
1930 4582 2143 4636 animae.

556 4686 666 4739 Eos
695 4684 841 4737 enim
868 4682 957 4751 qui
991 4687 1115 4733 sunt
1145 4675 1469 4743 huiusmodi,
1499 4691 1604 4729 non
1635 4674 1807 4728 solum
1836 4681 2145 4743 paupertas,

559 4775 655 4830 sed
693 4775 856 4830 etiam
887 4771 1087 4826 divitiae
1119 4767 1389 4839 perdunt;
1431 4783 1535 4820 non
1572 4766 1783 4821 tristitia
1814 4767 2010 4830 solum,
2053 4766 2147 4819 sed

557 4866 720 4920 etiam
765 4862 1037 4932 gaudium,
1069 4870 1124 4914 et
1166 4874 1284 4927 qtae
1334 4866 1459 4911 sunt
1503 4857 1739 4925 jucunda
1790 4858 1958 4925 magis
1988 4872 2147 4927 quam

556 4972 680 5027 qua:
716 4958 907 5009 tristia.
949 4953 1078 5007 Nam
1113 4959 1398 5021 paupertas
1422 4948 1641 5019 quidem
1678 4948 1821 5016 cogit
1859 4962 1979 5002 esse
2019 4958 2151 5003 tem-

559 5058 872 5122 perantem;
902 5046 1099 5101 divitize
1126 5054 1303 5098 autem
1333 5057 1476 5111 sazpe
1505 5040 1737 5095 educunt
1764 5039 1923 5093 etiam
1952 5041 2015 5093 ad
2047 5041 2149 5093 ali~

561 5143 707 5214 quod
752 5156 1001 5211 magnum
1040 5139 1259 5192 malum.
1313 5138 1369 5189 Et
1418 5136 1557 5188 sicut
1595 5132 1687 5201 qui
1726 5130 2047 5197 febricitant,
2084 5132 2152 5185 ab

559 5232 809 5289 euntibus
838 5229 1177 5284 offenduntur
1207 5244 1219 5279 ε
1248 5227 1314 5279 ita
1347 5226 1433 5294 qui
1463 5231 1587 5277 sunt
1613 5222 1793 5275 animo
1822 5214 2074 5290 carrupto
2098 5232 2150 5275 et

561 5323 903 5390 depravata,
979 5318 1245 5373 la‘duntur
1268 5314 1333 5367 ab
1364 5314 1632 5367 omnibus.

630 5415 683 5466 6.
706 5412 1025 5467 Christianus
1045 5405 1295 5477 quomodo
1325 5403 1453 5472 affici
1482 5403 1655 5455 debeat
1682 5418 1803 5471 erga
1826 5402 2148 5469 temporalia.

562 5507 746 5561 Anima
789 5504 1039 5572 quomodo
1082 5499 1331 5554 curanda.
1365 5495 1589 5549 Divitum
1634 5495 1773 5547 mala
1818 5493 2150 5545 conditio.—

562 5597 688 5650 llzcc
717 5608 848 5662 ergo
873 5608 991 5647 cum
1020 5592 1250 5646 sciamus
1270 5630 1285 5656 ,
1318 5603 1385 5643 ne
1430 5586 1692 5657 fugiamus
1739 5594 2105 5655 paupertatem
2133 5624 2148 5649 ,

559 5701 732 5758 neque
758 5685 1084 5738 admiremur
1115 5681 1359 5745 divitias;
1389 5679 1482 5734 sed
1513 5679 1746 5732 animum
1781 5677 1850 5729 ita
1874 5690 2151 5744 compare-

561 5795 678 5836 nus
718 5785 775 5833 ut
810 5776 879 5831 sit
916 5784 1070 5847 aptus
1092 5782 1158 5842 ,οι
1195 5772 1419 5828 idoneus
1448 5770 1513 5826 ad
1540 5770 1736 5825 omnia.
1765 5767 1896 5824 Nam
1925 5768 2013 5838 qui
2044 5765 2143 5820 doc

1315 374 1372 431 8.
1412 372 1690 430 JOANNIS
1726 369 2197 430 CHRYSOSTOMI
2234 368 2560 427 ARCHIEP.
2598 320 3131 430 CONS'I‘AiVTINOP.

3775 386 3880 442 301

2276 498 2422 538 mum
2449 482 2699 551 mdiﬁcat,
2734 500 2841 538 non
2869 500 2935 539 eo
2963 496 3189 555 spectat,
3219 498 3277 541 ut
3317 488 3370 543 in
3405 504 3526 545 eam
3566 508 3677 547 non
3719 499 3875 554 cadat

2273 575 2470 643 pluvia,
2491 589 2665 643 neque
2694 584 2749 628 ut
2776 574 2842 628 ad
2870 590 2985 629 eam
3015 590 3119 629 non
3148 578 3326 632 veniat
3354 579 3569 647 radius;
3596 584 3704 641 hoc
3729 590 3873 645 enim

2274 665 2387 718 fieri
2409 665 2622 733 nequit;
2641 664 2736 719 sed
2755 672 2812 717 ut
2828 664 2894 718 ad
2912 666 3091 719 omnia
3116 665 3329 723 ferenda
3349 682 3471 739 apta
3493 674 3562 727 sit
3576 686 3635 729 et
3654 677 3869 733 idonea.

2273 752 2340 805 Et
2365 753 2455 821 qui
2488 769 2678 809 navem
2708 753 3019 820 fabricatur,
3053 770 3159 809 non
3186 756 3236 810 id
3266 769 3416 813 curat
3447 771 3501 815 ut
3532 764 3586 817 in
3615 781 3739 819 eam
3771 785 3874 824 non

2271 842 2568 911 irrumpant
2591 843 2804 911 ﬂuctus,
2830 858 3003 914 neque
3026 853 3087 899 ut
3110 860 3215 900 non
3244 848 3502 905 excitetur
3529 857 3700 910 maris
3740 868 3872 912 tem-

2270 945 2484 1004 pestas;
2528 936 2631 990 hoc
2655 937 2799 991 enim
2829 936 2942 990 fieri
2974 937 3191 1007 nequit;
3224 939 3319 994 sed
3350 950 3405 993 ut
3435 945 3585 999 navis
3631 948 3871 1003 tabulata

2269 1034 2388 1096 apta
2419 1028 2529 1081 sint
2554 1026 2620 1081 ad
2650 1028 2850 1082 omnia.
2880 1027 3089 1084 Rursus
3117 1030 3206 1100 qui
3231 1046 3412 1085 curam
3437 1036 3576 1103 gerit
3600 1042 3870 1107 corporis,

2270 1133 2376 1171 non
2403 1133 2470 1172 eo
2496 1126 2704 1187 spectat
2729 1128 2785 1172 ut
2813 1133 2918 1174 non
2950 1121 3019 1173 sit
3046 1121 3184 1176 aeris
3226 1124 3557 1192 inthualitas
3585 1139 3643 1181 et
3674 1132 3869 1185 intem-

2270 1208 2465 1275 peries,
2485 1208 2581 1262 sed
2604 1216 2660 1261 ut
2679 1223 2874 1277 corpus
2896 1210 3073 1262 omnia
3096 1210 3215 1265 ha'c
3238 1210 3391 1266 facile
3414 1212 3569 1269 ferat.
3593 1216 3685 1271 Sic
3707 1222 3872 1275 etiam

2268 1300 2527 1356 faciamus
2555 1303 2607 1356 in
2640 1304 2836 1369 anima,
2857 1314 2914 1358 et
2942 1306 3177 1359 studium
3209 1322 3491 1376 ponamus,
3521 1327 3627 1366 non
3661 1324 3716 1367 ut
3745 1329 3875 1382 pan-

2268 1402 2530 1461 pertatcm
2576 1394 2853 1464 fugiamus,
2889 1411 3060 1465 neque
3100 1408 3155 1451 ut
3197 1399 3364 1455 simus
3407 1402 3625 1472 divites,
3676 1408 3777 1460 sed
3819 1418 3878 1462 ut

2266 1486 2689 1556 unumquodque
2717 1502 2783 1541 ex
2817 1488 2881 1542 iis
2910 1488 2977 1542 ita
3009 1498 3300 1545 tractemus
3322 1533 3337 1558 ,
3374 1503 3430 1547 ut
3460 1494 3511 1547 in
3546 1504 3662 1550 tuto
3695 1499 3876 1553 collo-

2265 1590 2471 1630 cemur.
2517 1577 2803 1646 Propterea
2832 1578 2915 1632 his
2944 1579 3202 1641 dimissis,
3232 1590 3285 1637 et
3312 1582 3514 1638 divitiis
3544 1595 3599 1639 et
3634 1602 3874 1656 pauper-

2267 1668 2357 1721 tati
2406 1678 2584 1736 aptam
2638 1669 2937 1723 efliciamus
2987 1672 3241 1725 animam.
3296 1672 3429 1727 Nam
3477 1678 3687 1731 etiamsi
3739 1680 3875 1734 nihil

2266 1761 2481 1814 humani
2515 1760 2756 1824 accidat,
2789 1761 2930 1828 quod
2959 1762 3174 1829 quidem
3207 1773 3264 1816 ut
3296 1764 3580 1832 plurimum
3612 1768 3731 1824 ﬁeri
3767 1787 3875 1826 non

2266 1859 2477 1920 potest,
2517 1852 2593 1904 sic
2637 1865 2848 1919 quoque
2889 1851 2992 1904 erit
3034 1852 3225 1905 melior
3254 1854 3342 1921 qui
3377 1871 3483 1908 non
3510 1861 3703 1922 quaerit
3731 1860 3877 1913 divi-

2266 1943 2398 2008 tias,
2422 1942 2515 1996 sed
2547 1942 2724 1994 omnia
2757 1940 2911 1995 facile
2940 1950 3115 2010 potest
3141 1941 3283 1997 ferre
3302 1983 3317 2007 ,
3347 1960 3506 2013 quam
3540 1946 3586 2000 is
3613 1948 3705 2016 qui
3730 1964 3882 2003 sem-

2264 2048 2359 2101 per
2387 2042 2469 2086 est
2499 2032 2669 2086 dives.
2717 2032 2937 2098 Quare?
2986 2032 3223 2086 Primum
3256 2035 3494 2103 quidem,
3527 2040 3617 2108 qui
3651 2050 3737 2095 est
3769 2042 3877 2097 hu-

2256 2126 2490 2193 jusmodi
2513 2166 2526 2185 ,
2550 2143 2613 2177 ex
2646 2138 2705 2177 se
2730 2132 2786 2177 et
2811 2124 2951 2192 apud
2981 2139 3040 2179 se
3069 2126 3228 2180 habet
3253 2128 3393 2197 quod
3422 2130 3494 2183 sit
3522 2131 3575 2185 in
3610 2140 3749 2199 tuto,
3782 2135 3878 2193 ille

2261 2224 2438 2267 autem
2481 2214 2837 2268 extrinsecus.
2882 2215 2949 2269 Et
2986 2216 3127 2270 sicut
3151 2218 3309 2272 miles
3337 2219 3426 2275 ille
3454 2224 3647 2277 melior
3672 2236 3758 2279 est
3780 2231 3876 2297 qui

2260 2305 2483 2359 confidit
2513 2306 2729 2376 corpori
2756 2316 2811 2361 ct
2841 2305 2942 2361 arti
2972 2306 3195 2373 bellicae,
3221 2325 3380 2379 quam
3407 2319 3497 2380 qui
3524 2315 3701 2368 solum
3725 2319 3876 2373 vires

2262 2397 2419 2451 habet
2450 2398 2499 2449 in
2525 2397 2727 2451 armis:
2759 2398 2830 2450 ita
2856 2398 2947 2466 qui
2992 2412 3022 2450 a
3064 2398 3259 2453 virtute
3301 2410 3484 2469 septus
3532 2412 3614 2456 est
3657 2414 3712 2458 et
3752 2423 3877 2461 mu-

2260 2490 2422 2551 nitus,
2458 2486 2651 2540 melior
2678 2496 2761 2541 est
2790 2501 2856 2539 eo
2895 2487 2984 2555 qui
3024 2487 3251 2541 conlidit
3276 2492 3533 2558 pecuniis.
3569 2493 3827 2549 Secundo
3854 2540 3869 2564 ,

2259 2579 2400 2648 quod
2442 2578 2650 2632 etiamsi
2693 2578 2745 2631 in
2786 2587 3161 2647 paupertatem
3188 2594 3291 2634 non
3323 2579 3588 2644 inciderit,
3614 2584 3732 2639 fieri
3759 2603 3872 2643 non

2258 2677 2435 2738 potest
2462 2679 2521 2722 ut
2547 2669 2664 2738 ipse
2690 2684 2795 2721 non
2824 2670 2893 2721 sit
2917 2670 3181 2724 obnoxius
3207 2673 3594 2740 perturbationi
3624 2694 3635 2728 :
3666 2679 3872 2732 inultos

2258 2764 2400 2815 enim
2448 2762 2642 2815 ﬂuetus
2683 2768 2737 2814 et
2777 2759 3208 2829 perturbationes
3257 2762 3456 2816 habent
3497 2763 3718 2820 divitiae.
3755 2769 3868 2823 Sed

2258 2866 2365 2905 non
2392 2852 2562 2904 virtus
2594 2869 2607 2904 :
2639 2850 2751 2904 luce
2782 2851 3108 2920 voluptatem
3142 2851 3303 2906 modo
3333 2853 3495 2908 habet
3518 2866 3572 2909 et
3600 2861 3868 2914 securita-

2257 2949 2365 2995 tem
2396 2959 2409 2993 :
2442 2941 2907 3010 inexpugnabilem
2931 2942 3071 2995 enim
3099 2941 3276 2996 reddit
3298 2943 3671 3001 insidiantibus
3693 2966 3706 3000 :
3730 2964 3865 3004 con-

2259 3042 2337 3085 tra
2364 3042 2539 3085 autem
2564 3031 2781 3095 divitim,
2811 3042 2863 3085 et
2890 3030 3235 3086 facileinvadi
3259 3036 3763 3106 possuutetabripi.
3800 3041 3866 3094 Et

2256 3124 2394 3177 sicut
2420 3124 2558 3176 inter
2587 3124 2836 3177 animalia
2862 3125 3007 3178 cervi
3033 3132 3086 3178 et
3115 3125 3326 3193 lepores
3354 3126 3585 3182 maxime
3612 3132 3861 3187 omnium

2259 3214 2413 3268 facile
2442 3213 2560 3283 capi
2594 3222 2826 3281 possunt
2846 3226 3065 3283 propter
3089 3215 3427 3271 timiditatem
3454 3233 3482 3271 a
3511 3230 3697 3274 natura
3730 3223 3866 3279 insi-

2260 3314 2363 3357 tam
2390 3322 2404 3369 ;
2453 3320 2583 3372 aper
2610 3314 2789 3359 autem
2820 3315 2874 3358 et
2908 3314 3089 3360 taurus
3117 3316 3172 3360 et
3202 3307 3285 3362 ieo
3317 3324 3421 3362 non
3452 3308 3607 3366 facile
3657 3314 3866 3370 incide-

2256 3397 2361 3449 rint
2393 3398 2443 3448 in
2475 3396 2820 3450 insidiatores
2845 3415 2857 3449 :
2885 3398 2951 3449 ita
2981 3398 3145 3451 etiam
3175 3399 3358 3454 videre
3388 3411 3470 3455 cst
3500 3404 3549 3455 in
3577 3404 3859 3472 divitibus,

2256 3496 2311 3539 ct
2334 3487 2383 3539 in
2412 3486 2474 3538 iis
2501 3487 2586 3555 qui
2611 3500 2705 3540 sua
2728 3494 2920 3555 sponte
2941 3486 3141 3557 degunt
3168 3489 3220 3541 in
3246 3500 3578 3559 paupertate.
3607 3492 3739 3547 Nam
3772 3495 3860 3552 hic

2256 3574 2471 3644 quidem
2502 3576 2691 3629 similis
2719 3586 2803 3630 est
2832 3577 2972 3630 leoni
3006 3585 3060 3631 et
3089 3586 3262 3646 tauro,
3290 3580 3380 3635 ille
3406 3590 3584 3636 autem
3612 3598 3776 3639 cervo
3804 3596 3861 3641 et

2256 3668 2446 3736 lepori.
2478 3667 2647 3733 Quem
2676 3668 2817 3721 enim
2849 3684 2953 3721 non
2986 3669 3137 3724 timet
3165 3670 3356 3726 dives?
3386 3686 3562 3727 annon
3591 3675 3859 3745 latrones,

2254 3774 2431 3811 annon
2471 3759 2739 3828 principes
2763 3800 2779 3826 ,
2824 3774 3005 3812 annon
3036 3760 3282 3827 invidos,
3335 3778 3513 3818 annon
3558 3767 3860 3823 calumnia-

2256 3849 2439 3903 tores?
2499 3850 2565 3903 Et
2632 3850 2758 3919 quid
2814 3849 2936 3903 dico
2990 3850 3227 3906 latrones
3282 3862 3340 3907 et
3401 3855 3857 3927 calumniatores,

2253 3954 2375 3994 cum
2443 3940 2589 4007 ipsos
2644 3941 2804 3993 etiam
2864 3940 3090 3996 famulos
3144 3941 3337 3997 habeat
3397 3950 3721 4013 suspectos?
3790 3951 3861 4005 Et

2254 4030 2378 4099 quid
2407 4030 2527 4083 dico
2555 4032 2706 4083 vivus
2726 4032 2749 4079 ?
2777 4046 2841 4083 ne
2868 4043 3111 4085 mortuus
3150 4032 3366 4101 quidem
3412 4034 3549 4089 liber
3574 4047 3655 4090 est
3682 4053 3711 4091 a
3740 4056 3861 4096 ma-

2255 4121 2430 4175 leficio
2459 4121 2744 4181 latronum,
2774 4134 2945 4188 neque
2975 4135 3123 4174 mors
3150 4136 3271 4175 eum
3301 4134 3476 4192 potest
3507 4127 3561 4179 in
3590 4134 3703 4183 tuto
3730 4132 3854 4185 col-

2257 4211 2473 4273 locare;
2506 4208 2599 4262 scd
2631 4218 2685 4262 et
2716 4219 2985 4263 mortuum
3009 4211 3387 4280 deprredantur
3421 4216 3651 4273 malefici
3678 4237 3690 4273 :
3714 4220 3859 4276 adeo

2255 4299 2519 4354 instabilis
2542 4309 2594 4354 et
2615 4299 2818 4355 lubrica
2852 4316 2937 4355 res
2968 4312 3093 4355 sunt
3118 4301 3337 4359 diviti:e.
3356 4305 3473 4360 Non
3501 4309 3676 4363 solum
3702 4310 3857 4366 enim

2256 4392 2626 4462 perfodiuntur
2655 4394 2864 4455 domus,
2889 4393 2980 4447 sed
3012 4396 3173 4447 etiam
3203 4398 3448 4464 sepulcra
3484 4414 3855 4469 perrumpun-

2256 4492 2341 4537 tur
2382 4492 2438 4537 et
2480 4482 2659 4535 loculi.
2694 4482 2831 4546 Quid
2863 4498 2992 4551 ergo
3023 4483 3104 4536 his
3132 4482 3247 4538 fieri
3282 4488 3514 4553 potuerit
3560 4491 3816 4548 miserius
3838 4535 3854 4559 ,

2254 4589 2375 4626 cum
2404 4587 2472 4627 nc
2502 4586 2648 4625 mors
2672 4572 2888 4640 quidem
2931 4572 2980 4625 ei
3027 4572 3167 4627 hanc
3193 4574 3430 4642 przebeat
3458 4580 3808 4637 securitatem
3836 4601 3853 4647 ;

2256 4664 2351 4720 sed
2389 4663 2574 4718 infelix
2625 4663 2755 4718 illud
2782 4678 2982 4733 corpus
3007 4706 3021 4731 ,
3057 4680 3125 4720 ne
3154 4666 3261 4721 vita
3287 4668 3505 4738 quidem
3549 4673 3855 4741 privatum,

2254 4771 2285 4810 a
2332 4754 2485 4808 malis
2510 4770 2629 4825 quae
2672 4763 2797 4810 sunt
2822 4756 2889 4823 in
2918 4755 3023 4809 vita
3069 4757 3138 4811 sit
3175 4757 3498 4825 liberatum;
3540 4777 3660 4816 cum
3691 4764 3725 4817 ii
3757 4768 3859 4835 qui

2258 4863 2320 4903 ea
2364 4846 2652 4903 admittunt
2698 4848 2993 4913 maleficia,
3038 4852 3199 4903 etiam
3253 4864 3375 4904 cum
3422 4854 3641 4920 pulvere
3683 4865 3737 4910 et
3779 4860 3862 4911 ci-

2259 4955 2387 4996 nere
2431 4942 2763 4996 contendant
2814 4941 3012 4996 bellum
3062 4956 3278 5009 gerere,
3315 4952 3370 4996 et
3416 4945 3586 4999 multo
3631 4950 3858 5015 gravius

2256 5046 2415 5100 quam
2438 5048 2559 5087 cum
2586 5032 2831 5087 viveret?
2855 5030 2988 5085 Nam
3019 5040 3143 5085 tunc
3168 5030 3382 5099 quidem
3425 5038 3735 5103 penuarimn
3762 5040 3858 5094 iu-

2256 5126 2581 5195 gredientes,
2610 5126 2819 5179 arculas
2850 5125 3065 5191 quidem
3096 5124 3406 5191 movebant,
3439 5143 3467 5180 a
3499 5144 3727 5201 corpore
3753 5148 3861 5187 au-

2258 5227 2362 5270 tem
2416 5215 2797 5278 abstinebant,
2830 5228 3003 5281 neque
3049 5220 3154 5267 tam
3202 5216 3367 5271 multa
3416 5219 3749 5287 accipiebant
3797 5234 3858 5277 ut

2258 5306 2432 5373 ipsum
2464 5309 2624 5360 etiam
2652 5321 2847 5374 corpus
2880 5305 3141 5360 nudarent
3175 5326 3187 5361 :
3222 5325 3367 5365 nunc
3392 5321 3569 5365 autem
3598 5328 3662 5365 ne
3693 5315 3760 5364 ab
3791 5316 3858 5369 iis

2258 5396 2474 5465 quidem
2522 5398 2794 5451 abstinent
2841 5400 3183 5453 exsecrandum:
3212 5416 3403 5453 manus
3431 5417 3618 5456 eorum
3649 5402 3742 5471 qui
3767 5418 3859 5458 se-

2258 5489 2439 5557 pulcra
2488 5488 2788 5551 effodiunt,
2822 5487 2915 5542 sed
2950 5490 3121 5559 ipsum
3171 5500 3389 5545 movent
3418 5502 3471 5545 et
3516 5502 3767 5557 versant,
3804 5507 3861 5551 et

2260 5599 2381 5637 cum
2409 5597 2614 5637 summa
2647 5581 2963 5636 crudelitate
3008 5583 3179 5651 ipsum
3224 5586 3545 5639 contumelia
3574 5594 3628 5637 et
3656 5587 3860 5653 probro

2260 5674 2519 5728 afficiunt.
2549 5672 2680 5726 Nam
2716 5686 2995 5743 postquam
3030 5682 3185 5727 terra:
3213 5676 3518 5729 mandatum
3550 5672 3693 5742 fuit,
3726 5677 3861 5734 illud

2265 5766 2423 5821 ctiam
2454 5764 2679 5821 vestium
2720 5765 2915 5820 amictu
2952 5764 3206 5821 nudatum
3235 5767 3310 5822 sic
3342 5767 3515 5823 sinunt
3549 5767 3857 5838 projectum
