  <div class='ocr_page' id='page_1' title='image "/cluster/home/n/w/nwhite01/storage/ocr_20150623/61/pst.000005712618/310.png"; bbox 0 0 4076 6336; ppageno 0'>
   <div class='ocr_carea' id='block_1_1' title="bbox 288 340 403 398">
    <p class='ocr_par' dir='ltr' id='par_1_1' title="bbox 288 340 403 398">
     <span class='ocr_line' id='line_1_1' title="bbox 288 340 403 398; baseline -0.009 0"><span class='ocrx_word' id='word_1_1' title='bbox 288 340 403 398; x_wconf 76' lang='lat'><strong>303</strong></span> 
     </span>
    </p>
   </div>
   <div class='ocr_carea' id='block_1_2' title="bbox 287 448 1877 526">
    <p class='ocr_par' dir='ltr' id='par_1_2' title="bbox 287 448 1877 526">
     <span class='ocr_line' id='line_1_2' title="bbox 287 448 1877 526; baseline 0 -18"><span class='ocrx_word' id='word_1_2' title='bbox 287 453 438 511; x_wconf 83' lang='grc' dir='ltr'>κατά</span> <span class='ocrx_word' id='word_1_3' title='bbox 470 450 672 523; x_wconf 77' lang='grc' dir='ltr'>κράτος</span> <span class='ocrx_word' id='word_1_4' title='bbox 708 448 929 518; x_wconf 87' lang='grc' dir='ltr'>ἐλάσας,</span> <span class='ocrx_word' id='word_1_5' title='bbox 962 450 1063 507; x_wconf 86' lang='grc' dir='ltr'>οὐκ</span> <span class='ocrx_word' id='word_1_6' title='bbox 1086 450 1440 525; x_wconf 77' lang='grc' dir='ltr'>ἐμπομπεύει</span> <span class='ocrx_word' id='word_1_7' title='bbox 1464 456 1533 526; x_wconf 72' lang='grc' dir='ltr'>τῇ</span> <span class='ocrx_word' id='word_1_8' title='bbox 1572 454 1722 526; x_wconf 84' lang='grc' dir='ltr'>νίκῃ,</span> <span class='ocrx_word' id='word_1_9' title='bbox 1755 454 1877 509; x_wconf 84' lang='grc' dir='ltr'>ούδέ</span> 
     </span>
    </p>
   </div>
   <div class='ocr_carea' id='block_1_3' title="bbox 284 534 1878 608">
    <p class='ocr_par' dir='ltr' id='par_1_3' title="bbox 284 534 1878 608">
     <span class='ocr_line' id='line_1_3' title="bbox 284 534 1878 608; baseline -0.002 -16"><span class='ocrx_word' id='word_1_10' title='bbox 284 538 553 608; x_wconf 85' lang='grc' dir='ltr'>τρόπαιον</span> <span class='ocrx_word' id='word_1_11' title='bbox 579 534 785 605; x_wconf 70' lang='grc' dir='ltr'>τστησιο</span> <span class='ocrx_word' id='word_1_12' title='bbox 817 534 991 590; x_wconf 88' lang='grc' dir='ltr'>σῶσαι</span> <span class='ocrx_word' id='word_1_13' title='bbox 1011 536 1122 607; x_wconf 84' lang='grc' dir='ltr'>γάρ</span> <span class='ocrx_word' id='word_1_14' title='bbox 1148 535 1402 591; x_wconf 90' lang='grc' dir='ltr'>ἐϐούλετο</span> <span class='ocrx_word' id='word_1_15' title='bbox 1427 537 1612 608; x_wconf 86' lang='grc' dir='ltr'>μόνον,</span> <span class='ocrx_word' id='word_1_16' title='bbox 1633 538 1736 591; x_wconf 85' lang='grc' dir='ltr'>οὐκ</span> <span class='ocrx_word' id='word_1_17' title='bbox 1756 538 1878 589; x_wconf 70' lang='grc' dir='ltr'>ἐπιο</span> 
     </span>
    </p>
   </div>
   <div class='ocr_carea' id='block_1_4' title="bbox 282 616 1876 689">
    <p class='ocr_par' dir='ltr' id='par_1_4' title="bbox 282 616 1876 689">
     <span class='ocr_line' id='line_1_4' title="bbox 282 616 1876 689; baseline 0 -17"><span class='ocrx_word' id='word_1_18' title='bbox 282 617 586 685; x_wconf 76' lang='grc' dir='ltr'>δείξασθαι.</span> <span class='ocrx_word' id='word_1_19' title='bbox 620 616 819 681; x_wconf 84' lang='grc' dir='ltr'>Ξένους</span> <span class='ocrx_word' id='word_1_20' title='bbox 858 618 1076 689; x_wconf 85' lang='grc' dir='ltr'>ἐδέχετο</span> <span class='ocrx_word' id='word_1_21' title='bbox 1116 619 1279 674; x_wconf 85' lang='grc' dir='ltr'>πάλιν</span> <span class='ocrx_word' id='word_1_22' title='bbox 1303 660 1319 683; x_wconf 91' lang='grc'>,</span> <span class='ocrx_word' id='word_1_23' title='bbox 1349 620 1444 673; x_wconf 80' lang='grc' dir='ltr'>καὶ</span> <span class='ocrx_word' id='word_1_24' title='bbox 1485 618 1608 672; x_wconf 84' lang='grc' dir='ltr'>οὐδέ</span> <span class='ocrx_word' id='word_1_25' title='bbox 1640 617 1876 673; x_wconf 84' lang='grc' dir='ltr'>ἐνταῦθα</span> 
     </span>
    </p>
   </div>
   <div class='ocr_carea' id='block_1_5' title="bbox 283 699 1872 774">
    <p class='ocr_par' dir='ltr' id='par_1_5' title="bbox 283 699 1872 774">
     <span class='ocr_line' id='line_1_5' title="bbox 283 699 1872 774; baseline -0.001 -21"><span class='ocrx_word' id='word_1_26' title='bbox 283 699 609 765; x_wconf 83' lang='grc' dir='ltr'>ἐκενοδόξει,</span> <span class='ocrx_word' id='word_1_27' title='bbox 629 699 746 754; x_wconf 83' lang='grc' dir='ltr'>ἀλλ’</span> <span class='ocrx_word' id='word_1_28' title='bbox 766 700 929 764; x_wconf 78' lang='grc' dir='ltr'>αὐτὸς</span> <span class='ocrx_word' id='word_1_29' title='bbox 946 702 1042 755; x_wconf 75' lang='grc' dir='ltr'>καὶ</span> <span class='ocrx_word' id='word_1_30' title='bbox 1057 702 1393 774; x_wconf 75' lang='grc' dir='ltr'>προσέτρεχε</span> <span class='ocrx_word' id='word_1_31' title='bbox 1411 702 1507 756; x_wconf 73' lang='lat' dir='ltr'><strong><em>xal</em></strong></span> <span class='ocrx_word' id='word_1_32' title='bbox 1522 700 1872 771; x_wconf 79' lang='grc' dir='ltr'>προσεκύνει,</span> 
     </span>
    </p>
   </div>
   <div class='ocr_carea' id='block_1_6' title="bbox 281 776 1874 854">
    <p class='ocr_par' dir='ltr' id='par_1_6' title="bbox 281 776 1874 854">
     <span class='ocr_line' id='line_1_6' title="bbox 281 776 1874 854; baseline 0.001 -20"><span class='ocrx_word' id='word_1_33' title='bbox 281 782 387 854; x_wconf 89' lang='grc' dir='ltr'>οὐχ</span> <span class='ocrx_word' id='word_1_34' title='bbox 414 782 492 844; x_wconf 87' lang='grc' dir='ltr'>ώς</span> <span class='ocrx_word' id='word_1_35' title='bbox 514 776 574 835; x_wconf 79' lang='grc' dir='ltr'>εὖ</span> <span class='ocrx_word' id='word_1_36' title='bbox 621 782 812 846; x_wconf 89' lang='grc' dir='ltr'>ποιῶν,</span> <span class='ocrx_word' id='word_1_37' title='bbox 848 782 965 836; x_wconf 88' lang='grc' dir='ltr'>ἀλλ’</span> <span class='ocrx_word' id='word_1_38' title='bbox 1000 783 1077 848; x_wconf 82' lang='grc' dir='ltr'>ὡς</span> <span class='ocrx_word' id='word_1_39' title='bbox 1104 780 1166 839; x_wconf 82' lang='grc' dir='ltr'>εὖ</span> <span class='ocrx_word' id='word_1_40' title='bbox 1199 784 1427 853; x_wconf 79' lang='grc' dir='ltr'>πάσχων</span> <span class='ocrx_word' id='word_1_41' title='bbox 1447 822 1464 847; x_wconf 96' lang='grc'>,</span> <span class='ocrx_word' id='word_1_42' title='bbox 1494 783 1592 837; x_wconf 84' lang='grc' dir='ltr'>καὶ</span> <span class='ocrx_word' id='word_1_43' title='bbox 1644 783 1874 853; x_wconf 76' lang='grc' dir='ltr'>κυρίους</span> 
     </span>
    </p>
   </div>
   <div class='ocr_carea' id='block_1_7' title="bbox 280 862 1869 936">
    <p class='ocr_par' dir='ltr' id='par_1_7' title="bbox 280 862 1869 936">
     <span class='ocr_line' id='line_1_7' title="bbox 280 862 1869 936; baseline -0.001 -18"><span class='ocrx_word' id='word_1_44' title='bbox 280 865 463 928; x_wconf 81' lang='grc' dir='ltr'>καλεῖ,</span> <span class='ocrx_word' id='word_1_45' title='bbox 495 863 618 918; x_wconf 83' lang='grc' dir='ltr'>οὐδέ</span> <span class='ocrx_word' id='word_1_46' title='bbox 648 862 807 929; x_wconf 85' lang='grc' dir='ltr'>εἰδὼς</span> <span class='ocrx_word' id='word_1_47' title='bbox 829 864 978 928; x_wconf 88' lang='grc' dir='ltr'>τίνες</span> <span class='ocrx_word' id='word_1_48' title='bbox 1001 867 1135 918; x_wconf 82' lang='grc' dir='ltr'>ποτέ</span> <span class='ocrx_word' id='word_1_49' title='bbox 1164 867 1305 919; x_wconf 88' lang='grc' dir='ltr'>εἰσιν</span> <span class='ocrx_word' id='word_1_50' title='bbox 1330 867 1379 919; x_wconf 88' lang='grc' dir='ltr'>οἰ</span> <span class='ocrx_word' id='word_1_51' title='bbox 1405 865 1869 936; x_wconf 84' lang='grc' dir='ltr'>παραγενόμενοι,</span> 
     </span>
    </p>
   </div>
   <div class='ocr_carea' id='block_1_8' title="bbox 278 945 1867 1019">
    <p class='ocr_par' dir='ltr' id='par_1_8' title="bbox 278 945 1867 1019">
     <span class='ocr_line' id='line_1_8' title="bbox 278 945 1867 1019; baseline 0.002 -20"><span class='ocrx_word' id='word_1_52' title='bbox 278 946 381 1000; x_wconf 82' lang='grc' dir='ltr'>καὶ</span> <span class='ocrx_word' id='word_1_53' title='bbox 428 945 731 1017; x_wconf 73' lang='grc' dir='ltr'>παρίστησι</span> <span class='ocrx_word' id='word_1_54' title='bbox 760 947 862 1017; x_wconf 81' lang='grc' dir='ltr'>τήν</span> <span class='ocrx_word' id='word_1_55' title='bbox 908 948 1143 1014; x_wconf 80' lang='grc' dir='ltr'>γυναῖκα</span> <span class='ocrx_word' id='word_1_56' title='bbox 1176 948 1236 1001; x_wconf 91' lang='grc' dir='ltr'>ἐν</span> <span class='ocrx_word' id='word_1_57' title='bbox 1270 947 1426 1013; x_wconf 80' lang='grc' dir='ltr'>τάξει</span> <span class='ocrx_word' id='word_1_58' title='bbox 1466 947 1867 1019; x_wconf 84' lang='grc' dir='ltr'>θεραπαινίδος.</span> 
     </span>
    </p>
   </div>
   <div class='ocr_carea' id='block_1_9' title="bbox 276 1029 1871 1102">
    <p class='ocr_par' dir='ltr' id='par_1_9' title="bbox 276 1029 1871 1102">
     <span class='ocr_line' id='line_1_9' title="bbox 276 1029 1871 1102; baseline 0.001 -19"><span class='ocrx_word' id='word_1_59' title='bbox 276 1030 395 1083; x_wconf 76' lang='lat' dir='ltr'><strong><em>Kal</em></strong></span> <span class='ocrx_word' id='word_1_60' title='bbox 446 1031 505 1083; x_wconf 88' lang='grc' dir='ltr'>ἐν</span> <span class='ocrx_word' id='word_1_61' title='bbox 551 1029 814 1099; x_wconf 75' lang='grc' dir='ltr'>Δίγύπτῳ</span> <span class='ocrx_word' id='word_1_62' title='bbox 865 1029 923 1083; x_wconf 84' lang='grc' dir='ltr'>δέ</span> <span class='ocrx_word' id='word_1_63' title='bbox 973 1030 1082 1101; x_wconf 84' lang='grc' dir='ltr'>πρὸ</span> <span class='ocrx_word' id='word_1_64' title='bbox 1129 1029 1324 1084; x_wconf 89' lang='grc' dir='ltr'>τούτου</span> <span class='ocrx_word' id='word_1_65' title='bbox 1372 1030 1686 1102; x_wconf 76' lang='grc' dir='ltr'>θαυμαστὸς</span> <span class='ocrx_word' id='word_1_66' title='bbox 1726 1030 1871 1085; x_wconf 79' lang='grc' dir='ltr'>οὓτω</span> 
     </span>
    </p>
   </div>
   <div class='ocr_carea' id='block_1_10' title="bbox 275 1110 1865 1183">
    <p class='ocr_par' dir='ltr' id='par_1_10' title="bbox 275 1110 1865 1183">
     <span class='ocr_line' id='line_1_10' title="bbox 275 1110 1865 1183; baseline 0.001 -18"><span class='ocrx_word' id='word_1_67' title='bbox 275 1110 507 1179; x_wconf 79' lang='grc' dir='ltr'>φανεὶς,</span> <span class='ocrx_word' id='word_1_68' title='bbox 546 1112 645 1165; x_wconf 79' lang='grc' dir='ltr'>καὶ</span> <span class='ocrx_word' id='word_1_69' title='bbox 672 1111 846 1181; x_wconf 72' lang='grc' dir='ltr'>αὐτὴν</span> <span class='ocrx_word' id='word_1_70' title='bbox 894 1110 1103 1182; x_wconf 88' lang='grc' dir='ltr'>ταύτην</span> <span class='ocrx_word' id='word_1_71' title='bbox 1134 1113 1235 1183; x_wconf 79' lang='grc' dir='ltr'>τήν</span> <span class='ocrx_word' id='word_1_72' title='bbox 1273 1115 1509 1181; x_wconf 84' lang='grc' dir='ltr'>γυναίκα</span> <span class='ocrx_word' id='word_1_73' title='bbox 1550 1113 1865 1179; x_wconf 87' lang='grc' dir='ltr'>ἀπολαϐὼν,</span> 
     </span>
    </p>
   </div>
   <div class='ocr_carea' id='block_1_11' title="bbox 274 1192 1867 1267">
    <p class='ocr_par' dir='ltr' id='par_1_11' title="bbox 274 1192 1867 1267">
     <span class='ocr_line' id='line_1_11' title="bbox 274 1192 1867 1267; baseline 0 -20"><span class='ocrx_word' id='word_1_74' title='bbox 274 1194 377 1247; x_wconf 75' lang='grc' dir='ltr'>καὶ</span> <span class='ocrx_word' id='word_1_75' title='bbox 415 1192 689 1265; x_wconf 79' lang='grc' dir='ltr'>τοσαύτης</span> <span class='ocrx_word' id='word_1_76' title='bbox 726 1194 1040 1259; x_wconf 76' lang='grc' dir='ltr'>ἀπολαύσας</span> <span class='ocrx_word' id='word_1_77' title='bbox 1093 1198 1295 1266; x_wconf 77' lang='grc' dir='ltr'>τιμῆς,</span> <span class='ocrx_word' id='word_1_78' title='bbox 1335 1196 1474 1267; x_wconf 82' lang='grc' dir='ltr'>πρὸς</span> <span class='ocrx_word' id='word_1_79' title='bbox 1504 1196 1699 1249; x_wconf 89' lang='grc' dir='ltr'>οὐδένα</span> <span class='ocrx_word' id='word_1_80' title='bbox 1745 1197 1867 1248; x_wconf 82' lang='grc' dir='ltr'>ἐπι-</span> 
     </span>
    </p>
   </div>
   <div class='ocr_carea' id='block_1_12' title="bbox 270 1275 1865 1348">
    <p class='ocr_par' dir='ltr' id='par_1_12' title="bbox 270 1275 1865 1348">
     <span class='ocr_line' id='line_1_12' title="bbox 270 1275 1865 1348; baseline 0.001 -20"><span class='ocrx_word' id='word_1_81' title='bbox 270 1275 571 1330; x_wconf 70' lang='grc' dir='ltr'>δείκνυται·</span> <span class='ocrx_word' id='word_1_82' title='bbox 624 1276 740 1330; x_wconf 88' lang='grc' dir='ltr'>ἀλλ’</span> <span class='ocrx_word' id='word_1_83' title='bbox 781 1277 833 1330; x_wconf 91' lang='grc' dir='ltr'>οί</span> <span class='ocrx_word' id='word_1_84' title='bbox 867 1276 968 1346; x_wconf 65' lang='grc' dir='ltr'>μὲν</span> <span class='ocrx_word' id='word_1_85' title='bbox 1007 1276 1263 1347; x_wconf 78' lang='grc' dir='ltr'>ἐγχώριοι</span> <span class='ocrx_word' id='word_1_86' title='bbox 1299 1279 1396 1331; x_wconf 80' lang='grc' dir='ltr'>καὶ</span> <span class='ocrx_word' id='word_1_87' title='bbox 1435 1276 1661 1348; x_wconf 77' lang='grc' dir='ltr'>βασιλέα</span> <span class='ocrx_word' id='word_1_88' title='bbox 1701 1277 1865 1332; x_wconf 79' lang='grc' dir='ltr'>αὐτὸν</span> 
     </span>
    </p>
   </div>
   <div class='ocr_carea' id='block_1_13' title="bbox 270 1356 1861 1430">
    <p class='ocr_par' dir='ltr' id='par_1_13' title="bbox 270 1356 1861 1430">
     <span class='ocr_line' id='line_1_13' title="bbox 270 1356 1861 1430; baseline 0.001 -20"><span class='ocrx_word' id='word_1_89' title='bbox 270 1356 539 1423; x_wconf 79' lang='grc' dir='ltr'>ἐκάλουν,</span> <span class='ocrx_word' id='word_1_90' title='bbox 574 1358 737 1421; x_wconf 77' lang='grc' dir='ltr'>αὐτὸς</span> <span class='ocrx_word' id='word_1_91' title='bbox 779 1358 838 1411; x_wconf 80' lang='grc' dir='ltr'>δὲ</span> <span class='ocrx_word' id='word_1_92' title='bbox 868 1360 965 1413; x_wconf 78' lang='grc' dir='ltr'>καὶ</span> <span class='ocrx_word' id='word_1_93' title='bbox 1007 1358 1176 1430; x_wconf 83' lang='grc' dir='ltr'>τιμήν</span> <span class='ocrx_word' id='word_1_94' title='bbox 1212 1358 1483 1412; x_wconf 88' lang='grc' dir='ltr'>κατέϐαλε</span> <span class='ocrx_word' id='word_1_95' title='bbox 1525 1358 1619 1413; x_wconf 91' lang='grc' dir='ltr'>τοῦ</span> <span class='ocrx_word' id='word_1_96' title='bbox 1664 1360 1861 1429; x_wconf 84' lang='grc' dir='ltr'>τάφου.</span> 
     </span>
    </p>
   </div>
   <div class='ocr_carea' id='block_1_14' title="bbox 268 1439 1865 1511">
    <p class='ocr_par' dir='ltr' id='par_1_14' title="bbox 268 1439 1865 1511">
     <span class='ocr_line' id='line_1_14' title="bbox 268 1439 1865 1511; baseline 0.003 -21"><span class='ocrx_word' id='word_1_97' title='bbox 268 1439 389 1494; x_wconf 82' lang='lat' dir='ltr'>Kal</span> <span class='ocrx_word' id='word_1_98' title='bbox 418 1440 585 1509; x_wconf 86' lang='grc' dir='ltr'>ήνίκα</span> <span class='ocrx_word' id='word_1_99' title='bbox 612 1441 670 1495; x_wconf 74' lang='grc' dir='ltr'>δέ</span> <span class='ocrx_word' id='word_1_100' title='bbox 703 1441 925 1509; x_wconf 73' lang='grc' dir='ltr'>ἔπεμπε</span> <span class='ocrx_word' id='word_1_101' title='bbox 956 1440 1433 1511; x_wconf 83' lang='grc' dir='ltr'>μνηστευσόμενος</span> <span class='ocrx_word' id='word_1_102' title='bbox 1462 1441 1541 1511; x_wconf 88' lang='grc' dir='ltr'>τῷ</span> <span class='ocrx_word' id='word_1_103' title='bbox 1573 1442 1749 1506; x_wconf 77' lang='grc' dir='ltr'>παιδὶ,</span> <span class='ocrx_word' id='word_1_104' title='bbox 1774 1443 1865 1494; x_wconf 85' lang='grc' dir='ltr'>οὐ-</span> 
     </span>
    </p>
   </div>
   <div class='ocr_carea' id='block_1_15' title="bbox 265 1519 1859 1594">
    <p class='ocr_par' dir='ltr' id='par_1_15' title="bbox 265 1519 1859 1594">
     <span class='ocr_line' id='line_1_15' title="bbox 265 1519 1859 1594; baseline 0.001 -22"><span class='ocrx_word' id='word_1_105' title='bbox 265 1519 362 1573; x_wconf 76' lang='grc' dir='ltr'>δὲν</span> <span class='ocrx_word' id='word_1_106' title='bbox 388 1522 645 1575; x_wconf 81' lang='grc' dir='ltr'>ἐκέλευσε</span> <span class='ocrx_word' id='word_1_107' title='bbox 680 1522 829 1591; x_wconf 86' lang='grc' dir='ltr'>μέγα</span> <span class='ocrx_word' id='word_1_108' title='bbox 850 1520 995 1590; x_wconf 67' lang='grc' dir='ltr'>περὶ</span> <span class='ocrx_word' id='word_1_109' title='bbox 1022 1520 1190 1575; x_wconf 86' lang='grc' dir='ltr'>αὐτοῦ</span> <span class='ocrx_word' id='word_1_110' title='bbox 1231 1522 1325 1575; x_wconf 76' lang='grc' dir='ltr'>καὶ</span> <span class='ocrx_word' id='word_1_111' title='bbox 1362 1521 1620 1594; x_wconf 79' lang='grc' dir='ltr'>λαμπρὸν</span> <span class='ocrx_word' id='word_1_112' title='bbox 1663 1524 1859 1588; x_wconf 78' lang='grc' dir='ltr'>εἰπεῖν,</span> 
     </span>
    </p>
   </div>
   <div class='ocr_carea' id='block_1_16' title="bbox 264 1603 1862 1676">
    <p class='ocr_par' dir='ltr' id='par_1_16' title="bbox 264 1603 1862 1676">
     <span class='ocr_line' id='line_1_16' title="bbox 264 1603 1862 1676; baseline 0 -19"><span class='ocrx_word' id='word_1_113' title='bbox 264 1603 392 1657; x_wconf 81' lang='grc' dir='ltr'>ἀλλ’</span> <span class='ocrx_word' id='word_1_114' title='bbox 418 1603 607 1667; x_wconf 86' lang='grc' dir='ltr'>ἀπλῶς</span> <span class='ocrx_word' id='word_1_115' title='bbox 635 1604 869 1673; x_wconf 72' lang='grc' dir='ltr'>ἀγαγεῖν</span> <span class='ocrx_word' id='word_1_116' title='bbox 888 1603 989 1676; x_wconf 81' lang='grc' dir='ltr'>τὴν</span> <span class='ocrx_word' id='word_1_117' title='bbox 1010 1604 1252 1676; x_wconf 85' lang='grc' dir='ltr'>νύμφην.</span> <span class='ocrx_word' id='word_1_118' title='bbox 1280 1604 1473 1658; x_wconf 78' lang='grc' dir='ltr'>Βούλει</span> <span class='ocrx_word' id='word_1_119' title='bbox 1502 1605 1599 1659; x_wconf 77' lang='grc' dir='ltr'>καὶ</span> <span class='ocrx_word' id='word_1_120' title='bbox 1620 1608 1747 1668; x_wconf 81' lang='grc' dir='ltr'>τοὺς</span> <span class='ocrx_word' id='word_1_121' title='bbox 1767 1605 1862 1658; x_wconf 75' lang='grc' dir='ltr'>ἐπὶ</span> 
     </span>
    </p>
   </div>
   <div class='ocr_carea' id='block_1_17' title="bbox 258 1685 1861 1759">
    <p class='ocr_par' dir='ltr' id='par_1_17' title="bbox 258 1685 1861 1759">
     <span class='ocr_line' id='line_1_17' title="bbox 258 1685 1861 1759; baseline 0.001 -21"><span class='ocrx_word' id='word_1_122' title='bbox 258 1686 371 1755; x_wconf 80' lang='grc' dir='ltr'>τῆς</span> <span class='ocrx_word' id='word_1_123' title='bbox 400 1685 625 1756; x_wconf 88' lang='grc' dir='ltr'>χάριτος</span> <span class='ocrx_word' id='word_1_124' title='bbox 655 1686 931 1751; x_wconf 89' lang='grc' dir='ltr'>ἐξετάσαι,</span> <span class='ocrx_word' id='word_1_125' title='bbox 965 1687 1057 1741; x_wconf 82' lang='grc' dir='ltr'>ὅτε</span> <span class='ocrx_word' id='word_1_126' title='bbox 1088 1688 1259 1759; x_wconf 83' lang='grc' dir='ltr'>πολλὴ</span> <span class='ocrx_word' id='word_1_127' title='bbox 1295 1686 1636 1756; x_wconf 84' lang='grc' dir='ltr'>πανταχόθεν</span> <span class='ocrx_word' id='word_1_128' title='bbox 1660 1686 1861 1750; x_wconf 79' lang='grc' dir='ltr'>αὐτοὺς</span> 
     </span>
    </p>
   </div>
   <div class='ocr_carea' id='block_1_18' title="bbox 263 1765 1859 1842">
    <p class='ocr_par' dir='ltr' id='par_1_18' title="bbox 263 1765 1859 1842">
     <span class='ocr_line' id='line_1_18' title="bbox 263 1765 1859 1842; baseline 0.002 -21"><span class='ocrx_word' id='word_1_129' title='bbox 263 1765 421 1839; x_wconf 71' lang='lat' dir='ltr'>L329]</span> <span class='ocrx_word' id='word_1_130' title='bbox 456 1768 741 1839; x_wconf 74' lang='grc' dir='ltr'>περιέρρει</span> <span class='ocrx_word' id='word_1_131' title='bbox 787 1769 889 1839; x_wconf 86' lang='grc' dir='ltr'>τῆς</span> <span class='ocrx_word' id='word_1_132' title='bbox 922 1768 1277 1833; x_wconf 82' lang='grc' dir='ltr'>διδασκαλίας</span> <span class='ocrx_word' id='word_1_133' title='bbox 1320 1772 1356 1842; x_wconf 88' lang='grc' dir='ltr'>ή</span> <span class='ocrx_word' id='word_1_134' title='bbox 1399 1769 1550 1839; x_wconf 90' lang='grc' dir='ltr'>δόξα,</span> <span class='ocrx_word' id='word_1_135' title='bbox 1588 1769 1686 1824; x_wconf 74' lang='grc' dir='ltr'>καὶ</span> <span class='ocrx_word' id='word_1_136' title='bbox 1730 1770 1859 1825; x_wconf 84' lang='grc' dir='ltr'>ἰδεῖν</span> 
     </span>
    </p>
   </div>
   <div class='ocr_carea' id='block_1_19' title="bbox 258 1850 1469 1925">
    <p class='ocr_par' dir='ltr' id='par_1_19' title="bbox 258 1850 1469 1925">
     <span class='ocr_line' id='line_1_19' title="bbox 258 1850 1469 1925; baseline 0.003 -21"><span class='ocrx_word' id='word_1_137' title='bbox 258 1850 363 1904; x_wconf 77' lang='grc' dir='ltr'>καὶ</span> <span class='ocrx_word' id='word_1_138' title='bbox 389 1851 510 1906; x_wconf 86' lang='grc' dir='ltr'>τότε</span> <span class='ocrx_word' id='word_1_139' title='bbox 538 1850 696 1906; x_wconf 87' lang='grc' dir='ltr'>τοῦτο</span> <span class='ocrx_word' id='word_1_140' title='bbox 727 1853 789 1906; x_wconf 82' lang='grc' dir='ltr'>τὺ</span> <span class='ocrx_word' id='word_1_141' title='bbox 819 1852 995 1917; x_wconf 83' lang='grc' dir='ltr'>πάθος</span> <span class='ocrx_word' id='word_1_142' title='bbox 1022 1852 1469 1925; x_wconf 73' lang='grc' dir='ltr'>ἐκϐεϐλημένονς</span> 
     </span>
    </p>
   </div>
   <div class='ocr_carea' id='block_1_20' title="bbox 349 2005 1855 2079">
    <p class='ocr_par' dir='ltr' id='par_1_20' title="bbox 349 2005 1855 2079">
     <span class='ocr_line' id='line_1_20' title="bbox 349 2005 1855 2079; baseline 0.002 -18"><span class='ocrx_word' id='word_1_143' title='bbox 349 2005 634 2077; x_wconf 80' lang='grc' dir='ltr'>Ἑννόησόν</span> <span class='ocrx_word' id='word_1_144' title='bbox 684 2023 777 2079; x_wconf 90' lang='grc' dir='ltr'>μοι</span> <span class='ocrx_word' id='word_1_145' title='bbox 820 2005 1010 2061; x_wconf 87' lang='grc' dir='ltr'>τοῦτον</span> <span class='ocrx_word' id='word_1_146' title='bbox 1056 2006 1219 2063; x_wconf 75' lang='grc' dir='ltr'>αὐτὸν</span> <span class='ocrx_word' id='word_1_147' title='bbox 1257 2008 1350 2064; x_wconf 77' lang='grc' dir='ltr'>τὸν</span> <span class='ocrx_word' id='word_1_148' title='bbox 1399 2008 1574 2063; x_wconf 88' lang='grc' dir='ltr'>ταῦτα</span> <span class='ocrx_word' id='word_1_149' title='bbox 1608 2010 1855 2079; x_wconf 84' lang='grc' dir='ltr'>λέγοντα,</span> 
     </span>
    </p>
   </div>
   <div class='ocr_carea' id='block_1_21' title="bbox 255 2088 1857 2164">
    <p class='ocr_par' dir='ltr' id='par_1_21' title="bbox 255 2088 1857 2164">
     <span class='ocr_line' id='line_1_21' title="bbox 255 2088 1857 2164; baseline 0.002 -23"><span class='ocrx_word' id='word_1_150' title='bbox 255 2088 382 2152; x_wconf 80' lang='grc' dir='ltr'>πῶς</span> <span class='ocrx_word' id='word_1_151' title='bbox 422 2089 509 2142; x_wconf 77' lang='grc' dir='ltr'>ἀεὶ</span> <span class='ocrx_word' id='word_1_152' title='bbox 546 2089 608 2142; x_wconf 82' lang='grc' dir='ltr'>τὺ</span> <span class='ocrx_word' id='word_1_153' title='bbox 648 2090 761 2144; x_wconf 72' lang='grc' dir='ltr'>πᾶν</span> <span class='ocrx_word' id='word_1_154' title='bbox 808 2089 1101 2161; x_wconf 80' lang='grc' dir='ltr'>ἀνατίθησι</span> <span class='ocrx_word' id='word_1_155' title='bbox 1142 2089 1220 2160; x_wconf 83' lang='grc' dir='ltr'>τῷ</span> <span class='ocrx_word' id='word_1_156' title='bbox 1260 2090 1403 2162; x_wconf 81' lang='grc' dir='ltr'>Θεῷ,</span> <span class='ocrx_word' id='word_1_157' title='bbox 1452 2092 1572 2156; x_wconf 90' lang='grc' dir='ltr'>πῶς</span> <span class='ocrx_word' id='word_1_158' title='bbox 1609 2092 1721 2147; x_wconf 89' lang='grc' dir='ltr'>τῶν</span> <span class='ocrx_word' id='word_1_159' title='bbox 1755 2094 1857 2164; x_wconf 85' lang='grc' dir='ltr'>μὲν</span> 
     </span>
    </p>
   </div>
   <div class='ocr_carea' id='block_1_22' title="bbox 253 2171 1858 2243">
    <p class='ocr_par' dir='ltr' id='par_1_22' title="bbox 253 2171 1858 2243">
     <span class='ocr_line' id='line_1_22' title="bbox 253 2171 1858 2243; baseline 0.002 -18"><span class='ocrx_word' id='word_1_160' title='bbox 253 2171 677 2242; x_wconf 78' lang='grc' dir='ltr'>ἁμαρτημάτων</span> <span class='ocrx_word' id='word_1_161' title='bbox 706 2172 873 2226; x_wconf 80' lang='grc' dir='ltr'>αὐτοῦ</span> <span class='ocrx_word' id='word_1_162' title='bbox 908 2173 1185 2243; x_wconf 80' lang='grc' dir='ltr'>μέμνηται</span> <span class='ocrx_word' id='word_1_163' title='bbox 1210 2172 1474 2242; x_wconf 90' lang='grc' dir='ltr'>συνεχῶς,</span> <span class='ocrx_word' id='word_1_164' title='bbox 1503 2175 1615 2228; x_wconf 90' lang='grc' dir='ltr'>τῶν</span> <span class='ocrx_word' id='word_1_165' title='bbox 1643 2174 1701 2227; x_wconf 86' lang='grc' dir='ltr'>δέ</span> <span class='ocrx_word' id='word_1_166' title='bbox 1724 2193 1858 2229; x_wconf 81' lang='grc' dir='ltr'>κατ-</span> 
     </span>
    </p>
   </div>
   <div class='ocr_carea' id='block_1_23' title="bbox 251 2254 1854 2329">
    <p class='ocr_par' dir='ltr' id='par_1_23' title="bbox 251 2254 1854 2329">
     <span class='ocr_line' id='line_1_23' title="bbox 251 2254 1854 2329; baseline 0.003 -23"><span class='ocrx_word' id='word_1_167' title='bbox 251 2254 599 2326; x_wconf 85' lang='grc' dir='ltr'>ορθωμάτων</span> <span class='ocrx_word' id='word_1_168' title='bbox 635 2254 840 2309; x_wconf 87' lang='grc' dir='ltr'>οὐκέτι.</span> <span class='ocrx_word' id='word_1_169' title='bbox 878 2254 1029 2325; x_wconf 78' lang='grc' dir='ltr'>Πλὴν</span> <span class='ocrx_word' id='word_1_170' title='bbox 1069 2254 1124 2307; x_wconf 84' lang='grc' dir='ltr'>εί</span> <span class='ocrx_word' id='word_1_171' title='bbox 1162 2272 1292 2308; x_wconf 80' lang='grc' dir='ltr'>ποτε</span> <span class='ocrx_word' id='word_1_172' title='bbox 1324 2255 1574 2326; x_wconf 84' lang='grc' dir='ltr'>μαθητὰς</span> <span class='ocrx_word' id='word_1_173' title='bbox 1617 2258 1854 2329; x_wconf 83' lang='grc' dir='ltr'>ἐπανορ-</span> 
     </span>
    </p>
   </div>
   <div class='ocr_carea' id='block_1_24' title="bbox 252 2336 1855 2410">
    <p class='ocr_par' dir='ltr' id='par_1_24' title="bbox 252 2336 1855 2410">
     <span class='ocr_line' id='line_1_24' title="bbox 252 2336 1855 2410; baseline 0.002 -19"><span class='ocrx_word' id='word_1_174' title='bbox 252 2337 434 2392; x_wconf 82' lang='grc' dir='ltr'>θῶσαι</span> <span class='ocrx_word' id='word_1_175' title='bbox 467 2338 599 2404; x_wconf 85' lang='grc' dir='ltr'>δέοι,</span> <span class='ocrx_word' id='word_1_176' title='bbox 631 2336 735 2392; x_wconf 73' lang='grc' dir='ltr'>κάν</span> <span class='ocrx_word' id='word_1_177' title='bbox 771 2336 1095 2410; x_wconf 77' lang='grc' dir='ltr'>ἀναγκασθῇ</span> <span class='ocrx_word' id='word_1_178' title='bbox 1140 2338 1365 2410; x_wconf 86' lang='grc' dir='ltr'>ποιῆσαι</span> <span class='ocrx_word' id='word_1_179' title='bbox 1393 2339 1573 2403; x_wconf 88' lang='grc' dir='ltr'>τοῦτο,</span> <span class='ocrx_word' id='word_1_180' title='bbox 1610 2341 1855 2410; x_wconf 70' lang='grc' dir='ltr'>ἀφροσύο</span> 
     </span>
    </p>
   </div>
   <div class='ocr_carea' id='block_1_25' title="bbox 249 2420 1854 2497">
    <p class='ocr_par' dir='ltr' id='par_1_25' title="bbox 249 2420 1854 2497">
     <span class='ocr_line' id='line_1_25' title="bbox 249 2420 1854 2497; baseline 0.002 -23"><span class='ocrx_word' id='word_1_181' title='bbox 249 2421 440 2492; x_wconf 81' lang='grc' dir='ltr'>νηντὺ</span> <span class='ocrx_word' id='word_1_182' title='bbox 460 2422 695 2491; x_wconf 76' lang='grc' dir='ltr'>πρᾶγμα</span> <span class='ocrx_word' id='word_1_183' title='bbox 730 2420 905 2488; x_wconf 80' lang='grc' dir='ltr'>καλεῖ,</span> <span class='ocrx_word' id='word_1_184' title='bbox 938 2420 1035 2475; x_wconf 77' lang='grc' dir='ltr'>καὶ</span> <span class='ocrx_word' id='word_1_185' title='bbox 1075 2422 1183 2474; x_wconf 85' lang='grc' dir='ltr'>τῶν</span> <span class='ocrx_word' id='word_1_186' title='bbox 1221 2424 1510 2493; x_wconf 85' lang='grc' dir='ltr'>πρωτείων</span> <span class='ocrx_word' id='word_1_187' title='bbox 1547 2422 1627 2495; x_wconf 80' lang='grc' dir='ltr'>τῷ</span> <span class='ocrx_word' id='word_1_188' title='bbox 1660 2425 1854 2497; x_wconf 83' lang='grc' dir='ltr'>Πέτρῳ</span> 
     </span>
    </p>
   </div>
   <div class='ocr_carea' id='block_1_26' title="bbox 249 2502 1853 2578">
    <p class='ocr_par' dir='ltr' id='par_1_26' title="bbox 249 2502 1853 2578">
     <span class='ocr_line' id='line_1_26' title="bbox 249 2502 1853 2578; baseline 0.004 -22"><span class='ocrx_word' id='word_1_189' title='bbox 249 2505 603 2573; x_wconf 82' lang='grc' dir='ltr'>παραχωρεῖ,</span> <span class='ocrx_word' id='word_1_190' title='bbox 644 2502 740 2555; x_wconf 74' lang='grc' dir='ltr'>καὶ</span> <span class='ocrx_word' id='word_1_191' title='bbox 776 2502 878 2555; x_wconf 88' lang='grc' dir='ltr'>οὐκ</span> <span class='ocrx_word' id='word_1_192' title='bbox 921 2504 1238 2573; x_wconf 80' lang='grc' dir='ltr'>αἰσχύνεται</span> <span class='ocrx_word' id='word_1_193' title='bbox 1287 2504 1659 2577; x_wconf 77' lang='grc' dir='ltr'>ἐργαζόμενος</span> <span class='ocrx_word' id='word_1_194' title='bbox 1701 2509 1853 2578; x_wconf 81' lang='grc' dir='ltr'>παρά</span> 
     </span>
    </p>
   </div>
   <div class='ocr_carea' id='block_1_27' title="bbox 250 2583 1854 2656">
    <p class='ocr_par' dir='ltr' id='par_1_27' title="bbox 250 2583 1854 2656">
     <span class='ocr_line' id='line_1_27' title="bbox 250 2583 1854 2656; baseline 0.002 -17"><span class='ocrx_word' id='word_1_195' title='bbox 250 2584 560 2656; x_wconf 85' lang='grc' dir='ltr'>Πρισκίλλῃ</span> <span class='ocrx_word' id='word_1_196' title='bbox 586 2585 681 2637; x_wconf 77' lang='grc' dir='ltr'>καὶ</span> <span class='ocrx_word' id='word_1_197' title='bbox 716 2583 940 2655; x_wconf 76' lang='grc' dir='ltr'>’Δκύλᾳ,</span> <span class='ocrx_word' id='word_1_198' title='bbox 972 2587 1068 2637; x_wconf 77' lang='grc' dir='ltr'>καὶ</span> <span class='ocrx_word' id='word_1_199' title='bbox 1110 2587 1389 2654; x_wconf 89' lang='grc' dir='ltr'>πανταχοῦ</span> <span class='ocrx_word' id='word_1_200' title='bbox 1421 2589 1681 2641; x_wconf 86' lang='grc' dir='ltr'>ταπεινὸν</span> <span class='ocrx_word' id='word_1_201' title='bbox 1728 2593 1854 2644; x_wconf 75' lang='grc' dir='ltr'>ἑαυ-</span> 
     </span>
    </p>
   </div>
   <div class='ocr_carea' id='block_1_28' title="bbox 246 2665 1848 2740">
    <p class='ocr_par' dir='ltr' id='par_1_28' title="bbox 246 2665 1848 2740">
     <span class='ocr_line' id='line_1_28' title="bbox 246 2665 1848 2740; baseline -0.001 -19"><span class='ocrx_word' id='word_1_202' title='bbox 246 2668 349 2721; x_wconf 74' lang='grc' dir='ltr'>τὸν</span> <span class='ocrx_word' id='word_1_203' title='bbox 367 2665 670 2720; x_wconf 81' lang='grc' dir='ltr'>ἐσπούδακε</span> <span class='ocrx_word' id='word_1_204' title='bbox 697 2665 1014 2729; x_wconf 87' lang='grc' dir='ltr'>δεικνύναι,</span> <span class='ocrx_word' id='word_1_205' title='bbox 1053 2666 1114 2720; x_wconf 89' lang='grc' dir='ltr'>οὐ</span> <span class='ocrx_word' id='word_1_206' title='bbox 1151 2668 1326 2722; x_wconf 89' lang='grc' dir='ltr'>σοϐῶν</span> <span class='ocrx_word' id='word_1_207' title='bbox 1354 2670 1448 2723; x_wconf 77' lang='grc' dir='ltr'>ἐπὶ</span> <span class='ocrx_word' id='word_1_208' title='bbox 1485 2670 1587 2740; x_wconf 86' lang='grc' dir='ltr'>τῆς</span> <span class='ocrx_word' id='word_1_209' title='bbox 1618 2672 1796 2739; x_wconf 60' lang='grc' dir='ltr'>ἀγινπ</span> <span class='ocrx_word' id='word_1_210' title='bbox 1814 2691 1848 2735; x_wconf 68' lang='grc' dir='ltr'>τ,</span> 
     </span>
    </p>
   </div>
   <div class='ocr_carea' id='block_1_29' title="bbox 246 2748 1851 2825">
    <p class='ocr_par' dir='ltr' id='par_1_29' title="bbox 246 2748 1851 2825">
     <span class='ocr_line' id='line_1_29' title="bbox 246 2748 1851 2825; baseline 0.004 -22"><span class='ocrx_word' id='word_1_211' title='bbox 246 2749 379 2804; x_wconf 67' lang='grc' dir='ltr'>οὐδέ</span> <span class='ocrx_word' id='word_1_212' title='bbox 399 2748 593 2821; x_wconf 74' lang='grc' dir='ltr'>ὄχλους</span> <span class='ocrx_word' id='word_1_213' title='bbox 618 2748 955 2820; x_wconf 86' lang='grc' dir='ltr'>περιφέρων,</span> <span class='ocrx_word' id='word_1_214' title='bbox 984 2748 1103 2802; x_wconf 83' lang='grc' dir='ltr'>ἀλλ’</span> <span class='ocrx_word' id='word_1_215' title='bbox 1147 2748 1210 2803; x_wconf 82' lang='grc' dir='ltr'>ἐν</span> <span class='ocrx_word' id='word_1_216' title='bbox 1245 2753 1360 2815; x_wconf 81' lang='grc' dir='ltr'>τοῖς</span> <span class='ocrx_word' id='word_1_217' title='bbox 1408 2752 1649 2825; x_wconf 77' lang='grc' dir='ltr'>ἀσήμοις</span> <span class='ocrx_word' id='word_1_218' title='bbox 1680 2774 1851 2810; x_wconf 64' lang='grc' dir='ltr'>»ωηι-</span> 
     </span>
    </p>
   </div>
   <div class='ocr_carea' id='block_1_30' title="bbox 240 2831 1850 2905">
    <p class='ocr_par' dir='ltr' id='par_1_30' title="bbox 240 2831 1850 2905">
     <span class='ocr_line' id='line_1_30' title="bbox 240 2831 1850 2905; baseline 0.004 -17"><span class='ocrx_word' id='word_1_219' title='bbox 240 2834 467 2888; x_wconf 81' lang='grc' dir='ltr'>τάττων</span> <span class='ocrx_word' id='word_1_220' title='bbox 490 2833 702 2888; x_wconf 87' lang='grc' dir='ltr'>ἐαυτόν.</span> <span class='ocrx_word' id='word_1_221' title='bbox 733 2832 826 2887; x_wconf 82' lang='grc' dir='ltr'>Διὸ</span> <span class='ocrx_word' id='word_1_222' title='bbox 847 2833 943 2887; x_wconf 83' lang='grc' dir='ltr'>καὶ</span> <span class='ocrx_word' id='word_1_223' title='bbox 974 2831 1181 2902; x_wconf 75' lang='grc' dir='ltr'>ἔλεγεν,</span> <span class='ocrx_word' id='word_1_224' title='bbox 1217 2832 1280 2890; x_wconf 87' lang='lat' dir='ltr'>&#39;H</span> <span class='ocrx_word' id='word_1_225' title='bbox 1310 2833 1380 2887; x_wconf 78' lang='grc' dir='ltr'>δὲ</span> <span class='ocrx_word' id='word_1_226' title='bbox 1407 2838 1717 2905; x_wconf 80' lang='grc' dir='ltr'>παρουσία</span> <span class='ocrx_word' id='word_1_227' title='bbox 1741 2838 1850 2896; x_wconf 85' lang='grc' dir='ltr'>τοῦ</span> 
     </span>
    </p>
   </div>
   <div class='ocr_carea' id='block_1_31' title="bbox 242 2914 1850 2992">
    <p class='ocr_par' dir='ltr' id='par_1_31' title="bbox 242 2914 1850 2992">
     <span class='ocr_line' id='line_1_31' title="bbox 242 2914 1850 2992; baseline 0.005 -23"><span class='ocrx_word' id='word_1_228' title='bbox 242 2915 533 2986; x_wconf 81' lang='grc' dir='ltr'>σώματος</span> <span class='ocrx_word' id='word_1_229' title='bbox 566 2914 859 2983; x_wconf 77' lang='grc' dir='ltr'>ἀσθενὴς,</span> <span class='ocrx_word' id='word_1_230' title='bbox 892 2914 1198 2981; x_wconf 73' lang='grc' dir='ltr'>τουτέστιν,</span> <span class='ocrx_word' id='word_1_231' title='bbox 1235 2917 1719 2992; x_wconf 79' lang='grc' dir='ltr'>εὐκαταφρόνητος</span> <span class='ocrx_word' id='word_1_232' title='bbox 1755 2922 1850 2977; x_wconf 78' lang='grc' dir='ltr'>καὶ</span> 
     </span>
    </p>
   </div>
   <div class='ocr_carea' id='block_1_32' title="bbox 241 2996 1847 3075">
    <p class='ocr_par' dir='ltr' id='par_1_32' title="bbox 241 2996 1847 3075">
     <span class='ocr_line' id='line_1_32' title="bbox 241 2996 1847 3075; baseline 0.001 -21"><span class='ocrx_word' id='word_1_233' title='bbox 241 2999 409 3054; x_wconf 67' lang='grc' dir='ltr'>οὐδὲν</span> <span class='ocrx_word' id='word_1_234' title='bbox 429 2997 626 3069; x_wconf 75' lang='grc' dir='ltr'>ἔχουσα</span> <span class='ocrx_word' id='word_1_235' title='bbox 656 2996 866 3069; x_wconf 82' lang='grc' dir='ltr'>κομψόν</span> <span class='ocrx_word' id='word_1_236' title='bbox 888 3012 903 3028; x_wconf 79' lang='grc' dir='ltr'><strong><em>ο</em></strong></span> <span class='ocrx_word' id='word_1_237' title='bbox 935 2997 1029 3051; x_wconf 81' lang='grc' dir='ltr'>καὶ</span> <span class='ocrx_word' id='word_1_238' title='bbox 1061 2997 1247 3064; x_wconf 89' lang='grc' dir='ltr'>πάλιν,</span> <span class='ocrx_word' id='word_1_239' title='bbox 1275 2998 1547 3071; x_wconf 77' lang='grc' dir='ltr'>Εὕχομαι</span> <span class='ocrx_word' id='word_1_240' title='bbox 1576 3001 1735 3071; x_wconf 81' lang='grc' dir='ltr'>ὑμᾶς</span> <span class='ocrx_word' id='word_1_241' title='bbox 1757 3003 1847 3075; x_wconf 82' lang='grc' dir='ltr'><strong>μή</strong></span> 
     </span>
    </p>
   </div>
   <div class='ocr_carea' id='block_1_33' title="bbox 242 3078 1847 3155">
    <p class='ocr_par' dir='ltr' id='par_1_33' title="bbox 242 3078 1847 3155">
     <span class='ocr_line' id='line_1_33' title="bbox 242 3078 1847 3155; baseline -0.003 -20"><span class='ocrx_word' id='word_1_242' title='bbox 242 3078 509 3149; x_wconf 70' lang='grc' dir='ltr'>ποιῆσαι</span> <span class='ocrx_word' id='word_1_243' title='bbox 542 3079 732 3133; x_wconf 78' lang='grc' dir='ltr'>κακὸν</span> <span class='ocrx_word' id='word_1_244' title='bbox 755 3078 975 3152; x_wconf 78' lang='grc' dir='ltr'>μηδὲν,</span> <span class='ocrx_word' id='word_1_245' title='bbox 1013 3078 1221 3149; x_wconf 75' lang='grc' dir='ltr'>ἵναμὴ</span> <span class='ocrx_word' id='word_1_246' title='bbox 1255 3081 1425 3150; x_wconf 74' lang='grc' dir='ltr'>ἡμεῖς</span> <span class='ocrx_word' id='word_1_247' title='bbox 1457 3082 1692 3154; x_wconf 79' lang='grc' dir='ltr'>δόκιμοι</span> <span class='ocrx_word' id='word_1_248' title='bbox 1730 3104 1847 3155; x_wconf 77' lang='grc' dir='ltr'>φα-</span> 
     </span>
    </p>
   </div>
   <div class='ocr_carea' id='block_1_34' title="bbox 241 3161 1847 3238">
    <p class='ocr_par' dir='ltr' id='par_1_34' title="bbox 241 3161 1847 3238">
     <span class='ocr_line' id='line_1_34' title="bbox 241 3161 1847 3238; baseline -0.004 -19"><span class='ocrx_word' id='word_1_249' title='bbox 241 3162 470 3234; x_wconf 71' lang='grc' dir='ltr'>νῶμεν.</span> <span class='ocrx_word' id='word_1_250' title='bbox 501 3164 611 3216; x_wconf 77' lang='lat' dir='ltr'><strong><em>Kal</em></strong></span> <span class='ocrx_word' id='word_1_251' title='bbox 636 3161 689 3215; x_wconf 85' lang='grc' dir='ltr'>τί</span> <span class='ocrx_word' id='word_1_252' title='bbox 721 3162 1054 3234; x_wconf 67' lang='grc' dir='ltr'>θαυμαστόν,</span> <span class='ocrx_word' id='word_1_253' title='bbox 1087 3164 1137 3217; x_wconf 91' lang='grc' dir='ltr'>εἰ</span> <span class='ocrx_word' id='word_1_254' title='bbox 1160 3163 1321 3233; x_wconf 82' lang='grc' dir='ltr'>δόξης</span> <span class='ocrx_word' id='word_1_255' title='bbox 1353 3172 1688 3238; x_wconf 77' lang='grc' dir='ltr'>καταφρονεῖ</span> <span class='ocrx_word' id='word_1_256' title='bbox 1717 3171 1847 3224; x_wconf 87' lang='grc' dir='ltr'>ταύ-</span> 
     </span>
    </p>
   </div>
   <div class='ocr_carea' id='block_1_35' title="bbox 242 3246 1848 3323">
    <p class='ocr_par' dir='ltr' id='par_1_35' title="bbox 242 3246 1848 3323">
     <span class='ocr_line' id='line_1_35' title="bbox 242 3246 1848 3323; baseline 0.004 -21"><span class='ocrx_word' id='word_1_257' title='bbox 242 3265 392 3319; x_wconf 75' lang='grc' dir='ltr'>τηςς</span> <span class='ocrx_word' id='word_1_258' title='bbox 446 3247 507 3301; x_wconf 85' lang='grc'>⁸0</span> <span class='ocrx_word' id='word_1_259' title='bbox 537 3246 645 3318; x_wconf 91' lang='grc' dir='ltr'>γάρ</span> <span class='ocrx_word' id='word_1_260' title='bbox 670 3246 773 3317; x_wconf 89' lang='grc' dir='ltr'>τῆς</span> <span class='ocrx_word' id='word_1_261' title='bbox 809 3247 924 3301; x_wconf 82' lang='grc' dir='ltr'>ἀνω</span> <span class='ocrx_word' id='word_1_262' title='bbox 958 3246 1120 3319; x_wconf 86' lang='grc' dir='ltr'>δόξης</span> <span class='ocrx_word' id='word_1_263' title='bbox 1159 3250 1520 3320; x_wconf 79' lang='grc' dir='ltr'>καταφρονῶν</span> <span class='ocrx_word' id='word_1_264' title='bbox 1562 3253 1656 3306; x_wconf 77' lang='grc' dir='ltr'>καὶ</span> <span class='ocrx_word' id='word_1_265' title='bbox 1693 3252 1848 3323; x_wconf 64' lang='grc' dir='ltr'>βασις</span> 
     </span>
    </p>
   </div>
   <div class='ocr_carea' id='block_1_36' title="bbox 243 3328 1845 3409">
    <p class='ocr_par' dir='ltr' id='par_1_36' title="bbox 243 3328 1845 3409">
     <span class='ocr_line' id='line_1_36' title="bbox 243 3328 1845 3409; baseline 0.002 -24"><span class='ocrx_word' id='word_1_266' title='bbox 243 3331 400 3395; x_wconf 78' lang='grc' dir='ltr'>λείας</span> <span class='ocrx_word' id='word_1_267' title='bbox 422 3330 517 3385; x_wconf 81' lang='grc' dir='ltr'>καὶ</span> <span class='ocrx_word' id='word_1_268' title='bbox 544 3330 770 3400; x_wconf 85' lang='grc' dir='ltr'>γεέννης</span> <span class='ocrx_word' id='word_1_269' title='bbox 798 3329 890 3383; x_wconf 89' lang='grc' dir='ltr'>διά</span> <span class='ocrx_word' id='word_1_270' title='bbox 918 3328 979 3382; x_wconf 78' lang='grc' dir='ltr'>τὸ</span> <span class='ocrx_word' id='word_1_271' title='bbox 1007 3329 1086 3401; x_wconf 81' lang='grc' dir='ltr'>τῷ</span> <span class='ocrx_word' id='word_1_272' title='bbox 1110 3329 1335 3401; x_wconf 81' lang='grc' dir='ltr'>Χριστῷ</span> <span class='ocrx_word' id='word_1_273' title='bbox 1364 3331 1558 3387; x_wconf 81' lang='grc' dir='ltr'>δοκοῦν</span> <span class='ocrx_word' id='word_1_274' title='bbox 1588 3334 1706 3404; x_wconf 85' lang='grc' dir='ltr'>(καὶ</span> <span class='ocrx_word' id='word_1_275' title='bbox 1734 3336 1845 3409; x_wconf 84' lang='grc' dir='ltr'>γάρ</span> 
     </span>
    </p>
   </div>
   <div class='ocr_carea' id='block_1_37' title="bbox 242 3408 1844 3488">
    <p class='ocr_par' dir='ltr' id='par_1_37' title="bbox 242 3408 1844 3488">
     <span class='ocr_line' id='line_1_37' title="bbox 242 3408 1844 3488; baseline 0.003 -19"><span class='ocrx_word' id='word_1_276' title='bbox 242 3414 503 3484; x_wconf 73' lang='grc' dir='ltr'>ἀνάθεμα</span> <span class='ocrx_word' id='word_1_277' title='bbox 523 3412 742 3484; x_wconf 76' lang='grc' dir='ltr'>εὔχεται</span> <span class='ocrx_word' id='word_1_278' title='bbox 771 3408 914 3466; x_wconf 79' lang='grc' dir='ltr'>εἶναι</span> <span class='ocrx_word' id='word_1_279' title='bbox 934 3411 1044 3466; x_wconf 77' lang='grc' dir='ltr'>ἀπὺ</span> <span class='ocrx_word' id='word_1_280' title='bbox 1067 3411 1163 3466; x_wconf 86' lang='grc' dir='ltr'>τοῦ</span> <span class='ocrx_word' id='word_1_281' title='bbox 1194 3413 1433 3485; x_wconf 78' lang='grc' dir='ltr'>Χριστοῦ</span> <span class='ocrx_word' id='word_1_282' title='bbox 1457 3416 1598 3488; x_wconf 84' lang='grc' dir='ltr'>ὑπὲρ</span> <span class='ocrx_word' id='word_1_283' title='bbox 1624 3417 1723 3487; x_wconf 88' lang='grc' dir='ltr'>τῆς</span> <span class='ocrx_word' id='word_1_284' title='bbox 1748 3408 1844 3475; x_wconf 89' lang='grc' dir='ltr'>τοῦ</span> 
     </span>
    </p>
   </div>
   <div class='ocr_carea' id='block_1_38' title="bbox 246 3493 1843 3576">
    <p class='ocr_par' dir='ltr' id='par_1_38' title="bbox 246 3493 1843 3576">
     <span class='ocr_line' id='line_1_38' title="bbox 246 3493 1843 3576; baseline 0.001 -22"><span class='ocrx_word' id='word_1_285' title='bbox 246 3496 493 3568; x_wconf 79' lang='grc' dir='ltr'>Χριστοῦ</span> <span class='ocrx_word' id='word_1_286' title='bbox 516 3495 678 3566; x_wconf 85' lang='grc' dir='ltr'>δόξης</span> <span class='ocrx_word' id='word_1_287' title='bbox 702 3511 718 3527; x_wconf 78' lang='grc'><em>’</em></span> <span class='ocrx_word' id='word_1_288' title='bbox 750 3493 855 3549; x_wconf 78' lang='grc' dir='ltr'>κάν</span> <span class='ocrx_word' id='word_1_289' title='bbox 887 3495 999 3567; x_wconf 74' lang='grc' dir='ltr'>γὰρ</span> <span class='ocrx_word' id='word_1_290' title='bbox 1026 3495 1170 3568; x_wconf 67' lang='grc' dir='ltr'>ὑπὲρ</span> <span class='ocrx_word' id='word_1_291' title='bbox 1210 3495 1486 3553; x_wconf 86' lang='grc' dir='ltr'>Ἰουδαίων</span> <span class='ocrx_word' id='word_1_292' title='bbox 1519 3498 1681 3555; x_wconf 86' lang='grc' dir='ltr'>τοῦτο</span> <span class='ocrx_word' id='word_1_293' title='bbox 1710 3501 1843 3576; x_wconf 81' lang='grc' dir='ltr'>λέγῃ</span> 
     </span>
    </p>
   </div>
   <div class='ocr_carea' id='block_1_39' title="bbox 247 3576 1846 3657">
    <p class='ocr_par' dir='ltr' id='par_1_39' title="bbox 247 3576 1846 3657">
     <span class='ocr_line' id='line_1_39' title="bbox 247 3576 1846 3657; baseline 0.005 -26"><span class='ocrx_word' id='word_1_294' title='bbox 247 3578 540 3649; x_wconf 84' lang='grc' dir='ltr'>βούλεσθαι</span> <span class='ocrx_word' id='word_1_295' title='bbox 575 3578 827 3647; x_wconf 83' lang='grc' dir='ltr'>πάσχειν,</span> <span class='ocrx_word' id='word_1_296' title='bbox 855 3576 947 3631; x_wconf 90' lang='grc' dir='ltr'>διά</span> <span class='ocrx_word' id='word_1_297' title='bbox 972 3577 1132 3632; x_wconf 89' lang='grc' dir='ltr'>τοῦτο</span> <span class='ocrx_word' id='word_1_298' title='bbox 1164 3578 1337 3645; x_wconf 88' lang='grc' dir='ltr'>λέγει,</span> <span class='ocrx_word' id='word_1_299' title='bbox 1378 3580 1467 3635; x_wconf 85' lang='grc' dir='ltr'>ἵνα</span> <span class='ocrx_word' id='word_1_300' title='bbox 1496 3582 1573 3654; x_wconf 77' lang='grc' dir='ltr'>μή</span> <span class='ocrx_word' id='word_1_301' title='bbox 1598 3583 1728 3657; x_wconf 89' lang='grc' dir='ltr'>δόξῃ</span> <span class='ocrx_word' id='word_1_302' title='bbox 1757 3603 1846 3650; x_wconf 89' lang='grc' dir='ltr'>τις</span> 
     </span>
    </p>
   </div>
   <div class='ocr_carea' id='block_1_40' title="bbox 244 3658 1845 3732">
    <p class='ocr_par' dir='ltr' id='par_1_40' title="bbox 244 3658 1845 3732">
     <span class='ocr_line' id='line_1_40' title="bbox 244 3658 1845 3732; baseline 0.005 -18"><span class='ocrx_word' id='word_1_303' title='bbox 244 3661 362 3716; x_wconf 85' lang='grc' dir='ltr'>τῶν</span> <span class='ocrx_word' id='word_1_304' title='bbox 407 3662 651 3732; x_wconf 82' lang='grc' dir='ltr'>ἀνοήτων</span> <span class='ocrx_word' id='word_1_305' title='bbox 694 3658 1165 3730; x_wconf 82' lang='grc' dir='ltr'>ἐπιλαμϐάνεσθαι</span> <span class='ocrx_word' id='word_1_306' title='bbox 1200 3660 1310 3715; x_wconf 86' lang='grc' dir='ltr'>τῶν</span> <span class='ocrx_word' id='word_1_307' title='bbox 1347 3663 1693 3732; x_wconf 83' lang='grc' dir='ltr'>ἐπαγγελιῶν</span> <span class='ocrx_word' id='word_1_308' title='bbox 1735 3666 1845 3723; x_wconf 86' lang='grc' dir='ltr'>τῶν</span> 
     </span>
    </p>
   </div>
   <div class='ocr_carea' id='block_1_41' title="bbox 245 3741 1845 3819">
    <p class='ocr_par' dir='ltr' id='par_1_41' title="bbox 245 3741 1845 3819">
     <span class='ocr_line' id='line_1_41' title="bbox 245 3741 1845 3819; baseline 0.003 -21"><span class='ocrx_word' id='word_1_309' title='bbox 245 3745 388 3817; x_wconf 76' lang='grc' dir='ltr'>πρὸς</span> <span class='ocrx_word' id='word_1_310' title='bbox 422 3743 621 3806; x_wconf 85' lang='grc' dir='ltr'>αὐτοὺς</span> <span class='ocrx_word' id='word_1_311' title='bbox 647 3741 1056 3813; x_wconf 80' lang='grc' dir='ltr'>γεγενημένων)</span> <span class='ocrx_word' id='word_1_312' title='bbox 1082 3759 1098 3774; x_wconf 88' lang='grc'><strong>·</strong></span> <span class='ocrx_word' id='word_1_313' title='bbox 1138 3743 1189 3795; x_wconf 87' lang='grc' dir='ltr'>εί</span> <span class='ocrx_word' id='word_1_314' title='bbox 1223 3743 1406 3799; x_wconf 83' lang='grc' dir='ltr'>τοίνυν</span> <span class='ocrx_word' id='word_1_315' title='bbox 1444 3747 1631 3801; x_wconf 80' lang='grc' dir='ltr'>ἐκεῖνα</span> <span class='ocrx_word' id='word_1_316' title='bbox 1660 3764 1845 3819; x_wconf 89' lang='grc' dir='ltr'>παρα-</span> 
     </span>
    </p>
   </div>
   <div class='ocr_carea' id='block_1_42' title="bbox 242 3823 1843 3901">
    <p class='ocr_par' dir='ltr' id='par_1_42' title="bbox 242 3823 1843 3901">
     <span class='ocr_line' id='line_1_42' title="bbox 242 3823 1843 3901; baseline 0.001 -21"><span class='ocrx_word' id='word_1_317' title='bbox 242 3827 478 3898; x_wconf 76' lang='grc' dir='ltr'>δραμεῖν</span> <span class='ocrx_word' id='word_1_318' title='bbox 523 3826 765 3895; x_wconf 65' lang='grc' dir='ltr'>ἕτοιμος,</span> <span class='ocrx_word' id='word_1_319' title='bbox 813 3825 869 3876; x_wconf 93' lang='grc' dir='ltr'>τί</span> <span class='ocrx_word' id='word_1_320' title='bbox 916 3823 1244 3896; x_wconf 80' lang='grc' dir='ltr'>θαυμάζεις,</span> <span class='ocrx_word' id='word_1_321' title='bbox 1300 3828 1350 3878; x_wconf 89' lang='grc' dir='ltr'>εἰ</span> <span class='ocrx_word' id='word_1_322' title='bbox 1398 3828 1470 3883; x_wconf 74' lang='grc' dir='ltr'>τά</span> <span class='ocrx_word' id='word_1_323' title='bbox 1535 3828 1843 3901; x_wconf 72' lang='grc' dir='ltr'>ἀνθρώπων</span> 
     </span>
    </p>
   </div>
   <div class='ocr_carea' id='block_1_43' title="bbox 248 3907 1844 3987">
    <p class='ocr_par' dir='ltr' id='par_1_43' title="bbox 248 3907 1844 3987">
     <span class='ocr_line' id='line_1_43' title="bbox 248 3907 1844 3987; baseline 0.008 -30"><span class='ocrx_word' id='word_1_324' title='bbox 248 3910 495 3981; x_wconf 75' lang='grc' dir='ltr'>ὑπερορᾷ</span> <span class='ocrx_word' id='word_1_325' title='bbox 519 3928 537 3979; x_wconf 86' lang='grc'>;</span> <span class='ocrx_word' id='word_1_326' title='bbox 574 3908 739 3962; x_wconf 80' lang='grc' dir='ltr'>Ἀλλά</span> <span class='ocrx_word' id='word_1_327' title='bbox 756 3908 883 3972; x_wconf 78' lang='grc' dir='ltr'>τοὺς</span> <span class='ocrx_word' id='word_1_328' title='bbox 912 3907 1009 3962; x_wconf 89' lang='grc' dir='ltr'>νῦν</span> <span class='ocrx_word' id='word_1_329' title='bbox 1038 3909 1255 3963; x_wconf 79' lang='grc' dir='ltr'>ἅπαντα</span> <span class='ocrx_word' id='word_1_330' title='bbox 1287 3909 1563 3980; x_wconf 78' lang='grc' dir='ltr'>βαπτίζει,</span> <span class='ocrx_word' id='word_1_331' title='bbox 1590 3914 1651 3967; x_wconf 89' lang='grc' dir='ltr'>οὐ</span> <span class='ocrx_word' id='word_1_332' title='bbox 1682 3914 1844 3987; x_wconf 82' lang='grc' dir='ltr'>δόξης</span> 
     </span>
    </p>
   </div>
   <div class='ocr_carea' id='block_1_44' title="bbox 245 3992 1843 4066">
    <p class='ocr_par' dir='ltr' id='par_1_44' title="bbox 245 3992 1843 4066">
     <span class='ocr_line' id='line_1_44' title="bbox 245 3992 1843 4066; baseline 0.005 -20"><span class='ocrx_word' id='word_1_333' title='bbox 245 3992 517 4064; x_wconf 83' lang='grc' dir='ltr'>ἐπιθυμία</span> <span class='ocrx_word' id='word_1_334' title='bbox 541 3993 723 4064; x_wconf 89' lang='grc' dir='ltr'>μόνον,</span> <span class='ocrx_word' id='word_1_335' title='bbox 752 3992 890 4047; x_wconf 88' lang='grc' dir='ltr'>ἀλλά</span> <span class='ocrx_word' id='word_1_336' title='bbox 920 3993 1015 4046; x_wconf 74' lang='grc' dir='ltr'>καὶ</span> <span class='ocrx_word' id='word_1_337' title='bbox 1049 3992 1363 4047; x_wconf 70' lang='grc' dir='ltr'>τιύναντίον</span> <span class='ocrx_word' id='word_1_338' title='bbox 1393 3993 1555 4066; x_wconf 82' lang='grc' dir='ltr'>ὕϐρις</span> <span class='ocrx_word' id='word_1_339' title='bbox 1606 3999 1703 4052; x_wconf 74' lang='grc' dir='ltr'>καὶ</span> <span class='ocrx_word' id='word_1_340' title='bbox 1733 4001 1843 4055; x_wconf 72' lang='grc' dir='ltr'>ἀτιο</span> 
     </span>
    </p>
   </div>
   <div class='ocr_carea' id='block_1_45' title="bbox 248 4074 1843 4150">
    <p class='ocr_par' dir='ltr' id='par_1_45' title="bbox 248 4074 1843 4150">
     <span class='ocr_line' id='line_1_45' title="bbox 248 4074 1843 4150; baseline 0.004 -20"><span class='ocrx_word' id='word_1_341' title='bbox 248 4077 379 4147; x_wconf 89' lang='grc' dir='ltr'>μίας</span> <span class='ocrx_word' id='word_1_342' title='bbox 406 4075 545 4140; x_wconf 81' lang='grc' dir='ltr'>δέος.</span> <span class='ocrx_word' id='word_1_343' title='bbox 575 4076 676 4130; x_wconf 78' lang='grc' dir='ltr'>’Ἂν</span> <span class='ocrx_word' id='word_1_344' title='bbox 695 4092 755 4129; x_wconf 88' lang='grc' dir='ltr'>τε</span> <span class='ocrx_word' id='word_1_345' title='bbox 780 4075 891 4145; x_wconf 81' lang='grc' dir='ltr'>γάρ</span> <span class='ocrx_word' id='word_1_346' title='bbox 922 4074 1187 4149; x_wconf 83' lang='grc' dir='ltr'>ἐπαινέσῃ</span> <span class='ocrx_word' id='word_1_347' title='bbox 1208 4093 1313 4139; x_wconf 90' lang='grc' dir='ltr'>τις,</span> <span class='ocrx_word' id='word_1_348' title='bbox 1343 4077 1648 4150; x_wconf 81' lang='grc' dir='ltr'>ἐφυσήθης,</span> <span class='ocrx_word' id='word_1_349' title='bbox 1677 4082 1745 4136; x_wconf 85' lang='grc' dir='ltr'>ἀν</span> <span class='ocrx_word' id='word_1_350' title='bbox 1780 4099 1843 4136; x_wconf 90' lang='grc' dir='ltr'>τε</span> 
     </span>
    </p>
   </div>
   <div class='ocr_carea' id='block_1_46' title="bbox 243 4156 1842 4233">
    <p class='ocr_par' dir='ltr' id='par_1_46' title="bbox 243 4156 1842 4233">
     <span class='ocr_line' id='line_1_46' title="bbox 243 4156 1842 4233; baseline 0.003 -21"><span class='ocrx_word' id='word_1_351' title='bbox 243 4158 406 4229; x_wconf 81' lang='grc' dir='ltr'>ψέξῃ,</span> <span class='ocrx_word' id='word_1_352' title='bbox 434 4156 776 4228; x_wconf 81' lang='grc' dir='ltr'>κατηνέχθης</span> <span class='ocrx_word' id='word_1_353' title='bbox 812 4156 901 4210; x_wconf 81' lang='grc' dir='ltr'>ἀν.</span> <span class='ocrx_word' id='word_1_354' title='bbox 949 4158 1060 4209; x_wconf 75' lang='grc' dir='ltr'>Καὶ</span> <span class='ocrx_word' id='word_1_355' title='bbox 1097 4158 1352 4227; x_wconf 86' lang='grc' dir='ltr'>καθάπερ</span> <span class='ocrx_word' id='word_1_356' title='bbox 1388 4160 1459 4213; x_wconf 92' lang='grc' dir='ltr'>τά</span> <span class='ocrx_word' id='word_1_357' title='bbox 1498 4161 1707 4233; x_wconf 82' lang='grc' dir='ltr'>ἀσθενῆ</span> <span class='ocrx_word' id='word_1_358' title='bbox 1734 4163 1842 4217; x_wconf 87' lang='grc' dir='ltr'>σώ-</span> 
     </span>
    </p>
   </div>
   <div class='ocr_carea' id='block_1_47' title="bbox 246 4237 1843 4311">
    <p class='ocr_par' dir='ltr' id='par_1_47' title="bbox 246 4237 1843 4311">
     <span class='ocr_line' id='line_1_47' title="bbox 246 4237 1843 4311; baseline 0.004 -17"><span class='ocrx_word' id='word_1_359' title='bbox 246 4258 398 4311; x_wconf 87' lang='grc' dir='ltr'>ματα</span> <span class='ocrx_word' id='word_1_360' title='bbox 424 4240 522 4293; x_wconf 73' lang='grc' dir='ltr'>καὶ</span> <span class='ocrx_word' id='word_1_361' title='bbox 560 4239 671 4292; x_wconf 76' lang='grc' dir='ltr'>ἀπὸ</span> <span class='ocrx_word' id='word_1_362' title='bbox 706 4237 817 4290; x_wconf 88' lang='grc' dir='ltr'>τῶν</span> <span class='ocrx_word' id='word_1_363' title='bbox 843 4238 1118 4307; x_wconf 87' lang='grc' dir='ltr'>τυχόντων</span> <span class='ocrx_word' id='word_1_364' title='bbox 1143 4240 1536 4309; x_wconf 76' lang='grc' dir='ltr'>ἐπηρεάζεται,</span> <span class='ocrx_word' id='word_1_365' title='bbox 1569 4243 1714 4297; x_wconf 81' lang='grc' dir='ltr'>οὕτω</span> <span class='ocrx_word' id='word_1_366' title='bbox 1747 4248 1843 4301; x_wconf 80' lang='grc' dir='ltr'>καὶ</span> 
     </span>
    </p>
   </div>
   <div class='ocr_carea' id='block_1_48' title="bbox 242 4318 1843 4395">
    <p class='ocr_par' dir='ltr' id='par_1_48' title="bbox 242 4318 1843 4395">
     <span class='ocr_line' id='line_1_48' title="bbox 242 4318 1843 4395; baseline 0 -16"><span class='ocrx_word' id='word_1_367' title='bbox 242 4326 302 4379; x_wconf 87' lang='grc' dir='ltr'>αἰ</span> <span class='ocrx_word' id='word_1_368' title='bbox 331 4319 662 4395; x_wconf 78' lang='grc' dir='ltr'>χαμαίζηλοι</span> <span class='ocrx_word' id='word_1_369' title='bbox 685 4319 880 4391; x_wconf 78' lang='grc' dir='ltr'>ψυχαί.</span> <span class='ocrx_word' id='word_1_370' title='bbox 924 4318 1063 4382; x_wconf 78' lang='grc' dir='ltr'>Τοὺς</span> <span class='ocrx_word' id='word_1_371' title='bbox 1108 4318 1218 4391; x_wconf 83' lang='grc' dir='ltr'>γὰρ</span> <span class='ocrx_word' id='word_1_372' title='bbox 1261 4319 1538 4386; x_wconf 88' lang='grc' dir='ltr'>τοιούτους</span> <span class='ocrx_word' id='word_1_373' title='bbox 1577 4324 1638 4377; x_wconf 89' lang='grc' dir='ltr'>οὐ</span> <span class='ocrx_word' id='word_1_374' title='bbox 1679 4328 1843 4383; x_wconf 83' lang='grc' dir='ltr'>πενία</span> 
     </span>
    </p>
   </div>
   <div class='ocr_carea' id='block_1_49' title="bbox 248 4400 1837 4477">
    <p class='ocr_par' dir='ltr' id='par_1_49' title="bbox 248 4400 1837 4477">
     <span class='ocr_line' id='line_1_49' title="bbox 248 4400 1837 4477; baseline 0.001 -16"><span class='ocrx_word' id='word_1_375' title='bbox 248 4408 433 4477; x_wconf 83' lang='grc' dir='ltr'>μόνον,</span> <span class='ocrx_word' id='word_1_376' title='bbox 463 4404 601 4460; x_wconf 83' lang='grc' dir='ltr'>ἀλλά</span> <span class='ocrx_word' id='word_1_377' title='bbox 620 4404 717 4457; x_wconf 79' lang='grc' dir='ltr'>καὶ</span> <span class='ocrx_word' id='word_1_378' title='bbox 752 4400 984 4466; x_wconf 86' lang='grc' dir='ltr'>πλοῦτος</span> <span class='ocrx_word' id='word_1_379' title='bbox 1013 4401 1334 4467; x_wconf 86' lang='grc' dir='ltr'>ἀπόλλυσιν,</span> <span class='ocrx_word' id='word_1_380' title='bbox 1365 4403 1427 4456; x_wconf 91' lang='grc' dir='ltr'>οὐ</span> <span class='ocrx_word' id='word_1_381' title='bbox 1457 4402 1604 4475; x_wconf 85' lang='grc' dir='ltr'>λύπη</span> <span class='ocrx_word' id='word_1_382' title='bbox 1651 4407 1837 4477; x_wconf 89' lang='grc' dir='ltr'>μόνον,</span> 
     </span>
    </p>
   </div>
   <div class='ocr_carea' id='block_1_50' title="bbox 241 4486 1839 4564">
    <p class='ocr_par' dir='ltr' id='par_1_50' title="bbox 241 4486 1839 4564">
     <span class='ocr_line' id='line_1_50' title="bbox 241 4486 1839 4564; baseline -0.001 -19"><span class='ocrx_word' id='word_1_383' title='bbox 241 4491 382 4546; x_wconf 85' lang='grc' dir='ltr'>ἀλλά</span> <span class='ocrx_word' id='word_1_384' title='bbox 412 4491 509 4543; x_wconf 81' lang='grc' dir='ltr'>καὶ</span> <span class='ocrx_word' id='word_1_385' title='bbox 535 4490 701 4563; x_wconf 89' lang='grc' dir='ltr'>χαρά,</span> <span class='ocrx_word' id='word_1_386' title='bbox 733 4487 829 4542; x_wconf 70' lang='grc' dir='ltr'>καὶ</span> <span class='ocrx_word' id='word_1_387' title='bbox 872 4486 942 4541; x_wconf 88' lang='grc' dir='ltr'>τά</span> <span class='ocrx_word' id='word_1_388' title='bbox 980 4486 1197 4558; x_wconf 89' lang='grc' dir='ltr'>χρηστά</span> <span class='ocrx_word' id='word_1_389' title='bbox 1230 4486 1432 4559; x_wconf 76' lang='grc' dir='ltr'>μᾶλλον</span> <span class='ocrx_word' id='word_1_390' title='bbox 1486 4486 1520 4558; x_wconf 78' lang='grc' dir='ltr'>ἢ</span> <span class='ocrx_word' id='word_1_391' title='bbox 1555 4488 1623 4542; x_wconf 90' lang='grc' dir='ltr'>τά</span> <span class='ocrx_word' id='word_1_392' title='bbox 1662 4489 1839 4564; x_wconf 87' lang='grc' dir='ltr'>λυπη-</span> 
     </span>
    </p>
   </div>
   <div class='ocr_carea' id='block_1_51' title="bbox 243 4569 1839 4643">
    <p class='ocr_par' dir='ltr' id='par_1_51' title="bbox 243 4569 1839 4643">
     <span class='ocr_line' id='line_1_51' title="bbox 243 4569 1839 4643; baseline 0.003 -18"><span class='ocrx_word' id='word_1_393' title='bbox 243 4576 336 4637; x_wconf 77' lang='grc' dir='ltr'>ρά.</span> <span class='ocrx_word' id='word_1_394' title='bbox 385 4574 450 4626; x_wconf 83' lang='grc' dir='ltr'><strong>Ἦ</strong></span> <span class='ocrx_word' id='word_1_395' title='bbox 491 4573 591 4643; x_wconf 63' lang='grc' dir='ltr'>μιν</span> <span class='ocrx_word' id='word_1_396' title='bbox 626 4572 737 4643; x_wconf 72' lang='grc' dir='ltr'>γάρ</span> <span class='ocrx_word' id='word_1_397' title='bbox 777 4570 939 4625; x_wconf 84' lang='grc' dir='ltr'>πενία</span> <span class='ocrx_word' id='word_1_398' title='bbox 979 4572 1076 4625; x_wconf 68' lang='grc' dir='ltr'>καὶ</span> <span class='ocrx_word' id='word_1_399' title='bbox 1111 4572 1415 4640; x_wconf 80' lang='grc' dir='ltr'>σωφρονεῖν</span> <span class='ocrx_word' id='word_1_400' title='bbox 1449 4569 1775 4641; x_wconf 78' lang='grc' dir='ltr'>ἀναγκάζει,</span> <span class='ocrx_word' id='word_1_401' title='bbox 1808 4577 1839 4630; x_wconf 97' lang='lat'>6</span> 
     </span>
    </p>
   </div>
   <div class='ocr_carea' id='block_1_52' title="bbox 234 4653 1836 4727">
    <p class='ocr_par' dir='ltr' id='par_1_52' title="bbox 234 4653 1836 4727">
     <span class='ocr_line' id='line_1_52' title="bbox 234 4653 1836 4727; baseline 0.006 -19"><span class='ocrx_word' id='word_1_402' title='bbox 234 4655 301 4710; x_wconf 76' lang='grc' dir='ltr'>δέ</span> <span class='ocrx_word' id='word_1_403' title='bbox 329 4655 560 4718; x_wconf 76' lang='grc' dir='ltr'>πλοῦτος</span> <span class='ocrx_word' id='word_1_404' title='bbox 589 4654 686 4708; x_wconf 77' lang='grc' dir='ltr'>καὶ</span> <span class='ocrx_word' id='word_1_405' title='bbox 723 4656 804 4717; x_wconf 87' lang='grc' dir='ltr'>εἰς</span> <span class='ocrx_word' id='word_1_406' title='bbox 850 4654 1021 4709; x_wconf 84' lang='grc' dir='ltr'>κακόν</span> <span class='ocrx_word' id='word_1_407' title='bbox 1050 4672 1104 4707; x_wconf 93' lang='grc' dir='ltr'>τι</span> <span class='ocrx_word' id='word_1_408' title='bbox 1145 4654 1289 4725; x_wconf 87' lang='grc' dir='ltr'>μέγα</span> <span class='ocrx_word' id='word_1_409' title='bbox 1318 4653 1503 4722; x_wconf 84' lang='grc' dir='ltr'>ἐξάγει</span> <span class='ocrx_word' id='word_1_410' title='bbox 1550 4656 1836 4727; x_wconf 82' lang='grc' dir='ltr'>πολλάκις.</span> 
     </span>
    </p>
   </div>
   <div class='ocr_carea' id='block_1_53' title="bbox 241 4736 1837 4816">
    <p class='ocr_par' dir='ltr' id='par_1_53' title="bbox 241 4736 1837 4816">
     <span class='ocr_line' id='line_1_53' title="bbox 241 4736 1837 4816; baseline 0.004 -25"><span class='ocrx_word' id='word_1_411' title='bbox 241 4738 351 4791; x_wconf 72' lang='grc' dir='ltr'>Καὶ</span> <span class='ocrx_word' id='word_1_412' title='bbox 378 4736 571 4807; x_wconf 83' lang='grc' dir='ltr'>ὥσπερ</span> <span class='ocrx_word' id='word_1_413' title='bbox 609 4738 660 4790; x_wconf 92' lang='grc' dir='ltr'>οἰ</span> <span class='ocrx_word' id='word_1_414' title='bbox 695 4737 1056 4807; x_wconf 84' lang='grc' dir='ltr'>πυρέττοντες</span> <span class='ocrx_word' id='word_1_415' title='bbox 1089 4737 1228 4808; x_wconf 78' lang='grc' dir='ltr'>πρὸς</span> <span class='ocrx_word' id='word_1_416' title='bbox 1257 4736 1439 4791; x_wconf 80' lang='grc' dir='ltr'>πάντα</span> <span class='ocrx_word' id='word_1_417' title='bbox 1470 4740 1577 4792; x_wconf 82' lang='grc' dir='ltr'>εἰσί</span> <span class='ocrx_word' id='word_1_418' title='bbox 1599 4741 1837 4816; x_wconf 83' lang='grc' dir='ltr'>δυσάρε-</span> 
     </span>
    </p>
   </div>
   <div class='ocr_carea' id='block_1_54' title="bbox 244 4816 1838 4894">
    <p class='ocr_par' dir='ltr' id='par_1_54' title="bbox 244 4816 1838 4894">
     <span class='ocr_line' id='line_1_54' title="bbox 244 4816 1838 4894; baseline 0.006 -20"><span class='ocrx_word' id='word_1_419' title='bbox 244 4836 383 4885; x_wconf 88' lang='grc' dir='ltr'>στοι,</span> <span class='ocrx_word' id='word_1_420' title='bbox 407 4816 552 4871; x_wconf 75' lang='grc' dir='ltr'>οὕτω</span> <span class='ocrx_word' id='word_1_421' title='bbox 576 4820 672 4872; x_wconf 76' lang='grc' dir='ltr'>καὶ</span> <span class='ocrx_word' id='word_1_422' title='bbox 708 4820 760 4873; x_wconf 89' lang='grc' dir='ltr'>οἰ</span> <span class='ocrx_word' id='word_1_423' title='bbox 797 4820 1188 4893; x_wconf 79' lang='grc' dir='ltr'>διεφθαρμένοι</span> <span class='ocrx_word' id='word_1_424' title='bbox 1225 4820 1327 4889; x_wconf 80' lang='grc' dir='ltr'>τήν</span> <span class='ocrx_word' id='word_1_425' title='bbox 1355 4819 1536 4894; x_wconf 79' lang='grc' dir='ltr'>ψυχὴν</span> <span class='ocrx_word' id='word_1_426' title='bbox 1567 4826 1838 4883; x_wconf 85' lang='grc' dir='ltr'>πάντοθεν</span> 
     </span>
    </p>
   </div>
   <div class='ocr_carea' id='block_1_55' title="bbox 240 4901 596 4973">
    <p class='ocr_par' dir='ltr' id='par_1_55' title="bbox 240 4901 596 4973">
     <span class='ocr_line' id='line_1_55' title="bbox 240 4901 596 4973; baseline 0 -18"><span class='ocrx_word' id='word_1_427' title='bbox 240 4901 596 4973; x_wconf 78' lang='grc' dir='ltr'>πλήττονται.</span> 
     </span>
    </p>
   </div>
   <div class='ocr_carea' id='block_1_56' title="bbox 314 5055 1837 5140">
    <p class='ocr_par' dir='ltr' id='par_1_56' title="bbox 314 5055 1837 5140">
     <span class='ocr_line' id='line_1_56' title="bbox 314 5055 1837 5140; baseline 0.005 -27"><span class='ocrx_word' id='word_1_428' title='bbox 314 5066 390 5126; x_wconf 80' lang='grc' dir='ltr'>ς’.</span> <span class='ocrx_word' id='word_1_429' title='bbox 433 5058 599 5112; x_wconf 77' lang='grc' dir='ltr'>Ταῦτ’</span> <span class='ocrx_word' id='word_1_430' title='bbox 633 5055 733 5114; x_wconf 74' lang='grc' dir='ltr'>οὖν</span> <span class='ocrx_word' id='word_1_431' title='bbox 770 5062 1002 5127; x_wconf 79' lang='grc' dir='ltr'>εἰδότες,</span> <span class='ocrx_word' id='word_1_432' title='bbox 1044 5061 1120 5134; x_wconf 83' lang='grc' dir='ltr'>μὴ</span> <span class='ocrx_word' id='word_1_433' title='bbox 1166 5061 1360 5117; x_wconf 86' lang='grc' dir='ltr'>πενίαν</span> <span class='ocrx_word' id='word_1_434' title='bbox 1399 5063 1725 5136; x_wconf 75' lang='grc' dir='ltr'>φεύγωμεν,</span> <span class='ocrx_word' id='word_1_435' title='bbox 1760 5069 1837 5140; x_wconf 79' lang='grc' dir='ltr'>μή</span> 
     </span>
    </p>
   </div>
   <div class='ocr_carea' id='block_1_57' title="bbox 239 5142 1836 5219">
    <p class='ocr_par' dir='ltr' id='par_1_57' title="bbox 239 5142 1836 5219">
     <span class='ocr_line' id='line_1_57' title="bbox 239 5142 1836 5219; baseline 0.005 -22"><span class='ocrx_word' id='word_1_436' title='bbox 239 5142 472 5197; x_wconf 75' lang='grc' dir='ltr'>πλοῦτον</span> <span class='ocrx_word' id='word_1_437' title='bbox 488 5142 884 5215; x_wconf 76' lang='grc' dir='ltr'>θαυμάζωμεν,</span> <span class='ocrx_word' id='word_1_438' title='bbox 902 5146 1039 5200; x_wconf 83' lang='grc' dir='ltr'>ἀλλά</span> <span class='ocrx_word' id='word_1_439' title='bbox 1054 5146 1153 5219; x_wconf 81' lang='grc' dir='ltr'>τὴν</span> <span class='ocrx_word' id='word_1_440' title='bbox 1170 5147 1351 5219; x_wconf 79' lang='grc' dir='ltr'>ψυχὴν</span> <span class='ocrx_word' id='word_1_441' title='bbox 1367 5147 1503 5217; x_wconf 84' lang='grc' dir='ltr'>πρὸς</span> <span class='ocrx_word' id='word_1_442' title='bbox 1514 5148 1694 5203; x_wconf 86' lang='grc' dir='ltr'>πάντα</span> <span class='ocrx_word' id='word_1_443' title='bbox 1712 5151 1836 5204; x_wconf 86' lang='grc' dir='ltr'>ἰκα-</span> 
     </span>
    </p>
   </div>
   <div class='ocr_carea' id='block_1_58' title="bbox 239 5226 1837 5302">
    <p class='ocr_par' dir='ltr' id='par_1_58' title="bbox 239 5226 1837 5302">
     <span class='ocr_line' id='line_1_58' title="bbox 239 5226 1837 5302; baseline 0.003 -21"><span class='ocrx_word' id='word_1_444' title='bbox 239 5229 339 5299; x_wconf 80' lang='grc' dir='ltr'>νήν</span> <span class='ocrx_word' id='word_1_445' title='bbox 375 5226 907 5297; x_wconf 78' lang='grc' dir='ltr'>κατασκευάζωμεν.</span> <span class='ocrx_word' id='word_1_446' title='bbox 937 5231 1047 5283; x_wconf 77' lang='lat' dir='ltr'><strong><em>Kal</em></strong></span> <span class='ocrx_word' id='word_1_447' title='bbox 1067 5232 1180 5301; x_wconf 79' lang='grc' dir='ltr'>γάρ</span> <span class='ocrx_word' id='word_1_448' title='bbox 1210 5232 1390 5284; x_wconf 87' lang='grc' dir='ltr'>οἰκίαν</span> <span class='ocrx_word' id='word_1_449' title='bbox 1410 5249 1493 5295; x_wconf 88' lang='grc' dir='ltr'>τις</span> <span class='ocrx_word' id='word_1_450' title='bbox 1520 5231 1837 5302; x_wconf 87' lang='grc' dir='ltr'>οίκοδομού-</span> 
     </span>
    </p>
   </div>
   <div class='ocr_carea' id='block_1_59' title="bbox 243 5306 1833 5387">
    <p class='ocr_par' dir='ltr' id='par_1_59' title="bbox 243 5306 1833 5387">
     <span class='ocr_line' id='line_1_59' title="bbox 243 5306 1833 5387; baseline 0.004 -24"><span class='ocrx_word' id='word_1_451' title='bbox 243 5325 430 5382; x_wconf 82' lang='grc' dir='ltr'>μενος,</span> <span class='ocrx_word' id='word_1_452' title='bbox 455 5307 517 5362; x_wconf 91' lang='grc' dir='ltr'>οὐ</span> <span class='ocrx_word' id='word_1_453' title='bbox 548 5306 709 5360; x_wconf 75' lang='grc' dir='ltr'>τοῦτο</span> <span class='ocrx_word' id='word_1_454' title='bbox 751 5315 968 5376; x_wconf 74' lang='grc' dir='ltr'>σκοπεῖ,</span> <span class='ocrx_word' id='word_1_455' title='bbox 994 5315 1146 5378; x_wconf 82' lang='grc' dir='ltr'>ὅπως</span> <span class='ocrx_word' id='word_1_456' title='bbox 1182 5317 1321 5385; x_wconf 87' lang='grc' dir='ltr'>μήτε</span> <span class='ocrx_word' id='word_1_457' title='bbox 1348 5316 1503 5379; x_wconf 82' lang='grc' dir='ltr'>ὑετὸς</span> <span class='ocrx_word' id='word_1_458' title='bbox 1540 5316 1627 5367; x_wconf 83' lang='grc' dir='ltr'>ἐπ’</span> <span class='ocrx_word' id='word_1_459' title='bbox 1660 5316 1833 5387; x_wconf 76' lang='grc' dir='ltr'>αὐτὴν</span> 
     </span>
    </p>
   </div>
   <div class='ocr_carea' id='block_1_60' title="bbox 238 5391 1829 5471">
    <p class='ocr_par' dir='ltr' id='par_1_60' title="bbox 238 5391 1829 5471">
     <span class='ocr_line' id='line_1_60' title="bbox 238 5391 1829 5471; baseline 0.003 -22"><span class='ocrx_word' id='word_1_460' title='bbox 238 5391 619 5465; x_wconf 86' lang='grc' dir='ltr'>κατενεχθείη,</span> <span class='ocrx_word' id='word_1_461' title='bbox 645 5392 794 5463; x_wconf 83' lang='grc' dir='ltr'>μήτε</span> <span class='ocrx_word' id='word_1_462' title='bbox 807 5394 967 5459; x_wconf 73' lang='grc' dir='ltr'>ἀκτὶς</span> <span class='ocrx_word' id='word_1_463' title='bbox 991 5397 1138 5453; x_wconf 68' lang='grc' dir='ltr'>ἔλθοι</span> <span class='ocrx_word' id='word_1_464' title='bbox 1154 5414 1167 5427; x_wconf 89' lang='grc'><strong>·</strong></span> <span class='ocrx_word' id='word_1_465' title='bbox 1195 5399 1352 5452; x_wconf 81' lang='grc' dir='ltr'>τοῦτο</span> <span class='ocrx_word' id='word_1_466' title='bbox 1376 5400 1486 5471; x_wconf 85' lang='grc' dir='ltr'>γὰρ</span> <span class='ocrx_word' id='word_1_467' title='bbox 1514 5402 1795 5471; x_wconf 85' lang='grc' dir='ltr'>ἀμήχανον</span> <span class='ocrx_word' id='word_1_468' title='bbox 1816 5417 1829 5432; x_wconf 88' lang='grc'><strong>·</strong></span> 
     </span>
    </p>
   </div>
   <div class='ocr_carea' id='block_1_61' title="bbox 237 5475 1834 5555">
    <p class='ocr_par' dir='ltr' id='par_1_61' title="bbox 237 5475 1834 5555">
     <span class='ocr_line' id='line_1_61' title="bbox 237 5475 1834 5555; baseline 0.005 -25"><span class='ocrx_word' id='word_1_469' title='bbox 237 5475 356 5531; x_wconf 78' lang='grc' dir='ltr'>ἀλλ’</span> <span class='ocrx_word' id='word_1_470' title='bbox 390 5478 543 5540; x_wconf 81' lang='grc' dir='ltr'>ὅπως</span> <span class='ocrx_word' id='word_1_471' title='bbox 579 5476 719 5546; x_wconf 76' lang='grc' dir='ltr'>αὐτὴ</span> <span class='ocrx_word' id='word_1_472' title='bbox 766 5478 927 5548; x_wconf 78' lang='grc' dir='ltr'>ἱκανή</span> <span class='ocrx_word' id='word_1_473' title='bbox 959 5480 1171 5547; x_wconf 87' lang='grc' dir='ltr'>γένοιτο</span> <span class='ocrx_word' id='word_1_474' title='bbox 1213 5485 1388 5537; x_wconf 87' lang='grc' dir='ltr'>πάντα</span> <span class='ocrx_word' id='word_1_475' title='bbox 1422 5484 1629 5555; x_wconf 86' lang='grc' dir='ltr'>φέρειν.</span> <span class='ocrx_word' id='word_1_476' title='bbox 1666 5485 1775 5537; x_wconf 84' lang='lat' dir='ltr'><strong><em>Kal</em></strong></span> <span class='ocrx_word' id='word_1_477' title='bbox 1806 5487 1834 5538; x_wconf 92' lang='lat'>6</span> 
     </span>
    </p>
   </div>
   <div class='ocr_carea' id='block_1_62' title="bbox 240 5559 1833 5638">
    <p class='ocr_par' dir='ltr' id='par_1_62' title="bbox 240 5559 1833 5638">
     <span class='ocr_line' id='line_1_62' title="bbox 240 5559 1833 5638; baseline 0.004 -25"><span class='ocrx_word' id='word_1_478' title='bbox 240 5559 430 5613; x_wconf 81' lang='grc' dir='ltr'>πλοῖον</span> <span class='ocrx_word' id='word_1_479' title='bbox 456 5560 518 5613; x_wconf 72' lang='grc' dir='ltr'>δὲ</span> <span class='ocrx_word' id='word_1_480' title='bbox 540 5559 979 5628; x_wconf 82' lang='grc' dir='ltr'>τεκταινόμενος,</span> <span class='ocrx_word' id='word_1_481' title='bbox 1015 5563 1114 5632; x_wconf 90' lang='grc' dir='ltr'>οὐχ</span> <span class='ocrx_word' id='word_1_482' title='bbox 1148 5564 1295 5627; x_wconf 81' lang='grc' dir='ltr'>ὅπως</span> <span class='ocrx_word' id='word_1_483' title='bbox 1327 5567 1401 5634; x_wconf 85' lang='grc' dir='ltr'>μὴ</span> <span class='ocrx_word' id='word_1_484' title='bbox 1437 5568 1658 5638; x_wconf 88' lang='grc' dir='ltr'>κύματα</span> <span class='ocrx_word' id='word_1_485' title='bbox 1681 5566 1833 5638; x_wconf 85' lang='grc' dir='ltr'>αὐτῷ</span> 
     </span>
    </p>
   </div>
   <div class='ocr_carea' id='block_1_63' title="bbox 243 5641 1831 5719">
    <p class='ocr_par' dir='ltr' id='par_1_63' title="bbox 243 5641 1831 5719">
     <span class='ocr_line' id='line_1_63' title="bbox 243 5641 1831 5719; baseline 0.005 -24"><span class='ocrx_word' id='word_1_486' title='bbox 243 5641 599 5713; x_wconf 79' lang='grc' dir='ltr'>προσρήξειε,</span> <span class='ocrx_word' id='word_1_487' title='bbox 630 5642 768 5714; x_wconf 86' lang='grc' dir='ltr'>μηδέ</span> <span class='ocrx_word' id='word_1_488' title='bbox 799 5642 1007 5713; x_wconf 84' lang='grc' dir='ltr'>χειμὼν</span> <span class='ocrx_word' id='word_1_489' title='bbox 1040 5645 1235 5716; x_wconf 83' lang='grc' dir='ltr'>ἀρθείη</span> <span class='ocrx_word' id='word_1_490' title='bbox 1266 5648 1567 5719; x_wconf 84' lang='grc' dir='ltr'>θαλάσσης,</span> <span class='ocrx_word' id='word_1_491' title='bbox 1604 5652 1751 5702; x_wconf 88' lang='grc' dir='ltr'>ποιεῖ</span> <span class='ocrx_word' id='word_1_492' title='bbox 1777 5667 1831 5703; x_wconf 90' lang='grc' dir='ltr'>τι</span> 
     </span>
    </p>
   </div>
   <div class='ocr_carea' id='block_1_64' title="bbox 246 5727 1827 5806">
    <p class='ocr_par' dir='ltr' id='par_1_64' title="bbox 246 5727 1827 5806">
     <span class='ocr_line' id='line_1_64' title="bbox 246 5727 1827 5806; baseline 0.006 -27"><span class='ocrx_word' id='word_1_493' title='bbox 246 5727 339 5779; x_wconf 76' lang='grc' dir='ltr'>καὶ</span> <span class='ocrx_word' id='word_1_494' title='bbox 412 5728 720 5797; x_wconf 76' lang='grc' dir='ltr'>μηχανᾶται</span> <span class='ocrx_word' id='word_1_495' title='bbox 744 5743 758 5755; x_wconf 82' lang='lat'><strong>&#39;</strong></span> <span class='ocrx_word' id='word_1_496' title='bbox 803 5728 898 5783; x_wconf 74' lang='grc' dir='ltr'>καὶ</span> <span class='ocrx_word' id='word_1_497' title='bbox 955 5728 1064 5800; x_wconf 81' lang='grc' dir='ltr'>γὰρ</span> <span class='ocrx_word' id='word_1_498' title='bbox 1130 5732 1225 5784; x_wconf 78' lang='grc' dir='ltr'>καὶ</span> <span class='ocrx_word' id='word_1_499' title='bbox 1274 5732 1433 5788; x_wconf 82' lang='grc' dir='ltr'>τοῦτο</span> <span class='ocrx_word' id='word_1_500' title='bbox 1504 5735 1788 5806; x_wconf 80' lang='grc' dir='ltr'>ἀμήχανον</span> <span class='ocrx_word' id='word_1_501' title='bbox 1814 5751 1827 5765; x_wconf 89' lang='grc'><strong>·</strong></span> 
     </span>
    </p>
   </div>
   <div class='ocr_carea' id='block_1_65' title="bbox 1368 329 2617 393">
    <p class='ocr_par' dir='ltr' id='par_1_65' title="bbox 1368 329 2617 393">
     <span class='ocr_line' id='line_1_65' title="bbox 1368 329 2617 393; baseline 0 0"><span class='ocrx_word' id='word_1_502' title='bbox 1368 332 1437 393; x_wconf 80' lang='lat' dir='ltr'>IN</span> <span class='ocrx_word' id='word_1_503' title='bbox 1468 332 1692 393; x_wconf 78' lang='lat' dir='ltr'>EPIST.</span> <span class='ocrx_word' id='word_1_504' title='bbox 1728 331 1748 389; x_wconf 93' lang='grc' dir='ltr'><strong>Ι</strong></span> <span class='ocrx_word' id='word_1_505' title='bbox 1778 332 1872 389; x_wconf 75' lang='lat' dir='ltr'>AD</span> <span class='ocrx_word' id='word_1_506' title='bbox 1910 330 2072 393; x_wconf 63' lang='grc' dir='ltr'>σοι.</span> <span class='ocrx_word' id='word_1_507' title='bbox 2115 329 2359 391; x_wconf 68' lang='grc' dir='ltr'>ΒΟΗΙΙ..</span> <span class='ocrx_word' id='word_1_508' title='bbox 2394 332 2617 393; x_wconf 74' lang='lat' dir='ltr'><strong>XXXV.</strong></span> 
     </span>
    </p>
   </div>
   <div class='ocr_carea' id='block_1_66' title="bbox 3469 345 3578 403">
    <p class='ocr_par' dir='ltr' id='par_1_66' title="bbox 3469 345 3578 403">
     <span class='ocr_line' id='line_1_66' title="bbox 3469 345 3578 403; baseline 0.009 -1"><span class='ocrx_word' id='word_1_509' title='bbox 3469 345 3578 403; x_wconf 64' lang='lat'><strong>50‘</strong></span> 
     </span>
    </p>
   </div>
   <div class='ocr_carea' id='block_1_67' title="bbox 1985 447 3579 521">
    <p class='ocr_par' dir='ltr' id='par_1_67' title="bbox 1985 447 3579 521">
     <span class='ocr_line' id='line_1_67' title="bbox 1985 447 3579 521; baseline 0.006 -18"><span class='ocrx_word' id='word_1_510' title='bbox 1985 447 2101 503; x_wconf 85' lang='grc' dir='ltr'>ἀλλ’</span> <span class='ocrx_word' id='word_1_511' title='bbox 2129 447 2282 513; x_wconf 79' lang='grc' dir='ltr'>ὅπως</span> <span class='ocrx_word' id='word_1_512' title='bbox 2308 448 2359 502; x_wconf 83' lang='grc' dir='ltr'>οί</span> <span class='ocrx_word' id='word_1_513' title='bbox 2390 450 2559 519; x_wconf 84' lang='grc' dir='ltr'>τοῖχοι</span> <span class='ocrx_word' id='word_1_514' title='bbox 2586 450 2686 521; x_wconf 73' lang='grc' dir='ltr'>τῆς</span> <span class='ocrx_word' id='word_1_515' title='bbox 2724 447 2861 516; x_wconf 83' lang='grc' dir='ltr'>νεὼς</span> <span class='ocrx_word' id='word_1_516' title='bbox 2890 451 3026 521; x_wconf 80' lang='grc' dir='ltr'>πρὸς</span> <span class='ocrx_word' id='word_1_517' title='bbox 3058 452 3276 509; x_wconf 85' lang='grc' dir='ltr'>ἀπαντα</span> <span class='ocrx_word' id='word_1_518' title='bbox 3308 450 3421 511; x_wconf 75' lang='grc' dir='ltr'>εἰεν</span> <span class='ocrx_word' id='word_1_519' title='bbox 3456 458 3579 516; x_wconf 73' lang='grc' dir='ltr'>ἐπι.-</span> 
     </span>
    </p>
   </div>
   <div class='ocr_carea' id='block_1_68' title="bbox 1984 529 3579 609">
    <p class='ocr_par' dir='ltr' id='par_1_68' title="bbox 1984 529 3579 609">
     <span class='ocr_line' id='line_1_68' title="bbox 1984 529 3579 609; baseline 0.009 -29"><span class='ocrx_word' id='word_1_520' title='bbox 1984 529 2207 609; x_wconf 81' lang='grc' dir='ltr'>τήδειοι.</span> <span class='ocrx_word' id='word_1_521' title='bbox 2240 530 2353 584; x_wconf 82' lang='lat' dir='ltr'><strong><em>Kal</em></strong></span> <span class='ocrx_word' id='word_1_522' title='bbox 2385 530 2416 582; x_wconf 92' lang='lat'>6</span> <span class='ocrx_word' id='word_1_523' title='bbox 2462 529 2714 599; x_wconf 84' lang='grc' dir='ltr'>σώματος</span> <span class='ocrx_word' id='word_1_524' title='bbox 2753 534 3056 603; x_wconf 78' lang='grc' dir='ltr'>φροντίζων</span> <span class='ocrx_word' id='word_1_525' title='bbox 3097 536 3263 609; x_wconf 78' lang='grc' dir='ltr'>πάλιν</span> <span class='ocrx_word' id='word_1_526' title='bbox 3308 539 3370 591; x_wconf 92' lang='grc' dir='ltr'>οὐ</span> <span class='ocrx_word' id='word_1_527' title='bbox 3412 539 3579 595; x_wconf 81' lang='grc' dir='ltr'>τοῦτο</span> 
     </span>
    </p>
   </div>
   <div class='ocr_carea' id='block_1_69' title="bbox 1984 608 3567 687">
    <p class='ocr_par' dir='ltr' id='par_1_69' title="bbox 1984 608 3567 687">
     <span class='ocr_line' id='line_1_69' title="bbox 1984 608 3567 687; baseline 0.005 -21"><span class='ocrx_word' id='word_1_528' title='bbox 1984 608 2198 678; x_wconf 71' lang='grc' dir='ltr'>σκοπεῖ,</span> <span class='ocrx_word' id='word_1_529' title='bbox 2218 613 2367 676; x_wconf 83' lang='grc' dir='ltr'>ὅπως</span> <span class='ocrx_word' id='word_1_530' title='bbox 2399 613 2473 685; x_wconf 82' lang='grc' dir='ltr'>μὴ</span> <span class='ocrx_word' id='word_1_531' title='bbox 2498 613 2785 685; x_wconf 84' lang='grc' dir='ltr'>ἀνωμαλία</span> <span class='ocrx_word' id='word_1_532' title='bbox 2809 616 2992 686; x_wconf 85' lang='grc' dir='ltr'>ἀέρων</span> <span class='ocrx_word' id='word_1_533' title='bbox 3015 608 3249 685; x_wconf 85' lang='grc' dir='ltr'>γένοιτο,</span> <span class='ocrx_word' id='word_1_534' title='bbox 3282 618 3397 672; x_wconf 87' lang='grc' dir='ltr'>ἀλλ’</span> <span class='ocrx_word' id='word_1_535' title='bbox 3422 622 3567 687; x_wconf 80' lang='grc' dir='ltr'>ὅπως</span> 
     </span>
    </p>
   </div>
   <div class='ocr_carea' id='block_1_70' title="bbox 1980 693 3567 771">
    <p class='ocr_par' dir='ltr' id='par_1_70' title="bbox 1980 693 3567 771">
     <span class='ocr_line' id='line_1_70' title="bbox 1980 693 3567 771; baseline 0.007 -25"><span class='ocrx_word' id='word_1_536' title='bbox 1980 694 2043 746; x_wconf 77' lang='grc' dir='ltr'>τὸ</span> <span class='ocrx_word' id='word_1_537' title='bbox 2069 693 2231 767; x_wconf 83' lang='grc' dir='ltr'>σῶμα</span> <span class='ocrx_word' id='word_1_538' title='bbox 2269 694 2509 758; x_wconf 83' lang='grc' dir='ltr'>εὐκόλως</span> <span class='ocrx_word' id='word_1_539' title='bbox 2541 694 2757 751; x_wconf 68' lang='grc' dir='ltr'>ἅπαντα</span> <span class='ocrx_word' id='word_1_540' title='bbox 2787 698 2960 752; x_wconf 89' lang='grc' dir='ltr'>ταῦτα</span> <span class='ocrx_word' id='word_1_541' title='bbox 2993 699 3169 771; x_wconf 82' lang='grc' dir='ltr'>φέροι.</span> <span class='ocrx_word' id='word_1_542' title='bbox 3202 698 3360 755; x_wconf 76' lang='grc' dir='ltr'>Οὕτω</span> <span class='ocrx_word' id='word_1_543' title='bbox 3387 704 3567 757; x_wconf 79' lang='grc' dir='ltr'>τοίνυν</span> 
     </span>
    </p>
   </div>
   <div class='ocr_carea' id='block_1_71' title="bbox 1982 775 3569 852">
    <p class='ocr_par' dir='ltr' id='par_1_71' title="bbox 1982 775 3569 852">
     <span class='ocr_line' id='line_1_71' title="bbox 1982 775 3569 852; baseline 0.005 -23"><span class='ocrx_word' id='word_1_544' title='bbox 1982 775 2079 830; x_wconf 76' lang='grc' dir='ltr'>καὶ</span> <span class='ocrx_word' id='word_1_545' title='bbox 2099 776 2194 829; x_wconf 75' lang='grc' dir='ltr'>ἐπὶ</span> <span class='ocrx_word' id='word_1_546' title='bbox 2226 777 2327 841; x_wconf 82' lang='grc' dir='ltr'>τῆς</span> <span class='ocrx_word' id='word_1_547' title='bbox 2364 777 2547 848; x_wconf 75' lang='grc' dir='ltr'>ψυχῆς</span> <span class='ocrx_word' id='word_1_548' title='bbox 2584 778 2850 850; x_wconf 86' lang='grc' dir='ltr'>ποιῶμεν,</span> <span class='ocrx_word' id='word_1_549' title='bbox 2880 780 2977 835; x_wconf 74' lang='grc' dir='ltr'>καὶ</span> <span class='ocrx_word' id='word_1_550' title='bbox 3012 781 3089 852; x_wconf 84' lang='grc' dir='ltr'>μὴ</span> <span class='ocrx_word' id='word_1_551' title='bbox 3128 783 3277 845; x_wconf 77' lang='grc' dir='ltr'>ὅπως</span> <span class='ocrx_word' id='word_1_552' title='bbox 3306 782 3569 852; x_wconf 76' lang='grc' dir='ltr'>φύγωμεν</span> 
     </span>
    </p>
   </div>
   <div class='ocr_carea' id='block_1_72' title="bbox 1978 857 3565 936">
    <p class='ocr_par' dir='ltr' id='par_1_72' title="bbox 1978 857 3565 936">
     <span class='ocr_line' id='line_1_72' title="bbox 1978 857 3565 936; baseline 0.006 -26"><span class='ocrx_word' id='word_1_553' title='bbox 1978 858 2193 921; x_wconf 85' lang='grc' dir='ltr'>πενίαν,</span> <span class='ocrx_word' id='word_1_554' title='bbox 2224 857 2360 927; x_wconf 85' lang='grc' dir='ltr'>μηδέ</span> <span class='ocrx_word' id='word_1_555' title='bbox 2386 860 2537 923; x_wconf 85' lang='grc' dir='ltr'>ὅπως</span> <span class='ocrx_word' id='word_1_556' title='bbox 2564 861 2854 931; x_wconf 82' lang='grc' dir='ltr'>γενώμεθα</span> <span class='ocrx_word' id='word_1_557' title='bbox 2875 862 3121 917; x_wconf 88' lang='grc' dir='ltr'>πλούσιοι</span> <span class='ocrx_word' id='word_1_558' title='bbox 3148 864 3565 936; x_wconf 84' lang='grc' dir='ltr'>σπουδάζωμεν,</span> 
     </span>
    </p>
   </div>
   <div class='ocr_carea' id='block_1_73' title="bbox 1977 940 3565 1013">
    <p class='ocr_par' dir='ltr' id='par_1_73' title="bbox 1977 940 3565 1013">
     <span class='ocr_line' id='line_1_73' title="bbox 1977 940 3565 1013; baseline 0.004 -19"><span class='ocrx_word' id='word_1_559' title='bbox 1977 940 2093 994; x_wconf 83' lang='grc' dir='ltr'>ἀλλ’</span> <span class='ocrx_word' id='word_1_560' title='bbox 2114 941 2264 1005; x_wconf 80' lang='grc' dir='ltr'>ὅπως</span> <span class='ocrx_word' id='word_1_561' title='bbox 2281 942 2419 1012; x_wconf 74' lang='grc' dir='ltr'>πρὸς</span> <span class='ocrx_word' id='word_1_562' title='bbox 2434 943 2532 1011; x_wconf 82' lang='grc' dir='ltr'>τὴν</span> <span class='ocrx_word' id='word_1_563' title='bbox 2553 943 2764 997; x_wconf 79' lang='grc' dir='ltr'>ἑαυτῶν</span> <span class='ocrx_word' id='word_1_564' title='bbox 2780 944 3083 1013; x_wconf 82' lang='grc' dir='ltr'>ἀσφάλειαν</span> <span class='ocrx_word' id='word_1_565' title='bbox 3100 946 3334 1001; x_wconf 64' lang='grc' dir='ltr'>ἕκαστον</span> <span class='ocrx_word' id='word_1_566' title='bbox 3360 947 3565 1003; x_wconf 80' lang='grc' dir='ltr'>τούτων</span> 
     </span>
    </p>
   </div>
   <div class='ocr_carea' id='block_1_74' title="bbox 1977 1022 3572 1097">
    <p class='ocr_par' dir='ltr' id='par_1_74' title="bbox 1977 1022 3572 1097">
     <span class='ocr_line' id='line_1_74' title="bbox 1977 1022 3572 1097; baseline 0.008 -24"><span class='ocrx_word' id='word_1_567' title='bbox 1977 1022 2475 1093; x_wconf 86' lang='grc' dir='ltr'>μεταχειρίσωμεν.</span> <span class='ocrx_word' id='word_1_568' title='bbox 2501 1022 2933 1097; x_wconf 72' lang='grc' dir='ltr'>[5301Διδταῦτα</span> <span class='ocrx_word' id='word_1_569' title='bbox 2952 1028 3203 1095; x_wconf 77' lang='grc' dir='ltr'>ἀφέντες,</span> <span class='ocrx_word' id='word_1_570' title='bbox 3229 1029 3572 1085; x_wconf 74' lang='grc' dir='ltr'>κατασκευάο</span> 
     </span>
    </p>
   </div>
   <div class='ocr_carea' id='block_1_75' title="bbox 1974 1101 3565 1183">
    <p class='ocr_par' dir='ltr' id='par_1_75' title="bbox 1974 1101 3565 1183">
     <span class='ocr_line' id='line_1_75' title="bbox 1974 1101 3565 1183; baseline 0.006 -27"><span class='ocrx_word' id='word_1_571' title='bbox 1974 1101 2158 1173; x_wconf 81' lang='grc' dir='ltr'>ζωμεν</span> <span class='ocrx_word' id='word_1_572' title='bbox 2190 1104 2291 1175; x_wconf 80' lang='grc' dir='ltr'>τήν</span> <span class='ocrx_word' id='word_1_573' title='bbox 2320 1104 2497 1177; x_wconf 78' lang='grc' dir='ltr'>ψυχὴν</span> <span class='ocrx_word' id='word_1_574' title='bbox 2528 1107 2622 1159; x_wconf 76' lang='grc' dir='ltr'>καὶ</span> <span class='ocrx_word' id='word_1_575' title='bbox 2653 1107 2872 1179; x_wconf 89' lang='grc' dir='ltr'>πλούτῳ</span> <span class='ocrx_word' id='word_1_576' title='bbox 2901 1109 2999 1162; x_wconf 76' lang='grc' dir='ltr'>καὶ</span> <span class='ocrx_word' id='word_1_577' title='bbox 3043 1110 3206 1181; x_wconf 79' lang='grc' dir='ltr'>πενίᾳ.</span> <span class='ocrx_word' id='word_1_578' title='bbox 3230 1111 3565 1183; x_wconf 83' lang='grc' dir='ltr'>ἐπιτηδείαν.</span> 
     </span>
    </p>
   </div>
   <div class='ocr_carea' id='block_1_76' title="bbox 1973 1184 3570 1262">
    <p class='ocr_par' dir='ltr' id='par_1_76' title="bbox 1973 1184 3570 1262">
     <span class='ocr_line' id='line_1_76' title="bbox 1973 1184 3570 1262; baseline 0.006 -24"><span class='ocrx_word' id='word_1_579' title='bbox 1973 1184 2234 1256; x_wconf 79' lang='grc' dir='ltr'>Κάν-γάρ</span> <span class='ocrx_word' id='word_1_580' title='bbox 2279 1186 2448 1258; x_wconf 69' lang='grc' dir='ltr'>μηδὲν</span> <span class='ocrx_word' id='word_1_581' title='bbox 2485 1186 2830 1259; x_wconf 89' lang='grc' dir='ltr'>ἀνθρώπινον</span> <span class='ocrx_word' id='word_1_582' title='bbox 2875 1190 3170 1261; x_wconf 88' lang='grc' dir='ltr'>συμϐαίνῃ,</span> <span class='ocrx_word' id='word_1_583' title='bbox 3216 1192 3355 1262; x_wconf 77' lang='grc' dir='ltr'>ὅπερ</span> <span class='ocrx_word' id='word_1_584' title='bbox 3383 1191 3461 1257; x_wconf 85' lang='grc' dir='ltr'>ώς</span> <span class='ocrx_word' id='word_1_585' title='bbox 3499 1192 3570 1247; x_wconf 89' lang='grc' dir='ltr'>τά</span> 
     </span>
    </p>
   </div>
   <div class='ocr_carea' id='block_1_77' title="bbox 1972 1267 3570 1344">
    <p class='ocr_par' dir='ltr' id='par_1_77' title="bbox 1972 1267 3570 1344">
     <span class='ocr_line' id='line_1_77' title="bbox 1972 1267 3570 1344; baseline 0.006 -25"><span class='ocrx_word' id='word_1_586' title='bbox 1972 1267 2146 1321; x_wconf 90' lang='grc' dir='ltr'>πολλά</span> <span class='ocrx_word' id='word_1_587' title='bbox 2177 1269 2461 1335; x_wconf 92' lang='grc' dir='ltr'>ἀδύνατον,</span> <span class='ocrx_word' id='word_1_588' title='bbox 2493 1270 2589 1324; x_wconf 62' lang='grc' dir='ltr'>καὶ¹</span> <span class='ocrx_word' id='word_1_589' title='bbox 2616 1270 2762 1325; x_wconf 78' lang='grc' dir='ltr'>οὕτω</span> <span class='ocrx_word' id='word_1_590' title='bbox 2794 1271 3020 1341; x_wconf 82' lang='grc' dir='ltr'>βελτίων</span> <span class='ocrx_word' id='word_1_591' title='bbox 3043 1274 3073 1326; x_wconf 93' lang='lat'>6</span> <span class='ocrx_word' id='word_1_592' title='bbox 3100 1273 3177 1344; x_wconf 82' lang='grc' dir='ltr'>μὴ</span> <span class='ocrx_word' id='word_1_593' title='bbox 3206 1272 3438 1328; x_wconf 88' lang='grc' dir='ltr'>πλοῦτον</span> <span class='ocrx_word' id='word_1_594' title='bbox 3472 1274 3570 1343; x_wconf 85' lang='grc' dir='ltr'>ζη-</span> 
     </span>
    </p>
   </div>
   <div class='ocr_carea' id='block_1_78' title="bbox 1970 1348 3567 1421">
    <p class='ocr_par' dir='ltr' id='par_1_78' title="bbox 1970 1348 3567 1421">
     <span class='ocr_line' id='line_1_78' title="bbox 1970 1348 3567 1421; baseline 0.005 -19"><span class='ocrx_word' id='word_1_595' title='bbox 1970 1348 2102 1416; x_wconf 89' lang='grc' dir='ltr'>τῶν,</span> <span class='ocrx_word' id='word_1_596' title='bbox 2130 1350 2247 1405; x_wconf 77' lang='grc' dir='ltr'>ἀλλ⁹</span> <span class='ocrx_word' id='word_1_597' title='bbox 2271 1351 2430 1415; x_wconf 72' lang='grc' dir='ltr'>εἰδὼς</span> <span class='ocrx_word' id='word_1_598' title='bbox 2458 1352 2636 1407; x_wconf 87' lang='grc' dir='ltr'>πάντα</span> <span class='ocrx_word' id='word_1_599' title='bbox 2659 1354 2847 1421; x_wconf 87' lang='grc' dir='ltr'>φέρειν</span> <span class='ocrx_word' id='word_1_600' title='bbox 2872 1354 3131 1420; x_wconf 88' lang='grc' dir='ltr'>εὐκόλως,</span> <span class='ocrx_word' id='word_1_601' title='bbox 3154 1356 3251 1409; x_wconf 87' lang='grc' dir='ltr'>τοῦ</span> <span class='ocrx_word' id='word_1_602' title='bbox 3272 1355 3567 1421; x_wconf 75' lang='grc' dir='ltr'>διαπαντὸς</span> 
     </span>
    </p>
   </div>
   <div class='ocr_carea' id='block_1_79' title="bbox 1972 1431 3567 1507">
    <p class='ocr_par' dir='ltr' id='par_1_79' title="bbox 1972 1431 3567 1507">
     <span class='ocr_line' id='line_1_79' title="bbox 1972 1431 3567 1507; baseline 0.006 -25"><span class='ocrx_word' id='word_1_603' title='bbox 1972 1431 2359 1495; x_wconf 90' lang='grc' dir='ltr'>πλουτοῦντος.</span> <span class='ocrx_word' id='word_1_604' title='bbox 2394 1432 2459 1486; x_wconf 90' lang='grc' dir='ltr'>Τί</span> <span class='ocrx_word' id='word_1_605' title='bbox 2492 1434 2730 1503; x_wconf 87' lang='grc' dir='ltr'>δήποτε;</span> <span class='ocrx_word' id='word_1_606' title='bbox 2766 1437 2992 1507; x_wconf 84' lang='grc' dir='ltr'>Πρῶτον</span> <span class='ocrx_word' id='word_1_607' title='bbox 3027 1438 3128 1507; x_wconf 78' lang='grc' dir='ltr'>μὲν</span> <span class='ocrx_word' id='word_1_608' title='bbox 3160 1440 3187 1492; x_wconf 98' lang='lat'>6</span> <span class='ocrx_word' id='word_1_609' title='bbox 3210 1438 3451 1501; x_wconf 87' lang='grc' dir='ltr'>τοιοῦτος</span> <span class='ocrx_word' id='word_1_610' title='bbox 3483 1438 3567 1491; x_wconf 67' lang='lat'>0!-</span> 
     </span>
    </p>
   </div>
   <div class='ocr_carea' id='block_1_80' title="bbox 1968 1511 3568 1591">
    <p class='ocr_par' dir='ltr' id='par_1_80' title="bbox 1968 1511 3568 1591">
     <span class='ocr_line' id='line_1_80' title="bbox 1968 1511 3568 1591; baseline 0.006 -27"><span class='ocrx_word' id='word_1_611' title='bbox 1968 1511 2129 1565; x_wconf 87' lang='grc' dir='ltr'>κοθεν</span> <span class='ocrx_word' id='word_1_612' title='bbox 2154 1512 2270 1581; x_wconf 70' lang='grc' dir='ltr'>ἔχει</span> <span class='ocrx_word' id='word_1_613' title='bbox 2296 1514 2359 1567; x_wconf 82' lang='grc' dir='ltr'>τὸ</span> <span class='ocrx_word' id='word_1_614' title='bbox 2390 1515 2654 1583; x_wconf 83' lang='grc' dir='ltr'>ἀσφαλὲς,</span> <span class='ocrx_word' id='word_1_615' title='bbox 2683 1520 2889 1582; x_wconf 77' lang='grc' dir='ltr'>ἐκεῖνος</span> <span class='ocrx_word' id='word_1_616' title='bbox 2913 1518 2969 1572; x_wconf 82' lang='grc' dir='ltr'>δὲ</span> <span class='ocrx_word' id='word_1_617' title='bbox 2990 1519 3209 1586; x_wconf 77' lang='grc' dir='ltr'>ἔξωθεν.</span> <span class='ocrx_word' id='word_1_618' title='bbox 3232 1522 3345 1574; x_wconf 81' lang='lat' dir='ltr'>Kal</span> <span class='ocrx_word' id='word_1_619' title='bbox 3373 1519 3568 1591; x_wconf 80' lang='grc' dir='ltr'>ῶσπερ</span> 
     </span>
    </p>
   </div>
   <div class='ocr_carea' id='block_1_81' title="bbox 1970 1593 3563 1674">
    <p class='ocr_par' dir='ltr' id='par_1_81' title="bbox 1970 1593 3563 1674">
     <span class='ocr_line' id='line_1_81' title="bbox 1970 1593 3563 1674; baseline 0.008 -30"><span class='ocrx_word' id='word_1_620' title='bbox 1970 1593 2313 1674; x_wconf 81' lang='grc' dir='ltr'>στρατιώτης</span> <span class='ocrx_word' id='word_1_621' title='bbox 2355 1593 2583 1662; x_wconf 88' lang='grc' dir='ltr'>βελτίων</span> <span class='ocrx_word' id='word_1_622' title='bbox 2628 1601 2658 1651; x_wconf 88' lang='lat'>6</span> <span class='ocrx_word' id='word_1_623' title='bbox 2705 1600 2787 1668; x_wconf 86' lang='grc' dir='ltr'>τῷ</span> <span class='ocrx_word' id='word_1_624' title='bbox 2836 1600 3053 1671; x_wconf 88' lang='grc' dir='ltr'>σώματι</span> <span class='ocrx_word' id='word_1_625' title='bbox 3092 1602 3314 1673; x_wconf 81' lang='grc' dir='ltr'>θαρῤῶν</span> <span class='ocrx_word' id='word_1_626' title='bbox 3357 1602 3451 1655; x_wconf 79' lang='grc' dir='ltr'>καὶ</span> <span class='ocrx_word' id='word_1_627' title='bbox 3491 1605 3563 1674; x_wconf 70' lang='grc' dir='ltr'>τῇ</span> 
     </span>
    </p>
   </div>
   <div class='ocr_carea' id='block_1_82' title="bbox 1966 1673 3563 1751">
    <p class='ocr_par' dir='ltr' id='par_1_82' title="bbox 1966 1673 3563 1751">
     <span class='ocr_line' id='line_1_82' title="bbox 1966 1673 3563 1751; baseline 0.006 -24"><span class='ocrx_word' id='word_1_628' title='bbox 1966 1674 2131 1746; x_wconf 84' lang='grc' dir='ltr'>τέχνῃ</span> <span class='ocrx_word' id='word_1_629' title='bbox 2160 1673 2257 1728; x_wconf 83' lang='grc' dir='ltr'>τοῦ</span> <span class='ocrx_word' id='word_1_630' title='bbox 2294 1675 2553 1746; x_wconf 82' lang='grc' dir='ltr'>πολεμεῖν</span> <span class='ocrx_word' id='word_1_631' title='bbox 2580 1716 2596 1741; x_wconf 87' lang='grc'>,</span> <span class='ocrx_word' id='word_1_632' title='bbox 2648 1678 2744 1730; x_wconf 89' lang='grc' dir='ltr'>τοῦ</span> <span class='ocrx_word' id='word_1_633' title='bbox 2786 1680 2886 1749; x_wconf 81' lang='grc' dir='ltr'>τὴν</span> <span class='ocrx_word' id='word_1_634' title='bbox 2930 1683 3087 1751; x_wconf 78' lang='grc' dir='ltr'>ἰσχὺν</span> <span class='ocrx_word' id='word_1_635' title='bbox 3124 1684 3183 1735; x_wconf 83' lang='grc' dir='ltr'>ἐν</span> <span class='ocrx_word' id='word_1_636' title='bbox 3227 1685 3338 1746; x_wconf 81' lang='grc' dir='ltr'>τοῖς</span> <span class='ocrx_word' id='word_1_637' title='bbox 3372 1673 3563 1746; x_wconf 81' lang='grc' dir='ltr'>ὅπλοις</span> 
     </span>
    </p>
   </div>
   <div class='ocr_carea' id='block_1_83' title="bbox 1965 1755 3562 1834">
    <p class='ocr_par' dir='ltr' id='par_1_83' title="bbox 1965 1755 3562 1834">
     <span class='ocr_line' id='line_1_83' title="bbox 1965 1755 3562 1834; baseline 0.006 -24"><span class='ocrx_word' id='word_1_638' title='bbox 1965 1755 2185 1829; x_wconf 64' lang='grc' dir='ltr'>ἔχοντος</span> <span class='ocrx_word' id='word_1_639' title='bbox 2211 1757 2373 1827; x_wconf 89' lang='grc' dir='ltr'>μόνον</span> <span class='ocrx_word' id='word_1_640' title='bbox 2395 1774 2409 1788; x_wconf 70' lang='grc'><strong><em>⁸</em></strong></span> <span class='ocrx_word' id='word_1_641' title='bbox 2441 1758 2585 1813; x_wconf 80' lang='grc' dir='ltr'>οὕτω</span> <span class='ocrx_word' id='word_1_642' title='bbox 2615 1759 2710 1812; x_wconf 83' lang='grc' dir='ltr'>τοῦ</span> <span class='ocrx_word' id='word_1_643' title='bbox 2745 1762 2995 1832; x_wconf 87' lang='grc' dir='ltr'>χρήμασι</span> <span class='ocrx_word' id='word_1_644' title='bbox 3028 1762 3363 1834; x_wconf 74' lang='grc' dir='ltr'>θαρροῦντος</span> <span class='ocrx_word' id='word_1_645' title='bbox 3392 1768 3421 1819; x_wconf 91' lang='lat'>6</span> <span class='ocrx_word' id='word_1_646' title='bbox 3450 1766 3562 1820; x_wconf 75' lang='grc' dir='ltr'>ἀπὸ</span> 
     </span>
    </p>
   </div>
   <div class='ocr_carea' id='block_1_84' title="bbox 1963 1841 3557 1917">
    <p class='ocr_par' dir='ltr' id='par_1_84' title="bbox 1963 1841 3557 1917">
     <span class='ocr_line' id='line_1_84' title="bbox 1963 1841 3557 1917; baseline 0.004 -22"><span class='ocrx_word' id='word_1_647' title='bbox 1963 1841 2066 1912; x_wconf 83' lang='grc' dir='ltr'>τῆς</span> <span class='ocrx_word' id='word_1_648' title='bbox 2103 1842 2307 1913; x_wconf 74' lang='grc' dir='ltr'>ἀρετῆς</span> <span class='ocrx_word' id='word_1_649' title='bbox 2347 1843 2741 1913; x_wconf 86' lang='grc' dir='ltr'>πεφραγμένος</span> <span class='ocrx_word' id='word_1_650' title='bbox 2796 1845 3058 1914; x_wconf 88' lang='grc' dir='ltr'>ἀμείνων.</span> <span class='ocrx_word' id='word_1_651' title='bbox 3107 1845 3404 1917; x_wconf 84' lang='grc' dir='ltr'>Δεύτερον,</span> <span class='ocrx_word' id='word_1_652' title='bbox 3452 1848 3557 1912; x_wconf 86' lang='grc' dir='ltr'>ὃτι,</span> 
     </span>
    </p>
   </div>
   <div class='ocr_carea' id='block_1_85' title="bbox 1964 1924 3560 2000">
    <p class='ocr_par' dir='ltr' id='par_1_85' title="bbox 1964 1924 3560 2000">
     <span class='ocr_line' id='line_1_85' title="bbox 1964 1924 3560 2000; baseline 0.005 -23"><span class='ocrx_word' id='word_1_653' title='bbox 1964 1924 2072 1978; x_wconf 80' lang='grc' dir='ltr'>κᾶν</span> <span class='ocrx_word' id='word_1_654' title='bbox 2097 1926 2178 1989; x_wconf 89' lang='grc' dir='ltr'>εἰς</span> <span class='ocrx_word' id='word_1_655' title='bbox 2214 1926 2407 1981; x_wconf 87' lang='grc' dir='ltr'>πενίαν</span> <span class='ocrx_word' id='word_1_656' title='bbox 2438 1926 2516 1998; x_wconf 78' lang='grc' dir='ltr'>μὴ</span> <span class='ocrx_word' id='word_1_657' title='bbox 2546 1927 2857 2000; x_wconf 86' lang='grc' dir='ltr'>καταπέσῃ,</span> <span class='ocrx_word' id='word_1_658' title='bbox 2890 1928 2950 1981; x_wconf 90' lang='grc' dir='ltr'>οὐ</span> <span class='ocrx_word' id='word_1_659' title='bbox 2977 1928 3200 1982; x_wconf 82' lang='grc' dir='ltr'>δυνατὸν</span> <span class='ocrx_word' id='word_1_660' title='bbox 3229 1928 3395 1983; x_wconf 81' lang='grc' dir='ltr'>αὐτὸν</span> <span class='ocrx_word' id='word_1_661' title='bbox 3423 1930 3560 1986; x_wconf 77' lang='grc' dir='ltr'>ἀτά-</span> 
     </span>
    </p>
   </div>
   <div class='ocr_carea' id='block_1_86' title="bbox 1966 2007 3557 2081">
    <p class='ocr_par' dir='ltr' id='par_1_86' title="bbox 1966 2007 3557 2081">
     <span class='ocr_line' id='line_1_86' title="bbox 1966 2007 3557 2081; baseline 0.003 -20"><span class='ocrx_word' id='word_1_662' title='bbox 1966 2024 2132 2078; x_wconf 87' lang='grc' dir='ltr'>ραχον</span> <span class='ocrx_word' id='word_1_663' title='bbox 2162 2007 2303 2062; x_wconf 83' lang='grc' dir='ltr'>εἶναι</span> <span class='ocrx_word' id='word_1_664' title='bbox 2322 2024 2335 2040; x_wconf 89' lang='grc'><strong>·</strong></span> <span class='ocrx_word' id='word_1_665' title='bbox 2367 2008 2463 2062; x_wconf 69' lang='grc' dir='ltr'>καὶ</span> <span class='ocrx_word' id='word_1_666' title='bbox 2482 2007 2593 2079; x_wconf 80' lang='grc' dir='ltr'>γὰρ</span> <span class='ocrx_word' id='word_1_667' title='bbox 2619 2009 2851 2073; x_wconf 81' lang='grc' dir='ltr'>πολλοὺς</span> <span class='ocrx_word' id='word_1_668' title='bbox 2875 2009 2988 2081; x_wconf 74' lang='grc' dir='ltr'>ἔχει</span> <span class='ocrx_word' id='word_1_669' title='bbox 3017 2011 3295 2075; x_wconf 86' lang='grc' dir='ltr'>κλύδωνας</span> <span class='ocrx_word' id='word_1_670' title='bbox 3328 2013 3356 2064; x_wconf 90' lang='lat'>6</span> <span class='ocrx_word' id='word_1_671' title='bbox 3389 2011 3557 2065; x_wconf 80' lang='grc' dir='ltr'>πλοῦ-</span> 
     </span>
    </p>
   </div>
   <div class='ocr_carea' id='block_1_87' title="bbox 1963 2089 3558 2164">
    <p class='ocr_par' dir='ltr' id='par_1_87' title="bbox 1963 2089 3558 2164">
     <span class='ocr_line' id='line_1_87' title="bbox 1963 2089 3558 2164; baseline 0.004 -23"><span class='ocrx_word' id='word_1_672' title='bbox 1963 2103 2055 2151; x_wconf 90' lang='grc' dir='ltr'>τος</span> <span class='ocrx_word' id='word_1_673' title='bbox 2094 2089 2193 2143; x_wconf 82' lang='grc' dir='ltr'>καὶ</span> <span class='ocrx_word' id='word_1_674' title='bbox 2238 2091 2509 2163; x_wconf 86' lang='grc' dir='ltr'>ταραχάς.</span> <span class='ocrx_word' id='word_1_675' title='bbox 2556 2091 2698 2144; x_wconf 84' lang='grc' dir='ltr'>’Δλλ’</span> <span class='ocrx_word' id='word_1_676' title='bbox 2744 2092 2846 2162; x_wconf 85' lang='grc' dir='ltr'>οὐχ</span> <span class='ocrx_word' id='word_1_677' title='bbox 2885 2095 2919 2162; x_wconf 79' lang='grc' dir='ltr'>ἡ</span> <span class='ocrx_word' id='word_1_678' title='bbox 2965 2094 3157 2164; x_wconf 86' lang='grc' dir='ltr'>ἀρετὴ,</span> <span class='ocrx_word' id='word_1_679' title='bbox 3210 2092 3324 2147; x_wconf 84' lang='grc' dir='ltr'>ἀλλ’</span> <span class='ocrx_word' id='word_1_680' title='bbox 3363 2093 3558 2163; x_wconf 78' lang='grc' dir='ltr'>ἡδονὴν</span> 
     </span>
    </p>
   </div>
   <div class='ocr_carea' id='block_1_88' title="bbox 1966 2171 3559 2248">
    <p class='ocr_par' dir='ltr' id='par_1_88' title="bbox 1966 2171 3559 2248">
     <span class='ocr_line' id='line_1_88' title="bbox 1966 2171 3559 2248; baseline 0.004 -25"><span class='ocrx_word' id='word_1_681' title='bbox 1966 2171 2131 2238; x_wconf 86' lang='grc' dir='ltr'>μόνον</span> <span class='ocrx_word' id='word_1_682' title='bbox 2159 2173 2253 2225; x_wconf 77' lang='grc' dir='ltr'>καὶ</span> <span class='ocrx_word' id='word_1_683' title='bbox 2273 2173 2578 2242; x_wconf 82' lang='grc' dir='ltr'>ἀσφάλειαν</span> <span class='ocrx_word' id='word_1_684' title='bbox 2601 2186 2618 2203; x_wconf 84' lang='lat'><strong>&#39;</strong></span> <span class='ocrx_word' id='word_1_685' title='bbox 2643 2175 2741 2228; x_wconf 78' lang='grc' dir='ltr'>καὶ</span> <span class='ocrx_word' id='word_1_686' title='bbox 2781 2175 2893 2247; x_wconf 82' lang='grc' dir='ltr'>γάρ</span> <span class='ocrx_word' id='word_1_687' title='bbox 2928 2176 3227 2248; x_wconf 88' lang='grc' dir='ltr'>ἀχείρωτον</span> <span class='ocrx_word' id='word_1_688' title='bbox 3253 2177 3399 2230; x_wconf 86' lang='grc' dir='ltr'>ποιεῖ</span> <span class='ocrx_word' id='word_1_689' title='bbox 3442 2178 3559 2241; x_wconf 77' lang='grc' dir='ltr'>τοῖς</span> 
     </span>
    </p>
   </div>
   <div class='ocr_carea' id='block_1_89' title="bbox 1962 2250 3558 2325">
    <p class='ocr_par' dir='ltr' id='par_1_89' title="bbox 1962 2250 3558 2325">
     <span class='ocr_line' id='line_1_89' title="bbox 1962 2250 3558 2325; baseline 0.006 -22"><span class='ocrx_word' id='word_1_690' title='bbox 1962 2250 2439 2307; x_wconf 86' lang='grc' dir='ltr'>ἐπιϐουλεύουσιν·</span> <span class='ocrx_word' id='word_1_691' title='bbox 2475 2256 2506 2308; x_wconf 88' lang='lat'>6</span> <span class='ocrx_word' id='word_1_692' title='bbox 2543 2254 2601 2308; x_wconf 79' lang='grc' dir='ltr'>δὲ</span> <span class='ocrx_word' id='word_1_693' title='bbox 2642 2254 2874 2321; x_wconf 89' lang='grc' dir='ltr'>πλοῦτος</span> <span class='ocrx_word' id='word_1_694' title='bbox 2902 2258 3217 2313; x_wconf 86' lang='grc' dir='ltr'>τούναντίον</span> <span class='ocrx_word' id='word_1_695' title='bbox 3248 2259 3417 2325; x_wconf 80' lang='grc' dir='ltr'>άπαν,</span> <span class='ocrx_word' id='word_1_696' title='bbox 3461 2257 3558 2312; x_wconf 85' lang='grc' dir='ltr'>εὐ-</span> 
     </span>
    </p>
   </div>
   <div class='ocr_carea' id='block_1_90' title="bbox 1960 2334 3557 2412">
    <p class='ocr_par' dir='ltr' id='par_1_90' title="bbox 1960 2334 3557 2412">
     <span class='ocr_line' id='line_1_90' title="bbox 1960 2334 3557 2412; baseline 0.006 -26"><span class='ocrx_word' id='word_1_697' title='bbox 1960 2334 2310 2405; x_wconf 86' lang='grc' dir='ltr'>επιχείρητον</span> <span class='ocrx_word' id='word_1_698' title='bbox 2358 2334 2457 2389; x_wconf 75' lang='grc' dir='ltr'>καὶ</span> <span class='ocrx_word' id='word_1_699' title='bbox 2505 2336 2807 2408; x_wconf 82' lang='grc' dir='ltr'>ἁλώσιμον.</span> <span class='ocrx_word' id='word_1_700' title='bbox 2862 2340 2977 2395; x_wconf 77' lang='lat' dir='ltr'>Kal</span> <span class='ocrx_word' id='word_1_701' title='bbox 3027 2341 3283 2412; x_wconf 85' lang='grc' dir='ltr'>καθάπερ</span> <span class='ocrx_word' id='word_1_702' title='bbox 3336 2342 3395 2395; x_wconf 80' lang='grc' dir='ltr'>ἐν</span> <span class='ocrx_word' id='word_1_703' title='bbox 3441 2344 3557 2405; x_wconf 84' lang='grc' dir='ltr'>τοῖς</span> 
     </span>
    </p>
   </div>
   <div class='ocr_carea' id='block_1_91' title="bbox 1961 2414 3556 2494">
    <p class='ocr_par' dir='ltr' id='par_1_91' title="bbox 1961 2414 3556 2494">
     <span class='ocr_line' id='line_1_91' title="bbox 1961 2414 3556 2494; baseline 0.005 -26"><span class='ocrx_word' id='word_1_704' title='bbox 1961 2414 2124 2480; x_wconf 84' lang='grc' dir='ltr'>ζώοις</span> <span class='ocrx_word' id='word_1_705' title='bbox 2150 2414 2338 2485; x_wconf 73' lang='grc' dir='ltr'>ἔλαφοι</span> <span class='ocrx_word' id='word_1_706' title='bbox 2372 2417 2465 2469; x_wconf 84' lang='grc' dir='ltr'>καὶ</span> <span class='ocrx_word' id='word_1_707' title='bbox 2488 2415 2694 2485; x_wconf 79' lang='grc' dir='ltr'>λαγωοὶ</span> <span class='ocrx_word' id='word_1_708' title='bbox 2714 2420 2953 2488; x_wconf 87' lang='grc' dir='ltr'>μάλιστα</span> <span class='ocrx_word' id='word_1_709' title='bbox 2973 2425 3194 2477; x_wconf 88' lang='grc' dir='ltr'>πάντων</span> <span class='ocrx_word' id='word_1_710' title='bbox 3218 2424 3354 2476; x_wconf 70' lang='grc' dir='ltr'>εἰσὶν</span> <span class='ocrx_word' id='word_1_711' title='bbox 3377 2422 3556 2494; x_wconf 83' lang='grc' dir='ltr'>εὐχεί-</span> 
     </span>
    </p>
   </div>
   <div class='ocr_carea' id='block_1_92' title="bbox 1964 2496 3557 2575">
    <p class='ocr_par' dir='ltr' id='par_1_92' title="bbox 1964 2496 3557 2575">
     <span class='ocr_line' id='line_1_92' title="bbox 1964 2496 3557 2575; baseline 0.005 -24"><span class='ocrx_word' id='word_1_712' title='bbox 1964 2516 2125 2570; x_wconf 85' lang='grc' dir='ltr'>ρωτοι</span> <span class='ocrx_word' id='word_1_713' title='bbox 2153 2498 2240 2552; x_wconf 73' lang='grc' dir='ltr'>διὰ</span> <span class='ocrx_word' id='word_1_714' title='bbox 2263 2497 2364 2569; x_wconf 78' lang='grc' dir='ltr'>τὴν</span> <span class='ocrx_word' id='word_1_715' title='bbox 2397 2500 2455 2552; x_wconf 89' lang='grc' dir='ltr'>ἐν</span> <span class='ocrx_word' id='word_1_716' title='bbox 2481 2501 2546 2570; x_wconf 78' lang='grc' dir='ltr'>τῇ</span> <span class='ocrx_word' id='word_1_717' title='bbox 2575 2500 2736 2567; x_wconf 87' lang='grc' dir='ltr'>φύσει</span> <span class='ocrx_word' id='word_1_718' title='bbox 2768 2501 2996 2568; x_wconf 87' lang='grc' dir='ltr'>δειλίαν,</span> <span class='ocrx_word' id='word_1_719' title='bbox 3031 2496 3093 2565; x_wconf 74' lang='grc' dir='ltr'>ὗς</span> <span class='ocrx_word' id='word_1_720' title='bbox 3128 2504 3187 2557; x_wconf 83' lang='grc' dir='ltr'>δὲ</span> <span class='ocrx_word' id='word_1_721' title='bbox 3225 2504 3419 2575; x_wconf 79' lang='grc' dir='ltr'>ἀγριος</span> <span class='ocrx_word' id='word_1_722' title='bbox 3458 2506 3557 2560; x_wconf 76' lang='grc' dir='ltr'>καὶ</span> 
     </span>
    </p>
   </div>
   <div class='ocr_carea' id='block_1_93' title="bbox 1959 2579 3556 2655">
    <p class='ocr_par' dir='ltr' id='par_1_93' title="bbox 1959 2579 3556 2655">
     <span class='ocr_line' id='line_1_93' title="bbox 1959 2579 3556 2655; baseline 0.004 -23"><span class='ocrx_word' id='word_1_723' title='bbox 1959 2579 2164 2651; x_wconf 88' lang='grc' dir='ltr'>ταῦρος</span> <span class='ocrx_word' id='word_1_724' title='bbox 2204 2581 2296 2634; x_wconf 70' lang='grc' dir='ltr'>καὶ</span> <span class='ocrx_word' id='word_1_725' title='bbox 2318 2580 2457 2634; x_wconf 89' lang='grc' dir='ltr'>λέων</span> <span class='ocrx_word' id='word_1_726' title='bbox 2486 2581 2595 2635; x_wconf 89' lang='grc' dir='ltr'>οὐδ’</span> <span class='ocrx_word' id='word_1_727' title='bbox 2627 2580 2697 2634; x_wconf 79' lang='grc' dir='ltr'>ἂν</span> <span class='ocrx_word' id='word_1_728' title='bbox 2731 2582 3028 2652; x_wconf 82' lang='grc' dir='ltr'>ἐμπέσοιεν</span> <span class='ocrx_word' id='word_1_729' title='bbox 3062 2584 3265 2655; x_wconf 76' lang='grc' dir='ltr'>ῥαδίως</span> <span class='ocrx_word' id='word_1_730' title='bbox 3294 2588 3413 2647; x_wconf 84' lang='grc' dir='ltr'>τοῖς</span> <span class='ocrx_word' id='word_1_731' title='bbox 3432 2587 3556 2639; x_wconf 85' lang='grc' dir='ltr'>ἐπι-</span> 
     </span>
    </p>
   </div>
   <div class='ocr_carea' id='block_1_94' title="bbox 1958 2660 3557 2736">
    <p class='ocr_par' dir='ltr' id='par_1_94' title="bbox 1958 2660 3557 2736">
     <span class='ocr_line' id='line_1_94' title="bbox 1958 2660 3557 2736; baseline 0.005 -23"><span class='ocrx_word' id='word_1_732' title='bbox 1958 2660 2310 2716; x_wconf 89' lang='grc' dir='ltr'>ϐουλεύουσιν</span> <span class='ocrx_word' id='word_1_733' title='bbox 2343 2680 2357 2695; x_wconf 90' lang='grc'><strong>·</strong></span> <span class='ocrx_word' id='word_1_734' title='bbox 2388 2663 2534 2718; x_wconf 85' lang='grc' dir='ltr'>οὐτω</span> <span class='ocrx_word' id='word_1_735' title='bbox 2562 2664 2630 2736; x_wconf 83' lang='grc' dir='ltr'>δὴ</span> <span class='ocrx_word' id='word_1_736' title='bbox 2656 2665 2751 2718; x_wconf 73' lang='grc' dir='ltr'>καὶ</span> <span class='ocrx_word' id='word_1_737' title='bbox 2778 2665 2874 2720; x_wconf 74' lang='grc' dir='ltr'>ἐπὶ</span> <span class='ocrx_word' id='word_1_738' title='bbox 2903 2666 3015 2720; x_wconf 90' lang='grc' dir='ltr'>τῶν</span> <span class='ocrx_word' id='word_1_739' title='bbox 3040 2665 3439 2734; x_wconf 83' lang='grc' dir='ltr'>πλουτούντων,</span> <span class='ocrx_word' id='word_1_740' title='bbox 3458 2666 3557 2721; x_wconf 76' lang='grc' dir='ltr'>καὶ</span> 
     </span>
    </p>
   </div>
   <div class='ocr_carea' id='block_1_95' title="bbox 1958 2742 3555 2820">
    <p class='ocr_par' dir='ltr' id='par_1_95' title="bbox 1958 2742 3555 2820">
     <span class='ocr_line' id='line_1_95' title="bbox 1958 2742 3555 2820; baseline 0.004 -25"><span class='ocrx_word' id='word_1_741' title='bbox 1958 2742 2018 2796; x_wconf 87' lang='grc' dir='ltr'>ἐν</span> <span class='ocrx_word' id='word_1_742' title='bbox 2047 2744 2209 2815; x_wconf 72' lang='grc' dir='ltr'>πενία</span> <span class='ocrx_word' id='word_1_743' title='bbox 2244 2742 2462 2808; x_wconf 87' lang='grc' dir='ltr'>ζώντων</span> <span class='ocrx_word' id='word_1_744' title='bbox 2490 2747 2723 2801; x_wconf 71' lang='grc' dir='ltr'>ἑκόντων</span> <span class='ocrx_word' id='word_1_745' title='bbox 2752 2748 2901 2803; x_wconf 70' lang='grc' dir='ltr'>ἐστιν</span> <span class='ocrx_word' id='word_1_746' title='bbox 2938 2749 3086 2804; x_wconf 86' lang='grc' dir='ltr'>ίδεῖν.</span> <span class='ocrx_word' id='word_1_747' title='bbox 3135 2749 3194 2802; x_wconf 85' lang='grc' dir='ltr'><em>Ὅ</em></span> <span class='ocrx_word' id='word_1_748' title='bbox 3225 2750 3325 2820; x_wconf 83' lang='grc' dir='ltr'>μέν</span> <span class='ocrx_word' id='word_1_749' title='bbox 3346 2749 3454 2820; x_wconf 82' lang='grc' dir='ltr'>γάρ</span> <span class='ocrx_word' id='word_1_750' title='bbox 3475 2748 3555 2819; x_wconf 83' lang='grc' dir='ltr'>τῷ</span> 
     </span>
    </p>
   </div>
   <div class='ocr_carea' id='block_1_96' title="bbox 1955 2829 3558 2908">
    <p class='ocr_par' dir='ltr' id='par_1_96' title="bbox 1955 2829 3558 2908">
     <span class='ocr_line' id='line_1_96' title="bbox 1955 2829 3558 2908; baseline 0.002 -24"><span class='ocrx_word' id='word_1_751' title='bbox 1955 2830 2135 2885; x_wconf 89' lang='grc' dir='ltr'>λέοντι</span> <span class='ocrx_word' id='word_1_752' title='bbox 2164 2831 2260 2885; x_wconf 81' lang='grc' dir='ltr'>καὶ</span> <span class='ocrx_word' id='word_1_753' title='bbox 2279 2829 2359 2902; x_wconf 82' lang='grc' dir='ltr'>τῷ</span> <span class='ocrx_word' id='word_1_754' title='bbox 2382 2831 2573 2903; x_wconf 83' lang='grc' dir='ltr'>ταύρῳ</span> <span class='ocrx_word' id='word_1_755' title='bbox 2612 2832 2811 2897; x_wconf 80' lang='grc' dir='ltr'>ἔοικεν,</span> <span class='ocrx_word' id='word_1_756' title='bbox 2852 2837 2885 2887; x_wconf 90' lang='lat'>6</span> <span class='ocrx_word' id='word_1_757' title='bbox 2907 2836 2963 2888; x_wconf 82' lang='grc' dir='ltr'>δέ</span> <span class='ocrx_word' id='word_1_758' title='bbox 2999 2838 3064 2908; x_wconf 77' lang='grc' dir='ltr'>τῇ</span> <span class='ocrx_word' id='word_1_759' title='bbox 3116 2836 3301 2906; x_wconf 85' lang='grc' dir='ltr'>ἐλάφῳ</span> <span class='ocrx_word' id='word_1_760' title='bbox 3337 2835 3435 2888; x_wconf 73' lang='grc' dir='ltr'>καὶ</span> <span class='ocrx_word' id='word_1_761' title='bbox 3474 2832 3558 2906; x_wconf 77' lang='grc' dir='ltr'>τῷ</span> 
     </span>
    </p>
   </div>
   <div class='ocr_carea' id='block_1_97' title="bbox 1955 2912 3557 2991">
    <p class='ocr_par' dir='ltr' id='par_1_97' title="bbox 1955 2912 3557 2991">
     <span class='ocr_line' id='line_1_97' title="bbox 1955 2912 3557 2991; baseline 0.002 -25"><span class='ocrx_word' id='word_1_762' title='bbox 1955 2912 2175 2985; x_wconf 82' lang='grc' dir='ltr'>λαγωῷ.</span> <span class='ocrx_word' id='word_1_763' title='bbox 2206 2914 2344 2968; x_wconf 86' lang='grc' dir='ltr'>Τίνα</span> <span class='ocrx_word' id='word_1_764' title='bbox 2374 2915 2486 2987; x_wconf 89' lang='grc' dir='ltr'>γάρ</span> <span class='ocrx_word' id='word_1_765' title='bbox 2518 2916 2580 2969; x_wconf 87' lang='grc' dir='ltr'>οὐ</span> <span class='ocrx_word' id='word_1_766' title='bbox 2610 2915 2852 2970; x_wconf 84' lang='grc' dir='ltr'>δέδοικεν</span> <span class='ocrx_word' id='word_1_767' title='bbox 2892 2919 2921 2971; x_wconf 90' lang='lat'>6</span> <span class='ocrx_word' id='word_1_768' title='bbox 2958 2918 3249 2983; x_wconf 84' lang='grc' dir='ltr'>πλουτῶν;</span> <span class='ocrx_word' id='word_1_769' title='bbox 3295 2919 3420 2989; x_wconf 82' lang='grc' dir='ltr'>οὐχί</span> <span class='ocrx_word' id='word_1_770' title='bbox 3456 2918 3557 2991; x_wconf 87' lang='grc' dir='ltr'>λῃ-</span> 
     </span>
    </p>
   </div>
   <div class='ocr_carea' id='block_1_98' title="bbox 1958 2992 3554 3070">
    <p class='ocr_par' dir='ltr' id='par_1_98' title="bbox 1958 2992 3554 3070">
     <span class='ocr_line' id='line_1_98' title="bbox 1958 2992 3554 3070; baseline 0.003 -20"><span class='ocrx_word' id='word_1_771' title='bbox 1958 2997 2091 3062; x_wconf 90' lang='grc' dir='ltr'>στάς</span> <span class='ocrx_word' id='word_1_772' title='bbox 2114 3014 2129 3065; x_wconf 90' lang='grc'><strong>;</strong></span> <span class='ocrx_word' id='word_1_773' title='bbox 2160 2992 2283 3070; x_wconf 78' lang='grc' dir='ltr'>οὐχῖ</span> <span class='ocrx_word' id='word_1_774' title='bbox 2301 2997 2607 3066; x_wconf 87' lang='grc' dir='ltr'>δυνάστας;</span> <span class='ocrx_word' id='word_1_775' title='bbox 2634 2999 2695 3052; x_wconf 89' lang='grc' dir='ltr'>οὐ</span> <span class='ocrx_word' id='word_1_776' title='bbox 2722 2999 3025 3070; x_wconf 86' lang='grc' dir='ltr'>βασκάνους</span> <span class='ocrx_word' id='word_1_777' title='bbox 3050 3016 3065 3066; x_wconf 89' lang='grc'><strong>;</strong></span> <span class='ocrx_word' id='word_1_778' title='bbox 3087 3001 3148 3054; x_wconf 86' lang='grc' dir='ltr'>οὐ</span> <span class='ocrx_word' id='word_1_779' title='bbox 3174 3003 3554 3070; x_wconf 75' lang='grc' dir='ltr'>συκοφάνταςς</span> 
     </span>
    </p>
   </div>
   <div class='ocr_carea' id='block_1_99' title="bbox 1955 3080 3556 3155">
    <p class='ocr_par' dir='ltr' id='par_1_99' title="bbox 1955 3080 3556 3155">
     <span class='ocr_line' id='line_1_99' title="bbox 1955 3080 3556 3155; baseline 0.001 -22"><span class='ocrx_word' id='word_1_780' title='bbox 1955 3080 2070 3134; x_wconf 78' lang='lat' dir='ltr'>Kal</span> <span class='ocrx_word' id='word_1_781' title='bbox 2100 3081 2152 3134; x_wconf 90' lang='grc' dir='ltr'>τί</span> <span class='ocrx_word' id='word_1_782' title='bbox 2181 3080 2328 3149; x_wconf 89' lang='grc' dir='ltr'>λέγω</span> <span class='ocrx_word' id='word_1_783' title='bbox 2377 3081 2583 3155; x_wconf 86' lang='grc' dir='ltr'>λῃστὰς</span> <span class='ocrx_word' id='word_1_784' title='bbox 2616 3083 2709 3135; x_wconf 73' lang='grc' dir='ltr'>καὶ</span> <span class='ocrx_word' id='word_1_785' title='bbox 2756 3083 3120 3151; x_wconf 84' lang='grc' dir='ltr'>συκοφάντας,</span> <span class='ocrx_word' id='word_1_786' title='bbox 3164 3082 3299 3136; x_wconf 87' lang='grc' dir='ltr'>ὅπου</span> <span class='ocrx_word' id='word_1_787' title='bbox 3348 3082 3556 3149; x_wconf 84' lang='grc' dir='ltr'>γεκαὶ</span> 
     </span>
    </p>
   </div>
   <div class='ocr_carea' id='block_1_100' title="bbox 1953 3163 3552 3234">
    <p class='ocr_par' dir='ltr' id='par_1_100' title="bbox 1953 3163 3552 3234">
     <span class='ocr_line' id='line_1_100' title="bbox 1953 3163 3552 3234; baseline 0.001 -16"><span class='ocrx_word' id='word_1_788' title='bbox 1953 3165 2084 3229; x_wconf 80' lang='grc' dir='ltr'>τοὺς</span> <span class='ocrx_word' id='word_1_789' title='bbox 2102 3164 2320 3226; x_wconf 84' lang='grc' dir='ltr'>οἰκέτας</span> <span class='ocrx_word' id='word_1_790' title='bbox 2352 3165 2551 3228; x_wconf 80' lang='grc' dir='ltr'>αὐτοὺς</span> <span class='ocrx_word' id='word_1_791' title='bbox 2584 3166 2923 3234; x_wconf 85' lang='grc' dir='ltr'>ύποπτεύει;</span> <span class='ocrx_word' id='word_1_792' title='bbox 2974 3166 3086 3220; x_wconf 80' lang='grc' dir='ltr'>Καὶ</span> <span class='ocrx_word' id='word_1_793' title='bbox 3130 3166 3184 3221; x_wconf 90' lang='grc' dir='ltr'>τί</span> <span class='ocrx_word' id='word_1_794' title='bbox 3222 3164 3367 3233; x_wconf 87' lang='grc' dir='ltr'>λέγω</span> <span class='ocrx_word' id='word_1_795' title='bbox 3399 3163 3552 3229; x_wconf 82' lang='grc' dir='ltr'>ζῶν;</span> 
     </span>
    </p>
   </div>
   <div class='ocr_carea' id='block_1_101' title="bbox 1952 3247 3556 3322">
    <p class='ocr_par' dir='ltr' id='par_1_101' title="bbox 1952 3247 3556 3322">
     <span class='ocr_line' id='line_1_101' title="bbox 1952 3247 3556 3322; baseline -0.001 -21"><span class='ocrx_word' id='word_1_796' title='bbox 1952 3247 2077 3302; x_wconf 75' lang='grc' dir='ltr'>οὐδέ</span> <span class='ocrx_word' id='word_1_797' title='bbox 2110 3247 2443 3319; x_wconf 81' lang='grc' dir='ltr'>τελευτήσας</span> <span class='ocrx_word' id='word_1_798' title='bbox 2492 3249 2593 3318; x_wconf 86' lang='grc' dir='ltr'>τῆς</span> <span class='ocrx_word' id='word_1_799' title='bbox 2633 3249 2744 3303; x_wconf 91' lang='grc' dir='ltr'>τῶν</span> <span class='ocrx_word' id='word_1_800' title='bbox 2798 3249 3172 3322; x_wconf 88' lang='grc' dir='ltr'>λῃστευόντων</span> <span class='ocrx_word' id='word_1_801' title='bbox 3210 3247 3556 3319; x_wconf 87' lang='grc' dir='ltr'>κακουργίας</span> 
     </span>
    </p>
   </div>
   <div class='ocr_carea' id='block_1_102' title="bbox 1951 3330 3555 3404">
    <p class='ocr_par' dir='ltr' id='par_1_102' title="bbox 1951 3330 3555 3404">
     <span class='ocr_line' id='line_1_102' title="bbox 1951 3330 3555 3404; baseline 0.001 -19"><span class='ocrx_word' id='word_1_802' title='bbox 1951 3332 2328 3403; x_wconf 87' lang='grc' dir='ltr'>ἀπήλλακται,</span> <span class='ocrx_word' id='word_1_803' title='bbox 2362 3330 2485 3385; x_wconf 70' lang='grc' dir='ltr'>οὐδὲ</span> <span class='ocrx_word' id='word_1_804' title='bbox 2520 3331 2695 3403; x_wconf 78' lang='grc' dir='ltr'>ἰσχύει</span> <span class='ocrx_word' id='word_1_805' title='bbox 2723 3336 2752 3387; x_wconf 88' lang='lat'>6</span> <span class='ocrx_word' id='word_1_806' title='bbox 2782 3332 3013 3399; x_wconf 89' lang='grc' dir='ltr'>θάνατος</span> <span class='ocrx_word' id='word_1_807' title='bbox 3043 3335 3102 3387; x_wconf 85' lang='grc' dir='ltr'>ἐν</span> <span class='ocrx_word' id='word_1_808' title='bbox 3133 3334 3407 3404; x_wconf 86' lang='grc' dir='ltr'>ἀσφαλείᾳ</span> <span class='ocrx_word' id='word_1_809' title='bbox 3452 3333 3555 3386; x_wconf 85' lang='grc' dir='ltr'>αὐ·</span> 
     </span>
    </p>
   </div>
   <div class='ocr_carea' id='block_1_103' title="bbox 1952 3412 3558 3488">
    <p class='ocr_par' dir='ltr' id='par_1_103' title="bbox 1952 3412 3558 3488">
     <span class='ocr_line' id='line_1_103' title="bbox 1952 3412 3558 3488; baseline -0.001 -20"><span class='ocrx_word' id='word_1_810' title='bbox 1952 3415 2047 3469; x_wconf 84' lang='grc' dir='ltr'>τὸν</span> <span class='ocrx_word' id='word_1_811' title='bbox 2095 3414 2461 3485; x_wconf 88' lang='grc' dir='ltr'>καταστῆσαι,</span> <span class='ocrx_word' id='word_1_812' title='bbox 2502 3414 2642 3470; x_wconf 86' lang='grc' dir='ltr'>ἀλλά</span> <span class='ocrx_word' id='word_1_813' title='bbox 2676 3417 2775 3470; x_wconf 76' lang='grc' dir='ltr'>καὶ</span> <span class='ocrx_word' id='word_1_814' title='bbox 2810 3416 3002 3488; x_wconf 83' lang='grc' dir='ltr'>νεκρὸν</span> <span class='ocrx_word' id='word_1_815' title='bbox 3058 3413 3190 3469; x_wconf 74' lang='grc' dir='ltr'>ὄντα</span> <span class='ocrx_word' id='word_1_816' title='bbox 3235 3413 3469 3469; x_wconf 83' lang='grc' dir='ltr'>συλῶσιν</span> <span class='ocrx_word' id='word_1_817' title='bbox 3499 3412 3558 3467; x_wconf 76' lang='grc' dir='ltr'>οι</span> 
     </span>
    </p>
   </div>
   <div class='ocr_carea' id='block_1_104' title="bbox 1953 3496 3548 3574">
    <p class='ocr_par' dir='ltr' id='par_1_104' title="bbox 1953 3496 3548 3574">
     <span class='ocr_line' id='line_1_104' title="bbox 1953 3496 3548 3574; baseline -0.001 -23"><span class='ocrx_word' id='word_1_818' title='bbox 1953 3497 2393 3570; x_wconf 85' lang='grc' dir='ltr'>κακουργοῦντες</span> <span class='ocrx_word' id='word_1_819' title='bbox 2416 3513 2432 3531; x_wconf 78' lang='grc'><strong><em>⁸</em></strong></span> <span class='ocrx_word' id='word_1_820' title='bbox 2464 3498 2610 3555; x_wconf 79' lang='grc' dir='ltr'>οὕτω</span> <span class='ocrx_word' id='word_1_821' title='bbox 2640 3500 2875 3574; x_wconf 77' lang='grc' dir='ltr'>πρᾶγμα</span> <span class='ocrx_word' id='word_1_822' title='bbox 2896 3498 3201 3568; x_wconf 75' lang='grc' dir='ltr'>ἐπισφαλὲς</span> <span class='ocrx_word' id='word_1_823' title='bbox 3228 3499 3257 3552; x_wconf 90' lang='lat'>6</span> <span class='ocrx_word' id='word_1_824' title='bbox 3296 3496 3548 3562; x_wconf 85' lang='grc' dir='ltr'>πλοῦτος.</span> 
     </span>
    </p>
   </div>
   <div class='ocr_carea' id='block_1_105' title="bbox 1951 3579 3555 3655">
    <p class='ocr_par' dir='ltr' id='par_1_105' title="bbox 1951 3579 3555 3655">
     <span class='ocr_line' id='line_1_105' title="bbox 1951 3579 3555 3655; baseline -0.001 -19"><span class='ocrx_word' id='word_1_825' title='bbox 1951 3580 2030 3636; x_wconf 88' lang='grc' dir='ltr'>Οὐ</span> <span class='ocrx_word' id='word_1_826' title='bbox 2056 3582 2166 3653; x_wconf 86' lang='grc' dir='ltr'>γάρ</span> <span class='ocrx_word' id='word_1_827' title='bbox 2188 3581 2254 3653; x_wconf 77' lang='grc' dir='ltr'>δὴ</span> <span class='ocrx_word' id='word_1_828' title='bbox 2281 3582 2451 3638; x_wconf 89' lang='grc' dir='ltr'>οίκίαι</span> <span class='ocrx_word' id='word_1_829' title='bbox 2484 3582 2856 3655; x_wconf 86' lang='grc' dir='ltr'>διορύττονται</span> <span class='ocrx_word' id='word_1_830' title='bbox 2886 3582 3070 3652; x_wconf 90' lang='grc' dir='ltr'>μόνον,</span> <span class='ocrx_word' id='word_1_831' title='bbox 3106 3580 3244 3635; x_wconf 89' lang='grc' dir='ltr'>ἀλλά</span> <span class='ocrx_word' id='word_1_832' title='bbox 3270 3580 3363 3635; x_wconf 62' lang='grc' dir='ltr'>καὶ</span> <span class='ocrx_word' id='word_1_833' title='bbox 3387 3579 3555 3650; x_wconf 82' lang='grc' dir='ltr'>τάφοι</span> 
     </span>
    </p>
   </div>
   <div class='ocr_carea' id='block_1_106' title="bbox 1951 3656 3551 3739">
    <p class='ocr_par' dir='ltr' id='par_1_106' title="bbox 1951 3656 3551 3739">
     <span class='ocr_line' id='line_1_106' title="bbox 1951 3656 3551 3739; baseline -0.002 -22"><span class='ocrx_word' id='word_1_834' title='bbox 1951 3663 2394 3736; x_wconf 72' lang='grc' dir='ltr'>ἀναρρήγνυνται</span> <span class='ocrx_word' id='word_1_835' title='bbox 2421 3656 2515 3739; x_wconf 77' lang='lat' dir='ltr'><strong><em>xal</em></strong></span> <span class='ocrx_word' id='word_1_836' title='bbox 2544 3664 2729 3735; x_wconf 83' lang='grc' dir='ltr'>θῆκαι.</span> <span class='ocrx_word' id='word_1_837' title='bbox 2760 3664 2825 3717; x_wconf 88' lang='grc' dir='ltr'>Τί</span> <span class='ocrx_word' id='word_1_838' title='bbox 2864 3658 2958 3718; x_wconf 83' lang='grc' dir='ltr'>οὖν</span> <span class='ocrx_word' id='word_1_839' title='bbox 2985 3663 3319 3734; x_wconf 82' lang='grc' dir='ltr'>ἀθλιώτερον</span> <span class='ocrx_word' id='word_1_840' title='bbox 3358 3661 3551 3716; x_wconf 90' lang='grc' dir='ltr'>τούτου</span> 
     </span>
    </p>
   </div>
   <div class='ocr_carea' id='block_1_107' title="bbox 1950 3743 3559 3817">
    <p class='ocr_par' dir='ltr' id='par_1_107' title="bbox 1950 3743 3559 3817">
     <span class='ocr_line' id='line_1_107' title="bbox 1950 3743 3559 3817; baseline -0.001 -18"><span class='ocrx_word' id='word_1_841' title='bbox 1950 3746 2151 3815; x_wconf 86' lang='grc' dir='ltr'>γένοιτ’</span> <span class='ocrx_word' id='word_1_842' title='bbox 2204 3748 2293 3810; x_wconf 80' lang='grc' dir='ltr'>ἂν,</span> <span class='ocrx_word' id='word_1_843' title='bbox 2346 3747 2478 3801; x_wconf 85' lang='grc' dir='ltr'>ὅταν</span> <span class='ocrx_word' id='word_1_844' title='bbox 2528 3746 2663 3817; x_wconf 88' lang='grc' dir='ltr'>μηδέ</span> <span class='ocrx_word' id='word_1_845' title='bbox 2707 3747 2934 3809; x_wconf 88' lang='grc' dir='ltr'>θάνατος</span> <span class='ocrx_word' id='word_1_846' title='bbox 2988 3745 3137 3816; x_wconf 79' lang='grc' dir='ltr'>αὐτῷ</span> <span class='ocrx_word' id='word_1_847' title='bbox 3178 3744 3395 3817; x_wconf 82' lang='grc' dir='ltr'>παρέχῃ</span> <span class='ocrx_word' id='word_1_848' title='bbox 3449 3743 3559 3816; x_wconf 74' lang='grc' dir='ltr'>τὴν</span> 
     </span>
    </p>
   </div>
   <div class='ocr_carea' id='block_1_108' title="bbox 1951 3826 3551 3900">
    <p class='ocr_par' dir='ltr' id='par_1_108' title="bbox 1951 3826 3551 3900">
     <span class='ocr_line' id='line_1_108' title="bbox 1951 3826 3551 3900; baseline -0.002 -16"><span class='ocrx_word' id='word_1_849' title='bbox 1951 3830 2139 3884; x_wconf 77' lang='grc' dir='ltr'>ἄδειαν</span> <span class='ocrx_word' id='word_1_850' title='bbox 2172 3829 2399 3900; x_wconf 86' lang='grc' dir='ltr'>ταύτην,</span> <span class='ocrx_word' id='word_1_851' title='bbox 2439 3829 2579 3883; x_wconf 84' lang='grc' dir='ltr'>ἀλλά</span> <span class='ocrx_word' id='word_1_852' title='bbox 2615 3829 2677 3883; x_wconf 80' lang='grc' dir='ltr'>τὸ</span> <span class='ocrx_word' id='word_1_853' title='bbox 2714 3828 2951 3882; x_wconf 86' lang='grc' dir='ltr'>δείλαιον</span> <span class='ocrx_word' id='word_1_854' title='bbox 2993 3830 3171 3881; x_wconf 81' lang='grc' dir='ltr'>ἐκεῖνο</span> <span class='ocrx_word' id='word_1_855' title='bbox 3217 3826 3381 3896; x_wconf 89' lang='grc' dir='ltr'>σῶμα</span> <span class='ocrx_word' id='word_1_856' title='bbox 3425 3826 3551 3881; x_wconf 61' lang='grc' dir='ltr'>οὐδὲ</span> 
     </span>
    </p>
   </div>
   <div class='ocr_carea' id='block_1_109' title="bbox 1952 3909 3553 3983">
    <p class='ocr_par' dir='ltr' id='par_1_109' title="bbox 1952 3909 3553 3983">
     <span class='ocr_line' id='line_1_109' title="bbox 1952 3909 3553 3983; baseline -0.001 -20"><span class='ocrx_word' id='word_1_857' title='bbox 1952 3911 2098 3981; x_wconf 84' lang='grc' dir='ltr'>ζωῆς</span> <span class='ocrx_word' id='word_1_858' title='bbox 2128 3911 2505 3983; x_wconf 75' lang='grc' dir='ltr'>ἀποπερηθέν</span> <span class='ocrx_word' id='word_1_859' title='bbox 2555 3910 2903 3982; x_wconf 87' lang='grc' dir='ltr'>ἀπήλλακται</span> <span class='ocrx_word' id='word_1_860' title='bbox 2952 3911 3060 3964; x_wconf 92' lang='grc' dir='ltr'>τῶν</span> <span class='ocrx_word' id='word_1_861' title='bbox 3090 3910 3149 3963; x_wconf 85' lang='grc' dir='ltr'>ἐν</span> <span class='ocrx_word' id='word_1_862' title='bbox 3185 3912 3252 3981; x_wconf 76' lang='grc' dir='ltr'>τῇ</span> <span class='ocrx_word' id='word_1_863' title='bbox 3300 3909 3413 3980; x_wconf 76' lang='grc' dir='ltr'>ζωῇ</span> <span class='ocrx_word' id='word_1_864' title='bbox 3448 3925 3553 3961; x_wconf 83' lang='grc' dir='ltr'>κα-</span> 
     </span>
    </p>
   </div>
   <div class='ocr_carea' id='block_1_110' title="bbox 1952 3990 3555 4064">
    <p class='ocr_par' dir='ltr' id='par_1_110' title="bbox 1952 3990 3555 4064">
     <span class='ocr_line' id='line_1_110' title="bbox 1952 3990 3555 4064; baseline 0 -19"><span class='ocrx_word' id='word_1_865' title='bbox 1952 3991 2087 4054; x_wconf 90' lang='grc' dir='ltr'>κῶν,</span> <span class='ocrx_word' id='word_1_866' title='bbox 2124 3992 2238 4045; x_wconf 90' lang='grc' dir='ltr'>τῶν</span> <span class='ocrx_word' id='word_1_867' title='bbox 2272 3994 2343 4045; x_wconf 88' lang='grc' dir='ltr'>τά</span> <span class='ocrx_word' id='word_1_868' title='bbox 2368 3993 2595 4046; x_wconf 86' lang='grc' dir='ltr'>τοιαῦτα</span> <span class='ocrx_word' id='word_1_869' title='bbox 2622 3992 3076 4064; x_wconf 83' lang='grc' dir='ltr'>κακουργούντων</span> <span class='ocrx_word' id='word_1_870' title='bbox 3106 3994 3201 4046; x_wconf 73' lang='grc' dir='ltr'>καὶ</span> <span class='ocrx_word' id='word_1_871' title='bbox 3233 3991 3371 4062; x_wconf 82' lang='grc' dir='ltr'>πρὸς</span> <span class='ocrx_word' id='word_1_872' title='bbox 3401 3990 3555 4045; x_wconf 90' lang='grc' dir='ltr'>κόνιν</span> 
     </span>
    </p>
   </div>
   <div class='ocr_carea' id='block_1_111' title="bbox 1951 4072 3553 4144">
    <p class='ocr_par' dir='ltr' id='par_1_111' title="bbox 1951 4072 3553 4144">
     <span class='ocr_line' id='line_1_111' title="bbox 1951 4072 3553 4144; baseline -0.002 -16"><span class='ocrx_word' id='word_1_873' title='bbox 1951 4074 2047 4129; x_wconf 71' lang='grc' dir='ltr'>καὶ</span> <span class='ocrx_word' id='word_1_874' title='bbox 2081 4074 2289 4142; x_wconf 88' lang='grc' dir='ltr'>τέφραν</span> <span class='ocrx_word' id='word_1_875' title='bbox 2330 4075 2705 4144; x_wconf 85' lang='grc' dir='ltr'>ἐπειγομένων</span> <span class='ocrx_word' id='word_1_876' title='bbox 2746 4075 3025 4143; x_wconf 75' lang='grc' dir='ltr'>πολεμεῖν,</span> <span class='ocrx_word' id='word_1_877' title='bbox 3053 4074 3150 4128; x_wconf 73' lang='grc' dir='ltr'>καὶ</span> <span class='ocrx_word' id='word_1_878' title='bbox 3184 4073 3364 4143; x_wconf 83' lang='grc' dir='ltr'>πολλῷ</span> <span class='ocrx_word' id='word_1_879' title='bbox 3391 4072 3553 4143; x_wconf 87' lang='grc' dir='ltr'>χαλε-</span> 
     </span>
    </p>
   </div>
   <div class='ocr_carea' id='block_1_112' title="bbox 1950 4155 3550 4229">
    <p class='ocr_par' dir='ltr' id='par_1_112' title="bbox 1950 4155 3550 4229">
     <span class='ocr_line' id='line_1_112' title="bbox 1950 4155 3550 4229; baseline -0.004 -17"><span class='ocrx_word' id='word_1_880' title='bbox 1950 4156 2219 4229; x_wconf 85' lang='grc' dir='ltr'>πώτερον,</span> <span class='ocrx_word' id='word_1_881' title='bbox 2242 4157 2277 4226; x_wconf 75' lang='grc' dir='ltr'>ἢ</span> <span class='ocrx_word' id='word_1_882' title='bbox 2312 4156 2476 4227; x_wconf 81' lang='grc' dir='ltr'>ηνίκα</span> <span class='ocrx_word' id='word_1_883' title='bbox 2515 4155 2653 4225; x_wconf 72' lang='grc' dir='ltr'>ἔζης</span> <span class='ocrx_word' id='word_1_884' title='bbox 2698 4155 2833 4209; x_wconf 87' lang='grc' dir='ltr'>Τότε</span> <span class='ocrx_word' id='word_1_885' title='bbox 2873 4157 2972 4225; x_wconf 89' lang='grc' dir='ltr'>μέν</span> <span class='ocrx_word' id='word_1_886' title='bbox 3010 4157 3121 4226; x_wconf 83' lang='grc' dir='ltr'>γὰρ</span> <span class='ocrx_word' id='word_1_887' title='bbox 3166 4157 3248 4218; x_wconf 82' lang='grc' dir='ltr'>είς</span> <span class='ocrx_word' id='word_1_888' title='bbox 3300 4157 3550 4224; x_wconf 74' lang='grc' dir='ltr'>ταμιεῖον</span> 
     </span>
    </p>
   </div>
   <div class='ocr_carea' id='block_1_113' title="bbox 1949 4235 3551 4308">
    <p class='ocr_par' dir='ltr' id='par_1_113' title="bbox 1949 4235 3551 4308">
     <span class='ocr_line' id='line_1_113' title="bbox 1949 4235 3551 4308; baseline -0.002 -15"><span class='ocrx_word' id='word_1_889' title='bbox 1949 4240 2234 4307; x_wconf 82' lang='grc' dir='ltr'>εἰσιόντες,</span> <span class='ocrx_word' id='word_1_890' title='bbox 2267 4239 2338 4292; x_wconf 83' lang='grc' dir='ltr'>τά</span> <span class='ocrx_word' id='word_1_891' title='bbox 2376 4235 2610 4292; x_wconf 84' lang='grc' dir='ltr'>κιϐώτια</span> <span class='ocrx_word' id='word_1_892' title='bbox 2648 4236 2744 4308; x_wconf 83' lang='grc' dir='ltr'>μέν</span> <span class='ocrx_word' id='word_1_893' title='bbox 2786 4237 3023 4301; x_wconf 84' lang='grc' dir='ltr'>ἐκίνουν,</span> <span class='ocrx_word' id='word_1_894' title='bbox 3066 4237 3160 4290; x_wconf 86' lang='grc' dir='ltr'>τοῦ</span> <span class='ocrx_word' id='word_1_895' title='bbox 3196 4236 3447 4308; x_wconf 86' lang='grc' dir='ltr'>σώματος</span> <span class='ocrx_word' id='word_1_896' title='bbox 3490 4236 3551 4289; x_wconf 72' lang='grc' dir='ltr'>δέ</span> 
     </span>
    </p>
   </div>
   <div class='ocr_carea' id='block_1_114' title="bbox 1948 4318 3548 4392">
    <p class='ocr_par' dir='ltr' id='par_1_114' title="bbox 1948 4318 3548 4392">
     <span class='ocr_line' id='line_1_114' title="bbox 1948 4318 3548 4392; baseline -0.001 -17"><span class='ocrx_word' id='word_1_897' title='bbox 1948 4321 2262 4392; x_wconf 84' lang='grc' dir='ltr'>ἀπείχοντο,</span> <span class='ocrx_word' id='word_1_898' title='bbox 2290 4322 2386 4377; x_wconf 77' lang='grc' dir='ltr'>καὶ</span> <span class='ocrx_word' id='word_1_899' title='bbox 2408 4322 2511 4375; x_wconf 86' lang='grc' dir='ltr'>οὐκ</span> <span class='ocrx_word' id='word_1_900' title='bbox 2543 4320 2610 4374; x_wconf 82' lang='grc' dir='ltr'>ἂν</span> <span class='ocrx_word' id='word_1_901' title='bbox 2644 4320 2886 4375; x_wconf 87' lang='grc' dir='ltr'>τοσαῦτα</span> <span class='ocrx_word' id='word_1_902' title='bbox 2919 4320 3134 4386; x_wconf 67' lang='grc' dir='ltr'>ἔλαϐον,</span> <span class='ocrx_word' id='word_1_903' title='bbox 3173 4320 3249 4384; x_wconf 86' lang='grc' dir='ltr'>ὠς</span> <span class='ocrx_word' id='word_1_904' title='bbox 3286 4319 3378 4374; x_wconf 74' lang='grc' dir='ltr'>καὶ</span> <span class='ocrx_word' id='word_1_905' title='bbox 3413 4318 3548 4374; x_wconf 79' lang='grc' dir='ltr'>αὐτὸ</span> 
     </span>
    </p>
   </div>
   <div class='ocr_carea' id='block_1_115' title="bbox 1947 4403 3545 4475">
    <p class='ocr_par' dir='ltr' id='par_1_115' title="bbox 1947 4403 3545 4475">
     <span class='ocr_line' id='line_1_115' title="bbox 1947 4403 3545 4475; baseline -0.002 -19"><span class='ocrx_word' id='word_1_906' title='bbox 1947 4404 2238 4475; x_wconf 83' lang='grc' dir='ltr'>γυμνῶσαι</span> <span class='ocrx_word' id='word_1_907' title='bbox 2263 4404 2324 4457; x_wconf 81' lang='grc' dir='ltr'>τὸ</span> <span class='ocrx_word' id='word_1_908' title='bbox 2353 4404 2515 4475; x_wconf 82' lang='grc' dir='ltr'>σῶμα</span> <span class='ocrx_word' id='word_1_909' title='bbox 2538 4420 2553 4435; x_wconf 86' lang='grc'>·</span> <span class='ocrx_word' id='word_1_910' title='bbox 2588 4405 2708 4458; x_wconf 84' lang='grc' dir='ltr'>νυνί</span> <span class='ocrx_word' id='word_1_911' title='bbox 2742 4403 2803 4457; x_wconf 80' lang='grc' dir='ltr'>δὲ</span> <span class='ocrx_word' id='word_1_912' title='bbox 2834 4404 2959 4457; x_wconf 76' lang='grc' dir='ltr'>ούδέ</span> <span class='ocrx_word' id='word_1_913' title='bbox 3001 4403 3213 4458; x_wconf 81' lang='grc' dir='ltr'>τούτων</span> <span class='ocrx_word' id='word_1_914' title='bbox 3243 4403 3545 4472; x_wconf 81' lang='grc' dir='ltr'>ἀπέχονται</span> 
     </span>
    </p>
   </div>
   <div class='ocr_carea' id='block_1_116' title="bbox 1948 4483 3546 4561">
    <p class='ocr_par' dir='ltr' id='par_1_116' title="bbox 1948 4483 3546 4561">
     <span class='ocr_line' id='line_1_116' title="bbox 1948 4483 3546 4561; baseline -0.004 -20"><span class='ocrx_word' id='word_1_915' title='bbox 1948 4489 2006 4541; x_wconf 78' lang='lat' dir='ltr'>al</span> <span class='ocrx_word' id='word_1_916' title='bbox 2054 4489 2256 4561; x_wconf 76' lang='grc' dir='ltr'>μιαραὶ</span> <span class='ocrx_word' id='word_1_917' title='bbox 2294 4488 2404 4542; x_wconf 90' lang='grc' dir='ltr'>τῶν</span> <span class='ocrx_word' id='word_1_918' title='bbox 2449 4487 2831 4559; x_wconf 80' lang='grc' dir='ltr'>τυμϐωρύχων</span> <span class='ocrx_word' id='word_1_919' title='bbox 2867 4490 3075 4557; x_wconf 81' lang='grc' dir='ltr'>χεῖρες,</span> <span class='ocrx_word' id='word_1_920' title='bbox 3116 4486 3255 4538; x_wconf 86' lang='grc' dir='ltr'>ἀλλά</span> <span class='ocrx_word' id='word_1_921' title='bbox 3300 4483 3546 4537; x_wconf 85' lang='grc' dir='ltr'>κινοῦσιν</span> 
     </span>
    </p>
   </div>
   <div class='ocr_carea' id='block_1_117' title="bbox 1948 4565 3545 4643">
    <p class='ocr_par' dir='ltr' id='par_1_117' title="bbox 1948 4565 3545 4643">
     <span class='ocr_line' id='line_1_117' title="bbox 1948 4565 3545 4643; baseline -0.007 -17"><span class='ocrx_word' id='word_1_922' title='bbox 1948 4570 2083 4626; x_wconf 84' lang='grc' dir='ltr'>αὐτὸ</span> <span class='ocrx_word' id='word_1_923' title='bbox 2112 4573 2207 4626; x_wconf 80' lang='grc' dir='ltr'>καὶ</span> <span class='ocrx_word' id='word_1_924' title='bbox 2238 4570 2663 4643; x_wconf 83' lang='grc' dir='ltr'>περιστρέφουσι</span> <span class='ocrx_word' id='word_1_925' title='bbox 2687 4608 2703 4633; x_wconf 91' lang='grc'>,</span> <span class='ocrx_word' id='word_1_926' title='bbox 2732 4569 2828 4621; x_wconf 72' lang='grc' dir='ltr'>καὶ</span> <span class='ocrx_word' id='word_1_927' title='bbox 2859 4568 3000 4638; x_wconf 81' lang='grc' dir='ltr'>μετὰ</span> <span class='ocrx_word' id='word_1_928' title='bbox 3032 4566 3229 4635; x_wconf 78' lang='grc' dir='ltr'>πολλῆς</span> <span class='ocrx_word' id='word_1_929' title='bbox 3258 4565 3545 4635; x_wconf 83' lang='grc' dir='ltr'>ὠμότητος</span> 
     </span>
    </p>
   </div>
   <div class='ocr_carea' id='block_1_118' title="bbox 1946 4648 3542 4725">
    <p class='ocr_par' dir='ltr' id='par_1_118' title="bbox 1946 4648 3542 4725">
     <span class='ocr_line' id='line_1_118' title="bbox 1946 4648 3542 4725; baseline -0.006 -17"><span class='ocrx_word' id='word_1_930' title='bbox 1946 4653 2312 4725; x_wconf 80' lang='grc' dir='ltr'>ἐνυϐρίζουσι.</span> <span class='ocrx_word' id='word_1_931' title='bbox 2345 4654 2499 4705; x_wconf 83' lang='grc' dir='ltr'>Μετά</span> <span class='ocrx_word' id='word_1_932' title='bbox 2541 4650 2649 4721; x_wconf 69' lang='grc' dir='ltr'>γάρ</span> <span class='ocrx_word' id='word_1_933' title='bbox 2695 4648 2758 4702; x_wconf 74' lang='grc' dir='ltr'>τὸ</span> <span class='ocrx_word' id='word_1_934' title='bbox 2796 4648 3168 4721; x_wconf 70' lang='grc' dir='ltr'>παραδοθῆναι</span> <span class='ocrx_word' id='word_1_935' title='bbox 3206 4650 3269 4719; x_wconf 76' lang='grc' dir='ltr'>τῇ</span> <span class='ocrx_word' id='word_1_936' title='bbox 3314 4649 3409 4717; x_wconf 74' lang='grc' dir='ltr'>γῇ,</span> <span class='ocrx_word' id='word_1_937' title='bbox 3439 4661 3542 4713; x_wconf 93' lang='grc' dir='ltr'>γυ-</span> 
     </span>
    </p>
   </div>
   <div class='ocr_carea' id='block_1_119' title="bbox 1952 4728 3544 4809">
    <p class='ocr_par' dir='ltr' id='par_1_119' title="bbox 1952 4728 3544 4809">
     <span class='ocr_line' id='line_1_119' title="bbox 1952 4728 3544 4809; baseline -0.006 -19"><span class='ocrx_word' id='word_1_938' title='bbox 1952 4737 2084 4809; x_wconf 68' lang='grc' dir='ltr'>μίδν</span> <span class='ocrx_word' id='word_1_939' title='bbox 2116 4737 2212 4790; x_wconf 74' lang='grc' dir='ltr'>καὶ</span> <span class='ocrx_word' id='word_1_940' title='bbox 2263 4735 2366 4805; x_wconf 84' lang='grc' dir='ltr'>τῆς</span> <span class='ocrx_word' id='word_1_941' title='bbox 2410 4732 2622 4787; x_wconf 66' lang='grc' dir='ltr'>ἐκεῖθεν</span> <span class='ocrx_word' id='word_1_942' title='bbox 2657 4733 2951 4807; x_wconf 84' lang='grc' dir='ltr'>περιϐολῆς</span> <span class='ocrx_word' id='word_1_943' title='bbox 2994 4733 3091 4786; x_wconf 77' lang='grc' dir='ltr'>καὶ</span> <span class='ocrx_word' id='word_1_944' title='bbox 3128 4732 3229 4803; x_wconf 83' lang='grc' dir='ltr'>τῆς</span> <span class='ocrx_word' id='word_1_945' title='bbox 3274 4730 3383 4783; x_wconf 83' lang='grc' dir='ltr'>ἀπὸ</span> <span class='ocrx_word' id='word_1_946' title='bbox 3432 4728 3544 4783; x_wconf 89' lang='grc' dir='ltr'>τῶν</span> 
     </span>
    </p>
   </div>
   <div class='ocr_carea' id='block_1_120' title="bbox 1949 4811 3549 4890">
    <p class='ocr_par' dir='ltr' id='par_1_120' title="bbox 1949 4811 3549 4890">
     <span class='ocr_line' id='line_1_120' title="bbox 1949 4811 3549 4890; baseline -0.004 -19"><span class='ocrx_word' id='word_1_947' title='bbox 1949 4822 2185 4890; x_wconf 83' lang='grc' dir='ltr'>ἰματίων</span> <span class='ocrx_word' id='word_1_948' title='bbox 2237 4818 2587 4884; x_wconf 81' lang='grc' dir='ltr'>ποιήσαντες,</span> <span class='ocrx_word' id='word_1_949' title='bbox 2633 4815 2808 4880; x_wconf 71' lang='grc' dir='ltr'>οὕτως</span> <span class='ocrx_word' id='word_1_950' title='bbox 2849 4817 3077 4885; x_wconf 80' lang='grc' dir='ltr'>ἀφιᾶσιν</span> <span class='ocrx_word' id='word_1_951' title='bbox 3115 4813 3393 4886; x_wconf 66' lang='grc' dir='ltr'>ἐρρῖφθαι.</span> <span class='ocrx_word' id='word_1_952' title='bbox 3446 4811 3549 4875; x_wconf 86' lang='grc' dir='ltr'>Τίς</span> 
     </span>
    </p>
   </div>
   <div class='ocr_carea' id='block_1_121' title="bbox 1946 4894 3550 4972">
    <p class='ocr_par' dir='ltr' id='par_1_121' title="bbox 1946 4894 3550 4972">
     <span class='ocr_line' id='line_1_121' title="bbox 1946 4894 3550 4972; baseline -0.006 -15"><span class='ocrx_word' id='word_1_953' title='bbox 1946 4899 2041 4957; x_wconf 80' lang='grc' dir='ltr'>οὖν</span> <span class='ocrx_word' id='word_1_954' title='bbox 2075 4901 2219 4955; x_wconf 75' lang='grc' dir='ltr'>οὕτω</span> <span class='ocrx_word' id='word_1_955' title='bbox 2268 4902 2552 4972; x_wconf 56' lang='grc' dir='ltr'>πολέμιπ,</span> <span class='ocrx_word' id='word_1_956' title='bbox 2580 4900 2658 4965; x_wconf 82' lang='grc' dir='ltr'>ῶς</span> <span class='ocrx_word' id='word_1_957' title='bbox 2687 4902 2715 4955; x_wconf 90' lang='lat'>6</span> <span class='ocrx_word' id='word_1_958' title='bbox 2753 4898 3004 4963; x_wconf 82' lang='grc' dir='ltr'>πλοῦτος,</span> <span class='ocrx_word' id='word_1_959' title='bbox 3045 4895 3265 4963; x_wconf 85' lang='grc' dir='ltr'>ζώντων</span> <span class='ocrx_word' id='word_1_960' title='bbox 3302 4895 3402 4966; x_wconf 84' lang='grc' dir='ltr'>μέν</span> <span class='ocrx_word' id='word_1_961' title='bbox 3446 4894 3550 4948; x_wconf 75' lang='grc' dir='ltr'>καὶ</span> 
     </span>
    </p>
   </div>
   <div class='ocr_carea' id='block_1_122' title="bbox 1944 4974 3545 5058">
    <p class='ocr_par' dir='ltr' id='par_1_122' title="bbox 1944 4974 3545 5058">
     <span class='ocr_line' id='line_1_122' title="bbox 1944 4974 3545 5058; baseline -0.007 -18"><span class='ocrx_word' id='word_1_962' title='bbox 1944 4987 2047 5058; x_wconf 82' lang='grc' dir='ltr'>τὴν</span> <span class='ocrx_word' id='word_1_963' title='bbox 2071 4985 2254 5057; x_wconf 67' lang='grc' dir='ltr'>ψυχὴν</span> <span class='ocrx_word' id='word_1_964' title='bbox 2288 4984 2552 5048; x_wconf 82' lang='grc' dir='ltr'>ἀπολλὺς,</span> <span class='ocrx_word' id='word_1_965' title='bbox 2598 4982 3040 5054; x_wconf 79' lang='grc' dir='ltr'>τελευτησάντων</span> <span class='ocrx_word' id='word_1_966' title='bbox 3066 4979 3131 5033; x_wconf 70' lang='grc' dir='ltr'>δέ</span> <span class='ocrx_word' id='word_1_967' title='bbox 3156 4977 3254 5032; x_wconf 72' lang='grc' dir='ltr'>καὶ</span> <span class='ocrx_word' id='word_1_968' title='bbox 3280 4977 3343 5031; x_wconf 80' lang='grc' dir='ltr'>τὸ</span> 
     </span>
    </p>
   </div>
   <div class='ocr_carea' id='block_1_123' title="bbox 1944 5056 3545 5140">
    <p class='ocr_par' dir='ltr' id='par_1_123' title="bbox 1944 5056 3545 5140">
     <span class='ocr_line' id='line_1_123' title="bbox 1944 5056 3545 5140; baseline -0.007 -17"><span class='ocrx_word' id='word_1_969' title='bbox 1944 5056 2273 5140; x_wconf 80' lang='grc' dir='ltr'>ἐνυϐρίζων,</span> <span class='ocrx_word' id='word_1_970' title='bbox 2302 5068 2395 5120; x_wconf 76' lang='grc' dir='ltr'>καὶ</span> <span class='ocrx_word' id='word_1_971' title='bbox 2423 5066 2543 5120; x_wconf 80' lang='grc' dir='ltr'>ούδέ</span> <span class='ocrx_word' id='word_1_972' title='bbox 2574 5068 2641 5136; x_wconf 77' lang='grc' dir='ltr'>τῇ</span> <span class='ocrx_word' id='word_1_973' title='bbox 2668 5067 2739 5137; x_wconf 76' lang='grc' dir='ltr'>γῇ</span> <span class='ocrx_word' id='word_1_974' title='bbox 2772 5063 3115 5136; x_wconf 87' lang='grc' dir='ltr'>κρύπτεσθαι</span> <span class='ocrx_word' id='word_1_975' title='bbox 3140 5056 3441 5130; x_wconf 73' lang='grc' dir='ltr'>συγχωρῶν</span> <span class='ocrx_word' id='word_1_976' title='bbox 3468 5074 3482 5123; x_wconf 85' lang='grc'>;</span> <span class='ocrx_word' id='word_1_977' title='bbox 3515 5058 3545 5111; x_wconf 84' lang='lat'>6</span> 
     </span>
    </p>
   </div>
   <div class='ocr_carea' id='block_1_124' title="bbox 1946 5141 3543 5209">
    <p class='ocr_par' dir='ltr' id='par_1_124' title="bbox 1946 5141 3543 5209">
     <span class='ocr_line' id='line_1_124' title="bbox 1946 5141 3543 5209; baseline -0.01 0"><span class='ocrx_word' id='word_1_978' title='bbox 1946 5153 2129 5209; x_wconf 83' lang='grc' dir='ltr'>κοινδν</span> <span class='ocrx_word' id='word_1_979' title='bbox 2163 5152 2260 5206; x_wconf 76' lang='grc' dir='ltr'>καὶ</span> <span class='ocrx_word' id='word_1_980' title='bbox 2283 5151 2392 5203; x_wconf 89' lang='grc' dir='ltr'>τῶν</span> <span class='ocrx_word' id='word_1_981' title='bbox 2412 5148 2722 5201; x_wconf 83' lang='grc' dir='ltr'>καταδίκων</span> <span class='ocrx_word' id='word_1_982' title='bbox 2751 5148 2887 5208; x_wconf 76' lang='grc' dir='ltr'>ἐστὶ,</span> <span class='ocrx_word' id='word_1_983' title='bbox 2919 5145 3013 5199; x_wconf 71' lang='grc' dir='ltr'>καί⁵</span> <span class='ocrx_word' id='word_1_984' title='bbox 3044 5143 3153 5197; x_wconf 84' lang='grc' dir='ltr'>τῶν</span> <span class='ocrx_word' id='word_1_985' title='bbox 3186 5142 3280 5195; x_wconf 84' lang='grc' dir='ltr'>ἐπὶ</span> <span class='ocrx_word' id='word_1_986' title='bbox 3309 5144 3422 5205; x_wconf 74' lang='grc' dir='ltr'>τοῖς</span> <span class='ocrx_word' id='word_1_987' title='bbox 3452 5141 3543 5193; x_wconf 87' lang='grc' dir='ltr'>αἰ-</span> 
     </span>
    </p>
   </div>
   <div class='ocr_carea' id='block_1_125' title="bbox 1947 5221 3543 5308">
    <p class='ocr_par' dir='ltr' id='par_1_125' title="bbox 1947 5221 3543 5308">
     <span class='ocr_line' id='line_1_125' title="bbox 1947 5221 3543 5308; baseline -0.01 -17"><span class='ocrx_word' id='word_1_988' title='bbox 1947 5238 2191 5308; x_wconf 85' lang='grc' dir='ltr'>σχίστοις</span> <span class='ocrx_word' id='word_1_989' title='bbox 2238 5230 2389 5305; x_wconf 68' lang='grc'>[551]</span> <span class='ocrx_word' id='word_1_990' title='bbox 2430 5230 2771 5284; x_wconf 74' lang='grc' dir='ltr'>ἑαλωκότων.</span> <span class='ocrx_word' id='word_1_991' title='bbox 2820 5227 3091 5289; x_wconf 76' lang='grc' dir='ltr'>Ἐκείνους</span> <span class='ocrx_word' id='word_1_992' title='bbox 3138 5225 3238 5308; x_wconf 76' lang='grc' dir='ltr'>μέν</span> <span class='ocrx_word' id='word_1_993' title='bbox 3291 5224 3399 5297; x_wconf 82' lang='grc' dir='ltr'>γὰρ</span> <span class='ocrx_word' id='word_1_994' title='bbox 3444 5221 3543 5308; x_wconf 85' lang='grc' dir='ltr'>τοῦ</span> 
     </span>
    </p>
   </div>
   <div class='ocr_carea' id='block_1_126' title="bbox 1946 5307 3544 5386">
    <p class='ocr_par' dir='ltr' id='par_1_126' title="bbox 1946 5307 3544 5386">
     <span class='ocr_line' id='line_1_126' title="bbox 1946 5307 3544 5386; baseline -0.009 -14"><span class='ocrx_word' id='word_1_995' title='bbox 1946 5320 2186 5372; x_wconf 90' lang='grc' dir='ltr'>θανάτου</span> <span class='ocrx_word' id='word_1_996' title='bbox 2215 5316 2316 5386; x_wconf 84' lang='grc' dir='ltr'>τὴν</span> <span class='ocrx_word' id='word_1_997' title='bbox 2345 5313 2501 5385; x_wconf 84' lang='grc' dir='ltr'>δίκην</span> <span class='ocrx_word' id='word_1_998' title='bbox 2532 5314 2940 5381; x_wconf 80' lang='grc' dir='ltr'>ἀπαιτήσαντες</span> <span class='ocrx_word' id='word_1_999' title='bbox 2968 5309 3017 5362; x_wconf 89' lang='grc' dir='ltr'>οί</span> <span class='ocrx_word' id='word_1_1000' title='bbox 3046 5307 3353 5380; x_wconf 80' lang='grc' dir='ltr'>νομοθέται,</span> <span class='ocrx_word' id='word_1_1001' title='bbox 3384 5307 3544 5361; x_wconf 72' lang='grc' dir='ltr'>οὐδὲν</span> 
     </span>
    </p>
   </div>
   <div class='ocr_carea' id='block_1_127' title="bbox 1946 5388 3543 5474">
    <p class='ocr_par' dir='ltr' id='par_1_127' title="bbox 1946 5388 3543 5474">
     <span class='ocr_line' id='line_1_127' title="bbox 1946 5388 3543 5474; baseline -0.009 -18"><span class='ocrx_word' id='word_1_1002' title='bbox 1946 5401 2264 5474; x_wconf 77' lang='grc' dir='ltr'>περαιτέρω</span> <span class='ocrx_word' id='word_1_1003' title='bbox 2305 5397 2760 5470; x_wconf 83' lang='grc' dir='ltr'>περιεργάζονται</span> <span class='ocrx_word' id='word_1_1004' title='bbox 2810 5412 2822 5424; x_wconf 83' lang='grc'><em>’</em></span> <span class='ocrx_word' id='word_1_1005' title='bbox 2872 5392 3095 5457; x_wconf 82' lang='grc' dir='ltr'>τούτους</span> <span class='ocrx_word' id='word_1_1006' title='bbox 3133 5391 3191 5445; x_wconf 79' lang='grc' dir='ltr'>δέ</span> <span class='ocrx_word' id='word_1_1007' title='bbox 3239 5393 3268 5445; x_wconf 93' lang='lat'>6</span> <span class='ocrx_word' id='word_1_1008' title='bbox 3307 5388 3543 5455; x_wconf 83' lang='grc' dir='ltr'>πλοῦτος</span> 
     </span>
    </p>
   </div>
   <div class='ocr_carea' id='block_1_128' title="bbox 1945 5476 3539 5556">
    <p class='ocr_par' dir='ltr' id='par_1_128' title="bbox 1945 5476 3539 5556">
     <span class='ocr_line' id='line_1_128' title="bbox 1945 5476 3539 5556; baseline -0.008 -17"><span class='ocrx_word' id='word_1_1009' title='bbox 1945 5486 2038 5542; x_wconf 78' lang='grc' dir='ltr'>καὶ</span> <span class='ocrx_word' id='word_1_1010' title='bbox 2068 5484 2212 5556; x_wconf 85' lang='grc' dir='ltr'>μετά</span> <span class='ocrx_word' id='word_1_1011' title='bbox 2235 5482 2465 5536; x_wconf 83' lang='grc' dir='ltr'>θάνατον</span> <span class='ocrx_word' id='word_1_1012' title='bbox 2489 5479 2822 5552; x_wconf 84' lang='grc' dir='ltr'>πικροτάτην</span> <span class='ocrx_word' id='word_1_1013' title='bbox 2849 5478 3072 5531; x_wconf 81' lang='grc' dir='ltr'>ἀπαιτεῖ</span> <span class='ocrx_word' id='word_1_1014' title='bbox 3090 5476 3268 5547; x_wconf 86' lang='grc' dir='ltr'>δίκην,</span> <span class='ocrx_word' id='word_1_1015' title='bbox 3293 5490 3362 5542; x_wconf 89' lang='grc' dir='ltr'>γυ</span> <span class='ocrx_word' id='word_1_1016' title='bbox 3370 5477 3539 5546; x_wconf 46' lang='lat' dir='ltr'>avo-Ec</span> 
     </span>
    </p>
   </div>
   <div class='ocr_carea' id='block_1_129' title="bbox 1946 5557 3531 5641">
    <p class='ocr_par' dir='ltr' id='par_1_129' title="bbox 1946 5557 3531 5641">
     <span class='ocr_line' id='line_1_129' title="bbox 1946 5557 3531 5641; baseline -0.006 -19"><span class='ocrx_word' id='word_1_1017' title='bbox 1946 5566 2232 5641; x_wconf 76' lang='grc' dir='ltr'>προτιθεὶς</span> <span class='ocrx_word' id='word_1_1018' title='bbox 2266 5567 2362 5619; x_wconf 71' lang='grc' dir='ltr'>καὶ</span> <span class='ocrx_word' id='word_1_1019' title='bbox 2408 5564 2669 5633; x_wconf 75' lang='grc' dir='ltr'>ἀτάφους,</span> <span class='ocrx_word' id='word_1_1020' title='bbox 2712 5562 2891 5631; x_wconf 87' lang='grc' dir='ltr'>θέαμα</span> <span class='ocrx_word' id='word_1_1021' title='bbox 2936 5559 3107 5614; x_wconf 77' lang='grc' dir='ltr'>δεινὸν</span> <span class='ocrx_word' id='word_1_1022' title='bbox 3150 5558 3247 5613; x_wconf 77' lang='grc' dir='ltr'>καὶ</span> <span class='ocrx_word' id='word_1_1023' title='bbox 3275 5557 3531 5614; x_wconf 81' lang='grc' dir='ltr'>ἐλεεινόν.</span> 
     </span>
    </p>
   </div>
   <div class='ocr_carea' id='block_1_130' title="bbox 1944 5641 3538 5720">
    <p class='ocr_par' dir='ltr' id='par_1_130' title="bbox 1944 5641 3538 5720">
     <span class='ocr_line' id='line_1_130' title="bbox 1944 5641 3538 5720; baseline -0.009 -14"><span class='ocrx_word' id='word_1_1024' title='bbox 1944 5652 2057 5706; x_wconf 81' lang='lat' dir='ltr'><strong><em>Kal</em></strong></span> <span class='ocrx_word' id='word_1_1025' title='bbox 2083 5650 2197 5720; x_wconf 78' lang='grc' dir='ltr'>γάρ</span> <span class='ocrx_word' id='word_1_1026' title='bbox 2230 5648 2340 5702; x_wconf 86' lang='grc' dir='ltr'>τῶν</span> <span class='ocrx_word' id='word_1_1027' title='bbox 2366 5648 2474 5702; x_wconf 76' lang='grc' dir='ltr'>ἀπὸ</span> <span class='ocrx_word' id='word_1_1028' title='bbox 2499 5648 2680 5718; x_wconf 79' lang='grc' dir='ltr'>ψήφου</span> <span class='ocrx_word' id='word_1_1029' title='bbox 2710 5643 2867 5698; x_wconf 90' lang='grc' dir='ltr'>τοῦτο</span> <span class='ocrx_word' id='word_1_1030' title='bbox 2899 5643 3213 5713; x_wconf 75' lang='grc' dir='ltr'>πασχόντων</span> <span class='ocrx_word' id='word_1_1031' title='bbox 3234 5642 3326 5694; x_wconf 80' lang='grc' dir='ltr'>καὶ</span> <span class='ocrx_word' id='word_1_1032' title='bbox 3357 5641 3538 5710; x_wconf 79' lang='grc' dir='ltr'>θυμοιι</span> 
     </span>
    </p>
   </div>
   <div class='ocr_carea' id='block_1_131' title="bbox 1946 5721 3538 5803">
    <p class='ocr_par' dir='ltr' id='par_1_131' title="bbox 1946 5721 3538 5803">
     <span class='ocr_line' id='line_1_131' title="bbox 1946 5721 3538 5803; baseline -0.006 -14"><span class='ocrx_word' id='word_1_1033' title='bbox 1946 5730 2268 5789; x_wconf 82' lang='grc' dir='ltr'>δικαστικοῦ</span> <span class='ocrx_word' id='word_1_1034' title='bbox 2321 5730 2676 5803; x_wconf 74' lang='grc' dir='ltr'>χαλεπώτερα</span> <span class='ocrx_word' id='word_1_1035' title='bbox 2715 5721 2860 5783; x_wconf 75' lang='grc' dir='ltr'>οὗτοι</span> <span class='ocrx_word' id='word_1_1036' title='bbox 2909 5726 3228 5797; x_wconf 76' lang='grc' dir='ltr'>πάσχουσιν.</span> <span class='ocrx_word' id='word_1_1037' title='bbox 3300 5724 3538 5779; x_wconf 77' lang='grc' dir='ltr'>Ἐκεῖνοι</span> 
     </span>
    </p>
   </div>
  </div>
