4076 6336
563 323 671 387 305

559 444 664 516 μιν
698 445 808 515 7&9
838 442 970 510 μίαν
999 443 1096 516 τὴν
1118 442 1346 516 πρώτην
1369 445 1465 498 καὶ
1491 444 1757 518 δευτέραν
1781 447 1998 519 ἡμέραν
2027 446 2149 516 μεί-

555 544 746 592 ναντες
785 527 1004 596 ἄταφοι,
1040 529 1106 598 τῇ
1151 531 1222 598 γῇ
1271 527 1692 598 παραδίδονται·
1729 524 1877 584 οῦτοι
1915 529 1974 584 δέ
2019 530 2150 584 ὅταν

557 609 904 681 παραδοθῶσι
930 613 997 681 τῇ
1026 611 1121 682 γῇ,
1155 610 1273 664 τότε
1306 611 1642 679 γυμνοῦνταμι
1675 614 1768 667 καὶ
1806 613 2143 684 ὑϐρίζονται.

555 692 620 746 El
644 691 700 746 δὲ
731 693 808 764 μὴ
829 693 924 746 καὶ
958 695 1059 764 τὴν
1089 692 1265 764 θήκην
1303 695 1557 760 λαϐόντες
1601 697 1932 767 ἀπέρχονται
1962 696 2012 748 οί
2057 696 2151 766 λῃ-

555 775 701 841 σταὶ,
731 776 918 828 οὐκέτι
941 774 1018 844 τῷ
1057 776 1274 847 πλούτῳ
1307 777 1488 847 χάρις,
1533 776 1670 831 ἀλλὰ
1702 780 1770 847 τῇ
1822 777 1984 848 πενίᾳ
2013 778 2148 830 κάν-

553 856 729 910 ταῦθα
765 874 780 888 ο
826 856 965 929 αὕτη
995 858 1104 927 7&9
1153 859 1325 930 αὐτὴν
1374 859 1632 926 φυλάττει
1659 875 1673 890 ·
1718 859 1794 922 ὡς
1839 858 1894 912 εί
1939 875 2002 926 γε
2054 859 2149 912 καὶ

553 939 760 1009 ταύτην
804 941 1213 1010 ἐνεχειρίσαμεν
1245 941 1322 1010 τῷ
1361 941 1597 1011 πλούτῳ,
1641 941 1734 994 καὶ
1772 941 2003 1009 ἀφέντες
2040 940 2149 992 ἀπὸ

553 1019 707 1074 λίθου
745 1023 1178 1086 κατασκευάζειν
1203 1024 1395 1092 αὐτὴν,
1433 1022 1842 1091 ἐχαλκεύσαμεν
1880 1021 1989 1074 ἀπὸ
2013 1039 2144 1091 χρυ⁹

559 1101 676 1166 σοῦ,
736 1105 831 1157 καὶ
869 1105 1074 1175 ταύτην
1115 1106 1182 1158 ἂν
1235 1105 1616 1175 ἀπωλέσαμεν.
1675 1103 1864 1166 Οὖτως
1920 1103 2149 1158 ἄπιστον

559 1187 792 1256 πρᾶγμα
833 1190 861 1240 6
901 1187 1152 1250 πλοῦτος,
1199 1189 1294 1240 καὶ
1338 1187 1398 1241 ού
1449 1187 1560 1242 τῶν
1609 1189 1842 1257 ἐχόντων
1892 1185 2149 1239 τοσοῦτόν

556 1268 727 1332 ἐστιν,
763 1270 887 1323 ὅσον
916 1270 1025 1323 τῶν
1070 1270 1339 1342 ἁρπάζειν
1373 1268 1814 1341 ἐπιχειρούντων.
1853 1268 2017 1320 Ὥστε
2054 1284 2150 1320 πε-

559 1351 740 1419 ριττὸς
777 1351 806 1402 6
857 1352 1014 1420 λόγος
1054 1355 1261 1417 ἐκεῖνος
1308 1355 1336 1405 6
1383 1353 1700 1416 σπουδάζων
1743 1350 2016 1403 δεικνύναι
2065 1351 2147 1403 ὅτι

555 1432 922 1503 δυσχείρωτον
964 1436 992 1487 6
1036 1432 1289 1496 πλοῦτος,
1320 1436 1454 1487 ὅπου
1485 1433 1606 1487 οὐδὲ
1645 1434 1704 1485 ἐν
1728 1435 1795 1503 τῇ
1829 1432 2014 1503 ἡμέρᾳ
2045 1433 2146 1502 τῆς

555 1514 818 1584 τελευτῆς
858 1516 1223 1585 τυγχάνουσιν
1269 1516 1570 1584 ἀσφαλείας
1604 1516 1652 1567 οί
1685 1513 1873 1567 τοῦτον
1907 1514 2144 1583 ἔχοντες.

554 1596 750 1650 Καίτοι
781 1613 843 1664 γε
869 1597 953 1660 τίς
989 1598 1121 1667 πρὸς
1149 1598 1242 1650 τὸν
1269 1597 1573 1650 ἀπελθόντα
1601 1598 1660 1649 ού
1692 1596 2144 1660 καταλλάττεται,

555 1677 660 1731 κᾶν
694 1679 884 1749 θηρίον
928 1674 984 1753 ᾖ,
1037 1679 1141 1733 κᾶν
1174 1679 1405 1748 δαίμων,
1443 1681 1548 1732 κᾶν
1577 1678 1858 1742 όστισοῦν;
1897 1680 1992 1731 καὶ
2036 1678 2147 1748 7&9

555 1761 590 1830 ή
617 1759 716 1813 θέα
749 1761 906 1830 ίκανὴ
935 1761 1028 1814 καὶ
1067 1761 1158 1814 τὸν
1190 1762 1396 1833 σφόδρα
1437 1761 1693 1831 σιδηροῦν
1721 1763 1812 1814 καὶ
1843 1760 2148 1830 ἀνάλγητον

554 1844 885 1915 ἐπικάμψαι.
918 1845 1016 1898 Διά
1057 1863 1141 1898 τοι
1181 1846 1361 1909 τοῦτο,
1398 1845 1528 1898 ὃταν
1564 1862 1648 1907 τις
1679 1844 1762 1915 ίδῃ
1794 1844 2009 1915 νεκρὸν,
2045 1842 2151 1896 κάν

553 1925 751 1999 ιχθρὸν
779 1929 886 1999 ῐδῃ,
935 1929 1040 1982 κᾶν
1072 1928 1353 1998 πολέμιον,
1399 1928 1539 1998 μετά
1581 1927 1690 1980 τῶν
1733 1928 2008 1995 φιλτάτων
2051 1927 2147 1980 δα-

553 2009 714 2082 κρύει
747 2028 760 2042 ι
795 2012 889 2063 καὶ
919 2015 951 2082 ή
987 2013 1088 2081 μὲν
1122 2011 1260 2082 ὀργὴ
1293 2010 1433 2080 μετά
1466 2009 1569 2079 τῆς
1599 2009 1745 2080 ζωῆς
1779 2010 2085 2073 σϐέννυται,
2119 2009 2148 2061 6

551 2091 611 2146 δὲ
639 2089 788 2155 Eho:
810 2095 1183 2160 ἐπεισάγεται.
1220 2094 1331 2145 Καὶ
1351 2093 1452 2145 ούκ
1479 2091 1545 2144 ἀν
1572 2109 1655 2155 τις
1688 2091 1782 2143 ἐπὶ
1813 2094 2008 2162 κήδους
2049 2093 2145 2145 καὶ

552 2177 796 2246 ἐκφορᾶς
827 2176 1074 2245 διαγνοίη
1121 2177 1211 2230 τὸν
1252 2176 1466 2245 ἐχθρὸν,
1525 2174 1620 2228 καὶ
1658 2175 1749 2227 τὸν
1780 2175 1839 2226 οὐ
1868 2175 2108 2227 τοιοῦτον
2129 2189 2144 2203 '

551 2256 725 2320 οὓτως
763 2258 1002 2322 ἅπαντες
1036 2259 1136 2326 τὴν
1167 2260 1354 2329 κοινὴν
1383 2257 1658 2310 αἰδοῦνται
1688 2257 1869 2327 φύσιν,
1902 2260 1995 2311 καὶ
2020 2258 2147 2321 τοὺς

552 2345 684 2410 περὶ
729 2341 901 2412 αὐτὴν
935 2342 1338 2412 είσενεχθέντας
1371 2341 1587 2411 νόμους.
1641 2339 1780 2393 Ἀλλ’
1816 2344 1844 2394 6
1893 2341 2144 2405 πλοῦτος,

549 2423 675 2477 οὐδὲ
711 2423 900 2477 τούτου
950 2423 1151 2493 τυχὼν,
1200 2424 1393 2492 ἀφίησι
1436 2423 1535 2494 τὴν
1567 2422 1737 2494 ὀργὴν
1785 2426 1897 2484 τοῖς
1943 2440 2147 2494 κτησα-

555 2506 738 2578 μένοις
767 2508 949 2573 αὑτὸν,
979 2508 1115 2562 ἀλλά
1155 2508 1250 2560 καὶ
1283 2508 1411 2569 τοὺς
1457 2507 1614 2559 οὐδὲν
1653 2506 2020 2574 ἠδικημένους
2052 2507 2144 2559 τοῦ

549 2590 1003 2658 τετελευτηκότος
1048 2590 1278 2661 ἐχθροὺς
1315 2589 1658 2656 καθίστησιν,
1693 2587 1746 2637 εἴ
1773 2603 1837 2653 γε
1867 2586 1926 2638 τὸ
1953 2589 2147 2657 νεκρὸν

554 2672 714 2742 σῶμα
750 2673 1026 2741 γυμνοῦν,
1069 2671 1178 2724 τῶν
1225 2670 1432 2740 σφόδρα
1479 2667 1691 2739 ἐχθρῶν
1736 2670 1830 2721 καὶ
1870 2671 2147 2738 πολεμίων

553 2754 692 2809 ἐστί.
725 2756 836 2808 Καὶ
862 2757 896 2825 ή
938 2757 1037 2824 μὲν
1066 2753 1230 2821 φύσις
1269 2751 1365 2803 καὶ
1398 2751 1525 2812 τοὺς
1573 2750 1801 2821 ἐχθρούς
1832 2752 1982 2822 αύτῷ
2010 2770 2140 2807 κατε

551 2836 807 2891 ἀλλάττει
842 2837 985 2899 τότε,
1014 2837 1042 2888 6
1067 2837 1122 2888 δέ
1157 2834 1388 2897 πλοῦτος
1437 2835 1534 2886 καὶ
1580 2835 1707 2896 τοὺς
1739 2834 1891 2887 οὐδὲν
1924 2835 2146 2906 ἔχοντας

553 2921 808 2990 ἐγκαλεῖν
841 2921 1155 2992 έκπολεμοῖ,
1199 2921 1296 2974 καὶ
1336 2923 1393 2973 ἐν
1429 2918 1634 2990 ἐρημίᾳ
1681 2919 1845 2990 πολλῇ
1886 2921 1945 2973 τὸ
1981 2921 2143 2990 σῶμα

551 3004 848 3068 αἰκίζεται.
884 3007 1078 3060 Καίτοι
1127 3004 1297 3058 πολλά
1338 3003 1556 3057 ἐκεῖτά
1589 3003 1865 3072 δυνάμενα
1908 3006 2144 3057 ἐπισπά-

555 3087 754 3140 σασθαι
785 3089 920 3159 πρὸς
958 3085 1169 3148 οἶκτον,
1202 3088 1333 3141 αὐτὸ
1375 3085 1435 3138 τὸ
1477 3086 1667 3156 νεκρὸν
1704 3081 1861 3149 εἶναι,
1896 3086 1959 3138 τὸ
1990 3087 2145 3138 ἀκίν-

552 3185 702 3236 ητον,
740 3169 801 3222 τὸ
846 3172 982 3241 πρὸς
1015 3171 1121 3241 γῆν
1168 3169 1371 3223 ὁδεύειν
1423 3169 1517 3222 καὶ
1564 3167 1791 3236 φθορὰν,
1827 3169 1886 3220 τδ
1942 3167 2146 3238 μηδένα

556 3254 813 3320 παρεῖναι
840 3253 933 3304 τὸν
965 3252 1324 3322 βοηθήσοντα.
1369 3250 1506 3303 Ἀλλ’
1547 3250 1697 3302 οὐδὲν
1726 3250 1933 3303 τούτων
1971 3267 2144 3304 κατα-

558 3331 664 3402 κλᾷ.
698 3334 823 3395 τοὺς
859 3336 1092 3404 μιαροὺς
1115 3335 1360 3395 ἐκείνους
1384 3334 1474 3386 διὰ
1497 3333 1594 3403 τὴν
1624 3333 1733 3386 ἀπὸ
1767 3334 1864 3402 τῆς
1902 3335 2146 3403 πονηρᾶς

558 3415 856 3485 ἐπιθυμίας
919 3416 1234 3486 τυραννίδα.
1306 3417 1363 3467 Ὀ
1408 3416 1516 3485 γὰρ
1565 3417 1664 3484 τῆς
1714 3415 2150 3486 φιλοχρηματίας

557 3495 722 3566 ἔρως,
755 3499 1009 3568 καθάπερ
1035 3517 1120 3562 τις
1146 3499 1411 3569 τύραννος
1451 3498 1687 3569 ἀπηνὴς,
1717 3499 2015 3569 ἐφέστηκεν
2060 3500 2151 3567 ἐγ-

559 3581 916 3651 κελευόμενος
941 3584 1124 3645 αύτοῖς
1157 3582 1226 3634 τά
1248 3581 1598 3653 ἀπάνθρωπα
1624 3583 1974 3651 ἐπιτάγματα
2004 3584 2151 3635 ἐκεῖ-

557 3682 646 3735 να,
679 3668 772 3719 καὶ
819 3668 984 3736 θηρία
1021 3669 1275 3739 ποιήσας,
1322 3665 1495 3728 οὕτως
1529 3666 1620 3717 ἐπὶ
1653 3665 1750 3729 τάς
1793 3665 1967 3735 θήκας
2003 3666 2147 3732 ἀγει.

1296 326 1356 385 8.
1394 325 1681 386 JOANNIS
1714 325 2218 387 CHRYSOSTOMI
2251 328 2574 391 ARCHIEP.
2618 332 3170 392 CONSTANTINOP.

2256 450 2528 522 Καθάπερ
2557 448 2666 524 7&9
2701 451 2868 524 θηρία
2902 453 3015 516 τοῖς
3045 449 3492 519 τετελευτηκόσιν
3528 448 3852 520 ἐπιτιθέμε-

2253 551 2356 598 νοι,
2385 534 2495 588 οὔδ’
2527 533 2594 588 ἂν
2630 535 2737 588 τῶν
2781 535 3000 606 σαρκῶν
3037 533 3361 604 ἀπέσχοντο,
3391 533 3444 586 εί
3463 531 3529 601 γέ
3560 549 3663 587 που
3703 533 3846 604 χρή-

2253 633 2390 685 σιμα
2428 612 2496 687 ἦν
2539 617 2725 682 αὐτοῖς
2772 617 2843 670 τά
2885 615 3044 687 μέλη.
3087 615 3326 668 τοιαῦτα
3357 613 3707 685 ἀπολαύομεν
3745 613 3846 668 τοῦ

2254 699 2510 765 πλούτου,
2540 700 2636 753 καὶ
2668 699 2812 770 ¹μετὰ
2844 697 3102 769 τελευτὴν
3132 695 3502 770 ὑϐριζόμενοι,
3534 699 3631 750 καὶ
3661 697 3846 768 ταφῆς

2251 781 2743 854 ἀποστερούμενοι,
2762 776 2828 853 ἧς
2850 782 2942 835 καὶ
2962 783 3012 834 οί
3044 781 3109 834 τὰ
3137 780 3418 850 ἀνήκεστα
3442 780 3844 851 τετολμηκότες

2251 863 2640 919 ἀπολαύουσιν.
2680 865 2804 918 Ἔτι
2852 863 3002 936 ίῖνὸἳ]
3037 857 3151 926 οὖν,
3204 862 3324 916 είπέ
3372 878 3482 933 μοι,
3533 863 3842 933 στέρξομεν

2253 945 2414 998 αὑτὸν
2449 946 2541 999 τὸν
2562 945 2707 999 οὕτω
2724 945 3023 1017 πολέμιονς
3054 944 3169 1016 Μὴ,
3204 943 3528 1017 παρακαλῶ.
3559 945 3659 1016 μὴ,
3685 943 3846 998 ἀδελ-

2252 1032 2365 1096 φοὶ,
2408 1029 2545 1084 ἀλλὰ
2578 1030 2873 1100 φεύγωμεν
2910 1029 3322 1101 ἀμεταστρεπτί
3346 1046 3358 1056 ·
3398 1028 3502 1082 κᾶν
3537 1031 3616 1092 είς
3648 1031 3846 1098 χεῖρας

2251 1111 2379 1182 ἔλθη
2405 1112 2503 1176 τάς
2547 1113 2842 1182 ἡμετέρας,
2902 1112 2977 1182 μὴ
3018 1112 3336 1182 κατέχωμεν
3377 1110 3545 1173 ἔνδον,
3581 1109 3720 1163 ἀλλά
3747 1109 3847 1180 δή-

2253 1211 2435 1264 σωμεν
2473 1195 2636 1248 αὑτὸν
2687 1198 2808 1258 ταῖς
2847 1194 2955 1248 τῶν
3001 1196 3249 1264 πενήτων
3285 1192 3463 1264 χερσί.
3501 1191 3687 1247 ταῦτα
3729 1192 3848 1262 γάρ

2250 1277 2411 1330 αὐτὸν
2440 1276 2664 1330 δύναται
2689 1277 2889 1348 μᾶλλον
2919 1276 2987 1329 τά
3009 1275 3188 1345 δεσμά
3217 1277 3489 1345 κατέχειν,
3519 1275 3616 1327 καὶ
3641 1276 3705 1327 ἐκ
3729 1273 3848 1328 τῶν

2248 1361 2512 1430 ταμιείων
2539 1361 2763 1415 ἐκείνων
2798 1360 3054 1412 οὐδέποτε
3093 1359 3462 1427 διαφεύξεται,
3501 1359 3596 1411 καὶ
3639 1360 3668 1410 6
3709 1358 3847 1413 ἀπι-

2252 1459 2375 1506 στος
2404 1439 2556 1507 οὗτος
2603 1443 2756 1514 μένει
2793 1442 2982 1495 λοιπὸν
3013 1442 3226 1505 πιστὸς,
3258 1441 3572 1512 χειροήθης,
3603 1441 3845 1510 ἥμερος.

2248 1529 2315 1598 τῇ
2349 1527 2448 1597 τῆς
2475 1525 2848 1597 ἐλεημοσύνης
2873 1526 3023 1597 δεξιᾷ
3055 1524 3227 1578 ταῦτα
3255 1525 3570 1593 γενόμενος.
3608 1524 3711 1575 “Av
3740 1523 3849 1593 pho

2248 1607 2340 1664 οῦν
2371 1608 2752 1678 παραγένηταί
2787 1624 2918 1660 ποτε
2960 1609 3116 1677 ἡμῖν,
3162 1607 3334 1678 ταύτῃ
3368 1603 3704 1676 παραδῶμεν
3741 1603 3848 1658 αὖ·

2248 1694 2339 1746 τόν
2359 1710 2370 1722 ·
2403 1692 2469 1744 ἂν
2497 1690 2555 1743 δὲ
2586 1690 2661 1759 μὴ
2689 1689 3071 1759 παραγένηται
3098 1729 3112 1753 ,
3150 1687 3226 1759 μὴ
3265 1687 3540 1758 ζητῶμεν,
3571 1687 3708 1757 μηδέ
3739 1686 3848 1754 ἀγ·

2249 1789 2434 1845 χωμεν
2495 1772 2746 1834 ἑαυτοὺς,
2803 1770 2939 1841 μηδέ
2980 1771 3108 1833 τοὺς
3149 1771 3375 1840 ἔχοντας
3419 1769 3846 1839 μακαρίζωμεν.

2251 1859 2406 1919 Ποίος
2426 1855 2535 1925 7&9
2564 1849 2722 1918 οὗτος
2756 1854 3144 1925 μακαρισμός;
3186 1853 3327 1923 πλὴν
3371 1853 3419 1905 εί
3457 1853 3533 1922 μὴ
3574 1851 3671 1904 καὶ
3713 1853 3853 1916 τοὺς

2249 1939 2619 2009 θηριομάχους
2651 1936 2926 2004 ζηλωτοὺς
2979 1932 3119 1989 εἶναι
3169 1935 3354 2004 φαίης,
3397 1935 3480 1988 ὅτι
3517 1933 3585 1986 τά
3619 1932 3852 1987 πολυτί-

2252 2036 2398 2090 μητα
2441 2021 2626 2072 ἐκεῖνα
2662 2018 2830 2088 θηρία
2872 2017 3335 2079 κατακλείσαντες
3383 2017 3595 2078 ἑαυτοῖς
3643 2016 3854 2086 φυλάτ-

2247 2120 2432 2155 τουσιν
2450 2103 2499 2156 οἱ
2516 2101 2644 2162 τοὺς
2662 2099 2937 2162 τοιούτους
2955 2099 3194 2163 τιθέντες
3217 2099 3452 2166 ἀγῶνας,
3476 2098 3629 2151 αὐτοὶ
3658 2099 3854 2169 μέντοι

2247 2187 2308 2238 ού
2356 2184 2697 2256 προσελθεῖν,
2748 2183 2851 2253 οὐχ
2895 2182 3136 2251 uno“
3166 2180 3496 2251 τολμῶντες,
3524 2181 3640 2234 ἀλλ’
3687 2182 3850 2249 ἀγωο

2247 2269 2469 2330 νιῶντες
2504 2267 2642 2320 αύτά
2678 2267 2772 2319 καλ¹
2807 2266 3118 2335 τρέμοντες.
3154 2263 3406 2316 Τοιοῦτον
3433 2265 3544 2334 γάρ
3571 2281 3620 2316 τι
3658 2264 3758 2317 καὶ
3791 2264 3847 2318 οί

2249 2351 2609 2413 πλουτοῦντες
2658 2349 2980 2418 πάσχουσιν,
3034 2346 3224 2418 ὥσπερ
3277 2346 3467 2416 θηρίον
3513 2348 3726 2417 άπηνές
3788 2348 3851 2401 ἐν

2247 2438 2359 2496 τοῖς
2414 2434 2685 2504 ταμιείοις
2769 2429 3231 2492 κατακλείσαντες
3293 2429 3384 2482 τὸν
3442 2428 3695 2491 πλοῦτον,
3749 2430 3853 2484 καὶ

2248 2517 2372 2570 καθ’
2403 2517 2645 2584 ἑκάστην
2684 2513 2818 2583 παρ’
2847 2511 3013 2566 αὑτοῦ
3043 2510 3143 2583 τὴν
3181 2511 3396 2582 ἡμέραν
3425 2511 3594 2580 μυρία
3614 2511 3852 2581 δεχόμε-

2247 2602 2423 2655 νοιτά
2471 2599 2785 2670 τραύματα,
2832 2596 3164 2658 ἀπεναντίας
3207 2597 3322 2658 τοῖς
3350 2594 3581 2666 θηρίοις.
3627 2596 3855 2650 Ἐκεῖνα

2251 2685 2349 2756 μὲν
2378 2684 2487 2752 7&9
2511 2683 2643 2734 ὅταν
2670 2679 2972 2751 ἐξαγάγῃς,
3001 2677 3125 2730 τότε
3164 2676 3490 2756 λυμαίνεται
3520 2679 3635 2739 τοῖς
3667 2679 3852 2732 ἀπαν-

2244 2755 2412 2821 τῶσιν
2431 2783 2444 2795 ·
2473 2758 2628 2827 οὗτος
2665 2764 2722 2816 δέ
2756 2763 2886 2816 ὅταν
2915 2759 3406 2830 συγκεκλεισμένος
3435 2755 3469 2832 ᾖ
3507 2762 3600 2812 καὶ
3640 2759 3854 2828 φυλατ-

2242 2849 2495 2920 τόμενος,
2523 2847 2646 2899 τότε
2667 2845 2931 2897 ἀπόλλυσι
2970 2844 3096 2902 τοὺς
3133 2841 3513 2911 κεκτημένους
3547 2840 3713 2894 αὑτὸν
3753 2844 3852 2896 καῖ

2249 2934 2635 3003 φυλάττοντας.
2674 2928 2813 2980 Ἀλλ’
2842 2928 3002 2998 ἡμεῖς
3029 2925 3089 2978 τὸ
3117 2924 3306 2994 θηρίον
3333 2924 3495 2978 τοῦτο
3520 2927 3850 2997 ποιήσωμεν

2250 3018 2478 3087 ἥμερον.
2508 3013 2701 3066 Ἔσται
2723 3010 2780 3064 δὲ
2800 3011 3030 3080 ἥμερον,
3054 3007 3121 3062 ἂν
3148 3007 3224 3078 μὴ
3253 3007 3668 3076 κατακλείωμεν
3690 3009 3849 3073 αὐτὸ,

2252 3097 2387 3150 ἀλλὰ
2415 3099 2532 3157 ταῖς
2568 3096 2825 3148 ἁπάντων
2861 3091 2972 3145 τῶν
3005 3091 3282 3162 δεομένων
3311 3090 3685 3162 προσάγωμεν
3713 3109 3849 3162 χερ-

2255 3181 2358 3232 σίν.
2408 3177 2565 3230 Οὖτω
2605 3177 2701 3229 καὶ
2745 3176 2814 3228 τά
2847 3175 3082 3245 μέγιστα
3127 3172 3383 3226 ἐντεῦθεν
3434 3173 3849 3244 καρπωσόμεθσ

2253 3260 2453 3330 ἀγαθά,
2480 3260 2575 3313 καὶ
2605 3260 2662 3311 ἐν
2700 3257 2778 3328 τῷ
2817 3258 3044 3326 παρόντι
3088 3255 3188 3325 βίῳ
3225 3253 3365 3325 μετά
3410 3254 3714 3324 ἀσφαλείας
3751 3255 3853 3308 καῖ

2257 3346 2502 3416 χρηστῆς
2546 3341 2746 3406 ζῶντες
2782 3339 3019 3405 ἐλπίδος,
3076 3339 3170 3390 καὶ
3213 3337 3496 3416 κατάητίτν
3540 3337 3852 3407 μέλλουσαν

2248 3415 2462 3499 ἡμέραν
2489 3424 2628 3496 μετά
2652 3423 2966 3495 παρρησίας
3004 3420 3283 3490 ἱστάμενοι
3309 3435 3321 3447 ·
3358 3415 3425 3490 ἦς
3460 3421 3673 3486 γένοιτο
3709 3421 3851 3473 πάν-

2249 3529 2348 3572 τας
2378 3511 2524 3581 ήμᾶς
2557 3508 2856 3578 ἐπιτυχεῖν,
2885 3506 3070 3575 χάριτι
3092 3504 3185 3556 καὶ
3217 3501 3624 3572 φιλανθρωπία,
3661 3504 3755 3554 καὶ
3780 3502 3856 3557 τά

2252 3595 2401 3665 ἑξῆς-

2000 4139 2244 4192 οΜιΑιΑ
2284 4140 2421 4206 ΑΕΓ.

575 4290 874 4360 Ἀδελφοί,
911 4291 996 4360 μὴ
1039 4292 1248 4345 παιδία
1283 4293 1528 4361 γίνεσθε
1559 4293 1690 4356 ταῖς
1719 4291 1956 4360 φρεσίν,
1988 4293 2150 4347 ἀλλὰ

635 4374 710 4442 τῆ
745 4375 925 4440 κακίᾳ
965 4373 1298 4442 νηπιάζετε,
1329 4375 1457 4440 ταῖς
1487 4373 1555 4427 δὲ
1591 4377 1772 4443 φρεσὶ
1803 4375 2016 4430 τέλειοι
2062 4379 2151 4442 rl-

634 4463 836 4512 νεσθε.

633 4547 703 4594 α’.
744 4539 986 4602 Εἰκότως
1022 4539 1161 4608 μετά
1194 4538 1291 4610 τὴν
1324 4538 1525 4609 πολλὴν
1551 4540 1892 4610 κατασκευὴν
1928 4541 2022 4594 καὶ
2055 4541 2152 4611 τὴν

564 4623 862 4689 ἀπόδειξιν,
893 4622 1245 4692 σφοδρότερον
1269 4621 1534 4693 κέχρηται
1561 4622 1639 4692 τῷ
1669 4623 1834 4694 λόγῳ,
1858 4625 1953 4676 καὶ
1982 4625 2148 4694 πολλῇ

563 4711 629 4777 τῇ
661 4707 1002 4776 ἐπιτιμήσει,
1039 4706 1130 4757 καὶ
1162 4708 1604 4776 παραδείγματος
1649 4708 1926 4777 μέμνηται
1957 4708 2152 4760 καταλ-

566 4791 726 4858 λήλου
760 4787 838 4857 τῷ
878 4788 1246 4858 ὑποκειμένῳ.
1284 4790 1391 4840 Καὶ
1427 4788 1535 4857 γὰρ
1572 4793 1640 4842 τὰ
1677 4790 1864 4843 παιδία
1890 4791 2027 4860 πρὸς
2054 4791 2154 4861 μὲν

563 4874 633 4924 τα
661 4873 832 4940 μικρά
881 4870 1073 4941 κέχηνε
1114 4873 1207 4924 καὶ
1249 4873 1528 4940 ἐπτόηται,
1564 4873 1673 4924 τῶν
1715 4875 1772 4926 δὲ
1813 4876 2019 4945 σφόδρα
2054 4893 2152 4944 με·

564 4954 746 5018 γάλων
772 4955 832 5007 ού
880 4954 1134 5007 τοσοῦτον
1173 4955 1284 5024 ἔχει
1319 4955 1524 5025 θαῦμα.
1573 4956 1727 5008 Ἐπεὶ
1755 4953 1846 5010 οὖν
1883 4960 1976 5011 καὶ
2008 4953 2154 5011 οὗτοι

566 5038 828 5104 γλωσσῶν
875 5038 1088 5106 ἔχοντες
1127 5039 1390 5109 χάρισμα,
1444 5038 1505 5090 τὸ
1546 5040 1654 5092 πᾶν
1689 5039 1833 5108 ἔχειν
1877 5041 2149 5108 ἐνόμιζον,

565 5121 703 5190 ὅπερ
748 5120 855 5173 τῶν
890 5120 1065 5174 ἄλλων
1110 5121 1337 5191 ἔσχατον
1381 5118 1470 5191 ἦν,
1514 5123 1603 5176 διά
1651 5123 1808 5176 τοῦτό
1856 5141 2009 5192 φησι,
2057 5125 2152 5190 Μὴ

566 5202 775 5258 παιδία
816 5203 1076 5271 γίνεσθε,
1115 5206 1400 5266 τουτέστι,
1450 5205 1526 5274 μὴ
1563 5205 1813 5272 ἀνόητοι,
1856 5204 1985 5256 ἔνθα
2028 5223 2155 5257 συν-

567 5289 724 5350 ετοὺς
750 5281 913 5338 ἐἶναι
943 5286 1069 5355 χρὴ,
1103 5286 1217 5337 ἀλλ’
1265 5289 1382 5337 ἐκεῖ
1418 5290 1598 5353 νήπιοι
1633 5287 1724 5337 καὶ
1749 5285 1989 5351 ἀφελεῖς,
2026 5286 2156 5338 ἔνθα

567 5370 772 5435 ἀδικία,
813 5369 943 5422 ἔνθα
993 5368 1290 5434 κενοδοξία,
1323 5367 1451 5418 ἔνθα
1490 5367 1721 5435 φύσημα
1748 5384 1759 5395 ·
1797 5368 1890 5420 τὸν
1934 5368 2041 5436 γὰρ
2088 5372 2152 5439 τῇ

569 5456 736 5526 κακίᾳ
779 5452 1117 5526 νηπιὰζοντα
1167 5453 1260 5504 καὶ
1304 5450 1567 5519 φρόνιμον
1613 5445 1754 5503 εἶναι
1793 5451 1894 5504 δεῖ.
1943 5452 2156 5521 Ὥσπερ

572 5541 676 5609 7&9
707 5536 1144 5610 cppévnatgpsm
1173 5536 1510 5604 κακουργίας
1531 5534 1631 5586 οὐκ
1661 5534 1726 5588 ἂν
1749 5535 1834 5603 εἴη
1870 5535 2154 5605 φρόνησις,

570 5620 710 5675 οὔτω
736 5623 830 5674 καὶ
863 5622 1088 5691 ἀφέλεια
1122 5618 1275 5690 [5’55]
1304 5617 1441 5687 μετά
1466 5616 1649 5678 ἀνοίας
1672 5616 1772 5671 οὐκ
1795 5617 1860 5670 ἂν
1896 5617 1982 5688 εἴη
2017 5619 2154 5688 ἀφέ-

579 5701 715 5758 λεια.
757 5707 862 5758 Καὶ
895 5706 1001 5772 γάρ
1026 5706 1081 5758 ἐν
1110 5705 1174 5771 τῇ
1203 5700 1430 5772 ἀφελείᾳ
1465 5699 1560 5753 καὶ
1589 5699 1687 5771 τὴν
1716 5700 1904 5756 ἄνοιαν
1934 5700 2156 5772 φεύγειν

2254 4293 2352 4357 δεῖ,
2390 4295 2483 4348 καὶ
2510 4295 2567 4347 ὲν
2593 4297 2655 4366 τῇ
2694 4296 2957 4366 φρονήσει
2988 4296 3086 4367 τὴν
3120 4296 3406 4367 πονηρίαν.
3436 4296 3710 4372 Καθάπερ
3735 4304 3855 4374 7&9

2254 4376 2375 4430 οὔτε
2410 4381 2479 4431 τά
2513 4380 2684 4450 πικρά
2725 4380 2992 4448 φάρμακα
3029 4379 3172 4447 πέρα
3216 4378 3311 4432 τοῦ
3355 4379 3585 4444 δέοντος,
3617 4383 3743 4436 οὔτε
3782 4388 3857 4441 τά

2254 4462 2460 4530 γλυκέα
2506 4462 2766 4533 ὀνίνησιν,
2812 4461 2986 4526 οὕτως
3034 4464 3155 4515 οὐδὲ
3197 4463 3426 4531 ἀφέλεια
3465 4465 3586 4518 καθ’
3619 4465 3856 4540 ἑαυτὴν,

2254 4545 2378 4597 οὐδὲ
2425 4545 2705 4614 φρόνησις.
2756 4545 2957 4614 Διόπερ
2998 4546 3287 4617 ἀμφότερα
3325 4549 3701 4618 κατακεράσαι
3753 4570 3857 4605 κει-

2254 4627 2425 4680 λεύων
2455 4629 2482 4679 6
2526 4627 2764 4696 Χριστὸς
2811 4628 2987 4694 ἔλεγε,
3039 4630 3302 4682 Γίνεσθε
3349 4631 3628 4699 φρόνιμοι
3674 4634 3758 4698 ὡς
3797 4640 3858 4690 οι

2256 4711 2443 4780 ὄφεις,
2480 4711 2578 4764 καὶ
2606 4711 2867 4777 ἀκέραιοι
2900 4711 2981 4774 ὡς
3020 4713 3079 4764 αἱ
3122 4713 3489 4780 περιστεραί.
3531 4715 3598 4766 Τί
3635 4716 3691 4768 δέ
3726 4719 3854 4771 ἐστι

2255 4796 2446 4865 νήπιον
2476 4791 2614 4846 εἶναι
2662 4794 2863 4863 κακία;
2911 4794 2986 4845 Τὸ
3037 4795 3174 4863 μηδέ
3219 4794 3415 4849 είδέναι
3465 4797 3518 4848 τί
3560 4799 3690 4851 ποτέ
3726 4802 3850 4852 ἐστι

2257 4879 2423 4931 κακία
2441 4895 2454 4909 ο
2491 4877 2766 4938 τοιούτους
2799 4876 2909 4946 7&9
2944 4877 3142 4937 αὐτοὺς
3167 4873 3308 4930 εἷναι
3334 4879 3606 4934 ἐϐούλετο.
3630 4881 3723 4935 Διδ
3754 4887 3856 4938 καὶ

2257 4961 2462 5028 ἔλεγεν,
2521 4959 2716 5025 Ὀλως
2759 4959 3038 5012 ἀκούεται
3096 4961 3165 5012 ἐν
3210 4959 3353 5028 ὑμῖν
3403 4964 3671 5028 πορνεία.
3731 4967 3855 5018 Ούκ

2258 5037 2400 5104 εἷπε,
2433 5042 2474 5092 Τ
2478 5041 2731 5110 ολμᾶται,
2767 5041 2905 5105 ἀλλ’,
2959 5042 3277 5094 Ἀκούεται.
3318 5042 3462 5095 ’Ίστε
3494 5043 3599 5112 γὰρ
3620 5044 3762 5108 ὅλως
3789 5049 3855 5100 τ’)

2257 5128 2509 5197 πρᾶγμα,
2546 5124 2713 5193 φησίν
2737 5138 2750 5151 ⁸
2783 5122 3054 5192 ἠκούσατε
3087 5121 3196 5200 γάρ
3236 5123 3371 5175 αὐτό
3416 5141 3568 5179 ποτε.
3592 5127 3702 5182 Καὶ
3736 5130 3854 5200 γὰρ

2257 5207 2506 5258 ἐϐούλετο
2531 5205 2624 5256 καὶ
2650 5205 2849 5273 ἄνδρας
2875 5203 3073 5265 αὐτοὺς
3094 5198 3234 5256 εἶναι
3265 5203 3360 5256 καὶ
3386 5207 3602 5272 παῖδας,
3628 5211 3766 5263 ἀλλά
3788 5198 3852 5264 τί)

2262 5290 2357 5359 μὲν
2387 5291 2445 5340 ἐν
2484 5291 2550 5357 τῇ
2601 5287 2787 5358 κακίᾳ,
2837 5288 2894 5339 τὸ
2936 5287 2992 5338 δὲ
3030 5289 3087 5338 ἐν
3129 5290 3195 5358 τῇ
3226 5292 3509 5362 φρονήσει.
3545 5294 3701 5347 Οῦτω
3734 5295 3849 5364 γὰρ
3937 5296 3940 5297 ⁷

2257 5372 2348 5422 καὶ
2377 5370 2404 5420 6
2438 5370 2575 5439 ἀνὴρ
2599 5369 2796 5436 γένοιτ’
2837 5368 2902 5421 ἂν
2933 5370 3093 5439 ἀνὴρ,
3122 5371 3216 5423 ἐὰν
3258 5373 3354 5426 καὶ
3389 5373 3654 5446 παιδίονῇ
3682 5390 3696 5405 ’
3735 5375 3849 5437 ἕως

2257 5453 2312 5506 δὲ
2345 5452 2410 5505 ἂν
2443 5451 2516 5521 μὴ
2558 5451 2768 5503 παιδίον
2865 5453 2938 5520 τῇ
2966 5452 3219 5524 πονηρία,
3250 5455 3369 5508 οὐδὲ
3401 5456 3540 5525 ἀνὴρ
3573 5455 3747 5506 ἔσται.
3785 5457 3849 5511 ’0

2259 5536 2368 5608 γάρ
2395 5534 2702 5604 κακοῦργος
2733 5535 2834 5586 οὐκ
2861 5533 3013 5588 ἔσται
3040 5535 3263 5600 τέλειος,
3295 5537 3412 5591 ἀλλ’
3436 5537 3680 5606 ἀνόητος.
3741 5537 3852 5593 Ἐν

2258 5615 2337 5686 τῷ
2368 5619 2478 5687 γὰρ
2529 5619 2691 5684 νόμῳ
2732 5616 3076 5688 γέγραπται,
3110 5617 3201 5672 ὅτι
3241 5619 3313 5670 ἐν
3347 5616 3845 5687 inﬁrmam“

2261 5704 2357 5758 καί
2389 5704 2457 5757 ἐν
2496 5701 2769 5770 χείλεσιν
2803 5702 3028 5770 ἑτέροις
3062 5700 3316 5766 λαλήσω
3349 5696 3428 5764 τῷ
3471 5698 3600 5767 ,1αῴ
3633 5701 3846 5766 τούτω,
