4066 6348
571 310 675 365 307

574 434 737 479 nosse
765 422 981 493 quidem
1009 420 1134 491 quid
1160 419 1227 475 sit
1257 419 1443 474 vitium
1470 437 1486 474 :
1513 432 1609 473 eos
1633 417 1777 473 enim
1804 418 1919 473 vult
1942 430 2064 472 esse
2090 424 2173 471 ta-

574 517 671 571 les.
709 517 771 569 Et
800 514 919 569 ideo
958 512 1206 567 dicebat:
1238 507 1460 565 Omnino
1488 510 1621 563 inter
1646 524 1733 562 vos
1771 507 1979 561 auditur
2004 508 2173 579 forni-

574 608 706 662 catio
736 608 823 675 (l.
860 604 981 660 Cor.
1012 605 1064 659 5.
1096 605 1123 659 i
1146 604 1191 673 ).
1240 601 1356 656 Non
1399 598 1569 666 dixit,
1617 598 1982 669 Perpetratur,
2033 593 2127 652 sed
2154 637 2169 661 ,

571 700 810 753 Auditur.
857 695 989 753 Rem
1030 694 1210 758 enim,
1258 691 1462 763 inquit,
1514 692 1734 746 omnino
1781 691 1965 756 scitis;
1998 690 2169 759 ipsam

569 794 714 847 enim
746 790 1037 861 aliquando
1060 787 1361 842 audivistis.
1389 785 1618 841 Volebat
1636 788 1779 842 enim
1809 786 1954 855 ipsos
1975 799 2096 839 esse
2117 791 2173 836 et

568 886 717 941 viros
743 896 799 940 et
828 899 1024 953 pueros
1044 924 1059 948 ,
1106 882 1200 936 sed
1232 882 1334 937 hoc
1363 880 1579 950 quidem
1610 880 1664 934 in
1695 878 1845 944 vitio,
1878 878 2007 933 illud
2040 892 2169 933 vero

570 980 623 1033 in
652 978 955 1049 prudentia.
986 976 1076 1031 Sic
1096 975 1239 1031 enim
1261 984 1315 1031 et
1336 974 1437 1042 vir,
1468 974 1549 1029 vir
1578 972 1759 1039 fuerit,
1786 973 1832 1027 si
1858 970 2019 1028 fuerit
2046 987 2169 1042 par-

574 1070 733 1125 vulus
761 1087 774 1123 :
809 1067 1062 1139 quamdiu
1083 1076 1261 1122 autem
1293 1081 1398 1121 non
1430 1065 1589 1121 fuerit
1619 1064 1793 1119 infans
1822 1065 1972 1126 vitio,
2000 1079 2068 1119 ne
2088 1063 2171 1117 vir

565 1161 783 1231 quidem
815 1159 936 1213 erit.
963 1156 1095 1211 Nam
1122 1158 1210 1226 qui
1242 1164 1327 1211 est
1351 1154 1647 1211 sceleratus
1671 1196 1688 1220 ,
1720 1169 1829 1210 non
1856 1155 1962 1209 erit
1986 1152 2166 1223 perfe-

565 1262 707 1317 ctus,
740 1250 833 1305 sed
864 1248 1147 1317 insipiens.
1174 1247 1265 1301 ει.
1299 1244 1365 1300 In
1392 1247 1501 1317 lege
1530 1247 1665 1299 enim
1690 1245 1935 1317 scriptum
1960 1254 2036 1299 est
2058 1260 2077 1302 :
2098 1241 2165 1299 In

562 1343 684 1397 aliis
711 1341 897 1411 linguis
923 1349 970 1394 et
997 1340 1052 1393 in
1082 1338 1229 1393 labiis
1256 1337 1373 1391 aliis
1398 1339 1580 1408 loquar
1606 1338 1797 1407 papula
1824 1337 1970 1403 huic,
1998 1345 2045 1391 et
2075 1353 2165 1390 nec

564 1436 637 1488 sic
682 1432 955 1488 exaudient
988 1447 1088 1495 me,
1132 1429 1255 1482 dicit
1302 1427 1571 1483 Dominus.
1600 1430 1759 1499 Atqui
1804 1444 2067 1499 nusquam
2110 1428 2163 1481 in

563 1526 684 1595 lege
711 1523 973 1593 scriptum
997 1530 1101 1587 est,
1133 1518 1227 1574 sed
1249 1519 1387 1574 sicut
1411 1520 1563 1590 prius
1587 1520 1720 1585 dixi,
1750 1520 2057 1575 universam
2079 1535 2165 1576 ve.

564 1626 734 1670 torem
778 1612 1114 1681 Scriptorum
1145 1625 1359 1681 semper
1389 1622 1547 1666 vocat
1578 1611 1748 1682 legem
1775 1620 1830 1667 et
1871 1612 2162 1683 prophetas

561 1716 618 1762 et
666 1704 939 1761 historias.
992 1701 1225 1758 Adducit
1270 1710 1451 1758 autem
1498 1703 1865 1759 testimonium
1915 1718 1981 1758 ex
2024 1702 2160 1758 lsaia

562 1799 852 1869 propheta,
885 1809 1075 1850 rursus
1113 1794 1239 1849 doni
1267 1794 1492 1863 gloriam
1521 1793 1826 1849 diminuens
1853 1793 1919 1848 ad
1947 1794 2158 1849 illorum

560 1890 879 1950 utilitatem;
913 1886 1012 1941 sed
1060 1897 1239 1940 tamen
1268 1884 1440 1953 ipsum
1468 1898 1592 1938 cum
1621 1884 1777 1939 laude
1808 1884 1976 1953 ponit.
2025 1882 2158 1937 Illud

558 1983 703 2038 enim
729 2022 743 2049 ,
782 1978 892 2034 Nec
914 1980 986 2033 sic
1006 2020 1020 2043 ,
1054 1988 1173 2032 erat
1196 1975 1532 2032 ostendentis
1561 1974 1811 2030 sufficere
1838 1974 2158 2029 miraculum

558 2076 626 2130 ad
654 2088 747 2130 eos
773 2070 1150 2144 percellendos
1181 2086 1195 2123 :
1228 2070 1273 2124 si
1305 2079 1483 2123 autem
1511 2083 1619 2122 non
1649 2066 2029 2131 crediderunt,
2061 2080 2158 2122 eo-

558 2188 678 2227 rum
705 2171 863 2225 fuisse
880 2155 1114 2237 culpam.
1136 2164 1203 2219 Et
1228 2178 1325 2219 cur
1346 2162 1447 2217 hoc
1471 2160 1598 2217 fecit
1621 2162 1783 2227 Deus,
1802 2160 1847 2215 si
1876 2177 1980 2215 uou
2004 2171 2159 2216 erant

557 2259 854 2317 credituri?
883 2258 952 2314 Ut
976 2270 1191 2326 semper
1209 2264 1522 2310 cerneretur
1549 2252 1725 2308 facere
1748 2268 1866 2323 qua:
1889 2266 1981 2307 sua
2008 2261 2152 2308 sunt.

556 2354 689 2409 Cum
720 2366 851 2421 ergo
894 2349 1221 2429 ostendisset
1264 2348 1427 2402 etiam
1471 2360 1537 2402 ex
1588 2344 1868 2415 prophetia
1894 2385 1908 2409 ,
1942 2344 2152 2414 signum

556 2460 665 2501 non
693 2443 847 2499 valde
874 2457 997 2499 esse
1023 2441 1175 2507 utile,
1207 2439 1481 2509 subjunin
1506 2456 1519 2492 :
1550 2437 1641 2493 22.
1676 2436 1858 2506 Itaque
1887 2437 2081 2507 lingute
2102 2437 2154 2491 in

552 2540 755 2608 signum
796 2544 911 2591 sunt
939 2550 1041 2589 non
1080 2532 1337 2601 ﬁdelibus,
1385 2531 1474 2584 sed
1523 2528 1858 2597 inﬁdelibus:
1886 2528 2154 2598 prophetia

553 2639 724 2683 autem
750 2644 849 2682 non
877 2625 1193 2695 inﬁdelibus,
1222 2623 1311 2678 sed
1339 2621 1595 2690 ﬁdelibus.
1628 2620 1718 2675 23.
1751 2618 1811 2674 Si
1840 2635 1959 2690 ergo
1983 2634 2155 2673 conue-

552 2724 660 2775 niat
686 2721 920 2774 universa
942 2715 1179 2771 Ecclesia
1199 2716 1251 2767 in
1275 2729 1453 2776 unum,
1474 2721 1519 2767 et
1540 2727 1713 2766 omnes
1735 2710 1924 2784 linguis
1946 2711 2155 2783 laquan-

555 2823 659 2875 tur,
710 2812 897 2864 intrent
938 2817 1109 2862 autem
1152 2806 1324 2859 idiotis
1354 2812 1441 2858 aut
1468 2804 1731 2871 inﬁdeles,
1778 2820 1946 2859 nonne
1986 2805 2153 2859 dicent

551 2901 688 2971 quod
718 2902 950 2955 insanitis
968 2899 994 2953 .’
1022 2897 1111 2954 24.
1143 2898 1205 2952 Si
1239 2906 1407 2951 autern
1435 2912 1608 2951 omnes
1630 2896 1933 2964 prapltetent
1954 2937 1969 2960 ,
2000 2896 2153 2950 intret

551 3002 722 3048 alitem
746 2992 857 3061 quis
888 2989 1113 3060 inﬁdelis
1145 2989 1222 3043 uel
1244 2989 1437 3051 idiota,
1469 2988 1783 3040 convincitur
1806 2987 1869 3040 ab
1896 2988 2147 3053 omnibus,

551 3084 867 3155 dijudicatur
891 3084 956 3138 ab
995 3081 1227 3137 omnibus
1251 3096 1269 3134 :
1293 3080 1383 3134 25.
1418 3090 1468 3132 et
1508 3080 1581 3131 sic
1607 3078 1804 3132 occulta
1848 3078 2017 3133 cordis
2041 3080 2152 3150 ejus

551 3180 823 3243 manifesta
862 3177 1021 3245 ﬁunt,
1055 3183 1103 3229 et
1147 3173 1335 3227 cadens
1376 3172 1429 3225 in
1460 3171 1643 3241 [aciem
1686 3170 1921 3225 adorabit
1948 3170 2148 3238 Deum,

551 3271 890 3340 pronuntians
917 3269 1055 3337 quod
1083 3283 1194 3321 vere
1223 3265 1359 3319 Dens
1381 3266 1433 3318 in
1455 3265 1592 3319 vobis
1616 3265 1701 3318 sit.
1732 3264 1948 3319 Multam
1972 3281 2037 3320 ex
2062 3266 2148 3333 iis,

550 3376 671 3432 quae
701 3361 841 3414 dicta
870 3369 1016 3421 sunt.
1048 3358 1133 3416 hic
1154 3358 1360 3414 videbis
1380 3357 1792 3413 dubitationem.
1822 3358 1877 3414 Si
1900 3359 2042 3414 enim
2070 3360 2151 3415 in-

553 3452 803 3507 ﬁdelibus
831 3454 1041 3522 signum
1070 3460 1195 3505 sunt
1226 3451 1420 3520 linguae
1442 3491 1457 3516 ,
1486 3450 1756 3520 quomodo
1779 3451 1908 3506 dicit
1933 3470 1946 3505 :
1978 3451 2034 3507 Si
2066 3452 2149 3507 vi-

551 3546 731 3602 derint
761 3560 855 3598 vos
886 3546 1080 3615 linguis
1104 3544 1384 3613 loquentes
1411 3542 1655 3598 infideles
1676 3584 1691 3608 ,
1734 3544 1912 3598 dicent
1941 3559 2039 3598 vos
2069 3545 2151 3597 in-

548 3637 773 3693 sanire?
800 3648 853 3690 et
881 3637 925 3690 si
961 3635 1239 3705 prophetia
1267 3650 1375 3688 non
1406 3633 1729 3695 inﬁdelibus.
1755 3634 1848 3688 sed
1878 3634 2145 3700 fidelibus,

549 3728 822 3799 quomodo
852 3743 916 3782 ex
949 3742 1009 3782 ea
1035 3728 1384 3781 lucrabantur
1409 3726 1569 3780 etiam
1599 3725 1889 3783 infideles?
1916 3727 1978 3782 Si
2002 3730 2145 3783 enim

548 3822 720 3886 intret,
751 3820 939 3890 inquit,
964 3818 1190 3887 inﬁdelis
1211 3818 1347 3871 vobis
1370 3819 1803 3888 prop/tetantibus.
1834 3820 2151 3873 convincitur

550 3914 613 3966 ab
644 3917 875 3967 omnibus
895 3954 910 3978 ,
942 3912 1259 3981 dijudicatur
1285 3911 1350 3963 ab
1378 3910 1628 3963 omnibus.
1670 3910 1786 3965 Non
1828 3911 1943 3966 haec
1969 3922 2146 3967 autem

550 4005 749 4067 Solum,
780 4005 872 4057 sed
900 4004 1059 4057 etiam
1095 4012 1214 4071 post
1238 4017 1356 4057 eam
1383 4001 1615 4056 secunda
1649 4001 1773 4056 hinc
1802 4003 1972 4057 oritur
1997 4019 2146 4074 quac-

548 4096 693 4152 stin:
726 4094 1007 4164 apparebit
1033 4094 1175 4146 enim
1207 4092 1385 4161 lingua
1428 4106 1615 4147 rursus
1645 4091 1817 4162 major
1845 4094 2145 4163 prapltctia.

550 4191 683 4245 Nam
715 4190 762 4243 si
798 4189 994 4257 linguae
1020 4194 1151 4241 sunt
1178 4185 1229 4239 itt
1258 4185 1467 4255 signum
1496 4185 1833 4249 inﬁdelibus,
1869 4186 2149 4254 prophetia

548 4289 729 4333 autem
760 4278 1038 4339 lidelibus,
1085 4275 1137 4328 id
1178 4275 1319 4343 quod
1351 4275 1487 4327 alios
1516 4274 1737 4326 attrahit
1762 4283 1817 4326 et
1842 4274 2145 4342 coojungit,

551 4369 726 4440 majus
749 4376 832 4423 est
858 4381 923 4421 eo
950 4364 1090 4435 quod
1124 4363 1415 4417 familiares
1442 4378 1505 4416 ac
1530 4363 1855 4419 domesticos
1876 4368 2148 4434 componit

547 4474 605 4519 et
634 4462 946 4519 concinnat.
968 4458 1106 4528 Quid
1134 4466 1363 4528 estergo
1378 4455 1519 4527 quod
1538 4456 1737 4511 dictum
1757 4459 1873 4512 est?
1890 4458 2027 4514 Nihil
2047 4458 2149 4515 dif-

551 4556 694 4610 ﬁcile
726 4569 824 4608 nec
850 4553 1139 4607 obscurum
1168 4565 1342 4619 neque
1373 4549 1641 4620 prioribus
1669 4552 2019 4614 contrarium,
2051 4551 2145 4605 sed

549 4645 709 4700 valde
729 4643 1077 4706 conveniens,
1109 4643 1153 4697 si
1179 4640 1537 4696 attendamus.
1568 4641 1702 4696 Nam
1728 4640 2007 4711 prophetia
2030 4643 2148 4711 qui-

548 4740 675 4794 dem
706 4739 945 4807 utrisque
974 4746 1058 4790 est
1101 4743 1256 4805 apta,
1300 4734 1479 4806 lingua
1525 4742 1705 4791 autem
1734 4734 1973 4791 minime.
2024 4733 2150 4790 Ideo

547 4847 675 4887 cum
704 4832 772 4885 de
802 4831 980 4897 lingua
1010 4828 1235 4881 dixisset
1264 4842 1381 4880 eam
1410 4842 1531 4882 esse
1561 4828 1614 4882 in
1646 4828 1878 4897 signum,
1907 4826 2146 4892 addidit,

556 4922 680 4977 Non
708 4920 944 4990 ﬁdelibus
964 4962 977 4981 ,
1011 4918 1101 4973 scd
1129 4917 1451 4985 inﬁdelibus.
1500 4917 1674 4986 hisque
1714 4919 1766 4971 in
1792 4921 2013 4989 signum,
2046 4918 2150 4974 hoc

547 5026 654 5079 est,
688 5014 752 5068 ad
777 5008 1259 5082 stnpefacieudum,
1286 5023 1389 5062 non
1418 5007 1553 5063 adeo
1575 5017 1754 5061 autem
1776 5008 1840 5061 ad
1866 5010 2150 5063 instituen-

560 5108 709 5163 dum.
738 5108 805 5160 At
833 5105 883 5158 in
914 5103 1213 5174 prophetia,
1242 5100 1431 5166 inquit,
1458 5099 1559 5155 hoc
1589 5099 1759 5170 ipsum
1784 5098 1904 5151 fecit
1924 5097 2106 5153 dicens
2131 5115 2146 5153 :

554 5199 837 5268 Prophetia
865 5206 1033 5249 autem
1064 5211 1162 5247 non
1191 5194 1482 5260 inﬁdelibus
1501 5233 1516 5254 ,
1548 5192 1638 5246 sed
1663 5189 1917 5260 ﬁdelibus.
1966 5189 2150 5260 Neque

551 5292 700 5346 enim
729 5287 901 5343 lidelis
930 5302 1063 5357 opus
1092 5285 1257 5339 habet
1286 5295 1340 5337 ut
1373 5286 1581 5353 signum
1610 5282 1822 5346 videat,
1854 5280 1946 5336 sed
1976 5282 2149 5336 solum

554 5381 801 5439 doctrina
844 5377 1039 5445 indiget
1086 5386 1140 5430 et
1171 5374 1527 5430 institutione.
1560 5372 1839 5441 Quomodo
1867 5388 1996 5443 ergo
2017 5412 2032 5435 ,
2067 5373 2148 5426 in—

553 5476 692 5546 quit,
722 5472 855 5527 dicis
880 5465 1212 5540 prophetiam
1242 5467 1483 5533 utrisque
1505 5479 1625 5519 esse
1653 5465 1857 5525 utilem.
1888 5478 2007 5518 eum
2038 5462 2150 5531 ipse

555 5570 733 5631 dicat,
764 5565 887 5621 Non
917 5565 1208 5633 inﬁdelibus
1227 5604 1244 5631 ,
1276 5563 1364 5617 sed
1394 5561 1627 5632 ﬁdelibus
1646 5562 1672 5616 ?
1701 5561 1757 5616 Si
1784 5560 2070 5631 diligenter
2100 5570 2150 5613 et

557 5672 749 5717 exacte
779 5658 1205 5721 examinaveris,
1252 5657 1391 5711 scies
1429 5656 1571 5725 quod
1616 5656 1826 5710 dicitur.
1859 5654 1975 5710 Non
2006 5655 2149 5710 enim

558 5754 693 5811 dixit
720 5752 1055 5827 prapltetiatn
1083 5763 1191 5806 non
1212 5762 1334 5807 esse
1359 5747 1543 5804 utilem
1573 5746 1895 5815 inﬁdelibus,
1924 5746 2018 5807 sed
2041 5762 2149 5803 non

1331 302 1387 360 S.
1430 299 1708 360 JOANNIS
1742 298 2218 359 CHRYSOSTOMI
2255 298 2570 359 ARCIIIEP.
2613 300 3151 368 CONSTANTINOP.

3777 314 3886 370 308

2281 430 2402 471 esse
2443 418 2495 472 in
2526 420 2769 489 signum,
2802 430 2860 477 ut
2899 422 3168 495 linguam,
3198 426 3405 484 scilicet
3445 430 3653 485 inutile.
3688 431 3879 504 Neque

2282 507 2590 565 inﬁdelibus
2621 511 2752 566 utile
2773 512 2899 582 quid
2927 522 3013 569 est
3038 515 3255 586 lingua:
3287 534 3451 575 unum
3478 522 3625 577 enim
3652 532 3739 577 est
3761 524 3879 595 ejus

2278 612 2414 666 Opus
2440 615 2502 655 ac
2530 617 2746 670 munus,
2776 605 3187 677 obstupefacere
3217 611 3391 683 solum
3431 630 3495 669 ac
3521 617 3877 675 conturbare.

2279 690 2499 761 Signum
2528 703 2612 749 est
2641 695 2786 750 enim
2816 712 2883 753 ex
2913 698 2977 753 iis
3017 714 3139 770 qua:
3166 710 3292 756 sunt
3320 704 3494 760 media
3525 724 3540 761 :
3571 716 3629 761 ut
3657 709 3877 777 quando

2276 780 2409 836 dicit
2433 801 2445 837 :
2480 782 2589 838 Fac
2613 803 2811 842 mecum
2829 790 3051 860 signum,
3077 801 3131 846 et
3153 793 3319 858 addit,
3348 796 3401 850 in
3423 794 3609 852 bonum
3625 816 3645 863 ;
3674 810 3731 855 et
3761 818 3879 857 rur-

2276 884 2429 938 sum,
2466 871 2657 930 Factus
2700 894 2812 931 sum
2857 888 3115 950 tamquam
3150 881 3441 955 prodigium
3471 889 3644 943 multis
3687 888 3873 962 (Psal.

2276 961 2365 1017 85.
2401 964 2487 1019 l7.
2520 976 2568 1018 et
2599 967 2688 1023 70.
2722 967 2801 1039 Ἰ),
2834 969 2935 1026 hoc
2964 982 3067 1039 est,
3094 974 3145 1028 in
3178 976 3409 1045 signum.

2344 1054 2399 1109 2,
2430 1055 2497 1110 Et
2520 1066 2575 1110 ut
2595 1060 2737 1113 scias
2758 1074 2880 1115 eum
2906 1062 2992 1118 ltic
3013 1064 3302 1122 adduxisse
3323 1068 3553 1139 signum,
3585 1086 3692 1126 non
3718 1076 3872 1141 quasi

2274 1143 2431 1200 faciat
2461 1148 2658 1218 aliquid
2691 1154 2836 1206 omni
2865 1170 2930 1208 ex
2962 1164 3112 1223 parte
3136 1157 3269 1212 utile
3290 1200 3306 1224 ,
3338 1159 3391 1214 id
3418 1161 3558 1231 quod
3587 1177 3655 1216 ex
3692 1163 3788 1218 illo
3816 1164 3874 1218 ﬁt

2273 1235 2495 1292 inducit.
2519 1239 2656 1307 Quid
2687 1239 2787 1296 hoc
2812 1252 2897 1298 est
2918 1246 3142 1299 autent?
3174 1246 3377 1315 Dicent,
3411 1253 3600 1321 inquit,
3628 1255 3770 1324 quod
3793 1256 3874 1309 in-

2272 1329 2471 1383 sanitis.
2506 1330 2619 1387 Hoc
2644 1343 2825 1388 autem
2856 1335 3005 1402 divit,
3036 1351 3142 1391 non
3170 1353 3237 1393 ex
3267 1349 3454 1395 natura
3480 1342 3653 1411 signi,
3681 1345 3781 1399 sed
3806 1361 3873 1401 ex

2274 1418 2486 1475 illorum
2512 1425 2769 1478 amentia.
2794 1424 3044 1483 inﬁdeles
3071 1439 3251 1484 autem
3274 1432 3489 1500 quando
3507 1433 3773 1499 audieris,
3804 1452 3872 1491 ne

2270 1512 2547 1568 existimes
2571 1516 2791 1572 eosdem
2824 1519 3021 1590 ubique
3046 1520 3150 1576 dici
3168 1563 3186 1590 ,
3214 1523 3309 1579 sed
3334 1524 3623 1595 aliquando
3650 1545 3751 1584 eos
3780 1532 3870 1600 qui

2268 1604 2459 1660 morbo
2480 1607 2724 1664 laborant
2748 1611 3046 1678 inenrabili,
3070 1624 3124 1670 et
3146 1628 3365 1672 manent
3386 1618 3653 1689 ejusmodi
3678 1632 3739 1677 ut
3761 1638 3870 1680 non

2267 1696 2477 1765 possint
2515 1699 2708 1769 corrigi
2732 1716 2747 1765 ;
2780 1702 3069 1772 aliquando
3098 1715 3278 1761 autem
3306 1710 3469 1764 etiam
3496 1725 3593 1767 eos
3617 1714 3709 1783 qui
3740 1729 3871 1784 pose

2265 1795 2391 1840 sunt
2422 1791 2615 1843 mutari
2649 1807 2663 1843 :
2702 1793 2892 1860 quales
2940 1791 3160 1849 fuerunt
3202 1805 3446 1867 tempore
3491 1806 3869 1870 apostolorum

2265 1877 2355 1945 qui
2384 1877 2789 1936 admirabantur
2817 1897 2880 1938 ea
2901 1900 3023 1955 quae
3048 1885 3300 1944 dicuntur
3322 1894 3585 1962 magualia
3620 1894 3747 1963 Dei;
3777 1913 3872 1953 cu-

2260 1965 2495 2034 jusmodi
2524 1967 2619 2024 fuit
2648 1970 2952 2029 Cornelius.
2978 1975 3091 2033 Hoc
3109 1988 3193 2033 est
3216 1994 3345 2051 ergo
3364 1983 3505 2053 quod
3534 1984 3663 2039 dicit
3688 2004 3704 2041 :
3739 1987 3870 2044 Pro-

2264 2058 2443 2129 pltetia
2472 2061 2689 2131 quidem
2736 2074 2821 2120 est
2866 2075 2919 2121 et
2966 2069 3018 2122 in
3051 2068 3355 2127 inﬁdelibus
3397 2083 3454 2129 et
3490 2076 3543 2130 in
3574 2076 3865 2147 ﬁdelibus;

2265 2150 2499 2223 linguam
2526 2166 2704 2211 autem
2736 2158 3019 2216 audientes
3043 2162 3287 2219 inﬁdeles
3308 2174 3362 2221 et
3382 2167 3722 2239 insipientes,
3757 2188 3866 2230 non

2262 2246 2436 2300 solum
2469 2262 2575 2301 non
2605 2249 2975 2317 lucrifaciunt,
3008 2254 3103 2310 sed
3132 2256 3292 2311 etiam
3323 2273 3421 2314 eos
3450 2262 3537 2331 qui
3568 2261 3868 2333 loquuntur

2263 2337 2487 2395 irrident
2521 2351 2791 2411 tamquam
2823 2346 3041 2399 insanos
3067 2368 3081 2402 :
3112 2359 3193 2402 est
3224 2351 3367 2404 enim
3396 2352 3476 2405 eis
3504 2353 3679 2408 solum
3709 2356 3767 2411 in
3794 2359 3867 2413 si-

2258 2444 2421 2500 gnum
2447 2473 2463 2498 ,
2498 2433 2601 2489 hoc
2641 2445 2763 2501 est,
2806 2446 2863 2491 ut
2894 2441 3264 2496 tantummodo
3290 2443 3696 2515 obstupescant.
3729 2450 3865 2508 Nam

2260 2522 2305 2576 si
2346 2524 2684 2593 sapuisseut,
2729 2528 2889 2583 etiam
2922 2528 3113 2585 lucrati
3160 2543 3345 2589 essent
3387 2547 3607 2607 propter
3648 2540 3863 2611 signum

2259 2615 2402 2685 quod
2426 2616 2525 2673 fuit
2548 2618 2652 2674 illis
2668 2619 2873 2676 datum.
2907 2621 3023 2679 Non
3052 2626 3195 2681 enim
3224 2636 3350 2684 tunc
3374 2639 3536 2686 erant
3560 2634 3742 2688 solum
3773 2636 3864 2705 qui

2260 2708 2534 2766 ebrietatis
2576 2712 2967 2785 insimularent,
2999 2718 3095 2773 sed
3124 2720 3275 2775 multi
3306 2736 3401 2776 eos
3431 2723 3591 2778 etiam
3622 2725 3864 2783 admira-

2260 2802 2457 2859 bantur
2473 2815 2740 2877 tamquam
2764 2809 2855 2863 Dei
2875 2811 3140 2881 magualia
3164 2812 3476 2882 loquentes:
3501 2819 3859 2887 quamobrem

2257 2896 2348 2964 qtti
2377 2895 2671 2953 irridebmt
2701 2909 2857 2954 erant
2900 2901 3235 2971 insipientes.
3268 2904 3337 2960 Et
3371 2906 3493 2961 ideo
3524 2908 3726 2965 Paulus
3754 2927 3859 2967 non

2258 2987 2503 3043 absolute
2527 2988 2661 3044 dixit
2685 3008 2699 3043 :
2729 2989 2910 3046 Dicent
2934 3008 3019 3047 eos
3042 2994 3287 3061 insanire,
3310 2997 3405 3052 sed
3428 2998 3655 3065 addidit,
3687 3002 3861 3057 idiota

2256 3086 2305 3131 et
2328 3078 2579 3145 inﬁdeles.
2611 3079 2901 3151 Pmpbetia
2922 3092 3101 3139 autem
3133 3100 3238 3140 non
3266 3087 3511 3144 absolute
3540 3089 3594 3145 in
3620 3090 3857 3161 signum,

2257 3168 2351 3223 sed
2380 3169 2449 3223 ad
2478 3171 2637 3226 ﬁdem
2668 3181 2724 3228 et
2750 3174 3037 3231 utilitatem
3069 3178 3312 3249 utrisque
3336 3190 3420 3236 est
3449 3191 3572 3250 apta
3603 3194 3657 3239 et
3688 3185 3855 3241 utilis.

2258 3259 2420 3331 idque
2445 3262 2545 3317 etsi
2573 3279 2680 3318 non
2711 3268 2914 3332 statim,
2944 3282 3042 3337 per
3066 3284 3129 3323 ea
3152 3279 3327 3326 tamen
3356 3289 3475 3342 quae
3500 3274 3763 3345 deinceps
3784 3292 3861 3332 se-

2255 3361 2511 3422 quuntur,
2542 3356 2780 3424 apertius
2810 3356 3194 3428 interpretatus
3222 3371 3336 3429 est,
3368 3363 3595 3420 dicens:
3628 3364 3859 3421 Conciti-

2256 3445 2387 3498 citur
2415 3446 2480 3498 ab
2510 3446 2760 3501 omnibus.
2794 3448 2855 3503 Si
2882 3450 3024 3505 enim
3066 3468 3241 3507 omnes
3271 3456 3574 3525 prapltetent
3594 3496 3609 3519 ,
3645 3456 3856 3527 inquit,

2256 3535 2408 3589 intret
2457 3548 2625 3591 autem
2665 3540 2777 3609 quis
2819 3540 3041 3609 inﬁdelis
3088 3544 3165 3598 vel
3201 3545 3395 3609 idiota,
3439 3548 3758 3602 convincitur
3796 3552 3859 3605 ab

2256 3628 2487 3683 omnibus
2511 3671 2525 3694 ,
2557 3630 2871 3700 dijudicatur
2895 3633 2957 3686 ab
2981 3634 3212 3689 antnibus
3241 3652 3259 3689 :
3287 3644 3333 3689 et
3356 3637 3429 3691 sic
3456 3638 3656 3693 occulta
3686 3641 3861 3697 cordis

2256 3722 2366 3791 ejus
2394 3723 2521 3790 ﬁunt
2544 3725 2833 3793 manifesta,
2858 3736 2903 3778 et
2929 3728 3115 3781 cadens
3132 3728 3184 3781 in
3205 3730 3388 3799 [aciem
3408 3731 3642 3786 adorabit
3664 3732 3856 3799 Deum,

2258 3815 2593 3882 pronuntians
2616 3816 2757 3882 quod
2801 3833 2913 3870 rere
2945 3817 3079 3872 Deus
3116 3820 3169 3873 in
3198 3820 3336 3875 vobis
3371 3821 3456 3876 sit.
3486 3822 3858 3890 Quamobrem

2258 3920 2363 3961 non
2396 3906 2497 3962 hoc
2520 3907 2691 3962 solum
2716 3910 2890 3979 major
2914 3920 2995 3964 est
3025 3911 3326 3979 prophetia,
3355 3913 3497 3983 quod
3523 3906 3627 3968 vim
3657 3914 3863 3972 habent

2258 3998 2309 4051 in
2336 3999 2595 4069 utrisque,
2619 4000 2712 4054 sed
2739 4003 2898 4055 etiam
2923 4002 3063 4071 quod
3086 4017 3150 4056 ex
3176 4002 3479 4059 inﬁdelibus
3500 4018 3595 4058 eos
3615 4005 3863 4062 attrahat

2256 4092 2344 4161 qui
2374 4102 2497 4144 Sunt
2525 4092 2965 4159 impudentiores.
2989 4092 3172 4161 Neque
3196 4094 3337 4147 enim
3367 4093 3505 4147 idem
3536 4104 3656 4148 erat
3686 4097 3861 4151 mita-

2257 4181 2438 4233 culum
2469 4180 2684 4249 quando
2704 4179 3021 4251 Sapphiram
3044 4183 3297 4250 convicit,
3327 4184 3466 4253 quod
3491 4185 3711 4255 quidem
3736 4198 3861 4244 erat

2258 4271 2553 4341 prophetim
2578 4288 2591 4338 ;
2624 4280 2675 4327 et
2702 4272 2913 4342 quando
2942 4272 3131 4345 linguis
3155 4275 3474 4345 loquebatur
3494 4278 3687 4333 Petrus
3712 4297 3725 4330 :
3755 4280 3859 4335 sed

2257 4373 2383 4421 tunc
2411 4365 2623 4435 quidem
2655 4364 2869 4420 luerunt
2910 4381 3097 4421 omnes
3127 4367 3384 4434 coerciti;
3428 4368 3642 4437 quando
3668 4380 3857 4425 autem

2256 4460 2575 4531 loquebatur
2603 4460 2821 4528 linguis,
2846 4459 3006 4511 etiam
3040 4474 3137 4527 pro
3159 4459 3329 4514 delira
3349 4468 3433 4513 est
3457 4458 3690 4513 habitus.
3714 4458 3857 4516 Cum

2256 4569 2387 4625 ergo
2411 4554 2644 4625 dixisset
2688 4552 2922 4619 linguam
2953 4564 3058 4603 non
3095 4550 3396 4618 profuisse,
3440 4559 3495 4604 et
3525 4549 3627 4604 hoe
3673 4551 3858 4622 ipsmn

2257 4622 2445 4702 rursus
2474 4652 2851 4705 extenuasset,
2882 4656 2949 4696 eo
2974 4640 3115 4711 quod
3144 4641 3354 4709 culpam
3383 4640 3437 4695 in
3463 4640 3680 4697 Jndzcos
3712 4658 3859 4700 con-

2257 4738 2504 4805 tulisset,
2536 4736 2837 4807 procedens
2862 4732 3097 4788 ostendit
3123 4730 3177 4786 id
3205 4733 3366 4787 etiam
3408 4732 3625 4790 laidere.
3657 4734 3727 4791 Et
3752 4751 3861 4791 cur

2257 4830 2440 4885 datum
2469 4830 2590 4885 est?
2620 4827 2688 4885 Ut
2735 4825 2988 4897 procedat
3016 4838 3136 4879 cum
3176 4823 3615 4894 interpretatione
3653 4843 3670 4882 :
3720 4842 3858 4883 nam

2257 4921 2460 4991 absque
2482 4919 2573 4975 illo
2595 4921 2756 4975 etiam
2784 4917 3113 4973 contrarium
3138 4916 3319 4970 evenit
3344 4918 3484 4989 apud
3512 4919 3856 4989 insipientes.

2260 5011 2343 5075 Si,
2375 5012 2516 5066 enim
2538 5051 2555 5075 ,
2584 5010 2789 5081 inquit,
2820 5024 2992 5063 omnes
3019 5006 3291 5077 loquantur
3314 5008 3526 5083 linguis,
3554 5011 3861 5083 ingredian-

2259 5112 2340 5155 tur
2367 5112 2539 5156 autem
2564 5100 2797 5171 inﬁdeles
2827 5109 2872 5154 et
2896 5099 3086 5161 idiotas,
3116 5098 3284 5155 dicent
3313 5119 3399 5157 nos
3425 5102 3684 5169 insanire;
3710 5102 3861 5159 sicut

2259 5196 2417 5251 etiam
2448 5193 2677 5264 apostoli
2706 5190 2995 5248 existimati
3025 5198 3148 5245 sunt
3177 5192 3311 5248 ebrii
3343 5210 3357 5247 :
3386 5193 3641 5249 dicebant
3665 5191 3816 5249 enim
3839 5234 3859 5258 ,

2262 5288 2433 5343 Musto
2460 5288 2511 5341 lii
2541 5296 2659 5340 sunt
2686 5284 2864 5353 repleti
2894 5281 3043 5351 (Act.
3076 5281 3133 5337 2.
3164 5284 3279 5353 15).
3307 5282 3413 5341 Sed
3454 5302 3560 5341 non
3602 5294 3687 5340 est
3713 5285 3859 5353 signi

2260 5382 2435 5449 culpa,
2457 5394 2640 5433 rerum
2660 5378 2874 5431 illorum
2900 5373 3146 5429 ruditatis
3165 5384 3220 5430 et
3241 5376 3532 5445 iujustitim.
3561 5375 3858 5443 Propterea

2258 5470 2485 5539 adjecit,
2522 5468 2709 5521 [dictae
2734 5475 2780 5519 et
2809 5465 3037 5533 inﬁdeles
3067 5482 3087 5521 :
3114 5482 3283 5536 quare
3327 5466 3542 5521 illorum
3565 5465 3859 5533 imperitiae

2259 5574 2310 5617 ct
2340 5561 2673 5617 inﬁdelitatis
2700 5567 2783 5611 est
2805 5558 3149 5613 existimatio.
3170 5558 3304 5615 Nam
3328 5566 3386 5613 ut
3414 5557 3565 5628 prius
3589 5556 3723 5625 dixi,
3745 5572 3857 5616 non

2261 5655 2313 5709 in
2360 5654 2428 5709 its
2467 5668 2586 5724 qua:
2616 5649 2813 5705 dantur
2838 5649 2968 5705 vitio
2987 5691 3003 5716 ,
3047 5648 3144 5707 sed
3172 5650 3225 5705 in
3253 5650 3318 5705 iis
3345 5661 3465 5718 qua:
3489 5661 3599 5702 non
3626 5650 3858 5707 multum

2255 5748 2447 5822 juvant
2469 5789 2485 5817 ,
2513 5754 2740 5803 conatur
2768 5742 2969 5803 donum
2996 5757 3201 5818 ponere
3221 5785 3239 5815 ,
3268 5749 3329 5800 ut
3354 5754 3453 5799 eos
3474 5742 3768 5818 reprimat,
3798 5758 3856 5805 et
