4076 6336
159 327 269 385 ειη

150 444 247 493 κα)
277 440 406 494 οὐδ’
427 439 620 506 οὕτως
649 442 1121 496 εἰσακούσονταί
1140 461 1282 512 μου,
1308 444 1473 512 λέγει
1504 444 1745 510 Κύριος.

151 524 349 575 Καίτοι
373 538 436 589 γε
457 521 698 592 οὐδαμοῦ
722 524 777 574 ἐν
807 521 886 592 τῷ
912 524 1059 594 νόμῳ
1081 526 1416 596 γέγραπται,
1443 524 1582 589 ἀλλ’,
1610 526 1749 594 ὅπερ

149 604 326 672 ἔφθην
366 602 561 663 εἰπὼν,
609 605 788 657 πᾶσαν
820 606 920 677 τὴν
966 607 1211 661 Παλαιάν
1265 608 1353 660 ἀεὶ
1396 607 1562 677 νόμον
1594 605 1751 658 καλεῖ

151 687 246 739 κιὶ
276 687 405 747 τοὺς
435 688 722 754 προφήτας
755 688 851 740 καὶ
876 689 977 750 τάς
1002 688 1264 758 ἱστορίας.
1291 687 1538 759 Παράγει
1567 686 1624 739 δέ
1648 687 1748 755 τὴν

154 768 469 839 μαρτυρίαν
513 769 621 820 ἀπὸ
657 770 881 822 Ἡσαΐου
929 770 1024 823 τοῦ
1063 773 1364 841 προφήτου,
1414 769 1575 822 πάλιν
1610 769 1745 821 ὑπσ-

150 852 485 920 τεμνόμενος
510 850 606 903 τοῦ
642 853 980 921 χαρίσματος
1016 854 1117 923 τὴν
1139 853 1320 919 δόξαν,
1348 852 1485 921 πρὸς
1512 852 1577 906 τὸ
1605 849 1749 903 ἐκεί-

150 949 259 983 νων
295 934 567 1003 χρήσιμον
593 951 607 965 ο
647 934 764 986 ἀλλ’
798 935 948 1004 ὅμως
989 934 1085 986 καὶ
1134 933 1279 987 οὕτω
1315 934 1433 1002 μετ’
1464 932 1745 1001 ἐγκωμίου

148 1015 371 1084 τίθησιν
421 1016 574 1069 αὑτό.
618 1018 692 1069 Τὸ
724 1018 854 1087 γάρ,
893 1019 1046 1072 οὐδὲ
1092 1018 1265 1082 οὕτω,
1309 1015 1619 1076 δεικνύντος
1654 1010 1744 1084 ἦν,

148 1099 231 1150 δτι
261 1099 452 1152 ἰκανὸν
484 1095 552 1171 ἦν
582 1101 780 1165 αὐτοὺς
814 1102 1082 1171 ἐκπλῆξαι
1124 1099 1186 1153 τὸ
1218 1098 1432 1167 θαῦμα·
1468 1099 1516 1150 εἰ
1557 1097 1616 1150 δὲ
1648 1097 1747 1149 οὐκ

149 1180 511 1250 ἐπείσθησαν,
557 1180 783 1236 ἐκείνων
816 1184 877 1235 τὸ
905 1182 1177 1251 ἔγκλημα.
1217 1182 1328 1235 Καὶ
1361 1181 1506 1243 τίνος
1558 1179 1746 1231 ἕνεκεν

148 1265 287 1316 αὐτὸ
315 1264 573 1335 ἐποίησεν
595 1268 623 1319 ὁ
657 1267 811 1331 Θεὸς,
842 1268 891 1319 εἰ
925 1265 999 1337 μὴ
1023 1265 1252 1334 ἔμελλον
1286 1264 1598 1326 πείθεσθαι;
1627 1261 1745 1313 Ἵνα

148 1346 218 1396 τὰ
261 1345 430 1399 αὐτοῦ
465 1348 743 1417 πανταχοῦ
779 1348 1034 1417 φαίνηται
1084 1347 1276 1400 ποιῶν.
1330 1345 1522 1410 Δείξας
1563 1344 1747 1397 τοίνυν

151 1426 247 1478 καὶ
293 1428 403 1480 ἀπὸ
453 1429 554 1498 τῆς
592 1430 950 1499 προφητείας,
992 1429 1075 1481 δτι
1115 1429 1175 1481 οὐ
1226 1428 1435 1499 σφόδρα
1474 1426 1747 1495 χρήσιμον

150 1508 213 1560 τὸ
239 1511 489 1577 σημεῖον,
522 1513 801 1580 ἐπήγαγεν
827 1526 841 1540 ’
884 1511 1066 1565 ’Ὥστε
1108 1514 1167 1564 αἰ
1200 1509 1474 1578 γλῶσσαι
1516 1507 1603 1571 εἰς
1635 1520 1746 1569 ση-

149 1589 324 1656 μεῖόν
345 1594 524 1655 εἰσιν,
551 1594 623 1646 σὺ
654 1590 781 1655 τοῖς
815 1594 1236 1653 πιστεύουσιν.
1274 1591 1437 1644 ἀλλὰ
1460 1588 1586 1653 τοῖς
1611 1586 1747 1641 ἀπί-

152 1688 328 1737 στοις
354 1689 367 1701 ·
398 1672 437 1737 ἡ
481 1672 550 1731 δὲ
582 1675 916 1741 προφητεία
947 1675 1020 1727 οὐ
1067 1673 1193 1739 τοῖς
1244 1673 1545 1735 ἀπίστοις,
1585 1666 1748 1724 ἀλλὰ

152 1752 280 1819 τοῖς
306 1755 729 1811 πιστεύουσιν.
762 1755 906 1810 Ἐὰν
926 1750 1041 1809 οὖν
1066 1755 1337 1822 συνέλθῃ
1360 1755 1398 1822 ἠ
1418 1750 1749 1817 Ἐκκλησία

152 1834 270 1903 ὅλη
292 1836 391 1889 ἐπὶ
428 1837 492 1890 τὸ
524 1838 693 1899 αὐτὸ,
718 1838 817 1892 καί
854 1838 1080 1906 πάντες
1118 1839 1428 1908 γλώσσαις
1448 1833 1744 1897 λαλῶσιν,

150 1916 478 1973 εἰσέλθωσι
536 1918 605 1973 δὲ
640 1919 864 1974 ἰδιῶται
908 1922 944 1989 ἢ
996 1922 1262 1985 ἄπιστοι,
1302 1922 1414 1973 οὐκ
1476 1917 1744 1985 ἐροῦσιν,

150 2000 243 2052 ὅτι
293 2000 639 2064 Μαίνεσθες
695 2003 831 2056 Ἐὰν
863 2002 931 2057 δὲ
988 2002 1213 2069 πάντες
1268 2000 1744 2068 προφητεύωσιν,

150 2080 405 2150 εἰσέλθῃ
434 2081 503 2135 δέ
526 2100 618 2147 τις
643 2082 902 2148 ἄπιστος
939 2085 977 2151 ἦ
1002 2084 1260 2150 ἰδιώτης,
1286 2082 1599 2149 ἐλέγχεται
1624 2078 1745 2133 ὑπὸ

151 2163 421 2225 πάντων,
452 2165 838 2232 ἀνακρίνεται
872 2166 991 2219 ὑπὸ
1026 2164 1304 2219 πάντων·
1350 2162 1449 2217 καὶ
1491 2162 1647 2214 οὕτω
1674 2159 1748 2211 τὰ

151 2246 391 2315 κρυπτὰ
432 2246 545 2316 τῆς
587 2247 837 2315 καρδίας
877 2248 1066 2303 αὐτοῦ
1102 2245 1332 2317 φανερὰ
1369 2246 1619 2315 γίνεται,
1646 2240 1747 2294 καί

150 2329 362 2384 πεσὼν
390 2329 489 2383 ἐπὶ
532 2331 865 2398 πρόσωπον
892 2328 1311 2398 προσκυνήσει
1355 2327 1435 2391 τῷ
1479 2324 1601 2390 Θεῷ
1629 2324 1746 2377 ἀπ-

149 2412 488 2483 αγγέλλων,
523 2412 614 2466 ὅτι
646 2414 791 2480 Θεὸς
831 2413 1018 2479 ὅντως
1059 2413 1129 2467 ὲν
1170 2411 1508 2483 ὑμῖν-ἐστι.
1539 2404 1746 2475 Πολλὴν

150 2479 392 2549 ἐνταῦθα
430 2497 494 2549 ἐκ
534 2496 644 2549 τῶν
684 2479 994 2567 εἰρημένων
1027 2494 1127 2566 τὴν
1162 2479 1505 2564 ἐπαπδρησιν
1536 2490 1637 2543 ῖδοι
1663 2504 1747 2550 τις

149 2578 238 2631 ἀν.
268 2578 336 2631 Εἰ
370 2578 480 2649 γὰρ
512 2581 625 2641 τοῖς
651 2578 900 2640 ἀπίστοις
946 2577 1169 2647 σημεῖόν
1217 2580 1355 2629 εἰσιν
1391 2576 1449 2628 αἱ
1479 2571 1745 2641 γλῶσσαι,

149 2661 463 2728 πῶςλέγει.
506 2661 631 2713 Ἐάν
667 2660 850 2714 ῐδωσιν
881 2660 1027 2729 ὑμᾶς
1049 2659 1325 2727 γλώσσαις
1359 2655 1661 2714 λαλοῦντας
1695 2654 1746 2704 οἰ

148 2743 397 2802 ἄπιστοι,
423 2740 658 2812 ἐροῦσιν,
685 2741 767 2794 ὅτι
798 2740 1123 2805 Μαίνεσθες
1157 2739 1253 2792 καὶ
1283 2740 1331 2792 εἰ
1352 2742 1662 2810 προφητεία
1684 2740 1744 2791 οὐ

149 2825 265 2886 τοῖς
314 2821 585 2887 ἀπίστοις,
640 2821 777 2877 ἀλλά
814 2823 926 2885 τοῖς
963 2820 1308 2885 πιστεύουσι,
1358 2820 1475 2882 πῶς
1552 2823 1646 2875 καὶ
1695 2822 1744 2873 οί

149 2905 378 2958 ἄπιστοι
406 2905 464 2970 ἐξ
500 2904 672 2975 αὐτῆς
714 2902 1099 2975 κερδανοῦσιν;
1164 2904 1307 2957 Ἐὰν
1334 2902 1441 2975 γάρ
1474 2902 1743 2972 εἰσέλθῃ,

152 2988 345 3056 φησὶν,
379 2986 637 3053 ἄπιστος
663 2987 1167 3055 προφητευόντων
1196 2982 1364 3054 ὑμῶν
1384 3024 1397 3049 ,
1434 2984 1746 3055 ἐλέγχεται

150 3069 277 3124 ὑπὸ
302 3070 567 3135 πάντων,
600 3069 700 3123 καί
727 3070 1134 3137 ἀνακρίνεται.
1169 3069 1281 3138 Οὐχ
1306 3068 1444 3139 αὕτη
1473 3068 1531 3123 δέ
1564 3069 1744 3139 μόνον,

152 3151 297 3205 ἀλλά
324 3152 422 3205 καὶ
456 3150 595 3221 μετά
629 3150 831 3221 ταύτην
860 3150 1091 3221 δευτέρα
1118 3150 1280 3220 ἑτέρα
1306 3150 1533 3220 ζήτησις
1561 3150 1748 3204 ἐντεῦ-

148 3236 247 3288 θεν
282 3234 479 3304 φύεται
507 3249 521 3262 ·
559 3237 804 3303 φανεῖται
829 3234 937 3305 γὰρ
962 3235 996 3305 ἡ
1034 3232 1252 3302 γλῶττα
1286 3233 1450 3287 πάλιν
1480 3232 1581 3301 τῆς
1614 3250 1748 3303 προ-

149 3318 393 3389 φητείας
425 3317 645 3388 μείζων.
680 3319 740 3371 Εἰ
761 3317 870 3388 γάρ
897 3319 952 3371 αἰ
981 3316 1228 3384 γλῶσσαι
1260 3317 1340 3379 εἰς
1373 3317 1599 3384 σημεῖον
1636 3318 1749 3379 τοῖς

154 3400 432 3464 ἀπίστοις,
460 3400 493 3471 ἡ
528 3399 583 3452 δέ
612 3400 918 3470 προφητεία
940 3402 1053 3462 τοῖς
1083 3400 1318 3463 πιστοῖς,
1342 3398 1404 3450 τδ
1429 3398 1557 3459 τοὺς
1585 3396 1743 3450 ἀλλο-

148 3483 345 3551 τρίους
398 3481 759 3551 ἐφελκόμενον
800 3479 952 3553 [554]
983 3482 1080 3534 καὶ
1120 3478 1377 3544 οἰκειοῦν,
1401 3478 1614 3550 ομεῖζον
1650 3477 1746 3531 τοῦ

159 3565 523 3633 ρυθμίζοντος
568 3566 693 3626 τοὺς
735 3565 989 3627 οἰκείους.
1028 3564 1092 3616 Τί
1131 3559 1224 3617 οὖν
1281 3564 1399 3615 ἐστι
1433 3562 1493 3615 τὸ
1528 3562 1750 3633 εἰρημέ-

156 3662 285 3711 νον;
317 3645 486 3699 Οὐδὲν
517 3644 774 3698 δύσκολον
808 3646 928 3697 οὐδὲ
959 3644 1169 3712 ἀσαφὲς
1198 3644 1317 3697 οὐδὲ
1352 3644 1594 3697 ἐναντίον
1636 3645 1749 3705 τοῖς

157 3726 495 3797 ἔμπροσθεν,
536 3726 673 3779 ἀλλά
714 3727 808 3779 καὶ
838 3726 1045 3795 σφόδρα
1088 3724 1405 3795 συμϐαῖνον,
1450 3728 1545 3777 ἐὰν
1578 3740 1750 3795 προσ-

157 3809 402 3878 έχωμεν.
445 3809 509 3861 Ἥ
547 3808 645 3879 μὲν
688 3808 794 3880 γάρ
831 3808 1138 3879 προφητεία
1193 3806 1525 3876 ἀμφοτέροις
1560 3807 1751 3875 ἐπιτή-

160 3892 359 3959 δειος,,
396 3893 430 3963 ὴ
479 3892 535 3944 δέ
574 3890 793 3959 γλῶττα
830 3892 1033 3945 οὐκέτι.
1077 3890 1274 3961 Διόπερ
1318 3888 1485 3942 εἰπὼν
1520 3888 1613 3940 ἐπὶ
1652 3889 1751 3958 τῆς

160 3975 433 4046 γλώττης,
463 3976 567 4041 Εἰς
607 3976 859 4044 σημεῖόν
904 3975 1056 4038 ἐστι,
1102 3973 1462 4045 προσέθηκεν,
1514 3974 1596 4026 Οὐ
1625 3970 1751 4036 τοῖς

160 4060 587 4123 πιστεύουσιν,
616 4059 775 4113 ἀλλὰ
798 4058 921 4124 τοῖς
955 4059 1255 4123 ἀπίστοις,
1288 4056 1385 4109 καί
1412 4055 1645 4121 τούτοις
1665 4056 1752 4119 εἰς

161 4141 440 4210 σημεῖον,
466 4140 761 4202 τουτέστιν,
786 4144 864 4203 εἰς
892 4140 1173 4209 ἔκπληξιν,
1204 4141 1305 4192 οὐκ
1334 4140 1413 4200 εἰς
1447 4138 1750 4209 κατήχησιν

148 4216 439 4279 τοσοῦτον,
483 4224 643 4276 ’Λλλά
693 4223 788 4276 καὶ
829 4225 922 4275 ἐπὶ
967 4223 1065 4293 τῆς
1111 4220 1468 4293 προφητείας,
1508 4222 1663 4290 φησὶ,
1690 4221 1751 4273 τὸ

163 4309 297 4361 αὐτὸ
317 4306 477 4360 τοῦτο
494 4307 770 4376 ἐποίησεν,
793 4302 982 4369 εἰπὼν,
999 4306 1068 4358 Ἠ
1094 4304 1163 4357 δὲ
1184 4302 1514 4371 προφητεία
1532 4306 1605 4356 οὺ
1626 4302 1751 4368 τοῖς

162 4390 467 4455 ἀπίστοις,
497 4390 658 4443 ἀλλὰ
686 4387 810 4453 τοῖς
837 4387 1251 4440 πιστεύουσιν.
1277 4384 1412 4438 υὺδέ
1431 4384 1538 4455 γὰρ
1565 4385 1753 4453 χρείαν

163 4473 281 4541 ἔχει
318 4473 347 4523 ὁ
376 4472 568 4534 πιστὸς
592 4472 815 4541 σημεῖον
852 4469 1001 4531 ἰδεῖν,
1030 4469 1166 4523 ἀλλά
1205 4466 1553 4529 διδασκαλίας
1578 4467 1750 4520 δεῖται

167 4559 336 4626 μόνον
370 4556 465 4609 καὶ
491 4554 867 4625 κατηχήσεως.
907 4552 1032 4617 Πῶς
1068 4549 1163 4606 οὖν
1202 4553 1265 4605 σὺ
1314 4551 1516 4617 λέγεις,
1563 4552 1749 4618 φησιν,

166 4636 501 4707 ἀμφοτέροις
536 4637 808 4705 χρήσιμον
846 4634 989 4688 εἶναι
1036 4637 1136 4705 τὴν
1182 4632 1537 4706 προφητείαν,
1586 4632 1753 4684 αὐτοῦ

165 4719 445 4789 λέγοντος,
472 4720 555 4772 Οὐ
588 4718 709 4784 τοῖς
732 4720 1035 4784 ἀπίστοις,
1078 4718 1243 4773 ἀλλά
1272 4716 1397 4780 τοῖς
1435 4716 1755 4771 πιστεύου-

166 4818 314 4866 σιν;
356 4798 483 4852 Ἐὰν
529 4800 772 4873 ἀκριϐῶς
821 4801 1105 4873 ἐξετάσῃς,
1154 4799 1280 4872 εἴσῃ
1323 4799 1383 4851 τὸ
1438 4798 1752 4870 λεγόμενον.

169 4885 305 4939 οὐδέ
332 4882 441 4951 γὰρ
468 4876 640 4942 εἶπεν,
672 4885 751 4937 ὅτι
789 4885 890 4936 οὐκ
922 4882 1039 4937 ἔστι
1082 4883 1406 4953 χρήσιμοςή
1448 4882 1756 4952 προφητεία

169 4970 281 5030 τοῖς
308 4964 587 5031 ἀπίστοις,
635 4966 774 5030 ἀλλ’,
818 4968 933 5020 Οὐκ
980 4966 1128 5020 ἐστιν
1178 4968 1258 5027 εἰς
1301 4966 1549 5035 σημεῖον,
1596 4964 1673 5028 ὡς
1722 4966 1756 5034 ή

171 5053 413 5119 γλῶττα,
446 5048 722 5117 ἀνωφελὲς
772 5051 1035 5120 δηλονότι..
1094 5051 1228 5104 Οὑδέ
1259 5053 1370 5112 τοῖς
1412 5049 1660 5111 ἀπίστοις
1704 5066 1757 5100 τι

171 5136 447 5207 χρήσιμον
539 5131 754 5199 γλῶττα
774 5151 787 5163 '
819 5134 877 5185 ἓν
912 5134 1020 5203 γάρ
1052 5134 1221 5199 αὐτῆς
1258 5135 1373 5184 ἐστι
1407 5131 1466 5183 τὸ
1495 5131 1674 5202 ἔργον,
1698 5130 1759 5182 τὸ

173 5214 447 5285 ἐκπλῆξαι
480 5212 641 5283 μόνον
677 5214 771 5267 καὶ
807 5214 1128 5286 θορυϐῆσαι.
1160 5215 1234 5267 Τὸ
1258 5214 1367 5283 γάρ
1402 5215 1627 5281 σημεῖον
1651 5213 1759 5265 τῶν

177 5300 365 5369 μέσων
394 5295 540 5348 ἐστίν
562 5309 578 5325 ⁸
602 5294 678 5356 ώς
702 5296 829 5348 ὅταν
846 5296 1002 5368 λέγῃ,
1028 5298 1295 5363 Ποίησον
1316 5296 1443 5365 μετ’
1464 5292 1611 5361 ἐμοῦ
1651 5306 1761 5361 ση-

171 5383 366 5454 μεῖον,
412 5377 507 5431 καὶ
559 5376 938 5448 προστίθησιν,
983 5376 1361 5447 εἰς’ἀταθόνο
1418 5376 1513 5427 καὶ
1559 5374 1760 5440 πάλιν,

186 5463 524 5533 ’ἐγενήθην
567 5458 709 5513 ὠσεί
756 5459 929 5527 τέρας
962 5461 1087 5527 τοῖς
1135 5459 1409 5525 πολλοῖς,
1453 5456 1755 5526 τουτέστιν,

177 5548 251 5607 εἰς
284 5547 530 5615 σημεῖον.

244 5628 311 5699 β’.
360 5628 469 5679 Καὶ
501 5626 587 5679 ἵνα
620 5621 817 5694 μάθῃς,
843 5622 924 5675 ὅτι
958 5622 1017 5675 τὸ
1048 5628 1272 5694 σημεῖον
1305 5622 1536 5677 ἐνταῦθα
1570 5621 1667 5691 οὺχ
1688 5620 1761 5686 ὡς

1159 334 1223 387 IN
1269 332 1484 389 EPIST.
1530 332 1547 385 Ι
1588 332 1681 386 AD
1714 328 1874 386 (ΞΟΠ.
1920 329 2154 387 HOMIL.
2193 330 2429 387 XXXVI.

3332 332 3439 388 508

1852 444 2029 514 πάντη
2071 445 2345 514 χρήσιμόν
2389 463 2443 499 τι
2482 444 2671 500 ποιοῦν
2721 446 3065 518 παρήγαγεν,
3099 450 3345 520 ἐπήγαγε
3375 450 3440 504 τδ

1849 525 1910 587 ἐξ
1943 525 2110 577 αὑτοῦ
2149 527 2457 595 γινόμενον.
2496 529 2560 581 Τί
2599 529 2655 582 δὲ
2700 524 2769 600 ἦν
2802 529 2992 597 τοῦτο;
3036 532 3297 599 Ἐροῦσι,
3333 551 3441 604 φη-

1852 606 1959 671 σὶν,
2008 607 2099 659 ὅτι
2150 609 2473 664 Mair-£008.
2528 610 2697 663 Τοῦτο
2723 610 2777 665 δέ
2806 612 2867 664 οὐ
2899 611 3048 682 παρά
3090 614 3189 682 τὴν
3218 613 3312 666 τοῦ
3339 632 3440 685 ση-

1852 689 2007 758 μείου
2049 690 2231 756 φύσιν,
2264 693 2401 746 ἀλλά
2442 694 2591 763 παρά
2623 694 2721 764 τὴν
2768 696 2954 747 ἄνοιαν
2984 695 3228 748 ἐκείνων.
3286 696 3440 748 ’Δπί-

1850 786 2012 832 στους
2045 770 2103 824 δὲ
2154 773 2285 826 ὅταν
2332 774 2594 846 ἀκούσῃς,
2634 775 2707 846 μὴ
2740 777 2865 839 τοὺς
2907 776 3101 838 αὐτοὺς
3158 777 3439 846 πανταχοῦ

1849 850 2039 919 νόμιζε
2074 854 2348 919 λέγεσθαι,
2397 856 2532 909 ἀλλὰ
2566 857 2695 910 ποτὲ
2729 858 2827 926 μὲν
2850 859 2978 921 τοὺς
3016 860 3082 909 τά
3129 857 3320 911 ἀνίατα
3350 873 3439 909 νο-

1850 932 2078 996 σοῦντας
2109 937 2203 987 καὶ
2228 936 2591 1007 ἀδιορθώτους
2624 940 2908 1009 μένοντας,
2945 941 3077 993 ποτὲ
3106 940 3161 993 δὲ
3190 941 3317 1002 τοὺς
3343 942 3438 993 καὶ

1851 1015 2247 1084 μεταϐαλέσθαι
2295 1019 2645 1086 δυναμένους.
2678 1017 2779 1074 οἷοι
2820 1018 2963 1089 ἦσαν
3016 1025 3108 1076 ἐπὶ
3156 1022 3267 1075 τῶν
3300 1024 3439 1074 ἀπο-

1850 1098 2049 1150 στόλων
2078 1100 2127 1151 οἰ
2162 1099 2533 1169 θαυμάζοντες
2562 1102 2630 1154 τά
2656 1102 2925 1171 λεγόμενα
2966 1104 3060 1155 τοῦ
3095 1103 3230 1156 Θεοῦ
3268 1122 3440 1173 μεγα-

1847 1178 1963 1231 λεῖα
1983 1195 1997 1209 ⁸
2022 1177 2124 1234 οἷοι
2152 1182 2248 1235 ἐπὶ
2273 1183 2365 1236 τοῦ
2400 1183 2724 1253 Κορνηλίου.
2775 1188 2839 1237 Ὃ
2867 1185 3047 1237 τοίνυν
3077 1186 3245 1253 λέγει,
3279 1186 3441 1239 τοῦτό

1848 1264 1999 1314 ἐστιν
2021 1279 2035 1293 ·
2068 1264 2205 1334 ὅτιή
2241 1267 2339 1333 μὲν
2368 1266 2675 1335 προφητεία
2710 1268 2804 1319 καὶ
2835 1270 2891 1320 ἐν
2926 1270 3039 1331 τοῖς
3065 1268 3314 1330 ἀπίστοις
3345 1270 3440 1322 καὶ

1849 1345 1907 1396 ἐν
1932 1347 2044 1408 τοῖς
2084 1351 2293 1408 πιστοῖς
2331 1350 2502 1418 ἰσχύει
2527 1367 2539 1378 ·
2572 1350 2671 1419 τὴν
2706 1350 2762 1403 δέ
2798 1350 3047 1417 γλῶτταν
3073 1351 3359 1411 ἀκούοντες
3388 1351 3436 1402 οί

1847 1427 2063 1479 ἄπιστοι
2092 1429 2186 1479 καὶ
2219 1430 2455 1501 ἀνόητοι,
2486 1432 2545 1484 οὗ
2584 1432 2743 1501 μόνον
2778 1432 2839 1485 οὐ
2874 1432 3270 1501 κερδαίνουσιν,
3300 1429 3442 1483 ἀλλά

1848 1507 1941 1558 καὶ
1978 1510 2373 1574 καταγελῶσιν,
2405 1512 2481 1573 ὡς
2505 1514 2871 1582 μαινομένων,
2895 1513 3003 1565 τῶν
3026 1512 3436 1581 φθεγγομένων.

1848 1588 1959 1640 Καὶ
1990 1590 2097 1659 γὰρ
2124 1590 2205 1649 εἰς
2239 1592 2463 1659 σημεῖόν
2490 1595 2641 1646 ἐστιν
2688 1596 2873 1656 αὐτοῖς
2903 1595 3093 1663 μόνον·
3139 1593 3437 1657 τουτέστιν,

1848 1670 1928 1733 εἰς
1952 1669 2013 1721 τὸ
2062 1670 2462 1741 ἐκπλήττεσθαι
2507 1674 2731 1737 ἁπλῶς·
2768 1677 2846 1738 ὡς
2873 1676 2929 1727 οῖ
2954 1692 3018 1742 γε
3060 1674 3185 1728 νοῦν
3223 1674 3443 1743 ἔχοντες

1848 1753 1943 1805 καὶ
1971 1753 2301 1822 ἐκέρδαινον,
2335 1755 2400 1807 δι’
2431 1754 2459 1807 δ
2487 1756 2646 1825 ἐδόθη
2677 1756 2738 1809 τὸ
2766 1760 3014 1827 σημεῖον.
3042 1759 3118 1810 Οὐ
3144 1756 3251 1827 γάρ
3277 1758 3444 1826 μόνον

1848 1834 1896 1887 οἰ
1951 1833 2121 1906 μέθην
2169 1836 2348 1888 αὐτῶν
2405 1838 2841 1908 κατηγοροῦντες
2898 1834 3037 1906 ἦσαν
3097 1838 3241 1899 τότε,
3296 1837 3438 1891 ἀλλά

1849 1916 2033 1969 πολλοί
2066 1918 2160 1971 καὶ
2206 1918 2516 1990 ἐθαύμαζον
2560 1921 2780 1983 αὐτοὺς,
2814 1921 2890 1983 ὡς
2922 1920 2992 1973 τά
3040 1919 3304 1990 μεγαλεῖα
3336 1917 3435 1971 τοῦ

1847 1998 1985 2051 Θεοῦ
2035 2000 2452 2071 διηγουμένους’
2500 2000 2641 2055 ὥστε
2687 2005 2735 2055 οἰ
2786 2002 3071 2069 γελῶντες,
3121 2003 3170 2054 οἰ
3216 2000 3434 2069 ἀνόητοι

1845 2078 2009 2151 ἦσαν.
2055 2084 2146 2135 Διὸ
2189 2084 2283 2136 καὶ
2312 2084 2524 2146 Παῦλος
2567 2086 2665 2154 οὐχ
2711 2085 2897 2149 ἀπλῶς
2933 2080 3106 2147 εἶπεν,
3154 2078 3437 2150 Ἐροῦσιν

1847 2162 1937 2215 ὅτι
1965 2166 2290 2224 Μαίνεσθε,
2322 2165 2458 2220 ἀλλά
2501 2166 2865 2237 προσέθηκεν,
2912 2165 3127 2220 ’διῶται
3159 2166 3258 2219 καί
3295 2164 3432 2218 ἀπι-

1846 2259 2002 2296 στοι.
2047 2245 2111 2297 Ἦ
2136 2246 2192 2297 δὲ
2224 2247 2529 2316 προφητεία
2558 2248 2657 2301 οὐκ
2685 2251 2765 2312 εἰς
2798 2251 3024 2318 σημεῖον
3057 2247 3265 2310 ἀπλῶς.
3295 2246 3438 2302 ἀλλά

1846 2325 1942 2378 καὶ
1984 2327 2064 2387 εἰς
2094 2325 2276 2378 πίστιν
2305 2328 2400 2379 καὶ
2438 2330 2519 2392 εἰς
2565 2330 2837 2398 ὠφέλειαν
2870 2331 3208 2402 ἀμφοτέροις
3238 2332 3434 2400 ἐπιτη-

1846 2407 1965 2461 δεία
2019 2408 2113 2460 καὶ
2163 2409 2453 2478 χρήσιμος.
2503 2412 2614 2463 Καὶ
2644 2412 2801 2465 τοῦτο
2854 2415 2903 2466 εἰ
2951 2415 3046 2467 καὶ
3094 2412 3169 2484 μὴ
3207 2412 3432 2477 εὐθέως,

1846 2490 1983 2543 ἀλλὰ
2024 2490 2113 2544 διά
2144 2490 2251 2545 τῶν
2293 2490 2421 2561 ἐξῆς
2466 2494 2799 2564 σαφέστερον
2830 2497 3195 2567 ήρμήνευσεν,
3227 2494 3435 2547 εἰπών’

1859 2573 2202 2642 Ἐλέγχεται
2235 2574 2355 2628 ὑπὸ
2404 2573 2666 2628 πάντων.
2713 2577 2846 2629 Ἐὰν
2885 2578 2996 2644 γὰρ
3029 2575 3251 2641 πάντες
3286 2590 3434 2643 προ-

1846 2656 2173 2722 φητεύωσι,
2209 2657 2394 2725 φησὶν,
2439 2658 2685 2725 εἰσέλθῃ
2714 2657 2781 2710 δέ
2811 2656 2962 2728 [535]
2993 2674 3083 2722 τις
3108 2656 3365 2718 ἄπιστος
3391 2655 3439 2723 ἢ

1848 2735 2119 2802 ίδιώτης.
2181 2738 2491 2806 ἐλέγχεται
2544 2739 2665 2794 ὑπὸ
2733 2739 2996 2801 πάντων,
3053 2737 3433 2804 ἀνακρίνεται

1845 2819 1966 2871 ὐπὸ
2012 2820 2275 2882 πάντων,
2329 2822 2426 2873 καὶ
2466 2823 2620 2875 οὕτω
2664 2824 2735 2876 τὰ
2771 2824 3003 2891 κρυπτά
3036 2822 3146 2890 τῆς
3185 2819 3434 2887 καρδίας

1845 2899 2031 2954 αὐτοῦ
2059 2901 2287 2968 φανερά
2325 2902 2571 2966 γίνεται,
2600 2904 2699 2955 καὶ
2729 2904 2937 2957 πεσὼν
2980 2904 3080 2956 ἐπὶ
3108 2902 3440 2970 πρόσωπον

1846 2982 2262 3051 προσκυνήσει
2291 2981 2370 3047 τῷ
2408 2983 2551 3047 Θεῷ.
2586 2984 2987 3053 ἀπαγγέλλων
3013 2985 3103 3037 δτι
3143 2984 3289 3049 Θεὸς
3330 2982 3431 3037 δν-

1847 3082 1962 3131 τως
2017 3064 2085 3119 ἐν
2136 3066 2277 3135 ὑμῖν
2309 3066 2498 3120 ἐστιν.
2543 3068 2707 3119 Ὥστε
2740 3068 2800 3119 οὐ
2829 3066 3003 3135 τούτῳ
3039 3065 3198 3136 μόνον
3232 3067 3435 3135 μείζων

1847 3149 1880 3217 ή
1915 3150 2221 3219 προφητεία
2249 3149 2326 3219 τῷ
2360 3150 2416 3202 ἐν
2464 3151 2747 3219 ἑκατέροις
2800 3147 3026 3218 ἰσχύειν,
3061 3147 3196 3201 ἀλλά
3227 3148 3323 3199 καὶ
3350 3148 3433 3217 τῷ

1846 3230 1976 3293 τοὺς
2036 3232 2555 3303 ἀναισχυντοτέρους
2614 3232 2722 3287 τῶν
2778 3233 3022 3287 ἀπίστων
3084 3230 3425 3299 ἐφέλκεσθαι.

1848 3314 1983 3366 Οὑδέ
2034 3315 2144 3385 γὰρ
2191 3314 2252 3365 τὸ
2304 3315 2438 3367 αὐτὸ
2489 3315 2674 3382 θαῦμα
2725 3310 2814 3384 ἦν,
2846 3316 2933 3367 ὅτε
2967 3314 3066 3385 τὴν
3111 3312 3426 3382 Σάπφειραν

1846 3394 2092 3465 ἦλεγξεν,
2148 3397 2284 3466 ὅπερ
2337 3396 2673 3466 προφητείας
2738 3392 2826 3466 ἦν,
2894 3396 2989 3449 καὶ
3022 3397 3111 3448 ὅτε
3159 3393 3433 3463 γλώσσαις

1849 3477 2027 3531 ἐλάλει
2055 3479 2261 3548 Πέτρος
2281 3496 2295 3508 ·
2322 3478 2461 3531 ἀλλὰ
2489 3478 2607 3531 τότε
2644 3477 2741 3548 μὲν
2770 3477 2970 3540 πάντες
3001 3476 3428 3545 συνεστάλησαν,

1847 3561 1936 3613 ὅτε
1983 3558 2040 3610 δέ
2085 3558 2360 3627 γλώσσαις
2405 3558 2605 3619 ἐλάλει,
2660 3559 2752 3612 καὶ
2808 3558 3216 3630 παραπαίοντος
3272 3557 3430 3610 ἔλαϐε
3496 3550 3517 3581 τ’

1848 3642 2024 3705 δόξαν.
2066 3639 2251 3693 Εἰπὼν
2286 3640 2488 3702 τοίνυν,
2528 3642 2610 3693 ὅτι
2657 3642 2755 3692 οὐκ
2785 3641 3033 3710 ὠφέλησε
3058 3638 3296 3708 γλῶττα,
3334 3639 3431 3690 καὶ

1850 3723 2253 3792 ὑποτεμόμενος
2315 3722 2478 3775 πάλιν
2523 3722 2655 3774 αὐτὸ
2691 3722 2849 3774 τοῦτο
2878 3721 2956 3790 τῷ
2981 3722 3043 3775 τδ
3077 3720 3323 3791 ἐγκλημα
3351 3722 3433 3781 εἰς

1848 3805 1978 3864 τοὺς
2043 3800 2333 3862 Ἰουδαίους
2382 3800 2731 3871 περιτρέψαι,
2790 3798 2996 3869 προῖὼν
3043 3799 3312 3852 δείκνυσιν
3350 3800 3432 3853 ὅτι

1850 3885 1945 3939 καὶ
1987 3883 2233 3954 βλάπτει.
2291 3882 2400 3936 Καὶ
2431 3883 2595 3948 τίνος,
2626 3884 2811 3952 φησὶν,
2856 3882 3042 3934 ἐνεκεν
3075 3879 3267 3950 ἐδόθη;
3314 3882 3433 3933 Ἵνα

1855 3968 1994 4038 μετά
2024 3967 2319 4037 ἑρμηνείας
2354 3966 2519 4038 προΐῃ
2605 3968 2681 4029 ὼς
2725 3966 2916 4018 τούτου
2964 3964 3153 4034 χωρὶς,
3185 3964 3278 4016 καὶ
3306 3962 3432 4016 τοὺ-

1851 4051 2063 4104 ναντίον
2088 4049 2331 4102 ἐκϐαίνει
2355 4050 2503 4119 παρὰ
2529 4051 2641 4111 τοῖς
2663 4049 2927 4117 ἀνοήτοις.
2964 4048 3099 4101 Ἐὰν
3122 4047 3251 4118 γὰρ,
3276 4048 3431 4117 φησὶ,

1855 4132 2160 4203 γλώσσαις
2184 4129 2407 4196 πάντες
2432 4129 2728 4190 λαλῶσιν.
2757 4129 3071 4183 εἰσέλθωσι
3102 4128 3171 4181 δὲ
3191 4128 3434 4183 ἀπιστοι

1852 4216 1891 4282 ἢ
1924 4213 2165 4276 ἰδιῶται,
2187 4213 2453 4280 ἐροῦσιν,
2481 4213 2568 4265 ὅτι
2591 4214 2888 4266 Μαίνεσθε
2906 4224 2920 4237 ⁸
2946 4210 3200 4280 καθάπερ
3228 4207 3320 4265 οὖν
3340 4212 3435 4263 καὶ

1853 4298 1902 4350 οἰ
1954 4296 2241 4349 ἀπόστολοι
2276 4295 2582 4366 μεθυόντων
2610 4295 2914 4366 ἐλάμϐανον
2941 4293 3223 4346 ὑπόνοιαν·
3259 4289 3434 4349 οὗτοι

1854 4379 1983 4449 γὰρ,
2009 4379 2162 4448 φησι,
2194 4379 2490 4445 γλεύκους
2511 4376 2954 4447 μεμεστωμένοι
2987 4377 3165 4430 εἰσίν.
3206 4375 3343 4428 Ἀλλ’
3373 4376 3439 4428 οὑ

1853 4459 1948 4512 τοῦ
1972 4460 2198 4529 σημείου
2231 4459 2557 4530 κατηγορία,
2593 4460 2727 4514 ἀλλὰ
2758 4461 2855 4530 τῆς
2888 4459 3112 4512 ἐκείνων
3146 4457 3433 4520 ἰδιωτείας.

1856 4542 1955 4594 Διά
1986 4540 2144 4595 τοῦτο
2179 4543 2540 4613 προσέθηκεν,
2584 4540 2829 4596 Ἰὃιῶται
2862 4541 2959 4593 καί
3000 4540 3263 4603 ἄπιστοι,
3297 4540 3440 4595 ὥστε

1856 4624 1957 4692 τῆς
1996 4623 2220 4676 ἐκείνων
2266 4625 2524 4694 ἀπειρίας
2572 4626 2605 4695 ἡ
2657 4623 2925 4694 ὑπόληψις
2985 4622 3080 4674 καὶ
3155 4621 3434 4681 ἀπιστίας.

1858 4708 2035 4775 Ὅπερ
2064 4707 2174 4774 γὰρ
2206 4707 2378 4775 ἔφθην
2402 4708 2592 4770 εἰπὼν,
2618 4708 2719 4759 οὐκ
2747 4709 2805 4759 ἐν
2830 4707 2942 4767 τοῖς
2967 4703 3438 4772 διαϐεϐλημένοις,

1858 4787 1973 4842 ἀλλ’
2003 4790 2059 4840 ὲν
2078 4790 2191 4849 τοῖς
2215 4789 2276 4840 οὐ
2302 4788 2509 4858 σφόδρα
2527 4787 2798 4855 ὠφελοῦσι
2828 4785 3120 4847 σπουδάζει
3136 4783 3439 4849 κατατάξαι

1856 4871 1920 4925 τὸ
1945 4869 2213 4940 χάρισμα,
2247 4869 2339 4921 καί
2365 4869 2541 4934 τοῦτο,
2570 4870 2712 4923 ὥστε
2741 4868 3092 4923 καταστεῖλαι
3120 4868 3317 4930 αὐτοὺς
3346 4870 3443 4923 καὶ

1859 4955 1941 5017 εἰς
1964 4953 2211 5022 ἀνάγκην
2245 4950 2473 5022 ἀγαγεῖν
2500 4952 2594 5007 τοῦ
2624 4954 2715 5007 τὸν
2742 4953 3112 5026 ἐρμηνεύοντα
3136 4951 3434 5022 ἐπιζητεῖν.

1872 5037 2090 5108 Ἐπειδὴ
2129 5038 2237 5108 γὰρ
2276 5038 2337 5089 οὐ
2377 5037 2513 5108 πρὸς
2544 5038 2701 5093 τοῦτο
2726 5038 2933 5111 ἐώρων,
2968 5037 3104 5091 ἀλλά
3151 5036 3285 5105 πρὸς
3316 5035 3438 5086 ἐπί-

1860 5121 2027 5189 anew
2056 5122 2204 5191 αὐτῷ
2236 5122 2330 5175 καὶ
2355 5122 2666 5193 φιλοτιμίαν
2694 5124 2989 5193 ἐκέχρηντο
3013 5122 3060 5173 οἰ
3092 5117 3298 5177 πολλοὶ,
3331 5116 3441 5169 ἀπὸ

1858 5205 2051 5259 τούτου
2084 5206 2317 5276 μάλιστα
2347 5204 2570 5273 ἀπάγει,
2599 5204 2811 5266 δεικνὺς
2846 5204 2928 5255 ὅτι
2952 5203 3031 5263 εἰς
3067 5198 3224 5264 δόξαν
3256 5215 3441 5268 παρας

1862 5287 2213 5349 ϐλάπτονται,
2246 5287 2444 5359 μανίας
2484 5286 2753 5357 ὑπόληψιν
2796 5282 3087 5352 κτώμενοι.
3143 5282 3252 5334 Καὶ
3283 5282 3448 5335 τοῦτο

1867 5371 2103 5440 μάλιστά
2151 5373 2320 5435 ἐστιν,
2368 5370 2397 5423 δ
2431 5368 2669 5440 συνεχῶς
2701 5367 2970 5436 ἐπιχειρεῖ
3012 5363 3445 5427 κατασκευάζειν

1861 5454 1889 5504 ὁ
1930 5454 2161 5516 Παῦλος,
2208 5453 2337 5504 ὅταν
2374 5452 2515 5513 τινὸς
2544 5450 2780 5517 ἀπάγειν
2812 5446 3092 5519 βούληται,
3124 5450 3203 5510 εἰς
3234 5446 3374 5499 αὐτὰ
3404 5444 3442 5501 δ

1864 5532 2127 5605 ἐπιθυμεί
2154 5533 2422 5586 δείκνυσιν
2454 5530 2617 5585 αὐτὸν
2660 5528 3201 5600 παραϐλαπτόμενον.
3235 5525 3343 5603 Καὶ
3375 5525 3446 5579 σὺ

1863 5618 2045 5673 τοίνυν
2087 5616 2229 5672 οὕτω
2262 5613 2439 5668 ποιεῖ·
2490 5612 2555 5668 ἂν
2580 5613 2772 5686 ἡδονῆς
2798 5612 3114 5685 ἀπαγάγῃς,
3142 5606 3313 5673 δεῖξον
3358 5607 3442 5662 ὅτι
