4066 6348
216 309 326 367 809

213 425 598 485 necessitatem
625 420 815 477 afferat
855 415 1162 487 requirendi
1203 415 1320 483 ejus
1365 415 1454 485 qui
1490 415 1813 481 interprete-

216 530 328 576 tur.
354 516 492 574 Nam
516 513 770 586 quoniam
810 526 916 567 non
946 522 1012 565 eo
1041 507 1385 577 spectabant,
1405 499 1513 558 sed
1538 503 1602 556 ad
1629 510 1815 556 osten-

215 614 480 668 tationem
505 608 798 681 gloriatque
826 614 881 659 et
906 602 1128 659 honoris
1153 599 1501 669 cupiditatem
1535 594 1683 650 multi
1713 593 1816 650 hoc

211 706 364 762 dono
409 701 718 760 utebantur.
757 699 825 753 ab
866 711 934 752 eo
976 707 1208 749 maxime
1245 688 1495 746 abducit.
1525 683 1816 740 ostendens

210 812 312 856 eos
342 798 398 852 in
429 793 595 866 gloria
627 801 684 848 et
711 788 1106 847 existimatione
1148 796 1398 852 magnum
1426 778 1681 834 damnum
1720 790 1814 830 ae-

209 865 449 961 cipere,
484 894 544 941 ut
583 883 672 954 qui
718 883 770 936 in
802 879 1028 936 insania:
1073 872 1436 944 suspicionem
1463 868 1702 925 veniant.
1747 865 1816 920 Et

212 982 320 1036 hoc
367 987 452 1034 est
499 975 764 1038 maxime,
812 970 956 1042 quod
999 966 1216 1023 assidue
1261 963 1541 1020 adstruere
1587 970 1816 1016 conatur

210 1072 452 1135 Paulus;
483 1066 698 1138 quando
725 1064 836 1118 vult
861 1061 929 1115 ab
957 1059 1133 1130 aliqua
1166 1072 1226 1110 re
1248 1054 1547 1117 abducere,
1579 1051 1816 1107 ostendit

206 1178 337 1221 eum
367 1159 494 1217 lmdi
515 1161 566 1214 in
593 1159 659 1212 iis
689 1157 819 1226 ipsis
847 1168 965 1225 qua:
989 1148 1276 1206 desiderat.
1309 1147 1378 1202 Et
1405 1154 1460 1201 tu
1488 1158 1703 1216 quoque
1731 1142 1816 1198 fac

207 1253 465 1309 similiter
491 1267 504 1304 :
533 1250 580 1304 si
609 1263 640 1304 a
668 1247 942 1317 voluptate
972 1241 1238 1306 abducas,
1270 1237 1498 1295 ostende
1538 1251 1652 1291 rem
1694 1249 1815 1292 esse

207 1344 503 1409 acerbam;
533 1341 580 1397 si
606 1339 676 1395 ab
710 1338 855 1394 inani
883 1335 1055 1408 gloria
1096 1330 1378 1390 abstrabas
1398 1372 1415 1398 ,
1442 1327 1670 1386 ostende
1699 1341 1811 1381 rem

205 1451 336 1494 esse
366 1435 580 1506 plenam
607 1431 872 1487 dedecore
901 1438 956 1484 et
984 1425 1225 1491 infamia.
1265 1423 1358 1478 Sic
1395 1422 1556 1478 etiam
1584 1419 1813 1475 faciebat

205 1526 434 1583 Paulus.
465 1524 666 1579 Divites
693 1521 836 1577 enim
862 1517 1100 1573 avellens
1119 1516 1188 1570 ab
1211 1529 1396 1568 amore
1415 1511 1682 1583 pecuniis,
1706 1525 1811 1565 non

204 1619 346 1674 dixit
372 1617 548 1674 solum
570 1614 759 1670 noxias
779 1625 899 1668 esse
926 1608 1162 1674 divitias,
1194 1603 1289 1668 sed
1314 1605 1478 1662 etiam
1509 1603 1732 1674 injicere
1757 1603 1811 1656 in

206 1709 541 1766 tentationes
569 1722 584 1760 :
618 1719 742 1759 nam
766 1703 861 1766 ait,
899 1701 998 1768 Qui
1025 1699 1197 1754 volunt
1224 1697 1404 1752 divites
1427 1711 1553 1761 esse,
1583 1694 1812 1748 incidunt

204 1805 261 1857 in
291 1801 623 1857 tentationem
655 1799 733 1868 (ι.
767 1796 902 1852 Tim.
933 1794 988 1848 6.
1019 1792 1099 1865 9).
1145 1790 1282 1858 Quia
1322 1789 1468 1845 enim
1497 1787 1812 1844 videbantur

205 1896 445 1951 liberare
472 1908 502 1948 a
547 1888 960 1954 tentationibus,
992 1888 1073 1942 eis
1100 1884 1286 1940 tribuit
1322 1880 1652 1938 contrarium
1695 1878 1812 1948 eius

203 1987 354 2060 quod
383 1983 764 2042 existimabant
791 1979 1008 2036 divites.
1037 1976 1143 2032 Alii
1183 1985 1424 2031 externae
1460 1987 1680 2042 operam
1712 1971 1809 2025 da-

206 2080 339 2134 bant
369 2075 684 2145 sapientiat,
733 2081 1003 2142 tamquam
1037 2068 1137 2122 hac
1169 2067 1379 2121 ratione
1414 2064 1608 2135 dogma
1647 2062 1811 2116 Stabi-

203 2173 448 2227 lientes:
495 2164 733 2222 ostendit
776 2176 896 2218 eam
939 2175 1045 2216 non
1094 2158 1268 2214 solum
1314 2156 1461 2212 cruci
1507 2170 1613 2209 non
1650 2168 1807 2223 opem

203 2261 352 2318 ferre
371 2301 387 2324 ,
421 2257 518 2313 sed
547 2255 712 2312 etiam
741 2269 861 2309 eam
891 2249 1190 2308 exinanire.
1217 2246 1496 2318 Urgebant
1520 2256 1574 2299 ut
1596 2244 1806 2314 judica-

203 2360 399 2407 rentur
425 2349 566 2419 apud
606 2347 772 2414 alios,
803 2343 1174 2402 existimantes
1205 2340 1479 2412 indignum
1513 2352 1634 2393 esse
1657 2337 1806 2407 judi-

201 2444 316 2502 eari
349 2442 493 2514 apud
537 2455 700 2510 suos,
745 2455 809 2496 ac
855 2439 911 2496 si'
943 2435 1151 2494 externi
1178 2443 1363 2491 essent
1405 2433 1802 2503 sapientiores:

200 2536 444 2592 ostendit
473 2549 595 2590 esse
624 2543 780 2602 turpe
823 2531 954 2587 foris
986 2528 1237 2600 iudicari.
1271 2525 1616 2582 Accedebant
1651 2525 1718 2579 ad
1743 2539 1804 2578 ea

201 2645 325 2702 qua
350 2637 508 2683 erant
523 2626 682 2680 idolis
704 2623 993 2687 immolata,
1021 2631 1292 2690 tamquam
1313 2618 1602 2690 perfectam
1625 2627 1807 2673 osten-

203 2732 382 2777 tantes
410 2717 688 2773 scientiam
716 2734 730 2772 :
759 2714 995 2770 ostendit
1017 2713 1120 2768 hoc
1142 2727 1262 2768 esse
1283 2710 1612 2781 imperfectae
1633 2709 1806 2765 scien-

203 2813 293 2867 tia:
314 2854 329 2876 ,
366 2809 578 2864 nescire
605 2807 980 2863 administrare
1010 2818 1074 2860 ea
1103 2819 1223 2874 quae
1259 2809 1384 2861 sunt
1410 2801 1802 2872 proximorum.

201 2904 282 2958 Ita
312 2903 401 2958 hic
425 2917 660 2972 quoque,
690 2899 945 2970 quoniam
965 2898 1267 2969 linguarum
1295 2894 1494 2950 donum
1523 2900 1805 2964 stupentes

201 2995 631 3056 admirabantur,
657 2992 881 3062 gloriam
907 2998 1172 3054 amantes,
1197 2987 1434 3043 ostendit
1461 2985 1563 3041 hoc
1589 2985 1802 3054 quidem

200 3102 299 3143 eos
331 3085 566 3141 maxime
603 3083 870 3138 dedecore
901 3080 1119 3136 afficere
1140 3122 1153 3143 ,
1198 3093 1304 3133 non
1351 3075 1525 3133 solum
1573 3089 1668 3130 eos
1698 3075 1804 3144 pri-

203 3191 338 3232 vans
367 3175 537 3246 gloria
564 3215 576 3238 ,
609 3174 704 3229 sed
738 3174 898 3228 etiam
943 3172 1063 3227 illos
1093 3171 1146 3225 in
1179 3169 1399 3225 insaniae
1443 3168 1825 3237 suspicionem.

201 3267 524 3336 eonjicicns.
560 3267 629 3318 At
670 3280 774 3318 non
816 3264 998 3319 statim
1046 3264 1147 3317 hoc
1176 3261 1342 3327 dixit;
1385 3258 1479 3316 sed
1508 3275 1629 3314 cum
1661 3259 1804 3328 prius

203 3358 490 3414 innumera
517 3356 741 3410 dixisset
760 3395 778 3414 .-
802 3354 1018 3424 quando
1046 3352 1219 3431 effecit
1263 3360 1319 3406 ut
1348 3350 1504 3406 facile
1529 3351 1804 3420 excipere-

205 3462 291 3508 tur
325 3459 587 3521 grataque
623 3457 770 3505 esset
798 3449 993 3510 oratio,
1024 3457 1148 3503 tunc
1175 3444 1448 3514 subiungit
1474 3442 1528 3497 id
1554 3443 1695 3513 quod
1721 3451 1804 3498 est

202 3543 522 3600 admirabile
548 3551 601 3596 et
627 3549 825 3611 printer
852 3538 1181 3608 opinionem.
1212 3536 1308 3590 Est
1337 3544 1514 3590 autem
1545 3533 1661 3589 hinc
1693 3549 1804 3588 mc-

202 3636 395 3690 ditatio
425 3636 524 3703 ipsi
553 3630 848 3688 familiaris.
884 3631 1018 3684 Eum
1047 3630 1191 3684 enim
1218 3629 1308 3698 qui
1351 3627 1557 3682 firmam
1585 3636 1802 3681 sentcn-

207 3728 332 3780 tiam
381 3734 466 3780 est
497 3724 857 3780 labefacturus
893 3729 948 3776 et
984 3721 1038 3773 in
1080 3721 1414 3775 contrarium
1445 3729 1803 3773 conversurus

207 3819 437 3873 firmiter
484 3817 858 3886 stabiliterque
914 3820 1234 3883 conceptam
1290 3812 1632 3880 opinionem,
1697 3825 1802 3864 non

203 3918 416 3979 oportet
446 3908 628 3963 statim
655 3907 835 3961 dicere
861 3905 1190 3959 contrarium
1225 3921 1238 3957 :
1269 3911 1411 3957 esset
1434 3903 1577 3956 enim
1609 3901 1806 3955 ridicu-

204 4001 290 4055 lus
311 3999 454 4070 apud
479 4014 595 4065 eos,
637 4013 774 4068 quos
799 3996 1068 4052 contraria
1097 3994 1489 4065 prmoccupavit
1517 3993 1800 4048 sententia.

203 4093 338 4148 Nam
368 4094 510 4163 quod
538 4102 620 4146 est
645 4093 804 4145 valde
831 4089 1145 4144 admirabile
1169 4099 1224 4143 et
1251 4098 1446 4157 printer
1469 4088 1800 4156 opinionem,

205 4200 313 4238 non
343 4184 500 4236 facile
529 4182 734 4234 admitti
761 4179 959 4249 poterit
989 4181 1056 4231 ab
1085 4179 1264 4239 initio;
1296 4177 1389 4230 sed
1414 4185 1648 4242 Oportet,
1681 4190 1801 4228 cum

207 4292 303 4347 per
335 4276 436 4328 alia
481 4275 626 4342 prius
656 4279 800 4326 recte
831 4269 1116 4325 suffoderis
1146 4277 1198 4323 et
1226 4268 1508 4337 irrepseris
1527 4308 1542 4332 ,
1570 4267 1646 4321 sic
1674 4280 1802 4320 con-

207 4375 417 4423 vertere
447 4367 498 4419 in
528 4364 876 4418 contrarium.

281 4461 334 4514 15.
369 4458 455 4513 Sic
486 4468 633 4512 certe
661 4455 783 4511 fecit
817 4453 978 4509 etiam
1016 4453 1292 4508 disserens
1326 4451 1393 4506 de
1436 4450 1800 4506 mairmonio.

209 4553 342 4606 Nam
374 4551 624 4619 quoniam
659 4545 810 4601 multi
843 4546 1081 4601 animum
1109 4545 1431 4601 adhibebant
1463 4545 1804 4599 matrimmiio

211 4655 480 4712 tamquam
520 4643 600 4696 rei
667 4642 718 4694 in
746 4655 849 4708 qua
888 4646 1031 4691 esset
1064 4639 1216 4707 quies
1256 4649 1310 4692 et
1354 4639 1594 4692 recreiti'
1638 4659 1649 4697 ς
1694 4640 1805 4706 ipse

208 4746 389 4790 autem
413 4733 626 4786 volebat
651 4729 959 4792 ostendere,
995 4744 1100 4783 "non
1133 4729 1282 4799 iungi
1316 4731 1656 4784 matrirnen‘o
1687 4745 1804 4784 esse

209 4828 444 4896 quietem
478 4837 537 4874 ac
585 4827 998 4884 recreationcm,
1043 4822 1085 4873 si
1123 4821 1300 4873 statim
1331 4821 1455 4877 ubi;
1484 4843 1508 4850 η-
1539 4844 1546 4870 -.
1578 4824 1680 4875 inc
1724 4821 1804 4875 di~

212 4920 399 4981 xisset,
431 4929 536 4969 non
587 4914 802 4970 t‘ecisset
828 4929 880 4967 ut
927 4919 1028 4968 an
1057 4922 1160 4967 tam
1211 4913 1358 4967 ξῖιοὶἒτ
1407 4929 1509 4966 Ηέῑιῑ
1544 4926 1801 4969 :teretnr;

213 5023 352 5064 uuae
375 5017 555 5060 autem
581 5021 702 5059 cum
731 5016 852 5075 post
879 5006 1042 5060 multa
1062 5005 1163 5057 hoc
1186 5007 1472 5074 posuisset,
1505 5021 1636 5068 enim
1656 5019 1691 5054 --ι
1721 5023 1805 5060 .ne

217 5112 494 5159 nutieeuz,
533 5096 682 5150 fsciln
719 5096 971 5159 μετίωμίὶ
1012 5097 1303 5150 auditores.
1350 5095 1458 5148 Ηοα.
1524 5106 1526 5108 ⁷
1567 5111 1643 5148 ...ἡ
1685 5098 1806 5149 iecit

215 5199 265 5249 in
296 5191 618 5258 virginitate.
648 5188 781 5241 Nam
814 5204 933 5242 cum
959 5203 1113 5244 antea
1144 5192 1309 5243 multa
1339 5189 1585 5253 dixisset,
1615 5199 1667 5244 et
1690 5205 1809 5243 rur-

214 5303 306 5342 sus
333 5293 540 5355 postea,
566 5292 692 5336 tunc
716 5281 847 5337 dicit
878 5304 891 5337 ;
933 5282 1082 5336 Vobis
1107 5299 1259 5347 parco
1289 5301 1306 5335 .'
1328 5294 1398 5347 et,
1440 5282 1565 5335 Volo
1590 5298 1672 5336 vos
1702 5299 1808 5336 esse

216 5382 322 5434 sine
352 5375 696 5431 sollicitudine
725 5375 801 5444 (1.
843 5374 960 5428 Car.
996 5378 1046 5428 7.
1079 5377 1170 5430 28.
1205 5378 1321 5445 5‘2).
1359 5377 1470 5431 Hoc
1499 5375 1622 5429 facit
1647 5377 1804 5430 etiam

217 5488 266 5524 ιη
298 5470 513 5539 linguis,
557 5465 850 5521 ostendens
890 5482 986 5522 eas
1015 5483 1120 5522 non
1167 5470 1340 5522 solum
1369 5471 1581 5536 privare
1615 5469 1803 5537 gloria,

218 5562 308 5617 sed
337 5576 431 5614 eos
459 5559 644 5622 etiam,
673 5558 761 5626 qui
793 5557 894 5613 hoc
920 5558 1118 5613 donum
1150 5560 1368 5622 habent,
1400 5563 1596 5629 probro
1621 5575 1685 5615 ac
1714 5560 1805 5614 ilc-

215 5654 411 5708 decore
437 5650 651 5705 afficere
690 5651 828 5717 apud
858 5651 1119 5704 infideles.
1152 5651 1436 5719 Prophctia
1466 5661 1641 5706 autem
1674 5667 1804 5706 con-

214 5753 290 5798 tra
324 5742 524 5812 probro
554 5755 618 5794 ac
644 5740 908 5795 dedecore
946 5750 1099 5796 vacat
1134 5742 1272 5809 apud
1322 5742 1582 5807 infideles,
1613 5754 1663 5797 et
1695 5762 1801 5798 ma-

563 5841 832 5897 Pnnoc.
880 5843 993 5900 Gn.
1051 5843 1197 5904 LXI.

1223 299 1285 356 IN
1327 297 1543 355 EPIST.
1588 297 1604 351 I
1668 296 1762 350 Ᾱῐ)
1801 294 1957 350 COR;
2005 292 2234 348 IIOMIL.
2279 294 2519 350 XXXVI.

3419 291 3530 348 310

1924 409 2312 483 ximamliabet
2336 412 2560 483 glariam
2589 424 2643 468 et
2668 414 2970 498 utilitatem.
2995 415 3128 470 Nam
3158 418 3212 474 in
3239 418 3522 492 prophetia

1925 514 2083 555 nemo
2108 501 2249 557 dicet
2279 518 2375 558 eos
2404 505 2659 571 insanire,
2703 509 2802 561 nec
2845 506 3090 562 irridebit
3129 525 3225 564 ens
3263 512 3354 581 qui
3393 527 3522 581 pro-

1925 590 2165 661 phetant,
2195 595 2287 649 sed
2314 605 2500 650 contra
2530 611 2625 652 eos
2664 597 2902 666 stnpcbit
2936 607 2991 654 et
3016 599 3389 656 adiiiirabitur.
3423 601 3522 658 Ar-

1922 695 2145 756 guuntur
2173 689 2317 744 enim
2358 706 2420 744 ac
2457 691 2826 746 convincuntur
2869 691 2931 745 ab
2970 694 3244 758 omnibus;
3279 693 3383 750 hec
3411 707 3519 761 est,

1923 792 1984 832 ea
2031 793 2151 848 qua:
2205 779 2368 836 habet
2417 781 2470 837 in
2513 782 2678 838 corde
2724 782 2777 837 in
2824 783 3057 840 medium
3102 785 3441 842 adducuntur
3465 799 3522 845 et

1920 869 2278 926 ostenduntur
2303 873 2578 928 omnibus.
2601 874 2718 929 Non
2748 888 2874 932 sunt
2902 886 3081 933 autem
3111 880 3278 950 paria,
3313 881 3520 950 ingres-

1921 978 2040 1017 sum
2067 965 2370 1034 quempiam
2397 965 2602 1032 videre,
2632 967 2781 1022 illum
2807 969 3024 1039 quidem
3054 971 3267 1028 Persice
3291 971 3518 1043 loquen-

1923 1063 2052 1120 tem,
2088 1055 2228 1111 hunc
2252 1065 2430 1112 autem
2450 1056 2692 1128 Syriace;
2712 1068 2767 1114 et
2791 1060 3094 1130 ingressum
3114 1063 3304 1133 audire
3319 1080 3520 1122 arcana

1919 1145 2038 1216 ejus
2067 1151 2283 1212 mentis,
2315 1148 2431 1206 sive
2460 1158 2668 1204 tentans
2687 1161 2740 1206 et
2764 1152 2905 1206 malo
2931 1155 3132 1217 animo,
3165 1156 3280 1211 sive
3307 1157 3536 1213 sincere.

1919 1246 1974 1293 et
1999 1238 2140 1294 bono
2160 1242 2339 1295 animo
2361 1243 2432 1295 sit
2459 1243 2729 1313 ingressus
2756 1259 2771 1308 ;
2802 1252 2857 1298 et
2881 1242 3022 1314 quod
3059 1243 3164 1300 hoc
3204 1247 3422 1316 quidem
3450 1249 3521 1304 ab

1919 1330 2012 1386 illo
2038 1342 2246 1403 gestum
2277 1334 2367 1400 sit,
2401 1335 2469 1389 de
2517 1335 2608 1390 illo
2649 1344 2830 1391 autem
2878 1338 2947 1392 sit
2975 1337 3376 1394 consultatum:
3415 1343 3519 1403 hoc

1918 1423 2060 1477 enim
2091 1432 2174 1479 est
2199 1425 2292 1480 illo
2317 1427 2487 1481 multo
2510 1428 2805 1483 terribilius
2829 1438 2885 1485 et
2913 1430 3117 1485 utilius.
3149 1430 3439 1502 Propterea
3463 1433 3517 1488 in

1918 1514 2113 1583 linguis
2142 1515 2361 1584 quidem
2407 1518 2539 1574 dicit
2569 1535 2665 1574 vos
2692 1520 2960 1577 insanire:
2986 1521 3081 1577 sed
3107 1522 3209 1579 hoc
3231 1539 3298 1579 ex
3329 1539 3516 1581 senon

1916 1604 2067 1670 dicit,
2098 1620 2280 1661 verum
2304 1621 2368 1662 ex
2400 1607 2613 1663 illorum
2634 1609 2840 1678 judicio
2867 1629 2881 1666 :
2914 1613 3100 1670 Dicent
3121 1616 3286 1684 enim,
3318 1619 3514 1689 inquit,

1915 1699 2052 1769 quod
2079 1699 2331 1754 insanitis.
2379 1700 2476 1755 Hic
2509 1709 2689 1756 autem
2722 1704 2890 1758 utitur
2913 1712 2969 1760 et
2999 1720 3181 1762 rerum
3224 1712 3511 1777 sententia,

1915 1800 1971 1846 et
1998 1805 2186 1846 eorum
2226 1793 2317 1861 qui
2339 1791 2614 1861 juvantur.
2644 1792 2970 1850 Conuincitur
3017 1795 3188 1861 enim,-
3231 1799 3426 1870 inquit,
3453 1805 3518 1858 ab

1915 1883 2169 1949 omnibus,
2202 1883 2520 1952 dijudicatur
2547 1887 2611 1940 ab
2638 1888 2870 1942 omnibus
2899 1905 2918 1942 :
2949 1899 2994 1943 et
3023 1890 3096 1943 sic
3124 1891 3323 1945 occulta
3347 1895 3517 1949 cordis

1913 1980 2026 2046 ejus
2053 1976 2323 2047 manifesta
2347 1978 2499 2045 ﬁunt,
2525 1989 2573 2033 et
2594 1978 2867 2036 ita'cadens
2891 1981 2979 2036 ille
3000 1982 3051 2036 in
3079 1984 3260 2054 faciem
3280 1985 3515 2038 adorabit

1914 2065 2102 2131 Deum,
2133 2070 2472 2135 pronuntians
2498 2073 2634 2140 quod
2664 2087 2774 2126 vere
2799 2072 2940 2128 Deus
2968 2074 3020 2128 in
3049 2074 3187 2130 vobis
3212 2076 3298 2132 sit.
3329 2075 3516 2133 Viden‘

1913 2159 2056 2228 quod
2088 2158 2192 2215 hoc
2221 2161 2436 2230 quidem
2469 2163 2542 2216 sit
2571 2162 2967 2220 indubitatum?
2992 2166 3125 2222 Nam
3152 2168 3258 2224 illic
3292 2169 3512 2240 quidem

1912 2251 1982 2306 de
2005 2266 2071 2307 eo
2099 2253 2242 2322 quod
2282 2252 2344 2306 ﬁt
2371 2255 2681 2326 ambigitur,
2726 2268 2780 2313 et
2809 2258 3074 2329 quiSpiam
3114 2272 3181 2316 ex
3212 2261 3516 2318 infidelibus

1913 2342 1966 2397 id
1996 2343 2343 2414 adscripserit
2381 2345 2643 2402 insanim:
2674 2349 2764 2406 hic
2793 2359 2975 2408 autem
3005 2353 3139 2408 nihil
3185 2354 3289 2410 erit
3328 2355 3515 2425 hujus-

1911 2433 2080 2502 modi,
2104 2434 2200 2491 sed
2227 2444 2281 2490 et
2319 2435 2674 2493 admirabitur
2699 2449 2754 2494 et
2780 2441 3048 2507 adorabit,
3083 2444 3241 2500 factis
3281 2446 3510 2516 primum

1909 2524 2196 2591 confitens,
2220 2525 2416 2581 deinde
2439 2528 2600 2583 etiam
2623 2529 2820 2586 verbis.
2843 2531 2931 2587 Sic
2955 2534 3117 2588 etiam
3153 2535 3513 2593 Nabuchodo-

1910 2633 2074 2675 nosor
2101 2619 2267 2676 Deum
2294 2620 2538 2678 adoravit
2561 2621 2785 2679 dicens:
2824 2623 2891 2678 In
2918 2625 3124 2680 veritate
3165 2626 3304 2682 Deus
3345 2641 3507 2684 vester

1909 2711 2020 2782 ipse
2045 2719 2119 2766 est
2139 2709 2280 2766 Deus
2306 2714 2536 2768 revelatis
2568 2718 2832 2786 mysteria,
2854 2703 3096 2787 quoniam
3127 2719 3336 2790 potuisti
3366 2736 3506 2774 reve-

1910 2804 2019 2858 lare
2047 2803 2338 2874 mysterium
2366 2805 2506 2861 istud
2527 2804 2690 2878 (Dan.
2719 2809 2774 2862 2.
2818 2810 2930 2880 47).
2962 2809 3209 2866 Vidistin‘
3237 2812 3343 2868 vim
3379 2827 3508 2882 pro-

1912 2895 2128 2963 phetiae,
2161 2895 2430 2966 quomodo
2476 2895 2712 2953 ferocem
2760 2899 2909 2954 illum
2953 2906 3239 2959 mutaverit
3268 2917 3323 2960 et
3354 2907 3506 2962 insti-

1912 2988 2074 3043 tuerit
2093 2997 2146 3043 et
2165 2989 2231 3044 ad
2259 2989 2417 3045 ﬁdem
2445 2989 2763 3048 deduxerit?
2779 2993 2874 3049 26.
2894 2993 3030 3062 Quid
3051 3012 3169 3066 ergo
3181 2999 3466 3067 est,fratrcs
3485 3001 3513 3053 ?

1911 3079 2040 3134 Cum
2067 3084 2362 3150 convenitis,
2411 3086 2755 3156 unusquisque
2797 3097 3016 3142 vestrum
3057 3089 3309 3159 psalmum
3341 3093 3505 3156 habet,

1911 3171 2195 3227 doctrinam
2224 3174 2392 3238 habet,
2443 3175 2672 3246 linguam
2723 3177 2886 3242 habet,
2916 3179 3291 3234 reuelationem
3337 3181 3505 3244 habet,

1909 3267 2375 3335 interpretationem
2406 3268 2554 3322 habet
2593 3285 2610 3321 :
2645 3271 2815 3323 omnia
2851 3271 2918 3324 ad
2941 3272 3330 3342 tediﬁcationem
3357 3275 3504 3343 lium.

1914 3356 2159 3411 Vidistin’
2211 3358 2606 3415 Christianismi
2658 3361 3070 3417 fundamentum
3123 3373 3177 3418 et
3224 3361 3513 3433 regulam?

1909 3448 2058 3504 Sicut
2080 3452 2223 3505 enim
2251 3460 2334 3505 est
2357 3451 2580 3506 artificis
2617 3452 2855 3508 officium
2888 3453 3175 3518 aedificare,
3230 3455 3300 3508 ita
3341 3452 3506 3510 etiam

1909 3540 2201 3595 Christiani
2253 3542 2514 3612 proximis
2562 3559 2659 3612 per
2699 3547 2881 3599 omnia
2930 3546 3212 3615 prodesse.
3242 3546 3506 3613 Quoniam

1910 3643 2087 3689 autem
2120 3634 2174 3689 in
2200 3634 2401 3690 donum
2430 3636 2587 3692 valde
2613 3647 2694 3692 est
2722 3639 2986 3702 invectus,
3013 3622 3093 3693 ne.
3112 3639 3358 3694 videatur
3385 3655 3508 3694 esse

1909 3735 2406 3795 supervacaneum;
2436 3739 2625 3781 eorum
2668 3730 2810 3782 enim
2855 3730 3049 3783 fastum
3088 3731 3277 3784 volens
3326 3731 3509 3799 deprio

1911 3834 2085 3882 mere,
2129 3819 2233 3874 hoc
2255 3819 2427 3873 solum
2459 3819 2611 3875 fecit:
2638 3835 2826 3875 rursus
2849 3821 3021 3892 ipsum
3049 3836 3168 3876 cum
3194 3823 3311 3876 aliis
3339 3838 3507 3878 annu-

1911 3920 2098 3972 merat,
2135 3909 2319 3964 dicens
2345 3928 2357 3964 :
2387 3909 2655 3964 Paulinum
2690 3913 2857 3978 habet,
2889 3913 3173 3966 doctrinam
3203 3913 3368 3980 habet,
3410 3914 3510 3967 lin-

1910 4017 2065 4069 guam
2098 4001 2513 4056 habet.'Etenim
2547 4004 2782 4070 psalmos
2809 4005 2939 4058 olim
2967 4004 3236 4063 faciebant
3277 4020 3342 4060 ex
3382 4006 3510 4059 cha-

1910 4090 2129 4142 rismate
2164 4105 2258 4142 seu
2285 4089 2448 4153 dono,
2480 4099 2560 4143 et,
2576 4091 2843 4144 docebant
2885 4107 2952 4145 ex
2981 4095 3128 4146 dono
3155 4114 3168 4147 :
3198 4095 3292 4146 sed
3330 4103 3508 4148 tamen

1913 4179 2029 4234 haec
2057 4179 2256 4244 omnia,
2311 4180 2499 4248 inquit,
2557 4178 2623 4232 ad
2673 4190 2835 4233 unum
2869 4182 3172 4250 aspiciant,
3221 4199 3412 4253 nempe
3443 4184 3508 4235 ad

1913 4270 2144 4339 proximi
2172 4271 2562 4326 correctionem
2593 4289 2605 4324 :
2640 4271 2772 4325 nihil
2819 4272 2909 4326 fiat
2951 4282 3158 4329 temere
3185 4283 3238 4329 et
3271 4274 3508 4328 inconsi-

1912 4362 2116 4418 derate.
2147 4363 2203 4418 Si
2229 4364 2372 4419 enim
2399 4381 2506 4419 non
2534 4366 2746 4419 accedis
2776 4365 2992 4422 fratrem
3017 4368 3512 4436 :edificaturus,eur

1910 4459 2158 4512 accedis?
2179 4457 2292 4512 Non
2323 4470 2510 4528 magna
2543 4474 2571 4511 a
2601 4474 2686 4511 me
2718 4459 2944 4514 habetur
2968 4464 3104 4516 ratio
3127 4462 3509 4517 charismatum
3558 4501 3561 4504 -

1912 4549 2228 4604 differentiae
2256 4569 2268 4602 :
2299 4564 2464 4604 unum
2500 4556 2585 4602 est
2627 4549 2759 4601 mihi
2807 4562 2971 4611 curm,
3018 4560 3071 4603 et
3115 4563 3276 4606 unum
3326 4564 3406 4606 est
3458 4556 3508 4607 in

1913 4641 2054 4711 quod
2084 4657 2263 4696 meum
2299 4657 2440 4712 pono
2465 4640 2721 4703 studium,
2756 4656 2950 4710 nempe
2981 4651 3037 4695 ut
3077 4645 3255 4698 omnia
3288 4644 3416 4699 fiant
3444 4647 3509 4698 ad

1915 4734 2344 4787 aedificationem.
2379 4733 2449 4785 lta
2492 4732 2657 4786 etiam
2691 4733 2777 4802 qui
2824 4749 3044 4802 parvum
3095 4735 3256 4790 habet
3285 4737 3508 4799 donum,

1916 4841 2037 4881 eum
2067 4828 2152 4896 qui
2185 4839 2433 4896 magnum
2475 4825 2633 4880 habet
2663 4829 2936 4898 superabit
2965 4845 3025 4884 ac
3066 4832 3508 4899 praetervehetur,

1915 4922 1959 4974 si
1991 4921 2091 4975 hoc
2119 4921 2274 4974 adsit.
2309 4919 2597 4986 Pmpterea
2620 4922 2764 4974 enim
2794 4931 2917 4975 sunt
2942 4923 3099 4986 dona,
3140 4935 3192 4976 ut
3228 4926 3511 4994 tintisqnis~

1915 5027 2018 5080 que
2049 5011 2362 5065 mdifrcetur.
2394 5009 2449 5062 Si
2480 5009 2580 5064 hoc
2613 5012 2755 5065 enim
2795 5027 2899 5065 non
2946 5012 3140 5066 factum
3186 5012 3361 5079 fuerit,
3411 5017 3513 5068 erit

1915 5106 2112 5157 donum
2137 5104 2181 5156 ei
2202 5102 2287 5169 qui
2308 5103 2528 5171 accepit,
2550 5103 2614 5156 ad
2635 5103 3154 5158 condemnationem.
3179 5105 3312 5171 Quid
3339 5107 3506 5172 enim,

1915 5195 2002 5248 dic
2025 5193 2173 5254 mihi,
2210 5193 2428 5261 prodest
2458 5193 2823 5263 prophetare?
2854 5194 2978 5263 quid
3007 5208 3134 5249 vero
3157 5209 3399 5252 mortuos
3419 5213 3508 5252 ex-

1917 5289 2103 5351 citare,
2147 5303 2266 5339 cum
2314 5286 2491 5339 nullus
2520 5286 2589 5338 sit
2619 5286 2709 5354 qui
2737 5286 3008 5341 lucretur?
3039 5289 3092 5342 S‘i
3125 5289 3208 5342 hic
3238 5303 3318 5346 est
3351 5306 3512 5359 porro

1917 5378 2178 5432 donorum
2210 5377 2349 5440 finis,
2385 5377 2512 5430 licet
2537 5385 2712 5431 autem
2741 5379 2900 5431 etiam
2932 5379 3040 5432 aiio
3059 5379 3220 5433 modo
3247 5381 3347 5434 hoc
3375 5398 3506 5434 cnn-

1919 5472 2076 5525 ticere
2101 5470 2302 5539 absque
2339 5469 2515 5533 donis,
2548 5485 2614 5523 ne
2644 5479 2861 5538 propter
2893 5471 3038 5538 signa
3074 5471 3314 5525 efferaris
3346 5486 3400 5528 et
3426 5476 3508 5527 in-

1919 5565 2174 5629 solescas,
2219 5578 2392 5632 neque
2422 5572 2472 5617 te
2501 5563 2754 5617 miserum
2784 5578 2902 5617 esse
2945 5564 3243 5629 exiSIimes,
3271 5567 3411 5634 quod
3434 5570 3512 5620 sis

1919 5656 2330 5710 charismatihus
2359 5658 2614 5724 privatus.
2649 5655 2736 5707 Ἦ.
2774 5655 2892 5708 Sive
2921 5656 3095 5725 lingua
3121 5657 3231 5723 quis
3269 5658 3512 5726 loquitur,

1924 5747 2195 5802 secundum
2229 5746 2355 5798 duos
2383 5785 2396 5806 ,
2439 5755 2525 5797 aut
2566 5757 2618 5798 ut
2651 5757 2862 5798 multum
2904 5754 3001 5798 (res
3041 5754 3086 5798 ct
3126 5763 3217 5810 per
3247 5756 3435 5816 partes,
3467 5750 3515 5801 ct

3085 5845 3160 5899 ‘20
