4066 6348
591 226 684 277 5H

590 353 722 391 unus
750 337 1122 403 interpretetur.
1167 334 1259 389 98.
1291 334 1350 387 Si
1374 341 1540 384 autem
1580 348 1681 383 non
1708 330 1857 397 fuerit
1892 329 2137 395 interpres
2163 367 2174 385 ,

590 440 752 484 taceat
779 432 829 482 iu
854 430 1084 491 ecclesia,
1112 428 1205 482 sibi
1229 432 1396 479 utttem
1424 424 1659 492 loquntur
1682 432 1725 475 et
1766 421 1891 475 Deo.
1934 421 2070 487 Quid
2098 418 2179 471 di~

588 522 683 586 eis,
716 519 941 589 qumso?
968 534 1089 574 cum
1117 516 1185 572 de
1222 515 1419 586 linguis
1447 526 1552 568 tam
1598 514 1761 568 multa
1794 512 2017 577 dixeris,
2041 508 2180 578 quod

586 611 637 665 id
665 612 733 665 sit
750 598 966 675 inutile,
991 608 1132 678 quod
1155 621 1631 677 supervacaneum,
1658 605 1761 658 nisi
1787 604 1985 677 habeat
2010 602 2178 655 inter-

586 712 814 771 prctcm,
849 716 1032 755 rursus
1074 700 1230 768 jubes
1271 699 1415 769 loqui
1451 696 1687 767 linguis?
1717 695 1833 751 Non
1872 694 2059 764 jubeo,
2102 693 2182 746 iu-

586 794 720 861 quit,
755 791 848 846 sed
883 805 980 845 nec
1021 788 1281 859 prohibeo
1312 806 1325 852 ;
1358 800 1415 844 ut
1450 789 1663 859 quando
1690 787 1838 851 dicit,
1876 786 1937 841 Si
1960 786 2073 855 quis
2096 799 2182 837 vos

584 894 725 937 vocat
753 883 1057 949 inﬁdelium,
1086 890 1131 935 et
1157 882 1308 935 vultis
1331 882 1406 934 ire
1426 880 1501 948 (l.
1526 878 1645 934 Cor.
1675 878 1763 933 10.
1791 877 1907 945 27),
1942 892 2047 930 non
2082 875 2181 929 hoc

583 975 714 1027 dicit
746 974 916 1043 legem
949 972 1126 1027 ferens
1149 981 1207 1026 ιιι
1234 987 1348 1038 eas,
1383 971 1474 1025 sed
1503 985 1677 1039 neque
1700 968 1966 1030 retinens;
2002 966 2070 1019 ita
2096 965 2181 1018 hic

584 1066 771 1131 etiam,
804 1063 914 1119 Sibi
942 1074 1108 1117 autem
1140 1064 1378 1137 loquatur
1407 1072 1454 1115 et
1484 1060 1616 1115 Deo.
1650 1060 1705 1116 Si
1737 1076 1842 1114 non
1876 1066 2068 1128 potest,
2099 1058 2180 1112 in-

582 1156 715 1223 quit,
753 1164 950 1219 tacere,
977 1153 1071 1209 sed
1098 1163 1178 1207 est
1199 1153 1333 1205 adeo
1357 1152 1575 1205 honoris
1604 1161 1656 1205 et
1680 1150 1855 1204 inanis
1884 1148 2067 1219 gloria:
2088 1162 2180 1201 eu-

584 1248 759 1315 pidus,
799 1245 939 1315 apud
988 1260 1047 1299 se
1088 1245 1355 1312 loquatur.
1393 1242 1569 1307 Quare
1609 1242 1710 1297 hoc
1758 1242 1874 1310 ipso
1914 1240 2056 1309 quod
2101 1240 2179 1294 sic

584 1339 847 1408 permisit,
882 1336 1169 1405 prohibuit,
1206 1346 1264 1389 ut
1289 1336 1376 1404 qui
1402 1334 1604 1404 pudore
1630 1334 1891 1391 aﬂ‘ecerit.

654 1430 708 1483 4.
738 1428 1069 1497 Quodetiam
1102 1426 1232 1481 facit
1253 1427 1376 1482 alibi
1404 1426 1676 1482 disserens
1702 1425 1768 1481 de
1788 1425 2177 1483 consuetudine

582 1536 703 1576 cum
736 1534 922 1586 uxore,
957 1529 1009 1573 et
1038 1518 1223 1574 dicens
1253 1537 1264 1572 :
1302 1518 1414 1573 Hoc
1439 1528 1606 1573 autem
1637 1520 1749 1572 dico
1770 1528 1973 1590 prOpter
2000 1522 2177 1574 incon-

584 1612 843 1666 tinentiam
867 1621 1080 1664 vestram
1107 1609 1182 1681 (Ι.
1213 1609 1331 1663 Cor.
1362 1609 1439 1678 7).
1470 1608 1575 1664 Sed
1606 1610 1820 1676 quando
1844 1610 1913 1665 de
1937 1611 2171 1680 prophe-

582 1707 651 1759 tia
696 1704 1034 1772 loquebatur,
1068 1716 1172 1755 non
1204 1702 1281 1755 sic
1312 1700 1445 1755 dixit
1472 1718 1485 1764 ;
1533 1700 1627 1753 sed
1656 1701 1971 1768 quomodo?
1998 1700 2173 1771 Impe-

578 1796 748 1850 rando
777 1804 830 1847 et
856 1794 1027 1861 legem
1057 1791 1279 1845 ferendo
1310 1808 1322 1843 :
1354 1789 1624 1857 Propheta:
1650 1799 1819 1843 autem
1844 1791 1944 1844 duo
1972 1802 2057 1844 aut
2076 1802 2172 1844 tres

580 1888 874 1954 loquantur.
907 1883 974 1936 Et
1001 1895 1260 1950 nusquam
1290 1880 1374 1934 hic
1391 1880 1578 1948 quzcrit
1607 1881 1973 1950 interpretem,
2000 1898 2172 1952 neque

579 1990 640 2028 os
666 1974 897 2028 obstruit
928 1973 1286 2043 prophetanti,
1316 1972 1455 2026 sicut
1478 1972 1605 2037 illic,
1637 1971 1820 2027 dicens
1848 1992 1859 2026 :
1892 1973 1952 2028 Si
1982 1991 2081 2029 non
2109 1978 2171 2029 sit

579 2067 846 2134 interpres,
886 2073 1067 2117 taceat.
1119 2063 1299 2133 Neque
1342 2064 1484 2117 enim
1525 2062 1720 2117 sufficit
1768 2064 1813 2117 is
1856 2065 1944 2132 qui
1992 2064 2169 2134 lingua

578 2159 830 2223 loquitur.
867 2157 1226 2223 Quamobrem
1278 2156 1321 2209 si
1367 2156 1487 2224 quis
1518 2154 1709 2208 habeat
1754 2164 2039 2225 utrumque
2072 2156 2169 2211 do-

578 2264 735 2313 num,
766 2249 1048 2314 loquatur;
1078 2246 1122 2300 si
1151 2254 1327 2299 autem
1358 2262 1461 2299 non
1488 2245 1679 2300 habeat
1699 2288 1711 2311 ,
1744 2247 1857 2300 vult
1884 2257 2062 2301 autem
2088 2247 2167 2300 lo-

577 2339 687 2407 qui,
718 2352 836 2391 cum
885 2338 1181 2406 interprete
1221 2336 1323 2390 hoe
1369 2335 1543 2390 faciat.
1593 2336 1861 2407 Propheta
1905 2338 2051 2391 enim
2089 2348 2169 2392 est

576 2430 862 2497 interpres,
898 2428 989 2483 sed
1031 2428 1144 2494 Dei,
1179 2437 1231 2481 ιιι
1264 2436 1443 2481 autem
1484 2428 1735 2480 hominis.
1786 2428 1848 2481 Si
1871 2438 2038 2481 autem
2068 2445 2167 2481 non

574 2520 636 2572 sit
682 2520 950 2586 interpres,
1000 2527 1182 2572 taceat.
1234 2515 1372 2569 Nihil
1416 2516 1558 2569 enim
1604 2530 2003 2583 supervacanee
2052 2518 2167 2571 ﬁeri

574 2620 807 2677 oportet,
856 2608 986 2661 nihil
1034 2608 1101 2660 ad
1138 2607 1484 2661 ambitionem
1537 2614 1591 2661 et
1642 2606 1861 2662 honoris
1910 2608 2165 2663 studium.

575 2701 683 2753 Sibi
706 2710 872 2753 autem
901 2700 1137 2769 loquatur
1167 2708 1211 2752 et
1238 2698 1377 2765 Deo;
1406 2700 1506 2753 hoc
1534 2707 1637 2763 est,
1662 2700 1713 2753 in
1738 2709 1937 2766 mente,
1965 2710 2018 2755 et
2044 2716 2167 2756 sen-

572 2791 672 2842 sim
701 2800 754 2844 et
774 2791 975 2860 absque
1000 2791 1248 2860 strepitu,
1278 2790 1321 2843 si
1352 2789 1500 2843 velit.
1541 2788 1656 2844 Non
1683 2798 1764 2844 est
1793 2792 1935 2845 enim
1964 2791 2065 2845 hoc
2086 2792 2163 2845 le-

572 2899 689 2951 gem
733 2883 974 2947 ferentis,
1022 2882 1117 2937 sed
1166 2882 1303 2936 forte
1344 2881 1520 2951 potius
1559 2880 1817 2950 pudorem
1858 2882 2165 2938 incutientis

570 2991 666 3045 per
692 2976 1117 3041 concessionem,
1150 2975 1289 3027 sicut
1330 2973 1542 3043 quando
1572 2974 1721 3041 dicit,
1770 2973 1832 3028 Si
1859 2976 1971 3041 quis
2000 2986 2165 3029 autem

571 3070 744 3132 esurit,
778 3067 1249 3137 domicomedatU.
1283 3065 1401 3121 Cor.
1432 3067 1520 3120 ll.
1554 3066 1644 3137 54)
1668 3084 1681 3131 ;
1708 3075 1899 3122 etcum
1922 3069 2165 3123 videatur

571 3161 888 3226 concedere,
935 3175 999 3213 eo
1044 3161 1160 3227 ipso
1205 3158 1352 3213 illum
1403 3160 1569 3228 tangit
1613 3160 1809 3213 acrius.
1862 3159 1976 3215 Non
2020 3162 2161 3215 enim

574 3254 713 3316 ideo,
758 3252 947 3321 inquit,
980 3251 1299 3315 convenitis,
1343 3260 1400 3306 ut
1440 3265 1533 3305 vos
1565 3251 1705 3305 dona
1750 3252 1951 3306 habere
1980 3263 2163 3307 osten-

568 3343 729 3405 datis,
763 3342 855 3395 sed
888 3351 943 3395 ut
968 3356 1062 3394 eos
1101 3343 1189 3412 qui
1228 3340 1451 3395 audiunt
1483 3340 1761 3396 mdificetis
1788 3362 1797 3393 :
1830 3344 1969 3413 quod
2000 3346 2159 3398 etiam

569 3436 703 3489 dixit
732 3433 905 3497 initio,
956 3431 1139 3487 Omnia
1166 3434 1236 3507 ad
1266 3434 1658 3500 aediﬁcationem
1705 3435 1853 3501 ﬁant.
1902 3435 1992 3488 29.
2033 3436 2164 3489 Pro-

571 3527 735 3593 pheta!
760 3534 929 3578 autem
958 3525 1061 3577 duo
1101 3534 1191 3578 aut
1228 3533 1327 3578 tres
1366 3525 1558 3591 dicant,
1598 3536 1642 3579 et
1666 3527 1833 3580 cazteri
1860 3528 2159 3597 dijudicent.

569 3617 840 3685 Nusquam
887 3614 1173 3685 plurimum
1206 3616 1383 3683 posuit
1419 3616 1556 3670 sicut
1600 3617 1651 3671 in
1687 3618 1897 3686 linguis.
1936 3619 2003 3672 Et
2037 3621 2161 3689 quid

571 3710 690 3774 hoc,
727 3709 975 3778 inquies?
1005 3723 1176 3777 neque
1221 3708 1363 3763 enim
1395 3708 1750 3763 sufficientem
1783 3710 2016 3765 ostendit
2042 3727 2163 3767 esse

572 3801 929 3868 prephetiam,
962 3800 1006 3854 si
1036 3801 1153 3854 aliis
1184 3801 1445 3869 permittit
1465 3801 1747 3871 judicium.
1783 3802 1894 3857 lmo
1926 3820 2056 3858 vero
2083 3816 2164 3860 est

571 3890 725 3943 valde
755 3889 1027 3944 sufﬁciens
1057 3906 1067 3941 :
1104 3905 1277 3958 neque
1324 3890 1467 3944 enim
1519 3891 1642 3945 huic
1686 3893 1823 3946 sicut
1862 3894 1937 3947 illi
1974 3909 2035 3948 os
2064 3896 2161 3951 ob-

570 3983 784 4047 struxit,
812 3993 866 4037 et
889 3983 1157 4037 silentium
1188 3982 1399 4046 indixit,
1431 3985 1472 4037 si
1504 4000 1607 4039 non
1631 3987 1698 4040 sit
1723 3989 1809 4056 qui
1840 3987 2164 4059 interprete-

571 4088 689 4137 tur;
721 4089 893 4142 neque
919 4074 1058 4127 sicut
1082 4074 1149 4129 de
1181 4074 1273 4127 illo
1300 4073 1454 4139 dixit,
1488 4074 1550 4129 Si
1575 4094 1673 4130 non
1704 4079 1765 4130 sit
1791 4079 2054 4149 interpres,
2082 4092 2162 4133 ta-

571 4174 677 4215 rcat
709 4177 726 4214 :
757 4168 825 4214 ita
856 4163 923 4214 de.
952 4162 1051 4214 hoc
1077 4178 1311 4230 quoque,
1336 4163 1392 4216 Si
1422 4179 1530 4216 non
1559 4167 1623 4218 sit
1651 4168 1740 4234 qui
1774 4167 2067 4233 discernat,
2098 4187 2164 4225 ne

574 4254 895 4324 prophetet;
940 4253 1033 4308 sed
1075 4254 1247 4308 solum
1289 4255 1482 4308 muniit
1523 4255 1846 4310 auditorem.
1884 4258 1995 4313 lloc
2020 4262 2162 4315 enim

570 4349 704 4402 dixit
740 4347 805 4401 ad
835 4362 929 4403 eos
965 4346 1262 4401 monendos
1292 4354 1351 4401 ut
1389 4355 1665 4411 caverent,
1701 4363 1767 4402 ne
1803 4349 1940 4404 inter
1965 4366 2057 4406 eos
2087 4353 2166 4406 in-

569 4448 817 4496 curreret
856 4447 1007 4493 vates
1043 4453 1106 4492 ac
1135 4438 1422 4493 divinator.
1457 4438 1590 4493 Nam
1622 4439 1783 4495 etiam
1817 4440 1867 4495 in
1901 4442 2165 4513 principio

573 4537 676 4590 hoc
698 4534 854 4602 jussit
885 4547 1077 4587 cavere
1099 4572 1111 4594 ,
1145 4530 1359 4601 quando
1403 4530 1750 4587 divinationis
1787 4543 1841 4589 et
1870 4536 2165 4604 prophetia:

571 4628 751 4682 attulit
780 4624 1173 4688 differentiam;
1208 4632 1262 4677 et
1286 4637 1427 4676 nunc
1460 4622 1632 4691 ipsum
1668 4622 1817 4691 jubet
1856 4626 2165 4683 discernere

573 4730 627 4775 et
656 4719 1022 4782 considerare,
1045 4732 1112 4772 ne
1138 4716 1264 4786 quid
1296 4716 1498 4784 irrepat
1522 4714 1866 4770 diabolicum.
1898 4719 1986 4773 50.
2016 4718 2166 4785 Quod

572 4811 615 4863 si
643 4811 730 4862 alii
756 4812 1026 4861 revelatum
1069 4809 1132 4859 sit
1161 4808 1370 4873 sedenti,
1405 4808 1545 4877 prior
1583 4816 1763 4861 taceat.
1814 4808 1902 4862 5l.
1950 4808 2167 4865 Potestis

575 4903 708 4955 enim
740 4916 909 4953 omnes
937 4914 1027 4966 per
1056 4898 1283 4967 singulos
1312 4899 1633 4967 praphetare,
1664 4909 1721 4953 ut
1759 4915 1929 4953 omnes
1970 4900 2167 4953 discant

573 5003 619 5046 ct
641 5007 810 5045 omnes
832 4991 1177 5043 exhorteutur.
1212 4988 1349 5054 Quid
1374 4998 1454 5043 est
1475 4988 1618 5058 quod
1639 4989 1840 5045 dictum
1870 5000 1951 5045 est
1972 4992 1994 5043 ἲ
2015 4990 2067 5045 Si
2095 5000 2164 5059 te,

576 5084 769 5153 inquit,
798 5083 1152 5152 prophetante
1180 5090 1231 5137 et
1258 5081 1531 5151 loquente,
1559 5083 1777 5139 alterius
1798 5086 2019 5153 spiritus
2045 5099 2166 5139 eum

575 5176 912 5239 excitaverit,
949 5184 1064 5230 tace
1092 5174 1160 5231 de
1187 5184 1409 5231 caetero.
1450 5175 1603 5243 Quod
1626 5177 1770 5231 enim
1800 5178 1933 5233 dixit
1968 5179 2034 5233 de
2062 5178 2167 5233 lin-

580 5269 720 5337 guis,
753 5268 963 5323 hochic
990 5282 1203 5338 quoque
1226 5268 1393 5337 exigit
1419 5278 1475 5322 ut
1505 5268 1596 5321 fiat
1628 5269 1920 5339 sigillatim,
1957 5271 2051 5326 sed
2083 5270 2169 5325 hic

579 5360 812 5413 divinius
842 5376 853 5412 :
883 5374 990 5413 non
1040 5359 1175 5413 dixit
1208 5359 1374 5425 enim,
1406 5359 1711 5429 Sigillatim,
1739 5360 1855 5427 sed,
1900 5362 1961 5417 Si
1986 5364 2076 5417 alii
2106 5364 2170 5417 sit

578 5451 873 5505 revelatum.
905 5448 1044 5518 Quid
1075 5450 1216 5503 enim
1248 5450 1421 5505 adhuc
1447 5464 1583 5519 Opus
1602 5459 1766 5516 esset,
1791 5466 1912 5506 cum
1941 5453 2027 5509 hic
2054 5470 2171 5509 mo-

580 5553 769 5596 veatur
815 5542 880 5596 ad
926 5540 1289 5611 prophetiam,
1334 5542 1485 5596 illum
1526 5542 1746 5599 dicere?
1788 5544 1855 5599 At
1895 5556 2171 5616 oporteret

584 5633 871 5703 utrosque?
900 5632 1007 5689 Sed
1032 5646 1117 5688 res
1146 5641 1286 5690 esset
1314 5634 1542 5689 absurda
1575 5644 1624 5691 et
1649 5636 1887 5693 confusa.
1921 5643 1984 5694 At
2016 5642 2133 5711 prio
2158 5671 2167 5681 -

1295 214 1347 265 ὃ.
1394 208 1670 266 JUANNIS
1708 206 2184 263 CHRYSDSTDMI
2226 204 2539 260 AllGlllliP.
2582 204 3120 261 (IONSTANTINOP.

3784 200 3880 253 3Ιὲ

2296 324 2445 376 rem?
2474 324 2535 377 Et
2567 324 2667 377 hoc
2696 339 2908 393 quoque
2937 322 3248 376 absurdum.
3274 321 3563 389 Propterea
3594 316 3759 381 enim,
3794 318 3881 371 illo

2288 419 2519 483 dicente,
2548 422 2691 475 hunc
2733 422 2983 475 movebat
3016 419 3266 488 Spiritus,
3298 429 3353 471 ut
3378 417 3464 470 hic
3492 428 3708 483 quoque
3727 412 3874 465 dice-

2288 523 2369 567 ret
2395 514 2612 581 aliquid.
2650 514 2849 567 Deinde
2875 511 3158 566 consolans
3179 525 3322 569 eum,
3344 510 3428 564 cui
3451 522 3513 562 os
3534 507 3634 561 fuit
3663 505 3875 559 obstru-

2287 611 2453 669 ctum,
2480 603 2609 658 dicit
2640 621 2652 657 :
2684 603 2904 657 Potestis
2924 602 3055 656 enim
3079 617 3249 654 omnes
3266 599 3527 669 sigillatim
3550 596 3869 667 prophetare,

2287 703 2341 745 ut
2366 710 2536 749 omnes
2562 696 2755 749 discant
2785 705 2831 749 et
2858 710 3029 749 omnes
3047 693 3385 747 consolentur.
3415 690 3576 744 Vides
3604 688 3875 760 quomodo

2285 800 2471 840 rursus
2495 786 2651 841 all‘ert
2689 801 2924 851 causam,
2973 795 3193 857 prepter
3221 798 3379 853 quam
3412 782 3537 836 facit
3566 781 3789 837 omnia?
3818 780 3875 834 Si

2285 879 2427 930 enim
2454 893 2599 945 eum,
2629 880 2719 948 qui
2753 880 2946 949 linguis
2984 879 3240 949 loquitur,
3273 877 3493 930 omnino
3518 876 3767 944 prohibet
3790 874 3874 927 di-

2284 983 2430 1035 cere,
2458 971 2672 1039 quando
2716 986 2822 1026 non
2856 971 3019 1027 habet
3059 972 3424 1042 interpretem,
3462 979 3679 1038 pr0pter
3709 968 3873 1021 inuti-

2286 1062 2488 1118 litatem
2520 1084 2532 1119 :
2563 1065 2755 1120 merito
2784 1066 2945 1120 etiam
2985 1064 3346 1135 prophetiam,
3393 1064 3439 1119 si
3483 1064 3586 1117 hoc
3627 1078 3739 1117 non
3781 1061 3874 1114 ba-

2285 1151 2426 1217 beat,
2456 1155 2551 1209 sed
2601 1154 2970 1210 confusionem
3020 1155 3176 1209 faciat
3215 1164 3270 1210 et
3314 1152 3777 1209 conturbationem
3822 1161 3875 1203 et

2286 1245 2565 1301 tumultum
2593 1246 2978 1317 importunum,
3001 1246 3439 1316 jubetcohihere.
3459 1243 3545 1297 52.
3574 1242 3640 1294 Et
3661 1242 3874 1310 spiritus

2284 1338 2645 1406 praphetarum
2692 1339 2951 1408 prophetis
2986 1338 3196 1407 subjecti
3239 1346 3377 1391 sunt.
3429 1332 3673 1389 Vidistin’
3713 1348 3874 1401 quam

2281 1428 2627 1484 vehementer
2650 1440 2704 1485 et
2735 1429 3047 1485 terribiliter
3067 1444 3187 1483 eum
3212 1428 3415 1496 pudore
3438 1424 3718 1480 aﬂ‘ecerit?
3743 1423 3872 1477 Nam

2282 1536 2348 1573 ne
2374 1520 2665 1575 contendat
2691 1519 2852 1573 homo
2880 1528 2934 1575 et
2974 1518 3291 1573 seditionem
3320 1519 3504 1585 agitet,
3551 1518 3727 1584 ipsum
3775 1514 3874 1566 do-

2280 1626 2405 1664 num
2433 1610 2667 1665 ostendit
2697 1610 2886 1680 subjici
2920 1628 2933 1662 :
2960 1611 3203 1678 spiritum
3226 1609 3368 1663 enim
3396 1608 3481 1661 hic
3511 1619 3662 1661 vocat
3682 1622 3877 1676 opera-

2280 1706 2498 1758 tionem.
2524 1704 2578 1759 Si
2609 1714 2785 1759 autem
2815 1704 3033 1772 spiritus
3057 1704 3350 1772 subjicitur,
3379 1702 3545 1755 multo
3570 1702 3741 1769 magis
3768 1716 3875 1753 non

2278 1812 2487 1865 :equum
2520 1806 2687 1853 estut
2730 1810 2805 1863 tu,
2853 1798 2942 1867 qui
2992 1796 3254 1865 possides,
3302 1793 3618 1849 contendas.
3666 1793 3877 1845 Deinde

2278 1886 2511 1939 ostendit
2540 1887 2681 1956 quod
2714 1887 2814 1941 hoc
2840 1901 3052 1956 quoque
3078 1886 3143 1939 sit
3174 1886 3281 1939 Deo
3310 1892 3610 1952 acceptum,
3644 1881 3877 1949 subjun-

2276 1994 2407 2048 gens
2432 1989 2486 2034 et
2518 1979 2705 2034 dicens
2749 1998 2761 2033 :
2790 1980 2879 2034 55.
2926 1978 3047 2031 Non
3086 1979 3219 2030 enim
3248 1976 3572 2031 dissensionis
3596 1985 3670 2027 est
3713 1973 3875 2031 Deus.

2275 2072 2363 2125 sed
2389 2070 2547 2139 pacis,
2582 2072 2710 2124 sicut
2729 2082 2775 2123 et
2802 2072 2852 2123 in
2880 2069 3111 2124 omnibus
3132 2068 3352 2121 ecclesiis
3375 2076 3664 2121 sanctorum
3691 2070 3876 2119 doceo.

2277 2161 2525 2215 V‘idistin’
2554 2170 2685 2229 quot
2734 2161 2907 2215 modis
2947 2175 3068 2214 eum
3123 2158 3175 2211 in
3227 2157 3499 2212 silentium
3538 2155 3791 2217 deduxit,
3824 2164 3879 2209 et

2275 2267 2393 2307 eum
2426 2252 2514 2320 qui
2536 2253 2687 2304 alteri
2716 2251 2858 2305 cedit
2876 2251 3186 2305 consolatus
3211 2250 3329 2304 est?
3355 2263 3446 2317 per
3468 2262 3631 2300 unum
3650 2246 3877 2315 quidem

2277 2344 2434 2414 idque
2466 2345 2815 2413 praecipuum,
2846 2359 2912 2398 ne
2939 2344 3192 2398 videlicet
3218 2343 3283 2397 ab
3314 2350 3415 2395 hoc
3437 2340 3575 2393 facto
3602 2338 3874 2393 dissolva-

2274 2444 2360 2489 tur
2390 2454 2401 2489 :
2430 2434 2649 2489 Potestis
2674 2436 2828 2501 enim,
2858 2435 3051 2505 inquit,
3080 2450 3167 2503 per
3191 2433 3415 2504 singulos
3445 2446 3616 2483 omnes
3643 2429 3875 2498 praphe-

2273 2536 2379 2578 tare
2404 2544 2420 2589 ;
2454 2542 2545 2595 per
2572 2527 2797 2579 alterum
2825 2540 2975 2592 vero,
3020 2541 3086 2579 ex
3115 2539 3180 2579 eo
3207 2522 3349 2593 quod
3379 2521 3508 2579 illud
3537 2520 3753 2589 spiritui
3790 2520 3874 2571 vi-

2272 2616 2461 2670 deatur
2506 2635 2517 2669 :
2565 2616 2793 2682 Spiritus
2838 2618 2971 2669 enim
3012 2616 3374 2685 praphetarum
3409 2613 3671 2682 praphetis
3704 2610 3876 2681 subji-

2272 2708 2474 2760 ciuntur
2505 2724 2522 2760 :
2553 2717 2807 2777 prmterca
2838 2722 2904 2763 ex
2950 2723 3049 2773 eo,
3082 2707 3223 2775 quod
3271 2708 3565 2760 secundum
3610 2705 3707 2760 Dei
3748 2722 3876 2759 sen-

2272 2799 2491 2851 tentiam
2524 2800 2631 2861 sit;
2669 2797 2789 2851 Non
2830 2799 2965 2851 enim
3000 2808 3072 2871 est
3097 2798 3446 2858 dissensionis,
3477 2797 3667 2865 inquit,
3704 2796 3871 2863 Deus,

2270 2888 2359 2940 sed
2389 2889 2526 2957 pacis
2552 2904 2569 2941 :
2597 2898 2787 2957 quarto
2816 2888 3069 2957 denique,
3097 2903 3163 2942 eo
3193 2888 3334 2957 quod
3360 2888 3447 2943 lex
3482 2888 3747 2957 ejusmodi
3776 2905 3874 2957 per

2270 2979 2454 3033 orbem
2490 2981 2796 3035 universum
2832 2980 3027 3049 ubique
3054 2980 3312 3045 obtineat,
3338 2995 3438 3033 nec
3460 2979 3694 3033 alienum
3718 2981 3873 3047 quid-

2270 3084 2429 3134 quam
2461 3084 2682 3139 usquam
2715 3072 2819 3123 illis
2850 3072 3142 3139 imperetur
3177 3088 3187 3122 :
3227 3070 3316 3123 Sic
3358 3071 3509 3135 enim,
3542 3071 3638 3132 ait,
3669 3072 3720 3121 iu
3753 3087 3871 3122 om-

2271 3161 2415 3214 nibus
2444 3162 2667 3214 ecclesiis
2697 3171 2988 3215 sanctorum
3028 3162 3200 3215 doceo.
3236 3160 3373 3228 Quid
3415 3175 3542 3229 ergo
3587 3160 3671 3214 his
3702 3161 3873 3214 rebus

2272 3252 2431 3307 fuerit
2460 3253 2627 3321 magis
2655 3252 3024 3307 horrendum?
3069 3253 3277 3306 Etenim
3323 3250 3563 3305 Ecclesia
3598 3259 3726 3304 tunc
3754 3262 3875 3305 erat

2270 3344 2481 3407 caelum,
2510 3343 2709 3413 Spiritu
2736 3354 2924 3398 saneto
2949 3343 3126 3397 omnia
3158 3352 3398 3412 regente,
3428 3352 3482 3396 et
3503 3357 3872 3410 unumquem-

2270 3449 2374 3503 que
2394 3450 2459 3489 ex
2487 3436 2549 3488 iis
2583 3435 2672 3504 qui
2705 3446 2969 3504 prmerant
3001 3444 3252 3489 movente
3293 3443 3348 3488 et
3396 3449 3425 3487 a
3474 3433 3584 3486 Deo
3624 3433 3873 3487 afflatum

2270 3524 2549 3580 reddente.
2596 3525 2701 3579 Sed
2749 3540 2891 3579 nunc
2937 3525 3149 3579 illorum
3199 3523 3463 3577 donorum
3508 3522 3758 3592 symbola
3807 3538 3873 3577 ac

2270 3621 2419 3684 signa
2462 3625 2665 3670 tantum
2718 3625 2981 3670 tenemus.
3023 3616 3153 3669 Nam
3195 3630 3338 3669 nunc
3367 3630 3579 3684 quoque
3622 3614 3731 3669 duo
3778 3626 3875 3669 aut

2271 3715 2380 3762 tres
2404 3707 2653 3771 dicimus,
2683 3717 2739 3763 et
2766 3707 3019 3771 vicissim,
3047 3718 3101 3763 et
3127 3708 3234 3761 alio
3264 3716 3472 3762 tacente
3493 3707 3628 3759 alius
3657 3706 3873 3778 incipit;

2270 3799 2363 3854 sed
2398 3799 2511 3853 hmo
2554 3810 2679 3854 sunt
2728 3808 2933 3853 tantum
2984 3799 3195 3853 illorum
3231 3800 3380 3869 signa
3407 3809 3459 3853 et
3489 3813 3870 3855 monumenta.

2271 3892 2561 3961 Propterea
2602 3892 2817 3961 quando
2865 3892 3225 3959 inceperimus
3264 3891 3478 3955 dicere,
3525 3892 3759 3960 populus
3787 3907 3877 3946 re—

2269 3984 2521 4053 spondet,
2550 3984 2752 4052 Spiritu
2794 3993 2919 4037 tuo:
2952 3983 3246 4038 ostendens
3271 3983 3414 4052 quod
3444 3982 3572 4037 olim
3606 3984 3688 4038 sic
3718 3983 3876 4039 dice-

2270 4076 2420 4142 bant,
2451 4069 2556 4129 noit
2599 4090 2691 4127 sua
2726 4075 2855 4128 moti
2888 4075 3171 4144 sapientia,
3216 4074 3309 4130 sed
3354 4075 3575 4145 Spiritu.
3608 4075 3719 4130 Sed
3763 4092 3875 4131 non

2270 4182 2411 4222 nunc
2432 4184 2445 4233 ;
2468 4166 2535 4222 de
2558 4181 2643 4221 me
2660 4165 2769 4235 jam
2793 4166 3001 4233 loquor.

2342 4260 2395 4313 5.
2418 4258 2522 4313 Sed
2550 4259 2788 4312 Ecclesia
2813 4264 2954 4311 nunc
2974 4268 3057 4312 est
3085 4258 3275 4311 similis
3303 4256 3533 4319 mulieri,
3562 4272 3684 4325 qua:
3718 4276 3757 4332 ιι,
3784 4274 3879 4312 ve-

2274 4350 2373 4403 teri
2403 4350 2755 4419 prosperitate
2783 4349 3017 4411 excidit,
3049 4358 3103 4403 et
3128 4349 3312 4402 multis
3335 4348 3386 4401 in
3417 4348 3546 4402 locis
3575 4355 3692 4407 sola
3725 4364 3879 4411 tenet

2272 4443 2511 4513 symbola
2537 4444 2770 4513 antiqua:
2797 4443 2936 4496 illius
2963 4439 3251 4503 felicitatis,
3276 4448 3329 4493 et
3364 4442 3638 4496 monilium
3670 4461 3879 4505 aureo.-

2273 4550 2391 4589 rum
2422 4535 2638 4605 quidem
2668 4534 2811 4587 solas
2836 4529 3070 4587 ostendit
3099 4529 3280 4585 thecas
3308 4541 3358 4585 et
3386 4533 3595 4589 arculas
3617 4577 3630 4598 ,
3665 4536 3880 4593 divitiis

2272 4638 2450 4681 autem
2482 4636 2563 4680 est
2594 4626 2797 4693 privata
2829 4641 2840 4676 :
2876 4623 2923 4678 ei
2956 4639 3096 4679 nunc
3138 4624 3374 4680 Ecclesia
3402 4637 3486 4682 est
3514 4629 3729 4685 similis.
3765 4633 3876 4688 Ne-

2273 4732 2377 4785 que
2421 4716 2523 4770 hoc
2564 4715 2737 4770 solum
2778 4713 2898 4770 dico
2939 4726 3161 4785 propter
3197 4717 3369 4781 dona;
3414 4732 3520 4772 nou
3550 4721 3695 4774 enim
3727 4736 3881 4777 esset

2273 4820 2453 4876 grave,
2486 4806 2529 4860 si
2568 4807 2667 4861 hoc
2704 4806 2877 4861 solum
2914 4817 3086 4873 esset;
3128 4807 3222 4861 sed
3262 4808 3422 4861 etiam
3457 4817 3680 4877 propter
3706 4812 3879 4867 vitam

2275 4906 2328 4952 et
2357 4900 2627 4955 virtutem.
2673 4898 2805 4953 Nam
2847 4909 2902 4953 et
2943 4898 3223 4953 viduarum
3264 4912 3539 4958 numerus.
3574 4907 3627 4953 et
3669 4901 3880 4957 chorus

2274 4992 2536 5062 virginum
2585 5003 2710 5047 tunc
2754 5007 3003 5062 magnum
3037 4998 3413 5045 ornamentum
3445 4991 3725 5061 praebebat
3776 4996 3881 5050 Ec-

2275 5085 2452 5140 elesiis
2480 5102 2493 5138 :
2524 5101 2665 5139 nunc
2708 5092 2885 5138 autem
2928 5084 2995 5137 ab
3034 5082 3098 5134 iis
3147 5080 3389 5136 Ecclesia
3436 5083 3646 5139 deserta
3694 5096 3786 5139 est
3828 5097 3883 5139 et

2275 5179 2582 5241 exinanita,
2628 5184 2685 5232 et
2731 5176 2845 5230 sola
2895 5182 3114 5227 manent
3157 5173 3327 5243 signa.
3375 5173 3509 5229 Nam
3553 5184 3681 5230 sunt
3732 5192 3882 5231 nunc

2276 5285 2488 5339 quoque
2514 5268 2711 5332 viduae,
2751 5274 2875 5320 sunt
2916 5274 2971 5318 et
2994 5264 3271 5336 -virgines;
3310 5267 3403 5321 sed
3433 5282 3511 5322 ea:
3538 5282 3645 5321 non
3672 5267 3883 5323 habent

2278 5363 2424 5417 illum
2451 5372 2721 5426 ornatum,
2745 5373 2900 5428 quem
2926 5357 3122 5415 habere
3152 5369 3426 5430 oporteret
3454 5375 3546 5415 eas
3572 5374 3696 5428 qua:
3723 5374 3787 5414 se
3812 5362 3880 5415 ad

2279 5457 2396 5511 haec
2422 5463 2678 5525 pararunt
2705 5451 3021 5507 certamina.
3054 5452 3327 5507 Eximium
3361 5452 3508 5508 enim
3536 5449 3766 5519 virginis
3797 5462 3881 5509 est

2280 5547 2533 5602 indicium
2557 5588 2572 5612 ,
2602 5543 2743 5613 quod
2770 5543 2838 5599 de
2868 5543 2934 5599 iis
2964 5553 3170 5599 tantum
3196 5557 3318 5614 qua;
3342 5550 3468 5599 sunt
3500 5540 3592 5596 Dei
3620 5540 3694 5599 sit
3718 5543 3876 5599 solli-

2282 5622 2407 5707 cita,
2444 5652 2497 5694 et
2536 5639 2599 5693 ad
2640 5639 2803 5692 Deum
2846 5635 3169 5710 precandum
3211 5635 3476 5694 indivulse
3510 5634 3753 5692 assideat
3787 5649 3878 5695 εει
