4076 6336
209 307 314 366 ιιι

223 427 443 494 ἐαυτῷ
477 427 548 480 δὲ
575 427 831 481 λαλείτω
878 425 976 479 καὶ
1025 424 1104 489 τῷ
1157 424 1298 492 Θεῷ.
1332 427 1396 482 Εἰ
1428 426 1503 498 μὴ
1533 425 1792 495 καρτερεῖ

215 519 389 586 σιγᾷν,
439 515 630 584 φησὶν,
675 513 791 568 ἀλλ’
824 513 999 576 οὕτως
1041 514 1160 566 ἐστὶ
1189 514 1472 585 φιλότιμος
1505 515 1599 567 καὶ
1633 512 1790 566 κενό-

211 603 378 669 δοξος,
431 601 550 657 καθ’
600 600 788 655 ἐαυτὸν
829 601 1166 670 φθεγγέσθω.
1223 601 1386 654 "nm
1425 600 1576 671 αὐτῷ
1620 599 1794 668 τούτῳ

215 689 454 760 μάλιστα
473 687 551 760 τῷ
581 687 753 752 οὕτως
783 686 1072 758 ἐπιτρέψαι
1103 686 1376 742 ἐκώλυσεν
1399 687 1686 759 ἐντρέψας.

279 887 347 942 δ’.
379 883 532 959 [338]
560 887 626 940 ’0
647 885 740 941 καὶ
764 884 1000 956 ἀλλαχοῦ
1017 887 1164 939 ποιεῖ
1185 887 1431 959 περὶτῆς
1450 885 1588 956 πρὸς
1608 884 1794 954 γυναί-

211 993 284 1029 κα
317 974 537 1042 ὁμιλίας
557 973 964 1045 διαλεγόμενος,
986 974 1080 1028 καὶ
1113 974 1309 1042 λέγων·
1341 975 1522 1030 Τοῦτο
1549 973 1618 1027 δὲ
1639 972 1795 1043 λέγω

211 1063 310 1117 διὰ
340 1061 459 1131 τήν
484 1061 791 1130 ἀκρασίαν
816 1060 1000 1131 ὑμῶν.
1042 1061 1186 1114 Ἀλλ’
1213 1061 1313 1130 οὐχ
1342 1061 1432 1114 ὅτε
1485 1061 1618 1129 περὶ
1663 1076 1795 1129 προ-

211 1147 441 1220 φητείας
471 1148 674 1217 ἔλεγεν,
699 1147 872 1211 οὔτως
916 1142 1090 1212 εἷπεν,
1117 1145 1256 1201 ἀλλά
1285 1148 1434 1211 πῶς;
1481 1147 1795 1200 Ἐπιτακτι-

209 1235 323 1297 κῶς
378 1235 477 1289 καὶ
531 1233 929 1306 νομοθετικιῖκ·
981 1233 1286 1303 Προφῆται
1317 1234 1385 1286 δὲ
1421 1233 1530 1287 δύο
1561 1233 1599 1302 ἢ
1637 1232 1796 1300 τρεῖς

207 1321 609 1376 λαλείτωσαν.
646 1321 758 1376 Καὶ
810 1319 1050 1390 οὐδαμοῦ
1111 1323 1205 1374 τὸν
1263 1320 1511 1391 ἐρμηνέα
1559 1319 1795 1374 ἐνταῦθα

210 1411 395 1483 ζητεῖ,
414 1410 534 1464 οὐδὲ
565 1409 908 1480 ἐπιστομίζει
939 1410 1030 1463 τὸν
1069 1409 1510 1480 προφητεύοντα,
1543 1408 1794 1478 καθάπερ

210 1501 329 1553 ἐκεῖ
357 1499 553 1567 λέγων,
620 1498 761 1553 Ἐὰν
797 1497 885 1566 μὴ
939 1492 980 1568 ᾗ
1036 1496 1489 1565 διερμηνευτής,
1548 1495 1789 1566 σιγάτω,

209 1585 344 1640 Οὐδὲ
379 1586 490 1657 γάρ
515 1584 798 1655 αὐτάρκης
840 1586 868 1638 ὁ
917 1586 984 1655 τῇ
1039 1583 1254 1654 γλώττῃ
1287 1582 1483 1638 λαλῶν.
1517 1583 1713 1653 Διόπερ
1744 1585 1793 1637 εί

212 1671 314 1741 μέν
343 1687 429 1734 τις
465 1670 752 1741 ἀμφότερα
779 1669 892 1742 ἔχει
919 1669 987 1724 τὰ
1008 1671 1349 1741 χαρίσματα,
1383 1670 1633 1724 λαλείτω·
1665 1670 1792 1724 εἰδὲ

207 1759 308 1811 οὐκ
335 1758 474 1827 ἔχει,
520 1758 663 1811 θέλει
689 1759 746 1812 δὲ
777 1757 1132 1827 φθέγγεσθαι,
1162 1758 1305 1826 μετὰ
1336 1757 1431 1810 τοῦ
1462 1757 1792 1828 ἑρμηνεύονο

205 1863 300 1910 τος
328 1847 492 1901 τοῦτο
511 1848 757 1902 ποιείτω.
785 1848 896 1901 Καὶ
922 1847 1032 1918 γὰρ
1068 1849 1096 1900 ό
1135 1847 1419 1918 προφήτης
1451 1847 1794 1918 ἑρμηνευτής

209 1936 381 1997 ἐστιν,
417 1935 554 1988 ἀλλά
592 1935 685 1988 τοῦ
711 1934 869 2000 Θεοῦ,
911 1935 975 1987 σύ
1004 1935 1062 1986 δὲ
1094 1933 1185 1988 τοῦ
1211 1934 1522 2005 ἀνθρώπου.
1560 1935 1696 1988 Ἐὰν
1729 1933 1797 1987 δὲ

205 2023 290 2092 μὴ
319 2016 364 2092 ᾖ
391 2022 850 2091 διερμηνευτὴς,
880 2022 1125 2090 σιγάτω,
1160 2021 1325 2074 Οὐδὲν
1354 2023 1464 2091 γὰρ
1501 2022 1582 2075 δεῖ
1608 2039 1796 2090 περιτ-

209 2110 319 2173 τῶς
379 2109 649 2178 γίνεσθαι,
711 2109 831 2162 οὐδὲ
873 2109 1009 2180 πρὸς
1060 2109 1392 2180 φιλοτιμίαν.
1457 2107 1684 2173 Ἑαυτῷ
1729 2109 1799 2161 δὲ

209 2200 468 2253 ,λαλείτω
498 2197 598 2252 καί
631 2197 712 2263 τῷ
753 2195 893 2263 Θεῷ·
923 2197 1195 2257 τουτέστι.
1252 2197 1397 2252 κατὰ
1448 2196 1711 2260 διάνοιαν,
1761 2195 1794 2266 ἢ

211 2285 393 2355 ήρέμα
428 2286 523 2338 καὶ
547 2284 811 2355 ἀψοφητὶ,
843 2283 897 2336 εἴ
920 2301 984 2353 γε
1009 2283 1283 2344 βούλεται.
1307 2285 1380 2338 Οὐ
1409 2284 1516 2355 γὰρ
1541 2283 1605 2354 δὴ
1638 2299 1799 2352 νομο-

211 2371 498 2434 θετοῦντος
546 2370 704 2423 τοῦτό
755 2372 927 2434 ἐστιν,
983 2371 1120 2424 ἀλλὰ
1151 2372 1292 2442 τάχα
1324 2372 1417 2425 καὶ
1446 2370 1798 2441 ἐντρέποντος

215 2457 417 2528 μᾶλλον
443 2458 532 2510 διὰ
576 2459 674 2527 τῆς
715 2457 1139 2528 συγχωρήσεως,
1175 2457 1364 2528 ὥσπερ
1388 2458 1516 2511 ὅταν
1547 2455 1705 2530 λέγῃ,
1732 2456 1800 2509 El

210 2541 277 2593 δέ
303 2558 393 2604 τις
417 2539 615 2604 πεινᾷ,
659 2539 728 2591 ἐν
773 2540 916 2604 οῖκῳ
953 2539 1224 2592 ἐσθιέτω·
1264 2541 1358 2593 καὶ
1391 2540 1562 2593 δοκῶν
1590 2556 1800 2607 συγχω-

214 2627 347 2698 ρεῖν,
377 2625 705 2696 δριμύτερον
758 2625 907 2695 αὐτῷ
960 2625 1136 2695 τούτῳ
1190 2626 1553 2680 καθάπτεται.
1587 2628 1662 2678 Οὐ
1690 2626 1800 2695 γάρ

212 2711 300 2764 διά
325 2711 486 2763 τοῦτο
516 2711 866 2782 συνέρχεσθε,
891 2713 1079 2782 φησὶν,
1101 2714 1191 2766 ἵνα
1209 2713 1421 2782 δείξητε
1451 2713 1531 2765 ὅτι
1555 2713 1800 2784 χάρισμα

213 2800 392 2866 ἔχετε,
424 2797 540 2850 ἀλλ’
568 2797 657 2851 ἴνα
684 2797 1006 2867 οἱκοδομῆτε
1031 2801 1157 2863 τοὺς
1186 2800 1504 2862 ἀκούοντας·
1545 2801 1682 2868 ὅπερ
1708 2800 1802 2851 καλ⁵

213 2885 519 2955 ἀρχόμενος
566 2881 709 2948 εἶπε,
744 2885 948 2938 Πάντα
977 2877 1128 2953 πρὸς
1165 2887 1490 2956 οἰκοδομὴν
1521 2885 1797 2956 γινέσθω.

214 2971 522 3040 Προφῆται
554 2970 622 3023 δὲ
645 2971 754 3024 δύο
786 2973 822 3039 ἣ
853 2972 1007 3038 τρεῖς
1051 2975 1448 3036 λαλείτωσαν,
1479 2973 1573 3026 καί
1607 2975 1660 3025 οε
1693 2974 1800 3025 ἄλο

213 3061 312 3114 ,ιοι
351 3058 844 3125 διακρινέτωσαν.
905 3059 1160 3128 Οὐδαμοῦ
1210 3059 1272 3111 τὸ
1325 3060 1579 3112 πλεῖστον
1628 3076 1803 3131 προσ-

216 3147 382 3217 έθηκε
404 3146 660 3216 καθάπερ
686 3145 778 3199 ἐπὶ
794 3145 906 3199 τῶν
925 3145 1202 3215 γλωττῶν.
1222 3147 1334 3201 Καὶ
1353 3147 1405 3201 τί
1425 3147 1584 3201 τοῦτό
1606 3165 1771 3218 φησιν
1788 3165 1801 3211 ;

215 3235 339 3287 οὐδὲ
370 3233 481 3304 γάρ
525 3232 624 3302 τὴν
674 3233 1013 3303 προφητείαν
1057 3233 1307 3304 αὐτάρκη
1340 3235 1632 3297 δείκνυσιν,
1663 3235 1802 3302 εἴγε

216 3318 400 3382 ἀλλοις
421 3317 710 3388 ἐπιτρέπει
733 3318 833 3389 τὴν
863 3319 1064 3390 κρίσιν.
1095 3319 1310 3390 Σφόδρα
1341 3320 1441 3389 μὲν
1467 3316 1561 3373 οὖν
1591 3320 1802 3390 αὐτάρο

217 3421 343 3475 κης·
376 3403 500 3456 ούδέ
534 3405 643 3475 γὰρ
673 3407 1036 3476 ἐπεστόμισεν
1067 3407 1232 3460 αὐτὸν
1271 3407 1525 3478 καθάπερ
1569 3409 1801 3471 ἐκεῖνον,

216 3493 318 3546 οὐκ
360 3489 513 3553 δντος
569 3493 990 3562 ἐρμηνεύοντος·
1040 3493 1163 3546 οὐδὲ
1218 3492 1406 3564 ὥσπερ
1456 3494 1544 3546 ἐπ’
1591 3495 1804 3548 ἐκείνου

217 3575 394 3642 εἶπεν,
436 3578 580 3631 Ἐὰν
604 3577 692 3645 μὴ
720 3573 762 3648 ᾖ
808 3581 842 3632 ό
891 3578 1345 3647 διερμηνευτὴς,
1378 3579 1624 3647 σιγάτω,
1661 3582 1806 3634 οὕτω

217 3667 313 3719 καὶ
345 3664 444 3718 ἐπὶ
468 3663 682 3729 τούτου,
721 3665 846 3718 Ἐὰν
883 3666 958 3734 μὴ
1083 3667 1111 3718 ό
1140 3665 1452 3735 διακρίνων,
1487 3666 1562 3735 μὴ
1593 3684 1806 3738 προφη-

215 3751 446 3814 τευέτω.
487 3750 622 3804 ἀλλ”
648 3749 988 3819 ἠσφαλίσατο
1022 3749 1182 3819 μόνον
1207 3751 1300 3804 τὸν
1324 3752 1624 3822 ἀκροατήν.
1661 3753 1807 3823 Πρὸς

217 3839 326 3909 γὰρ
349 3835 451 3908 τὴν
478 3835 588 3890 τῶν
616 3834 922 3890 ἀκουόντων
947 3836 1320 3908 πληροφορίαν
1361 3837 1520 3890 τοῦτο
1559 3839 1803 3909 εἴρηκεν,

218 3925 359 3979 ὥστε
392 3923 469 3994 μή
491 3923 875 3994 παρεμπεσεῖν
902 3923 1109 3992 μεταξύ
1141 3923 1357 3992 μάντιν.
1386 3923 1557 3976 Τοῦτο
1577 3926 1684 3994 γὰρ
1709 3927 1806 3978 καὶ

217 4011 524 4082 ἀρχόμενος
567 4008 933 4079 φυλάττεσθαι
979 4009 1252 4074 ἐκέλευεν,
1283 4011 1372 4064 ὅτε
1415 4011 1678 4080 μαντείας
1710 4014 1806 4066 καὶ

218 4096 558 4166 προφητείας
583 4095 848 4165 διαίρεσιν
873 4096 1158 4166 είσήγαγε,
1192 4098 1287 4151 καὶ
1315 4096 1412 4150 νῦν
1440 4098 1573 4151 αὐτὸ
1593 4099 1806 4170 διακρί-

216 4201 328 4236 νειν
357 4181 572 4235 κελεύει
615 4183 709 4234 καὶ
762 4184 1008 4245 σκοπεῖν,
1052 4181 1194 4235 ὥστε
1253 4185 1414 4254 μήτι
1448 4187 1804 4256 παρεισδῦναι

215 4269 542 4326 διαϐολικόν.
580 4268 723 4323 Ἐὰν
747 4269 818 4322 δὲ
847 4269 1016 4333 ἄλλῳ
1037 4271 1447 4340 ἀποκαλυφθῇ
1470 4274 1802 4342 καθημένῳ,

217 4359 250 4411 ό
280 4355 514 4425 πρῶτος
551 4354 792 4424 οιγάτω.
831 4357 1104 4410 Δύνασθε
1137 4356 1246 4426 γὰρ
1281 4358 1420 4413 καθ’
1439 4359 1549 4411 ἕνα
1580 4359 1803 4424 πάντες

217 4447 639 4516 προφητεύειν,
669 4447 772 4500 ἵνα
799 4445 1025 4512 πάντες
1049 4446 1421 4514 μανθάνωσι,
1455 4449 1554 4503 καὶ
1579 4450 1803 4516 πάντες

216 4532 706 4601 παρακαλῶνται.
745 4531 812 4584 Τί
841 4532 972 4584 ποτέ
997 4534 1112 4584 ἐστι
1142 4534 1300 4587 τοῦτο
1350 4535 1413 4588 τὸ
1471 4537 1798 4607 εἰρημένονς

218 4620 280 4672 El
315 4616 756 4687 προφητεύοντός
808 4634 925 4684 σου,
982 4619 1138 4688 φησὶ,
1168 4620 1264 4673 καὶ
1303 4621 1700 4692 φθεγγομένου,
1742 4627 1803 4678 τὸ

217 4705 438 4775 πνεῦμα
464 4702 559 4756 τοῦ
594 4703 789 4774 ἐτέρου
836 4704 1156 4777 διεγείρειεν
1202 4706 1386 4772 αὐτὸν,
1433 4708 1559 4776 σίγα
1591 4710 1796 4765 λοιπόν.

217 4791 398 4861 Ὅπερ
421 4789 533 4859 γὰρ
559 4784 715 4843 εἶπεν
748 4792 843 4844 ἐπὶ
867 4791 975 4844 τῶν
1000 4792 1281 4860 γλωττῶν,
1306 4794 1468 4849 τοῦτο
1503 4797 1596 4850 καὶ
1617 4798 1801 4851 ἐνταῦ-

217 4877 283 4932 θα
314 4879 544 4931 ἀπαιτεῖ
569 4876 630 4929 τὸ
675 4877 780 4930 ἀνὰ
838 4877 1024 4948 μέρος,
1059 4878 1196 4931 ἀλλὰ
1241 4879 1492 4953 θειότερα
1542 4883 1796 4936 ἐνταῦθα·

216 4965 276 5019 οὐ
297 4965 408 5037 γὰρ
431 4963 606 5030 εἶπεν,
641 4965 773 5018 Ἀνὰ
805 4965 992 5036 μέρος,
1018 4966 1154 5030 ἀλλ’,
1203 4968 1339 5022 Ἐὰν
1377 4970 1545 5036 ἄλλῳ
1572 4972 1802 5026 ἀποκα-

213 5050 443 5121 λυφθῇ.
466 5051 532 5104 Τί
549 5049 660 5122 γὰρ
676 5051 842 5121 ἐχρῆν
875 5051 1080 5116 λοιπὸν,
1107 5054 1300 5106 τούτου
1324 5057 1645 5127 κινουμένου
1665 5059 1801 5128 πρὸς

215 5137 575 5209 προφητείαν,
596 5138 803 5191 ἐκεῖνον
827 5136 1009 5204 λέγειν
1031 5155 1045 5202 ;
1075 5135 1216 5191 Ἀλλ’
1232 5142 1577 5214 ἀμφοτέρους
1593 5146 1763 5216 ἐχρῆν
1784 5165 1799 5214 ;

228 5225 369 5279 Ἀλλ’
394 5224 620 5288 ἄτοπον,
647 5223 744 5277 καὶ
763 5223 1027 5294 σύγχυσιν
1043 5222 1184 5293 ἔχον.
1203 5227 1364 5281 Ἀλλὰ
1381 5229 1474 5282 τὸν
1503 5231 1797 5302 πρότερονς

224 5311 386 5365 Ἀλλὰ
409 5312 504 5364 καὶ
533 5307 692 5365 τοῦτο
705 5309 923 5364 ﬁam.
945 5309 1045 5362 Διά
1061 5311 1169 5381 γάρ
1187 5312 1365 5379 τοῦτο,
1383 5315 1632 5383 λέγοντος
1654 5320 1802 5373 ἐκεί-

214 5415 328 5463 νου,
357 5395 553 5451 τοῦτον
578 5395 749 5449 ἐκίνει
773 5395 834 5449 τὸ
859 5396 1106 5467 Πνεῦμα,
1127 5398 1215 5451 ἵνα
1247 5416 1299 5452 τι
1337 5402 1431 5454 καὶ
1467 5399 1620 5467 οὗτος
1647 5407 1796 5476 εἴπῃ.

214 5480 348 5539 Εἶτα
383 5483 879 5556 παραμυθούμενος
899 5484 993 5537 τὸν
1012 5487 1490 5558 ἐπιστομισθέντα,
1519 5493 1669 5561 φησί·
1694 5495 1802 5547 Δύ-

201 5573 400 5627 ονασθε
419 5573 531 5640 τὰρ
551 5572 680 5628 καθ’
707 5570 818 5625 ἕνα
840 5569 1062 5638 πάντες
1078 5578 1496 5642 προφητεύειν,
1522 5579 1622 5634 ἵνα
1647 5580 1798 5634 πάν-

217 5675 306 5726 τες
321 5657 713 5728 -μανθάνωσι,
747 5656 847 5714 καί
870 5656 1093 5726 πάντες
1121 5663 1600 5728 παρακαλῶνται.
1634 5667 1799 5740 Ὁρᾷς

1245 309 1309 363 IN
1348 309 1562 366 EPIST.
1606 310 1628 364 l
1667 308 1760 363 AD
1790 304 1949 362 COR.
1992 306 2230 363 HOMIL.
2269 311 2511 367 XXXVI.

3364 311 3472 366 313
3537 373 3541 375 _

1902 423 2020 486 πῶς
2061 425 2226 479 πάλιν
2263 426 2360 496 τὴν
2402 428 2583 481 αἰτίαν
2642 427 2791 500 [559]
2830 427 3032 495 τίθησι,
3078 426 3144 479 δι’
3179 427 3247 496 ἢν
3293 427 3467 482 πάντα

1897 513 2080 570 ποιεῖς
2120 513 2181 565 El
2216 512 2326 582 γὰρ
2356 514 2447 567 τὸν
2474 513 2749 581 γλώσσαις
2795 513 3062 568 λαλοῦντα
3095 511 3328 566 καθόλου
3357 530 3469 565 κων

1895 597 2012 650 λύει
2039 598 2241 667 λέγειν,
2273 600 2400 654 ὅταν
2424 601 2668 672 ἑρμηνέα
2699 602 2772 671 μὴ
2805 602 2925 674 ἔχῃ,
2953 601 3042 654 διά
3077 599 3138 653 τὸ
3167 599 3466 669 ἀνωφελὲς,

1895 685 2122 750 εἰκότως
2151 686 2242 739 καὶ
2269 688 2628 758 προφητείαν,
2656 688 2722 740 ἂν
2757 688 2831 757 μὴ
2861 687 3018 740 τοῦτο
3041 687 3159 758 ἔχῃ,
3184 685 3320 739 ἀλλὰ
3347 685 3471 753 σύγ·

1895 789 2050 841 χυσιν
2077 775 2204 844 ποιῇ
2241 775 2335 826 καὶ
2365 775 2610 846 ταραχὴν
2652 775 2748 829 καὶ
2799 773 3026 846 θόρυϐον
3056 773 3301 845 ἄκαιρον,
3333 788 3467 826 κατ-

1896 859 2038 929 έχειν
2065 859 2297 913 κελεύει.
2322 861 2429 915 Καὶ
2459 863 2772 931 πνεύματα
2801 859 3120 931 προφητῶν
3139 859 3470 930 προφήταις

1895 945 2326 1002 ὑποτάσσεται.
2371 945 2524 1013 Εἶδες
2566 950 2682 1014 πῶς
2717 950 3007 1020 ἐνέτρεψεν
3049 947 3213 1001 αὐτὸν
3239 948 3470 1008 εὐτόνως

1896 1033 1991 1085 καὶ
2020 1034 2267 1105 φοϐερῶς
2291 1034 2436 1101 ;”Ίνα
2465 1037 2574 1108 γάρ
2601 1035 2675 1108 μὴ
2702 1036 3004 1106 φιλονεικῇ,
3043 1035 3179 1106 μηδέ
3204 1033 3470 1104 στασιάζῃ

1893 1120 2248 1189 όάνθρωπος,
2300 1123 2433 1175 αὐτὸ
2479 1123 2539 1175 τὸ
2572 1123 2818 1194 χάρισμα
2864 1122 3134 1174 δείκνυσιν
3168 1119 3472 1173 ὑποτασσό-

1898 1223 2077 1276 μενον·
2118 1207 2337 1279 πνεῦμα
2375 1209 2485 1278 γὰρ
2509 1209 2744 1262 ἐνταῦθα
2772 1208 2871 1279 τὴν
2894 1207 3181 1278 ἐνέργειαν
3202 1207 3375 1275 λέγει.
3410 1206 3472 1259 Εἰ

1893 1291 1950 1346 δὲ
1976 1293 2038 1346 τὸ
2069 1294 2286 1366 πνεῦμα
2329 1295 2718 1361 ὑποτάσσεται,
2762 1294 2943 1364 πολλῷ
2983 1292 3181 1364 μᾶλλον
3217 1292 3279 1344 σὺ
3309 1293 3338 1345 ό
3375 1308 3472 1344 κε-

1895 1380 2168 1450 κτημένος
2193 1383 2294 1434 οὐκ
2324 1383 2390 1435 ἂν
2411 1383 2527 1454 εἴης
2556 1382 2763 1444 δίκαιος
2791 1380 3134 1449 φιλονεικεῖν.
3184 1373 3316 1431 Εἶτα
3366 1376 3474 1441 δεί-

1897 1484 2087 1520 κνυσιν
2114 1468 2196 1522 ὄτι
2229 1469 2326 1523 καὶ
2349 1469 2428 1539 τῷ
2457 1467 2576 1539 θεῷ
2622 1468 2782 1521 τοῦτο
2807 1467 2975 1529 δοκεῖ,
3000 1465 3225 1532 ἐπάγων
3271 1465 3364 1516 καὶ
3385 1462 3473 1515 λέ-

1894 1568 2028 1620 γων·
2052 1555 2134 1606 οὐ
2165 1553 2284 1624 γάρ
2298 1557 2470 1608 ἐστιν
2485 1554 2937 1618 ἀκαταστασίας
2967 1556 2998 1606 ό
3020 1553 3180 1616 Θεὸς,
3205 1552 3366 1605 ἀλλὰ
3391 1551 3475 1602 ει-

1887 1636 2105 1707 ρήνης,
2129 1638 2209 1705 ὡς
2226 1639 2297 1692 ἐν
2321 1640 2547 1705 πάσαις
2569 1639 2701 1705 ταῖς
2731 1640 3126 1707 Ἐκκλησίαις
3145 1637 3264 1691 τῶν
3292 1637 3477 1706 ἁγίων

1895 1725 2179 1780 διδάσκω.
2221 1723 2375 1789 Εῐδες
2413 1726 2478 1778 δι’
2522 1727 2663 1779 ὅσων
2714 1726 2922 1795 ήγαγεν
2969 1725 3133 1778 αὐτὸν
3179 1725 3258 1782 είς
3295 1723 3473 1791 σιγὴν,

1897 1813 1990 1864 καὶ
2020 1812 2450 1884 παρεμυθήσατο
2474 1813 2688 1884 θατέρῳ
2716 1811 3192 1884 παραχωροῦντας
3234 1810 3304 1862 δι’
3355 1809 3476 1870 ἐνὸς

1901 1900 2001 1968 μὲν
2026 1898 2125 1952 καὶ
2155 1899 2394 1970 πρώτου,
2427 1899 2523 1952 τοῦ
2577 1902 2653 1971 μὴ
2694 1899 2986 1952 ἐκλύεσθαι
3031 1897 3220 1951 τούτου
3253 1895 3478 1965 γινομέ-

1898 2002 2013 2040 νου·
2041 1987 2315 2040 Δύνασθε
2341 1986 2471 2057 γὰρ,
2501 1987 2658 2056 φησὶ,
2689 1985 2819 2039 καθ’
2850 1985 2959 2038 ἕνα
2987 1985 3210 2050 πάντες
3247 1996 3478 2052 προφη-

1898 2075 2115 2128 τεύειν·
2145 2074 2213 2126 δι’
2238 2075 2425 2145 ἐτέρου
2462 2074 2520 2127 δὲ
2548 2073 2642 2126 τοῦ
2674 2071 2769 2126 καὶ
2793 2071 2872 2142 τῷ
2895 2071 3175 2142 Πνεύματι
3204 2069 3363 2122 τοῦτο
3390 2068 3447 2122 δο
3465 2096 3479 2108 ·

1899 2165 2016 2214 κεῖν
2039 2177 2051 2190 ·
2089 2163 2409 2230 Πνεύματα
2434 2161 2543 2231 γὰρ
2575 2159 2902 2228 προφητῶν
2931 2156 3270 2230 προφήταις
3322 2160 3474 2212 ὐποα

1898 2249 2208 2304 τάσσεται·
2246 2249 2382 2316 πρὸς
2421 2248 2632 2312 τούτοις
2676 2247 2754 2318 τῷ
2785 2247 2928 2299 κατά
2954 2248 3182 2318 γνώμην
3214 2246 3306 2298 τοῦ
3341 2244 3476 2297 Θεοῦ

1897 2336 2058 2390 τοῦτο
2092 2334 2263 2389 εἶναι·
2315 2337 2396 2389 Οὐ
2433 2337 2548 2405 γάρ
2584 2339 2760 2391 ἐστιν
2787 2337 3262 2400 ἀκαταστασίας.
3292 2334 3476 2401 φησιν,

1900 2428 1933 2479 ό
1965 2425 2131 2489 Θεὸς,
2152 2423 2332 2478 ’ἀλλὰ
2366 2425 2637 2491 ειρηνης·
2673 2423 2768 2476 καὶ
2800 2425 3062 2494 τετάρτῳ,
3093 2423 3172 2492 τῷ
3207 2421 3478 2489 πανταχοῦ

1899 2514 1997 2584 τῆς
2022 2511 2345 2582 οἰκουμένης
2366 2512 2553 2565 τοῦτον
2588 2513 2811 2582 κρατεῖν
2843 2509 2934 2564 τὸν
2964 2511 3146 2580 νόμον,
3175 2511 3270 2562 καὶ
3315 2507 3480 2577 μηδὲν

1901 2602 2052 2667 ξένον
2093 2602 2277 2663 αὐτοῖς
2316 2600 2722 2654 ἐπιτάττεσθαι.
2753 2600 2917 2653 Οὕτω
2973 2599 3084 2668 γὰρ
3131 2598 3200 2650 ἐν
3232 2595 3478 2659 πάσαις,

1901 2693 2058 2759 φησὶ,
2086 2689 2218 2754 ταῖς
2259 2690 2650 2756 Ἐκκλησίαις
2691 2689 2811 2742 τῶν
2841 2690 3026 2757 ἁγίων
3072 2684 3357 2738 διδάσκω.
3416 2681 3482 2733 Τί

1899 2776 2082 2828 τοίνυν
2116 2774 2556 2845 φρικωδέστερον
2605 2774 2813 2826 τούτων
2861 2775 3057 2841 γένοιτ’
3102 2773 3168 2826 ἂν
3197 2772 3306 2824 τῶν
3338 2787 3482 2841 πρα-

1903 2862 2172 2933 γμάτων;
2213 2861 2326 2916 Καὶ
2353 2861 2462 2932 γὰρ
2510 2861 2737 2931 οὐρανὸς
2784 2862 2818 2929 ή
2862 2861 3155 2929 Ἐκκλησία
3209 2858 3350 2920 τότε,
3389 2855 3484 2908 τοῦ

1905 2949 2225 3019 Πνεύματος
2254 2948 2433 3001 πάντα
2462 2947 2924 3018 δημαγωγοῦντος
2948 2947 3043 2998 καί¹
3065 2946 3172 2998 τῶν
3201 2943 3486 3014 προεστώ-

1904 3056 2011 3091 των
2035 3038 2267 3090 ἕκαστον
2293 3037 2590 3102 κινοῦντος,
2637 3037 2732 3088 καὶ
2775 3034 2961 3087 ἔνθουν
2993 3034 3291 3094 ποιοῦντος.
3324 3031 3486 3083 Ἀλλά

1905 3123 2000 3177 νῦν
2027 3124 2096 3177 τὰ
2125 3123 2371 3195 σύμϐολα
2406 3123 2711 3193 κατέχομεν
2737 3122 2847 3174 τῶν
2877 3119 3234 3192 χαρισμάτων
3259 3118 3486 3170 ἐκείνων

1909 3212 2090 3282 μόνον.
2141 3213 2252 3265 Καὶ
2299 3213 2408 3281 γὰρ
2438 3210 2534 3264 καὶ
2565 3210 2661 3264 νῦν
2712 3210 2806 3263 δύο
2847 3211 2880 3280 ἢ
2921 3211 3068 3279 τρεῖς
3105 3207 3359 3276 λέγομεν,
3394 3207 3488 3258 καὶ

1905 3297 2010 3350 ἀνὰ
2054 3297 2240 3367 μέρος,
2292 3299 2388 3351 καὶ
2427 3297 2616 3368 ἐτέρου
2670 3297 2932 3365 σιγῶντος
2985 3296 3172 3366 ἕτερος
3221 3295 3485 3365 ἄρχεται·

1905 3383 2043 3436 ἀλλὰ
2088 3385 2293 3454 σημεῖα
2341 3382 2521 3436 ταῦτα
2553 3387 2714 3454 μόνον
2754 3384 2903 3435 ἐστὶν
2932 3384 3157 3435 ἐκείνων
3211 3383 3305 3434 καὶ
3357 3382 3489 3432 ὐπο-

1909 3471 2190 3540 μνήματα.
2215 3471 2304 3523 Διὸ
2328 3469 2548 3522 ἐπειδὰν
2574 3469 2874 3540 ἀρξώμεθα
2901 3471 3101 3537 λέγειν,
3128 3471 3157 3521 ὁ
3181 3468 3308 3530 λαὸς
3342 3469 3492 3519 ἀντι-

1907 3559 2226 3627 φθέγγεται,
2274 3560 2366 3628 Τῴ
2414 3558 2695 3629 Πνεύματί
2736 3575 2853 3622 σου,
2905 3559 3123 3620 δεικνὺς
3167 3557 3249 3609 ὃτι
3287 3556 3349 3609 τὸ
3390 3573 3492 3608 πα-

1906 3646 2057 3698 λαιὸν
2082 3644 2256 3708 οὕτως
2283 3645 2488 3713 ἔλεγον,
2504 3646 2604 3699 οὐκ
2626 3645 2805 3714 οἰκείᾳ
2840 3645 3024 3714 σοφίᾳ,
3054 3644 3191 3699 άλλά
3220 3643 3295 3713 τῷ
3324 3644 3491 3697 Πνεύ-

1910 3750 2040 3802 ματι
2079 3732 2410 3802 κινούμενοι.
2448 3731 2590 3784 Ἀλλ’
2616 3731 2738 3801 οὐχὶ
2769 3730 2886 3784 νῦν·
2936 3731 2999 3783 τὸ
3056 3729 3297 3800 ἐμαυτοῦ
3347 3729 3490 3798 λέγω

1907 3822 2068 3882 τέως.

1976 4021 2037 4066 ε’.
2072 4013 2210 4065 Ἀλλ’
2226 4012 2402 4066 ἔοικεν
2419 4014 2450 4081 ἡ
2479 4011 2774 4083 Ἐκκλησία
2793 4011 2887 4066 νῦν
2904 4013 3123 4080 γυναικὶ
3138 4013 3234 4083 τῆς
3254 4009 3489 4075 παλαιᾶς

1906 4100 2208 4170 εὐημερίας
2250 4097 2582 4168 ἐκπεσούσῃ,
2631 4099 2726 4151 καὶ
2774 4099 2845 4152 τά
2893 4098 3138 4167 σύμϐολα
3181 4100 3485 4170 κατεχούσῃ

1908 4185 2176 4256 πολλαχοῦ
2216 4186 2377 4255 μόνον
2407 4185 2506 4256 τῆς
2531 4185 2768 4255 ἀρχαίας
2801 4184 3111 4254 εὐπραγίας
3131 4185 3368 4255 ἐκείνης,
3393 4189 3486 4239 καὶ

1905 4274 2003 4335 τὰς
2055 4275 2154 4343 μὲν
2186 4273 2362 4343 θήκας
2391 4272 2500 4324 τῶν
2543 4271 2780 4342 χρυσίων
2818 4271 3236 4344 ἐπιδεικνυμένῃ
3289 4273 3385 4325 καὶ
3417 4273 3486 4327 τὰ

1906 4359 2157 4424 κιϐώτια,
2182 4359 2273 4412 τὸν
2305 4359 2362 4412 δὲ
2391 4359 2620 4411 πλοῦτον
2649 4359 3000 4430 ἀφῃρημένη·
3035 4360 3208 4431 ταύτῃ
3243 4361 3487 4430 προσέοιο

1906 4464 2001 4499 κεν
2054 4449 2088 4517 ή
2140 4447 2436 4516 Ἐκκλησία
2470 4446 2585 4499 νῦν.
2639 4446 2749 4498 Καὶ
2793 4446 2854 4497 οὐ
2894 4448 3250 4518 χαρισμάτων
3301 4449 3484 4501 ἕνεκεν

1903 4533 2061 4586 τοῦτο
2091 4533 2235 4600 λέγω
2255 4548 2268 4561 ·
2301 4532 2420 4585 οὐδὲ
2459 4533 2566 4602 γὰρ
2601 4527 2668 4601 ἧν
2698 4532 2893 4596 δεινὸν,
2930 4537 2978 4586 εἰ
3010 4534 3172 4588 τοῦτο
3201 4531 3269 4604 ἦν
3301 4536 3480 4604 μόνον·

1904 4621 2038 4673 ἀλλὰ
2094 4621 2186 4672 καὶ
2236 4619 2353 4689 βίου
2390 4619 2484 4672 καὶ
2519 4618 2741 4688 ἀρετῆς.
2792 4621 2900 4673 Καὶ
2941 4620 3050 4688 γὰρ
3096 4623 3124 4675 ό
3157 4615 3266 4674 τῶν
3299 4621 3484 4690 χηρῶν

1903 4706 2158 4778 ἀριθμὸς,
2203 4707 2298 4759 καὶ
2335 4709 2364 4760 ό
2403 4706 2511 4758 τῶν
2547 4706 2834 4777 παρθένων
2867 4708 3027 4779 χορὸς
3068 4709 3188 4761 τότε
3239 4709 3340 4778 μὲν
3367 4706 3482 4779 εἶχε

1903 4797 2106 4866 κόσμον
2140 4780 2275 4857 ταῖς
2301 4792 2650 4862 Ἐκκλησίαις
2704 4795 2909 4848 πολύν·
2947 4794 3042 4846 νῦν
3079 4795 3136 4847 δὲ
3189 4795 3481 4866 ἠρήμωται

1903 4887 1996 4936 καὶ
2039 4882 2359 4944 κεκένωται,
2414 4880 2510 4933 καὶ
2543 4881 2612 4935 τά
2644 4881 2887 4951 σύμϐολα
2942 4881 3092 4950 μένει
3142 4881 3324 4952 μόνον.
3361 4886 3485 4938 Εἰσὶ

1906 4971 2004 5038 μὲν
2027 4971 2134 5039 γάρ
2163 4971 2328 5038 χῆραι
2365 4968 2456 5019 καὶ
2480 4965 2599 5030 νῦν,
2635 4969 2743 5020 εἰσὶ
2771 4968 2863 5019 καὶ
2891 4966 3176 5037 παρθένοι,
3222 4970 3335 5022 ἀλλ’
3384 4972 3483 5024 οὐκ

1903 5059 2118 5126 ἔχουσιν
2165 5051 2324 5109 αὗται
2351 5053 2443 5106 τὸν
2483 5053 2687 5124 κόσμον
2718 5055 2947 5119 ἐκεῖνον,
2981 5055 3040 5107 ὃν
3080 5055 3179 5117 τάς
3209 5056 3483 5108 ἀποδυσα-

1905 5145 2070 5214 μένας
2103 5142 2238 5212 πρὸς
2263 5140 2331 5193 τὰ
2359 5139 2582 5193 τοιαῦτα
2617 5140 2972 5213 παλαίσματα
3032 5141 3176 5210 ἔχειν
3207 5143 3334 5212 χρή.
3371 5144 3483 5196 Καὶ

1901 5231 2010 5299 γάρ
2041 5230 2141 5299 τῆς
2186 5227 2459 5298 παρθένου
2495 5228 2556 5280 τὸ
2579 5227 2857 5300 ἐξαίρετον
2887 5227 3038 5300 [540]
3069 5225 3382 5299 γνώρισμα,
3422 5231 3484 5286 τὸ

1900 5322 1967 5374 τὰ
2004 5318 2098 5371 τοῦ
2131 5317 2268 5371 Θεοῦ
2321 5317 2597 5386 μεριμνᾷν
2653 5318 2812 5386 μόνα,
2855 5315 2950 5369 καὶ
2997 5316 3061 5368 τὸ
3117 5317 3484 5389 εὐπρόσεδρον

1900 5404 2347 5475 ἀπερισπάστως·
2373 5402 2468 5454 καὶ
2487 5403 2588 5474 τῆς
2611 5404 2785 5473 χήρας
2805 5402 2904 5471 οὐχ
2932 5401 3077 5456 οὕτω
3105 5404 3165 5457 τὸ
3193 5403 3267 5474 μὴ
3293 5403 3480 5456 δευτέ-

1903 5509 2018 5563 ροις
2050 5491 2307 5560 ὁμιλῆσαι
2351 5488 2554 5559 γάμοις
2601 5491 2799 5558 δεῖγμα
2837 5489 3037 5556 γένοιτ’
3070 5491 3157 5551 ἂν,
3188 5490 3263 5552 ώς
3288 5490 3477 5551 τᾶλλα,

1899 5581 1967 5632 τὰ
1997 5579 2093 5648 τῆς
2110 5576 2434 5646 φιλοξενίας,
2454 5575 2524 5630 τὰ
2549 5576 2647 5645 τῆς
2677 5573 3066 5646 φιλοπτωχίας,
3098 5577 3166 5628 τὰ
3196 5575 3294 5644 τῆς
3340 5576 3486 5645 φιλοο

1903 5666 2197 5737 καρτερίας
2239 5668 2336 5734 τῆς
2389 5666 2446 5716 ἐν
2493 5663 2700 5732 εὐχαῖς,
2734 5663 2913 5719 πάντα
2957 5665 3024 5718 τὰ
3067 5663 3223 5731 ἄλλα,
3255 5661 3292 5715 ἀ
3343 5665 3483 5733 μετὰ
