4076 6336
586 362 695 418 515

586 476 788 546 πολλῆς
826 477 1049 532 ἀπαιτεῖ
1084 479 1183 549 τῆς
1237 481 1520 552 ἀκριϐείας
1582 484 1609 534 6
1662 482 1870 545 Παῦλος
1909 480 2155 549 Τιμοθέῳ

586 559 833 612 γράφων.

584 574 833 630 γραφων.

658 723 787 778 Ἵδοι
821 743 904 788 τις
939 726 1004 780 ἂν
1035 730 1129 782 καὶ
1178 731 1276 794 τὰς
1328 734 1385 784 ἐν
1429 732 1592 801 γάμῳ
1625 729 1821 799 πολλὴν
1851 728 2158 780 ἐπιδεικνυ-

586 808 760 880 μένας
791 811 922 880 παρ’
967 813 1100 882 ἡμῖν
1149 813 1248 884 τὴν
1297 815 1652 885 κοσμιότητα.
1699 812 1837 865 Ἀλλ’
1889 813 1949 864 οὐ
2001 809 2160 862 τοῦτο

585 891 748 960 μόνον
779 894 896 944 ἐστὶ
938 892 998 945 τὸ
1042 894 1395 965 ζητούμενον,
1428 896 1543 949 ἀλλ’
1574 899 1604 964 ἡ
1656 894 1785 963 περὶ⁸
1816 894 1942 956 τοὺς
1967 891 2148 961 δεομέο

583 989 708 1035 νους
742 974 876 1043 μετά
911 975 1145 1046 σπουδῆς
1178 977 1463 1048 θεραπεία,
1504 978 1570 1030 δι’
1603 973 1670 1047 ἧς
1700 979 1754 1030 αἱ
1784 977 2012 1044 ἀρχαῖαι
2052 973 2156 1042 μά-

584 1054 738 1106 λιστα
796 1055 1119 1127 ἀπέλαμπον
1166 1062 1445 1126 γυναῖκες,
1489 1060 1585 1129 οὐχ
1618 1059 1692 1121 ὼς
1739 1059 1795 1112 αἰ
1829 1055 2024 1109 πολλαὶ
2049 1054 2159 1106 τῶν

583 1135 699 1190 νῦν.
730 1137 863 1190 Τότε
894 1139 995 1208 μὲν
1023 1141 1132 1212 γὰρ
1160 1143 1282 1194 ἀντί¹
1313 1142 1514 1213 χρυσοῦ
1549 1142 1637 1194 τὸν
1668 1141 1776 1195 ἀπὸ
1804 1141 1905 1209 τῆς
1932 1139 2161 1207 ἐλεημο-

586 1220 754 1290 σύνης
801 1222 1142 1290 περιέκειντο
1195 1225 1619 1292 καλλωπισμόν·
1675 1224 1791 1276 νυνὶ
1839 1223 1898 1276 δὲ
1939 1223 2160 1291 ἀφεῖσαι

581 1302 763 1365 τοῦτο,
803 1305 1007 1373 σχοινία
1045 1309 1224 1376 χρυσᾶ
1253 1308 1363 1361 ἀπὸ
1392 1309 1489 1376 τῆς
1525 1308 1712 1378 σειρᾶς
1739 1306 1848 1358 τῶν
1879 1303 2161 1374 ἁμαρτιῶν

583 1385 936 1455 πεπλεγμένα
967 1389 1305 1458 πανταχόθεν
1345 1389 1706 1460 περίκεινται.
1762 1389 1916 1442 Εἴπω
1946 1388 2040 1441 καὶ
2069 1387 2162 1439 ἀλ-

584 1467 684 1536 λην
707 1467 883 1537 θήκην
912 1472 1294 1541 κεκενωμένην
1323 1471 1418 1524 τοῦ
1453 1472 1706 1543 πατρῴου
1743 1471 1952 1541 κόσμου
1977 1485 1993 1535 ;
2026 1471 2163 1522 Συν-

583 1550 756 1620 ῄεσαν
795 1550 857 1601 τὺ
899 1552 1131 1605 παλαιὸν
1180 1553 1440 1616 ἅπαντες.
1489 1555 1584 1606 καὶ
1629 1554 1939 1624 ὐπέψαλλον
1984 1555 2158 1623 κοινῇ.

585 1631 757 1684 Τοῦτο
790 1633 1050 1702 ποιοῦμεν
1105 1635 1198 1687 καὶ
1253 1635 1383 1689 νῦν*
1431 1635 1567 1689 ἀλλά
1618 1636 1738 1689 τότε
1778 1636 1877 1706 μὲν
1904 1636 1959 1688 ἐν
1989 1635 2164 1689 ἅπασι

589 1713 686 1782 μία
719 1715 865 1784 ψυχὴ
908 1712 975 1785 ἦν
1026 1718 1121 1768 καί¹
1166 1717 1362 1786 καρδία
1411 1716 1530 1786 μίαν
1570 1717 1689 1769 νυνὶ
1720 1717 1776 1769 δὲ
1815 1717 1934 1770 οὐδὲ
1970 1719 2026 1771 ἐν
2067 1718 2165 1787 μιᾷ

585 1796 730 1867 ψυχῇ
762 1799 859 1867 τὴν
886 1798 1136 1872 ὁμόνοιαν
1171 1800 1383 1870 ἐκείνην
1416 1801 1513 1855 ἴδοι
1541 1819 1624 1864 τις
1653 1803 1741 1862 ἂν,
1774 1801 1910 1855 ἀλλά
1945 1800 2110 1861 πολὺς
2135 1801 2164 1852 6

588 1879 823 1949 πόλεμος
872 1881 1168 1952 πανταχοῦ.
1228 1884 1466 1955 Εἰρήνην
1513 1885 1607 1937 καὶ
1659 1884 1754 1936 νῦν
1797 1886 1962 1937 πᾶσιν
1994 1886 2022 1936 6
2065 1882 2164 1950 τῆς

599 1962 928 2032 Ἐκκλησίας
979 1965 1257 2034 προεστὼς
1300 1967 1612 2036 ἐπεύχεται,
1663 1967 1738 2027 ὡς
1777 1967 1856 2028 είς
1903 1965 2164 2034 πατρῴαν

583 2044 764 2097 οἰκίαν
792 2046 1145 2100 εἰσιών·ἀλλά
1175 2049 1272 2118 τῆς
1300 2049 1522 2117 εἰρήνης
1555 2048 1759 2116 ταύτης
1789 2046 1852 2099 τδ
1875 2047 1972 2115 μὲν
1999 2048 2166 2115 δνομα

586 2127 745 2192 πολὺ,
788 2129 848 2180 τὸ
877 2129 933 2180 δὲ
961 2133 1195 2199 πρᾶγμα
1225 2128 1484 2198 οὐδαμοῦ.
1515 2130 1648 2183 Τότε
1679 2131 1773 2183 καὶ
1797 2131 1851 2181 αἱ
1881 2129 2049 2181 οἰκίαι
2075 2131 2168 2181 ἐκ·

588 2210 808 2278 κλησίαι
841 2206 1003 2280 ἦσαν·
1037 2211 1153 2264 νυνὶ
1181 2211 1237 2264 δὲ
1267 2211 1361 2263 καὶ
1404 2213 1436 2277 ή
1469 2211 1733 2282 ἐκκλησία
1764 2212 1934 2274 οἰκία,
1966 2212 2166 2281 μᾶλλον

577 2291 645 2344 δὲ
671 2295 766 2345 καὶ
793 2294 972 2356 οἰκίας
1011 2294 1190 2365 πάσης
1221 2294 1439 2366 χείρων.
1473 2296 1561 2347 Ἐν
1595 2295 1741 2365 οἰκία
1773 2294 1871 2365 μὲν
1905 2295 2014 2366 γὰρ
2040 2295 2168 2347 πολ-

581 2375 686 2447 ιλὴν
718 2377 811 2430 καὶ
841 2377 1094 2442 εὐταξίαν
1135 2377 1230 2431 ίδοι
1271 2396 1354 2441 τις
1387 2379 1452 2432 ἀν
1479 2395 1492 2409 ·
1530 2379 1624 2432 καὶ
1658 2378 1767 2449 γὰρ
1800 2381 1833 2448 ἡ
1865 2379 2032 2448 κυρία
2065 2379 2168 2447 τῆς

587 2460 766 2521 οἰκίας
799 2461 894 2512 ἐπὶ
935 2461 1028 2513 τοῦ
1077 2461 1264 2533 θρόνου
1300 2461 1533 2533 κάθηται
1569 2462 1707 2532 μετά
1755 2461 2168 2532 εὐσχημοσύνης

595 2543 830 2612 ἀπάσης,
867 2543 959 2597 καὶ
986 2544 1043 2597 αἰ
1069 2544 1452 2614 θεραπαινίδες
1482 2544 1620 2615 μετά
1647 2548 1744 2614 τῆς
1767 2545 1995 2613 ἡσυχίας
2018 2544 2170 2611 ὑφαί-

586 2642 761 2690 νουσι,
791 2625 885 2679 καὶ
915 2626 1022 2680 τῶν
1071 2627 1298 2680 οἰκετῶν
1339 2627 1567 2689 ἕκαστος
1605 2626 1666 2677 τὸ
1700 2625 1993 2695 ἐπιταχθὲν
2034 2627 2169 2695 μετὰ

590 2712 778 2780 χεῖρας
808 2709 942 2779 ἔχει.
974 2709 1242 2762 Ἐνταῦθα
1271 2709 1327 2761 δέ
1378 2709 1546 2769 πολὺς
1585 2709 1614 2759 6
1656 2707 1906 2779 θόρυϐος,
1938 2709 2105 2778 πολλὴ
2135 2711 2167 2778 ή

593 2791 876 2864 σύγχυσις,
928 2792 1024 2842 καὶ
1072 2790 1369 2858 καπηλείου
1419 2789 1570 2844 οὐδὲν
1613 2789 1885 2861 διενήνοχε
1918 2790 1988 2843 τὰ
2037 2792 2167 2860 παρ’

592 2873 741 2941 ἡμῖν·
777 2871 1026 2934 τοσοῦτος
1059 2872 1088 2924 6
1113 2873 1306 2938 γέλως,
1328 2871 1564 2941 τοσαύτη
1591 2873 1624 2941 ή
1654 2873 1886 2943 ταραχὴ,
1916 2872 2169 2944 καθάπερ

592 2954 651 3005 ἐν
684 2953 1006 3021 βαλανείοις,
1039 2954 1290 3024 καθάπερ
1321 2955 1377 3007 ἐν
1403 2955 1630 3026 ἀγοραῖς
1659 2955 1992 3026 κραζόντων,
2011 2956 2171 3024 θορυς

594 3037 831 3090 ϐούντων
859 3038 1132 3091 ἀπάντων.
1199 3038 1310 3092 Καὶ
1339 3037 1514 3091 ταῦτα
1559 3038 1792 3091 ἐνταῦθα
1838 3039 1997 3108 μόνον
2024 3056 2037 3068 ·
2097 3039 2171 3100 ὼς

591 3118 829 3188 ἀλλαχοῦ
854 3120 975 3173 οὐδέ
1005 3123 1326 3191 προσειπεῖν
1367 3121 1457 3173 τὸν
1489 3121 1714 3190 πλησίον
1758 3119 1966 3185 ἔξεστιν
1999 3122 2053 3171 ἐν
2081 3123 2170 3174 ἐκ-

591 3203 814 3273 κλησίᾳ,
845 3201 948 3255 κᾶν
980 3203 1191 3271 χρόνιόν
1225 3220 1307 3266 τις
1332 3203 1582 3275 ἀπολάϐῃ
1610 3203 1702 3256 τὸν
1735 3202 1906 3269 φίλον,
1930 3202 2046 3256 ἀλλ’
2069 3202 2172 3266 ἔξω

591 3287 765 3338 ταῦτα
802 3287 1034 3353 γίνεται.
1067 3287 1161 3339 καὶ
1192 3284 1338 3354 μάλα
1368 3285 1611 3346 εἰκότως.
1645 3286 1718 3338 Οὐ
1755 3285 1863 3356 γὰρ
1903 3289 2170 3358 κουρεῖον,

594 3368 715 3420 οὐδὲ
742 3369 1162 3438 μυροπωλεῖονή
1192 3366 1474 3434 ἐκκλησία,
1509 3367 1630 3420 οὐδὲ
1662 3369 2022 3440 ἐργαστήριον
2054 3371 2172 3423 ἕτε-

592 3467 691 3520 ρον
716 3451 819 3501 τῶν
845 3451 929 3501 ἐπ’
958 3451 1184 3520 ἀγορᾶς,
1217 3449 1352 3502 ἀλλά
1373 3450 1535 3514 τόπος
1565 3451 1833 3519 ἀγγέλων,
1856 3453 2018 3514 τόπος
2037 3454 2173 3523 ἀρχ-

594 3533 862 3602 ἀγγέλων,
907 3531 1150 3601 βασιλεία
1198 3531 1354 3592 Θεοῦ,
1395 3533 1556 3595 αὐτὸς
1600 3536 1628 3587 ό
1671 3533 1916 3604 οὐρανός.
1963 3535 2176 3604 ’Ὠσπερ

588 3612 690 3671 οὖν
717 3617 768 3668 εί
797 3632 881 3678 τις
920 3615 1010 3668 τὸν
1034 3615 1262 3684 οὐρανὸν
1308 3615 1612 3679 διαστείλας
1644 3618 1759 3668 ἐκεῖ
1788 3633 1848 3668 σε
1889 3618 2173 3688 εἰσήγαγε,

582 3701 701 3754 -κᾶν
738 3699 826 3753 τὸν
857 3700 1089 3769 πατέρα,
1116 3699 1220 3753 κᾶν
1244 3699 1333 3753 τὸν
1365 3700 1591 3768 ἀδελφὸν
1621 3696 1779 3763 εἶδες,
1811 3702 1909 3754 οὐκ
1940 3701 2006 3755 ἂν
2037 3700 2176 3754 ἐτόλ-

585 3799 780 3854 ,μησας
814 3781 1152 3850 φθέγξασθαι
1177 3799 1189 3812 ·
1248 3781 1419 3845 οὕτως
1447 3781 1567 3834 οὐδὲ
1605 3782 1839 3836 ἐνταῦθα
1870 3784 2055 3854 ἔτερόν
2100 3802 2175 3850 τι,

596 3865 739 3936 πλὴν
764 3865 874 3917 τῶν
922 3863 1307 3934 πνευματικῶν
1350 3862 1687 3931 φθέγγεσθαι
1731 3865 1869 3917 ἔδει·
1940 3868 2034 3919 καὶ
2069 3867 2178 3937 γάρ

581 3951 691 4002 ’καὶ
715 3948 782 4000 τὰ
815 3947 1049 4000 ἐνταῦθα
1083 3946 1328 4016 οὐρανός.
1392 3947 1452 3998 Εἰ
1494 3946 1550 3998 δέ
1600 3947 1871 4011 ἀπιστεῖς,
1917 3949 1991 4001 ἴδε
2043 3950 2179 4020 πρὸς

595 4030 828 4098 ταυτηνὶ
861 4029 958 4099 τὴν
1014 4027 1318 4097 τράπεζαν,
1377 4029 1757 4099 ἀναμνήσθητι
1811 4031 1953 4094 τίνος
1993 4031 2179 4085 ἕνεκεν

599 4114 818 4186 ἔστηκε,
851 4115 942 4167 καὶ
966 4114 1053 4166 διὰ
1092 4113 1162 4165 τί·
1190 4112 1442 4184 ἐννόησον
1469 4114 1552 4176 τίς
1589 4113 1616 4164 6
1652 4113 1958 4186 προϐαίνων
1989 4116 2181 4170 ἐνταῦ-

601 4197 689 4262 θα,
723 4197 909 4265 φρίξον
941 4198 1032 4249 καὶ
1064 4197 1169 4265 πρὸ
1196 4195 1289 4248 τοῦ
1342 4197 1558 4266 καιροῦ.
1589 4197 1697 4248 Καὶ
1731 4196 1840 4266 γάρ
1868 4200 1962 4250 καὶ
1993 4196 2181 4267 θρόνον

599 4299 684 4345 τις
718 4281 840 4335 ἰδὼν
870 4280 1028 4348 μόνον
1061 4279 1343 4349 βασιλέως,
1379 4279 1666 4332 ἀνίσταται
1696 4282 1761 4348 τῇ
1793 4280 1963 4349 ψυχῇ,
2008 4297 2180 4350 προσο

600 4364 770 4417 δοκῶν
813 4362 911 4432 τὴν
959 4361 1136 4426 ἔξοδον
1166 4361 1259 4413 τοῦ
1298 4361 1584 4430 βασιλέως.
1640 4361 1749 4412 Καὶ⁵
1779 4362 1842 4412 σὺ
1875 4361 2056 4414 τοίνυν
2085 4364 2180 4414 καὶ

603 4447 709 4516 πρὸ
755 4444 850 4498 τοῦ
884 4443 1072 4513 καιροῦ
1127 4442 1217 4495 τοῦ
1253 4443 1559 4513 φρικώδους
1612 4443 1800 4513 φρίξον
1836 4444 2069 4508 ἐκείνου,
2104 4445 2181 4497 δι-

602 4527 890 4596 ανάστηθι,
918 4528 1011 4579 καὶ
1040 4527 1167 4594 πρὶν
1193 4525 1318 4579 ἰδεῖν
1337 4527 1403 4578 τὰ
1426 4527 1902 4596 παραπετάσματα
1925 4527 2185 4579 ἀναστελ-

603 4610 810 4679 λόμενα
839 4609 931 4662 καὶ
983 4610 1072 4661 τὸν
1106 4609 1265 4679 χορὸν
1313 4609 1422 4661 τῶν
1471 4609 1718 4677 ἀγγέλων
1755 4608 1904 4680 [5M]
1958 4609 2186 4677 προϐαί-

604 4710 784 4758 νοντα,
848 4693 982 4761 πρὸς
1046 4693 1205 4744 αὐτὸν
1268 4692 1524 4746 ἀνάϐαινε
1585 4692 1671 4744 τὸν
1729 4693 1980 4761 οὐρανόν.
2043 4693 2185 4745 Ἀλλ’

605 4779 791 4844 ἀγνπῖ
828 4776 1000 4829 ταῦτα
1029 4779 1055 4829 6
1081 4775 1346 4846 ἀμύητοςο
1377 4776 1569 4828 οὐκοῦν
1599 4777 1897 4843 ἀναγκαῖον
1927 4775 2020 4827 καὶ
2055 4777 2185 4844 πρὸς

606 4864 813 4915 ἐκεῖνον
835 4863 1008 4913 εἰπεῖν
1030 4862 1210 4930 ἐτερα.
1242 4860 1377 4912 Οὐδὲ
1396 4860 1504 4928 γὰρ
1531 4859 1666 4930 πρὸς
1701 4859 1888 4912 τοῦτον
1912 4860 2188 4928 ἀπορήσο-

615 4959 711 5010 μεν
741 4945 847 4996 τῶν
896 4944 1210 5010 δυναμένων
1261 4943 1420 4996 αὑτὸν
1454 4942 1809 5012 διαναστῆσαι
1857 4942 1951 4994 καὶ
2002 4945 2187 4992 πεῖσαι

612 5024 893 5077 πέτεσθαι.
936 5028 1005 5076 Σὺ
1049 5027 1228 5078 τοίνυν
1257 5029 1284 5079 6
1318 5027 1492 5078 ταῦτα
1522 5025 1754 5093 ἀγνοῶν,
1791 5026 1919 5077 ὅταν
1951 5025 2188 5094 ἀκούσῃς

612 5106 705 5161 τοῦ
744 5110 1018 5178 προφήτου
1053 5110 1320 5175 λέγοντος,
1368 5109 1509 5162 Τάδε
1545 5108 1704 5176 λέγει
1739 5109 1971 5174 Κύριος·
2023 5109 2188 5161 Ἀπό-

613 5192 788 5255 στηθι
811 5187 912 5255 τῆς
936 5189 1066 5256 γῆς,
1085 5191 1332 5253 ἀνάϐηθι
1353 5192 1450 5242 καὶ
1475 5189 1654 5252 αὐτὸς
1674 5192 1880 5252 εἰςτόιι
1907 5190 2188 5256 οὐρανὸν,

613 5272 864 5341 ἐννόησον
891 5272 969 5332 τίς
995 5273 1140 5322 ἐστιν
1163 5273 1190 5322 6
1213 5271 1278 5322 δι’
1303 5272 1512 5322 ἐκείνου
1541 5287 1620 5322 σοι
1651 5270 2052 5337 διαλεγόμενος.
2082 5271 2191 5322 Νῦν

611 5357 691 5422 δὲ,
737 5355 902 5425 μίμου
957 5354 1054 5423 μὲν
1094 5351 1605 5421 γελωτοποιοῦντος,
1639 5352 1733 5404 καὶ
1781 5354 2191 5421 πορνευομένης

613 5440 873 5513 γυναικὸς
913 5439 1005 5491 καὶ
1033 5437 1466 5508 ἀσχημονούσης,
1498 5435 1724 5505 θέατρον
1758 5432 2010 5486 τοσοῦτον
2051 5434 2187 5486 κάθ-

599 5541 763 5596 ἠται,
800 5523 999 5593 πολλὴν
1033 5521 1270 5592 παρέχον
1308 5520 1407 5589 τὴν
1441 5518 1669 5588 ἡσυχίαν
1702 5518 1815 5579 τοῖς
1856 5515 2194 5586 λεγομένοις,

618 5608 714 5662 καὶ
752 5605 926 5661 ταῦτα
963 5605 1175 5667 οὐδενὸς
1213 5602 1528 5663 κελεύοντος
1556 5601 1735 5669 σιγᾷν,
1765 5599 1861 5651 καὶ
1889 5597 2011 5650 οὐτε
2050 5597 2202 5667 θόρυ-

616 5689 711 5753 ϐος
741 5687 864 5742 οὔτε
899 5687 1135 5760 κραυγὴ,
1165 5688 1262 5756 οὐχ
1289 5687 1318 5739 δ
1345 5684 1523 5755 τυχὼν
1554 5681 1736 5753 θροῦς
1761 5680 1895 5734 Θεοῦ
1919 5680 1974 5732 δὲ
2005 5681 2067 5731 ἐκ
2093 5675 2201 5732 τῶν

606 5775 866 5845 ὀὐρανῶν
898 5773 1270 5847 φθεγγομένου
1317 5773 1444 5846 περὶ
1487 5769 1732 5844 φρικτῶν
1755 5767 1906 5823 οὕτω
1937 5767 2199 5840 πραγμά-

1253 366 1310 420 S.
1349 363 1633 420 JOANNIS
1669 363 2158 420 (IIIIIYSOSTOMI
2195 362 2512 420 ARCIIIEP.
2551 367 3096 422 CONSTANTINOP.

3754 369 3862 424 SH

2264 509 2394 556 των,
2425 493 2604 546 κυνῶν
2655 494 3146 565 ἀναισχυντότερον
3194 493 3539 564 διακείμεθα,
3572 496 3696 548 οὐδὲ
3731 497 3865 566 ὅσην

2267 579 2386 639 ταῖς
2429 578 2661 645 πόρναις
2688 577 2927 645 γυναιξὶ,
2972 575 3243 643 τοσαύτην
3268 576 3346 646 τῷ
3374 576 3492 647 Θεῷ
3525 578 3863 648 παρέχοντες

2268 661 2366 730 τὴν
2390 660 2542 713 αἰδώ.

2336 857 2410 915 ς’.
2453 850 2740 921 Ἐφρίξατε
2789 849 2966 905 ταῦτα
3007 849 3376 914 ἀκούσαντις;
3421 849 3634 903 Οὐκοῦν
3681 849 3863 920 πολλῷ

2267 933 2464 1002 μᾶλλον
2527 932 2702 986 ταῦτα
2768 932 3052 995 ποιοῦντες
3125 933 3374 1002 φρίξατε.
3440 934 3504 985 Ὃ
3561 931 3691 1002 περὶ
3752 932 3863 984 τῶν

2264 1015 2655 1085 ὑπερορώντων
2688 1025 2816 1078 τοὺς
2852 1017 3092 1082 πένητας
3115 1012 3268 1069 εἶπεν
3300 1019 3327 1070 6
3359 1015 3592 1079 Παῦλος,
3621 1015 3719 1070 καὶ
3763 1015 3862 1085 μό-

2264 1115 2370 1150 νων
2411 1098 2758 1166 ἑστιωμένων
2779 1117 2791 1129 ·
2824 1099 2923 1165 Μὴ
2957 1099 3068 1166 γὰρ
3105 1099 3301 1164 οἰκίας
3324 1101 3437 1151 οὐκ
3463 1098 3637 1163 ἔχετε
3667 1101 3757 1163 εἰς
3796 1098 3861 1150 τὸ

2262 1180 2490 1235 ἐσθίειν
2515 1181 2611 1233 καί
2641 1183 2873 1244 πίνειν;
2901 1180 3074 1250 ἣτῆς
3095 1181 3430 1247 ἐκκλησίας
3451 1181 3558 1233 τοῦ
3583 1179 3737 1233 Θεοῦ
3756 1196 3860 1232 κα-

2264 1265 2630 1334 ταφρονεῖτε,
2665 1266 2768 1319 καί
2808 1266 3244 1333 καταισχύνετε
3281 1263 3420 1329 τοὺς
3445 1265 3532 1332 μὴ
3568 1264 3859 1332 Exortum

2264 1347 2382 1400 δότε
2412 1349 2581 1418 κάμοὶ
2617 1350 2747 1419 περὶ
2775 1347 2883 1400 τῶν
2918 1347 3295 1417 θορυϐούντων
3321 1346 3560 1399 ἐνταῦθα
3593 1346 3690 1398 καὶ
3736 1345 3857 1395 δια-

2264 1429 2570 1499 λεγομένων
2598 1432 2791 1485 εἰπεῖν’
2831 1431 2905 1502 μὴ
2938 1430 3048 1500 γὰρ
3099 1430 3201 1482 οὐκ
3238 1428 3392 1498 ἔχετε
3439 1427 3620 1488 οἰκίας
3670 1428 3752 1488 εἰς
3795 1426 3857 1476 τδ

2265 1511 2556 1585 φλυαρεῖν;
2588 1515 2620 1581 ἢ
2653 1514 2754 1583 τῆς
2795 1513 3093 1581 ἐκκλησίας
3134 1510 3230 1564 τοῦ
3267 1511 3404 1564 Θεοῦ
3437 1510 3859 1578 καταφρονεῖτε,

2265 1597 2360 1650 καὶ
2384 1596 2724 1666 διαφθείρετε
2767 1597 2863 1648 καὶ
2901 1597 3030 1659 τοὺς
3081 1597 3381 1665 σωφρονεῖν
3416 1595 3511 1646 καὶ
3550 1589 3858 1662 ἡσυχάζειν

2269 1679 2661 1750 βουλομένους;
2707 1679 2870 1731 Ἀλλά
2903 1679 3003 1749 ἡδὺ
3043 1678 3136 1731 καὶ
3167 1679 3321 1747 φίλον
3347 1678 3484 1747 ἡμῖν
3505 1677 3622 1737 τοῖς
3651 1671 3859 1741 γνωρί-

2272 1779 2392 1832 μοις
2420 1761 2794 1829 διαλέγεσθαι;
2827 1762 2901 1814 Οὐ
2959 1759 3156 1814 κωλύω
3200 1758 3382 1822 τοῦτο,
3419 1757 3537 1811 ἀλλ’
3583 1758 3642 1807 ὲν
3685 1754 3858 1822 οἰκίᾳ,

2267 1843 2382 1895 ἀλλ’
2412 1845 2471 1895 ἐν
2509 1844 2705 1912 ἀγορᾷ,
2729 1843 2845 1896 ἀλλ’
2877 1843 2936 1894 ἐν
2985 1842 3288 1911 βαλανείοις
3333 1839 3569 1908 γινέσθω
3595 1854 3607 1866 ·
3657 1840 3690 1907 ἡ
3747 1837 3858 1903 γὰρ

2269 1925 2537 1995 ἐκκλησία
2557 1926 2615 1977 οὐ
2638 1923 2948 1990 διαλέξεως,
2970 1923 3107 1976 ἀλλά
3125 1922 3475 1984 διδασκαλίας
3494 1921 3696 1990 χωρίον
3718 1918 3860 1971 ἐστί.

2268 2007 2403 2061 Νυνὶ
2427 2008 2484 2060 δὲ
2514 2011 2612 2076 τῆς
2639 2007 2848 2075 ἀγορᾶς
2895 2005 3046 2059 οὐδὲν
3077 2006 3388 2076 διενήνοχεν
3407 2021 3420 2034 ·
3460 2004 3507 2055 εἰ
3536 2003 3594 2055 δέ
3629 2002 3705 2072 μὴ
3739 2003 3863 2051 τολ-

2273 2091 2449 2161 μηρὸν
2480 2090 2674 2153 εἰπεῖν,
2703 2089 2846 2158 τάχα
2874 2088 2993 2141 οὐδὲ
3028 2090 3126 2158 τῆς
3156 2089 3362 2157 σκηνῆς
3385 2104 3398 2116 ·
3436 2083 3578 2137 οὕτω
3607 2083 3718 2135 τῶν
3746 2081 3865 2134 ἐκεῖ

2270 2173 2684 2243 πορνευομένων
2718 2171 2996 2237 γυναικῶν
3056 2169 3452 2237 ἀσελγέστερον
3510 2167 3566 2218 αἰ
3622 2166 3861 2216 ἐνταῦθα

2271 2255 2660 2324 συλλεγόμεναι
2684 2252 3142 2315 καλλωπίζονται.
3180 2251 3274 2302 Διὸ
3301 2248 3366 2319 δὴ
3395 2249 3624 2308 πολλοὺς
3649 2246 3744 2299 καὶ
3771 2249 3861 2296 ἐν·

2268 2337 2442 2390 ταῦθα
2470 2337 2791 2402 ἐφέλκονται
2819 2334 2925 2386 τῶν
2955 2333 3275 2385 ἀκολάστων
3295 2347 3308 2360 ·
3344 2332 3438 2383 καὶ
3471 2332 3535 2384 ἀν
3571 2345 3630 2382 τε
3660 2328 3861 2397 πειρᾶ-

2268 2420 2358 2473 ταί
2382 2437 2466 2482 τις
2502 2421 2534 2488 ἢ
2564 2419 2818 2487 βούληται
2843 2419 3076 2483 γυναῖκα
3095 2414 3448 2484 διαφθείρειν,
3466 2413 3660 2474 οὐδεὶς,
3681 2405 3862 2479 οἶμαι,

2269 2501 2368 2570 τῆς
2398 2500 2695 2569 ἐκκλησίας
2744 2497 3184 2567 ἐπιτηδειότερος
3213 2495 3359 2565 αὐτῷ
3390 2495 3553 2557 τόπος
3601 2490 3739 2546 εἶναι
3772 2492 3860 2543 δο-

2271 2585 2372 2634 κεῖ.
2417 2583 2517 2634 Ἂν
2542 2599 2602 2634 τε
2633 2581 2951 2651 ὠνήσασθαί
2983 2596 3037 2632 τι
3071 2579 3167 2632 καὶ
3200 2577 3468 2648 πρίασθαι
3497 2576 3616 2648 δέη,
3659 2573 3864 2643 μᾶλλον

2270 2665 2367 2734 τῆς
2389 2664 2594 2734 ἀγορᾶς
2621 2664 2891 2735 χρήσιμος
2917 2663 2949 2732 ή
2981 2660 3248 2731 ἐκκλησία
3285 2660 3556 2728 φαίνεται.
3595 2655 3862 2709 Ἐνταῦθα

2271 2747 2379 2819 γὰρ
2408 2749 2501 2801 καὶ
2536 2748 2665 2818 περί
2708 2745 2916 2798 τούτων
2972 2743 3191 2806 πλείους
3234 2743 3478 2811 γίνονται
3530 2740 3705 2807 λόγοι,
3734 2741 3768 2808 ἦ
3805 2739 3866 2789 ἐν

2270 2832 2454 2893 αὐτοῖς
2477 2834 2588 2892 τοῖς
2639 2827 3050 2898 ἐργαστηρίοις.
3083 2829 3185 2879 'Av
3219 2843 3275 2878 τε
3327 2824 3513 2886 κακῶς
3565 2825 3740 2875 εἰπεῖν
3769 2822 3866 2873 καὶ

2270 2911 2506 2967 ἀκοῦσαι
2551 2911 2848 2981 βούλωνταί
2887 2925 3056 2972 τινες,
3101 2909 3196 2960 καὶ
3250 2905 3410 2958 τοῦτο
3460 2905 3583 2973 ὕψει
3626 2902 3863 2956 ἐνταῦθα

2276 2995 2496 3066 μᾶλλον,
2529 2996 2562 3065 ἢ
2591 2995 2684 3047 ἐπὶ
2737 2993 2836 3062 τῆς
2883 2993 3091 3062 ἀγορᾶς
3123 2991 3227 3054 ἔξω
3262 2987 3580 3058 συμϐαῖνον·
3618 2987 3721 3040 κᾶν
3753 2986 3864 3039 τῶν

2273 3078 2566 3131 πολιτικῶν
2590 3095 2641 3130 τι
2672 3076 2938 3146 βουληθῇς
2966 3073 3200 3129 ἀκοῦσαι
3231 3072 3596 3144 πραγμάτων,
3631 3069 3736 3123 κᾶν
3756 3070 3865 3121 τῶν

2273 3162 2331 3214 ὲν
2372 3162 2592 3227 οἰκίαις,
2621 3160 2724 3213 κᾶν
2753 3159 2861 3212 τῶν
2892 3159 2950 3210 ἐν
2982 3156 3350 3228 στρατοπέδῳ,
3395 3153 3471 3226 μὴ
3517 3153 3741 3225 suam;
3787 3151 3866 3213 εἰς

2273 3244 2646 3312 δικαστήριον.
2679 3241 2813 3312 μηδὲ
2846 3240 3079 3314 καθίσῃς
3106 3241 3164 3292 ἐν
3204 3239 3458 3310 ἰατρείῳ·
3500 3237 3606 3289 εἰσὶ
3642 3235 3752 3306 γὰρ
3783 3234 3867 3285 ἐν·

2275 3325 2467 3388 ταῦθα,
2500 3325 2635 3377 εἰσιν
2661 3327 2708 3377 οἰ
2738 3323 2957 3376 πάντων
2985 3321 3381 3391 ἀκριϐέστερον
3425 3319 3596 3372 ταῦτα
3646 3319 3864 3370 ἅπαντα

2277 3407 2742 3475 καταγγέλλοντες
2776 3407 2871 3458 καὶ
2913 3405 3093 3458 πάντα
3130 3403 3332 3473 μᾶλλόν
3365 3401 3579 3453 ἐστιτά
3609 3398 3867 3457 ἐνταῦθα,

2277 3488 2619 3558 ἢέκκλησία.
2674 3487 2831 3556 Τάχα
2877 3487 3085 3556 σφόδρα
3137 3483 3477 3552 καθηψάμην
3513 3481 3707 3550 ὑμῶν’
3769 3481 3871 3532 οὐκ

2277 3573 2455 3642 ἔγωγε
2489 3569 2664 3642 οἶμαι.
2691 3573 2864 3626 Ὅταν
2893 3575 3000 3643 γὰρ
3031 3573 3144 3634 τοῖς
3189 3571 3377 3630 αὐτοῖς
3407 3566 3732 3635 ἐπιμένητε,
3773 3564 3870 3616 πό-

2282 3657 2371 3710 θεν
2394 3656 2633 3726 εῑσομαι,
2656 3656 2738 3709 ὅτι
2759 3656 3016 3708 καθίκετο
3044 3652 3197 3723 ὑμῶν
3226 3652 3294 3704 τά
3319 3649 3623 3720 εἰρημένας
3657 3644 3873 3726 Οὐκοῦν

2280 3740 2386 3792 τῶν
2445 3724 2626 3791 αὐτῶν
2673 3741 2972 3806 ἀναγκαῖον
3010 3736 3257 3806 ἀψασθαι
3295 3734 3480 3786 πάλιν.
3537 3729 3726 3783 Ταῦτα
3777 3724 3873 3780 οὖν

2282 3823 2512 3886 ἀνεκτάς
2548 3821 2724 3874 ταῦτα
2751 3822 3005 3891 φορητά;
3061 3816 3401 3886 Κοπτόμεθα
3449 3812 3573 3866 καθ’
3629 3812 3877 3879 ἑκάστην

2282 3907 2500 3976 ἡμέραν
2565 3905 2661 3957 καὶ
2712 3902 3098 3972 διασπώμεθα,
3151 3901 3241 3952 ἵνα
3303 3915 3357 3950 τι
3409 3896 3685 3976 χρήσιμον
3750 3909 3877 3976 -μαο

2283 3974 2466 4050 θόντες
2495 3985 2782 4055 ἀπέλθητε·
2817 3985 2912 4037 καὶ
2939 3983 3115 4043 οὐδεὶς
3137 3979 3292 4050 ὑμῶν
3315 3997 3369 4031 τι
3409 3975 3562 4048 [542]
3593 3974 3868 4040 κερδάνας

2275 4072 2524 4134 ἀπεισιν,
2571 4068 2706 4123 ἀλλά
2759 4069 2854 4122 καὶ
2910 4066 3128 4136 βλαϐεὶς
3177 4063 3464 4134 μειζόνως.
3508 4059 3619 4112 Καὶ
3651 4057 3761 4126 γὰρ
3799 4057 3877 4118 εἰς

2285 4157 2459 4226 κρῖμα
2491 4151 2842 4224 συνέρχεσθε,
2873 4152 3146 4221 πρόφασιν
3181 4147 3368 4201 οὐκέτι
3400 4145 3526 4216 περὶ
3562 4143 3660 4210 τῆς
3699 4143 3879 4226 ἀμαρ·

2284 4223 2401 4300 τίεις
2456 4223 2691 4306 ἔχοντες,
2742 4235 2836 4287 καὶ
2888 4234 3013 4295 τοὺς
3048 4229 3494 4298 ἐπιεικεστέρους
3547 4223 3876 4295 ἐκκρούετε,

2286 4324 2403 4381 ταῖς
2453 4319 2748 4389 ὑμετέραις
2816 4315 3112 4384 φλυαρίαις
3165 4311 3513 4381 ἐνοχλοῦντες
3585 4307 3876 4362 πάντοθεν.

2299 4403 2456 4456 ’Λλλά
2488 4403 2570 4464 τίς
2600 4404 2627 4454 6
2654 4400 2762 4454 τῶν
2800 4398 3009 4452 πολλῶν
3039 4396 3195 4463 λόγος
3220 4413 3234 4458 ;
3260 4394 3372 4446 Οὐκ
3399 4390 3581 4444 ἀκούω
3605 4391 3716 4442 τῶν
3748 4392 3880 4442 ἀναν

2288 4485 2731 4553 γινωσκομένων,
2772 4481 2960 4551 φησὶν,
2996 4479 3117 4531 οὐδέ
3159 4473 3279 4530 οἶδα
3321 4475 3442 4528 τίνα
3477 4474 3594 4526 ἐστί
3628 4474 3698 4525 τά
3723 4473 3882 4538 λεγό-

2293 4586 2447 4639 μενα.
2496 4566 2714 4634 Ἐπειδὴ
2761 4563 3036 4633 θορυϐεῖς,
3092 4558 3278 4627 ἐπειδὴ
3315 4556 3637 4626 ταράσσεις,
3690 4555 3882 4639 ἐπειδὴ

2293 4638 2430 4720 μετὰ
2454 4650 2632 4719 ψυχῆς
2654 4647 2945 4700 εὐλάϐειαν
2974 4643 3206 4714 ἐχούσης
3236 4645 3295 4694 οὐ
3327 4639 3629 4710 παραγίνη.
3651 4638 3720 4689 Τί
3752 4643 3877 4720 φὴς;

2289 4717 2389 4785 οὐκ
2417 4717 2566 4794 οἶδας
2592 4717 2718 4784 -τίνα
2766 4729 2882 4782 ἐστὶ
2920 4727 2989 4782 τά
3026 4726 3334 4794 λεγόμενα;
3370 4723 3447 4775 Δι’
3483 4721 3615 4774 αὐτὸ
3653 4720 3757 4789 μὲν
3792 4717 3882 4771 οὖν

2289 4816 2448 4867 τοῦτο
2476 4813 2763 4885 προσέχειν
2799 4812 2988 4883 ἐχρῆν.
3029 4812 3090 4863 Εἰ
3117 4811 3172 4861 δὲ
3205 4809 3325 4859 οὐδέ
3349 4807 3409 4858 τὸ
3447 4805 3658 4885 ἀσαφὲς
3684 4805 3883 4871 διεγεί-

2296 4915 2374 4965 ρει
2408 4881 2624 4963 σουτὴν
2652 4881 3070 4962 ψυχὴνξπολλῷ
3104 4890 3325 4959 μᾶλλον,
3351 4889 3399 4939 εἰ
3440 4887 3584 4954 σαφῆ
3613 4881 3704 4954 ἦν,
3743 4903 3882 4954 παρ-

2295 4979 2545 5046 έδραμες.
2589 4979 2686 5028 Διά
2719 4977 2824 5045 γάρ
2854 4974 3011 5027 τοῦτο
3045 4972 3170 5025 οὔτε
3207 4971 3349 5039 σαφῆ
3387 4970 3563 5022 πάντα
3596 4967 3770 5027 ἐστὶν,
3801 4969 3882 5018 ἵνα

2297 5063 2371 5127 μὴ
2411 5059 2759 5131 ραουμήσῃς,
2789 5056 2911 5109 οὐτε
2943 5055 3152 5123 ἀσαφῆ.
3187 5055 3274 5105 ἵνα
3313 5053 3384 5121 μὴ
3422 5048 3697 5131 ἀπογνῷς.
3729 5049 3886 5131 Καὶ-ό

2299 5125 2907 5210 μὲνἐὐνοῦχοςνὲκεῖνος
2955 5140 3050 5190 καὶ
3079 5135 3351 5204 βάρϐαρος
3380 5131 3532 5182 οὐδὲν
3564 5128 3780 5181 τούτων
3809 5125 3884 5180 εἴ·

2297 5240 2416 5285 πεν,
2442 5221 2578 5274 ἁλλά
2610 5224 2701 5272 καὶ
2734 5221 3004 5272 τοσούτων
3040 5216 3383 5286 πραγμάτων
3408 5212 3549 5280 ὄχλῳ
3580 5210 3884 5278 κυκλούμε·

2300 5321 2409 5364 νος,
2444 5305 2536 5354 καὶ
2567 5307 2624 5363 ἐν
2656 5302 2759 5369 ὁδῷ
2783 5301 2878 5361 ὢν,
2917 5297 3118 5366 βιϐλίον
3151 5295 3288 5363 μετὰ
3321 5296 3508 5362 χεῖρας
3539 5290 3652 5361 εἶχε
3685 5294 3779 5343 καὶ
3799 5291 3882 5339 ἀν-

2303 5385 2588 5449 εγίνωσκε,
2619 5383 2717 5435 οὐκ
2742 5381 2896 5443 εἰδὼς
2928 5381 3072 5447 άπερ
3099 5378 3431 5444 ἀνεγίνωσκε
3458 5393 3470 5404 '
3526 5376 3588 5426 σὺ
3622 5373 3680 5423 δὲ
3715 5373 3806 5424 καὶ
3829 5372 3881 5422 ἐν

2304 5467 2641 5519 διδασκάλων
2673 5465 2908 5532 εὐπορία
2954 5460 3052 5526 ὢν,
3089 5469 3181 5513 καὶ
3212 5461 3434 5527 ἐτέρους
3465 5460 3604 5525 ἔχων
3630 5454 3758 5514 τοὺς
3790 5453 3884 5503 ὑπ’

2306 5549 2804 5614 αναγινώσκοντας,
2849 5546 3076 5615 σκήψεις
3109 5543 3386 5613 προϐάλλῃ
3426 5556 3515 5607 μοι
3555 5535 3648 5586 καὶ
3677 5535 3883 5602 προερά.

2310 5651 2442 5695 σεις.
2479 5635 2592 5685 Οὐκ
2613 5626 2769 5685 οἶσθα
2796 5629 2862 5682 τὰ
2890 5630 3195 5699 λεγόμενας
3246 5622 3454 5679 Οὐκοῦν
3487 5616 3634 5683 εὖξαι
3667 5617 3756 5670 ἵνα
3789 5619 3886 5687 μάο

2312 5717 2409 5787 θῃς
2432 5733 2445 5745 -
2504 5715 2701 5785 μᾶλλον
2731 5714 2786 5767 δὲ
2813 5714 3094 5784 ἀμήχανον
3139 5710 3316 5762 πάντα
3355 5703 3591 5787 ἀγνοεῖν.
3621 5700 3756 5787 Δξςαὶ
3783 5701 3882 5787 γαρ

2313 5783 2483 5854 πολλά
2506 5783 2737 5855 αὐτόθεν
2762 5799 2879 5852 ἐστί
2909 5793 3187 5862 κατάδηλα
3224 5789 3319 5841 καὶ
3346 5784 3495 5854 σαφῆ
3515 5802 3528 5815 ·
3569 5783 3772 5855 μᾶλλον
3805 5783 3879 5845 δὲ,
