4066 6348
287 381 400 439 315

294 498 471 552 vidua:
511 511 617 552 non
670 506 778 551 tam
827 494 988 551 fuerit
1026 493 1277 550 indicium
1322 490 1465 562 quod
1504 485 1752 544 secundis
1777 500 1885 540 non

295 593 657 660 conjungatur
694 589 915 659 nuptiis,
945 603 1102 658 quam
1149 586 1265 641 hare
1306 584 1428 650 alia,
1462 595 1654 649 nempe
1691 579 1887 635 caritas

293 681 349 735 in
386 695 667 750 pauperes,
703 680 1065 750 hospitalitas,
1109 677 1164 731 in
1209 675 1456 746 precibus
1499 671 1803 734 assiduitas,
1834 677 1885 723 et

292 773 398 827 alia
420 772 620 838 omnia,
647 788 766 843 qua:
786 772 1127 828 exactissime
1149 769 1316 839 exigit
1341 766 1536 822 Paulus
1557 765 1796 820 scribens
1818 760 1886 816 ad

291 863 637 919 Timotheum
667 851 908 933 (1.75m.
939 863 1015 934 δ).

369 952 706 1025 Eleemosyna
729 966 974 1024 quantum
997 961 1368 1007 ornamentum.
1394 979 1462 988 —
1483 948 1695 1003 Videris
1723 945 1882 1001 etiam

290 1059 410 1111 eas,
442 1060 562 1115 quae
587 1053 713 1100 sunt
734 1043 935 1113 juncta:
967 1042 1328 1105 matrimonio,
1362 1039 1500 1108 apud
1532 1053 1629 1092 nos
1661 1038 1881 1092 multam

288 1133 582 1190 ostendere
620 1134 957 1188 honestatem
986 1151 1000 1189 :
1032 1132 1126 1187 sed
1154 1148 1257 1186 non
1288 1140 1370 1186 est
1401 1133 1502 1184 hoc
1531 1130 1705 1185 solum
1740 1133 1880 1200 quod

285 1225 551 1292 qumritur
575 1269 589 1292 ,
620 1225 714 1281 sed
745 1226 971 1296 diligens
987 1239 1113 1279 cura
1130 1233 1183 1280 et
1199 1224 1434 1280 studium
1452 1239 1759 1294 egenorum,
1787 1241 1881 1293 per

286 1315 434 1382 quod
466 1317 653 1384 prisca:
681 1315 932 1372 mulieres
960 1315 1115 1371 valde
1141 1315 1584 1385 resplendebant:
1612 1330 1716 1370 non
1744 1317 1881 1370 sicut

289 1407 474 1460 multa:
503 1423 568 1461 ex
596 1407 660 1461 iis
685 1422 804 1476 qme
828 1415 953 1462 sunt
980 1407 1176 1461 nostris
1205 1407 1556 1474 temporibus.
1590 1406 1720 1461 Nam
1754 1417 1879 1461 tunc

283 1497 506 1564 quidem
562 1511 660 1565 pro
710 1511 844 1550 auro
892 1497 1248 1566 eleemosynae
1305 1497 1661 1551 induebantur
1721 1513 1879 1552 orna-

284 1596 507 1649 mento;
554 1603 694 1642 nunc
733 1596 912 1643 autem
947 1587 1048 1641 hoc
1075 1588 1332 1656 dimisso,
1367 1589 1578 1643 funibus
1605 1591 1782 1646 aureis
1811 1609 1878 1646 ex

280 1687 477 1733 catena
525 1688 869 1748 peccatorum
915 1681 1180 1736 contextis
1226 1682 1567 1736 amiciuntur.
1625 1681 1877 1738 Dicamnc

282 1768 450 1821 etiam
501 1770 658 1823 aliam
699 1770 913 1826 thecam
956 1780 1275 1826 ornamento
1311 1772 1484 1841 patrio
1512 1773 1876 1828 exinanitam?

278 1856 686 1913 Com'eniebant
715 1861 840 1914 olnn
865 1875 1077 1928 omnes,
1103 1871 1156 1916 et
1178 1862 1475 1931 psallebant
1499 1864 1870 1918 communiter.

282 1945 401 2000 Hoc
422 1963 563 2003 nunc
582 1964 795 2019 quoque
825 1951 1078 2016 facimus;
1111 1951 1206 2006 sed
1237 1961 1362 2008 tunc
1385 1953 1597 2023 quidem
1623 1954 1673 2009 in
1704 1955 1875 2008 omni-

277 2037 385 2092 bus
417 2052 521 2093 una
551 2049 668 2094 erat
697 2041 872 2096 anima
905 2050 959 2096 et
991 2057 1088 2096 cor
1111 2055 1312 2107 unum;
1344 2057 1488 2099 nunc
1514 2053 1690 2098 autem
1721 2061 1788 2099 ne
1818 2049 1871 2101 in

277 2143 387 2182 una
424 2129 636 2198 quidem
661 2129 838 2185 anima
865 2131 1009 2185 illam
1037 2132 1377 2187 concordiam
1409 2133 1606 2190 videris
1645 2146 1698 2190 et
1734 2150 1870 2188 con-

277 2233 520 2286 sensum,
546 2220 639 2275 sed
667 2220 863 2292 ubique
885 2238 1133 2292 magnum
1157 2230 1239 2277 est
1260 2221 1481 2278 bellum.
1509 2223 1699 2278 Pacem
1729 2239 1870 2279 nunc

269 2312 422 2382 quod
449 2322 699 2381 precatur
724 2315 973 2371 omnibus
999 2315 1046 2370 is
1068 2316 1157 2384 qui
1181 2323 1376 2387 praeest
1403 2316 1672 2381 Ecclesiae,
1701 2325 1758 2370 ut
1779 2317 1867 2386 qui

274 2402 331 2456 in
364 2401 582 2458 domum
623 2405 920 2475 ingreditur
947 2417 1258 2477 paternam;
1288 2408 1382 2462 sed
1409 2407 1566 2478 hujus
1597 2409 1740 2478 pacis
1773 2424 1869 2462 no-

275 2508 403 2548 men
430 2495 644 2564 quidem
675 2505 756 2551 est
784 2497 1052 2567 frequens,
1085 2514 1173 2552 res
1198 2508 1376 2554 autem
1404 2514 1689 2569 nusquam.
1719 2500 1868 2556 Tunc

273 2585 438 2638 etiam
482 2586 671 2642 domus
714 2597 870 2641 erant
909 2589 1181 2654 ecclesiae;
1213 2605 1355 2644 nunc
1381 2600 1558 2646 autem
1589 2592 1749 2646 etiam
1780 2607 1869 2648 ec-

272 2676 440 2730 clesia
472 2687 552 2730 est
582 2677 796 2742 domus,
829 2678 911 2731 vel
956 2679 1134 2747 potius
1179 2679 1367 2746 quavis
1407 2680 1566 2735 domo
1609 2681 1860 2736 deterior.

269 2766 408 2822 Nam
438 2769 490 2822 in
522 2767 683 2822 domo
712 2768 926 2838 quidem
959 2767 1093 2824 bene
1123 2772 1468 2824 constitutum
1493 2773 1689 2828 videris
1720 2774 1866 2827 ordi-

273 2875 398 2914 nem
427 2879 440 2914 :
465 2859 678 2915 domina
702 2863 900 2934 quippe
920 2861 1112 2918 domus
1138 2863 1290 2919 sedet
1321 2865 1373 2917 in
1403 2865 1539 2918 solio
1566 2881 1685 2921 cum
1716 2869 1862 2922 omni

270 2951 571 3020 honestate,
607 2956 870 3012 modestia
899 2968 955 3013 et
984 2958 1202 3026 decore,
1227 2969 1280 3014 et
1305 2959 1513 3016 ancillae
1534 2968 1720 3016 texunt
1741 2977 1860 3016 cum

265 3047 504 3114 silentio,
535 3059 589 3105 et
624 3051 818 3121 singuli
855 3068 919 3106 ex
953 3052 1166 3108 famulis
1193 3053 1246 3107 in
1299 3057 1544 3110 manibus
1575 3055 1770 3111 habent
1800 3059 1850 3111 id

262 3141 412 3209 quod
441 3150 523 3196 est
548 3142 626 3195 eis
653 3142 981 3198 mandatum.
1014 3143 1111 3198 llic
1137 3154 1316 3199 autem
1341 3147 1542 3202 multus
1562 3158 1645 3203 est
1669 3152 1862 3205 tumul-

270 3238 358 3284 tus
377 3273 392 3296 ,
422 3246 609 3300 magna
638 3232 902 3301 confusio,
933 3241 987 3288 et
1012 3250 1041 3289 a
1069 3250 1305 3305 caupona
1335 3236 1464 3290 nihil
1491 3249 1671 3294 nostra
1704 3241 1858 3296 diﬁc-

268 3329 441 3375 runt:
475 3331 651 3377 tantus
695 3333 779 3379 est
822 3328 984 3389 risus,
1034 3335 1178 3380 tanta
1225 3329 1573 3396 perturbatio,
1622 3332 1758 3385 sicut
1806 3332 1857 3386 in

265 3409 497 3477 balneis,
531 3414 668 3469 sicut
696 3416 746 3470 in
780 3415 895 3470 foro
926 3418 1279 3473 clamantibus
1301 3420 1547 3475 omnibus
1576 3429 1629 3476 et
1661 3423 1856 3476 tumul-

265 3503 562 3558 tuantibus.
606 3505 673 3560 Et
703 3505 816 3559 hazc
849 3506 933 3561 hic
958 3507 1130 3561 solum
1162 3527 1174 3562 :
1201 3524 1321 3563 nam
1363 3510 1487 3565 alibi
1537 3527 1603 3566 ne
1643 3513 1860 3582 propin-

269 3608 435 3661 quum
462 3595 675 3664 quidem
704 3595 828 3650 licet
855 3596 1054 3666 alloqui
1086 3599 1136 3652 in
1165 3601 1390 3655 ecclesia
1416 3644 1430 3667 ,
1463 3617 1528 3657 ne
1559 3602 1602 3656 si
1625 3604 1856 3659 amicum

263 3685 481 3752 quidem
515 3687 672 3755 longo
705 3695 946 3755 tempore
982 3689 1257 3744 absentem
1287 3695 1576 3761 exceperit,
1608 3695 1700 3750 sed
1746 3697 1857 3751 haec

262 3774 396 3831 (oris
414 3777 580 3842 ﬁunt;
611 3785 664 3832 et
686 3777 897 3832 merito.
922 3777 1035 3833 Non
1055 3781 1196 3834 enim
1220 3783 1444 3838 ecclesia
1467 3795 1546 3838 est
1571 3788 1851 3856 tonstrina,

264 3881 441 3937 neque
472 3870 820 3938 unguentaria
850 3871 1059 3925 ofﬁcina
1083 3913 1096 3936 ,
1133 3887 1306 3941 neque
1340 3874 1442 3927 ulla
1474 3874 1575 3928 alia
1604 3878 1853 3946 opiﬁcum

261 3959 354 4026 qui
386 3966 510 4012 sunt
536 3960 587 4013 in
617 3960 733 4015 foro
755 3961 995 4026 taberna,
1029 3964 1122 4017 sed
1155 3963 1302 4018 locus
1333 3968 1669 4035 angelorum,
1705 3970 1853 4024 locus

260 4051 727 4122 archangelorum,
754 4068 976 4123 regnum
1003 4055 1115 4120 Dei,
1145 4057 1314 4125 ipsum
1339 4058 1546 4112 cadum.
1574 4058 1853 4126 Quomodo

259 4157 392 4212 ergo
442 4145 485 4198 si
539 4145 658 4213 quis
715 4157 766 4202 te
819 4148 873 4201 in
925 4147 1111 4201 cadum
1166 4150 1588 4218 introduxisset,
1642 4155 1851 4209 etiamsi

260 4243 469 4302 patrem
497 4235 728 4305 videres,
758 4239 968 4293 etiamsi
996 4238 1216 4292 fratrem
1240 4281 1254 4304 ,
1286 4257 1353 4296 ne
1379 4244 1607 4298 auderes
1633 4246 1849 4314 quidem

189 4350 195 4354 -
259 4326 408 4395 loqui
441 4345 454 4380 :
482 4327 553 4383 ita
584 4329 671 4385 hic
700 4345 803 4385 non
834 4329 976 4384 aliud
1004 4329 1149 4399 loqui
1178 4339 1450 4399 oporteret
1477 4345 1674 4400 printer
1694 4337 1851 4404 Spiri-

258 4420 460 4484 tualia;
508 4435 628 4474 nam
657 4422 742 4476 hic
767 4435 978 4491 quoque
1003 4430 1086 4476 est
1111 4421 1322 4476 cazlum.
1348 4422 1499 4488 Quod
1526 4421 1568 4475 si
1599 4438 1701 4478 non
1730 4440 1853 4479 cre-

254 4510 367 4574 dis,
393 4513 575 4579 aspice
596 4515 660 4568 ad
685 4515 822 4570 hanc
846 4529 1105 4579 mensam,
1132 4513 1418 4568 recordare
1444 4522 1659 4580 propter
1689 4530 1847 4583 quam

255 4613 477 4654 causam
507 4612 562 4657 et
600 4607 945 4673 quamobrem
978 4611 1063 4662 hic
1089 4616 1224 4669 stet;
1271 4605 1440 4674 cogita
1487 4605 1606 4674 quis
1647 4607 1714 4660 sit
1759 4609 1847 4677 qui

257 4687 367 4745 huc
397 4693 669 4761 procedat,
690 4696 1008 4766 obstupesce
1035 4700 1194 4753 etiam
1217 4704 1342 4750 ante
1373 4704 1604 4766 tempus.
1636 4697 1846 4754 Etenim

255 4785 302 4838 si
356 4785 476 4855 quis
521 4787 691 4842 solum
729 4789 920 4845 viderit
960 4789 1099 4860 regis
1143 4789 1358 4854 solium,
1401 4789 1583 4844 animo
1619 4792 1850 4860 assurgit

256 4889 582 4947 exspectans
610 4883 747 4952 regis
773 4883 993 4936 exitum.
1041 4883 1106 4934 Et
1137 4889 1189 4932 tu
1221 4895 1350 4949 ergo
1380 4882 1540 4936 etiam
1567 4892 1690 4937 ante
1721 4882 1845 4936 illud

258 4974 475 5037 tempus
501 4970 822 5040 stupendum
853 4973 1130 5034 venerare,
1157 4978 1211 5023 et
1239 4970 1562 5040 obstupesce
1589 4983 1642 5028 et
1669 4987 1848 5027 assur-

259 5071 352 5124 ge,
381 5069 668 5130 antequam
694 5062 874 5118 videas
903 5075 1139 5132 expansa
1170 5062 1335 5114 aulaea
1363 5103 1377 5127 ,
1422 5073 1478 5116 et
1521 5075 1846 5131 praeeuntem

258 5147 488 5202 chorum
511 5153 840 5221 angelorum,
871 5155 922 5208 in
950 5153 1120 5224 ipsum
1145 5151 1333 5207 omium
1361 5154 1608 5208 ascende.
1639 5157 1708 5207 At
1736 5156 1849 5210 hzec

260 5242 477 5310 ignorat
520 5244 610 5309 qui
658 5247 928 5314 mysteriis
956 5261 1063 5300 non
1092 5254 1172 5299 est
1203 5244 1440 5298 initiatus
1474 5259 1488 5302 :
1523 5261 1743 5300 necesse
1769 5258 1851 5302 est

261 5345 394 5399 ergo
418 5329 496 5384 illi
520 5332 680 5384 etiam
707 5334 806 5388 alia
832 5335 1031 5391 dicere.
1061 5336 1244 5406 Neque
1274 5335 1416 5390 enim
1448 5335 1602 5390 nobis
1624 5335 1851 5394 deerunt

260 5423 366 5475 alia
409 5435 530 5491 qua:
575 5419 722 5472 illum
771 5421 1078 5491 doceamus,
1117 5442 1235 5497 qurc
1281 5424 1488 5495 possint
1534 5423 1748 5479 efﬁcere
1796 5437 1851 5482 ut

259 5521 468 5583 surgat,
501 5518 554 5566 et
583 5509 903 5580 persuadere
935 5522 990 5566 ut
1016 5515 1197 5570 volare
1225 5526 1466 5571 conetur.
1499 5514 1574 5568 Tu
1605 5530 1733 5583 ergo
1758 5518 1846 5585 qui

261 5602 382 5657 hmc
426 5604 658 5674 ignoras,
689 5601 902 5670 quando
942 5603 1173 5658 audieris
1217 5608 1528 5677 praedictam
1561 5606 1845 5673 dicentem,

260 5695 391 5750 Hzec
425 5696 554 5750 dicit
598 5695 873 5760 Dominus,
908 5695 1114 5751 lieccde
1144 5707 1376 5765 a'tcrra,
1413 5703 1523 5768 ipse
1554 5715 1765 5768 illlthtlc
1797 5701 1845 5753 in

259 5788 448 5845 uelum
479 5794 712 5846 ascende
789 5790 957 5858 Cogita
985 5791 1226 5862 quisnam
1259 5795 1323 5847 sit
1352 5795 1438 5863 qui
1469 5810 1562 5864 per
1593 5793 1734 5847 illum
1771 5802 1843 5849 tc~

1293 377 1357 433 IN
1398 373 1607 432 EPIST.
1650 373 1667 427 Ι
1731 372 1821 425 AD
1859 369 2015 426 (ΞΟΠ.
2059 371 2289 428 HOMIL.
2337 370 2574 429 XXXVI.

3475 374 3579 428 δη

2001 500 2121 540 cum
2160 484 2414 555 loquitur.
2459 484 2609 539 Nunc
2649 493 2828 539 autem
2869 482 3142 540 histrionis
3167 484 3380 556 quidem
3413 487 3576 541 risutu

1994 575 2290 641 moventis,
2327 587 2383 629 et
2423 577 2705 631 scortantis
2745 590 2808 630 ac
2848 577 3078 646 turpiter
3107 579 3316 646 agentis
3339 578 3578 634 mulieris

1994 676 2197 722 tantum
2227 669 2378 724 sedet
2405 668 2787 739 spectaculum,
2811 669 2873 723 iis
2897 684 3016 739 quae
3047 668 3297 725 dicuntur
3323 686 3574 742 magnum

1993 761 2240 830 pratbens
2269 762 2565 828 silentium,
2598 760 2756 831 idque
2784 776 2904 815 cum
2939 763 3112 816 nullus
3134 761 3320 831 jubeat
3349 773 3528 821 tacere
3553 804 3574 828 .

1989 860 2042 905 et
2061 866 2234 921 neque
2253 862 2336 908 est
2352 853 2630 915 tumultus,
2647 867 2818 923 neque
2839 856 3060 918 clamor,
3086 869 3184 909 nec
3196 853 3334 908 ullus
3352 855 3575 910 omnino

1988 944 2243 1012 strepitus
2274 963 2286 999 :
2319 944 2429 1000 Deo
2455 953 2632 1000 autem
2663 960 2694 998 e
2718 946 2863 1000 calls
2889 945 3138 1015 loquente
3159 944 3226 1000 de
3251 945 3410 1000 rebus
3435 947 3574 1003 adeo

1988 1034 2267 1104 stupendis
2292 1049 2354 1089 ac
2383 1035 2714 1101 reverendis,
2749 1036 2970 1090 canibus
2997 1053 3180 1092 sumus
3215 1038 3569 1106 impudentioo

1987 1138 2096 1189 res,
2130 1139 2197 1178 ne
2223 1124 2332 1178 Deo
2361 1125 2575 1194 quidem
2605 1134 2800 1179 tantam
2832 1125 3148 1182 exhibentes
3174 1129 3527 1185 reverentiam
3550 1168 3570 1197 ,

1985 1226 2237 1285 quantam
2270 1217 2658 1271 meretricibus.

2057 1311 2109 1366 6.
2157 1311 2316 1366 llisne
2345 1313 2538 1368 auditis
2568 1314 2958 1369 exhorruistis?
2985 1314 3147 1368 Multo
3175 1315 3343 1384 magis
3364 1315 3467 1370 hoc
3496 1314 3572 1368 fa-

1985 1402 2207 1469 cientes,
2238 1403 2469 1458 iiorrete.
2503 1404 2654 1470 Quod
2681 1405 2747 1458 de
2776 1405 2839 1458 iis
2861 1406 2948 1475 qui
2981 1419 3239 1474 pauperes
3270 1405 3573 1474 despiciunt

1984 1499 2036 1544 et
2062 1493 2160 1545 soli
2193 1494 2499 1559 comedunt,
2537 1495 2670 1548 dixit
2701 1495 2923 1560 Paulus,
2961 1496 3141 1548 Annon
3171 1495 3363 1549 habetis
3393 1496 3570 1550 domos

1982 1581 2050 1632 ad
2077 1583 2438 1636 comedendum
2463 1595 2508 1638 et
2536 1585 2842 1638 bibendum?
2880 1603 2946 1638 an
2984 1587 3244 1640 ecclesiam
3271 1584 3368 1639 Dei
3397 1596 3569 1640 conte-

1982 1673 2170 1735 mnitis,
2198 1682 2244 1724 et
2283 1689 2366 1726 eos
2409 1676 2494 1743 qui
2539 1692 2639 1728 non
2679 1677 2858 1730 habent
2891 1678 3084 1744 pudore
3109 1679 3303 1748 amcitia
3333 1679 3409 1748 (l.
3445 1677 3562 1734 Cor.

1984 1766 2067 1819 ll.
2095 1763 2232 1834 22)?
2273 1765 2402 1818 mihi
2437 1781 2649 1835 quoque
2681 1769 2958 1823 concedite
2995 1779 3053 1824 ut
3087 1770 3260 1823 dicam
3288 1771 3354 1826 de
3383 1772 3446 1824 iis
3475 1771 3566 1838 qui

1981 1852 2066 1907 hic
2097 1854 2242 1908 cient
2273 1855 2528 1908 tumultus
2558 1865 2608 1910 et
2641 1856 2929 1926 loquuntur
2959 1875 2971 1909 :
3004 1858 3194 1911 Annon
3227 1859 3435 1913 habetis
3463 1858 3566 1916 do—

1980 1962 2094 2001 mos
2125 1947 2189 2001 ad
2229 1948 2571 2018 nugandum?
2610 1964 2676 2002 an
2720 1949 2811 2002 Dei
2853 1950 3133 2004 ecclesiam
3162 1951 3468 2018 ἀρενίοἱιὶε,
3507 1962 3564 2008 et

1978 2053 2070 2092 eos
2114 2041 2274 2093 etiam
2315 2041 2659 2110 corrumpitis
2704 2042 2792 2110 qui
2837 2043 3020 2097 volunt
3065 2057 3184 2096 esse
3231 2043 3458 2098 modesti
3507 2053 3565 2099 ct

1976 2127 2178 2197 quieti?
2221 2132 2287 2184 At
2317 2130 2470 2185 vobis
2504 2142 2586 2186 est
2623 2147 2787 2187 suave
2827 2143 2880 2189 et
2915 2133 3208 2203 jucundum
3237 2135 3434 2206 alloqui
3465 2150 3563 2191 eos

1974 2220 2061 2287 qui
2088 2231 2209 2274 sunt
2231 2222 2380 2278 vobis
2403 2226 2546 2278 noti?
2575 2224 2688 2280 Non
2720 2227 2819 2281 hoc
2853 2227 3126 2296 prohibeo,
3152 2229 3247 2283 sed
3273 2229 3439 2296 domi,
3463 2227 3560 2286 sed

1974 2307 2026 2360 in
2065 2307 2213 2373 foro,
2255 2311 2349 2365 sed
2386 2315 2437 2367 in
2471 2315 2676 2371 balneis
2701 2317 2792 2370 ﬁat
2822 2336 2833 2372 :
2865 2319 3094 2375 ecclesia
3140 2322 3281 2375 enim
3327 2338 3434 2376 non
3478 2331 3563 2378 est

1972 2399 2220 2469 colloquii
2243 2400 2408 2467 locus,
2437 2404 2529 2459 sed
2556 2405 2832 2461 doctrinae.
2861 2408 3011 2463 Nunc
3033 2419 3209 2464 autem
3235 2411 3563 2469 nihildiffert

1973 2505 2001 2544 a
2035 2491 2182 2557 foro;
2227 2501 2282 2546 et
2319 2494 2363 2546 si
2405 2509 2509 2548 non
2547 2496 2617 2549 sit
2658 2496 2802 2551 dictu
2847 2499 3122 2565 audacius,
3154 2501 3290 2557 forte
3323 2518 3500 2574 neque
3528 2517 3560 2558 ι

1971 2597 2130 2638 scena
2165 2601 2178 2637 :
2211 2585 2342 2640 adeo
2371 2587 2455 2652 iis,
2477 2603 2594 2656 qua:
2624 2588 2729 2642 illic
2760 2598 3079 2654 scortantur,
3107 2593 3352 2648 lascivius
3373 2604 3429 2648 et
3457 2595 3558 2648 im~

1971 2676 2215 2746 pudicius
2256 2689 2511 2734 ornantur
2543 2697 2662 2750 quae
2695 2680 2780 2736 hic
2809 2684 3152 2738 conveniunt.
3199 2685 3324 2740 [deo
3360 2687 3556 2742 multos

1969 2784 2180 2838 quoque
2227 2771 2522 2838 impudicos
2577 2775 2662 2830 hic
2711 2776 2984 2830 attrahunt
3026 2794 3038 2828 :
3077 2785 3131 2831 et
3178 2778 3220 2831 si
3269 2779 3386 2847 quis
3439 2787 3557 2832 ten-

1970 2868 2065 2925 tet,
2098 2869 2188 2914 aut
2219 2863 2344 2914 velit
2369 2878 2714 2934 corrumpere
2743 2869 3045 2935 mulierem,
3077 2869 3272 2933 nullus;
3302 2880 3357 2924 ut
3388 2881 3514 2940 puto
3538 2909 3553 2935 ,

1968 2951 2016 3007 ei
2048 2951 2256 3007 videtur
2296 2953 2445 3009 locus
2473 2955 2648 3024 aptior
2673 2957 2928 3023 ecclesia;
2970 2969 3025 3013 et
3071 2961 3114 3014 si
3163 2962 3287 3030 quid
3323 2961 3554 3018 vendere

1967 3053 2060 3099 aut
2095 3060 2276 3101 emere
2318 3055 2596 3116 oporteat,
2634 3049 2859 3104 ecclesia
2901 3050 3109 3104 videtur
3148 3068 3268 3106 esse
3310 3054 3376 3107 ad
3424 3052 3549 3108 illud

1966 3137 2302 3192 commodior
2322 3180 2336 3205 ,
2367 3154 2525 3209 quam
2554 3138 2750 3195 lorum.
2781 3140 2876 3195 Hic
2901 3141 3041 3196 enim
3075 3141 3141 3195 de
3168 3142 3232 3195 iis
3259 3144 3409 3210 plura
3436 3147 3550 3198 col-

1967 3231 2145 3302 loquia
2169 3231 2394 3286 miscent
2414 3248 2571 3302 quam
2595 3233 2646 3287 in
2669 3235 2800 3304 ipsis
2824 3233 3072 3288 ofﬁcinis.
3102 3233 3170 3288 Et
3191 3237 3232 3286 si
3265 3237 3352 3303 qui
3384 3236 3552 3291 velint

1965 3322 2287 3376 maledicere
2315 3332 2368 3376 et
2397 3324 2679 3377 maledicta
2709 3325 2916 3390 audire,
2953 3326 3053 3380 hoc
3081 3341 3292 3397 qu0que
3322 3327 3406 3379 hic
3431 3343 3549 3380 nta-

1962 3412 2045 3482 gis
2078 3411 2280 3468 videbit
2318 3414 2627 3484 contingere
2648 3455 2661 3478 ,
2704 3431 2862 3484 quam
2891 3416 2942 3468 in
2974 3416 3127 3470 foro:
3160 3428 3213 3471 et
3245 3418 3287 3470 si
3313 3417 3549 3474 volueris

1963 3521 2051 3560 res
2090 3506 2276 3560 audire
2315 3506 2532 3571 civiles,
2562 3515 2614 3561 et
2642 3522 2759 3576 quae
2790 3507 2842 3560 in
2875 3507 3077 3562 tedibus
3107 3509 3237 3562 ﬁunt
3263 3519 3317 3562 et
3345 3525 3464 3576 quin
3495 3511 3545 3563 in

1961 3598 2174 3662 castris,
2216 3613 2283 3652 ne
2321 3612 2411 3650 eas
2455 3597 2520 3652 ad
2559 3597 2813 3667 judiciale
2854 3597 3046 3664 forum,
3077 3613 3247 3666 neque
3274 3600 3546 3667 sedcatht

1961 3687 2172 3742 ofﬁcina
2199 3688 2559 3753 medicorum;
2599 3700 2724 3743 sunt
2753 3690 2892 3742 enim
2919 3690 3008 3759 qui
3038 3689 3285 3744 omnibus
3323 3705 3543 3744 accura-

1962 3780 2066 3834 tius
2096 3778 2181 3832 hic
2207 3779 2382 3832 omnia
2417 3779 2530 3832 htec
2559 3781 2878 3832 annuntiant
2902 3798 2914 3833 :
2941 3789 2996 3834 et
3036 3779 3120 3834 hic
3161 3782 3309 3834 locus
3335 3780 3557 3849 quidvis.

1963 3873 2138 3942 potius
2169 3879 2273 3936 est,
2305 3887 2464 3942 quam
2494 3870 2742 3925 ecclesia.
2778 3870 2886 3925 Vos
2913 3869 3140 3924 fortasse
3167 3871 3319 3924 valde
3351 3871 3496 3940 tetigi
3531 3890 3543 3925 :

1959 3980 2065 4019 non
2112 3978 2210 4032 ego
2251 3963 2464 4032 quidem
2511 3962 2763 4017 arbitror.
2811 3962 3034 4029 Quando
3074 3961 3214 4015 enim
3257 3962 3307 4015 in
3351 3962 3549 4019 iisdem.

1959 4055 2337 4123 perseveratis,
2378 4055 2642 4110 undenam
2684 4055 2847 4110 sciam
2892 4054 3034 4124 quod
3074 4071 3192 4123 qua:
3235 4054 3376 4118 dicta
3420 4067 3547 4109 sunt

1959 4161 2054 4200 vos
2083 4145 2404 4215 tetigerunt?
2447 4146 2675 4200 Necesse
2704 4155 2787 4200 est
2821 4161 2951 4215 ergo
2987 4161 3171 4199 rursus
3203 4146 3391 4208 eadem
3425 4156 3543 4207 tan-

1955 4254 2102 4309 gere.
2157 4238 2405 4292 Haiccine
2454 4246 2579 4292 sunt
2625 4238 2959 4291 tolerabilia?
3006 4238 3240 4299 haeccine
3285 4237 3544 4292 ferenda?

1959 4330 2208 4396 Quoﬁdie
2234 4329 2585 4399 defatigamur
2610 4339 2663 4383 et
2692 4327 3068 4398 discerpimur,
3099 4339 3156 4382 ut
3185 4329 3313 4383 utile
3344 4329 3542 4400 aliquid

1955 4423 2131 4478 edocti
2153 4422 2437 4478 discedatis
2462 4439 2474 4474 :
2502 4437 2658 4476 nemo
2687 4430 2867 4476 autem
2891 4430 3126 4475 vestrum
3149 4421 3348 4491 aliquid
3375 4422 3543 4475 lucra-

1955 4523 2042 4567 tus
2069 4514 2292 4579 recedit,
2315 4513 2407 4568 sed
2440 4514 2628 4584 majori
2655 4514 2813 4569 etiam
2841 4515 3036 4568 damno
3055 4513 3293 4578 affectus.
3325 4512 3534 4566 Etenim

1955 4605 2007 4659 in
2043 4605 2298 4675 judicium
2345 4606 2659 4669 convenitis,
2692 4617 2813 4657 cum
2860 4605 3064 4673 peccati
3113 4604 3292 4670 utique
3337 4603 3538 4655 nullam

1955 4696 2197 4751 habeatis
2225 4697 2581 4758 occasionem,
2614 4703 2669 4747 et
2697 4693 2946 4747 meliores
2974 4701 3026 4747 et
3051 4692 3288 4756 mitiores
3318 4696 3541 4762 expelli-

1955 4788 2021 4841 tis
2050 4799 2142 4840 eos
2165 4786 2355 4840 vestris
2381 4786 2533 4853 nugis
2562 4784 2794 4854 undique
2817 4784 3061 4838 molestia
3088 4784 3402 4848 allicientes.
3432 4785 3536 4841 Sed

1953 4879 2078 4949 quid
2118 4885 2200 4933 est
2237 4877 2376 4946 quod
2417 4877 2612 4930 dicitur
2637 4893 2663 4929 a
2695 4878 2912 4931 multis?
2959 4877 3073 4931 Non
3119 4878 3296 4940 audio,
3330 4878 3534 4946 inquit,

1955 4988 2073 5042 quas
2097 4972 2371 5042 leguntur,
2407 4986 2582 5041 neque
2612 4972 2724 5026 scio
2754 4985 2811 5026 ea
2837 4986 2957 5040 qua:
2983 4971 3251 5023 dicuntur.
3282 4971 3415 5036 Quia
3450 4980 3536 5022 tu-

1955 5064 2235 5120 multuaris
2256 5105 2272 5131 ,
2307 5064 2488 5118 turbas
2517 5078 2699 5118 moves
2723 5105 2736 5123 ,
2771 5079 2943 5130 neque
2969 5062 3178 5116 accedis
3207 5077 3328 5113 cum
3357 5061 3534 5113 animo

1956 5170 2117 5212 sensu
2151 5155 2361 5225 pietatis
2392 5153 2634 5220 prmdito.
2678 5152 2813 5221 Quid
2859 5151 3032 5206 dicis?
3075 5151 3247 5203 nescis
3289 5165 3535 5217 qua-nam

1958 5247 2071 5301 lucc
2114 5246 2252 5299 dicta
2298 5244 2396 5298 sibi
2433 5243 2636 5297 velint?
2681 5245 2837 5313 Atqui
2881 5250 3100 5310 propter
3139 5240 3239 5293 hoc
3280 5239 3452 5307 ipsum
3483 5247 3534 5292 te

1957 5340 2236 5408 oportebat
2256 5336 2550 5392 attendere.
2579 5336 2632 5398 Si
2661 5345 2836 5390 autem
2867 5347 2932 5388 ne
2959 5332 3009 5385 id
3035 5332 3265 5402 quidem,
3292 5331 3430 5402 quod
3455 5340 3548 5391 est,

1957 5432 2264 5493 obscurum,
2313 5437 2458 5482 tuum
2505 5428 2698 5483 excitat
2746 5429 3021 5490 animum,
3065 5425 3230 5477 multo
3275 5425 3444 5492 magis
3491 5427 3535 5476 si

1958 5528 2136 5574 essent
2167 5519 2308 5572 clara
2338 5535 2401 5573 ac
2440 5519 2713 5573 manifesta
2741 5558 2754 5582 ,
2799 5530 2859 5570 ea
2905 5526 3362 5585 prwtercurreres.
3411 5513 3538 5567 ideo

1957 5613 2097 5666 enim
2127 5627 2296 5680 neque
2323 5612 2498 5666 omnia
2528 5619 2649 5665 sunt
2673 5607 2923 5674 dilucida,
2955 5623 3020 5661 ne
3050 5608 3121 5660 sis
3153 5605 3327 5674 piger;
3360 5619 3536 5671 neque

1957 5703 2205 5768 obseura,
2249 5719 2314 5757 ne
2356 5702 2625 5770 desperes.
2674 5700 2740 5753 Et
2785 5700 2873 5754 ille
2919 5698 3129 5768 quidem
3172 5695 3449 5750 eunuchus
3479 5703 3532 5748 ct

1961 5794 2209 5849 barbarus
2241 5795 2369 5850 nihil
2401 5809 2464 5850 ex
2499 5797 2560 5848 iis
2588 5792 2717 5850 dixit
2739 5834 2752 5860 ,
2791 5791 2882 5848 sed
2912 5801 2962 5846 et
2995 5800 3258 5844 tantorum
3293 5786 3531 5858 negotiov
