4066 6348
543 408 646 462 515

543 540 661 580 rum
716 524 1077 583 circumdatus
1122 529 1463 584 multitudine
1494 572 1510 595 ,
1561 532 1722 587 etiam
1771 547 1895 589 cum
1965 534 2018 588 in
2061 536 2143 589 via

540 626 722 681 esset,
770 618 963 674 librum
1018 619 1253 677 habebat
1309 622 1362 678 in
1412 624 1659 678 manibus
1701 633 1757 679 et
1806 626 2035 695 legebat,
2088 636 2143 681 tu

541 718 742 777 autem,
784 725 906 766 cum
953 721 1007 767 et
1039 711 1131 766 tibi
1174 713 1246 767 sit
1288 712 1442 782 copia
1496 713 1799 779 doctorum,
1845 726 1898 770 et
1946 716 2144 771 habeas

539 802 629 871 qui
681 801 772 857 tibi
820 803 1016 873 legant,
1060 802 1190 856 mihi
1233 804 1607 859 excusationes
1637 804 1843 873 profers
1881 818 1932 861 et
1961 808 2145 863 obteri.

540 900 647 949 tus.
693 892 880 948 Nescis
916 909 981 950 ea
1031 909 1151 962 quas
1202 894 1493 949 dicuntur?
1543 894 1648 949 Ora
1681 911 1812 966 ergo
1843 907 1899 951 ut
1939 897 2138 955 discas.

541 984 654 1038 lmo
698 999 829 1040 vero
877 984 993 1039 fieri
1042 1000 1148 1040 non
1198 992 1373 1054 potest
1403 993 1459 1039 ut
1486 986 1667 1043 omnia
1697 986 1931 1057 ignores.
1978 989 2140 1044 Multa

534 1076 678 1131 enim
712 1084 838 1130 sunt
865 1091 929 1130 ex
954 1090 1013 1130 se
1039 1085 1221 1146 aperta
1246 1086 1301 1132 et
1338 1078 1600 1144 dilucida;
1636 1079 1743 1133 imo
1773 1095 1903 1136 vero
1928 1083 2138 1137 etiamsi

532 1167 716 1223 omnia
782 1168 1091 1238 ignorares,
1139 1169 1217 1224 sic
1265 1185 1477 1241 quoque
1540 1180 1816 1241 oporteret
1879 1182 1932 1229 te
1983 1174 2138 1242 quie-

539 1274 716 1324 scere,
764 1268 821 1315 ut
857 1275 963 1314 non
1002 1261 1240 1331 expellas
1284 1277 1379 1318 eos
1428 1264 1518 1332 qui
1556 1264 1840 1319 attendunt
1872 1282 1885 1318 :
1919 1277 1976 1319 ut
2014 1280 2136 1320 cum

532 1350 646 1404 Deo
671 1361 948 1420 acceptum
978 1352 1138 1407 fuerit
1170 1361 1315 1406 tuum
1346 1354 1618 1408 silentium
1658 1365 1714 1411 et
1755 1355 1927 1425 pudor
1971 1366 2092 1412 tuus
2116 1399 2132 1425 ,

529 1441 648 1509 ipse
690 1456 751 1495 ea
792 1456 911 1512 qua:
950 1452 1076 1497 sunt
1103 1443 1334 1499 obscura
1383 1444 1573 1500 reddat
1612 1446 1867 1501 dilucida.
1918 1448 1989 1502 At
2026 1463 2134 1503 non

533 1542 684 1602 potes
714 1535 913 1591 silere?
943 1534 1037 1592 Exi
1061 1549 1212 1603 ergo,
1243 1550 1310 1589 ne
1337 1535 1458 1589 aliis
1486 1551 1699 1605 quoque
1724 1537 1977 1592 damnum
2005 1538 2136 1593 affe-

529 1639 638 1680 ras.
688 1623 899 1680 Etenim
932 1625 989 1677 in
1022 1625 1253 1679 ecclesia
1294 1639 1456 1681 unam
1499 1636 1715 1695 Oportet
1759 1641 1974 1697 semper
2012 1642 2135 1684 esse

530 1733 738 1783 vocem,
763 1732 828 1773 ac
852 1718 897 1771 si
927 1734 1088 1772 unum
1113 1717 1183 1772 sit
1208 1733 1423 1789 corpus.
1459 1718 1750 1791 Propterea
1776 1729 1831 1775 et
1860 1721 1950 1791 qui
1983 1721 2130 1792 legit,

528 1813 676 1865 Solus
718 1811 989 1881 loquitur;
1023 1822 1076 1866 et
1106 1812 1151 1866 is
1174 1813 1264 1883 qui
1293 1812 1660 1883 episcOpatum
1690 1813 1919 1878 obtinet,
1951 1822 2135 1868 manet

528 1904 743 1962 silentio
767 1904 999 1971 sedens;
1038 1915 1092 1961 et
1122 1907 1165 1959 is
1194 1905 1284 1976 qui
1310 1905 1511 1977 psallit,
1544 1905 1693 1960 solus
1734 1905 1945 1975 psallit;
1989 1914 2045 1960 et
2084 1904 2131 1959 si

528 2010 718 2053 omnes
745 1998 1126 2068 respondendo
1147 2006 1422 2064 resonent,
1448 2013 1550 2052 vox
1574 1998 1744 2052 fertur
1766 2008 2035 2068 tamquam
2064 2013 2130 2053 ex

527 2103 637 2143 uno
667 2103 791 2156 ore;
821 2099 877 2145 et
905 2092 994 2159 qui
1020 2089 1084 2142 ad
1111 2088 1366 2159 populum
1393 2087 1556 2143 verba
1587 2086 1734 2148 facit.
1763 2088 1913 2142 solus
1952 2087 2133 2157 loqui-

528 2188 639 2235 tttr.
670 2178 898 2246 Quando
924 2189 1103 2233 autem
1133 2177 1289 2233 multi
1315 2177 1383 2233 de
1410 2176 1596 2232 multis
1621 2187 1674 2232 et
1700 2177 1933 2232 diversis
1958 2176 2133 2231 disce-

528 2277 703 2340 plant,
736 2285 833 2324 cur
863 2269 1015 2324 vobis
1042 2267 1240 2325 frustra
1271 2268 1574 2324 molestiam
1599 2267 1992 2325 exhibeamus?
2017 2266 2129 2322 Nisi

529 2360 673 2415 enim
700 2371 899 2417 temere
929 2375 1026 2416 nos
1051 2361 1294 2416 molestia
1321 2360 1539 2417 afficere
1570 2358 1849 2429 putaretis,
1880 2358 2035 2412 nobis
2064 2356 2132 2413 de

530 2458 696 2507 tantis
744 2454 905 2507 rebus
948 2451 1311 2522 loquentibus,
1342 2451 1412 2507 de
1453 2451 1519 2508 iis
1558 2466 1680 2521 qua:
1723 2449 1854 2504 nihil
1903 2448 2133 2505 attinent

530 2559 636 2601 non
688 2543 1067 2613 loqueremini.
1118 2543 1411 2613 Pr0pterea
1438 2557 1545 2599 non
1577 2543 1631 2597 in
1655 2542 1763 2597 vita
1793 2540 1967 2597 solum
1990 2581 2006 2606 ,
2034 2540 2131 2595 sed

528 2644 584 2690 et
611 2636 665 2690 in
695 2636 807 2704 ipsa
837 2650 1016 2689 rerum
1042 2634 1443 2690 existimatione
1473 2650 1664 2705 magna
1692 2642 1777 2689 est
1806 2631 2083 2703 perversio
2113 2648 2125 2682 :

527 2726 594 2782 ad
622 2742 685 2782 ea
712 2726 911 2797 quippe
937 2742 1056 2797 quas
1081 2737 1205 2786 sunt
1232 2726 1504 2796 superflua
1536 2725 1754 2782 initiatis
1779 2765 1796 2790 ,
1822 2723 2132 2777 veritatem-

528 2836 633 2897 que
660 2820 1011 2886 dimittentes,
1046 2819 1268 2874 umbras
1292 2828 1347 2873 et
1374 2820 1581 2871 somnia
1614 2814 2020 2887 persequimini.

602 2916 905 2968 Diuitiarum
931 2914 1147 2967 vanitas.
1174 2915 1451 2968 —Annon
1475 2912 1662 2967 umbra
1695 2921 1747 2965 et
1773 2908 1980 2965 somnia
2006 2914 2129 2960 sunt

531 3006 709 3062 omnia
744 3005 1049 3073 prarsentia,
1084 3013 1137 3059 et
1168 3003 1353 3061 umbra
1376 3004 1646 3059 deteriora
1674 3002 1698 3055 Ἰ
1724 3001 1934 3056 Etenim
1957 2997 2131 3068 prius-

533 3113 691 3168 quam
724 3108 1057 3168 appareant,
1098 3097 1396 3161 recedunt;
1428 3106 1482 3151 et
1519 3097 1831 3167 priusquam
1863 3091 2081 3146 avolent
2111 3129 2127 3155 ,

1256 410 1310 465 5.
1351 410 1631 466 JOANNIS
1669 413 2149 473 CIIRYSOSTOMI
2186 420 2501 481 ARCHIEP.
2544 425 3080 485 CONSTANTINOP.

3744 440 3853 497 316

2251 554 2499 607 magnam
2541 541 2800 599 exhibent
2841 547 3299 614 perturbationem
3321 591 3337 616 ,
3370 558 3425 604 et
3457 550 3721 623 majorem
3758 557 3847 611 illa

2251 632 2542 702 voluptate.
2572 632 2643 689 Et
2670 634 2715 689 si
2743 634 2830 692 hic
2858 636 3277 697 innumerabiles
3305 654 3554 715 acceptas
3596 645 3851 704 infoderit

2249 724 2538 792 pecunias,
2560 740 2683 781 cum
2712 742 2818 782 nox
2850 731 3203 798 praeterierit,
3234 732 3357 790 hinc
3384 736 3557 793 nudus
3584 740 3795 796 recedit
3826 759 3841 804 ;

2247 824 2301 870 et
2329 818 2545 873 merito.
2572 819 2703 876 Nam
2731 829 2787 878 et
2811 823 2900 894 qui
2934 824 2989 879 in
3017 826 3223 881 somnis
3251 839 3377 884 sunt
3399 831 3627 902 divites,
3659 850 3782 891 cum
3817 854 3851 894 e

2246 909 2410 963 cubili
2440 914 2796 981 surrexerint,
2824 915 2959 970 nihil
2983 915 3262 974 habentex
3285 920 3352 975 iis
3377 936 3496 992 quae
3523 926 3852 983 videbantur

2248 998 2446 1057 habere
2475 1002 2809 1061 dormientes
2838 1026 2853 1063 :
2884 1008 2955 1063 ita
2984 1009 3149 1065 etiam
3188 1013 3335 1066 avari
3366 1023 3423 1068 et
3447 1017 3539 1085 qui
3568 1018 3725 1087 plura
3749 1020 3849 1075 ba-

2245 1088 2405 1147 bendi
2451 1093 2702 1150 laborant
2742 1097 3073 1169 cupiditate;
3107 1101 3217 1156 imo
3264 1118 3394 1159 vero
3440 1120 3547 1161 non
3596 1108 3667 1163 ita
3701 1152 3715 1174 ,
3747 1111 3847 1167 sed

2247 1182 2408 1256 longe
2446 1186 2621 1257 pejus.
2655 1187 2789 1243 Nam
2831 1190 2922 1259 qui
2955 1192 3008 1247 in
3041 1194 3250 1249 somnis
3278 1196 3495 1266 quidem
3526 1208 3612 1253 est
3636 1199 3798 1257 dives
3829 1245 3847 1270 ,

2245 1291 2421 1347 neque
2451 1278 2611 1334 habet
2641 1281 2900 1349 pecunias
2923 1298 3061 1352 quas
3091 1285 3146 1340 in
3182 1286 3389 1343 visione
3415 1303 3475 1344 se
3502 1291 3729 1359 putabat
3753 1292 3851 1348 ba-

2244 1367 2376 1423 bere
2394 1410 2410 1435 ,
2431 1386 2606 1440 neque
2634 1371 2743 1427 alio
2772 1374 3026 1443 quopiam
3049 1377 3192 1433 malo
3215 1378 3284 1433 ab
3314 1378 3419 1435 hac
3450 1381 3660 1439 visione
3688 1400 3852 1441 acce-

2243 1469 2357 1530 pto,
2378 1463 2585 1533 surgit:
2615 1463 2717 1520 iste
2740 1476 2946 1533 autem,
2969 1470 3210 1538 pecuniis
3234 1472 3449 1543 quidem
3474 1484 3557 1530 est
3577 1476 3846 1546 privatus,

2243 1553 2476 1621 peccatis
2502 1564 2684 1610 autem
2722 1571 2843 1627 qua:
2871 1571 2938 1612 ex
2970 1560 3210 1627 pecuniis
3236 1572 3353 1617 orta
3378 1573 3505 1620 sunt
3540 1566 3786 1635 repletus
3818 1609 3835 1633 ,

2242 1641 2502 1710 discedit;
2534 1653 2731 1700 etcum
2760 1664 2882 1718 quae
2909 1664 2976 1705 ex
3010 1649 3210 1706 divitiis
3236 1652 3393 1720 (lunt,
3418 1656 3628 1711 visione
3655 1672 3848 1728 appre-

2244 1732 2492 1790 henderit
2518 1775 2532 1799 ,
2560 1737 2699 1791 mala
2728 1738 2852 1795 inde
2873 1749 2991 1795 orta
3023 1757 3131 1797 non
3163 1742 3308 1798 videt
3340 1746 3475 1799 ultra
3508 1748 3561 1801 in
3588 1748 3801 1804 visione
3828 1790 3846 1815 ,

2241 1826 2336 1880 sed
2370 1825 2423 1880 in
2455 1828 2571 1896 ipsa
2616 1844 2799 1884 rerum
2831 1831 3062 1889 veritate
3096 1850 3111 1887 :
3142 1844 3197 1888 et
3220 1834 3317 1891 fuit
3344 1838 3562 1907 quidem
3591 1840 3850 1911 voluptas

2242 1914 2295 1968 in
2322 1918 2527 1971 somnis
2552 1934 2567 1984 ;
2599 1918 2743 1987 quod
2764 1927 2946 1974 autem
2973 1936 3040 1977 ex
3068 1923 3342 1993 voluptate
3363 1930 3605 1984 nascitur
3634 1932 3850 2001 suppli-

2240 2004 2384 2059 cium
2416 2046 2430 2070 ,
2460 2020 2567 2061 non
2609 2008 2793 2079 utique
2816 2008 3016 2065 accidit
3043 2010 3097 2066 in
3119 2014 3326 2069 somnis
3347 2056 3363 2081 ,
3396 2016 3492 2071 sed
3522 2017 3577 2072 in
3610 2019 3726 2087 ipsa
3750 2036 3849 2076 ex-

2242 2096 2504 2171 perientia
2530 2112 2545 2161 ;
2577 2098 2687 2152 imo
2714 2114 2846 2155 vero
2869 2101 3029 2155 etiam
3059 2110 3187 2158 ante
3230 2103 3361 2160 illud
3400 2108 3728 2177 supplicium
3758 2109 3849 2165 hic

2238 2203 2453 2259 quoque
2480 2198 2751 2246 extremas
2776 2192 2869 2247 dat
2890 2208 3104 2262 pmnas,
3138 2204 3197 2251 ut
3222 2198 3315 2269 qui
3346 2198 3399 2252 in
3422 2200 3733 2270 colligendo
3760 2212 3847 2258 at-

2241 2289 2446 2334 teratur
2493 2280 2976 2340 innumerabilibus
3016 2286 3185 2341 animi
3218 2289 3661 2358 egritudinibus,
3690 2291 3848 2347 solli.

2238 2370 2587 2437 ciludinibus,
2618 2376 3074 2445 accusationibus,
3106 2379 3411 2449 calumniis,
3443 2383 3764 2439 tumultibus
3786 2394 3845 2440 et

2239 2463 2757 2533 perturbationibus.
2792 2466 2861 2522 Ut
2890 2483 3020 2538 ergo
3049 2478 3100 2524 et
3130 2486 3162 2525 a
3190 2473 3415 2527 somniis
3446 2474 3767 2540 liberemur,
3791 2486 3849 2530 et

2239 2567 2268 2605 a
2302 2555 2458 2608 malis
2504 2569 2625 2625 qua:
2670 2571 2779 2611 non
2816 2568 2943 2612 sunt
2976 2559 3030 2613 in
3076 2561 3340 2629 somniis,
3373 2578 3473 2633 pro
3519 2565 3748 2621 avaritia
3791 2578 3851 2623 et

2239 2643 2393 2713 plura
2420 2644 2649 2701 habendi
2675 2648 2967 2717 cupiditate
2996 2650 3397 2723 eleemosynam
3428 2656 3711 2726 eligamus,
3748 2672 3847 2727 pro

2239 2736 2427 2803 rapina
2457 2734 2865 2809 benignitatem.
2913 2740 3005 2796 Sic
3057 2744 3203 2798 enim
3238 2747 3526 2816 praesentia
3570 2757 3628 2802 et
3664 2749 3846 2804 futura

2239 2825 2380 2881 bona
2406 2841 2761 2899 assequemur
2787 2872 2802 2898 ,
2832 2833 3002 2903 gratia
3033 2843 3089 2890 et
3124 2836 3456 2907 benignitate
3493 2840 3707 2895 Domini
3738 2856 3842 2897 no-

2239 2917 2338 2970 stri
2361 2916 2491 2971 Jesu
2521 2918 2726 2974 Christi
2752 2962 2769 2987 ,
2799 2923 3017 2991 quicum
3044 2924 3191 2980 Patri
3221 2943 3435 2991 unaque
3465 2929 3688 2999 Spiritui
3718 2948 3846 2988 san-

2239 3017 2330 3064 cto
2359 3008 2553 3078 gloria,
2584 3010 2871 3081 imperium
2893 3054 2910 3077 ,
2940 3013 3116 3070 honor
3138 3056 3154 3075 .
3187 3032 3331 3073 nunc
3355 3027 3410 3074 et
3434 3035 3672 3090 semper,
3699 3033 3756 3079 et
3788 3025 3843 3081 in

2239 3100 2435 3155 sarcula
2458 3101 2801 3157 satculorum.
2837 3105 3033 3161 Amen.

533 3201 3825 3235 ..Μ’-’Ἣ

1731 3290 2086 3363 HOMILIA
2127 3285 2462 3353 XXXVII.
2544 3370 2547 3371 ί

531 3453 660 3509 ΕΜ».
708 3451 796 3509 14.
830 3466 882 3501 v.
910 3449 997 3504 54.
1037 3446 1276 3504 Mulieres
1315 3455 1493 3500 vestra:
1527 3445 1578 3497 in
1629 3439 1853 3497 ecclesiis
1900 3444 2121 3492 taceant.

604 3541 725 3597 Non
753 3542 884 3595 enim
913 3540 1220 3612 permittitur
1243 3540 1312 3592 cis
1337 3537 1496 3608 loqui,
1517 3534 1607 3590 sed
1635 3532 1864 3587 subditas
1891 3546 2017 3594 esse,
2050 3530 2123 3583 si-

600 3643 684 3695 cut
712 3644 759 3688 ct
790 3637 872 3687 lea:
898 3632 1044 3687 dicit.

601 3727 653 3780 1.
686 3725 822 3780 Cum
851 3740 998 3791 eum,
1029 3723 1119 3793 qui
1151 3738 1214 3777 ex
1247 3721 1443 3792 linguis
1476 3719 1752 3774 oriebatur
1784 3760 1799 3784 ,
1835 3716 2123 3771 tumultum

528 3825 878 3889 amputassct,
908 3824 963 3871 et
988 3830 1108 3869 eum
1139 3816 1227 3883 qui
1253 3829 1315 3869 ex
1340 3812 1658 3883 pr0phetiis,
1689 3819 1744 3866 et
1770 3810 1941 3880 legem
1976 3809 2128 3863 tulis-

527 3919 608 3963 set
632 3950 646 3973 ,
680 3924 747 3962 ne
777 3917 919 3964 esset
951 3906 1232 3971 confusio,
1273 3915 1328 3959 ιιι
1355 3905 1445 3976 qui
1490 3905 1684 3975 linguis
1717 3903 2076 3974 loquebantur
2105 3941 2122 3968 ,

530 4002 629 4055 hoc
651 4001 889 4055 vicissim
915 4002 1155 4054 facerent
1184 4039 1201 4065 ,
1233 4008 1288 4053 et
1320 4006 1377 4051 ut
1408 3996 1499 4066 qui
1531 3995 1929 4067 prophetaban't
1955 4035 1971 4061 ,
2000 4008 2123 4049 cum

528 4092 667 4149 alter
696 4091 1005 4160 inccpisset,
1042 4098 1284 4145 tacerent
1314 4107 1327 4143 :
1360 4088 1603 4159 procedit
1626 4086 1840 4142 demum
1870 4086 2033 4141 etiam
2055 4084 2123 4139 ad

530 4184 987 4253 perturbationem
1012 4198 1131 4254 quze
1157 4184 1329 4238 oritur
1350 4198 1418 4238 ex
1448 4181 1766 4237 mulieribus
1795 4220 1809 4244 ,
1839 4186 2125 4249 amputans

525 4292 709 4333 earum
742 4277 1102 4348 importunam
1134 4276 1386 4346 loquendi
1420 4275 1721 4330 libertatem
1746 4274 1935 4344 :idque
1965 4272 2125 4326 valde

525 4380 845 4439 opportune.
877 4370 1009 4423 Nam
1037 4369 1082 4423 si
1116 4368 1180 4423 iis
1202 4410 1216 4435 ,
1246 4369 1337 4438 qui
1368 4368 1569 4424 habent
1596 4367 1923 4423 charismata
1953 4408 1969 4433 ,
2015 4382 2121 4421 non

527 4462 853 4529 permittitur
887 4470 1092 4515 temere
1122 4460 1264 4530 loqui
1298 4503 1313 4527 ,
1348 4475 1525 4530 neque
1553 4460 1769 4531 quando
1806 4460 2012 4525 velint,
2040 4459 2122 4513 id-

523 4565 629 4621 que
659 4566 781 4606 cum
815 4560 1131 4606 moveantur
1155 4568 1181 4604 a
1207 4550 1411 4622 Spiritu
1440 4594 1455 4616 ,
1484 4552 1655 4607 multo
1693 4552 1865 4622 magis
1896 4551 2000 4606 illis
2038 4552 2118 4604 in-

522 4642 865 4698 considerate
911 4652 965 4698 et
1006 4658 1141 4699 vane
1183 4644 1529 4713 nugantibus.
1584 4643 1877 4714 Propterea
1929 4657 2119 4712 magna

518 4749 734 4806 quoque
759 4748 882 4789 cum
912 4736 1233 4790 auctoritate
1260 4736 1575 4807 nugantinm
1611 4750 1704 4789 ora
1736 4734 1969 4789 obstruit
1999 4750 2015 4799 ;
2064 4744 2119 4788 et

518 4829 639 4897 lege
676 4842 857 4883 secum
897 4833 1174 4894 assumpta
1210 4867 1226 4893 ,
1254 4840 1442 4882 eorum
1479 4827 1558 4881 sic
1583 4841 1678 4885 ora
1717 4826 1953 4881 obturat.
1997 4825 2117 4880 Non

520 4920 694 4974 solum
739 4920 884 4974 enim
929 4918 1016 4973 hic
1040 4916 1233 4973 suadet
1262 4958 1278 4981 ,
1312 4933 1488 4987 neque
1522 4919 1795 4984 consulit,
1827 4918 1922 4974 sed
1952 4918 2114 4973 etiam

519 5011 869 5066 vehementer
896 5012 1126 5082 imperat
1155 5050 1171 5075 .
1207 5010 1392 5081 legens
1428 5009 1703 5077 antiquam
1737 5010 1819 5062 his
1857 5010 1924 5063 de
1955 5010 2116 5063 rebus

519 5102 717 5173 legem.
747 5100 880 5159 Nam
909 5117 1028 5165 cum
1063 5104 1289 5158 dixisset
1322 5119 1337 5157 :
1370 5100 1617 5156 Mulieres
1645 5108 1822 5153 vestra:
1868 5099 1921 5151 in
1960 5101 2118 5152 eccle-

514 5196 602 5251 siis
625 5203 844 5261 taceant,
870 5201 955 5259 et,
988 5192 1110 5249 Non
1139 5195 1445 5264 permittitur
1469 5194 1539 5248 eis
1562 5192 1734 5263 loqui,
1759 5192 1848 5246 sed
1868 5190 2117 5260 subjectos

514 5304 621 5340 esse
648 5328 663 5353 ,
696 5284 977 5357 subjunxit
1010 5302 1023 5340 :
1053 5283 1201 5339 Sicut
1229 5294 1276 5338 et
1310 5286 1392 5339 lex
1426 5286 1568 5338 dicit.
1611 5286 1680 5340 Et
1728 5272 1818 5340 ubi
1852 5283 1955 5339 hoc
1985 5282 2115 5338 dicit

514 5378 600 5432 lex
632 5381 655 5430 ἲ
686 5377 764 5430 Ad
788 5378 952 5431 virum
975 5386 1117 5432 tuum
1146 5378 1407 5432 conversio
1430 5387 1539 5442 tua,
1571 5387 1619 5431 et
1640 5379 1748 5447 ipse
1772 5377 1863 5433 tibi
1884 5377 2112 5432 domina-

514 5472 648 5525 bitur
701 5472 719 5542 (
748 5469 876 5525 Gen.
903 5472 959 5531 3.
994 5472 1058 5527 £6
1095 5472 1135 5543 ).
1168 5470 1419 5546 Vidistin‘
1463 5470 1612 5531 Pauli
1665 5472 1982 5539 sapientiam
2009 5514 2024 5538 ,
2057 5478 2115 5525 et

513 5574 768 5635 quantum
793 5562 1078 5619 adduxerit
1111 5564 1505 5628 testimonium,
1525 5562 1668 5632 quod
1698 5578 1801 5615 non
1825 5564 1997 5617 solum
2017 5576 2111 5618 eas

508 5659 695 5727 jubeat
719 5667 897 5712 tacere
922 5698 939 5724 ,
979 5656 1073 5711 sed
1116 5658 1275 5711 etiam
1302 5668 1483 5713 tacere
1506 5670 1628 5709 cum
1669 5664 1815 5709 metu
1842 5697 1859 5722 ,
1906 5666 1960 5710 et
1987 5671 2109 5709 cum

516 5756 667 5803 tanto
709 5758 876 5816 metu,
907 5764 1029 5804 cum
1082 5757 1285 5818 quanto
1330 5748 1583 5803 ancillam
1630 5754 1845 5816 oportet
1897 5746 2110 5804 silere?

516 5836 804 5911 Propterea
827 5855 949 5897 cum
969 5842 1080 5913 ipse
1102 5839 1345 5907 dixisset,
1377 5837 1493 5894 Non
1521 5836 1826 5909 permittitur
1848 5836 1918 5890 eis
1948 5838 2104 5906 loqui,

2230 3447 2338 3487 non
2367 3431 2664 3502 subjunxit,
2686 3431 2793 3487 Sed
2813 3441 3013 3499 tacere,
3034 3435 3128 3490 sed
3159 3450 3258 3505 pro
3284 3445 3463 3493 tacere
3490 3441 3672 3509 posuit
3694 3442 3843 3511 quod

2230 3534 2313 3578 est
2339 3524 2569 3593 amplius
2598 3565 2614 3589 ,
2652 3538 2846 3593 nempe
2874 3524 3086 3593 subjici.
3114 3525 3171 3581 Si
3204 3527 3307 3583 hoc
3337 3538 3516 3586 autem
3550 3532 3695 3601 apud
3724 3549 3845 3588 ma-

2232 3619 2367 3672 ritos
2397 3657 2414 3681 ,
2455 3615 2628 3672 multo
2659 3616 2830 3687 magis
2870 3616 3011 3686 apud
3044 3617 3297 3675 doctores
3338 3629 3394 3676 et
3440 3631 3624 3691 patres
3650 3665 3665 3688 ,
3698 3632 3759 3679 et
3787 3625 3840 3679 in

2233 3708 2504 3763 communi
2549 3716 2691 3764 cmtu
2720 3708 2989 3764 ecclesiat.
3035 3712 3107 3764 At
3148 3712 3192 3765 si
3235 3726 3343 3767 non
3382 3713 3673 3784 loquantur
3702 3758 3719 3781 ,
3752 3716 3841 3771 in-

2232 3803 2388 3873 quies
2413 3842 2428 3866 ,
2463 3817 2566 3858 nec
2596 3801 2933 3872 interrogent
2955 3844 2971 3869 ,
2999 3818 3232 3873 quanam
3260 3805 3328 3862 de
3354 3821 3518 3861 causa
3549 3808 3788 3864 aderunt
3817 3810 3844 3865 ?

2233 3893 2301 3950 Ut
2327 3893 2549 3948 audiant
2567 3893 2785 3963 quidem
2814 3908 2935 3963 quae
2954 3904 3206 3963 oportet,
3234 3910 3298 3950 ea
3325 3906 3506 3953 autem
3533 3898 3604 3953 de
3627 3901 3838 3969 quibus

2231 3985 2501 4048 dubitant,
2527 4002 2557 4039 a
2587 3985 2793 4040 maritis
2824 3985 3232 4040 domi'discant.
3266 3986 3335 4041 Et
3360 3987 3482 4042 ideo
3508 3987 3794 4059 subjunxit
3822 4008 3839 4046 :

2230 4077 2321 4133 55.
2349 4078 2411 4132 Si
2440 4077 2565 4147 quid
2584 4088 2754 4131 autem
2788 4078 2962 4131 volunt
3002 4078 3197 4131 discere
3222 4119 3236 4143 ,
3269 4078 3407 4132 domi
3433 4079 3568 4134 uiros
3598 4097 3723 4137 suos
3750 4084 3841 4138 in-

2231 4178 2502 4239 terrogent.
2526 4168 2641 4222 Non
2668 4168 2865 4234 solum,
2897 4168 3086 4237 inquit,
3117 4183 3223 4223 non
3256 4169 3361 4225 illis
3386 4169 3529 4241 loqui
3560 4173 3841 4241 permitti-

2231 4270 2338 4327 tur,
2369 4261 2463 4316 sed
2494 4276 2594 4316 nec
2620 4261 2822 4332 aliquid
2852 4261 3186 4331 interrogare
3209 4262 3260 4316 in
3279 4263 3527 4318 ecclesia.
3560 4264 3618 4318 Si
3646 4275 3837 4323 autem

2229 4371 2336 4410 non
2366 4364 2579 4423 oportet
2605 4354 2961 4425 interrogare,
2996 4354 3170 4409 multo
3194 4357 3367 4426 magis
3389 4356 3641 4412 absolute
3677 4358 3839 4414 nefas

2228 4456 2310 4502 est
2331 4446 2497 4517 loqui.
2529 4445 2597 4501 Et
2624 4461 2720 4501 cur
2745 4460 2837 4500 eas
2862 4444 2929 4499 ad
2955 4455 3153 4499 tantam
3180 4446 3386 4516 redegit
3407 4446 3840 4515 subjecuonem?

2230 4540 2520 4610 Propterea
2550 4539 2693 4609 quod
2718 4539 2915 4593 mulier
2940 4552 3028 4592 res
3054 4548 3137 4593 est
3164 4538 3424 4594 imbecilla
3450 4549 3504 4595 et
3530 4539 3752 4596 mobilis
3779 4554 3841 4599 et

2229 4634 2383 4687 levis.
2433 4632 2558 4687 ideo
2600 4632 2680 4686 eis
2718 4631 2941 4685 maritos
2968 4630 3211 4701 praefecit
3247 4631 3538 4698 doctores,
3567 4641 3838 4705 utrosque

2222 4722 2435 4793 juvans.
2466 4723 2601 4779 Nam
2627 4731 2683 4778 et
2711 4721 2831 4777 illas
2857 4721 3090 4777 reddidit
3119 4723 3412 4786 modestas.
3432 4731 3487 4780 et
3517 4721 3619 4777 bos
3639 4723 3835 4781 reddi-

2224 4817 2304 4872 dit
2318 4831 2520 4889 gnavos
2546 4824 2599 4871 et
2628 4817 2908 4879 sollicitos,
2933 4815 3097 4886 utqui
3123 4829 3209 4882 ea,
3235 4830 3356 4886 quas
3394 4814 3703 4883 audierant,
3734 4832 3834 4874 es-

2225 4920 2347 4965 sent
2417 4909 2764 4964 exactissime
2832 4907 2978 4978 apud
3051 4923 3144 4963 eas
3223 4904 3543 4976 deposituri.
3618 4907 3837 4969 Deinde

2224 5001 2478 5069 quoniam
2509 5000 2560 5054 id
2588 5008 2908 5054 ornamento
2922 4999 3022 5053 sibi
3048 4998 3163 5053 fore
3183 4996 3451 5051 ducebant
3466 4998 3607 5067 quod
3630 5000 3834 5070 loque-

2223 5101 2413 5147 rentur
2435 5092 2667 5161 publice,
2697 5107 3003 5148 sermonem
3024 5092 3113 5146 ille
3132 5088 3350 5145 deducit
3379 5088 3431 5142 in
3462 5090 3829 5160 contrarium,

2222 5182 2411 5239 dicens
2441 5201 2456 5237 :
2486 5182 2661 5256 Turpe
2688 5194 2761 5239 est
2787 5184 2923 5239 enim
2946 5182 3148 5236 mulieri
3169 5181 3309 5250 loqui
3333 5181 3387 5233 in
3419 5182 3653 5235 ecclesia.
3682 5181 3826 5241 Nam

2222 5277 2453 5347 primum
2478 5279 2693 5347 quidem
2725 5278 2829 5333 hoc
2853 5275 3196 5331 confirmavit
3221 5287 3251 5325 a
3282 5272 3402 5343 lege
3430 5272 3526 5328 Dei
3558 5290 3575 5339 ;
3618 5275 3826 5333 deinde

2220 5388 2250 5426 a
2271 5372 2541 5427 communi
2565 5374 2773 5426 ratione
2794 5377 2850 5424 et
2868 5364 3259 5423 consuetudine
3277 5364 3445 5420 :sicut
3464 5368 3627 5422 etiam
3648 5382 3823 5437 quan.

2220 5466 2289 5519 do
2318 5468 2397 5521 eis
2423 5468 2491 5521 de
2521 5481 2676 5520 coma
2702 5462 2939 5525 dicebat,
2959 5462 3143 5514 Annon
3171 5460 3265 5515 hoc
3288 5476 3374 5515 eos
3399 5462 3516 5531 ipsa
3542 5463 3689 5516 docet
3716 5477 3824 5514 rra-

2222 5570 2338 5611 rura
2359 5560 2432 5632 (ι.
2465 5558 2583 5611 (.‘or.
2618 5558 2706 5611 Η.
2740 5553 2861 5623 ll)?
2891 5552 2959 5606 Et
2980 5552 3177 5622 ubique
3203 5554 3321 5625 ejus
3348 5557 3510 5611 talem
3533 5551 3822 5610 inveneris

2220 5651 2458 5714 modum,
2488 5664 2594 5702 non
2625 5664 2693 5702 ex
2724 5645 2923 5699 divinis
2950 5644 3244 5717 Scripturis
3267 5689 3283 5714 ,
3316 5648 3413 5703 sed
3443 5664 3509 5703 ex
3535 5648 3649 5714 ipsa
3678 5656 3822 5697 con-

2216 5742 2499 5797 suetudine
2529 5738 2732 5808 pndorc
2752 5735 3095 5793 afﬁcientcm.
3115 5740 3383 5795 Praeterea
3403 5739 3472 5793 ab
3491 5736 3557 5790 iis
3578 5748 3819 5804 quoque,

2215 5850 2334 5903 qua:
2364 5832 2604 5887 omnium
2628 5828 2881 5898 opinione
2909 5829 3154 5887 feruntur
3185 5871 3201 5897 ,
3228 5839 3287 5886 et
3312 5842 3431 5899 qua:
3462 5824 3662 5897 ubique
3686 5835 3821 5883 sunt
