4076 6336
171 580 279 637 κᾶν
314 585 531 639 ἅπαντα
587 588 804 659 ἀγνοῇς,
855 588 949 641 καὶ
975 588 1147 652 οὕτως
1177 590 1472 659 ἡσυχάζειν
1505 590 1633 655 ἔδει,
1671 592 1758 645 ἵνα

174 664 253 735 μὴ
282 668 406 729 τοὺς
433 670 802 738 προσέχοντας
820 671 1153 742 ⁴ἐκκρούσης,
1177 674 1263 725 ἵνα
1288 690 1380 725 σου
1406 674 1503 744 τὴν
1526 674 1757 743 ἡσυχίαν

172 750 271 800 καὶ
297 749 395 818 τὴν
431 750 567 803 αίδὼ
606 752 1011 822 ἀποδεξάμενος
1047 757 1075 806 ὁ
1121 754 1272 819 Θεὸς,
1317 757 1410 809 καὶ
1453 755 1523 807 τὰ
1571 757 1755 825 ἀσαφῆ

171 834 382 903 ποιήσῃ
404 833 556 900 δῆλα.
598 834 736 887 Ἀλλ’
764 836 824 887 οὐ
850 836 1075 889 δύνασαι
1110 839 1265 907 σιγᾷν
1288 858 1300 903 ;
1358 838 1566 891 Οὐκοῦν
1594 838 1753 905 ἔξιθι,

172 910 265 966 ἵνα
299 914 376 984 μὴ
431 916 524 968 καὶ
577 918 787 987 ἑτέροις
830 920 960 990 γένῃ
1000 920 1195 990 βλάϐη.
1249 922 1357 972 Καὶ
1387 922 1497 990 γὰρ
1537 922 1667 989 μίαν
1697 922 1756 975 ὲν

168 994 448 1067 ἐκκλησία
475 999 559 1050 δεῖ
596 1000 778 1070 φωνὴν
819 999 956 1055 εἶναι
1002 1004 1109 1064 ἀεὶ,
1147 1002 1397 1075 καθάπερ
1441 1004 1559 1067 ἐνὸς
1601 1005 1755 1068 ὄντος

172 1076 455 1147 σώματος.
477 1081 575 1132 Διά
602 1081 758 1134 τοῦτο
790 1085 884 1135 καὶ
908 1088 935 1136 ὁ
958 1085 1348 1151 ἀναγινώσκων
1382 1086 1542 1155 μόνος
1586 1087 1755 1154 φθέγο

170 1176 374 1226 γεταν
407 1164 501 1215 καὶ
529 1163 692 1226 αὐτὸς
733 1167 762 1217 ό
805 1165 906 1236 τὴν
955 1167 1262 1237 ἐπισκοπὴν
1312 1168 1451 1237 ἔχων
1498 1169 1755 1237 ἀνέχεται

171 1247 304 1313 σιγῇ
337 1247 673 1316 καθήμενος⁸
727 1250 820 1302 καὶ
865 1252 894 1303 ό
924 1250 1139 1317 ψάλλων
1189 1252 1380 1320 ψάλλει
1423 1252 1611 1322 μόνοςο
1649 1254 1754 1307 κᾶν

168 1329 379 1391 πάντες
405 1330 707 1399 ὐπηχῶσιν,
735 1331 810 1394 ὼς
849 1332 907 1398 ἐξ
957 1334 1075 1395 ἐνὸς
1110 1336 1379 1405 στόματος
1412 1338 1444 1397 ἡ
1477 1335 1627 1406 φωνὴ
1658 1336 1755 1404 φέ-

168 1425 359 1477 ρεταιο
394 1414 484 1464 καὶ¹
524 1416 552 1466 ὁ
581 1413 785 1484 ὁμιλῶν
814 1415 994 1485 ὁμιλεῖ
1023 1416 1204 1484 μόνος.
1248 1419 1414 1470 Ὅταν
1464 1418 1520 1470 δὲ
1566 1419 1755 1472 πολλοί⁵

167 1491 267 1543 καὶ
318 1494 489 1546 πολλά
537 1498 631 1549 καὶ
674 1497 905 1568 διάφορα
950 1498 1331 1565 διαλέγωνται,
1392 1499 1533 1561 τίνος
1566 1499 1754 1553 ἕνεκεν

164 1576 497 1646 ἐνοχλοῦμεν
554 1581 718 1649 ἡμεῖς
753 1582 915 1651 είκῆ;
969 1582 1103 1635 Οὐδὲ
1137 1581 1246 1652 γὰρ
1284 1584 1332 1635 εί
1372 1584 1447 1653 μὴ
1501 1583 1626 1652 είκῆ
1662 1586 1751 1637 ἐν·

161 1658 353 1725 οχλεῖν
379 1662 526 1729 ἡμᾶς
544 1662 787 1731 ἡγεῖσθε,
822 1665 952 1733 περὶ
998 1664 1333 1735 τηλικούτων
1364 1667 1751 1735 φθεγγομένων

165 1740 353 1807 ἡμῶν,
380 1743 509 1812 περὶ
542 1744 653 1797 τῶν
684 1745 838 1798 οὐδὲν
869 1746 935 1799 ἂν
980 1747 1369 1818 προσηκόντων
1400 1751 1558 1818 ὑμεῖς
1588 1749 1750 1802 διελέ-

164 1823 356 1888 γεσθε.
397 1826 495 1879 Διά
539 1828 711 1882 ταῦτα
744 1830 845 1883 οὐκ
873 1830 930 1882 ἐν
972 1828 1050 1899 τῷ
1086 1829 1185 1898 βίῳ
1235 1831 1396 1898 μόνον
1434 1831 1583 1899 ὑμῖν,
1611 1832 1750 1885 ἀλλά

165 1903 267 1956 καὶ
298 1906 356 1957 ἐν
380 1908 517 1979 αὐτῇ
548 1909 657 1964 τῶν
687 1912 1025 1982 πραγμάτων
1052 1913 1118 1981 τῇ
1144 1910 1313 1983 ψήφῳ
1356 1912 1527 1982 πολλὴ
1561 1914 1595 1982 ἡ
1626 1914 1746 1966 δια-

165 1992 414 2060 στροφή·
471 1992 568 2046 καὶ
612 1999 742 2068 περὶ
794 1996 863 2048 τὰ
912 1996 1143 2065 περιττά
1176 1998 1471 2066 κεχήνατε,
1524 1998 1620 2049 καὶ
1651 1998 1751 2067 τὴν

161 2071 427 2141 ἀλήθειαν
454 2077 704 2147 ἀφέντες,
766 2078 866 2143 τὰς
905 2080 1063 2144 σκιὰς
1093 2078 1187 2133 καὶ
1229 2081 1298 2133 τά
1342 2080 1596 2150 ὀνείρατα
1623 2079 1749 2133 διώ-

163 2172 318 2211 κετε.

238 2310 311 2362 Ἦ
346 2311 408 2361 οὐ
440 2310 569 2365 σκιά
599 2312 695 2364 καὶ
723 2312 977 2383 ὀνείρατα
1010 2313 1078 2365 τά
1106 2313 1353 2384 παρόντα
1382 2314 1622 2379 ἀπάντα,
1662 2316 1752 2368 καὶ

163 2394 329 2454 σκιᾶς
355 2395 554 2462 χείρω;
592 2395 699 2447 Καὶ
731 2394 842 2465 γὰρ
884 2396 1013 2466 πρὶν
1042 2397 1075 2466 ἢ
1125 2396 1382 2466 φανῆναι,
1417 2396 1747 2464 ἀφίπταται,

162 2474 262 2526 καὶ
291 2476 422 2545 πρὶν
452 2477 786 2546 ἀποπτῆναι,
815 2478 983 2531 πολὺν
1015 2480 1247 2549 παρέχει
1279 2480 1371 2533 τὸν
1402 2479 1633 2551 θόρυϐον
1657 2485 1751 2535 καὶ

162 2556 393 2609 πλείονα
425 2559 523 2629 τῆς
554 2559 765 2630 ἡδονῆς.
817 2560 937 2615 Κᾶν
967 2563 1143 2633 μυρία
1168 2580 1253 2625 τις
1283 2562 1523 2617 ἐνταῦθα
1568 2564 1750 2618 λαϐὼν

162 2639 445 2712 κατορύξῃ
464 2643 741 2712 χρήματα,
768 2644 868 2713 τῆς
895 2645 1090 2707 νυκτὸς
1123 2645 1523 2716 παρελθούσης,
1546 2653 1749 2715 γυμνὸς

162 2721 388 2774 άπεισιν
418 2724 691 2786 ἐντεῦθεν,
716 2726 808 2778 καὶ
829 2725 972 2794 μάλα
997 2728 1240 2789 εἰκότωςο
1275 2730 1396 2781 ἐπεὶ
1426 2729 1521 2781 καὶ
1546 2731 1596 2781 οἱ
1615 2729 1749 2799 ὄναρ

163 2799 549 2866 πλουτοῦντες,
582 2803 912 2867 ἀναστάντες
941 2804 1048 2857 ἀπὸ
1080 2805 1178 2875 τῆς
1209 2806 1392 2874 εὐνῆς,
1427 2806 1581 2860 οὐδὲν
1600 2807 1750 2877 ἔχου-

1168 473 1234 528 ΙΝ
1276 472 1491 530 EPIST.
1530 472 1549 529 l
1588 472 1678 529 AD
1712 470 1875 531 υοιι.
1916 472 2152 532 ηοιιιι..
2190 479 2455 535 XXXVII.

3343 481 3445 537 εισ

1864 607 1948 642 σιν
1974 584 2049 643 ὧν
2075 592 2220 661 ἔχειν
2246 596 2462 651 ἐδόκουν
2489 598 2861 657 καθεύδοντες·
2899 596 3041 648 οὕτω
3076 598 3166 647 καὶ
3192 598 3237 647 οἱ
3264 596 3443 647 πλεον·

1860 671 2168 735 εκτοῦντες’
2211 678 2413 745 μᾶλλον
2442 680 2498 731 δὲ
2549 680 2648 748 οὐχ
2678 678 2871 739 οὔτως,
2924 677 3060 729 ἀλλά
3113 678 3205 729 καὶ
3262 677 3446 744 πολλῷ

1860 756 2057 821 χεῖρον.
2097 756 2155 807 Ὀ
2197 759 2294 826 μὲν
2323 760 2433 829 γάρ
2456 760 2593 827 ὄναρ
2620 759 2887 822 πλουτῶν,
2926 757 3049 809 οὔτε.
3078 759 3144 809 τὰ
3179 759 3445 829 χρήματα

1860 832 2009 906 [315]
2042 836 2176 906 ἔχει,
2219 840 2365 910 άπερ
2392 841 2753 910 .ἐφαντάζετο
2793 841 2959 910 ἔχειν,
3022 841 3144 892 οὐτε
3203 841 3329 893 ἄλλο
3377 858 3433 892 τι

1858 920 2066 973 κακὸν*ι
2096 922 2203 973 ἀπὸ
2233 923 2330 992 τῆς
2352 926 2659 991 φαντασίας
2689 925 2894 993 ταύτης
2925 924 3105 976 λαϐὼν
3129 924 3439 976 ἀνίσταται·

1855 996 2006 1063 οὗτος
2036 1002 2092 1055 δὲ
2123 1004 2233 1055 τῶν
2261 1007 2356 1074 μὲν
2388 1025 2492 1078 χρη
2505 1010 2692 1076 μάτων
2713 1008 3028 1076 ἐστέρηται,
3050 1007 3159 1058 τῶν
3184 1007 3238 1057 δὲ
3270 1008 3443 1075 ἁμαρ-

1854 1084 2113 1153 τημάτων
2144 1085 2253 1138 τῶν
2281 1090 2345 1140 ἐκ
2390 1089 2498 1143 τῶν
2526 1092 2829 1159 χρημάτων
2861 1090 3196 1159 ἐμπλησθεὶς
3230 1089 3437 1148 ἄπεισι,

1856 1167 1950 1218 καὶ
1997 1167 2054 1217 ἐν
2098 1168 2177 1237 τῷ
2225 1170 2438 1241 πλούτῳ
2474 1171 2835 1238 φαντασθεὶς,
2864 1173 2932 1224 τὰ
2964 1175 3029 1224 ἐκ
3069 1172 3162 1223 τοῦ
3208 1172 3439 1223 πλούτου

1856 1249 2002 1301 κακὰ
2029 1250 2128 1319 οὐχ
2151 1252 2253 1321 ὁρᾷ
2279 1254 2334 1305 ἐν
2370 1254 2642 1323 φαντασίᾳ
2664 1254 2877 1320 λοιπὸν,
2929 1256 3045 1307 ἀλλ’
3077 1258 3134 1307 ὲν
3164 1255 3303 1323 αὐτῇ
3333 1255 3439 1306 τῶν

1855 1332 2196 1400 πραγμάτων
2230 1337 2294 1403 τῇ
2313 1336 2593 1407 ἀληθείᾳ·
2643 1339 2741 1389 καὶ
2791 1338 2824 1407 ἡ
2871 1337 2970 1407 μὲν
3006 1338 3167 1406 ἡδονὴ
3218 1338 3442 1403 γέγονεν

1854 1413 1911 1464 ἐν
1940 1414 2192 1483 ὀνείροις,
2232 1418 2263 1485 ἡ
2302 1416 2358 1468 δὲ
2381 1420 2444 1470 ἐκ
2474 1418 2573 1487 τῆς
2605 1418 2796 1489 ἡδονῆς
2826 1418 3051 1481 κόλασις
3084 1419 3269 1471 οὐκέτι
3300 1418 3439 1485 ὄναρ

1855 1495 2164 1565 συμϐαίνει,
2201 1500 2316 1550 ἀλλ’
2352 1502 2410 1551 ἐν
2444 1502 2583 1571 αὐτῇ
2630 1505 2696 1572 τῇ
2739 1502 2923 1572 πείρᾳ,
2983 1501 3181 1569 μᾶλλον
3234 1501 3291 1552 δὲ
3346 1501 3439 1553 καὶ

1858 1577 1961 1646 πρὸ
1989 1578 2089 1645 τῆς
2127 1580 2404 1645 κολάσεως
2431 1584 2643 1651 ἐκείνης
2675 1584 2769 1635 καὶ
2812 1581 3044 1635 ἐνταῦθα
3080 1583 3173 1652 τὴν
3202 1583 3443 1651 ἐσχάτην

1852 1659 1991 1712 τίνει
2035 1661 2210 1731 δίκην,
2245 1666 2302 1716 ἐν
2337 1666 2485 1735 αὐτῷ
2514 1666 2592 1734 τῷ
2625 1665 2907 1733 συλλέγειν
2949 1666 3148 1735 μυρίας
3176 1682 3437 1735 προστρι-

1854 1741 2079 1811 ϐόμενος
2111 1745 2367 1815 ἀθυμίας,
2410 1749 2716 1816 φροντίδας,
2761 1747 3122 1817 κατηγορίας,
3163 1747 3437 1807 διαϐολάς,

1853 1822 2138 1892 θορύϐους,
2168 1830 2434 1897 ταραχάς.
2463 1830 2559 1881 "lv‘
2582 1826 2673 1882 οὖν
2698 1832 2789 1882 καὶ
2816 1832 2922 1882 τῶν
2949 1830 3241 1899 ὀνειράτων
3273 1828 3439 1881 άπαλο

1852 1905 2109 1975 λαγῶμεν
2156 1910 2250 1963 καὶ
2296 1912 2405 1964 τῶν
2438 1913 2624 1965 κακῶν
2654 1912 2762 1965 τῶν
2807 1912 2905 1965 οὐκ
2938 1915 2995 1963 ἐν
3028 1913 3284 1981 ὀνείροις,
3320 1913 3441 1964 ἀντὶ

1854 1986 2165 2053 πλεονεξίας
2226 1992 2601 2064 ἐλεημοσύνην
2668 1993 2944 2064 ἑλώμεθα,
3002 1995 3124 2046 ἀντὶ
3178 1996 3439 2065 ἁρπαγῆς

1854 2071 2286 2140 φιλανθρωπίαν.
2344 2075 2500 2129 υῦτω
2539 2077 2647 2146 γὰρ
2689 2077 2781 2128 καὶ
2841 2075 2949 2128 τῶν
3005 2075 3288 2144 παρόντων
3345 2078 3439 2127 καὶ

1854 2152 1961 2204 τῶν
1995 2154 2301 2221 μελλόντων
2354 2158 2767 2229 ἐπιτευξόμεθαν
2812 2158 3053 2225 ἀγαθῶν,
3102 2159 3281 2227 χάριτι
3345 2161 3439 2210 καὶ

1854 2235 2235 2311 φιλανθρωπίᾳ
2253 2238 2346 2290 τοῦ
2383 2242 2592 2311 Κυρίου
2624 2240 2781 2311 ἡμῶν
2819 2241 2994 2310 Ἰησοῦ
3026 2240 3287 2309 Χριστοῦ,
3316 2239 3439 2307 μεθ’

1848 2310 1909 2369 οὐ
1933 2317 2013 2387 τῷ
2056 2320 2229 2389 Πατρὶ
2260 2320 2375 2389 ᾶμα
2407 2310 2485 2392 τῷ
2521 2310 2660 2393 ἁγίῳ
2709 2323 2985 2391 ΙΙνεύματι
3021 2323 3168 2388 δόξα,
3214 2323 3435 2391 κράτος,

1849 2399 2003 2467 τιμὴ,
2033 2399 2127 2452 νῦν
2157 2402 2249 2454 καὶ
2274 2403 2382 2465 ἀεὶ,
2422 2407 2516 2458 καὶ
2538 2408 2615 2469 είς
2648 2407 2773 2470 τοὺς
2818 2406 3021 2468 αἰῶνας
3055 2404 3163 2457 τῶν
3209 2406 3435 2460 αἰώνων.

1860 2479 2053 2551 ’Δμήν.

1923 2822 1948 2850 ⁸
1975 2822 2126 2885 Marg.
2155 2823 2329 2883 Savil.,
2350 2827 2513 2877 καλὸν.

1653 3246 1893 3301 OMIAIA
1949 3249 2073 3302 AZ'.

168 3400 239 3452 Αι
289 3398 575 3467 γυναῖκες
615 3401 783 3469 ὑμῶν
825 3401 894 3455 ὲν
949 3402 1081 3467 ταῖς
1103 3404 1457 3472 ἐκκλησίαις
1490 3404 1747 3473 σιγάτω-

238 3498 384 3537 σαν.
454 3486 537 3537 Οὐ
590 3484 704 3553 γὰρ
764 3484 1185 3554 ἐπιτέτραπται
1240 3487 1453 3553 αὐταῖς
1514 3486 1753 3551 λαλεῖν,

237 3567 383 3622 ἀλλ’
423 3566 904 3635 ὑποτάσσεσθαι,
959 3568 1159 3636 καθὼς
1204 3570 1303 3624 καὶ
1356 3572 1389 3624 ὁ
1433 3570 1620 3639 νόμος
1652 3570 1753 3624 λέι

243 3667 354 3719 γει.

240 3739 311 3787 α’.
334 3733 649 3804 Περικόψας
662 3735 753 3788 τὸν
768 3735 995 3806 θόρυϐον
1012 3738 1100 3790 τὸν
1118 3737 1226 3789 ἀπὸ
1243 3736 1350 3790 τῶν
1364 3737 1643 3805 γλωττῶν,
1663 3737 1757 3790 καὶ

167 3816 262 3869 τὸν
294 3817 406 3871 ἀπὸ
425 3816 535 3869 τῶν
560 3818 927 3889 προφητειῶν,
961 3819 1053 3873 καὶ
1086 3819 1479 3890 νομοθετήσας,
1504 3819 1644 3872 ὥστε
1682 3819 1756 3890 μὴ

173 3899 437 3971 σύγχυσιν
467 3900 735 3967 γίνεσθαι,
770 3900 898 3963 τούς
920 3918 981 3954 τε
1007 3900 1284 3970 γλώσσαις
1317 3900 1618 3965 λαλοῦντας
1650 3900 1756 3954 ἀνά

174 3983 346 4055 μέρος
371 3983 529 4037 τοῦτο
553 3985 748 4046 ποιεῖν,
774 3982 902 4047 τούς
930 4001 991 4035 τε
1030 3984 1474 4054 προφητεύοντας
1510 3981 1755 4053 ἀρξαμέ-

170 4082 265 4117 νου
292 4066 479 4134 ἑτέρου
502 4067 684 4136 σιγᾷν,
710 4066 894 4120 λοιπὸν
920 4066 1013 4120 καὶ
1039 4067 1132 4120 ἐπὶ
1152 4066 1250 4137 τὴν
1276 4067 1519 4138 ταραχὴν
1537 4064 1760 4137 τὴνάπό

170 4146 282 4200 τῶν
315 4147 593 4215 γυναικῶν
621 4148 917 4220 γινομένην
948 4148 1052 4219 ὁδῷ
1095 4149 1333 4218 πρόεισι,
1382 4149 1481 4218 τὴν
1526 4148 1757 4218 ἄκαιρον

170 4230 357 4283 αὐτῶν
399 4230 682 4284 ἐκκόπτων
726 4231 1061 4303 παρρησίαν,
1095 4233 1190 4285 καὶ
1222 4231 1428 4302 σφόδρα
1457 4230 1752 4301 εὐκαίρως.

174 4313 239 4366 El
275 4313 384 4383 γὰρ
411 4316 521 4376 τοῖς
544 4313 614 4366 τά
664 4314 980 4385 χαρίσματα
1006 4313 1222 4384 ἔχουσιν
1255 4315 1443 4377 ἀπλῶς
1475 4316 1576 4366 οὐκ
1606 4314 1757 4382 ἐφίεο

172 4412 265 4449 ται
293 4396 493 4461 λαλεῖν,
535 4397 646 4449 οὐδ’
688 4397 780 4450 ὅτε
838 4394 1141 4468 βούλονται,
1175 4398 1271 4455 καὶ
1309 4396 1484 4449 ταῦτα
1514 4396 1619 4450 ὐπὸ
1662 4394 1757 4448 τοῦ

176 4478 498 4550 Πνεύματος
521 4487 882 4550 κινουμένοις,
916 4479 1095 4550 πολλῷ
1130 4481 1331 4550 μᾶλλον
1362 4480 1600 4543 ἐκείναις
1630 4480 1757 4549 εἰκῆ

175 4564 547 4634 φλυαρούσαις
579 4568 675 4618 καὶ
708 4566 908 4636 μάτην.
940 4566 1038 4619 Διά
1062 4567 1223 4619 τοῦτο
1253 4567 1347 4619 καὶ
1377 4565 1756 4637 μετά’πολλῆς

175 4648 277 4715 τῆς
307 4647 594 4710 αύθεντίας
620 4649 964 4718 ἐπιστομίζει
999 4649 1097 4719 τὴν
1127 4651 1398 4719 φλυαρίαν
1428 4650 1628 4714 αὐτῶν,
1665 4650 1759 4703 καὶ

175 4729 269 4781 τὸν
301 4730 465 4800 νόμον
495 4730 614 4800 μεθ’
644 4732 840 4785 ἐαυτοῦ
891 4731 1094 4795 λαϐὼν,
1141 4732 1315 4796 οὕτως
1364 4733 1544 4786 αὐτῶν
1583 4732 1759 4802 ἀπορ-

179 4810 378 4877 ῥάπτει
402 4811 473 4864 τὰ
501 4813 761 4881 στόματα.
782 4814 857 4867 Οὐ
887 4816 996 4885 γάρ
1020 4817 1277 4886 παραινεῖ
1309 4814 1468 4885 μόνον
1497 4813 1756 4876 ἐνταῦθα,

174 4896 299 4952 οὐδὲ
334 4896 713 4970 συμϐουλεύει,
742 4898 879 4954 ἀλλὰ
921 4900 1015 4952 καὶ
1043 4900 1322 4953 ἐπιτάττει
1351 4898 1620 4971 σφοδρῶς,
1656 4915 1759 4952 πα-

177 4983 329 5037 λαιὸν
352 4984 493 5054 ὑπὲρ
521 4987 725 5038 τούτων
764 4986 1155 5053 ἀναγινώσκων
1186 4985 1369 5055 νόμον.
1399 4983 1585 5037 Εἰπὼν
1627 4982 1759 5053 γὰρ,

174 5066 255 5118 ὃτι
281 5067 351 5118 Al
394 5064 676 5133 γυναῖκες
715 5066 884 5135 ὑμῶν
909 5067 980 5121 ἐν
1007 5066 1137 5133 ταῖς
1168 5066 1531 5134 ἐκκλησίαις
1586 5064 1759 5135 σιγά-

178 5163 400 5211 τωσαν,
436 5149 549 5210 καὶ,
611 5152 733 5211 Οὐκ
789 5150 1209 5217 ἐπιτέτραπται
1267 5150 1477 5215 αὐταῖς
1523 5149 1759 5213 λαλεῖν,

178 5230 319 5282 ἀλλ’
346 5231 808 5293 ὑποτάττεσθαι.
836 5234 1105 5302 ἐπήγαγε,
1131 5233 1339 5298 Καθὼς
1373 5231 1473 5285 καὶ
1510 5234 1542 5283 (5
1576 5231 1761 5299 νόμος

177 5310 360 5377 λέγει.
393 5314 505 5365 Καὶ
538 5314 642 5366 ποῦ
670 5314 830 5367 τοῦτο
854 5316 881 5367 ὁ
920 5315 1084 5383 νόμος
1113 5313 1299 5379 λέγει;
1333 5313 1490 5380 Πρὸς
1523 5312 1631 5364 τὸν
1656 5311 1761 5363 ἅν-

177 5391 293 5458 δρα
320 5409 441 5445 σου
468 5396 505 5460 ἡ
547 5395 906 5464 ἀποστροφή
946 5410 1085 5459 σου,
1117 5396 1219 5450 καὶ
1259 5396 1443 5461 αὐτός
1489 5411 1608 5448 σου
1652 5411 1758 5446 κυ-

173 5474 428 5542 ριεύσει.
466 5470 619 5537 Εἶδες
677 5478 893 5532 Παύλου
942 5479 1157 5547 σοφίαν,
1212 5479 1411 5548 ἡλίκην
1464 5477 1759 5546 παρήγαγε

183 5554 511 5626 μαρτυρίαν,
536 5558 599 5609 ού
628 5562 787 5629 σιγᾷν
812 5561 1000 5623 αὑταῖς
1042 5560 1369 5614 κελεύουσαν
1401 5558 1581 5628 μόνον,
1622 5558 1759 5611 ἀλλά

180 5641 275 5692 καὶ
311 5638 450 5708 μετά
500 5639 665 5705 φόϐου
716 5645 896 5710 σιγᾷν,
949 5643 1041 5695 καὶ
1092 5642 1230 5712 μετά
1268 5642 1433 5709 φόϐου
1476 5638 1754 5701 τοσούτου,

185 5723 307 5792 μεθ’
332 5725 457 5777 ὅσου
482 5723 581 5793 τὴν
602 5723 797 5793 δούλην
833 5727 1126 5795 ἡσυχάζειν
1157 5727 1259 5797 χρή
1290 5743 1302 5789 ;
1334 5724 1424 5777 Διὸ
1454 5724 1545 5775 καὶ
1593 5723 1755 5786 αὐτὸς

180 5805 370 5871 εἰπὼν,
422 5808 503 5860 ὅτι
536 5808 655 5861 Οὐκ
686 5807 1101 5876 ἐπιτέτραπται
1143 5809 1349 5874 ubqu
1378 5806 1609 5872 λαλεῖν,
1650 5808 1748 5859 οὐκ

1857 3409 2153 3478 ἐπήγαγεν,
2196 3409 2355 3463 Ἀλλά
2417 3412 2598 3480 σιγᾷν,
2646 3410 2783 3464 ἀλλά
2814 3412 2872 3464 τὸ
2929 3412 3089 3465 πλέον
3130 3412 3280 3483 BM]
3325 3416 3446 3469 ἀντὶ

1855 3490 1949 3543 τοῦ
1982 3493 2141 3561 σιγᾷν
2171 3491 2405 3555 τέθεικε,
2446 3493 2507 3545 τὸ
2534 3494 2959 3547 ὑποτάττεσθαι.
3013 3496 3076 3548 El
3108 3496 3163 3548 δὲ
3213 3498 3306 3549 ἐπὶ
3347 3498 3443 3551 ἀν-

1856 3572 1999 3643 δρῶν
2024 3572 2201 3638 τοῦτο,
2239 3573 2420 3645 πολλῷ
2450 3575 2651 3645 μᾶλλον
2693 3576 2787 3630 ἐπὶ
2826 3576 2936 3629 τῶν
2976 3577 3316 3632 διδασκάλων
3351 3583 3447 3632 καὶ

1860 3655 2112 3725 πατέρων
2130 3658 2222 3708 καὶ
2245 3656 2340 3709 τοῦ
2369 3658 2551 3711 κοινοῦ
2577 3658 2676 3727 τῆς
2706 3659 3003 3726 ἐκκλησίας
3031 3659 3310 3725 συλλόγου.
3338 3662 3447 3713 Καὶ

1858 3738 1904 3788 εί
1936 3736 2074 3806 μηδὲ
2105 3737 2455 3806 φθέγξονται,
2511 3742 2667 3810 φησὶ,
2720 3742 2855 3811 μηδὲ
2895 3744 3253 3811 ὲρωτήσουσι,
3302 3742 3447 3806 τίνος

1856 3819 2043 3871 ἕνεκεν
2072 3819 2167 3871 καὶ
2189 3821 2554 3890 παρέσονται;
2582 3824 2700 3874 Ἵνα
2736 3823 2977 3876 ἀκούωσι
3021 3824 3120 3891 μὲν
3150 3822 3185 3877 ἃ
3224 3826 3351 3895 χρὴ,
3379 3826 3446 3878 τά

1858 3900 1915 3953 δὲ
1945 3900 2396 3971 ἀμφιϐαλλόμενα
2433 3902 2584 3973 παρὰ
2612 3903 2721 3955 τῶν
2747 3904 2961 3973 ἀνδρῶν
2993 3906 3134 3957 οἶκοι
3173 3905 3444 3975 μανθανέ-

1858 3999 2059 4036 τωσαν.
2098 3984 2189 4036 Διὸ
2217 3984 2312 4037 καὶ
2354 3984 2659 4055 ἐπήγαγεν·
2696 3988 2767 4039 El
2805 3984 2872 4038 δέ
2901 4003 2953 4037 τι
2999 3986 3212 4053 μαθεῖν
3238 3989 3446 4041 θέλου-

1859 4082 1984 4130 σιν,
2010 4068 2080 4120 ἑν
2127 4068 2269 4133 οἴκῳ
2306 4067 2449 4133 τοὺς
2478 4067 2669 4135 ἰδίους
2702 4068 2928 4137 ἄνδρας
2955 4068 3441 4136 ἐπερωτάτωσαν.

1861 4152 1935 4203 υύ
1969 4151 2077 4221 γὰρ
2108 4151 2172 4221 δὴ
2227 4150 2388 4223 μόνον
2440 4151 2623 4205 λαλεῖν
2655 4152 2847 4215 αὐταῖς
2875 4152 2976 4204 οὐκ
2997 4151 3229 4221 ἐφίεται,
3259 4152 3444 4222 φησὶν,

1861 4232 2070 4294 ἁπλῶς,
2101 4233 2217 4285 ἀλλ’
2246 4233 2367 4285 οὐδὲ
2390 4235 2603 4304 ἐρωτᾷν
2638 4252 2691 4286 τι
2725 4236 2782 4287 ἐν
2816 4233 3104 4305 ἐκκλησία.
3134 4235 3197 4286 El
3226 4233 3282 4286 δὲ
3311 4236 3443 4304 ἐρωο

1858 4316 1959 4386 τᾷν
1991 4314 2051 4367 οὐ
2098 4315 2225 4385 χρὴ,
2266 4314 2449 4385 πολλῷ
2489 4314 2690 4381 μᾶλλον
2719 4315 2907 4377 ἁπλῶς
2934 4316 3120 4369 λαλεῖν
3162 4316 3231 4367 οὐ
3260 4315 3443 4385 θέμις.

1862 4399 1969 4451 Καὶ
1994 4397 2046 4449 τί
2073 4398 2272 4466 δήποτε
2305 4399 2363 4450 ὲν
2391 4397 2633 4468 τοσαύτῃ
2660 4397 2999 4467 κατέστησεν
3030 4398 3203 4461 αὐτὰς
3242 4398 3447 4451 ὑποτα-

1862 4485 1964 4553 γῇ;
1991 4482 2112 4533 Ὅτι
2147 4479 2540 4551 ἀσθενέστερόν
2573 4480 2690 4546 πώς
2737 4482 2887 4534 ἐστιν
2919 4484 2952 4551 ἡ
2996 4481 3133 4550 γυνὴ
3174 4482 3267 4533 καὶ
3297 4481 3447 4550 εὑρέ·

1863 4580 2053 4616 πιστον
2082 4564 2177 4615 καὶ
2215 4563 2439 4632 κοῦφον.
2475 4564 2575 4616 Διά
2602 4563 2665 4634 δὴ
2696 4563 2855 4616 τοῦτο
2886 4565 3011 4626 τοὺς
3036 4563 3231 4631 ἄνδρας
3256 4562 3449 4623 αὐταῖς

1863 4646 2131 4715 ἐπέστησε
2160 4645 2537 4708 διδασκάλους,
2566 4647 2910 4714 ἀμφοτέρους
2939 4644 3186 4713 ὠφελῶν.
3204 4643 3450 4706 Ἐκείνας

1862 4748 1923 4784 τε
1951 4730 2058 4800 γάρ
2092 4730 2330 4801 κοσμίας
2356 4728 2750 4791 κατεσκεύασε,
2782 4728 3005 4791 τούτους
3036 4745 3096 4781 τε
3123 4727 3449 4794 ἐναγωνίους

1865 4814 2143 4883 ἐποίησεν,
2177 4815 2272 4868 ﬁt:
2315 4813 2608 4882 μέλλοντας
2643 4812 2779 4882 μετά
2804 4811 3005 4880 πολλῆς
3035 4811 3136 4881 τῆς
3162 4809 3448 4880 ἀκριϐείας

1865 4899 2007 4967 ἀπερ
2030 4897 2271 4967 ἥκουσαν
2299 4898 2417 4957 ταῖς
2450 4894 2663 4962 γυναιξὶ
2697 4895 3264 4965 παρακατατίθεσθαι.
3316 4889 3449 4944 Εἶτα

1865 4979 2052 5049 ἐπειδὴ
2116 4976 2557 5039 καλλωπίζεσθαι
2615 4978 2868 5031 ἐντεῦθεν
2914 4976 3164 5045 ἐνόμιζον
3231 4977 3296 5027 ἐκ
3354 4975 3449 5028 τοῦ

1865 5061 2201 5132 φθέγγεσθαι
2226 5061 2286 5128 δη
2296 5059 2485 5129 μοσία,
2516 5061 2680 5114 πάλιν
2720 5064 2798 5124 είς
2828 5060 2888 5113 τὸ
2917 5059 3163 5112 ἐναντίον
3192 5059 3449 5131 περιάγει

1864 5146 1955 5197 τὸν
1996 5145 2174 5214 λόγον,
2228 5142 2424 5209 λέγων’
2491 5146 2750 5213 Λὶσχρόν
2785 5142 2895 5212 γάρ
2928 5142 3060 5194 ἐστι
3112 5142 3351 5211 γυναικί
3384 5143 3450 5193 ἐν

1861 5227 2163 5295 ἐκκλησίᾳ
2192 5224 2430 5282 λαλεῖν.
2474 5227 2699 5299 Πρῶτον
2732 5227 2833 5294 μὲν
2857 5225 2966 5295 γὰρ
2996 5224 3103 5276 ἀπὸ
3143 5224 3237 5277 τοῦ
3283 5223 3449 5292 νόμου

1862 5310 2021 5363 τοῦτο
2054 5308 2428 5362 κατεσκεύασε
2460 5309 2555 5361 τοῦ
2581 5309 2740 5371 Θεοῦ,
2784 5307 2977 5359 ἔπειτα
3006 5306 3114 5360 ἀπὸ
3138 5306 3319 5360 κοινοῦ
3360 5310 3449 5359 λο-

1864 5391 2062 5463 γισμοῦ
2110 5392 2204 5443 καὶ
2258 5395 2357 5460 τῆς
2408 5392 2718 5461 συνηθείας,
2763 5390 2951 5462 ὥσπερ
2986 5393 3099 5451 καὶ,
3131 5391 3291 5459 ἡνίκα
3321 5392 3452 5460 περὶ

1868 5477 2043 5544 κόμης
2089 5474 2281 5535 αὐταῖς
2328 5473 2621 5541 διελέγετο,
2667 5473 2873 5541 ἔλεγεν·
2909 5476 2986 5527 ’Ἡ
3027 5472 3167 5526 οὐδὲ
3208 5473 3362 5539 αὑτὴ
3408 5476 3446 5540 ’ἡ

1865 5560 2050 5628 φύσις
2083 5555 2234 5625 ὑμᾶς
2262 5556 2570 5619 διδάσκει;
2622 5557 2733 5610 Καὶ
2766 5556 3043 5625 πανταχοῦ
3083 5557 3323 5609 τοιοῦτον
3355 5557 3446 5608 εὓ-

1868 5657 1980 5708 ροις
2008 5639 2074 5691 ἂν
2109 5638 2278 5691 αὐτοῦ
2307 5640 2396 5692 τὸν
2444 5640 2641 5710 τρόπον
2688 5640 2839 5702 ὄντα,
2870 5639 2969 5690 οὐκ
3009 5639 3119 5691 ἀπὸ
3152 5638 3257 5691 τῶν
3289 5638 3446 5691 θείων

1865 5720 2094 5791 Γραφῶν
2143 5721 2328 5792 μόνον,
2378 5721 2512 5774 ἀλλὰ
2550 5722 2642 5773 καὶ
2676 5721 2783 5774 ἀπὸ
2812 5721 2910 5789 τῆς
2941 5722 3123 5783 κοινῆς
3151 5722 3441 5789 συνηθείας

1864 5802 2209 5872 ἐντρέποντα.
2258 5804 2397 5872 Πρὸς
2444 5804 2647 5867 τούτοις
2678 5806 2732 5859 δὲ
2769 5805 2860 5857 καὶ
2911 5803 3015 5857 ἀπὸ
3045 5804 3153 5858 τῶν
3194 5808 3325 5860 πᾶσι
3353 5806 3441 5858 ίὲο⁴
