4066 6348
279 408 392 466 51⁸1

284 519 340 573 in
375 533 475 575 usu
496 560 512 586 ,
544 516 810 589 pudorem
836 514 1028 570 incutit
1058 530 1079 567 εν
1102 513 1244 582 quod
1272 511 1359 567 hic
1381 526 1597 582 quoque
1620 508 1839 566 adhibet
1863 549 1878 575 ,

282 611 510 667 dicens:
540 608 631 667 58.
667 610 745 664 An
792 626 825 662 a
856 608 993 662 vobis
1043 606 1243 661 verbum
1271 603 1368 658 Dei
1398 606 1638 675 processit
1671 640 1685 666 ,
1715 611 1804 655 aut
1831 601 1884 655 in

282 715 375 755 ros
400 702 535 756 soto's
560 700 786 774 pervenit
808 699 834 753 .’
865 697 1077 753 Etenim
1104 705 1332 752 caeteras
1372 692 1594 749 adduxit
1616 692 1885 747 Eeclesias

286 790 430 847 hanc
466 791 638 863 legem
661 799 944 846 servantes
968 830 984 856 ,
1014 796 1068 843 et
1097 803 1126 841 a
1156 788 1392 842 novitate
1414 785 1701 840 tumultum
1727 798 1883 839 rese-

284 897 439 948 rans,
466 892 521 939 et
543 883 833 938 multorum
872 880 1079 936 calculo
1107 890 1312 949 gratam
1358 886 1416 933 et
1456 885 1732 947 acceptam
1762 874 1889 931 red-

285 974 427 1031 dens
467 976 787 1029 orationem.
828 972 1190 1041 Quamobrem
1220 970 1345 1024 alibi
1379 984 1592 1039 quoque
1627 968 1842 1023 dicebat
1870 987 1883 1024 :

290 1067 393 1133 Qui
422 1066 561 1121 vobis
582 1066 634 1119 in
666 1066 960 1119 memoriam
982 1064 1231 1118 revocavit
1260 1062 1365 1115 vias
1394 1075 1531 1114 meas
1558 1060 1612 1113 in
1636 1058 1841 1114 Christo
1869 1102 1885 1126 ,

286 1159 420 1214 sicut
451 1152 634 1227 ubique
658 1161 711 1211 in
741 1156 972 1212 omnibus
999 1154 1243 1209 Ecclesiis
1263 1153 1419 1207 doceo
1442 1154 1516 1222 (1.
1535 1151 1655 1207 Cor.
1684 1154 1739 1207 4.
1772 1137 1886 1220 11);

290 1257 347 1304 et
378 1263 566 1303 rursus
591 1289 607 1314 ,
639 1247 761 1301 Non
788 1256 863 1303 est
892 1247 1025 1300 enim
1054 1244 1196 1301 Deus
1222 1244 1573 1305 dissensionis,
1605 1244 1693 1297 sed
1723 1244 1886 1314 pacis,

287 1340 422 1394 sicut
445 1348 491 1393 et
508 1340 559 1393 in
584 1339 816 1393 omnibus
838 1338 1080 1392 Ecclesiis
1098 1345 1390 1391 sanctorum
1410 1332 1572 1406 (Ibid.
1594 1335 1815 1404 14.33);
1834 1344 1891 1389 et

288 1428 379 1483 hic
410 1447 421 1481 :
455 1430 534 1483 An
564 1446 596 1482 a
624 1429 763 1482 vobis
796 1428 998 1482 verbum
1024 1426 1122 1481 Dei
1153 1428 1431 1497 processit,
1462 1438 1552 1479 aut
1579 1426 1647 1479 ad
1673 1441 1760 1480 vos
1800 1443 1888 1480 so-

287 1524 369 1575 los
408 1523 683 1590 pervenit?
712 1521 827 1576 Hoc
865 1528 949 1575 est
974 1562 988 1585 ,
1020 1535 1196 1588 neque
1224 1534 1319 1573 vos
1352 1519 1507 1588 primi
1536 1559 1550 1582 ,
1581 1534 1755 1586 neque
1786 1518 1887 1571 soli

290 1613 481 1669 fideles
505 1654 517 1678 ,
549 1614 641 1667 sed
673 1623 816 1667 totus
842 1611 991 1666 orbis
1023 1620 1200 1666 terrm.
1230 1611 1383 1679 Quod
1407 1612 1568 1665 etiam
1601 1610 1669 1665 ad
1697 1610 1887 1664 Colos-

288 1718 481 1759 senses
522 1703 801 1768 scribens,
856 1702 1104 1768 dicebat,
1138 1701 1284 1755 Sicut
1314 1701 1587 1769 fructiﬁcat
1626 1711 1671 1753 et
1714 1702 1891 1754 crescit

288 1798 345 1850 in
378 1804 483 1848 toto
514 1795 706 1848 mundo
750 1792 969 1865 (Coloss.
1005 1795 1056 1849 1.
1086 1792 1179 1865 6),
1214 1792 1443 1862 loquens
1488 1792 1556 1846 de
1584 1792 1883 1861 evangelio.

291 1887 347 1942 ld
374 1898 555 1943 autem
589 1887 718 1941 facit
747 1888 909 1942 etiam
942 1885 1178 1941 aliterad
1208 1882 1647 1939 exhortationem
1684 1884 1891 1938 audito-

289 1994 411 2035 rum
434 2020 448 2046 ,
504 1990 560 2033 ut
603 1978 819 2045 quando
848 1976 1016 2041 dicit,
1050 1990 1239 2031 eorum
1277 1990 1398 2030 esse
1437 1976 1607 2044 prima
1630 2016 1645 2042 ,
1689 1985 1741 2029 et
1774 1984 1892 2029 ma-

290 2073 487 2128 nifesta
528 2072 797 2125 omnibus.
823 2068 956 2124 Nam
1002 2068 1068 2123 ad
1114 2067 1623 2124 Thessalonicenses
1654 2068 1893 2121 scribens

288 2164 507 2219 dicebat
534 2181 547 2216 :
581 2164 625 2216 Α
660 2162 797 2215 vobis
824 2162 957 2217 enim
984 2160 1208 2214 resanuit
1235 2175 1401 2213 sermo
1431 2157 1547 2223 Dei,
1581 2167 1627 2210 et
1660 2160 1713 2211 in
1754 2160 1892 2212 omni

292 2255 406 2309 loco
432 2254 560 2324 ﬁdes
582 2264 747 2307 vestra
772 2252 841 2305 ad
870 2250 1037 2304 Deum
1066 2250 1188 2303 exiit
1223 2248 1269 2320 (1
1308 2247 1491 2302 Thess.
1537 2249 1589 2302 1.
1623 2248 1717 2317 8);
1747 2257 1800 2302 et
1825 2248 1891 2301 ad

290 2346 571 2403 Romanos
618 2358 803 2398 rursus
852 2341 1097 2396 scribens
1126 2358 1138 2391 :
1171 2339 1331 2395 Fides
1362 2350 1525 2393 vestra
1556 2340 1893 2393 annuntiatnr

290 2441 348 2495 in
378 2449 480 2493 toto
518 2438 708 2491 mundo
732 2434 910 2505 (Rom.
958 2436 1009 2489 1.
1040 2434 1118 2505 8).
1150 2433 1325 2488 Ambo
1368 2433 1510 2486 enim
1540 2430 1813 2485 sufliciunt
1840 2440 1894 2484 et

294 2531 365 2585 ad
398 2526 791 2585 exhortandum
817 2534 872 2580 et
900 2523 1246 2580 excitandum
1266 2564 1281 2589 ,
1316 2522 1519 2575 laudari
1548 2522 1615 2576 ab
1655 2521 1778 2574 aliis
1799 2562 1812 2587 ,
1840 2529 1896 2575 et

292 2621 429 2675 alios
476 2619 675 2673 habere
721 2618 897 2672 socios
944 2616 1249 2670 sententiae.
1281 2614 1346 2667 Et
1394 2613 1515 2667 ideo
1560 2612 1646 2666 hic
1681 2626 1894 2682 quoque

292 2710 429 2766 dicit
459 2726 472 2763 :
507 2711 585 2763 An
612 2726 643 2760 a
673 2708 810 2760 vobis
836 2721 1000 2760 sermo
1028 2704 1123 2760 Dei
1145 2704 1407 2774 processit,
1430 2711 1519 2755 aut
1542 2704 1611 2755 ad
1639 2718 1724 2756 vos
1757 2703 1895 2756 solos

294 2802 565 2874 pervenit?
594 2800 779 2869 Neque
805 2798 969 2865 enim,
1003 2798 1195 2868 inquit,
1228 2798 1330 2851 hoc
1359 2796 1638 2867 potueritis
1665 2796 1850 2850 dicere
1877 2816 1891 2854 :

293 2898 408 2954 Nos
434 2894 634 2951 fuimus
661 2895 914 2949 doctores
955 2892 1181 2947 aliorum
1209 2933 1221 2954 ,
1250 2900 1304 2945 ct
1336 2904 1444 2944 non
1475 2905 1685 2959 aequum
1716 2902 1799 2943 est
1837 2897 1895 2943 ut

296 2991 366 3046 ab
393 2990 513 3043 aliis
540 2988 812 3042 discamus
837 3003 850 3052 ;
881 3000 1089 3055 neque,
1112 2983 1273 3038 Fides
1300 2982 1389 3037 hic
1414 2982 1591 3037 solum
1621 2984 1771 3037 stetit
1796 3023 1809 3048 ,
1840 2990 1896 3054 et

296 3098 407 3136 non
452 3088 666 3150 oportet
710 3078 779 3133 ab
820 3078 941 3132 aliis
985 3076 1229 3149 exempla
1278 3090 1514 3130 sumere.
1567 3074 1755 3129 V’ideu’
1801 3089 1897 3142 per

294 3188 460 3243 quam
489 3172 653 3226 multa
692 3172 771 3225 eis
800 3170 1063 3239 pudorem
1112 3166 1379 3224 incussit?
1431 3166 1603 3239 legem
1632 3164 1892 3232 adduxit,

294 3264 377 3320 rei
409 3262 643 3318 ostendit
672 3259 1056 3332 turpitudinem
1084 3300 1097 3323 ,
1132 3268 1355 3313 caeteras
1392 3256 1665 3312 Ecclesias
1697 3257 1750 3311 in
1779 3272 1894 3311 me-

294 3354 391 3410 dio
418 3356 614 3425 posuit.

372 3445 425 3499 2.
471 3446 709 3513 Deinde,
753 3444 897 3517 quod
928 3453 1011 3499 est
1053 3444 1291 3499 omnium
1340 3443 1689 3500 fortissimum
1718 3484 1731 3506 ,
1767 3444 1897 3499 ulti-

291 3553 445 3595 mum
472 3538 625 3609 ponit
650 3537 835 3592 dicens
865 3554 880 3591 :
914 3536 1055 3590 Deus
1094 3534 1208 3590 haec
1237 3534 1397 3590 etiam
1446 3550 1588 3589 nunc
1616 3535 1770 3604 jubet
1796 3551 1891 3604 per

291 3638 405 3685 me:
441 3631 531 3684 31.
563 3628 626 3684 Si
657 3630 766 3697 quis
802 3628 945 3681 enim
987 3625 1187 3680 videtur
1211 3617 1461 3695 propheta
1494 3641 1601 3682 esse
1626 3634 1712 3678 aut
1739 3627 1894 3695 spiri-

292 3719 454 3777 tualis
475 3761 492 3788 ,
525 3729 795 3789 cognoscat
817 3736 933 3786 qute
966 3718 1133 3772 scribo
1174 3717 1312 3772 vobis
1336 3758 1351 3783 ,
1383 3718 1504 3787 quia
1542 3716 1753 3771 Domini
1779 3728 1895 3772 sunt

293 3816 565 3871 mandata.
596 3815 689 3870 38.
721 3814 784 3870 Si
826 3816 937 3884 quis
963 3823 1132 3868 autem
1164 3815 1398 3884 ignorat,
1431 3815 1646 3886 ignoret.
1690 3815 1756 3870 Et
1799 3830 1895 3874 cur

292 3909 403 3964 hoc
430 3908 747 3978 subjunxit?
777 3906 1084 3963 Ostendens
1110 3920 1170 3961 se
1200 3920 1374 3977 neque
1402 3907 1509 3961 vim
1539 3907 1765 3974 atl'erre,
1795 3924 1895 3964 nec

290 4002 667 4057 contendere:
698 4001 841 4071 quod
872 4000 1090 4071 quidem
1116 4008 1199 4055 est
1220 4001 1430 4070 signum
1458 4018 1564 4056 non
1592 4017 1780 4058 eorum
1803 4005 1895 4073 qui

292 4106 396 4148 sua
444 4093 629 4146 volunt
668 4093 1042 4157 constituere,
1075 4091 1173 4147 sed
1203 4106 1392 4146 eorum
1433 4094 1525 4163 qui
1567 4103 1812 4163 spectant
1840 4096 1892 4151 id

291 4182 441 4252 quod
481 4191 565 4237 est
600 4182 722 4237 aliis
752 4182 900 4237 utile.
946 4180 1309 4249 Quamobrem
1340 4183 1473 4237 dicit
1504 4184 1669 4239 etiam
1716 4186 1844 4241 alibi
1877 4206 1889 4241 :

292 4273 364 4334 Si
386 4275 498 4345 quis
524 4283 691 4328 autem
731 4283 803 4328 est
841 4276 1183 4329 contentiosus
1206 4315 1219 4339 ,
1252 4289 1343 4327 nos
1371 4275 1522 4329 talem
1564 4277 1893 4331 consuetudi-

293 4381 412 4419 nem
444 4379 546 4417 non
570 4365 812 4421 habemus
865 4366 943 4437 (1.
986 4364 1105 4420 Cor.
1152 4366 1240 4421 11.
1294 4366 1410 4439 16).
1446 4368 1517 4422 At
1562 4384 1669 4423 non
1699 4369 1896 4440 ubique

295 4455 405 4510 hoc
434 4456 557 4509 facit
576 4496 589 4519 ,
624 4456 717 4511 sed
751 4456 840 4510 ulti
867 4458 972 4510 non
1003 4456 1075 4510 ita
1105 4471 1296 4525 magna
1324 4457 1679 4512 admittuntur
1707 4474 1892 4528 pecca-

292 4554 350 4601 ta
375 4588 390 4611 ,
420 4555 475 4601 et
518 4553 648 4602 tunc
688 4549 865 4619 potius
897 4547 1102 4617 pudore
1130 4546 1389 4602 afficiens.
1424 4547 1555 4602 Nam
1588 4549 1801 4619 quando
1828 4551 1895 4606 de

294 4636 422 4691 aliis
446 4635 715 4706 loquitur,
749 4653 854 4693 non
883 4639 961 4693 sic
987 4636 1145 4705 dicit,
1177 4638 1272 4693 sed
1302 4639 1607 4709 qumuodo?
1637 4638 1722 4693 Ne
1760 4657 1893 4694 erre-

296 4730 366 4783 tis
396 4744 417 4783 :
464 4744 623 4798 neque
672 4732 1048 4800 fornicatores,
1096 4746 1257 4798 neque
1306 4729 1484 4784 molles
1538 4748 1749 4801 regnum
1795 4731 1895 4788 Dei

293 4820 625 4891 possidebunt
651 4820 833 4895 (Ibid.
868 4822 919 4875 6.
949 4820 1055 4890 9);
1092 4830 1145 4876 et
1183 4835 1372 4875 rursus
1401 4839 1413 4874 :
1447 4822 1581 4875 Ecce
1632 4841 1723 4895 ego
1756 4822 1894 4876 Putt-

294 4915 382 4967 lus
404 4911 519 4967 dico
547 4915 683 4967 vobis
709 4956 723 4980 ,
754 4913 890 4983 quod
920 4914 965 4967 si
989 4913 1427 4967 circumcidamini
1453 4954 1469 4980 ,
1496 4914 1729 4969 Christus
1756 4916 1892 4973 vobis

296 5002 434 5059 nihil
458 5004 687 5073 proderit
718 5004 858 5075 (Gal.
888 5004 941 5061 ὅ.
974 5004 1052 5076 2).
1084 5004 1182 5061 ilic
1221 5015 1401 5060 autem
1430 5006 1687 5077 quoniam
1716 5006 1783 5063 de
1813 5009 1891 5062 si—

296 5097 465 5155 lentio
491 5095 749 5167 agebatur
774 5139 791 5163 ,
822 5113 928 5153 non
956 5097 1247 5153 admodum
1278 5098 1627 5154 vehementer
1657 5100 1890 5155 insecta-
1921 5112 1929 5122 ‘

292 5202 407 5256 tur,
438 5190 537 5243 hoc
565 5190 680 5258 ipso
700 5204 797 5245 eos
820 5192 991 5261 magis
1015 5191 1315 5247 attrahens.
1349 5190 1552 5246 Deinde
1578 5192 1719 5262 quod
1747 5207 1890 5247 sem-

296 5298 399 5354 per
440 5281 575 5336 solet
618 5279 830 5347 facere,
877 5281 944 5336 ad
978 5284 1128 5353 prius
1174 5292 1551 5354 argumentum
1576 5324 1591 5347 ,
1638 5284 1782 5339 unde
1820 5284 1891 5341 ad

291 5376 414 5431 haec
460 5372 685 5428 dicenda
731 5372 1007 5444 digressus
1051 5382 1175 5441 est,
1223 5376 1512 5433 revertitur
1538 5373 1765 5430 dicens:
1797 5376 1886 5431 59.

292 5463 513 5536 Itaque,
549 5466 732 5537 fratres
759 5466 890 5532 mei,
919 5464 1232 5518 tentulamini
1276 5465 1596 5536 prophetiam
1618 5478 1711 5532 ,ει
1753 5467 1891 5535 loqui

292 5557 486 5629 tinguis
532 5557 689 5611 nolite
718 5558 1001 5627 prohibere.
1038 5554 1137 5611 Est
1177 5557 1322 5611 enim
1355 5573 1472 5613 mos
1516 5559 1633 5627 ejus
1664 5574 1769 5613 non
1802 5574 1889 5615 so-

290 5652 410 5707 lum
455 5665 616 5727 agere
663 5649 714 5705 id
741 5692 757 5719 ,
790 5649 936 5720 quod
968 5661 1050 5706 est
1096 5650 1469 5721 propositum,
1504 5649 1600 5706 sed
1632 5650 1792 5705 etiam
1820 5668 1887 5705 ex

292 5743 393 5807 illo
422 5741 473 5797 id
506 5742 647 5813 quod
678 5740 1190 5815 quomodocumque
1219 5740 1269 5796 ei
1300 5742 1513 5798 videtur
1540 5741 1885 5812 conjunctum

291 5836 571 5907 corrigere
595 5876 609 5902 ,
639 5842 694 5891 et
738 5848 928 5890 rursus
953 5823 1131 5891 redire
1180 5832 1246 5889 ad
1290 5834 1664 5905 propositum,
1700 5851 1765 5889 ne
1809 5836 1882 5890 vi-

1220 398 1285 458 IN
1327 398 1543 458 EPIST.
1588 400 1608 455 ι
1673 397 1765 453 AD
1803 395 1964 453 con.
2007 362 2237 454 uentu.
2282 397 2547 455 xxxvu.

3486 405 3592 462 518

1995 507 2185 563 deatur
2208 509 2459 565 excidere
2505 511 2573 565 ab
2598 522 2937 583 argumento.
2993 513 3207 570 Etenim
3258 518 3473 587 quando
3513 520 3592 575 lo-

1993 601 2261 671 quebatur
2298 602 2367 657 de
2391 602 2680 659 concordia
2710 605 2761 659 in
2792 606 3025 671 mensis;
3052 621 3175 661 cum
3202 607 3477 678 digressus
3498 627 3591 668 es,

1989 700 2074 747 set
2095 690 2163 746 ad
2185 693 2628 749 communionem
2656 695 2707 748 in
2736 696 3028 766 mysteriis,
3051 706 3107 752 et
3122 713 3217 754 eos
3238 697 3363 754 inde
3382 703 3591 773 pudore

1989 782 2275 861 affecisset,
2297 785 2365 840 ad
2391 785 2573 857 priora
2603 801 2789 842 rursus
2810 790 3119 857 revertitur,
3148 789 3366 847 dicens:
3394 793 3590 862 Quant-

1990 873 2161 929 obrem
2228 882 2578 932 convenientes
2638 884 2706 932 ad
2770 878 3131 935 comedendum
3157 924 3173 947 ,
3228 899 3314 938 vos
3379 886 3589 942 invicem

1992 976 2279 1037 exspectate
2304 968 2381 1039 (1.
2414 967 2533 1025 Cor.
2570 970 2659 1024 11.
2685 969 2802 1040 55).
2831 970 2906 1025 lta
2942 972 3029 1026 hic
3053 989 3267 1045 quoque
3287 1018 3302 1042 ,
3327 992 3447 1033 cum
3479 979 3590 1034 dis-

1992 1060 2250 1116 seruisset
2298 1059 2367 1116 dc
2409 1061 2599 1117 ordine
2644 1062 2983 1118 observando
3029 1065 3082 1119 in
3115 1066 3302 1136 donis,
3348 1080 3402 1124 et
3446 1072 3588 1142 quod
3628 1060 3629 1063 “

1994 1164 2169 1220 neque
2216 1166 2452 1207 mturare
2484 1152 2626 1208 afﬁci
2660 1163 2909 1224 oporteat
2956 1157 3009 1210 in
3046 1159 3342 1215 minoribus
3368 1204 3382 1229 ,
3418 1178 3591 1234 neque

1994 1248 2201 1297 tumere
2229 1253 2451 1313 pr0pter
2479 1246 2702 1315 majora,
2734 1256 2787 1301 et
2816 1246 3010 1303 deinde
3039 1248 3316 1320 digressus
3348 1266 3494 1311 esset
3524 1258 3592 1312 ad

1993 1332 2311 1389 modestiam
2342 1336 2663 1391 mulieribus
2693 1338 3104 1394 convenientem
3127 1383 3143 1408 ,
3175 1351 3371 1398 clean:
3402 1347 3593 1402 contir-

1994 1434 2216 1490 massct,
2250 1426 2390 1480 redit
2415 1427 2480 1480 ad
2509 1429 2842 1499 propositum
2864 1472 2879 1495 ,
2911 1446 3101 1487 rursus
3126 1433 3310 1489 dicens
3336 1453 3348 1487 :
3385 1434 3591 1507 Itaque,

1994 1519 2180 1586 fratres
2209 1518 2341 1581 uici,
2390 1519 2706 1572 a’mulamini
2749 1523 3102 1590 prapheliam,
3136 1533 3181 1577 et
3223 1526 3361 1597 loqui
3406 1528 3593 1599 linguis

1995 1609 2151 1662 nolite
2181 1611 2466 1679 prohibere.
2516 1611 2762 1667 \‘idistiu‘
2793 1615 3066 1683 quomodo
3115 1616 3180 1671 ad
3228 1618 3388 1674 ﬁnem
3422 1636 3595 1692 usque

1994 1701 2288 1754 servaverit
2316 1699 2692 1769 ditl‘erentiam,
2720 1714 2775 1757 et
2812 1706 3087 1773 quomodo
3122 1708 3351 1764 alterum
3375 1714 3594 1782 quidem

1994 1791 2242 1845 ostendat
2287 1793 2440 1847 valde
2493 1796 2899 1863 necessarium,
2950 1799 3180 1855 alterum
3241 1816 3421 1861 autem
3487 1824 3593 1863 non

1996 1884 2166 1940 item?
2192 1885 2549 1954 Quamobrem
2581 1888 2649 1942 de
2676 1889 2766 1943 illo
2788 1891 3003 1960 quidem
3032 1893 3183 1959 dicit,
3207 1895 3554 1955 1Emulamini
3577 1916 3598 1967 ;

1996 1976 2063 2031 de
2085 1977 2185 2032 hoc
2212 1986 2413 2043 autem,
2448 1978 2625 2034 Nolite
2668 1982 2950 2051 prohibere.
2986 1986 3191 2041 Deinde
3238 1997 3510 2060 tamquam
3543 1994 3595 2050 in

1996 2085 2208 2123 summo
2234 2072 2413 2125 omnia
2446 2074 2722 2143 corrigens
2745 2117 2759 2142 ,
2790 2076 3064 2147 subjungit
3102 2079 3289 2136 dicens
3317 2101 3329 2137 :
3360 2083 3448 2138 40.
3480 2084 3601 2139 0m-

1997 2160 2083 2213 nia
2112 2171 2279 2215 autem
2307 2163 2516 2219 honeste
2554 2174 2600 2218 et
2628 2166 2905 2220 secundum
2952 2170 3182 2224 ordinent
3214 2174 3377 2241 fiant;
3410 2192 3598 2233 rursus

1999 2250 2118 2303 illos
2144 2260 2369 2323 tangens
2400 2256 2490 2324 qui
2518 2256 2702 2311 volunt
2732 2267 2931 2314 temere
2953 2273 3013 2314 se
3040 2260 3294 2318 indecore
3314 2280 3521 2334 gerere.
3546 2278 3600 2323 et

2001 2339 2227 2395 insania:
2275 2342 2376 2397 sibi
2423 2352 2607 2399 notam
2644 2348 2855 2403 inurere
2880 2390 2896 2415 ,
2937 2365 3037 2406 nec
3066 2366 3449 2423 congruentem
3500 2360 3600 2415 sibi

1999 2439 2215 2484 servant
2256 2432 2522 2487 ordinem.

2074 2520 2213 2575 Ordo
2238 2536 2401 2577 rectus
2432 2542 2626 2597 semper
2668 2530 2965 2584 servandus.
3007 2533 3250 2590 Avaritia:
3282 2541 3505 2596 morbus.
3528 2575 3596 2584 -—

2000 2611 2141 2669 Nihil
2172 2617 2315 2670 enim
2339 2633 2490 2688 teque
2514 2619 2744 2675 aedificat
2775 2630 2831 2675 ut
2858 2621 2993 2677 ordo
3025 2635 3235 2693 rectus,
3268 2639 3326 2684 ut
3368 2647 3470 2700 pax
3494 2675 3508 2699 ,
3543 2646 3600 2691 ut

1999 2706 2196 2761 caritas
2218 2749 2233 2774 ,
2268 2709 2408 2764 sicut
2436 2711 2597 2766 etiam
2629 2712 2899 2767 contraria
2926 2712 3251 2771 dissolvunt.
3275 2719 3393 2775 Non
3424 2725 3597 2780 solum

1999 2806 2179 2853 autem
2211 2800 2264 2853 in
2290 2803 2678 2870 spiritualibus,
2714 2804 2807 2860 sed
2830 2806 2989 2861 etiam
3018 2807 3069 2861 in
3092 2809 3209 2863 aliis
3232 2814 3478 2869 omnibus
3500 2814 3602 2875 hoc

1998 2888 2216 2945 videris.
2246 2891 2379 2946 Nam
2408 2894 2520 2950 sive
2547 2895 2602 2949 in
2643 2896 2983 2963 choro,sive
3022 2900 3076 2954 in
3122 2902 3363 2973 navigio,
3410 2907 3523 2962 sive
3548 2910 3600 2963 in

1999 2995 2181 3048 curru,
2214 2982 2329 3038 sive
2362 2985 2412 3038 in
2447 2986 2639 3041 castris
2671 2987 2916 3043 ordinem
2945 2992 3266 3058 confundas,
3300 3006 3353 3051 et
3380 3000 3602 3068 majori-

1999 3070 2101 3126 bus
2122 3087 2223 3127 suo
2248 3074 2368 3129 loco
2395 3076 2583 3145 ejectis
2628 3077 2681 3130 in
2713 3077 2928 3134 illorum
2963 3081 3212 3137 ordinem
3262 3088 3468 3142 minora
3518 3093 3598 3145 in-

1998 3161 2242 3233 duxeris,
2286 3168 2466 3222 omnia
2496 3172 2799 3240 corrumpis
2822 3212 2835 3236 ,
2883 3180 2938 3227 et
2974 3173 3051 3227 sic
3081 3177 3261 3230 omnia
3307 3193 3399 3233 sus
3428 3181 3602 3252 deque

2000 3263 2301 3316 vertuntur.
2350 3258 2534 3329 Neque
2581 3276 2680 3315 nos
2707 3276 2833 3331 ergo
2864 3264 3108 3319 ordinem
3158 3283 3597 3343 corrumpamus,

2002 3362 2175 3418 neque
2204 3359 2367 3421 caput
2402 3352 2537 3407 infra
2586 3364 2927 3421 statuamus,
2979 3372 3153 3426 neque
3199 3360 3366 3428 pedcs
3418 3380 3600 3435 supra.

2003 3438 2115 3495 Hoc
2145 3458 2307 3512 porro
2342 3444 2431 3510 fit,
2478 3446 2695 3514 quando
2720 3455 2919 3502 rectam
2966 3449 3182 3519 quidem
3229 3454 3490 3509 rationem
3526 3475 3604 3512 tn-

2004 3534 2155 3589 t'erne
2209 3534 2607 3604 dejecerimus,
2664 3541 3130 3609 concupiscentias
3178 3554 3391 3613 autem,
3446 3550 3596 3619 iram,

2002 3626 2509 3683 cxcandescentiam
2561 3639 2615 3684 et
2670 3632 2997 3700 voluptatem
3052 3633 3243 3688 rationi
3301 3639 3597 3705 praefeci'ri-

2005 3731 2122 3772 mus
2154 3736 2165 3772 :
2200 3722 2342 3775 unde
2374 3734 2599 3789 magnus
2628 3722 2840 3776 exsistit
2863 3722 3077 3786 ﬂuctus,
3104 3730 3291 3793 ingens
3318 3732 3599 3797 pvrturba-

2003 3806 2076 3861 tio
2098 3849 2113 3872 ,
2148 3816 2202 3863 et
2232 3808 2564 3865 intoleranda
2597 3822 2923 3881 tempestas,
2965 3827 3086 3866 cum
3118 3818 3298 3871 omnia
3330 3832 3600 3887 occupent

2003 3899 2257 3954 tenebrat.
2290 3896 2358 3954 Et
2386 3899 2429 3954 si
2458 3900 2557 3964 vis,
2582 3903 2811 3970 primum
2833 3902 3169 3957 excutiamus
3186 3922 3305 3960 eam
3328 3924 3449 3977 quae
3474 3911 3598 3969 hinc

2000 3990 2181 4045 evenit
2212 3990 2593 4061 turpitudinem
2614 4032 2629 4059 ,
2664 4002 2957 4062 posteaque
2982 3992 3238 4050 damnum
3269 3996 3396 4055 hinc
3420 4017 3598 4058 emer-

2000 4097 2154 4152 gens.
2178 4081 2459 4149 Quomodo
2490 4098 2620 4153 ergo
2656 4083 2758 4138 hoc
2794 4085 2950 4140 nobis
2980 4096 3165 4141 notum
3190 4088 3292 4143 erit
3329 4099 3387 4145 et
3424 4094 3601 4150 mani-

2000 4174 2239 4229 festum?
2280 4174 2625 4229 Adducamus
2673 4175 2725 4228 in
2773 4174 3009 4229 medium
3051 4175 3323 4233 hominem
3353 4186 3430 4236 sic
3471 4186 3603 4240 atl'e-

1999 4273 2166 4333 ctum,
2197 4263 2411 4337 captum
2439 4281 2623 4321 amore
2645 4266 2963 4331 meretricis,
2987 4276 3042 4321 et
3059 4269 3145 4337 qui
3170 4269 3288 4337 ejus
3314 4271 3603 4331 inhonesto

2000 4366 2248 4413 teneatur
2278 4357 2580 4423 desiderio;
2630 4368 2683 4413 et
2711 4366 2837 4413 tunc
2867 4358 3167 4414 videbimus
3197 4378 3358 4431 quam
3402 4364 3503 4421 hoc
3530 4371 3602 4426 sit

2000 4449 2303 4504 ridiculum.
2330 4449 2465 4517 Quid
2495 4449 2637 4505 cnim
2663 4452 2973 4519 possitesse
3001 4451 3091 4506 illo
3120 4455 3343 4522 turpius,
3375 4458 3464 4526 qui
3494 4468 3601 4516 stat

1999 4541 2067 4596 ad
2096 4543 2239 4597 fores
2270 4542 2463 4596 domus
2502 4542 2842 4608 meretriciae,
2870 4551 2922 4596 et
2964 4542 3205 4610 pulsatur
3228 4560 3257 4595 a
3286 4550 3596 4615 meretrice,

2000 4632 2199 4704 ﬂetque
2225 4641 2280 4688 et
2307 4632 2491 4703 ejulat,
2518 4635 2840 4704 probroque
2868 4631 3033 4687 allicit
3062 4648 3213 4687 suam
3243 4637 3601 4695 existimatio-

1999 4726 2170 4780 nem?
2205 4724 2260 4781 Si
2292 4726 2374 4780 vis
2413 4734 2591 4781 autem
2633 4725 2793 4779 etiam
2825 4723 3007 4780 videre
3044 4725 3331 4795 damnum,
3376 4734 3600 4789 veniant

2003 4816 2092 4871 tibi
2124 4818 2174 4871 in
2202 4825 2440 4872 mentem
2474 4823 2721 4885 sumptus
2757 4817 3030 4885 pecuniae,
3072 4817 3139 4873 de
3168 4824 3427 4876 extremis
3458 4827 3592 4892 peri-

1998 4908 2139 4975 cula,
2169 4908 2368 4963 bellum
2401 4906 2541 4976 quod
2582 4908 2785 4977 geritur
2810 4908 3069 4963 adversus
3091 4910 3287 4965 rivales
3313 4921 3369 4966 et
3396 4913 3595 4970 adver-

1996 5003 2169 5055 sarios
2194 5009 2496 5063 amatores,
2527 4999 2747 5054 vulnera
2779 5009 2833 5055 et
2859 5001 3026 5070 plaga:
3053 5016 3170 5071 qua:
3202 5001 3515 5074 inﬂiguntur
3544 5008 3596 5063 iu

1998 5090 2301 5161 bujusmodi
2326 5091 2463 5145 acie.
2487 5090 2648 5145 Tales
2673 5102 2797 5145 sunt
2817 5101 2873 5146 et
2914 5092 2982 5157 ii,
3012 5108 3145 5161 quos
3177 5099 3418 5164 pecuniae
3451 5109 3593 5156 tenet

1996 5184 2300 5255 cupiditas;
2329 5188 2437 5239 imo
2464 5200 2592 5239 vero
2624 5185 2829 5253 turpius
2855 5192 2909 5238 ct
2937 5187 3107 5256 magis
3140 5188 3394 5245 indecore
3416 5205 3475 5246 se
3500 5208 3596 5263 ge-

1996 5286 2139 5332 runt.
2170 5276 2304 5331 Nam
2336 5277 2413 5331 illi
2452 5274 2665 5345 quidem
2707 5276 2759 5329 iu
2791 5291 2899 5330 uno
2927 5292 3153 5347 corpore
3180 5289 3304 5334 sunt
3347 5286 3593 5353 occupati

1996 5379 2050 5425 et
2079 5371 2133 5425 in
2154 5383 2220 5425 eo
2240 5384 2397 5423 suum
2424 5376 2629 5438 ponunt
2656 5367 2891 5423 studium
2918 5377 2973 5422 ct
2997 5383 3214 5437 operam
3246 5390 3257 5422 :
3284 5374 3432 5428 avari
3462 5390 3593 5430 vero

1993 5461 2060 5518 de
2092 5462 2332 5517 omnium
2353 5459 2695 5515 facultatibus
2730 5469 2857 5515 sunt
2879 5459 3127 5515 similiter
3156 5464 3371 5517 solliciti
3403 5474 3457 5519 et
3487 5482 3585 5521 cu-

1995 5554 2147 5620 riosi,
2176 5561 2231 5609 et
2260 5566 2554 5623 pauperum
2577 5560 2632 5606 et
2657 5551 2901 5616 divitum,
2926 5560 2981 5606 et
3005 5550 3092 5605 illa
3120 5562 3303 5607 amant
3330 5570 3451 5624 qua:
3478 5573 3585 5612 non

1994 5658 2119 5701 sunt
2151 5664 2164 5701 :
2190 5646 2333 5717 quod
2364 5654 2446 5700 est
2470 5645 2703 5699 maxime
2724 5658 2935 5713 Signum
2969 5642 3231 5713 improba:
3258 5646 3583 5714 cupiditatis.

1991 5741 2107 5796 Non
2136 5739 2322 5794 dicunt
2348 5739 2515 5804 enim,
2547 5737 2749 5793 Vellem
2786 5736 2986 5793 habere
3024 5736 3185 5806 hujus
3210 5747 3301 5792 aut
3331 5722 3471 5795 illius
3502 5741 3586 5796 fa-

1996 5833 2242 5900 cultates,
2272 5839 2363 5888 aut
2387 5830 2485 5887 has
2512 5830 2594 5887 vel
2626 5829 2744 5887 illas
2773 5828 2949 5886 solum
2975 5846 2989 5896 ;
3033 5828 3128 5885 sed
3169 5840 3222 5884 ct
3252 5838 3462 5888 montes
3489 5845 3585 5891 vo-

2100 6042 2110 6071 l
