4066 6348
565 360 670 417 319

566 474 681 527 lunt
707 487 827 529 esse
850 491 1062 547 aurum,
1088 489 1144 535 et
1168 479 1356 538 domos
1382 492 1437 541 et
1476 502 1832 561 qua-cumque
1879 494 2149 562 videmur,

562 572 617 616 et
640 562 708 618 ad
727 563 955 621 alterum
985 582 1045 623 se
1086 570 1417 629 transferunt
1460 577 1750 643 mundum;
1784 593 1836 637 et
1866 584 1981 640 haec
2024 602 2151 657 per-

562 666 720 724 petuo
751 659 1041 727 patiuntur,
1092 679 1264 734 neque
1304 682 1527 739 usquam
1575 670 1733 727 finem
1766 673 1967 731 faciunt
2009 678 2153 735 desi-

556 746 953 817 derandi.Quis
984 753 1161 809 verbis
1189 758 1387 825 poterit
1411 760 1682 826 explicare
1709 763 1918 821 illarum
1951 766 2149 826 ﬂuctus

552 839 959 910 cogitationum,
1006 853 1407 916 tempestatem,
1458 851 1784 922 caliginem?
1832 856 1921 913 ubi
1965 868 2144 915 autem

550 939 678 986 sunt
708 942 785 987 tot
828 933 1022 990 ﬂuctus
1063 947 1118 993 et
1152 948 1296 994 tanta
1329 950 1651 1014 tempestas,
1696 963 1941 1018 quamam
1985 952 2145 1010 fuerit

548 1024 843 1093 voluptas?
872 1026 1046 1094 Nulla,
1078 1030 1173 1084 sed
1207 1033 1468 1089 tumultus
1494 1045 1547 1089 et
1576 1036 1731 1093 dolor
1755 1049 1811 1096 et
1838 1043 2142 1113 caliginosae

547 1116 763 1173 nebulae
791 1133 890 1189 pro
918 1122 1071 1191 aquis
1113 1122 1349 1180 ferentes
1380 1128 1604 1184 multam
1654 1132 1818 1188 animi
1866 1139 2139 1206 aegritudi-

543 1220 715 1264 nem:
765 1211 908 1279 quod
952 1212 1115 1269 etiam
1158 1215 1298 1271 solet
1344 1220 1592 1277 accidere
1647 1224 1709 1279 iis
1762 1228 1849 1295 qui
1905 1230 2136 1288 alienam

538 1310 723 1355 amant
769 1300 1240 1371 pulchritudinem.
1289 1307 1581 1382 Propterea
1632 1318 1722 1386 qui
1782 1320 1926 1375 nullo
1976 1326 2136 1381 modo

540 1403 753 1458 amant,
806 1394 859 1449 in
908 1396 1099 1464 majori
1139 1386 1264 1454 sunt
1309 1403 1587 1475 voluptate
1612 1422 1772 1477 quam
1825 1411 2133 1482 hujusmodi

539 1494 831 1541 amatores.
864 1484 969 1541 Sed
996 1486 1062 1541 ad
1096 1486 1197 1545 hoc
1239 1492 1454 1561 quidem
1506 1513 1665 1552 nemo
1700 1505 2082 1563 contradixerit
2113 1525 2128 1566 :

537 1587 637 1643 ego
663 1583 844 1629 autem
874 1592 999 1631 eum
1029 1580 1189 1633 etiam
1214 1583 1303 1651 qui
1330 1597 1473 1640 amat
1498 1588 1735 1657 quidem,
1767 1594 2011 1662 reprimit
2036 1613 2129 1653 au—

534 1672 643 1719 tem
670 1665 970 1733 libidinem,
1002 1672 1191 1742 majori
1218 1674 1445 1731 dixerim
1470 1678 1611 1735 affici
1644 1684 1936 1754 voluptate,
1966 1704 2124 1759 quam

529 1769 654 1809 eum
675 1757 765 1827 qui
786 1760 1002 1816 assidue
1026 1760 1221 1818 fruitur
1251 1768 1560 1826 meretrice.
1592 1770 1726 1828 Nam
1768 1776 1981 1833 etiamsi
2007 1780 2124 1851 ejus

530 1848 920 1908 demonstratio
955 1857 1026 1913 sit
1053 1856 1351 1928 difficilior,
1401 1878 1625 1922 necesse
1674 1878 1849 1925 tamen
1893 1883 1970 1927 est
2021 1875 2124 1931 hoc

527 1939 785 1996 audacter
814 1943 1148 2014 probandum
1178 1950 1478 2018 suscipere.
1522 1954 1620 2010 Est
1646 1959 1789 2012 enim
1827 1960 2117 2033 difficilior,

525 2046 629 2086 non
654 2050 718 2088 ex
748 2036 822 2090 rei
848 2046 1058 2107 natura,
1084 2041 1180 2095 sed
1208 2057 1272 2095 ex
1295 2057 1382 2111 eo,
1407 2045 1553 2115 quod
1582 2048 1854 2107 auditores
1880 2052 1979 2110 hac
2002 2057 2119 2126 phi-

522 2122 763 2195 losophia
798 2143 903 2182 non
930 2130 1040 2184 sint
1064 2130 1234 2201 digni.

590 2218 645 2270 5.
674 2217 813 2285 Quid
835 2228 920 2273 est
947 2221 1114 2289 enim,
1142 2224 1229 2279 die
1254 2241 1459 2295 quaiso,
1490 2234 1689 2288 amanti
1712 2233 2024 2305 jucundius,
2046 2242 2115 2297 ab

516 2313 689 2360 amica
708 2306 931 2376 despici,
959 2324 1028 2364 an
1055 2312 1305 2369 honorari
1327 2326 1382 2373 et
1411 2319 1555 2375 illam
1582 2322 1903 2393 despicere?
1932 2328 2111 2385 Palam

517 2405 603 2451 est
633 2397 734 2453 hoc
764 2413 886 2455 esse
929 2399 1241 2471 jucundius.
1273 2407 1443 2474 Quem
1487 2427 1615 2483 ergo
1640 2456 1655 2483 ,
1706 2433 1907 2486 quaeso,
1944 2424 2111 2493 magis

515 2486 797 2544 honorabit
827 2495 1079 2548 meretrix
1103 2534 1119 2562 ,
1148 2512 1344 2555 eumne
1373 2502 1465 2572 qui
1497 2504 1596 2574 ipsi
1629 2509 1819 2573 εει·νὶι,
1854 2520 1908 2563 et
1938 2511 2109 2567 factus

512 2588 596 2634 est
621 2580 740 2649 ejus
767 2583 1113 2654 mancipium,
1142 2601 1211 2642 an
1241 2603 1363 2644 eum
1393 2594 1483 2661 qui
1513 2594 1628 2662 ejus
1659 2600 1929 2665 superavit
1951 2603 2105 2670 retia,

507 2681 560 2724 et
587 2671 804 2726 struetis
833 2673 901 2728 ab
927 2690 988 2729 ca
1014 2676 1236 2732 calamis
1264 2681 1409 2734 volat
1431 2683 1594 2738 altius
1609 2685 1634 2738 'I
1661 2686 1756 2741 Est
1782 2689 1950 2745 cuivis
1981 2708 2103 2762 per-

507 2763 748 2831 spicuum
778 2766 918 2833 quod
948 2767 1111 2821 hunc.
1138 2768 1196 2823 In
1226 2786 1518 2840 quemnam
1544 2786 1721 2833 autem
1756 2793 1913 2837 suum
1934 2786 2104 2855 magis

506 2852 749 2907 conferet
774 2853 1032 2921 studium,
1071 2857 1123 2911 in
1153 2874 1348 2916 eumne
1378 2865 1466 2933 qui
1498 2866 1694 2922 cecidit
1715 2910 1730 2933 ,
1764 2884 1831 2925 an
1878 2873 1929 2926 iu
1976 2888 2097 2929 eum

506 2944 597 3013 qui
630 2944 914 3000 nendum?
959 2949 1013 3002 lu
1045 2965 1167 3003 eum
1215 2953 1373 3023 plane
1413 2956 1504 3025 qui
1535 2959 1793 3015 nondum.
1823 2965 1953 3031 Quis
1997 2968 2100 3022 erit

504 3041 682 3087 autem
712 3034 1146 3106 desiderabilior,
1196 3041 1311 3098 isne
1340 3044 1432 3115 qui
1479 3056 1562 3100 est
1588 3050 1899 3121 confectus,
1932 3070 1997 3109 an
2054 3057 2097 3113 is

502 3122 590 3191 qui
638 3124 874 3179 nondum
904 3137 986 3181 est
1015 3138 1202 3198 captus
1224 3132 1247 3184 ?
1268 3131 1317 3187 is
1344 3135 1433 3203 qui
1480 3137 1716 3194 nondum
1760 3152 1845 3197 est
1885 3156 2093 3214 captus.

499 3212 554 3268 Si
606 3225 785 3270 autem
840 3233 948 3272 non
1008 3221 1269 3290 creditis,
1323 3240 1353 3278 a
1411 3228 1574 3283 rebus
1633 3234 1827 3288 vestris
1874 3235 2091 3295 aﬂ'eram

498 3304 1040 3364 demoostrationem.
1080 3312 1381 3377 Quamnam
1422 3318 1565 3371 enim
1614 3322 1893 3378 mulierem
1922 3330 2093 3398 magis

498 3399 692 3451 amarit
732 3400 1036 3468 quispiam,
1087 3419 1277 3460 eamne
1321 3424 1440 3476 quae
1486 3410 1646 3468 facile
1696 3419 1997 3474 succumbit
2037 3432 2091 3477 et

497 3492 599 3561 ipsi
646 3508 705 3547 se
732 3492 916 3561 dedit,
964 3510 1032 3548 an
1076 3512 1195 3551 eam
1226 3516 1347 3567 qua:
1387 3512 1548 3573 negat
1599 3515 1653 3560 et
1692 3512 1960 3579 negotium
2008 3514 2088 3567 fa-

494 3583 697 3637 cessit?
739 3583 885 3638 lianc
921 3586 1106 3655 procul
1149 3589 1313 3644 dubio
1348 3608 1360 3645 :
1406 3592 1531 3649 hinc
1578 3597 1722 3653 enim
1770 3603 2083 3661 accenditur

496 3675 669 3744 majus
714 3675 1062 3732 desiderium.
1115 3680 1254 3750 Ergo
1300 3682 1439 3738 idem
1490 3702 1702 3758 quoque
1726 3693 1910 3747 eritiu
1965 3712 2083 3749 mu-

494 3766 659 3831 liere;
705 3778 759 3821 et
799 3784 920 3822 eum
960 3771 1128 3839 magis
1170 3772 1260 3827 illa
1300 3774 1588 3833 honorabit
1629 3788 1685 3836 et
1735 3783 2085 3842 admirabitur

493 3856 586 3924 qui
636 3871 694 3910 se
730 3857 976 3927 despicit.
1024 3858 1078 3914 Si
1136 3876 1224 3915 res
1264 3873 1445 3919 autem
1486 3866 1557 3920 ita
1592 3883 1653 3923 se
1694 3870 1916 3938 habeat,
1952 3877 2083 3932 illud

496 3964 710 4016 quoque
740 3948 912 4017 palam
936 3951 1040 4003 erit
1082 3951 1134 4004 in
1168 3953 1355 4023 majori
1387 3969 1507 4011 esse
1536 3960 1808 4029 voluptate
1841 3979 1961 4019 eum
1993 3971 2081 4037 qui

492 4036 659 4105 magis
688 4035 986 4093 honoratur
1012 4049 1065 4093 et
1095 4040 1349 4111 diligitur.
1395 4045 1528 4102 Nam
1572 4058 1626 4104 et
1654 4052 1760 4107 dux
1806 4035 2080 4113 exercitus

489 4126 676 4179 urbem
700 4127 914 4195 quidem
945 4131 1109 4185 semel
1137 4141 1343 4202 captam
1375 4135 1628 4206 dimittit;
1676 4143 1724 4197 ei
1751 4154 1926 4201 autem
1958 4164 2079 4219 qua:

485 4217 690 4271 resistit
718 4228 774 4272 et
801 4222 1083 4276 contendit
1108 4226 1255 4279 omni
1285 4228 1464 4283 studio
1489 4233 1690 4288 assidet
1722 4252 1736 4289 :
1775 4245 1830 4291 et
1853 4217 2077 4298 venator

484 4307 651 4363 feram
680 4312 924 4365 venando
961 4326 1171 4383 captam
1202 4317 1363 4374 habet
1392 4322 1443 4375 in
1495 4327 1728 4381 tenebris
1775 4330 2070 4403 inclusam,

482 4400 929 4467 quemadmodum
962 4408 1218 4462 meretrix
1238 4419 1567 4478 amatorem;
1598 4432 1716 4473 eam
1746 4430 1924 4478 autem
1955 4444 2073 4497 quae

480 4488 630 4559 fugit,
661 4494 1020 4563 persequitur.
1053 4498 1123 4553 At
1150 4500 1259 4567 ille,
1286 4503 1515 4574 inquies,
1547 4510 1739 4567 fruitur
1764 4488 2068 4590 desiderio;

483 4580 570 4636 hic
598 4592 776 4637 autem
807 4600 914 4639 non
960 4586 1170 4645 fruitur.
1205 4596 1285 4648 Au
1318 4598 1515 4666 probro
1542 4616 1605 4657 ac
1649 4604 1916 4667 dedecore
1962 4630 2068 4669 nou

476 4672 642 4739 affici,
677 4689 852 4745 neque
884 4676 1005 4745 ejus
1031 4685 1325 4750 tyrannicis
1354 4691 1560 4746 servire
1582 4693 1842 4767 imperiis,
1872 4717 1972 4757 nec
2000 4705 2069 4759 ab

476 4777 538 4816 ea
568 4763 690 4819 duci
739 4775 792 4819 et
826 4767 1118 4841 circumagi
1164 4782 1432 4846 tamquam
1477 4787 1801 4855 mancipium
1826 4831 1841 4857 ,
1876 4795 2067 4864 pugnis

478 4863 792 4922 contusum,
825 4868 1144 4929 consputum
1172 4903 1185 4926 ,
1221 4864 1275 4919 in
1304 4871 1477 4938 capite
1509 4875 1791 4945 pulsatum,
1823 4897 2061 4952 parvam,

476 4941 563 4995 dic
583 4959 765 5012 quaeso
786 4988 801 5012 ,
835 4949 1111 5007 existimas
1144 4969 1266 5010 esse
1294 4960 1658 5031 voluptatem?
1686 4968 1741 5024 Si
1770 4974 1889 5041 quis
1918 4978 2061 5032 enim

478 5033 595 5089 hazc
619 5050 867 5096 accurate
892 5049 1225 5115 excusserit,
1257 5060 1313 5105 et
1347 5055 1599 5126 colligere
1628 5066 1860 5130 potuerit
1883 5070 2060 5124 omnia

470 5141 657 5181 eorum
693 5130 908 5196 probra,
943 5130 1300 5194 contumelias
1325 5183 1339 5206 ,
1368 5146 1794 5221 criminationes,
1847 5156 2063 5230 irasque

476 5230 763 5291 perpetuas
792 5237 858 5277 ex
887 5226 1067 5281 animo
1089 5230 1169 5283 vel
1199 5247 1266 5285 ex
1293 5234 1501 5293 deliciis
1528 5256 1693 5310 ortas,
1727 5246 2055 5320 inimicitias,

470 5322 525 5367 ct
553 5312 654 5367 alia
678 5314 854 5367 omnia
886 5316 1017 5370 solis
1049 5320 1371 5386 patientibus
1392 5338 1534 5395 nota,
1570 5333 1807 5393 inveniet
1831 5344 2063 5412 quodvis

470 5402 669 5459 bellum
703 5404 882 5475 plures
907 5404 1108 5463 habere
1135 5409 1393 5482 inducias,
1417 5434 1573 5488 quam
1600 5422 1787 5481 horum
1810 5432 2057 5490 miseram

476 5497 653 5551 vitam.
713 5498 1016 5566 Quamnam
1057 5516 1186 5574 ergo
1223 5503 1395 5573 dicis,
1451 5526 1654 5583 quaso,
1688 5519 2059 5590 voluptatem?

472 5605 659 5648 eamne
683 5608 803 5663 qua:
831 5594 1042 5664 capitur
1077 5612 1143 5651 ex
1173 5600 1314 5654 coitu
1337 5641 1351 5666 ,
1381 5618 1500 5667 qua:
1525 5616 1607 5660 est
1652 5607 1832 5667 brevis
1860 5625 1914 5669 et
1944 5632 2058 5671 mo-

468 5686 785 5739 mentanea?
811 5686 919 5741 Sed
945 5700 1065 5742 eam
1093 5692 1272 5745 statim
1305 5692 1503 5750 bellum
1536 5699 1734 5770 excipit
1770 5712 1824 5757 et
1864 5706 2055 5764 fluetus

470 5780 526 5826 et
547 5773 722 5831 rabies
744 5786 800 5832 et
826 5776 967 5835 idem
999 5794 1187 5839 rursus
1217 5780 1385 5841 furor.
1416 5785 1479 5843 Et
1516 5786 1632 5846 hazc
1656 5793 1868 5863 quidem
1900 5815 1927 5853 a
1954 5817 2053 5857 uo-

1264 369 1319 425 S.
1360 370 1637 431 JOANNIS
1672 374 2145 440 CHRYSOSTUMI
2185 387 2501 449 AliClllEP.
2536 397 3069 465 CONSTANTINUP.

3758 434 3865 490 3‘30

2261 502 2342 557 bis
2366 504 2507 562 dicta
2534 522 2689 579 sunt,
2725 520 2948 585 perinde
2989 535 3149 595 atque
3179 529 3224 584 si
3250 533 3372 603 quis
3411 550 3471 591 ea
3498 537 3695 597 dixerit
3722 547 3859 600 adu.

2266 592 2595 656 lescentibus
2618 592 3099 678 iutemperantibus
3125 630 3177 674 et
3202 592 3501 697 impudicis,
3530 634 3621 702 qui
3646 651 3706 690 ea
3732 654 3860 708 qua.

2266 682 2506 708 ,ιε-η---μη
2558 692 2571 708 ¹
3010 706 3019 708 “

3279 682 3293 694 .
3418 682 3859 708 νίιῚ“’⁷“““Ι“¹”“¹

2257 682 2510 744 dicuntur
2539 692 2606 747 de
2632 711 2801 767 regno
2846 712 2901 755 et
2937 706 3181 774 gehenna
3213 728 3320 769 non
3363 717 3592 776 libenter
3622 725 3804 782 ferant
3844 747 3859 783 :

2252 781 2469 847 quando
2499 795 2678 841 autem
2712 789 2827 847 haec
2860 794 2910 848 in
2945 800 3178 856 medium
3206 805 3613 883 adduxerimus,
3651 834 3719 873 ne
3745 819 3861 876 dict

2249 870 2464 937 quidem
2498 885 2673 942 potest
2701 893 2899 950 quanta
2931 888 2999 940 sit
3030 892 3429 955 moderatorum
3460 913 3515 958 et
3546 870 3860 978 temperau-

3505 957 3508 958 ν
3552 957 3831 978 ,,___,--_-.

2252 962 2382 1016 tium
2415 957 2662 1038 voluptas
2688 987 2703 1038 ;
2734 977 2950 1042 quando
2975 982 3095 1050 quis
3125 999 3309 1042 secum
3337 1004 3549 1060 reputat
3576 1012 3813 1055 coronas
3837 1045 3855 1070 ,

2250 1057 2501 1123 praemia,
2559 1067 3005 1125 consuetudinem
3055 1090 3175 1129 cum
3231 1083 3436 1152 angelis
3459 1127 3473 1149 ,
3509 1088 3561 1141 in
3594 1092 3856 1147 universo

2246 1148 2378 1202 orbe
2409 1159 2567 1208 terra:
2596 1157 3042 1230 celebrationem,
3072 1148 3327 1228 fiduciam
3352 1186 3406 1231 et
3432 1178 3645 1236 dicendi
3676 1184 3855 1241 liber-

2246 1245 2428 1308 tatem,
2461 1258 2585 1313 spes
2616 1248 2736 1303 illas
2768 1251 2935 1308 bonas
2956 1267 3010 1310 et
3042 1257 3397 1321 immortales.
3434 1271 3502 1324 At
3527 1275 3703 1329 coitus
3741 1276 3852 1330 ha-

2245 1328 2333 1386 bet
2371 1336 2731 1406 voluptatem;
2786 1344 2889 1401 hoc
2942 1350 3087 1405 enim
3135 1367 3395 1424 perpetuo
3441 1376 3699 1433 versant;
3743 1371 3849 1437 qui

2239 1438 2369 1479 vero
2399 1436 2707 1500 temperans
2737 1447 2840 1505 est,
2873 1455 2983 1494 non
3007 1454 3180 1511 potest
3208 1450 3423 1506 assidue
3449 1469 3689 1525 pugnare
3712 1476 3851 1515 cum

2239 1522 2520 1588 tyrannide
2569 1535 2797 1584 natum.
2850 1533 2922 1586 At
2969 1541 3298 1595 contrarium
3344 1522 3615 1605 inveneris
3662 1569 3675 1604 :
3724 1553 3847 1621 ipa

2233 1608 2377 1663 enim
2405 1613 2484 1666 vis
2504 1622 2557 1667 et
2595 1619 2930 1685 perturbatio
2950 1634 3033 1680 est
3062 1631 3232 1698 magis
3249 1634 3389 1701 apud
3417 1652 3538 1691 eum
3566 1640 3657 1709 qui
3680 1608 3845 1697 scor-

2234 1707 2393 1757 tatur.
2440 1703 2602 1761 Multa
2636 1712 2778 1765 enim
2807 1725 2890 1769 est
2919 1717 2973 1771 in
3004 1735 3232 1789 corpore
3258 1728 3512 1795 agitatio;
3543 1743 3601 1787 et
3642 1739 3843 1805 quovis

2232 1787 2511 1847 ﬂuctuanti
2544 1800 2677 1852 mari
2711 1800 2799 1856 hic
2823 1806 3043 1872 gravius
3070 1787 3325 1880 afficitur:
3351 1818 3504 1887 cujus
3537 1787 3840 1895 nuniquam

2228 1879 2439 1936 sistitur
2467 1887 2733 1954 cupiditas
2757 1933 2773 1960 ,
2814 1896 2909 1949 sed
2938 1897 3007 1952 ab
3052 1916 3114 1956 ea
3146 1918 3361 1975 semper
3388 1879 3703 1983 impetitur:
3726 1935 3837 1973 non

2224 1985 2381 2029 secus
2409 1988 2568 2046 atque
2617 1984 2707 2051 qui
2737 1989 3104 2057 corripiuntur
3132 2010 3163 2050 a
3194 1996 3475 2068 daemone,
3521 2015 3576 2059 et
3607 2010 3837 2066 assidue

2224 2059 2603 2135 discerpuntur
2645 2087 2675 2125 a
2721 2066 2874 2131 malis
2918 2081 3215 2148 spiritibus.
3267 2088 3596 2160 Temperans
3643 2108 3834 2155 autem

2223 2165 2330 2206 non
2352 2168 2506 2211 secus
2542 2174 2606 2215 ac
2655 2162 2809 2221 fortis
2847 2168 3046 2225 athleta
3072 2216 3087 2239 ,
3145 2191 3262 2231 eam
3315 2183 3530 2239 assidue
3582 2188 3785 2245 feriens
3810 2234 3828 2255 ν

2220 2245 2477 2310 optimam
2505 2260 2559 2303 et
2588 2252 2887 2313 innumeris
2933 2260 3246 2331 hujusmodi
3276 2270 3484 2327 deliciis
3524 2277 3830 2344 jucundio-

2218 2348 2331 2389 rem
2362 2341 2592 2409 percipit
2628 2347 2957 2417 voluptatem
2983 2394 2998 2419 ,
3052 2355 3152 2412 hac
3181 2360 3403 2417 victoria
3428 2407 3441 2430 ,
3498 2341 3636 2422 bona
3682 2388 3826 2427 eun-

2216 2425 2442 2482 scientia
2466 2470 2480 2494 ,
2509 2440 2564 2484 et
2612 2437 2886 2502 prmclaris
2916 2448 3134 2511 tropaeis
3185 2461 3443 2521 perpetuo
3468 2470 3714 2516 ornatus.
3764 2466 3827 2520 Si

2216 2526 2397 2570 autem
2430 2531 2554 2589 post
2590 2538 2940 2595 congressum
2988 2534 3080 2590 ille
3135 2553 3321 2607 parum
3382 2548 3651 2616 quiescit.
3709 2553 3821 2612 hoc

2214 2605 2345 2660 nihil
2375 2608 2533 2665 interit
2561 2630 2572 2665 :
2617 2632 2829 2674 rursum
2860 2624 3002 2677 enim
3035 2605 3239 2685 invadit
3270 2642 3561 2705 tempestas
3590 2654 3644 2696 et
3687 2662 3820 2703 rur-

2211 2709 2327 2750 sum
2354 2698 2569 2755 ﬂuctus.
2600 2704 2699 2773 Qui
2734 2719 2912 2767 autem
2940 2698 3477 2791 philosophatum-ne
3508 2730 3660 2787 initio
3693 2739 3820 2806 qui-

2207 2786 2329 2842 dem
2358 2795 2621 2861 permittit
2651 2810 2708 2855 ut
2739 2802 2858 2861 hare
2886 2822 2946 2864 se
2973 2786 3187 2869 invadat
3218 2821 3545 2886 perturbatio
3568 2867 3583 2891 ,
3633 2844 3821 2899 neque

2207 2894 2264 2937 ut
2294 2901 2442 2944 mare
2469 2905 2734 2966 assurgat,
2762 2914 2861 2956 nec
2880 2912 2935 2956 ut
2960 2905 3072 2961 hmc
3096 2910 3206 2965 fera
3230 2916 3576 2974 vociferetur.
3613 2923 3668 2978 Si
3701 2929 3813 2982 vim

2202 2985 2380 3030 autem
2426 2982 2755 3048 patiatur'iu
2806 2993 3089 3053 retinendo
3120 3001 3323 3073 impetu
3379 3016 3566 3077 tanto;
3610 3025 3668 3070 at
3718 3020 3814 3076 ille

2207 3064 2369 3120 etiam
2403 3067 2760 3144 libidinosus,
2808 3082 3115 3153 frequenter
3164 3096 3441 3168 pulsatus,
3494 3106 3803 3176 confossus,

2200 3164 2532 3229 wstrumque
2558 3180 2663 3219 non
2693 3167 2874 3226 ferens
2897 3215 2911 3239 ,
2946 3176 3087 3234 haud
3115 3198 3291 3252 secus,
3321 3206 3479 3259 quam
3508 3196 3553 3249 si
3600 3212 3807 3267 equum

2201 3244 2246 3267 2..
2275 3246 2351 3267 Ι-κν
2387 3250 2417 3267 ⁸-
2548 3254 2571 3267 ¹⁵
2814 3263 2825 3267 ⁸

3276 3244 3289 3252 ,
3338 3244 3352 3259 _
3509 3244 3553 3249 _-
3604 3244 3803 3267 ηπ...

2199 3244 2515 3307 indomitum
2544 3254 2696 3312 freno
2726 3263 3008 3333 retineret,
3041 3285 3211 3329 artem
3241 3294 3454 3337 omnem
3484 3287 3755 3349 adhibens
3788 3314 3803 3349 :

2198 3340 2241 3393 si
2271 3353 2449 3398 autem
2478 3353 2724 3419 cesserit,
2753 3364 2807 3411 et
2834 3358 3072 3417 laborem
3103 3364 3316 3438 fugerit,
3346 3375 3413 3428 ab
3435 3378 3527 3433 illo
3555 3399 3809 3458 praeceps

2194 3447 2535 3508 quocumque
2565 3441 2789 3501 feratur.
2823 3448 2947 3505 llaec
2977 3455 3020 3508 si
3048 3456 3189 3512 dicta
3217 3471 3342 3517 sunt
3367 3441 3605 3534 apertius
3635 3441 3803 3544 quain

2195 3537 2291 3591 par
2318 3526 2409 3593 sit,
2457 3545 2617 3585 nemo
2644 3549 2730 3589 me
2761 3541 3121 3608 reprehendat
3152 3568 3164 3603 :
3218 3552 3345 3607 nolo
3390 3557 3533 3612 enim
3577 3526 3799 3622 dicendi

2191 3618 2451 3681 gravitate
2472 3634 2668 3677 ornare
2697 3630 2997 3688 orationem
3021 3680 3039 3703 ,
3072 3639 3167 3693 sed
3199 3657 3391 3712 graves
3430 3658 3485 3704 et
3528 3650 3802 3714 honestos

2193 3706 2367 3763 facere
2393 3711 2685 3771 auditores.

2273 3804 2326 3857 4.
2369 3805 2661 3876 Proptrrea
2708 3815 2984 3884 pr0phctaa
3028 3837 3244 3895 quoque
3291 3832 3421 3886 nulli
3478 3836 3796 3908 hujusmodi

2188 3893 2354 3948 verbo
2383 3908 2625 3966 parcunt,
2658 3903 2898 3961 volentes
2921 3893 3232 3968 Judmorum
3262 3921 3577 3981 exscindere
3603 3929 3793 3987 libidi-

2179 4622 2352 4691 ipsum
2398 4629 2579 4684 reddit
2618 4632 2922 4692 clariorem.
2969 4640 3103 4698 Nam
3148 4647 3194 4702 si
3242 4665 3272 4703 a
3323 4654 3465 4711 bello
3490 4674 3782 4722 reversum

2176 4713 2400 4770 militem
2434 4718 2628 4775 viderit
2655 4724 2919 4795 quiSpiam
2950 4735 3125 4804 sanie,
3162 4743 3421 4811 sanguine
3448 4757 3503 4803 et
3543 4755 3781 4811 cerebro

2173 4818 2478 4874 respersum
2507 4820 2562 4865 et
2592 4814 2873 4885 pollutum,
2911 4838 3016 4878 non
3047 4826 3169 4884 ideo
3198 4832 3323 4887 odio
3344 4834 3559 4895 habebit
3592 4858 3778 4914 neque

2171 4900 2525 4967 aversabitur,
2560 4905 2653 4959 sed
2695 4911 2866 4980 magis
2910 4916 3072 4973 etiam
3120 4921 3488 4985 admirabitur.
3546 4933 3621 4989 lta
3668 4954 3779 4997 nos

2171 4998 2383 5055 quoque
2407 4988 2663 5050 faciamus
2680 5013 2800 5052 cum
2826 5001 3112 5063 viderimus
3133 5017 3459 5087 quempiam,
3480 5038 3775 5096 pomquam

2170 5080 2419 5135 mactarit
2462 5086 2831 5159 cupiditatem,
2879 5080 3163 5157 cruentum
3209 5080 3771 5184 revertentem,.euin

2171 5171 2344 5241 magis
2382 5173 2730 5247 admiremur,
2774 5187 3043 5257 simulque
3085 5195 3215 5248 socii
3240 5212 3305 5252 ac
3334 5204 3616 5276 participes
3641 5213 3771 5283 ejus

2170 5272 2361 5331 pugna:
2386 5272 2441 5319 et
2470 5267 2727 5334 victoriae,
2756 5280 2811 5326 et
2839 5274 2905 5329 iis
2932 5278 3021 5346 qui
3042 5292 3227 5338 amant
3247 5267 3488 5349 dicamus
3515 5267 3537 5350 τ’
3560 5267 3767 5357 Oeten;

2166 5350 2277 5407 dite
2304 5356 2459 5411 nobis
2482 5358 2815 5429 voluptatem
2846 5382 3005 5435 quam
3036 5376 3319 5445 accepistis
3341 5398 3407 5440 ex
3439 5350 3681 5447 libidine.

2248 5444 2615 5517 Temperantia;
2658 5455 2908 5523 voluptas.
2933 5490 3004 5501 —
3027 5462 3285 5540 Namqui
3325 5486 3411 5531 est
3451 5488 3762 5550 temperans

2164 5552 2228 5591 ac
2257 5541 2501 5609 pudicus,
2535 5545 2861 5615 voluptatem
2894 5552 3052 5612 habet
3070 5574 3133 5616 ex
3165 5564 3384 5621 victoria
3412 5586 3425 5635 ;
3473 5578 3525 5623 tu
3562 5541 3759 5633 autem

2166 5631 2361 5685 nullam
2388 5632 2554 5689 habes
2579 5640 2818 5696 omnino.
2844 5644 2936 5701 Sin
2965 5660 3142 5707 autem
3166 5670 3259 5712 vos
3279 5659 3468 5715 dicatis
3492 5676 3611 5718 eam
3633 5682 3755 5737 qtae

2164 5729 2248 5773 est
2278 5738 2340 5775 ex
2376 5738 2707 5796 congressu;
2740 5735 2833 5788 sed
2868 5738 2955 5792 illa
2987 5749 3069 5796 est
3097 5747 3427 5805 manifestior
3455 5760 3508 5807 et
3537 5753 3752 5817 diutur-

2165 5810 2301 5865 uior.
2337 5812 2468 5869 Nam
2513 5828 2565 5873 tu
2596 5834 2659 5876 ex
2692 5837 2756 5879 eo
2786 5842 2892 5896 quo
2922 5828 3115 5890 frueris
3146 5835 3309 5895 habes
3334 5839 3532 5914 aliquid
3562 5845 3753 5915 breve.
