4076 6336
175 432 284 491 M9

178 552 263 605 δτι
295 549 413 616 Τὴν
439 546 539 602 106
587 547 760 614 δεῖνος
794 549 1097 622 ἐϐουλόμην
1124 552 1314 606 οὐσίαν
1343 552 1509 624 ἐχειν,
1538 554 1635 607 καὶ
1675 554 1777 624 τὴν

180 633 280 687 106
331 633 508 690 δεῖνος
566 633 753 703 μόνον,
801 633 939 687 ἀλλά
985 634 1082 689 καὶ
1122 635 1195 688 τά
1243 637 1346 706 δρη
1382 644 1609 708 χρυσίον
1638 653 1783 690 ειναι

186 717 495 788 βούλονται,
545 717 770 779 καὶτὰς
797 718 998 785 οἰκίας,
1045 719 1242 772 καὶτὰ
1284 720 1539 791 ὁρώμενα
1578 720 1783 780 πάντα.

184 802 285 856 καὶ
311 801 397 869 ἐφ’
431 800 622 872 ἕτερον
673 801 1036 872 προϐαίνουσι
1071 805 1275 875 κόσμον
1301 820 1319 869 Ἀ
1359 804 1453 856 καὶ
1496 803 1785 857 τοῦτοέπ⁹

184 881 416 953 ἄπειρον
446 883 738 953 πάσχουσι,
788 885 887 938 καὶ
919 885 1159 957 οὐδαμοῦ
1191 885 1294 955 τῆς
1350 885 1650 956 ἐπιθυμίας
1686 886 1786 957 λή-

184 982 371 1031 γουσι.
409 966 506 1029 Τίς
542 966 610 1020 ἂν
663 971 1043 1039 παραστήσειε
1088 967 1246 1036 λόγος
1274 967 1365 1021 τὸν
1395 968 1643 1039 χειμῶνα
1672 970 1784 1023 τῶν

184 1048 474 1120 λογισμῶν
508 1050 757 1114 ἐκείνων,
786 1050 856 1103 τά
886 1050 1130 1121 κύματα,
1168 1051 1259 1103 τὸν
1294 1050 1497 1120 ζόφον;
1546 1053 1682 1105 ὃπου
1725 1052 1783 1104 δὲ

186 1132 419 1204 κύματα
455 1132 548 1186 καὶ
573 1132 782 1204 χειμὼν
808 1133 1071 1198 τοιοῦτος,
1097 1133 1229 1187 ποία
1256 1134 1456 1202 γένοιτ’
1490 1134 1557 1188 ἂν
1592 1135 1782 1205 ἡδονῆς

186 1216 307 1269 Οὐκ
342 1214 490 1269 ἐστιν
529 1216 781 1285 οὐδεμία,
818 1215 957 1269 ἀλλά
988 1215 1221 1287 θόρυϐος
1250 1217 1346 1270 καὶ
1371 1216 1535 1286 ὀδύνη
1567 1218 1664 1271 καὶ
1694 1233 1783 1269 νε-

186 1298 354 1367 φέλαι
408 1298 670 1369 ζοφώδεις
715 1300 839 1354 ἀντὶ
876 1299 1087 1353 ὑδάτων
1138 1299 1343 1372 πολλὴν
1388 1302 1655 1372 φέρουσαι
1690 1302 1787 1371 τὴν

187 1382 464 1453 ἀθυμίαν⁸
508 1383 537 1436 δ
564 1384 629 1455 δὴ
666 1384 764 1438 καὶ
790 1385 889 1436 ἐπὶ
916 1383 1027 1437 τῶν
1051 1383 1309 1453 ἐρώντων
1342 1384 1629 1457 ἀλλοτρίου
1658 1385 1783 1439 κάλι

186 1464 315 1528 λους
348 1466 671 1537 συμϐαίνειν
716 1465 897 1521 εἴωθε.
952 1466 1052 1521 Διά
1090 1483 1173 1519 τοι
1208 1466 1367 1521 τοῦτο
1396 1469 1447 1521 οί
1488 1468 1612 1540 μηδ’
1649 1468 1789 1531 ὅλως

186 1547 452 1618 ἐρῶντες,
485 1549 597 1603 τῶν
618 1547 872 1619 ἐρώντων
897 1551 955 1602 ἐν
983 1549 1192 1604 πλείονί
1224 1553 1364 1605 εἰσιν
1405 1551 1593 1624 ἡδονῇ.
1625 1551 1789 1605 Ἀλλά

188 1631 331 1701 πρὸς
381 1631 541 1685 τούτο
591 1633 690 1701 μὲν
731 1630 911 1695 οὐδεὶς
956 1633 1244 1687 ἀντείποι’
1310 1633 1422 1702 ἐγὼ
1452 1635 1509 1688 δέ
1555 1636 1653 1689 καὶ
1695 1634 1787 1687 τὸν

185 1713 407 1784 ἐρῶντα
442 1714 565 1783 μὲν,
595 1715 900 1793 κατέχοντα
924 1714 981 1769 δέ
1011 1717 1111 1789 τὴν
1142 1717 1467 1788 ἐπιθυμίαν,
1494 1717 1696 1788 μᾶλλον
1722 1718 1787 1770 ἂν

184 1797 359 1865 φαίην
397 1801 609 1872 τρυφᾷν
669 1794 767 1853 106
799 1801 1046 1872 συνεχῶς
1092 1802 1195 1873 τῆς
1236 1801 1445 1873 πόρνης
1473 1801 1788 1856 ἀπολαύον-

183 1898 298 1945 τος.
327 1880 394 1935 El
427 1880 539 1954 7&9
565 1882 718 1956 [547]
749 1884 845 1939 καὶ
869 1885 1254 1956 δυσκολωτέρα
1286 1888 1320 1957 ἡ
1346 1885 1642 1952 ἀπόδειξις,
1669 1886 1787 1940 ἀλλ’

181 1964 338 2032 ὅμως
368 1965 463 2017 καὶ
492 1964 667 2028 οὕτως
691 1968 992 2035 ἀναγκαῖον
1024 1967 1443 2039 κατατολμῆσαι
1468 1969 1565 2022 τοῦ
1602 1968 1785 2039 λόγου.

184 2044 298 2099 Καὶ
323 2045 435 2117 7&9
478 2047 863 2120 δυσκολωτέρα
892 2049 1126 2117 γίνεται,
1182 2051 1244 2103 οὑ
1297 2050 1453 2122 παρᾲ
1480 2052 1580 2118 τὴν
1623 2053 1790 2121 φύσιν

181 2128 281 2182 τοῦ
312 2130 666 2201 πράγματος,
695 2130 836 2184 άλλά
864 2132 1020 2203 παρά
1048 2132 1110 2187 τό
1147 2133 1223 2205 μὴ
1256 2128 1400 2188 εἶναι
1426 2135 1529 2206 τῆς
1565 2135 1787 2205 φιλοσοο

181 2212 318 2282 φίας
350 2212 557 2276 ταύτης
582 2213 859 2283 ἀκροατάς
888 2212 1099 2279 ἀξίους.

253 2371 415 2443 γ’νΤί
437 2372 546 2444 γὰρ
565 2373 734 2444 ῆδιον,
749 2375 872 2428 είπέ
891 2387 1005 2446 μοι,
1018 2374 1097 2446 τῷ
1116 2373 1337 2447 ἐρῶντι,
1354 2374 1417 2429 τὸ
1434 2378 1788 2447 καταφρονεῖ⁶

179 2457 310 2511 σθαι
337 2454 445 2510 ὑπὸ
466 2456 568 2527 τῆς
588 2457 898 2529 ἐρωμένης,
922 2458 956 2529 ῆ
986 2458 1047 2512 τὸ
1064 2458 1331 2529 τιμᾶσθαι
1357 2459 1453 2514 καὶ
1476 2461 1784 2533 ὑπερορᾷν;

177 2539 425 2611 Εὔδηλον
448 2542 530 2595 ὅτι
547 2541 727 2599 10610.
753 2540 890 2596 Τίνα
917 2537 1033 2609 οὖν,
1068 2543 1189 2597 εἰπέ
1227 2561 1339 2614 μοι,
1372 2545 1598 2617 τιμήσει
1625 2545 1788 2599 πλέον

175 2626 211 2693 ἡ
238 2625 447 2695 πόρνη,
483 2624 576 2679 τὸν
608 2625 936 2679 δουλεύοντα
967 2626 1107 2697 αὐτῇ
1154 2628 1249 2679 καὶ
1292 2627 1648 2697 αἰχμάλωτον
1692 2630 1787 2681 ὑπ’

175 2707 356 2776 αὐτῆς
401 2708 505 2777 ῆδη
548 2708 869 2777 γενόμενον,
901 2708 936 2778 ἢ
976 2709 1070 2762 τὸν
1104 2708 1380 2780 ἀνώτερον
1427 2710 1534 2763 τῶν
1568 2710 1787 2780 ἐκείνης

174 2790 441 2855 δικτύων,
470 2790 567 2844 καὶ
610 2790 949 2861 ὑψηλότερον
977 2792 1089 2844 τῶν
1124 2792 1392 2862 καλάμων
1423 2794 1595 2863 αὐτῆς
1625 2795 1786 2847 πετό⁸

177 2890 386 2945 μενον;
428 2872 602 2926 Παντί
632 2890 737 2925 που
780 2873 960 2944 δῆλον,
1012 2875 1096 2928 ὅτι
1124 2875 1338 2929 τοῦτον.
1392 2876 1533 2947 Περὶ
1574 2876 1699 2928 τίνα
1727 2876 1786 2929 δὲ

177 2957 482 3011 σπουδάσει
534 2955 719 3020 πλέον,
768 2957 860 3011 τὸν
893 2958 1250 3020 πεπτωκότα,
1298 2959 1332 3030 ἦ
1387 2960 1479 3013 τὸν
1529 2960 1782 3026 οὑδέπω;

174 3042 286 3094 Τὸν
320 3040 537 3095 οὐδέπω
585 3041 829 3099 πάντως.
872 3043 971 3107 Τίς
1020 3042 1080 3097 δὲ
1127 3043 1282 3097 ἐσται
1315 3043 1714 3116 ποθεινότερος,
1755 3047 1785 3099 0

175 3123 681 3197 κατειργασμένος,
744 3125 779 3196 ἢ
837 3128 865 3179 0
921 3127 1152 3199 μηδέπω
1204 3128 1407 3194 ἀλούς;
1444 3130 1503 3181 '0
1558 3129 1786 3200 μηδέπω

174 3208 320 3273 τέως
349 3208 533 3272 ἀλούς.
564 3209 631 3264 Et
655 3208 713 3263 δέ
741 3211 1051 3273 ἀπιστεῖτε,
1073 3210 1185 3265 ἀπὺ
1206 3211 1317 3264 τῶν
1341 3212 1624 3283 ὑμετέρων
1648 3230 1788 3285 παρ-

175 3289 288 3357 έξω
322 3291 425 3362 τὴν
454 3291 755 3357 ἀπόδειξιν.
778 3294 938 3356 Τίνος
960 3293 1071 3365 γὰρ
1092 3294 1158 3347 ἀν
1187 3311 1272 3359 τις
1296 3295 1498 3365 μᾶλλον
1522 3294 1785 3366 ἐρασθείη

174 3374 468 3442 γυναικὸς,
497 3374 599 3445 τῆς
630 3376 871 3440 εὐκόλως
898 3377 1480 3447 ὑποκατακλινομένης
1511 3377 1662 3449 αὑτῷ
1690 3379 1786 3432 καὶ

176 3457 561 3530 ἐκδιδομένης,
598 3458 635 3528 ἢ
666 3460 771 3530 τῆς
800 3460 1151 3531 ἀρνουμένης
1183 3462 1278 3514 καὶ
1302 3461 1612 3533 πράγματα
1635 3462 1787 3535 αὐτῷ

177 3542 569 3614 παρεχούσης;
614 3541 855 3614 Εῠδηλον
883 3544 965 3597 ὅτι
993 3543 1200 3614 ταύτης
1220 3559 1232 3573 ⁸
1260 3546 1355 3598 καὶ
1384 3544 1494 3616 γὰρ
1518 3544 1786 3616 μειζόνως

177 3624 439 3682 ἐντεῦθεν
475 3628 503 3679 0
536 3624 700 3688 πόθος
752 3626 1080 3680 άνάπτεται.
1128 3626 1344 3680 Οὑκοῦν
1394 3630 1489 3682 καὶ
1545 3629 1638 3681 ἐπὶ
1686 3629 1787 3700 τῆς

177 3710 445 3778 γυναικὸς
472 3709 535 3761 τὸ
567 3708 702 3761 αὑτὸ
729 3708 794 3781 δὴ
841 3708 1005 3762 τοῦτο
1048 3710 1223 3764 ἔσται·
1261 3711 1358 3764 καὶ
1388 3711 1579 3765 τοῦτον
1622 3714 1788 3783 τιμή-

181 3809 341 3845 σουσι
371 3792 468 3845 καὶ
491 3790 865 3861 θαυμάζονται
892 3791 1058 3844 πλέον
1087 3794 1180 3845 τὸν
1204 3793 1559 3865 ὑπερορῶντα
1580 3794 1784 3849 αὑτῶν.

179 3877 248 3931 El
290 3875 351 3929 δὲ
399 3873 563 3927 τοῦτο
591 3873 814 3945 ἀληθὲς,
863 3876 1089 3932 κάκεῖνο
1119 3876 1343 3946 ὁμοίως,
1373 3876 1435 3929 τὸ
1483 3878 1542 3931 ἐν
1577 3876 1786 3948 μείζονι

182 3955 326 4013 εἶναι
350 3958 514 4030 ἡδονῇ
544 3958 636 4011 τὸν
669 3958 875 4029 μᾶλλον
901 3959 1222 4030 τιμώμενον
1253 3960 1351 4014 καὶ
1392 3961 1783 4031 ἀγαπώμενον.

193 4043 354 4097 Ἐπεὶ
379 4044 478 4095 καὶ
507 4043 817 4114 στρατηγὸς
838 4044 994 4098 πόλιν
1021 4043 1119 4115 τὴν
1147 4048 1247 4115 μὲν
1266 4044 1524 4111 καθάπαξ
1548 4046 1787 4100 ἀλοῦσαν

181 4127 408 4199 ἀφίησι,
428 4128 495 4197 τῇ
524 4126 581 4180 δέ
606 4126 873 4199 ἐστηκυίᾳ
899 4129 994 4182 καὶ
1020 4128 1404 4201 φιλονεικούσῃ
1428 4130 1788 4202 προσεδρεύει

184 4212 331 4276 μετὰ
354 4212 591 4282 σπουδῆς
613 4211 853 4282 ἀπάσης·
894 4214 988 4266 καὶ
1011 4212 1286 4285 θηρευτὴς
1306 4214 1367 4266 τὸ
1393 4214 1493 4285 μέν
1521 4214 1789 4285 θηρευθέν

181 4296 325 4361 ζῶον
359 4298 420 4349 ἐν
452 4296 633 4366 σκότῳ
664 4296 1032 4360 κατακλείσας
1064 4297 1201 4368 ἔχει,
1235 4298 1494 4370 καθάπερ
1540 4302 1572 4371 ἠ
1610 4301 1787 4373 πόρνη

180 4380 278 4432 τὸν
300 4378 566 4451 ἐραστὴν,
597 4378 657 4433 τὸ
681 4379 737 4433 δὲ
764 4379 967 4449 φεῦγον
991 4380 1200 4435 διώκει.
1237 4382 1379 4436 Ἀλλ’
1401 4384 1665 4439 ἀπολαύει
1686 4386 1787 4456 τῆς

181 4462 488 4534 ἐπιθυμίας
513 4464 743 4533 ἐκεῖνος.
773 4466 963 4535 φησὶν,
988 4460 1144 4529 οὗτος
1174 4466 1230 4519 δέ
1262 4468 1362 4521 οὐκ
1393 4469 1683 4524 ἀπολαύει.
1712 4470 1788 4525 Τὺ

181 4548 240 4601 δὲ
280 4549 358 4621 μὴ
389 4548 877 4621 καταισχύνεσθαι,
906 4550 1041 4621 μηδέ
1064 4550 1342 4605 δουλεύειν
1375 4554 1500 4616 ταῖς
1528 4570 1785 4623 τυραννι-

182 4636 312 4696 καῖς
346 4633 519 4705 αὐτῆς
545 4635 863 4703 ἐπιταγαῖς,
900 4634 1037 4705 μηδὲ
1071 4636 1149 4699 Lb;
1180 4635 1520 4707 ἀνδράποδον
1550 4638 1787 4706 ἄγεσθαι

182 4718 279 4772 ὑπ’
310 4716 486 4787 αὐτῆς
526 4716 621 4771 καὶ
646 4718 1012 4788 περιάγεσθαι
1041 4717 1431 4791 ῥαπιζόμενον,
1467 4721 1788 4792 ἐμπτυόμε-

182 4818 298 4866 νον,
331 4801 428 4853 ἐπὶ
478 4802 726 4873 κεφαλῆς
760 4801 1098 4874 ὠθούμενον,
1146 4806 1354 4875 μικράν
1393 4805 1588 4877 ἡδονὴν
1643 4802 1786 4862 εἶναι

182 4884 467 4955 νομίζεις;
489 4885 611 4939 είπέ
639 4903 751 4957 μοι.
780 4886 844 4940 El
873 4887 983 4959 γάρ
1013 4904 1098 4953 τις
1126 4890 1300 4942 ταῦτα
1327 4888 1575 4961 ἀκριϐῶς
1606 4891 1788 4959 ἐξετά-

184 4986 325 5031 σειε,
354 4969 452 5022 καὶ
470 4969 726 5041 δυνηθείη
762 4969 868 5035 τὰς
884 4968 1074 5043 ὕϐρεις
1108 4971 1291 5025 αὑτῶν
1332 4977 1690 5043 συναγαγεῖν,
1718 4976 1787 5029 τά

182 5051 532 5122 ἐγκλήματα,
565 5053 666 5117 τὰς
701 5056 948 5127 συνεχεῖς
978 5054 1169 5126 όργάς,
1200 5057 1299 5119 τάς
1316 5056 1426 5110 ἀπὸ
1456 5056 1660 5129 ψυχῆς,
1685 5058 1786 5124 τάς

183 5136 297 5191 ἀπὸ
329 5132 426 5187 τοῦ
470 5132 810 5204 θρύπτεσθαι
858 5138 1183 5210 γινομένας,
1226 5138 1329 5202 τάς
1357 5140 1685 5211 ἀπεχθείας,
1718 5141 1786 5198 τά

182 5221 322 5279 ἄλλα
354 5216 556 5279 πάντα,
590 5217 737 5292 άπερ
764 5221 816 5274 οί
845 5223 1155 5293 πάσχοντες
1196 5222 1347 5275 ἴσασι
1383 5223 1568 5294 μόνον,
1602 5226 1785 5279 πάντα

185 5305 427 5375 πόλεμον
464 5302 690 5374 εὑρήσει
735 5305 957 5371 πλείους
986 5307 1182 5379 έχοντα
1215 5308 1315 5371 τὰς
1346 5309 1643 5379 ἀνακωχὰς
1680 5310 1784 5379 τῆς

182 5388 378 5451 ἀθλίας
416 5384 624 5440 τούτων
654 5385 822 5457 ζωῆς.
851 5389 1024 5445 Ποίαν
1058 5386 1154 5445 οὖν
1176 5390 1361 5460 λέγεις
1391 5393 1588 5463 ἡδονήν
1612 5410 1625 5458 ;
1660 5393 1784 5447 εἰπέ

186 5490 279 5542 μοι
298 5489 313 5503 ·
348 5470 452 5541 τὴν
486 5468 596 5522 ἀπὸ
625 5469 727 5537 τῆς
759 5469 982 5539 μίξεως,
1012 5474 1115 5544 τὴν
1145 5475 1489 5547 πρόσκαιρον
1515 5476 1613 5529 καὶ
1644 5477 1781 5549 βρα-

180 5558 374 5626 χεῖαν;
405 5551 547 5606 Ἀλλ’
582 5550 785 5613 εὐθέως
815 5552 1025 5624 ταύτην
1054 5557 1296 5629 πόλεμος
1324 5558 1784 5630 ἐπικαταλαμϐά-

183 5639 396 5705 νεικκαὶ
432 5635 653 5707 κύματα
696 5635 791 5688 καὶ
819 5633 987 5689 λύττα
1016 5639 1113 5692 καὶ
1150 5641 1321 5708 μανία
1366 5642 1531 5696 πάλιν
1556 5644 1591 5714 ἡ
1618 5644 1781 5714 αὐτή.

182 5722 298 5775 Καὶ
325 5720 503 5775 ταῦτα
531 5720 630 5792 μὲν
657 5720 792 5790 ἡμῖν
824 5717 1067 5790 εἴρηται,
1108 5721 1186 5784 ώς
1214 5724 1280 5778 ἂν
1312 5742 1397 5789 τις
1430 5726 1571 5791 νέοις
1600 5726 1783 5781 διαλε-

181 5806 420 5875 γόμενος
463 5805 789 5866 ἀκολάστοις
836 5803 1001 5865 είποι,
1043 5804 1106 5855 οὑ
1166 5805 1375 5876 σφόδρα
1426 5808 1782 5879 ἀνεχομένοις

181 5886 291 5942 τῶν
342 5884 474 5959 περί
523 5886 803 5960 βασιλείας
857 5885 951 5941 καὶ
989 5885 1217 5958 γεέννης
1268 5888 1503 5943 ἀκοῦσαι
1558 5890 1769 5959 λόγων·

1154 437 1223 493 ΙΝ
1262 437 1485 496 EPIST.
1528 438 1549 491 l
1586 440 1680 494 AD
1711 438 1872 495 COR.
1912 440 2149 497 HOMIL.
2194 441 2460 499 XXXVII.

3368 445 3477 502 3‘20

1886 555 2015 610 ὅταν
2037 555 2095 610 δὲ
2124 556 2222 609 καὶ
2257 554 2436 610 ταῦτα
2464 557 2546 620 είς
2572 555 2741 627 μέσον
2765 557 3093 627 ἀγάγωμεν.
3131 557 3255 612 οὑδέ
3273 558 3483 615 ἔνεστιν

1886 641 2061 693 εἰπεῖν
2117 640 2219 710 ὅση
2259 641 2370 693 τῶν
2415 640 2846 712 σωφρονούντων
2895 641 2927 710 ἡ
2958 640 3145 710 ἡδονὴ,
3180 642 3310 695 ὅταν
3347 642 3486 697 ἀνα-

1885 723 2097 796 πλάττῃ
2155 726 2288 795 παρ’
2325 721 2509 793 ἐαυτῷ
2554 724 2683 786 τοὺς
2732 722 3057 792 στεφάνους,
3101 722 3169 775 τά
3229 722 3482 793 βραδεῖα,

1884 807 1985 877 τὴν
2026 807 2167 877 μετά
2197 806 2307 862 τῶν
2340 808 2593 876 ἀγγέλων
2626 805 2867 877 ὁμιλίαν,
2892 804 2991 875 τὴν
3028 806 3126 857 ἐπὶ
3153 804 3257 875 τῆς
3295 808 3483 858 οἰκου-

1890 891 2060 961 μένης
2109 886 2440 962 ἀνάρρησιν,
2476 890 2577 962 τὴν
2635 887 2789 962 [548]
2822 886 3159 959 παρρησίαν,
3201 886 3302 952 τὰς
3344 905 3484 958 χρη-

1890 971 2023 1035 στάς
2060 972 2153 1025 καὶ
2185 972 2494 1036 ἀθανάτους
2534 970 2761 1037 ἐλπίδας
2800 972 3037 1033 ἐκείνας.
3068 968 3207 1023 Ἀλλ’
3251 972 3284 1040 ὴ
3338 970 3485 1040 μίξις

1890 1054 2141 1127 ἐχειτινά
2170 1057 2392 1127 ἡδονήν*
2420 1056 2577 1109 τοῦτο
2593 1059 2705 1127 7&9
2730 1055 2973 1126 συνεχῶς
2998 1056 3483 1126 περιστρέφουσιν·

1888 1141 1917 1191 0
1952 1138 2011 1191 δὲ
2052 1138 2348 1210 σωφρονῶν
2392 1139 2454 1192 οὑ
2498 1138 2727 1193 δύναται
2776 1138 3045 1208 διηνεκῶς
3080 1138 3389 1209 μαχόμενος
3418 1141 3483 1210 τῇ

1888 1224 1989 1295 τῆς
2018 1223 2235 1293 φύσεως
2264 1223 2563 1295 τυραννίδι.
2596 1222 2922 1276 Τοὺναντίον
2955 1223 3055 1292 μὲν
3084 1218 3179 1275 οὖν
3213 1221 3364 1292 εὖροι
3401 1239 3485 1285 τις

1889 1308 1975 1363 ἀν·
2009 1310 2043 1377 ἡ
2084 1308 2196 1378 7&9
2228 1308 2321 1378 βία
2350 1307 2491 1378 αὓτη
2520 1308 2615 1360 καὶ
2634 1306 2850 1377 ταραχὴ
2881 1308 3035 1377 παρά
3054 1305 3132 1377 τῷ
3166 1304 3486 1375 πορνεύοντι

1893 1393 2098 1464 μᾶλλόν
2130 1393 2271 1446 ἐστι.
2324 1392 2436 1445 Καὶ
2473 1391 2583 1462 7&9
2624 1391 2813 1453 κλόνος
2840 1392 2898 1442 ἐν
2928 1389 3006 1460 τῷ
3038 1388 3254 1459 σώματι
3294 1388 3485 1454 πολὺς,

1890 1478 1986 1530 καὶ
2044 1476 2229 1544 πάσης
2284 1473 2561 1544 θαλάττης
2614 1473 3044 1543 κυματουμένης
3104 1470 3488 1543 χαλεπώτερον

1888 1552 2047 1623 οὗτος
2071 1560 2366 1622 διάκειται,
2409 1557 2667 1611 οὐδέποτε
2700 1558 2838 1628 πρὸς
2868 1558 2969 1628 τὴν
2995 1555 3295 1626 ἐπιθυμίαν
3337 1555 3489 1608 ίστά-

1893 1659 2074 1715 μενος,
2132 1642 2252 1695 ἀλλ’
2287 1643 2375 1695 ἀεὶ
2425 1641 2756 1711 βαλλόμενος
2811 1641 2905 1696 ὑπ’
2957 1641 3153 1711 αὐτῆς,
3219 1639 3409 1710 ὥσπερ
3435 1640 3488 1693 οί

1888 1720 2276 1792 δαιμονῶντες,
2311 1721 2408 1774 καὶ
2439 1721 2683 1790 συνεχῶς
2715 1720 2821 1773 ὑπὸ
2856 1720 2966 1774 τῶν
2995 1720 3251 1789 πονηρῶν
3282 1722 3489 1791 καταρο

1893 1806 2226 1878 ρηγνύμενοι
2256 1803 2613 1872 πνευμάτων.
2646 1802 2704 1855 '0
2735 1803 2792 1855 δέ
2828 1802 3062 1871 σώφρων
3086 1801 3342 1871 καθάπερ
3369 1802 3490 1873 ἀρι-

1892 1890 2052 1950 στεὺς
2079 1890 2325 1956 γενναῖος
2368 1884 2611 1955 συνεχῶς
2640 1884 2816 1953 αὑτὴν
2854 1883 3085 1954 βάλλων,
3116 1884 3216 1952 τὴν
3255 1885 3490 1954 ἀρίστην

1891 1972 1986 2026 καὶ
2036 1971 2248 2041 μυρίων
2287 1968 2547 2023 τοιούτων
2599 1966 2734 2038 ἡδίω
2792 1966 3106 2037 καρποῦται
3151 1967 3370 2038 ἡδονὴν,
3418 1970 3488 2039 τῇ

1890 2054 2019 2125 νίκῃ
2043 2053 2220 2125 ταύτῃ
2245 2054 2341 2107 καὶ
2367 2052 2448 2123 τῷ
2485 2050 2711 2121 χρηστῷ
2745 2049 3010 2103 συνειδότι
3044 2050 3139 2101 καὶ
3184 2050 3299 2112 τοῖς
3343 2049 3488 2118 λαμ-

1891 2140 2055 2209 προῖς
2102 2137 2388 2209 τροπαίοις
2434 2133 2918 2203 καλλωπιζόμενος
2977 2132 3263 2204 διηνεκῶς.
3308 2133 3373 2186 El
3432 2132 3492 2186 δέ

1893 2223 2036 2294 μετά
2067 2224 2169 2293 τὴν
2202 2221 2423 2292 ὁμιλίαν
2455 2217 2805 2274 ἀναπαύεται
2835 2217 3033 2288 μικρὸν
3073 2219 3301 2281 ἐκεῖνος,
3334 2217 3491 2271 οὐδὲν

1888 2306 2050 2359 τοῦτο
2082 2304 2148 2359 ἀν
2178 2307 2293 2376 εἴη·
2344 2305 2507 2359 πάλιν
2533 2303 2644 2374 γάρ
2665 2304 2699 2355 ’ό
2726 2300 2936 2371 χειμὼν
2972 2301 3174 2365 ἔπεισι,
3204 2300 3298 2352 καὶ
3325 2299 3489 2354 πάλιν

1890 2390 2135 2460 κύματα.
2181 2388 2240 2441 '0
2272 2388 2329 2441 δέ
2362 2386 2670 2456 φιλοσοφῶν
2696 2385 2819 2438 οὑδέ
2849 2384 3025 2454 ἀρχὴν
3052 2384 3247 2455 ἀφίησι
3284 2383 3491 2454 ταύτην

1888 2472 2074 2527 λαϐεῖν
2098 2472 2197 2541 τὴν
2226 2468 2498 2541 ταραχὴν,
2535 2469 2659 2522 οὑδέ
2707 2467 3064 2538 διαναστῆναι
3111 2468 3173 2521 τὸ
3225 2468 3486 2537 πέλαγος,

1889 2556 2009 2609 οὑδέ
2046 2554 2241 2625 βοῆσαι
2292 2554 2355 2607 τὸ
2405 2552 2621 2622 θηρίον.
2663 2550 2728 2604 Εί
2766 2550 2825 2604 δέ
2872 2567 2995 2603 τινα
3052 2550 3173 2620 βίαν
3226 2550 3489 2621 ὑπομένοι

1890 2640 2137 2710 κατέχων
2167 2638 2266 2709 τὴν
2296 2636 2559 2707 τοιαύτην
2596 2634 2799 2707 ὁρμὴν,
2829 2634 2965 2688 ἀλλά
2993 2636 3089 2688 καὶ
3117 2636 3329 2698 ἐκεῖνος
3359 2651 3489 2690 συν-

1889 2723 2032 2793 εχῶς
2076 2721 2408 2792 βαλλόμενος
2457 2720 2553 2773 καὶ
2604 2717 2971 2786 κεντούμενος
3016 2718 3111 2770 καὶ
3146 2716 3238 2769 τὸν
3271 2713 3487 2788 οἶστρον

1888 2806 1947 2857 οὑ
1984 2804 2191 2875 φέρων·
2228 2804 2324 2856 καὶ
2375 2803 2681 2873 παρόμοιον
2726 2802 2964 2868 γίνεται,
2994 2798 3187 2870 ὥσπερ
3219 2799 3285 2852 ἂν
3319 2799 3487 2852 ἵππον

1888 2888 2082 2956 ἄγριον
2123 2886 2454 2956 μαινόμενον
2494 2884 2590 2936 καὶ
2639 2883 3015 2937 ἀντιτείνοντα
3049 2883 3234 2953 ἀνέχοι
3264 2880 3342 2951 τῷ
3388 2900 3487 2954 χα-

1886 2969 2042 3040 λινῷ,
2068 2969 2164 3023 καὶ
2194 2967 2420 3037 κατέχοι
2450 2966 2591 3037 μετὰ
2627 2966 2823 3037 τέχνης
2854 2965 3096 3035 ἀπάσης·
3132 2967 3160 3019 0
3187 2966 3244 3019 δέ
3276 2966 3483 3030 ἐνδοὺς,

1888 3055 2031 3110 ῶστε
2062 3054 2153 3108 τὸν
2196 3054 2359 3108 πόνον
2383 3051 2580 3106 τοῦτον
2608 3053 2830 3120 φυγεῖν,
2856 3050 3157 3121 συρόμενος
3187 3051 3277 3102 ὑπ’
3318 3050 3484 3103 αὑτοῦ

1888 3136 2167 3209 πανταχοῦ
2191 3137 2452 3210 φέροιτο.
2509 3135 2698 3189 Ταῦτα
2752 3137 2801 3188 εί
2856 3135 2953 3188 καὶ
3008 3135 3351 3206 σαφέστερον
3389 3135 3485 3189 106

1886 3222 2100 3285 δέοντος
2142 3222 2379 3292 εῐρηται,
2441 3219 2633 3289 μηδεὶς
2670 3218 3016 3286 ἐγκαλείτω’
3073 3219 3134 3270 οὑ
3167 3218 3276 3289 γάρ
3308 3217 3487 3285 λόγων

1888 3301 2183 3375 σεμνότητι
2229 3302 2672 3366 καλλωπίζεσθαι
2730 3300 3020 3372 βούλομαι,
3064 3301 3204 3354 ἀλλά
3257 3302 3484 3370 ποιῆσαι

1889 3389 2122 3460 σεμνοὺς
2151 3387 2277 3451 τοὺς
2308 3384 2626 3447 ἀκούοντας.

1957 3529 2022 3583 δ’.
2050 3526 2151 3581 Διά
2178 3525 2339 3580 τοῦτο
2360 3527 2456 3580 καὶ
2476 3526 2525 3578 οί
2550 3526 2828 3597 προφῆται
2858 3525 3077 3589 οὐδενὸς
3097 3524 3207 3578 τῶν
3222 3526 3487 3578 τοιούτων

1888 3612 2160 3683 φείδονται
2219 3611 2515 3681 ῥημάτων,
2570 3610 2671 3678 τὴν
2728 3608 3029 3664 ἀκολασίαν
3061 3608 3173 3661 τῶν
3218 3607 3489 3661 Ἰουδαίων

1887 3696 2123 3766 ἐκκόψαι
2181 3693 2520 3763 βουλόμενοι,
2574 3692 2713 3746 ἀλλά
2763 3694 2858 3747 καὶ
2909 3693 3252 3764 γυμνότερον
3305 3691 3489 3746 αὑτῶν

1888 3780 2302 3844 καθικνοῢνται,
2334 3779 2366 3850 ἢ
2406 3779 2568 3848 ἡμεῖς
2615 3777 2712 3831 νῦν
2764 3779 2852 3847 ἐφ’
2884 3775 2966 3842 οἷς
3012 3780 3340 3849 είρήκαμεν.
3377 3777 3489 3831 Καὶ

1886 3867 1996 3938 γὰρ
2028 3864 2211 3935 ίατρὸς
2238 3862 2509 3933 σηπεδόνα
2532 3861 2789 3915 ἐκϐαλεῖν
2818 3862 3165 3932 βουλόμενος,
3206 3864 3266 3913 οὑ
3297 3863 3492 3914 σκοπεῖ

1888 3950 2008 4015 πῶς
2062 3948 2314 4021 καθαράς
2360 3948 2711 4019 διατηρήσειε
2764 3945 2863 4010 τὰς
2913 3948 3126 4017 χεῖρας,
3176 3943 3291 3998 ἀλλ’
3337 3945 3488 4006 ὅπως

1889 4037 2101 4089 ἐκεῖνον
2136 4031 2473 4097 ἀπαλλάξειε
2502 4032 2602 4101 τῆς
2638 4030 2959 4103 σηπεδόνος·
2991 4028 3087 4082 καὶ
3113 4030 3141 4082 0
3168 4027 3259 4081 τὸν
3289 4042 3488 4081 ταπει-

1888 4120 1978 4174 νδν
2011 4118 2215 4188 ὑψηλὸν
2246 4120 2471 4188 ποιῆσαι
2504 4115 2697 4177 θέλων,
2744 4114 2911 4177 αὑτὸς
2965 4111 3321 4167 ταπεινοῦται
3351 4112 3488 4182 πρό-

1888 4218 2065 4275 τερος·
2102 4200 2199 4254 καὶ
2227 4203 2255 4254 0
2282 4200 2483 4270 σφάξαι
2520 4199 2612 4252 τὸν
2664 4196 3089 4250 ἐπιϐουλεύοντα
3146 4196 3485 4260 σπουδάζων,

1889 4288 1984 4341 καὶ
2014 4285 2207 4340 ἐαυτὸν
2232 4285 2495 4356 αἱμάσσει
2532 4284 2651 4353 μετ’
2683 4281 2919 4347 ἐκείνου,
2965 4280 3061 4334 καὶ
3114 4277 3273 4341 τοῦτο
3324 4278 3489 4332 αὑτὸν

1890 4373 2037 4425 ποιεῖ
2064 4368 2471 4441 λαμπρότερον.
2518 4366 2673 4419 Ἐπεὶ
2724 4365 2819 4419 καί¹
2874 4363 3217 4436 στρατιώτην
3259 4361 3492 4416 ἐπανελ-

1890 4453 2194 4509 θόντα-ἀπὸ
2231 4451 2327 4505 τοῦ
2374 4451 2613 4522 πολέμου
2652 4451 2719 4504 ἂν
2746 4449 2829 4522 ἴδῃ
2862 4466 2948 4511 τις
2976 4447 3135 4518 ίχῶρι
3165 4447 3261 4499 καὶ
3295 4447 3490 4517 αἵματι

1889 4540 1986 4595 καὶ
2008 4537 2299 4608 ἐγκεφάλῳ
2327 4535 2769 4609 μεμολυσμένον,
2814 4535 2877 4588 οὑ
2929 4535 3175 4604 μισήσει,
3207 4532 3329 4585 οὑδέ
3356 4536 3493 4585 ἀπο-

1892 4623 2268 4694 στραφήσεται
2288 4620 2377 4675 διὰ
2400 4619 2581 4683 τοῦτο,
2607 4617 2747 4671 ἀλλά
2772 4618 2867 4670 καὶ
2890 4617 3237 4687 θαυμάσεται
3264 4614 3486 4685 μᾶλλον.

1888 4708 2047 4763 Οὕτω
2082 4708 2146 4779 δὴ
2181 4708 2277 4762 καὶ
2304 4708 2471 4778 ἡμεῖς
2494 4703 2768 4775 ποιῶμεν,
2804 4704 2933 4757 ὃταν
2965 4702 3167 4773 ἴδωμέν
3202 4718 3323 4754 τινα
3354 4701 3493 4770 μετά

1888 4793 1949 4845 τὸ
1976 4790 2327 4862 κατασφάξαι
2360 4790 2463 4861 τὴν
2493 4788 2795 4858 ἐπιθυμίαν
2815 4786 3140 4859 ᾑμαγμένον
3168 4785 3490 4851 ἐπανιόντα,

1892 4874 2093 4946 μᾶλλον
2150 4873 2315 4928 αὑτὸν
2375 4871 2770 4943 θαυμάζωμεν,
2831 4870 2928 4924 καὶ
2986 4870 3339 4939 κοινωνῶμεν
3390 4867 3493 4936 τῆς

1891 4959 2074 5029 μάχης
2108 4959 2202 5011 καὶ
2242 4958 2341 5027 τῆς
2394 4956 2551 5027 νίκης
2588 4953 2758 5025 αὑτῷ,
2794 4956 2887 5008 καὶ
2921 4953 3057 5023 πρὸς
3086 4954 3215 5015 τοὺς
3248 4949 3492 5028 ἐρῶντας

1888 5041 2139 5110 λέγωμεν
2172 5080 2187 5105 ,
2254 5040 2479 5105 Δείξατε
2516 5041 2654 5110 ἡμῖν
2718 5036 2821 5108 τὴν
2891 5038 2958 5091 ἐκ
3021 5037 3122 5108 τῆς
3194 5033 3490 5106 ἐπιθυμίας

1887 5126 2103 5198 ἡδονήν.

1968 5303 2028 5357 '0
2102 5302 2203 5372 μὲν
2262 5299 2372 5373 γὰρ
2409 5296 2645 5372 σώφρων
2684 5299 2784 5373 τὴν
2836 5299 2947 5353 ἀπὸ
2995 5299 3094 5369 τῆς
3148 5296 3307 5370 νίκης
3351 5296 3488 5369 ἔχει,

1888 5387 1953 5441 σὺ
1986 5385 2044 5438 δὲ
2076 5383 2399 5455 οὐδαμόθεν.
2437 5384 2500 5438 Et
2548 5382 2607 5438 δέ
2660 5384 2821 5455 ὑμεῖς
2857 5382 2958 5454 τὴν
3004 5384 3071 5436 ἐκ
3115 5382 3216 5454 τῆς
3269 5380 3489 5453 ὁμιλίας

1886 5469 2118 5538 λέγοιτε,
2179 5466 2297 5521 ἀλλ’
2345 5467 2531 5539 ἐκείνη
2590 5467 2904 5538 σαφεστέρα
2954 5466 3050 5520 καὶ
3099 5464 3485 5538 διαρκεστέρα.

1886 5554 1959 5607 Σὺ
1988 5551 2099 5623 γάρ
2135 5550 2282 5622 ἐχεις
2314 5552 2426 5606 ἀπὸ
2475 5555 2578 5624 τῆς
2626 5550 2984 5615 ἀπολαύσεως
3021 5550 3197 5621 βραχὺ
3224 5548 3317 5600 καὶ
3348 5543 3487 5615 μηδέ

1888 5636 2243 5708 φαινόμενον,
2272 5638 2484 5702 ἐκεῖνος
2518 5638 2576 5692 δέ
2605 5635 2822 5691 ἀπὸτοῦ
2856 5635 3179 5697 συνειδότος,
3203 5627 3355 5701 [549]
3388 5629 3484 5681 καὶ

1880 5722 2111 5791 μείζονα
2129 5723 2224 5775 καὶ
2241 5723 2473 5793 διηνεκῆ
2486 5724 2581 5775 καὶ
2594 5720 2937 5794 γλυκυτέραν
2957 5719 3071 5789 ἔχει
3092 5716 3192 5786 τὴν
3213 5710 3485 5781 εὑφροσύο

1885 5823 2003 5876 νην.
2034 5804 2170 5859 Οὐδὲ
2203 5807 2314 5877 7&9
2337 5806 2512 5871 οὓτως
2540 5806 2730 5877 ὁμιλία
2757 5805 3037 5875 γυναικὸς,
3068 5802 3145 5863 ώς
3193 5795 3481 5877 φιλοσοφία

1888 5872 2162 5962 ἀτάραχον
2194 5872 2419 5948 δύναται
2452 5872 2688 5964 τηρῆσαι
2714 5872 2893 5962 ψυχὴν
2916 5887 3010 5941 καὶ
3046 5882 3347 5956 πτερῶσαι.
3378 5872 3481 5935 06-
