4066 6348
209 369 310 424 3‘3!

207 497 266 542 et
311 486 457 556 quod
498 498 566 539 ne
611 483 750 537 ultra
801 492 1058 552 appareat
1101 480 1351 551 quidem;
1385 482 1474 536 ille
1517 492 1693 536 autem
1747 499 1814 537 ex

207 579 549 636 conscientia
603 576 862 642 majorem
915 574 1078 628 habet
1125 584 1182 628 et
1232 585 1544 644 perpetuam
1600 576 1813 631 suavio-

207 683 440 738 nemque
474 667 734 722 laetitiam.
775 664 962 734 Neque
1008 665 1150 719 enim
1194 665 1529 720 consuetudo
1571 666 1813 720 mulieris

206 769 396 832 potest
422 770 528 814 tam
556 756 996 828 imperturbatam
1029 756 1256 811 reddere
1295 757 1528 810 animam
1551 799 1568 820 ,
1609 765 1664 811 et
1693 771 1813 810 eam

207 853 264 906 in
287 850 464 905 altum
493 848 746 912 evehere,
774 861 934 917 quam
964 845 1322 915 philosophia.
1351 845 1416 900 Et
1446 847 1669 914 pudicus
1696 848 1811 916 qui-

204 942 362 1009 dem,
394 941 531 996 sicut
556 940 706 1004 dixi,
737 945 926 1010 aperte
970 938 1125 993 nobis
1164 939 1492 1007 voluptatem
1525 939 1761 993 ostendit
1795 957 1809 993 :

207 1036 264 1088 in
301 1043 356 1089 te
398 1042 574 1087 autem
608 1046 672 1084 ex
720 1044 786 1084 eo
814 1028 1065 1099 quidem,
1110 1028 1254 1098 quod
1286 1029 1361 1082 sis
1405 1028 1610 1096 victus,
1657 1029 1814 1084 video

204 1123 378 1178 animi
405 1122 800 1192 aegritudinem,
823 1119 1152 1187 voluptatem
1181 1129 1360 1173 autem
1396 1121 1583 1174 volens
1609 1120 1810 1185 videre,

206 1229 322 1269 non
355 1213 591 1268 invenio.
615 1211 894 1280 Quodnam
923 1210 1067 1264 enim
1091 1210 1170 1264 vis
1195 1224 1315 1264 esse
1339 1220 1547 1280 tempus
1567 1211 1815 1281 volupta-

208 1308 328 1363 tis?
357 1307 482 1363 idne
520 1303 663 1374 quod
694 1312 775 1357 est
805 1311 929 1356 ante
959 1301 1202 1356 coitum?
1249 1300 1354 1357 Sed
1409 1316 1514 1356 non
1565 1310 1684 1364 est;
1734 1310 1818 1357 est

205 1397 358 1452 enim
401 1395 601 1451 furoris
643 1403 697 1448 et
729 1393 953 1448 insaniat
979 1401 1032 1446 et
1071 1392 1266 1448 mentis
1295 1402 1508 1447 emotae.
1559 1392 1816 1447 Dentibus

203 1487 355 1543 enim
386 1485 617 1542 stridere
638 1525 652 1550 ,
684 1493 738 1539 et
765 1498 795 1539 e
821 1492 961 1537 statu
993 1483 1189 1537 mentis
1228 1483 1490 1538 dimoveri
1516 1523 1530 1548 ,
1577 1498 1684 1537 non
1732 1490 1815 1536 est

204 1579 501 1648 voluptatis
534 1594 548 1630 :
583 1572 664 1631 sin
695 1586 840 1630 esset
867 1584 1047 1629 autem
1088 1576 1376 1642 voluptatis
1398 1615 1412 1638 ,
1445 1591 1551 1628 non
1600 1590 1662 1628 ea
1716 1574 1812 1627 tibi

204 1668 516 1734 indixisset,
548 1681 668 1737 qua:
692 1665 961 1720 sustinent
993 1665 1025 1718 ii
1048 1664 1137 1734 qui
1160 1664 1447 1719 admodum
1472 1664 1674 1720 dolent.
1707 1665 1814 1717 Pu-

204 1759 345 1825 giles
370 1758 540 1821 enim,
593 1765 700 1809 tam
729 1757 820 1825 qui
853 1755 1158 1825 percutiunt
1188 1771 1346 1824 quam
1375 1757 1466 1826 qui
1498 1755 1812 1824 percutiun-

204 1863 314 1915 tur,
349 1849 579 1904 strident
605 1847 855 1902 dentibus
887 1866 900 1899 :
937 1855 989 1901 et
1015 1847 1373 1915 parturientes
1399 1847 1670 1913 mulieres,
1693 1861 1813 1916 quae

207 1942 590 1998 distrahuntur
607 1940 908 2004 doloribus,
944 1939 1175 2009 idipsum
1211 1938 1426 1993 faciunt.
1453 1937 1810 2007 Quamobrem

204 2047 313 2088 non
348 2041 433 2089 est
461 2032 516 2087 id
548 2030 830 2098 voluptas,
865 2029 959 2084 sed
993 2030 1171 2098 potius
1203 2030 1398 2083 mentis
1430 2044 1686 2084 excessus
1725 2037 1813 2082 tu-

205 2123 520 2191 multusque
565 2129 621 2175 et
646 2119 1000 2190 perturbatio.
1035 2121 1118 2174 An
1157 2129 1368 2188 tempus
1397 2119 1536 2190 quod
1572 2129 1690 2186 post
1727 2133 1813 2173 se-

205 2255 386 2272 ——d

1113 362 1180 418 IN
1219 364 1436 422 EPIST.
1478 367 1500 421 ι
1563 365 1655 422 AD
1693 366 1848 423 con.
1904 365 2135 423 uouiL.
2182 343 2464 425 χχχι-ιη.

393 2253 3277 2278 ww

3417 382 3525 436 522

1921 483 2141 554 'quitur?
2167 483 2269 538 Sed
2299 501 2470 554 neque
2500 486 2602 542 hoc
2622 487 2850 545 dixeris.
2881 491 3062 561 Neque
3094 497 3237 552 enim
3261 513 3378 552 eam
3402 515 3521 572 qu:e

1924 575 2129 645 peperit
2148 573 2444 630 dixerimus
2471 591 2591 632 esse
2619 580 2669 632 in
2698 581 2988 650 voluptate,
3013 585 3107 640 sed
3139 584 3190 643 in
3222 589 3468 647 libertate
3491 608 3520 646 a

1922 665 2197 720 doloribus
2227 683 2242 720 :
2276 681 2382 720 non
2422 674 2506 722 est
2545 678 2723 722 autem
2773 671 2928 740 plane
2959 675 3059 729 hoc
3089 678 3336 747 voluptas
3360 724 3375 746 ,
3424 686 3518 738 sed

1925 757 2100 825 potius
2137 758 2475 822 imbecillitas
2502 761 2914 830 etdissolutio;
2956 770 3179 826 multum
3219 782 3398 829 autem
3439 778 3523 831 iu-

1924 855 2090 901 terest
2135 847 2273 902 inter
2315 857 2621 919 utrumque.
2673 853 2950 926 Quodnam
3001 870 3084 913 est
3129 877 3256 931 ergo
3305 873 3515 936 tempus

1921 937 2230 1007 voluptatis,
2259 939 2345 995 dic
2370 944 2593 1010 (103330?
2623 945 2837 1000 Nullum
2872 959 2954 1004 est
2982 969 2995 1004 :
3026 951 3067 1005 si
3097 964 3181 1007 est
3209 964 3408 1022 tamen,
3437 969 3523 1015 est

1921 1028 2056 1084 adeo
2099 1029 2290 1094 breve,
2341 1041 2397 1085 ut
2441 1048 2507 1086 ne
2557 1046 2814 1103 appareat
2856 1040 3096 1108 quidem.
3152 1042 3285 1099 Cum
3329 1050 3521 1105 millies

1923 1120 2358 1176 contenderimus
2390 1131 2446 1175 ut
2479 1123 2604 1178 illud
2653 1126 3190 1196 deprehenderemus
3219 1146 3273 1190 et
3319 1141 3518 1194 retine“

1926 1225 2104 1264 remus
2125 1252 2139 1276 ,
2172 1228 2277 1266 nun
2309 1214 2600 1282 petuimus.
2645 1215 2751 1271 Sed
2781 1227 3133 1290 temperantis
3161 1236 3215 1280 et
3258 1231 3521 1286 moderati

1927 1309 2136 1368 tempus
2164 1319 2268 1356 non
2297 1316 2378 1358 est
2408 1305 2694 1374 ejusmodi,
2727 1309 2820 1362 sed
2843 1313 3136 1380 Spatiosum
3161 1327 3244 1371 est
3271 1329 3324 1373 et
3353 1323 3525 1376 omui«

1925 1388 2024 1444 lius
2044 1391 2264 1445 evidens
2287 1409 2301 1457 ;
2333 1395 2413 1448 vel
2438 1397 2615 1463 potius
2640 1405 2748 1451 tota
2777 1399 2894 1467 ejus
2921 1402 3020 1455 vita
3047 1414 3129 1458 est
3153 1407 3204 1459 in
3230 1408 3522 1480 voluptate,

1921 1496 2042 1536 cum
2096 1487 2212 1553 ejus
2264 1487 2593 1540 conscientia
2647 1500 2959 1558 coronetur,
3018 1509 3139 1547 cum
3200 1499 3367 1552 sedati
3418 1503 3526 1556 sint

1922 1571 2135 1640 ﬂuctus,
2168 1576 2314 1630 nullo
2341 1594 2405 1632 ex
2439 1580 2628 1648 quavis
2661 1590 2811 1650 parte
2855 1584 3064 1640 oriente
3114 1591 3358 1646 tumultu.
3391 1593 3522 1648 Cum

1921 1680 2050 1734 ergo
2080 1666 2165 1721 hic
2192 1669 2362 1736 magis
2386 1670 2454 1723 sit
2487 1671 2538 1723 in
2572 1672 2841 1740 voluptate
2861 1715 2875 1739 ,
2911 1676 3228 1734 libidinosus
3258 1692 3436 1738 autem
3470 1686 3520 1741 in

1920 1757 2083 1810 animi
2110 1760 2426 1827 aegritudine
2456 1770 2511 1815 et
2536 1763 2883 1826 tumultibus,
2935 1765 3200 1836 fugiamus
3246 1772 3523 1832 libidinem

1919 1856 1975 1900 et
2021 1848 2527 1917 intemperantiam,
2580 1853 2970 1920 amplectamur
3018 1865 3426 1928 temperantiam
3471 1878 3527 1921 et

1920 1938 2243 2002 eastitatem,
2279 1949 2339 1992 ut
2366 1939 2501 1993 bona
2531 1941 2691 1995 etiam
2722 1943 2899 1998 futura
2931 1959 3352 2018 consequamur,
3392 1970 3520 2024 θη-

1922 2030 1991 2082 tia
2020 2039 2074 2084 et
2104 2030 2456 2099 benignitate,
2487 2039 2591 2086 etc.

3284 2267 3522 2282 -ο

1461 2328 1809 2389 HOMlLIA
1852 2326 2043 2386 XXX
2057 2326 2221 2386 ΗΠ.

201 2480 332 2536 Car.
370 2479 452 2536 l5.
499 2495 549 2531 v.
576 2480 625 2534 l.
660 2477 854 2531 Notum
882 2485 1052 2529 autem
1076 2474 1212 2530 vobis
1239 2473 1395 2542 facio,
1421 2476 1637 2543 fratres,
1667 2486 1812 2525 evan-

279 2575 466 2645 gelium
512 2572 652 2642 quod
692 2571 967 2639 praedicari
1011 2567 1322 2637 vobistquod
1347 2577 1392 2620 et
1419 2567 1685 2635 accepistis
1714 2606 1727 2628 ,
1761 2566 1813 2618 in

270 2678 376 2731 quo
404 2677 450 2718 et
474 2663 622 2717 statis
647 2702 662 2724 ,
693 2660 749 2714 2.
784 2678 870 2728 per
901 2661 1036 2730 quod
1073 2669 1118 2714 et
1145 2659 1415 2714 salvamini
1431 2698 1446 2722 ,
1487 2674 1589 2726 qua
1617 2658 1814 2710 ratione

273 2756 662 2826 pro-dicaverint
686 2756 842 2808 vobis.

275 2850 326 2902 l.
371 2847 504 2902 Cum
545 2845 614 2901 de
665 2843 1034 2914 spiritualibus
1089 2843 1411 2897 absolvisset
1467 2842 1796 2905 orationem,

196 2939 398 2995 transit
421 2937 486 2992 ad
515 2937 565 2991 id
593 2936 736 3007 quod
763 2944 848 2990 cst
876 2936 1117 2989 omnium
1156 2935 1389 2988 maxime
1419 2933 1806 2998 necessarium,

193 3046 399 3100 nempe
427 3029 493 3082 ad
539 3037 913 3098 argumentum
959 3026 1369 3081 resurrectionis
1416 3043 1429 3081 :
1479 3025 1532 3080 in
1553 3039 1620 3079 eo
1664 3024 1808 3078 enim

195 3123 360 3176 valde
409 3119 760 3189 :cgrotahaut.
793 3119 859 3172 Et
909 3118 1048 3170 sicut
1097 3118 1150 3169 in
1205 3116 1561 3185 corporibus,
1594 3115 1811 3186 quando

198 3212 410 3266 solidas
441 3225 626 3265 eorum
658 3218 836 3277 partes
865 3206 1028 3262 febris
1055 3207 1309 3275 attigerit,
1331 3223 1544 3272 nervos,
1567 3207 1804 3275 inquam,

199 3311 261 3356 et
286 3314 450 3356 venas
475 3309 531 3354 et
553 3297 722 3367 prima
751 3299 1041 3363 elementa,
1069 3298 1267 3351 malum
1294 3299 1362 3350 sit
1388 3297 1806 3363 immedicabile,

198 3396 305 3452 nisi
335 3396 453 3465 ejus
497 3409 688 3464 magna
729 3403 947 3463 geratur
990 3408 1117 3446 cura
1150 3411 1164 3446 :
1195 3392 1274 3447 sic
1318 3401 1444 3445 tunc
1481 3407 1696 3459 quoque
1741 3405 1808 3443 ne

197 3491 379 3554 ﬁeret,
404 3498 523 3543 erat
543 3487 862 3559 periculum.
889 3486 968 3539 Ad
997 3487 1109 3554 ipsa
1132 3485 1276 3539 enim
1301 3485 1516 3553 pietatis
1543 3484 1807 3537 elementa

197 3581 460 3637 tendebat
481 3579 700 3633 malum.
736 3579 1096 3646 Quamobrem
1129 3593 1322 3648 magno
1349 3577 1528 3631 studio
1555 3592 1684 3631 usus
1712 3586 1796 3630 est

198 3674 422 3730 l‘aulus.
469 3671 583 3726 Non
628 3671 770 3724 enim
806 3670 1036 3739 amplius
1066 3670 1133 3723 ab
1167 3684 1232 3723 eo
1277 3668 1536 3739 agebatur
1578 3667 1646 3721 de
1677 3667 1804 3732 vita,

199 3780 384 3834 neque
415 3761 558 3831 quod
605 3761 695 3814 ille
721 3761 938 3828 quidem
986 3767 1350 3822 scortaretur,
1388 3759 1474 3812 hic
1508 3773 1637 3812 vero
1665 3767 1809 3811 esset

197 3869 398 3910 avarus
426 3895 441 3919 ,
471 3852 606 3906 alius
640 3866 766 3905 vero
809 3860 972 3918 caput
1016 3849 1241 3903 haberet
1287 3857 1536 3918 epertum
1565 3865 1579 3912 ;
1627 3847 1720 3901 sed
1754 3848 1807 3900 iu

199 3949 323 4020 ipso
359 3947 622 4001 bonorum
652 3943 827 4013 capite
865 3943 1179 3997 versabatur
1206 3941 1379 3995 oratio
1415 3957 1428 3994 :
1458 3955 1582 3994 nam
1614 3939 1680 3993 de
1713 3953 1802 3992 rc-

198 4039 543 4097 surrectione
573 4037 687 4106 ipsa
731 4037 871 4088 inter
910 4048 968 4088 se
1013 4032 1468 4102 digladiabautur.
1500 4031 1632 4098 Quia
1660 4030 1804 4084 enim

201 4134 322 4188 haec
342 4141 424 4187 est
465 4137 577 4184 tota
606 4141 729 4197 spes
761 4137 942 4181 nostra
967 4169 979 4190 ,
1008 4127 1056 4180 ei
1089 4124 1246 4180 valde
1280 4125 1479 4179 restitit
1517 4124 1762 4179 diabolus
1789 4140 1803 4186 ;

197 4234 258 4280 et
287 4218 576 4292 aliquando
598 4218 812 4288 quidem
842 4232 959 4271 eam
995 4217 1215 4271 tollebat
1244 4215 1477 4284 penitus.
1510 4215 1804 4284 aliquando

200 4325 385 4370 autem
429 4311 642 4366 dicebat
687 4325 804 4364 eam
846 4309 955 4378 jam
1004 4308 1186 4363 fuisse.
1225 4306 1374 4372 Quod
1408 4307 1569 4361 etiam
1612 4305 1804 4360 Paulus

197 4408 447 4462 scribens
476 4404 542 4459 ad
569 4401 915 4459 Timotheum
937 4443 951 4468 ,
979 4401 1086 4456 huc
1133 4401 1332 4455 malum
1365 4401 1556 4468 dogma
1587 4401 1802 4453 vocavit

197 4513 544 4568 gangrrenam
569 4537 582 4560 ,
613 4505 667 4551 et
696 4511 792 4551 eos
817 4496 905 4563 qui
956 4494 1133 4563 ipsum
1183 4492 1509 4546 inducebant
1561 4492 1799 4553 notavit,

197 4592 391 4644 dicens
416 4608 428 4641 :
463 4586 544 4640 Ea:
569 4587 748 4657 quibus
770 4597 842 4641 est
876 4585 921 4640 11
929 4601 1184 4656 ymenwus
1207 4594 1252 4637 et
1284 4583 1542 4650 Philetas,
1567 4586 1652 4654 qui
1668 4585 1805 4637 circa

199 4682 466 4734 ceritatem
492 4678 813 4742 aberrarunt,
848 4677 1067 4732 dicentes
1082 4677 1198 4745 junt
1228 4676 1418 4746 factam
1447 4692 1558 4729 esse
1579 4691 1806 4728 resurre-

199 4771 424 4824 ctionem
445 4810 457 4832 ,
495 4779 540 4822 et
567 4777 794 4822 evertunt
832 4768 1119 4836 aliquorum
1162 4764 1312 4832 ﬁdem
1345 4763 1436 4833 (2.
1465 4763 1596 4817 Tim.
1623 4764 1678 4816 2.
1712 4766 1798 4818 Π.

205 4861 321 4931 l8).
349 4863 520 4927 Atque
538 4858 828 4927 aliquando
850 4856 1068 4925 quidem
1098 4855 1197 4907 hoc
1221 4855 1493 4919 dicebant,
1517 4854 1804 4922 aliquando

199 4961 384 5004 autem
436 4949 580 5017 quod
626 4935 822 5014 corpus
862 4961 965 4999 non
1017 4953 1278 5011 resurgat,
1331 4944 1424 4997 sed
1475 4945 1805 4999 resurrectio

200 5045 270 5096 sit
303 5040 498 5093 aninue
534 5041 797 5109 purgatio.
848 5037 970 5089 llam
1002 5045 1178 5088 autem
1227 5036 1407 5088 dicere
1451 5036 1806 5103 persuadebat

198 5130 500 5184 sceleratus
550 5127 640 5204 ille
672 5127 882 5179 dzemon
908 5168 920 5187 ,
956 5143 1060 5178 non
1109 5127 1281 5179 solum
1326 5137 1574 5180 evertere
1603 5128 1798 5180 volens

201 5224 682 5283 resurrectionem,
716 5219 810 5273 sed
856 5219 1015 5272 etiam
1045 5234 1165 5286 qua:
1192 5233 1288 5284 pro
1322 5219 1474 5272 nobis
1508 5220 1642 5272 facta
1673 5231 1796 5274 sunt

199 5314 407 5373 omnia,
453 5310 741 5365 ostendere
788 5324 908 5363 esse
952 5307 1204 5360 fabulam.
1252 5307 1383 5361 Nam
1416 5310 1459 5362 si
1505 5313 1583 5364 eis
1614 5310 1801 5366 fuisset

197 5413 521 5476 persuasum
551 5416 658 5454 non
692 5416 811 5454 esse
842 5414 1131 5470 corporum
1155 5402 1632 5464 resurrectionem,
1667 5418 1788 5468 pau-

199 5493 358 5550 latim
404 5491 481 5543 eis
530 5491 886 5557 persuasisset
934 5505 1000 5543 ne
1046 5488 1318 5543 Christum
1361 5488 1579 5557 quidem
1613 5504 1796 5543 resur-

199 5583 449 5647 rexisse;
499 5581 566 5634 ab
598 5579 699 5632 hoc
731 5588 908 5631 autem
956 5579 1087 5633 illud
1141 5594 1352 5647 quoque
1383 5578 1571 5632 ordine
1603 5594 1798 5648 proce-

199 5677 346 5731 dens
372 5673 668 5729 induxisset
696 5684 816 5723 eum
844 5683 950 5722 non
979 5669 1282 5735 advenisse,
1318 5683 1489 5738 neque
1519 5685 1580 5725 ca
1609 5672 1802 5728 fecisse

201 5781 332 5839 qua:
359 5765 501 5821 fecit.
553 5762 697 5819 Talis
725 5769 806 5816 est
833 5760 975 5816 enim
1017 5760 1216 5817 diaboli
1251 5762 1553 5831 malignitas
1597 5773 1651 5820 et
1682 5780 1799 5820 ver-

1917 2467 2077 2519 sutia.
2111 2466 2473 2534 Quamobrem
2502 2470 2699 2525 Paulus
2719 2489 2836 2528 eam
2869 2480 3267 2538 vocatiusidias
3299 2483 3519 2555 (Ep/res.

1920 2557 1974 2610 6.
2012 2559 2140 2626 ll),
2172 2561 2425 2628 quoniam
2452 2577 2556 2616 non
2581 2563 2785 2618 directe
2809 2571 3044 2625 ostendit
3076 2559 3219 2643 quod
3253 2577 3364 2631 vult
3394 2595 3522 2649 pro-

1920 2651 2067 2710 bare,
2101 2665 2168 2703 ne
2199 2651 2670 2719 deprehendatur;
2701 2656 2796 2710 sed
2828 2658 2930 2713 alia
2979 2662 3078 2716 sibi
3110 2665 3358 2734 imposita
3393 2685 3517 2739 per-

1916 2755 2069 2803 sona,
2116 2742 2219 2795 alia
2270 2745 2582 2812 fabricatur,
2632 2759 2684 2801 et
2736 2755 3007 2820 tamquam
3067 2755 3292 2814 infestus
3345 2760 3517 2816 hostis

1916 2843 1967 2885 et
1993 2832 2320 2901 versipellis,
2351 2851 2470 2888 eum
2497 2838 2551 2890 in
2576 2840 2761 2894 urbem
2794 2851 2850 2896 et
2877 2859 3058 2900 muros
3091 2848 3327 2917 irruerit,
3355 2852 3519 2908 etiam

1918 2925 2124 2980 inferne
2155 2928 2580 2996 agitcuuiculus,
2604 2941 2660 2985 ut
2685 2949 2746 2986 ea
2782 2937 2990 2992 ratione
3015 2955 3118 2993 non
3153 2940 3312 2999 facile
3341 2947 3518 3014 possit

1917 3019 2115 3084 caveri,
2171 3029 2224 3072 et
2270 3029 2412 3075 recte
2459 3023 2505 3076 ei
2554 3023 2808 3079 succedat
2860 3028 2907 3081 id
2959 3031 3100 3099 quod
3144 3043 3228 3087 est
3274 3036 3512 3092 molitus.

1916 3109 2275 3176 Quamobrem
2321 3112 2454 3166 tales
2503 3113 2617 3183 ejus
2665 3114 2890 3185 laqueos
2935 3135 3153 3190 semper
3203 3125 3515 3195 inveniens,

1915 3209 1966 3254 et
1999 3202 2291 3256 sceleratas
2344 3203 2436 3256 lius
2471 3203 2693 3260 insidias
2725 3223 2929 3263 venans
2961 3210 3047 3264 hic
3076 3215 3157 3265 vir
3182 3216 3515 3274 admirabilis

1916 3299 1972 3344 et
2001 3308 2126 3347 vere
2159 3309 2402 3363 umguus,
2437 3295 2651 3350 dicebat
2688 3317 2700 3351 :
2741 3298 2858 3352 Non
2889 3306 3022 3356 enim
3047 3305 3341 3374 ignoramus
3367 3314 3510 3381 cogi-

1914 3384 2127 3437 tationes
2156 3387 2263 3454 ejus
2287 3385 2364 3453 (2.
2398 3386 2518 3441 Cor.
2550 3388 2602 3441 2.
2637 3391 2746 3460 ll).
2779 3382 2990 3446 Etenim
3030 3394 3113 3448 hic
3140 3407 3307 3453 totum
3335 3403 3509 3468 aperit

1912 3473 2029 3543 ejus
2069 3475 2278 3542 doluni,
2326 3487 2381 3531 et
2421 3493 2614 3534 omines
2663 3483 2893 3537 ostendit
2963 3487 3388 3545 machinationes
3415 3536 3428 3557 ,
3460 3504 3515 3549 et

1913 3583 2265 3639 qumcumque
2310 3571 2425 3626 vult
2453 3588 2714 3643 apparare
2747 3576 2992 3644 producit
3026 3582 3074 3634 in
3123 3583 3355 3638 medium
3376 3626 3391 3650 ,
3425 3604 3515 3642 ac-

1913 3662 2252 3717 curatissime
2283 3665 2460 3717 omnia
2495 3681 2848 3736 persequens.
2896 3670 3185 3741 Promerea
3220 3676 3359 3730 enim
3408 3679 3511 3734 huc

1913 3760 2075 3823 caput
2103 3756 2253 3822 ponit
2283 3766 2403 3823 post
2431 3756 2532 3808 alia
2567 3797 2579 3819 ,
2611 3762 2864 3826 quoniam
2898 3771 3015 3816 erat
3062 3768 3293 3821 u.axime
3327 3785 3513 3826 neces-

1914 3847 2136 3910 sarium,
2169 3857 2223 3900 et
2253 3845 2395 3915 quod
2426 3847 2602 3900 omnia
2631 3860 2813 3902 nostra
2843 3851 3133 3906 euntineat.
3170 3856 3303 3912 Vide
3331 3872 3511 3916 autem

1915 3937 2028 4005 ejus
2073 3937 2430 4022 prudentiam.
2465 3937 2595 3992 Nam
2628 3955 2749 3993 cum
2780 3955 2906 3994 suos
2951 3944 3096 4010 prius
3129 3949 3410 4004 muniisset
3458 3963 3514 4007 et

1915 4029 1966 4081 in
1997 4037 2111 4081 tuto
2151 4031 2471 4084 collorassct
2499 4073 2512 4095 ,
2551 4041 2674 4084 tunc
2708 4032 2934 4086 ulterius
2965 4037 3260 4104 procedens
3287 4082 3301 4102 ,
3336 4053 3514 4098 exter-

1915 4135 2013 4173 uos
2040 4136 2252 4190 quoque
2286 4123 2483 4200 invadit
2512 4165 2525 4186 ,
2563 4135 2614 4176 et
2647 4124 2775 4192 ipsis
2811 4126 3142 4184 validissime
3173 4145 3232 4185 os
3260 4135 3508 4189 obstruit.

1914 4212 2052 4267 Suos
2077 4223 2257 4267 autem
2292 4215 2464 4266 munit
2494 4223 2546 4266 et
2579 4215 2629 4266 iu
2664 4224 2776 4267 tuto
2799 4217 3026 4271 collocat
3053 4260 3066 4282 ,
3098 4236 3202 4274 nou
3236 4239 3297 4276 ex
3342 4227 3512 4279 ratio-

1875 4330 1893 4351 .
1914 4304 2088 4367 nibus,
2119 4305 2210 4359 sed
2245 4321 2306 4357 ex
2340 4305 2402 4358 iis
2429 4315 2544 4372 qua‘.
2569 4306 2679 4373 jam
2715 4305 2848 4360 facta
2879 4317 3036 4372 sunt,
3067 4320 3262 4381 etquae
3293 4314 3388 4383 ipsi
3418 4319 3512 4371 ad-

1915 4395 2200 4458 miserunt,
2235 4405 2288 4448 et
2337 4395 2470 4448 facta
2515 4395 2861 4450 crediderunt
2895 4417 2906 4450 :
2939 4401 3080 4466 quod
3108 4403 3322 4472 quidem
3361 4408 3511 4463 valde

1913 4496 2029 4538 erat
2070 4498 2251 4556 aptum
2285 4486 2349 4540 ad
2383 4485 2643 4554 pudorem
2691 4488 3055 4544 incutiendum
3087 4535 3099 4556 ,
3129 4505 3182 4547 et
3211 4494 3512 4552 Sufficiebat

1911 4576 1979 4629 ad
2006 4592 2098 4630 eos
2142 4577 2520 4633 continendos.
2568 4578 2698 4630 Nam
2740 4578 2783 4630 si
2836 4589 3019 4646 postea
3053 4583 3352 4639 noluissent
3388 4603 3509 4642 ere-

1915 4667 2066 4730 dere,
2102 4683 2206 4721 nou
2238 4667 2420 4737 utique
2459 4666 2570 4735 jam
2597 4667 2764 4721 Paulo
2788 4710 2803 4732 ,
2839 4670 2933 4724 sed
2962 4671 3060 4725 sibi
3093 4675 3193 4742 ipsi
3222 4691 3329 4729 non
3355 4690 3511 4734 erant

1912 4757 2168 4812 credituri
2203 4759 2382 4828 :quod
2427 4758 2641 4827 quidem
2679 4761 2880 4815 crimen
2929 4764 3114 4819 fuisset
3163 4767 3376 4823 illorum
3414 4775 3508 4838 qui

1914 4853 2076 4906 semel
2097 4853 2446 4918 admiserant,
2471 4863 2522 4907 et
2541 4854 2649 4920 jam
2676 4859 3011 4911 ’:::ns:nutati
3037 4872 3238 4916 essent.
3264 4864 3512 4934 Propter-

1913 4961 1974 4998 ea
2019 4944 2134 4998 him.
2172 4946 2354 5012 incipit
2384 4987 2397 5010 ,
2427 4955 2579 4999 ostez-
2609 4949 2719 5002 lens
2747 4963 2805 5001 se.
2833 4964 2937 5003 non
2967 4965 3103 5019 opus
3154 4954 3352 5008 habere
3390 4959 3510 5012 aliis

1917 5036 2139 5088 testibus
2160 5076 2174 5099 ,
2213 5035 2276 5088 ad
2311 5037 2640 5105 ρι’(ὼειηιέσςῃ
2672 5054 2731 5092 ss,-
2760 5054 2882 5092 veta
2916 5039 3096 5094 dicere
3123 5083 3139 5107 ,
3165 5044 3257 5097 sed
3293 5046 3354 5098 iis
3382 5047 3510 5117 ipsis

1916 5127 2004 5195 qui
2037 5138 2157 5180 sunt
2190 5127 2422 5196 decepti.
2458 5127 2527 5181 Ut
2555 5139 2732 5180 autem
2783 5131 2924 5197 quod
2956 5131 3078 5185 dico
3122 5136 3190 5189 sit
3239 5139 3507 5202 apertius,

1918 5218 1984 5272 de
2015 5228 2214 5272 αιτιοι-ο
2260 5233 2479 5272 necesse
2513 5229 2592 5272 est
2640 5218 2754 5287 ipsa
2787 5220 2974 5275 audire
3024 5225 3207 5277 verba.
3253 5228 3507 5293 Quianam

1907 5325 2034 5378 ergo
2063 5325 2122 5362 ea
2158 5310 2319 5363 sunt?
2351 5306 2547 5362 Nolunt
2579 5311 2713 5364 vobis
2746 5313 2915 5380 facio,
2946 5317 3151 5381 fratres,
3185 5319 3501 5387 evangelium

1906 5401 2041 5469 quod
2073 5400 2347 5468 prwdicavi
2394 5400 2552 5454 vobis.
2587 5402 2838 5454 Vidistiu'
2877 5418 2997 5456 cum
3047 5417 3245 5474 quanta
3288 5409 3508 5480 incipiat

1908 5490 2163 5544 lenitate?
2214 5490 2449 5543 vidistin’
2497 5493 2766 5561 quomodo
2813 5495 3061 5548 ostendat
3108 5497 3175 5551 ab
3226 5500 3396 5565 initio,
3448 5518 3507 5558 Se

1916 5582 2047 5636 nihil
2083 5596 2278 5635 novum
2318 5598 2416 5638 nec
2460 5585 2801 5653 peregrinum
2836 5586 3216 5643 introducere?
3257 5590 3386 5645 Nam
3417 5598 3505 5664 qui

1907 5683 2090 5726 notum
2145 5671 2269 5726 facit
2317 5672 2368 5726 id
2419 5676 2560 5742 quod
2605 5674 2714 5743 jam
2748 5687 2933 5731 notum
2983 5678 3154 5732 fuerat
3200 5692 3251 5735 et
3283 5686 3420 5751 quod
3454 5689 3504 5742 in

1905 5763 2232 5820 oblivionem
2265 5775 2502 5834 venerat,
2537 5781 2724 5823 rursus
2756 5767 2806 5822 id
2840 5769 2891 5823 in
2920 5773 3236 5826 memoriam
3274 5774 3502 5832 reducit.
