4066 6348
594 258 699 317 5'33

592 376 727 431 Cum
755 384 934 429 autem
964 368 1175 425 vocavit
1200 367 1416 431 fratres,
1447 366 1571 420 hinc
1598 378 1811 434 quoque
1830 379 1936 417 non
1961 379 2181 434 parvam

593 464 854 535 praemisit
881 457 1399 516 demonstrationem
1423 470 1612 511 eorum
1637 469 1757 525 qua:
1779 454 2047 509 dicuntur.
2074 453 2189 509 Non

592 555 808 611 aliunde
836 552 981 608 enim
1015 549 1140 605 facti
1172 564 1360 603 sumus
1407 549 1603 601 fratres
1625 587 1639 611 ,
1694 560 1853 617 quam
1884 560 1953 600 ex
1988 544 2191 601 Christi

591 645 887 705 secundum
918 658 1137 700 carnem
1183 640 1611 711 dispensatione.
1663 637 1955 708 Propterea
1987 652 2083 692 eos
2114 638 2192 692 sic

590 744 839 805 vocavit,
870 738 1033 793 simul
1080 736 1297 806 quidem
1328 749 1425 789 eos
1463 732 1671 789 leniens
1700 745 1764 786 ac
1815 730 2066 801 mitigans
2088 771 2104 797 ,
2137 739 2192 786 et

591 833 730 888 bona
761 828 1175 885 innumerabilia
1225 826 1358 898 ipsis
1383 826 1438 880 in
1467 822 1785 878 memoriam
1815 836 2095 878 revocans.
2125 822 2193 877 Et

588 924 730 995 quod
755 923 1012 991 deinceps
1043 920 1310 990 sequitur,
1339 918 1443 973 hoc
1472 916 1648 987 ipsum
1689 915 1995 971 conﬁrmat.
2026 913 2191 982 Quid-

587 1032 712 1074 nam
753 1015 858 1070 hoe
895 1014 1022 1070 est?
1052 1012 1424 1082 Evangelium.
1474 1009 1751 1079 Evangelii
1782 1008 1929 1063 enim
1976 1024 2188 1064 summa

587 1107 718 1165 hinc
742 1107 943 1177 accipit
987 1106 1199 1161 initium
1225 1146 1239 1170 ,
1282 1103 1429 1174 quod
1455 1103 1600 1159 Deus
1629 1100 1802 1156 factus
1829 1102 1899 1156 sit
1926 1100 2108 1167 homo,
2136 1109 2190 1157 et

588 1200 736 1255 cruci
770 1199 964 1253 afﬁxus
996 1197 1193 1260 fuerit,
1224 1204 1281 1251 et
1311 1194 1696 1251 rcsurrexerit.
1733 1192 1845 1248 Hoc
1875 1202 1930 1248 et
1968 1192 2185 1248 Gabriel

586 1290 928 1348 annuntiavit
952 1290 1192 1359 Virgini;
1220 1290 1322 1342 hoc
1349 1295 1405 1342 et
1433 1286 1712 1356 propheta!
1745 1287 1839 1340 toti
1865 1286 1981 1341 orbi
2018 1295 2190 1339 terra-

585 1401 705 1441 rum
733 1400 750 1451 ;
780 1383 885 1441 hoc
916 1384 1078 1437 etiam
1109 1395 1301 1435 omnes
1342 1379 1593 1449 apostoli.
1641 1378 1793 1445 Quod
1822 1388 1869 1431 et
1914 1377 2187 1445 prwdicavi

583 1478 741 1542 vobis,
773 1476 982 1544 quodet
1010 1474 1297 1543 accepistis,
1328 1472 1380 1525 in
1426 1486 1525 1541 quo
1553 1481 1601 1525 et
1630 1471 1805 1530 statis.
1834 1470 1889 1524 ‘2.
1938 1486 2026 1540 per
2052 1470 2186 1539 quod

583 1582 629 1625 et
660 1568 952 1631 salvamini,
982 1584 1083 1638 qua
1110 1566 1310 1619 ratione
1341 1564 1728 1633 praedicaverim
1774 1562 1936 1629 vobis,
1966 1564 2011 1617 si
2050 1573 2185 1617 tene-

583 1662 669 1725 tis,
702 1662 799 1715 nisi
829 1662 1023 1728 frustra
1053 1657 1360 1712 credidistis.
1400 1654 1644 1711 Vidistin'
1675 1654 1947 1724 quomodo
1972 1668 2067 1709 eos
2093 1670 2187 1707 vo-

581 1763 670 1809 cat
714 1761 879 1807 testes
922 1766 1122 1813 eorum
1143 1765 1264 1819 qua:
1309 1748 1451 1803 dicta
1484 1748 1649 1802 sunt?
1694 1747 1810 1801 Non
1848 1747 2020 1802 dicit:
2053 1747 2184 1814 Quae

582 1847 882 1911 audivistis,
930 1844 1049 1906 sed,
1083 1844 1213 1910 Qua:
1247 1841 1531 1913 accepistis,
1569 1840 1637 1893 ab
1666 1841 1744 1894 eis
1783 1840 2021 1908 exigens
2043 1846 2184 1891 tam-

581 1954 738 2009 quam
786 1935 1005 2006 aliquod
1034 1934 1340 2005 depositum
1367 1972 1382 1997 ,
1417 1941 1472 1987 et
1519 1930 1826 2000 signiﬁcans
1856 1970 1870 1995 ,
1901 1928 2042 1998 quod
2077 1944 2183 1982 non

581 2033 753 2087 solum
783 2044 1057 2093 sermone,
1088 2026 1181 2082 sed
1208 2038 1262 2080 et
1295 2024 1449 2079 factis
1479 2032 1534 2077 et
1564 2023 1731 2092 signis
1756 2030 1809 2075 et
1834 2021 2104 2076 miraculis
2132 2021 2183 2075 id

581 2125 909 2194 acceperint,
941 2131 997 2176 et
1023 2131 1079 2175 ut
1108 2134 1171 2174 ea
1204 2128 1321 2173 toto
1356 2124 1594 2171 teneant.

650 2217 706 2271 2.
741 2214 946 2270 Deinde
974 2220 1256 2282 postquam
1286 2208 1421 2263 dixit
1468 2216 1651 2260 vetera
1683 2246 1695 2269 ,
1731 2214 1942 2274 tempus
1972 2220 2183 2275 quoque

583 2323 825 2381 pratsens
851 2303 1145 2360 declaravit
1172 2301 1359 2356 dicens
1391 2319 1403 2353 :
1433 2298 1500 2352 In
1517 2315 1616 2369 quo
1647 2306 1693 2349 et
1718 2297 1897 2359 statis;
1920 2312 2015 2350 eos
2043 2311 2180 2364 ιιι-ιη-

584 2414 881 2470 occupans,
916 2405 975 2451 ut
1003 2410 1070 2450 ne
1100 2392 1310 2449 etiamsi
1341 2392 1573 2445 maxime
1598 2390 1818 2454 vellent,
1844 2390 2052 2459 possint
2082 2402 2180 2440 ne-

578 2507 727 2564 gare.
763 2489 829 2543 Et
879 2488 1001 2543 ideo
1045 2485 1308 2554 incipiens
1358 2500 1464 2536 non
1493 2480 1648 2541 dixit,
1698 2480 1801 2533 Vos
1828 2478 2032 2542 doceo,
2064 2476 2181 2542 sed,

580 2582 777 2638 Notum
804 2581 941 2634 vobis
970 2577 1103 2649 facio
1131 2618 1145 2641 ,
1173 2576 1224 2638 id
1251 2572 1393 2643 quod
1420 2572 1531 2638 jam
1565 2570 1761 2623 factum
1800 2578 1903 2622 est.
1947 2567 2014 2621 Et
2046 2582 2181 2636 quo-

578 2675 740 2731 modo
770 2688 864 2727 eos
895 2672 985 2740 qui
1012 2668 1343 2723 vacillabant
1372 2665 1505 2718 dicit
1534 2663 1720 2716 stare?
1754 2660 1966 2715 Utiliter
1988 2676 2099 2729 pne
2123 2676 2182 2715 se

577 2766 686 2823 fert
711 2761 1105 2835 ignorationem
1136 2776 1149 2810 :
1185 2757 1326 2829 quod
1375 2755 1592 2825 quidem
1632 2753 1758 2807 facit
1786 2753 1951 2807 etiam
1978 2752 2044 2805 ad
2077 2752 2182 2806 Ga-

578 2858 735 2918 latas,
765 2853 862 2908 sed
883 2867 988 2906 non
1013 2850 1280 2905 similiter.
1311 2848 1444 2901 Nam
1473 2846 1726 2915 quoniam
1756 2845 1867 2899 illic
1894 2860 1999 2898 non
2026 2855 2179 2915 pote-

581 2957 665 3002 rat
695 2943 1046 3016 ignorantiam
1065 2956 1171 3011 prat
1198 2955 1255 2993 se
1283 2940 1421 2993 ferre
1440 2979 1453 3003 ,
1485 2937 1585 2990 alia
1611 2936 1819 3000 ratione
1846 2946 2035 2988 tractat
2060 2952 2182 2987 ora-

580 3040 801 3101 lionem,
820 3035 1006 3090 dicens
1028 3051 1040 3086 :
1060 3032 1164 3087 Con
1170 3031 1274 3100 ﬁdo
1292 3039 1460 3083 autent
1482 3030 1535 3081 in
1557 3028 1693 3081 vobis
1714 3028 1767 3095 in
1787 3026 2029 3091 Domino,
2048 3026 2181 3093 quod

579 3130 709 3184 nihil
754 3128 899 3181 aliud
945 3124 1168 3179 sentietis
1200 3125 1219 3193 (
1250 3121 1367 3175 Gal.
1398 3121 1450 3175 5.
1496 3120 1637 3188 10).
1670 3117 1786 3171 Non
1824 3116 1998 3170 dixit:
2027 3116 2181 3181 Quod

578 3223 710 3278 nihil
760 3219 903 3274 aliud
950 3217 1238 3279 sensistis;
1285 3212 1541 3283 quoniam
1592 3224 1781 3264 eorum
1823 3209 2081 3264 delictum
2127 3209 2179 3262 in

577 3313 827 3371 confesso
873 3319 989 3364 erat
1034 3317 1089 3361 et
1131 3305 1374 3367 evidens,
1423 3302 1518 3357 sed
1563 3300 1794 3371 spondet
1836 3300 1904 3353 de
1952 3300 2177 3354 futuro:

578 3417 902 3476 quamquam
944 3399 1049 3454 hoc
1074 3411 1288 3467 quoque
1333 3404 1450 3449 erat
1494 3394 1801 3456 incertum;
1833 3391 1928 3446 sed
1980 3404 2037 3445 ut
2065 3392 2181 3445 illos

579 3499 749 3569 magis
794 3494 1111 3551 attraheret.
1145 3490 1243 3544 Hic
1286 3498 1463 3543 autem
1517 3488 1678 3541 etiam
1712 3500 1826 3554 pra:
1871 3500 1931 3539 se
1976 3484 2078 3539 fert
2122 3499 2182 3539 se

581 3592 832 3661 ignorare
862 3587 1049 3641 dicens
1085 3603 1098 3638 :
1124 3582 1189 3636 In
1218 3597 1318 3651 quo
1346 3591 1391 3633 et
1422 3579 1587 3633 statis.
1624 3576 1830 3632 Deinde
1858 3577 2067 3631 lucrum
2096 3591 2181 3629 se-

577 3686 780 3757 quitur,
816 3680 929 3744 Per,
947 3677 1085 3748 quod
1115 3685 1161 3729 et
1181 3673 1451 3729 salvamini
1475 3689 1493 3725 :
1517 3687 1617 3742 qua
1638 3671 1836 3723 ratione
1862 3670 2178 3739 pradicave-

578 3780 677 3831 rim
704 3774 861 3829 vobis.
910 3768 1274 3838 Quamobrem
1310 3765 1427 3817 haec
1455 3763 1700 3815 doctrina
1728 3761 1884 3813 vobis
1930 3775 2071 3812 nunc
2097 3768 2181 3812 est

576 3864 961 3924 declarationis
988 3869 1042 3914 et
1072 3853 1559 3925 interpretationis.
1591 3852 1706 3905 Non
1732 3850 1882 3905 enim
1911 3866 2068 3919 opus,
2100 3850 2182 3903 iu-

577 3960 712 4031 quit,
744 3955 955 4010 habetis
987 3958 1045 4005 ut
1075 3950 1178 4002 hoc
1207 3948 1400 4016 dogma
1444 3942 1686 4007 discatis,
1714 3941 1809 3997 sed
1839 3951 1896 3995 ut
1924 3936 2180 3996 recorde-

579 4051 709 4107 mini
762 4057 816 4101 et
854 4040 1220 4113 corrigamini.
1265 4038 1395 4092 Hazc
1430 4044 1609 4089 autem
1646 4033 1797 4100 dicit,
1846 4049 1952 4087 non
1996 4035 2180 4087 sinens

577 4147 723 4215 ipsos
754 4154 877 4195 esse
909 4135 1267 4206 impudentes.
1290 4129 1428 4197 Quid
1455 4128 1556 4182 sibi
1579 4127 1693 4181 vult
1720 4137 1922 4189 autem,
1958 4126 2073 4191 Qua
2105 4143 2180 4177 ra-

576 4240 713 4291 tione
760 4226 1146 4302 prwdicaverim
1202 4222 1378 4274 vobis?
1417 4220 1535 4284 Quo
1583 4217 1766 4279 modo,
1816 4217 2019 4285 inquit,
2070 4216 2179 4269 dixi

578 4327 695 4382 ﬁeri
722 4317 1201 4378 resurrectionem.
1235 4310 1370 4364 Nam
1402 4307 1548 4379 quod
1577 4307 1646 4360 sit
1673 4305 1888 4375 quidem
1934 4322 2178 4361 resurre-

577 4420 707 4483 ctio,
733 4430 841 4471 non
873 4408 1103 4466 dixerim
1134 4419 1229 4459 vos
1256 4402 1504 4457 dubitare
1536 4418 1550 4453 :
1582 4399 1822 4469 quaaritis
1853 4407 2034 4451 autem
2066 4399 2179 4451 1³01·-

580 4522 722 4566 tasse
747 4503 987 4576 apertius
1014 4499 1155 4553 scire
1181 4494 1326 4566 quod
1368 4492 1571 4547 dictant
1600 4499 1703 4546 est.
1750 4490 1863 4544 Hoc
1903 4490 2064 4544 etiam
2100 4488 2178 4543 fa-

576 4604 716 4660 ciam
748 4616 763 4652 :
810 4601 998 4665 aperte
1036 4590 1179 4644 enim
1227 4588 1341 4641 scio
1370 4600 1467 4640 vos
1496 4583 1690 4653 dogma
1733 4591 1939 4637 tenere.
1974 4581 2177 4635 Deinde

579 4689 834 4763 quoniam
883 4678 1170 4738 enuntians
1222 4675 1455 4739 dicebat,
1508 4673 1574 4727 In
1614 4688 1713 4744 quo
1770 4673 1951 4735 statis;
1996 4686 2064 4726 ne
2113 4687 2177 4725 ea

573 4762 782 4836 ratione
824 4789 919 4829 eos
964 4768 1214 4825 redderet
1254 4764 1593 4819 socordiores
1636 4772 1690 4818 et
1721 4762 2169 4832 negligentiores,

576 4875 699 4929 illos
728 4883 919 4925 rursus
942 4868 1111 4917 terret
1145 4858 1356 4923 dicens,
1389 4856 1450 4910 Si
1480 4858 1677 4918 tenetis,
1709 4856 1808 4908 nisi
1850 4858 2042 4924 [rustra
2068 4872 2176 4907 cre-

579 4963 813 5021 didistis;
841 4956 1136 5013 ostendens
1160 4951 1301 5022 quod
1334 4952 1388 5004 in
1418 4951 1588 5017 capite
1617 4949 1735 5003 ﬁdei
1769 4956 1986 5017 accepta
2016 4946 2177 5001 fuerit

582 5060 737 5128 plaga
765 5092 780 5117 ,
813 5063 987 5118 neque
1018 5053 1218 5128 agatur,
1248 5041 1316 5096 de
1348 5039 1675 5109 quibuslibet
1723 5038 1938 5128 obviis,
1987 5039 2081 5128 sed
2109 5038 2175 5128 die

576 5125 685 5203 tota
728 5152 888 5211 atque
940 5139 1141 5203 integra
1173 5126 1297 5187 ﬁde.
1350 5131 1419 5183 Et
1463 5144 1603 5182 nunc
1645 5128 1861 5198 quidem
1906 5125 2011 5181 hoc
2048 5127 2178 5181 dicit

579 5239 853 5313 pressius;
907 5229 1206 5301 procedens
1248 5236 1428 5279 autem
1459 5232 1513 5277 et
1539 5237 1659 5275 cum
1690 5222 1909 5275 incaluit
1940 5263 1955 5287 ,
1988 5233 2176 5291 aperto

580 5312 836 5399 deinceps
864 5324 1040 5394 capite
1066 5319 1393 5374 vociferatur
1419 5324 1473 5370 et
1502 5312 1631 5367 dicit
1665 5329 1679 5364 :
1716 5312 1776 5367 Si
1809 5312 2041 5366 Christus
2074 5328 2175 5365 non

578 5424 875 5485 resurrexit,
918 5416 1088 5472 inanis
1130 5422 1202 5468 est
1228 5414 1402 5481 utique
1441 5406 1740 5481 prtedicatio
1771 5414 1978 5471 nostra,
2008 5405 2176 5459 inanis

576 5530 650 5573 est
678 5519 827 5571 etiam
849 5512 977 5582 ﬁdes
1006 5516 1174 5563 vestra
1197 5547 1213 5571 ,
1246 5504 1421 5561 adhuc
1444 5506 1577 5557 estis
1608 5499 1663 5553 in
1686 5498 1923 5566 peceatis
1956 5498 2171 5550 vestris.

579 5608 686 5665 Sed
712 5623 818 5662 non
848 5607 926 5659 sic
955 5604 1009 5657 in
1054 5597 1329 5671 prommﬁs
1358 5613 1370 5648 :
1401 5596 1479 5650 sic
1508 5591 1652 5648 enim
1698 5587 2018 5658 expediebat
2044 5602 2169 5641 sen-

578 5700 680 5754 sim
718 5707 775 5752 et
815 5694 1069 5765 paulatim
1105 5688 1370 5763 progredi.
1419 5687 1472 5741 '5.
1516 5681 1732 5738 Tradidi
1774 5682 1907 5735 enim
1952 5681 2087 5733 vobis
2118 5680 2169 5731 in

1301 250 1355 307 s.
1392 246 1672 307 JOANNIS
1707 244 2180 305 cunvsosroau
2220 249 2538 309 ARCHIEP.
2577 252 3113 316 CONSTANTINOP.
3800 271 3869 328 ,τε

2301 366 2480 437 primis
2506 370 2642 439 quod
2684 382 2730 426 et
2759 377 2952 443 accepi.
2986 375 3095 430 Nec
3130 377 3212 431 hic
3235 377 3369 433 dixit
3399 398 3412 434 :
3440 380 3605 436 Vobis
3636 383 3770 447 dixi,
3804 401 3903 439 ne-

2298 477 2421 530 que,
2473 463 2577 518 Vos
2626 465 2803 531 docui,
2857 468 2953 523 sed
3000 470 3246 526 eamdem
3289 487 3480 529 rursus
3528 489 3657 531 usus
3699 486 3784 531 est
3813 478 3900 531 di-

2298 554 2476 607 ctione
2510 570 2525 608 :
2557 553 2773 609 Tradidi
2803 559 2941 613 vobis
2962 562 3098 630 quod
3128 571 3174 615 et
3204 565 3399 637 accepi.
3432 565 3618 637 Neque
3659 568 3748 623 hic
3768 568 3903 625 dicit

2298 656 2357 697 se
2383 644 2631 700 edoctum
2672 647 2838 704 fuisse
2862 692 2877 716 ,
2910 651 3004 705 sed
3033 692 3048 717 ,
3079 653 3303 723 Accepi;
3340 654 3456 711 hzec
3479 657 3590 712 duo
3634 658 3897 728 probans,

2296 735 2440 804 quod
2487 746 2542 791 et
2587 737 2719 793 nihil
2768 756 2938 796 exse
2982 742 3177 798 aﬁ'erre
3213 755 3481 816 Oporteat,
3526 758 3582 803 et
3625 750 3770 820 quod
3803 766 3899 820 per

2296 841 2519 897 operum
2567 832 3084 889 demonstrationem
3126 834 3253 893 facti
3294 838 3403 892 sint
3444 840 3710 896 certiores
3735 884 3749 906 ,
3782 858 3895 896 non

2296 919 2456 975 nudis
2511 921 2691 980 verbis
2724 942 2737 969 τ
2771 933 2825 978 et
2857 912 3112 994 paulatim
3144 927 3246 983 ﬁde
3285 928 3503 999 dignam
3547 931 3750 988 faciens
3772 949 3893 990 ora—

2296 1010 2518 1074 tionem,
2543 1014 2852 1069 universum
2884 1015 3094 1072 reducit
3120 1019 3187 1073 ad
3218 1018 3489 1075 Christum
3517 1063 3533 1079 .
3562 1033 3617 1077 et
3648 1026 3895 1080 ostendit

2293 1118 2358 1157 ex
2392 1102 2477 1159 his
2505 1102 2841 1163 documentis
2885 1108 3087 1163 nullum
3115 1124 3235 1165 esse
3264 1112 3581 1167 humanum.
3638 1116 3777 1182 Quid
3812 1128 3901 1173 est

2292 1206 2493 1263 autem,
2524 1197 2740 1253 Tradidi
2768 1201 2901 1255 enim
2928 1203 3065 1257 vobis
3091 1204 3145 1257 in
3178 1206 3395 1273 primis?
3419 1206 3528 1261 Hoc
3560 1220 3663 1270 cst,
3693 1210 3763 1264 ab
3793 1212 3903 1264 ini-

2294 1288 2390 1352 tio,
2434 1304 2544 1343 non
2576 1306 2739 1345 nunc.
2790 1291 2916 1347 Hazc
2960 1302 3139 1348 autem
3168 1295 3297 1351 dicit
3326 1339 3341 1364 ,
3378 1307 3589 1370 tempus
3620 1302 3901 1357 adducens

2292 1381 2344 1434 in
2378 1382 2747 1437 testimonium
2774 1426 2789 1451 ,
2820 1395 2874 1439 et
2896 1386 3038 1455 quod
3070 1388 3302 1443 maxime
3349 1400 3495 1444 esset
3545 1392 3857 1460 pudendum
3882 1436 3899 1457 ,

2293 1487 2415 1526 eum
2445 1483 2650 1527 tantum
2685 1484 2897 1546 tempus
2946 1478 3337 1544 credidissent,
3372 1481 3492 1537 illos
3523 1486 3899 1539 tmnsmutari.

2290 1565 2399 1621 Nec
2426 1566 2527 1621 hoc
2557 1569 2755 1634 solum,
2790 1570 2885 1625 sed
2915 1571 3076 1625 etiam
3105 1572 3297 1642 dogma
3328 1590 3448 1629 esse
3479 1580 3855 1633 necessarium
3882 1596 3897 1642 ;

2289 1667 2344 1710 et
2391 1657 2512 1712 ideo
2552 1659 2603 1713 in
2650 1661 2838 1730 primis
2884 1661 2981 1716 fuit
3023 1664 3297 1728 traditum,
3352 1676 3404 1720 et
3435 1668 3619 1721 statim
3656 1684 3684 1721 a
3742 1671 3895 1737 prin-

2288 1746 2450 1815 cipio.
2482 1748 2548 1801 Et
2590 1749 2718 1818 quid
2746 1792 2760 1813 ,
2793 1752 2880 1805 die
2906 1752 3132 1806 obsecro
3154 1797 3168 1819 ,
3201 1754 3511 1808 tradidisti?
3540 1760 3611 1810 At
3648 1773 3754 1810 non
3790 1760 3901 1815 hoc

2290 1839 2467 1891 statim
2495 1839 2646 1906 dicit,
2669 1840 2763 1895 sed
2791 1843 3043 1910 primum,
3069 1859 3129 1899 se
3156 1848 3449 1915 accepisse.
3481 1847 3547 1901 Et
3577 1850 3704 1919 quid
3733 1865 3901 1905 accc-

2288 1929 2451 1998 pisti?
2484 1930 2631 1995 Quod
2660 1931 2891 1989 Christus
2927 1945 3158 1989 mortuus
3186 1945 3257 1989 est
3285 1954 3376 2007 pro
3416 1942 3635 2008 peccatis
3679 1944 3895 1997 nostris.

2288 2019 2403 2073 Non
2432 2022 2613 2075 statim
2658 2023 2793 2077 dixit
2818 2066 2833 2088 ,
2870 2025 3212 2081 Resurrectio
3242 2037 3326 2083 est
3354 2044 3641 2099 corporum
3672 2047 3901 2088 nosmo—

2288 2129 2431 2178 rum,
2462 2116 2554 2169 sed
2588 2116 2688 2170 hoc
2716 2117 2889 2187 ipsum
2944 2118 3158 2188 quidem
3191 2121 3402 2188 probat.
3432 2137 3616 2176 verum
3644 2140 3705 2179 re
3739 2126 3902 2195 longe

2292 2204 2478 2270 petita,
2514 2214 2567 2257 et
2594 2220 2691 2274 per
2716 2207 2843 2271 alia,
2883 2206 3090 2271 dicens,
3126 2209 3358 2264 Christus
3383 2223 3454 2265 est
3490 2226 3899 2280 mortuus;nni-

2286 2310 2473 2364 gnum,
2504 2296 2715 2351 firmum
2748 2314 2811 2351 ac
2840 2299 3032 2355 stabile
3062 2300 3467 2357 fundamentum
3500 2309 3646 2373 prius
3683 2310 3901 2375 jaciens

2286 2388 2405 2453 ejus
2448 2387 2591 2456 quod
2638 2397 2721 2443 est
2766 2389 3049 2444 dicendum
3097 2391 3165 2447 de
3215 2396 3629 2451 resurrectione.
3693 2397 3892 2469 Neque

2286 2479 2429 2532 enim
2460 2479 2800 2533 solummodo
2823 2480 2960 2535 dixit
2984 2500 2997 2535 :
3021 2480 3266 2537 Christus
3298 2495 3380 2538 est
3402 2494 3666 2549 mortuus,
3696 2492 3900 2544 etiam-

2287 2571 2330 2623 si
2362 2570 2464 2624 boc
2493 2572 2621 2625 satis
2653 2583 2797 2626 esset
2824 2573 2890 2627 ad
2938 2575 3346 2644 signiﬁcandam
3392 2580 3857 2636 resurrectionem
3882 2626 3896 2649 ,

2287 2661 2381 2716 sed
2409 2677 2531 2716 cum
2561 2663 2867 2731 adjectione
2894 2707 2908 2731 ,
2938 2666 3171 2721 Christus
3189 2679 3262 2722 est
3290 2680 3516 2723 mortuus
3547 2689 3641 2739 pro
3663 2679 3897 2742 peccatis

2287 2763 2493 2806 "08018.

2360 2846 2550 2899 Contra
2584 2845 2920 2902 Manicha’os.
2948 2878 3019 2889 -——-
3050 2850 3290 2905 Primum
3329 2861 3508 2906 autem
3555 2869 3739 2922 Opera:
3769 2874 3897 2925 pre-

2286 2939 2418 2993 tium
2450 2952 2531 2994 est
2584 2940 2772 2995 audire
2814 2941 2942 3010 qttid
2972 2941 3058 2996 hic
3085 2943 3265 2997 dicant
3292 2946 3382 3013 qui
3414 2944 3663 2999 laborant
3695 2947 3897 3002 hzrresi

2284 3031 2701 3086 Manichteorum
2728 3074 2743 3099 ,
2784 3041 2839 3087 et
2866 3034 3112 3087 veritatis
3138 3035 3338 3089 inimici
3365 3075 3380 3100 ,
3414 3045 3469 3090 et
3498 3036 3588 3105 qui
3631 3052 3755 3091 cum
3789 3056 3889 3092 sua

2286 3134 2524 3194 pugnant
2562 3125 2757 3180 salute.
2787 3125 2927 3192 Quid
2954 3140 3085 3195 ergo
3111 3128 3297 3181 dicunt
3328 3128 3461 3182 isti?
3489 3129 3716 3183 Mortem
3747 3172 3763 3195 ,
3797 3132 3885 3184 in-

2285 3216 2476 3285 quiunt
2500 3258 2516 3282 ,
2543 3216 2632 3270 hic
2658 3217 2791 3270 nihil
2822 3217 2969 3271 aliud
3008 3217 3137 3271 dicit
3163 3218 3358 3274 Paulus
3383 3261 3398 3284 ,
3428 3236 3588 3289 quam
3617 3220 3791 3276 fuisse
3839 3224 3894 3277 in

2288 3307 2545 3375 peccatis,
2577 3315 2632 3361 et
2659 3308 3113 3362 resurrectionem
3139 3324 3258 3363 esse
3289 3310 3665 3366 liberationem
3700 3329 3729 3366 a
3764 3330 3879 3384 pee—

2285 3397 2442 3450 catis.
2473 3395 2723 3450 Vidistin’
2750 3398 3022 3466 quomodo
3052 3414 3240 3453 errore
3280 3399 3412 3452 nihil
3440 3402 3510 3453 sit
3541 3401 3893 3469 imbecillius,

2285 3497 2340 3541 et
2374 3487 2647 3557 quomodo
2678 3489 2790 3543 suis
2821 3490 3064 3558 capiatur
3088 3492 3301 3559 pennis,
3332 3507 3509 3561 neque
3534 3504 3761 3547 externa
3797 3513 3902 3564 pu-

2284 3596 2386 3651 gna
2430 3596 2565 3651 Opus
2611 3581 2703 3648 sit,
2756 3583 2850 3636 sed
2906 3598 2934 3635 a
2984 3585 3163 3652 seipso
3210 3584 3554 3654 configatur?
3593 3587 3895 3642 Considera

2283 3687 2414 3742 ergo
2450 3672 2723 3742 quomodo
2768 3673 2871 3741 ipsi
2916 3675 3125 3742 seipsos
3165 3676 3505 3730 coniixerunt
3554 3693 3650 3745 per
3679 3694 3743 3731 ea
3773 3696 3898 3748 quae

2284 3763 2562 3817 dixerunt.
2587 3762 2643 3818 Si
2678 3764 2779 3817 hoc
2803 3765 2948 3819 enim
2978 3775 3059 3819 est
3083 3780 3250 3833 mors,
3278 3766 3520 3820 Christus
3547 3778 3729 3823 autem
3765 3784 3897 3824 cur-

2285 3868 2385 3921 pus
2410 3866 2518 3906 non
2544 3853 2772 3922 accepit,
2807 3864 2863 3907 ut
2903 3870 3000 3908 vos
3039 3855 3198 3908 vultis
3227 3895 3242 3921 ,
3273 3866 3517 3910 mortuus
3547 3867 3630 3910 est
3660 3868 3846 3913 autem
3882 3879 3893 3913 :

2286 3945 2338 3997 in
2378 3953 2599 4012 peccato
2647 3944 2790 4009 fuit,
2834 3944 3130 3999 secundum
3177 3961 3294 4001 vos.
3328 3946 3461 4001 Nam
3518 3962 3618 4018 ego
3669 3951 3896 4018 quidem

2285 4035 2407 4089 dico
2452 4032 2595 4104 quod
2644 4049 2842 4103 corpus
2882 4035 3192 4104 acceperit,
3227 4046 3282 4091 et
3324 4046 3553 4090 mortem
3601 4038 3724 4091 dico
3772 4055 3899 4093 esse

2285 4125 2463 4179 carnis
2496 4143 2509 4179 :
2539 4135 2591 4179 tu
2620 4136 2799 4178 autem
2831 4125 2934 4177 hoc
2965 4140 3167 4195 negans
3188 4166 3202 4191 ,
3234 4126 3365 4179 illud
3401 4129 3711 4181 necessario
3740 4129 3895 4182 dicas

2286 4225 2521 4285 oportet.
2554 4216 2610 4269 Si
2654 4225 2835 4271 autem
2878 4216 2974 4269 fuit
3023 4217 3077 4270 in
3120 4227 3342 4285 peccato
3368 4259 3385 4282 ,
3417 4219 3688 4285 quomodo
3719 4221 3886 4278 dicit.

2290 4306 2419 4371 Quis
2455 4323 2519 4360 ea:
2560 4306 2695 4361 vobis
2723 4316 2897 4377 arguet
2924 4324 3004 4360 me
3028 4308 3091 4360 de
3134 4319 3338 4376 peccato
3364 4308 3539 4377 (Joan.
3568 4310 3619 4363 8.
3655 4312 3747 4381 46)
3770 4313 3795 4365 ?
3819 4323 3891 4377 rt,

2299 4400 2444 4453 Venit
2476 4401 2712 4471 princeps
2744 4401 2899 4470 hujus
2926 4400 3103 4452 mundi
3131 4439 3146 4464 ,
3177 4410 3222 4452 et
3249 4402 3299 4453 in
3330 4416 3406 4453 me
3431 4418 3530 4455 non
3563 4402 3712 4456 habet
3741 4405 3895 4469 quid-

2286 4509 2439 4561 quam
2493 4491 2620 4565 (Id.
2663 4491 2749 4545 Η.
2801 4490 2949 4558 30);
2998 4500 3054 4545 et
3085 4506 3270 4545 rursus
3298 4533 3314 4557 ,
3361 4491 3451 4545 Sic
3482 4508 3573 4546 nos
3602 4494 3746 4546 decet
3796 4498 3895 4547 im-

2287 4582 2425 4652 plere
2454 4599 2655 4637 omnem
2673 4582 2931 4652 justitiam
2961 4580 3193 4652 (Matth.
3225 4585 3279 4637 3.
3316 4583 3384 4637 15
3404 4583 3448 4652 ).
3479 4582 3764 4650 Quomodo
3795 4601 3891 4639 au-

2287 4684 2393 4728 tem
2422 4682 2506 4729 est
2536 4673 2757 4726 omnino
2807 4682 3051 4727 mortuus
3094 4688 3195 4742 pro
3237 4676 3613 4743 peccatoribus
3637 4717 3651 4739 ,
3696 4677 3740 4729 si
3773 4676 3891 4746 ipse

2285 4765 2382 4818 fuit
2408 4765 2460 4817 in
2488 4764 2717 4833 peccatis
2741 4764 2764 4816 ‘i
2788 4763 2921 4818 Nam
2951 4778 3097 4829 eum,
3126 4764 3217 4832 qui
3244 4764 3472 4818 moritur
3495 4777 3883 4834 pro-peccato-

2285 4854 2433 4907 ribus
2453 4894 2466 4917 ,
2495 4862 2709 4923 oportet
2735 4852 2865 4907 nulli
2900 4861 3120 4922 peccato
3146 4867 3269 4909 esse
3294 4853 3587 4909 obnoxium
3621 4876 3634 4911 :
3666 4858 3709 4911 si
3735 4859 3887 4911 enim

2286 4948 2398 5016 ipse
2425 4946 2585 5001 etiam
2614 4954 2819 5016 peccat,
2841 4944 3113 5015 quomodo
3140 4946 3400 5000 morietur
3431 4961 3526 5014 pro
3552 4948 3671 5001 aliis
3694 4963 3888 5017 pecca-

2288 5038 2531 5093 toribus?
2559 5038 2613 5091 Si
2646 5046 2826 5091 autem
2855 5045 2939 5090 est
2964 5046 3209 5090 mortuus
3237 5051 3335 5106 pro
3364 5042 3597 5106 peccatis
3628 5038 3886 5106 aliorum,

2284 5141 2528 5187 mortuus
2560 5140 2643 5185 est
2682 5145 2805 5185 cum
2852 5128 2981 5184 nulli
3026 5139 3171 5184 esset
3215 5138 3440 5198 peccato
3478 5129 3742 5184 obnoxius
3777 5149 3793 5185 :
3842 5132 3886 5185 si

2283 5236 2463 5277 autem
2492 5232 2571 5274 est
2605 5229 2848 5274 mortuus
2875 5234 2997 5274 cum
3039 5228 3183 5274 esset
3212 5219 3330 5273 sine
3369 5226 3589 5287 peccato
3613 5260 3627 5281 ,
3662 5236 3770 5274 non
3804 5232 3885 5275 est

2284 5320 2530 5366 mortuus
2579 5319 2751 5365 morte
2800 5309 3070 5379 peccati,(
3095 5309 3367 5379 quomodo
3408 5310 3590 5373 enim,
3625 5310 3677 5364 in
3718 5326 3880 5380 quem

2285 5405 2487 5459 nullum
2530 5403 2755 5459 cadebat
2787 5409 3061 5471 peccatum
3077 5400 3124 5473 ἲ)
3175 5400 3270 5456 sed
3311 5411 3483 5455 morte
3511 5402 3783 5470 corporis.
3818 5402 3883 5457 Et

2285 5497 2405 5551 ideo
2432 5496 2629 5551 Paulus
2659 5511 2766 5549 non
2788 5494 2922 5547 dixit
2949 5493 3121 5546 solum
3154 5510 3169 5550 :
3204 5492 3295 5547 Est
3323 5503 3570 5557 mortuus,
3601 5492 3699 5546 sed
3730 5495 3881 5548 addi-

2282 5587 2385 5652 dit,
2421 5585 2528 5640 Pro
2562 5587 2777 5655 peccatis
2804 5585 3025 5649 nostris;
3056 5594 3110 5640 et
3138 5598 3258 5639 cum
3287 5584 3369 5638 vel
3397 5582 3593 5637 invitos
3612 5585 3877 5653 coegisset

2286 5678 2435 5734 fateri
2471 5689 2696 5735 mortem
2748 5677 3081 5747 corporalem
3111 5695 3124 5742 ;
3161 5689 3257 5745 per
3285 5673 3385 5729 hoc
3409 5673 3703 5730 ostendens
3731 5676 3877 5733 illum
