4076 6336
206 271 312 326 525

204 390 362 442 τοῦτο
414 388 513 439 κοιλ⁵
560 386 611 438 οἱ
637 384 926 440 ἀπόστολοι
954 386 1215 451 ἅπαντες.
1254 390 1325 440 Ὃ
1363 388 1460 441 καὶ
1498 388 1807 457 εὐηγγελι-

204 480 432 548 σάμην,
462 478 493 530 ὃ
524 477 628 530 καὶ
654 477 1052 545 παρελάϐετε,
1081 479 1151 531 ἐν
1169 465 1219 539 ᾧ
1248 480 1348 533 καὶ
1372 478 1693 548 ἑστήκατε,
1732 478 1807 532 δι’

202 566 276 625 οὗ
323 569 428 623 καί
467 568 755 635 σώζεσθε,
783 570 901 623 τίνι
930 572 1095 640 λόγῳ
1122 571 1617 641 εὐηγγελισάμην
1640 572 1805 639 ὑμῖν,

200 666 253 716 εί
288 661 597 730 κατέχετε·
634 662 813 729 ἐκτὸς
840 665 892 716 εί
921 661 1010 732 μὴ
1041 662 1176 731 εικῆ
1201 662 1623 716 ἐπιστεύσατε.
1653 658 1809 725 Εἶδες

202 752 321 814 πῶς
348 751 550 816 αὐτοὺς
576 752 737 806 καλεῖ
766 752 1053 825 μάρτυρας
1081 752 1192 806 τῶν
1220 752 1566 821 εἰρημένων;
1600 753 1712 805 Καὶ
1744 752 1806 804 οὐ

200 843 373 910 λέγει,
415 844 482 895 ⁸0
526 843 823 912 ἠκούσατε,
878 844 1019 909 ἀλλ’,
1060 846 1132 897 "0
1176 844 1567 912 παρελάϐετε,
1614 843 1806 914 ὥσπερ

199 934 326 987 τινά
348 934 831 1007 παρακαταθήκην
859 937 1059 999 αὐτοὺς
1091 935 1363 1000 ἀπαιτῶν,
1396 937 1491 989 καὶ
1515 934 1694 1007 δηλῶν
1722 936 1806 989 ὅτι

195 1024 259 1075 οὑ
290 1023 439 1095 λόγῳ
473 1025 658 1095 μόνον,
696 1024 836 1078 ἀλλά
866 1028 961 1079 καὶ
993 1026 1061 1079 δι’
1090 1026 1271 1097 ἔργων
1308 1028 1404 1081 καὶ
1434 1027 1677 1097 σημείων
1709 1028 1805 1080 καὶ

196 1113 498 1184 θαυμάτων
526 1117 664 1169 αὐτὸ
692 1118 998 1187 παρέλαϐον
1062 1120 1157 1173 καὶ
1211 1120 1297 1173 ἵνα
1344 1119 1620 1189 κατέχωσι
1666 1120 1802 1187 μετὰ

196 1205 525 1275 ἀσφαλείας.

274 1360 341 1431 β’.
376 1360 511 1419 Εἶτα
540 1367 727 1435 ἐπειδὴ
754 1368 822 1419 τά
855 1368 1061 1422 παλαιά
1088 1369 1266 1437 ἔλεγε,
1304 1371 1399 1423 καλ⁸
1433 1372 1525 1424 τὸν
1554 1372 1799 1442 παρόντα

194 1457 468 1526 ἐπέστησε
501 1459 693 1528 χρόνον
723 1458 915 1519 εἰπὼν,
934 1461 1037 1512 Ἐν
1060 1453 1109 1526 ᾧ
1134 1460 1230 1513 καί
1247 1462 1569 1528 ἑστήκατε,
1597 1481 1800 1533 προκα-

194 1548 562 1618 ταλαμϐάνων
597 1551 815 1615 αὐτοὺς,
847 1552 924 1614 ὡς
956 1552 1113 1620 μηδὲ,
1138 1556 1186 1606 εί
1214 1555 1422 1625 σφόδρα
1454 1556 1793 1626 βουληθεῖεν,

191 1638 542 1707 ἀρνήσασθαι
577 1639 895 1709 δυνηθῆναι.
932 1642 1024 1693 Διὸ
1061 1644 1157 1696 καὶ
1180 1645 1486 1715 ἀρχόμενος
1512 1647 1613 1699 οὐκ
1648 1643 1791 1713 εἶπε,

189 1715 445 1782 διδάσκω
471 1730 639 1801 ὑμᾶς,
674 1732 833 1799 ἀλλά,
883 1735 1154 1804 Γνωρίζω
1190 1738 1357 1806 ὑμῖν,
1398 1738 1459 1792 τὸ
1492 1740 1591 1810 ήδη
1632 1740 1794 1809 δῆλον

189 1820 510 1890 γενόμενον.
540 1824 650 1875 Καὶ
674 1823 791 1887 πῶς
816 1827 943 1887 τοὺς
962 1826 1358 1899 σαλευομένους
1380 1832 1601 1885 ἑστάναι
1621 1833 1754 1902 φησί
1776 1851 1790 1897 ;

191 1910 585 1979 Προσποιεῖται
637 1913 864 1982 ἄγνοιαν
908 1921 1341 1990 συμφερόντως·
1376 1924 1513 1993 ὅπερ
1562 1924 1657 1977 xal
1697 1926 1792 1978 ἐπὶ

189 2000 452 2055 Γαλατῶν
487 2006 650 2069 ποιεῖ,
674 2005 791 2058 ἀλλ’
819 2008 918 2076 οὐχ
945 2010 1168 2076 ὁμοίως.
1214 2012 1434 2083 Ἐπειδὴ
1465 2018 1532 2081 γά
1543 2033 1573 2084 ρ
1598 2017 1698 2070 οὐκ
1722 2013 1791 2086 ἦν

188 2093 414 2159 ἄγνοιαν
457 2096 580 2146 ὲκεῖ
618 2099 1122 2167 προσποιήσασθαι,
1152 2102 1359 2173 ἑτέρως
1391 2105 1671 2174 μεθοδεύει
1700 2110 1790 2162 τὸν

187 2184 347 2251 λόγον
396 2184 595 2251 λέγων·
640 2188 903 2241 Πέποιθα
932 2190 1002 2241 δὲ
1030 2194 1118 2257 εις
1151 2192 1311 2261 ὑμᾶς
1343 2195 1415 2249 ἐν
1447 2198 1665 2265 Κυρίῳ,
1697 2200 1788 2254 ὅτι

186 2272 373 2325 οὐδὲν
399 2273 557 2327 ἄλλο
581 2277 942 2345 φρονήσετε.
973 2282 1087 2334 Οὐκ
1119 2278 1296 2350 εἶπεν,
1331 2286 1453 2339 Ὅτι
1476 2290 1631 2343 οὐδὲν
1658 2292 1789 2345 ἄλλο

184 2364 551 2434 ἑφρονήσατε,
576 2367 766 2440 ἐπειδὴ
790 2370 1215 2443 ὡμολογημένον
1240 2372 1306 2447 ἦν
1329 2379 1509 2432 αὐτῶν
1528 2382 1589 2433 τὸ
1612 2384 1790 2454 παρά-

184 2472 388 2525 πτωμα
412 2457 510 2510 καὶ
541 2460 866 2529 κατάδηλον,
889 2463 1027 2516 ἀλλὰ
1049 2464 1110 2517 τὸ
1139 2467 1333 2537 μέλλον
1360 2470 1648 2538 ἐγγυᾶται·
1674 2477 1790 2529 καί·

182 2562 262 2598 τοι
299 2549 397 2599 καὶ
432 2548 591 2601 τοῦτο
623 2550 842 2620 ἄδηλον·
883 2552 1112 2606 ἀλλ’ἵνα
1169 2558 1364 2622 αὐτοὺς
1415 2563 1785 2635 ἐφελκύσηται

184 2638 475 2707 μειζόνως.
510 2639 779 2692 Ἐνταῦθα
810 2643 993 2708 μέντοι
1035 2646 1129 2697 καὶ
1160 2653 1539 2716 προσποιεῖται
1571 2654 1785 2721 ἀγνοεῖν

182 2730 380 2797 λέγων,
412 2732 518 2782 Ἐν
546 2728 591 2794 ᾦ
617 2732 715 2783 καὶ
743 2732 1065 2799 ἑστήκατε.
1107 2734 1241 2790 Εἶτα
1269 2740 1329 2792 τὸ
1352 2743 1563 2812 κέρδος,
1594 2748 1676 2799 Δι’
1709 2745 1781 2804 οὗ

180 2820 281 2873 καὶ
335 2818 621 2884 σώζεσθε,
683 2822 800 2876 τίνι
861 2828 1023 2893 λόγῳ
1075 2831 1571 2904 εὐηγγελισάμην
1616 2839 1780 2907 ὑμῖν.

180 2910 349 2962 Ὥστε
381 2912 683 2979 σαφηνείας
713 2914 861 2967 ἐστὶν
900 2920 933 2989 ἡ
962 2919 1282 2976 διδασκαλία
1311 2924 1450 2997 αῦτη
1494 2931 1527 2997 ή
1561 2928 1657 2981 νῦν
1688 2932 1783 2984 καὶ

177 3002 503 3073 ἑρμηνείας.
519 3005 593 3056 Οὐ
612 3004 721 3077 γὰρ
736 3008 869 3060 αὐτὸ
887 3009 1063 3063 δεῖσθε
1082 3013 1142 3064 τὸ
1161 3014 1359 3083 δόγμα,
1384 3020 1537 3088 φησὶ,
1562 3021 1777 3089 μαθεῖν,

178 3092 295 3146 ἀλλ’
332 3093 754 3166 ὑπομνησθῆναι
797 3098 891 3150 καὶ
937 3099 1321 3172 διορθωθῆναι.
1370 3106 1558 3159 Ταῦτα
1594 3110 1651 3162 δὲ
1690 3112 1780 3165 λέ-

176 3202 289 3254 γει,
316 3186 420 3238 οὐκ
448 3188 632 3256 ἀφιεὶς
656 3191 851 3253 αὐτοὺς
879 3193 1309 3269 ἀναισχυντῆσαι
1333 3202 1611 3268 καθάπαξ.
1638 3205 1704 3257 Τί
1723 3207 1779 3259 δέ

176 3278 319 3341 ἐστι,
349 3278 473 3331 Τίνι
499 3280 660 3348 λόγῳ
688 3284 1184 3356 εὐηγγελισάμην
1204 3290 1386 3360 fair;
1420 3293 1565 3364 Ποίῳ
1588 3296 1776 3368 τρόπῳ

176 3364 356 3434 εἷπον,
393 3370 549 3439 φησὶ,
576 3370 677 3441 τὴν
714 3373 1014 3429 ἀνάστασιν
1054 3379 1336 3448 γίνεσθαι;
1376 3383 1498 3435 ’Ότι
1536 3364 1635 3453 μὲν
1668 3364 1777 3460 γὰρ

177 3459 338 3533 [352]
360 3461 509 3515 ἔστιν
539 3463 859 3529 ἀνάστασις,
889 3468 990 3520 οὐκ
1021 3469 1087 3522 ἂν
1120 3472 1288 3542 φαίην
1316 3474 1461 3544 ὑμᾶς
1496 3459 1775 3546 ἀμφιϐἀλὲ

176 3551 315 3603 λειν·
350 3553 565 3621 ζητεῖτε
598 3556 656 3608 δὲ
692 3556 823 3618 ἴσως
854 3558 1050 3626 μαθεῖν
1087 3563 1420 3635 σαφέστερον
1449 3567 1510 3620 τὸ
1545 3571 1774 3642 εἰρημέρ

174 3658 286 3693 νον.
328 3642 504 3697 Τοῦτο
532 3645 595 3715 δὴ
632 3646 725 3699 καὶ
755 3647 990 3715 ποιήσω·
1030 3654 1125 3705 καὶ
1157 3655 1267 3724 γὰρ
1304 3652 1422 3709 οἴδα
1452 3661 1660 3727 σαφῶς,
1691 3664 1773 3715 ὅτι

172 3734 235 3788 τὸ
263 3734 447 3806 δόγμα
482 3738 762 3807 κατέχετε.
789 3736 925 3793 Εἶτα
959 3744 1149 3816 ἐπειδὴ
1184 3748 1622 3820 ἀποφαινόμενος
1654 3755 1772 3808 ἕλε-

172 3843 293 3895 γεν,
337 3828 439 3880 Ἐν
466 3821 516 3893 ᾧ
546 3830 649 3881 καὶ
682 3829 1003 3897 ἑστήκατε,
1042 3835 1128 3887 ἴνα
1158 3836 1233 3907 μὴ
1256 3837 1433 3911 ταύτῃ
1460 3843 1770 3913 ῥᾳθυμοτέ-

176 3934 305 3986 ρους
330 3919 556 3988 ποιήσῃ,
588 3918 745 3988 φοϐεῖ
766 3923 929 3976 πάλιν
967 3925 1165 3990 αὐτοὺς
1188 3928 1361 3997 λέγων
1381 3945 1396 3961 ⁸
1427 3936 1499 3986 El
1527 3935 1771 4003 κατέχεο

171 4025 255 4074 τε,
283 4009 459 4074 ἐκτὸς
489 4012 543 4062 εί
566 4010 654 4079 μὴ
676 4011 808 4081 είκῆ
834 4015 1256 4072 ἐπιστεύσατε·
1289 4022 1504 4088 δεικνὺς
1534 4026 1615 4078 ὅτι
1642 4030 1769 4099 περὶ

170 4100 232 4151 τὸ
264 4101 568 4167 κεφάλαιον
600 4103 632 4171 ἡ
669 4102 874 4175 πληγὴ,
905 4108 1000 4159 καὶ
1032 4110 1132 4179 οὐχ
1174 4112 1314 4182 ὑπὲρ
1344 4115 1455 4169 τῶν
1494 4121 1768 4188 τυχόντων

167 4194 197 4244 ὁ
232 4191 408 4259 ἁγὼν,
438 4192 554 4244 ἀλλ’
594 4193 735 4262 ὑπὲρ
763 4195 1057 4267 ὁλοκλήρου
1090 4201 1188 4270 τῆς
1221 4205 1477 4270 πίστεως.
1522 4212 1632 4263 Καὶ
1671 4214 1768 4268 νῦν

170 4283 273 4351 μὲν
304 4283 732 4353 ὑπεσταλμένως
755 4286 888 4338 αὑτό
913 4304 1067 4358 φησι,
1102 4293 1309 4360 προῖὼν
1340 4296 1397 4347 δὲ
1422 4301 1516 4351 καὶ
1544 4301 1764 4375 διαθερ-

173 4376 522 4443 μαινόμενος,
550 4380 731 4449 γυμνῇ
767 4377 953 4433 λοιπὸν
984 4384 1051 4452 τῇ
1088 4386 1297 4456 κεφαλῇ
1337 4388 1437 4459 βοᾷ
1467 4392 1561 4444 καὶ
1590 4394 1756 4463 λέγει·

169 4467 240 4517 ει
275 4465 347 4517 δὲ
376 4469 631 4535 Χριστὸς
668 4473 781 4524 οὐκ
809 4471 1143 4541 ἐγήγερται,
1178 4479 1360 4533 κενὸν
1390 4482 1505 4549 ἄρα
1544 4486 1611 4539 τὸ
1649 4488 1726 4559 κή
1749 4520 1764 4532 ο

160 4571 366 4623 puum
393 4555 582 4623 ἡμῶν,
608 4560 755 4626 κενὴ
784 4562 853 4615 δὲ
876 4564 976 4617 και
1002 4566 1039 4634 ἠ
1070 4568 1275 4635 πίστις
1298 4571 1484 4640 ὑμῶν,
1514 4575 1602 4630 ἔτι
1621 4555 1763 4635 gnat;

168 4650 237 4704 ἐν
278 4645 412 4712 ταῖς
442 4646 758 4714 ἁμαρτίαις
793 4653 983 4719 ὑμῶν.
1031 4658 1174 4711 Ἀλλ’
1211 4663 1267 4714 ὲν
1307 4666 1615 4735 προοιμίοις
1660 4674 1760 4744 οὐχ

167 4739 364 4802 οὕτως·
390 4736 535 4790 οὕτω
562 4737 671 4807 γὰρ
691 4741 963 4833 χρήσιμον
984 4741 1051 4815 ἦν
1075 4751 1260 4821 ἠρέμα
1280 4756 1373 4809 καὶ
1398 4762 1539 4812 κατά
1563 4736 1760 4833 μικρὸν

170 4831 441 4904 προῖέναι.
478 4828 802 4897 Παρέδωκα
830 4830 940 4901 γὰρ
978 4835 1125 4903 ὑμῖν
1171 4840 1243 4893 ἐν
1272 4828 1618 4916 πρώτοις,τὸ
1660 4855 1759 4907 καί

171 4922 537 4991 παρέλαϐον.
569 4921 645 4975 Οὐ
679 4920 828 4991 λέγει
855 4923 979 4976 οὐδὲ
1007 4926 1264 4994 ἐνταῦθα,
1289 4933 1370 4986 ὅτι
1406 4933 1572 4994 Εἶπον
1606 4944 1754 5012 ὑμῖν,

170 5012 314 5076 οὐδὲ,
360 5012 607 5077 Ἐδίδαξα
638 5015 804 5084 ὑμᾶς,
842 5013 978 5068 ἀλλά
1018 5019 1085 5087 τῇ
1129 5019 1268 5092 αὐτῇ
1305 5024 1569 5098 κέχρηται
1615 5034 1757 5100 λέξει

173 5101 358 5161 πάλιν,
386 5101 709 5167 Παρέδωκα
753 5105 918 5175 ὑμῖν,
948 5106 1145 5176 λέγων,
1180 5111 1211 5162 ὃ
1252 5113 1355 5165 καὶ
1389 5119 1753 5185 παρέλαϐον.

172 5193 308 5248 Οὐδὲ
335 5190 573 5244 ἐνταῦθα
599 5194 699 5263 ἐμὲ
729 5196 1045 5271 διδαχθῆναί
1079 5218 1265 5272 φησιν,
1298 5204 1455 5274 ἀλλά,
1483 5212 1756 5281 Παρέλα-

170 5287 295 5339 σον·
340 5281 438 5337 δύο
471 5281 647 5336 ταῦτα
672 5292 1123 5360 κατασκευάζων,
1154 5294 1234 5347 ὅτι
1269 5312 1329 5348 τε
1364 5298 1515 5352 οὐδὲν
1544 5303 1757 5361 οἴκοθεν

170 5375 487 5444 ἐπεισάγειν
512 5371 611 5436 δεῖ,
649 5374 745 5427 καὶ
777 5375 859 5428 ὅτι
884 5382 1023 5448 μετά
1050 5383 1379 5450 ἀποδείξεως
1409 5387 1511 5458 τῆς
1536 5390 1623 5445 διά
1645 5397 1755 5450 τῶν

167 5466 349 5537 ἔργων
386 5466 935 5539 έπληροφορήθησαν,
968 5474 1028 5525 οὐ
1056 5475 1236 5546 λόγοις
1263 5479 1457 5548 ψιλοῖς·
1493 5484 1587 5535 καὶ
1614 5491 1753 5543 κατά

169 5559 369 5630 μικρὸν
401 5558 714 5627 ἀξιόπιστον
744 5561 838 5616 τὸν
876 5562 1034 5634 λόγον
1080 5570 1272 5639 ποιῶν,
1301 5572 1363 5625 τὸ
1402 5575 1508 5627 πᾶν
1548 5577 1627 5639 είς
1661 5580 1752 5635 τὸν

1184 273 1252 327 ΙΝ
1284 272 1500 329 EPIST.
1539 275 1558 329 I
1600 272 1692 329 AD
1724 273 1885 330 COR.
1926 275 2164 334 IIOMIL.
2209 282 2498 342 XXXVIII.

3406 312 3514 363 524

1918 393 2155 463 Χριστὸν
2182 398 2394 468 ἀνάγει,
2434 404 2525 457 καὶ
2562 406 2837 464 δείκνυσιν
2870 414 3026 469 οὐδὲν
3060 420 3267 475 τούτων
3302 425 3511 499 ἀνθρὼ-

1918 472 2072 538 πινον
2110 488 2169 539 ὃν
2198 491 2308 545 τῶν
2346 494 2656 567 δογμάτων.
2687 503 2751 554 Τί
2780 505 2837 558 δέ
2874 507 3015 581 ἐστι,
3040 472 3365 579 Παρέδωκα
3397 479 3511 589 γὰρ

1914 574 2059 643 ὑμῖν·
2087 576 2158 629 ἐν
2190 581 2469 653 πρώτοις,
2504 589 2703 659 φησίν;
2746 594 2834 662 Ἐξ
2859 578 3059 671 ἀρχῆς,
3086 574 3149 655 οῦ
3184 604 3302 660 νῦν.
3322 574 3510 664 Ταῦτα

1912 665 1969 718 δὲ
1996 666 2141 736 λέγει
2177 670 2269 724 τὸν
2295 677 2487 745 χρόνον
2517 683 2783 753 παράγων
2808 665 3081 761 μάρτυρα,
3110 694 3203 746 καὶ
3232 696 3315 750 ὅτι
3345 699 3512 770 ἐσχά-

1912 775 2015 829 της
2045 756 2115 831 ἦν
2160 766 2427 837 αἰσχύνης
2489 774 2748 830 τοσοῦτον
2796 756 3003 850 χρόνον-
3038 786 3360 851 πεισθέντας
3409 756 3507 847 νῦν

1917 852 2321 921 μετατίθεσθαι·
2388 863 2481 913 καὶ
2538 865 2601 917 οὐ
2662 869 2822 924 τοῦτο
2884 874 3068 943 μόνον,
3110 879 3248 931 ἀλλά
3283 881 3364 934 ὅτι
3409 884 3504 937 καὶ

1912 945 2210 1014 ἀναγκαῖον
2259 950 2318 1001 τὸ
2346 950 2555 1025 δόγμα·
2595 957 2675 1010 διὸ
2717 963 2811 1014 καὶ
2843 965 2902 1017 ὲν
2933 975 3171 1037 πρώτοις
3204 975 3498 1046 παρεδόθη,

1911 1037 2008 1089 καὶ
2036 1038 2100 1091 ἐκ
2129 1043 2432 1112 προοιμίων
2466 1046 2687 1113 εὐθέως.
2722 1054 2832 1107 Καὶ
2883 1059 2937 1110 τί
2982 1037 3346 1132 παρέδωκαῄ
3382 1037 3504 1123 εἰπέ

1914 1146 2027 1199 μοι.
2086 1131 2225 1184 Ἀλλ’
2263 1133 2325 1186 οὐ
2356 1134 2506 1204 λέγει
2536 1139 2695 1194 τοῦτο
2724 1144 2947 1211 εὐθέως.
2982 1152 3118 1206 ἀλλά
3158 1131 3393 1226 πρῶτον,
3421 1163 3502 1215 ὅτι

1912 1222 2241 1293 παρέλαϐον.
2276 1227 2387 1279 Καὶ
2430 1230 2483 1282 τί
2515 1234 2859 1305 παρέ’λα6ες;
2901 1243 3027 1296 Ὀτι
3080 1222 3339 1314 Χριστὸς
3384 1222 3503 1306 νάπ-

1905 1311 2124 1367 έθανεν
2156 1316 2308 1385 ὑπὲρ
2340 1318 2459 1373 τῶν
2492 1323 2796 1392 ἁμαρτιῶν
2834 1331 3021 1402 ἡμῶν.
3069 1311 3182 1392 Ούκ
3225 1311 3379 1394 εἶπεν
3413 1347 3501 1397 εὑ-

1907 1401 2067 1471 θέως,
2096 1408 2178 1460 ὅτι
2215 1410 2541 1479 Ἀνάστασές
2574 1419 2691 1472 ἐστι
2720 1422 2829 1475 τῶν
2863 1401 3133 1496 σωμάτων
3168 1433 3347 1501 ημῶν,
3382 1436 3498 1490 ἀλλ’

1905 1496 2040 1549 αὐτὸ
2072 1499 2173 1567 μὲν
2215 1498 2310 1555 οὖν
2349 1505 2508 1559 τοῦτο
2538 1517 2960 1584 κατασκευάζει,
2998 1522 3281 1592 πόρρωθεν
3318 1528 3373 1579 δὲ
3405 1531 3498 1584 καὶ

1903 1586 1972 1637 δι’
1992 1589 2216 1658 ἐτέρων,
2251 1593 2447 1662 λέγων,
2480 1600 2561 1653 ὅτι
2589 1603 2847 1672 Χριστὸς
2879 1586 3164 1677 ἀπέϐαλε,
3192 1618 3284 1669 καὶ
3322 1620 3496 1688 μεγά-

1902 1677 2000 1748 λην
2022 1682 2143 1735 τινὰ
2176 1688 2417 1754 κρηπῖδα
2448 1693 2544 1743 καὶ
2573 1692 2828 1764 θεμέλιον
2851 1702 3075 1776 ἀρραγῆ
3106 1677 3496 1777 προκαταϐαλ-

1900 1769 2127 1840 λόμενος
2172 1775 2266 1828 τοῦ
2310 1783 2439 1850 περὶ
2472 1785 2570 1855 τῆς
2597 1769 2952 1857 ἀναστάσεως
2986 1769 3168 1865 λόγουί
3208 1805 3341 1857 Οὐδὲ
3385 1808 3494 1879 γὰρ

1898 1864 2087 1928 ἁπλῶς
2133 1864 2308 1936 εἶπεν,
2357 1875 2440 1927 ὅτι
2484 1878 2757 1934 ἀπέθανεν
2799 1885 2828 1935 6
2875 1888 3135 1957 Χριστὸς,
3171 1895 3347 1966 καίτοι
3397 1902 3492 1953 καὶ

1896 1958 2057 2011 τοῦτο
2105 1962 2310 2032 ἀρκοῦν
2356 1967 2597 2039 δηλῶσαι
2654 1975 2754 2038 τὴν
2801 1978 3119 2047 ἀνάστασιν,
3167 1986 3301 2040 ἀλλά
3352 1993 3492 2058 μετά

1897 2050 2240 2121 προσθήκης,
2263 2055 2344 2108 ὅτι
2369 2060 2626 2127 Χριστὸς
2656 2065 2962 2123 ἀπέθανεν
2987 2074 3138 2143 ὑπὲρ
3168 2075 3283 2130 τῶν
3307 2050 3490 2150 ἀραρ-

1895 2138 2039 2190 τιῶν
2076 2142 2113 2206 ἡ
2115 2144 2269 2209 μῶν.

1964 2296 2190 2365 Πρῶτον
2225 2301 2281 2353 δὲ
2328 2304 2477 2367 ἀξιον
2510 2308 2743 2365 ἀκοῦσαι
2791 2315 2845 2366 τί
2875 2316 3125 2386 λέγουσιν
3159 2325 3390 2380 ἐνταῦθα
3437 2335 3486 2384 οἱ

1892 2386 1962 2439 τὰ
2001 2389 2319 2460 Μανιχαίων
2361 2398 2665 2465 νοσοῦντες,
2705 2388 2808 2458 καί
2833 2408 2930 2479 ’τῆς
2980 2412 3240 2482 ἀληθείας
3276 2420 3484 2491 ἐχθροὶ,

1893 2478 1988 2531 καὶ
2013 2482 2078 2549 τῇ
2106 2483 2284 2553 οἰκείᾳ
2308 2485 2671 2557 πολεμοῦντες
2700 2502 2963 2577 σωτηρίᾳ.
3000 2478 3187 2560 Τίνοῦν
3225 2478 3389 2564 οὗτοι,
3407 2478 3487 2566 λιέί

1892 2584 2088 2635 γουσι,
2126 2572 2368 2628 Θάνατον
2404 2580 2657 2646 ἐνταῦθα,
2702 2589 2890 2655 φησὶν,
2923 2593 3076 2645 οὐδὲν
3115 2597 3243 2651 ἄλλο
3278 2600 3425 2668 λέγει
3458 2606 3486 2656 6

1891 2659 2124 2725 Παῦλος,
2160 2665 2191 2732 ἢ
2217 2665 2277 2717 τὸ
2297 2669 2355 2718 ὲν
2388 2670 2635 2744 ἁμαρτίᾳ
2670 2678 2946 2745 γενέσθαι,
2976 2688 3069 2737 καὶ
3098 2659 3394 2744 ἀνάστασιν
3424 2697 3484 2749 τὸ

1888 2750 1999 2801 τῶν
2022 2753 2307 2822 ἁμαρτιῶν
2334 2760 2739 2835 ἀπαλλαγῆναι.
2771 2768 2925 2835 Εἶδες
2952 2775 3068 2841 πῶς
3098 2780 3249 2835 οὐδὲν
3276 2785 3483 2857 πλάνης

3048 2839 3054 2841 .
3439 2839 3479 2857 ..

1888 2839 2310 2912 ἀσθενέστερον;
2339 2847 2448 2899 Kal
2479 2852 2594 2914 πῶς
2632 2857 2745 2917 τοῖς
2780 2860 3003 2925 οἰκείοις
3036 2868 3317 2925 ἁλίσκεται
3350 2890 3482 2926 πτε-

1895 2935 2025 3001 ροῖς,
2064 2936 2158 2988 καὶ
2202 2939 2261 2990 οὐ
2307 2939 2475 2994 δεῖται
2518 2946 2617 3015 τῆς
2661 2948 2861 3013 ἔξωθεν
2914 2957 3115 3027 μάχης,
3156 2963 3273 3014 ἀλλ’
3313 2968 3478 3041 ἑαυτῇ

1889 3024 2301 3093 περιπείρεταις
2336 3031 2535 3085 Σκόπει
2585 3038 2717 3103 γοῦν
2762 3044 2853 3094 καὶ
2894 3042 3039 3101 οὗτοι
3095 3051 3212 3117 πῶς
3253 3056 3480 3123 ἑαυτοὺς

1886 3112 2179 3186 διέπειρον,
2217 3121 2283 3173 δι’
2310 3117 2385 3175 ὧν
2414 3127 2722 3199 εἰρήκασιν.
2780 3137 2843 3189 Et
2876 3138 2985 3210 γὰρ
3027 3143 3184 3196 τοῦτο
3224 3146 3475 3215 θάνατος,

1888 3208 2048 3277 σῶμα
2073 3211 2128 3263 δὲ
2152 3213 2249 3264 οὐκ
2280 3215 2440 3270 ἔλαϐε
2472 3221 2594 3273 καθ’
2621 3224 2764 3292 ὑμᾶς
2786 3229 2814 3279 6
2844 3208 3100 3298 Χριστὸς,
3130 3238 3367 3292 ἀπέθανε

1884 3300 1942 3351 ἐν
1982 3302 2229 3375 ἁμαρτίᾳ
2268 3304 2419 3381 [555]
2451 3312 2670 3391 ἐγένετο
2710 3318 2832 3369 καθ’
2876 3322 3039 3391 ὑμᾶς.
3081 3330 3222 3396 Ἐγὼ
3249 3334 3347 3401 μὲν
3367 3300 3475 3408 γὰρ

1882 3390 2025 3458 λέγω
2051 3395 2128 3445 ὅτι
2160 3396 2319 3465 σῶμα
2351 3403 2601 3469 ἀνέλαϐε,
2635 3409 2726 3461 καὶ
2760 3411 2852 3465 τὸν
2883 3390 3110 3471 θάνατον
3144 3390 3473 3494 τῆςυσαρκὸς

1881 3478 2022 3537 εἶναί
2056 3502 2210 3555 φησι·
2245 3490 2309 3541 σὺ
2343 3490 2398 3543 δὲ
2430 3494 2590 3547 τοῦτο
2621 3498 2979 3572 ἀρνούμενος,
3018 3508 3195 3561 ἐκεῖνο
3230 3512 3474 3580 ἀναγκα-

1884 3574 2060 3649 σθήσῃ
2094 3578 2297 3645 λέγειν.
2332 3584 2395 3636 Εἰ
2430 3584 2485 3637 δὲ
2514 3589 2571 3639 ἐν
2608 3590 2856 3665 ἁμαρτίᾳ
2887 3598 3129 3664 ἐγένετο,
3163 3602 3281 3665 πῶς
3314 3574 3470 3675 φησι,

1887 3667 1983 3732 Τίς
2008 3668 2077 3732 ἐξ
2101 3671 2268 3737 ὑμῶν
2298 3674 2537 3743 ἐλέγχει
2561 3698 2639 3745 με
2668 3685 2801 3750 περὶ
2840 3688 3167 3758 ἀμαρτιάς;
3192 3696 3304 3758 καὶ,
3326 3667 3476 3765 ,Ἔρί

1881 3778 2045 3829 χεται
2086 3767 2118 3817 ὀ
2153 3764 2259 3825 τοῦ
2301 3767 2534 3835 κόσμου
2581 3775 2796 3828 τούτου
2840 3778 3061 3849 ἄρχων,
3107 3787 3204 3839 καὶ
3234 3790 3304 3841 ἐν
3340 3764 3470 3859 ἐμοὶ

1880 3854 1991 3905 οὐκ
2042 3854 2167 3921 ἔχει
2220 3856 2423 3910 οὐδέν·
2474 3860 2564 3912 καὶ
2598 3862 2781 3930 πάλιν,
2825 3869 2989 3923 Οὕτω
3031 3875 3266 3939 πρέπον
3298 3854 3471 3934 ἐστὶν

1878 3945 2025 4013 ἡμῖν
2058 3947 2373 4016 πληρῶσαι
2408 3951 2617 4006 πᾶσαν
2645 3955 3066 4029 δικαιοσύνην.
3090 3966 3212 4031 Πῶς
3245 3968 3301 4022 δὲ
3330 3971 3468 4038 ὅλως

1879 4036 2022 4107 ὑπὲρ
2043 4038 2385 4108 ἁμαρτωλῶν
2411 4043 2703 4113 ἀπέθανεν,
2737 4049 2792 4100 εἴ
2815 4067 2876 4117 γε
2907 4054 3071 4117 αὐτὸς
3092 4058 3149 4109 ἐν
3168 4036 3468 4131 ἁμαρτίαις

1876 4123 1974 4198 iv;
2008 4130 2111 4183 Τὸν
2144 4131 2253 4199 γάρ
2292 4131 2433 4203 ὑπὲρ
2462 4136 2808 4207 ἁμαρτωλῶν
2838 4123 3467 4216 ἀποθνήσκοντα,”αύτὸν

1861 4221 2259 4291 ’ἀναμάρτητον
2286 4224 2367 4276 δεῖ
2387 4221 2545 4279 εἶναι·
2576 4229 2697 4281 ἐπεὶ
2730 4233 2777 4283 εί
2825 4236 2919 4287 καὶ
2940 4238 3103 4301 αὐτὸς
3137 4242 3461 4313 ἁμαρτάνει,

1874 4313 1992 4373 πῶς
2024 4313 2163 4383 ὑπὲρ
2184 4315 2360 4368 ἀλλων
2380 4320 2720 4390 ἁμαρτωλῶν
2743 4325 3093 4384 ἀποθανεῖται
3115 4349 3128 4397 ;
3155 4329 3194 4385 Ε
3202 4335 3215 4385 ί
3242 4336 3298 4387 δὲ
3323 4339 3462 4411 ὑπὲρ

1872 4401 2158 4471 ἁμαρτιῶν
2189 4405 2363 4459 ἄλλων
2393 4410 2683 4478 ἀπέθανεν,
2720 4415 3105 4491 ἀναμάρτητος
3145 4424 3220 4477 ῶν
3255 4401 3461 4483 ἀπέθα-

1872 4511 1993 4547 νεν·
2042 4499 2089 4549 εί
2124 4497 2179 4549 δὲ
2224 4501 2612 4573 ἀναμάρτητος
2648 4505 2723 4561 ὢν
2782 4509 3076 4577 ἀπέθανεν,
3138 4520 3197 4570 οὐ
3238 4521 3328 4572 τὸν
3362 4523 3459 4591 τῆς

1870 4587 2149 4655 ἁμαρτίας
2188 4593 2420 4643 θάνατον
2451 4594 2608 4659 (πῶς
2662 4596 2790 4666 γὰρ,
2819 4601 2847 4650 ὃ
2883 4619 2945 4666 γε
2972 4587 3455 4684 ἀναμάρτητος),

1866 4674 2003 4725 ἀλλά
2033 4672 2124 4725 τὸν
2156 4675 2249 4727 τοῦ
2278 4678 2549 4745 σώματος.
2580 4685 2672 4733 Διὸ
2713 4686 2807 4737 καὶ
2844 4690 2870 4738 ὁ
2900 4672 3110 4757 Παῦλος
3140 4672 3457 4769 ούχάπλῶς

1868 4761 2041 4817 εἶπεν·
2091 4766 2427 4833 Ἀπέθανεν,
2492 4769 2629 4825 ἀλλά
2689 4778 3053 4851 προσέθηκεν,
3116 4761 3298 4860 ’Υπὲρ
3336 4761 3454 4855 rei»;

1866 4854 2167 4925 ἁμαρτιῶν
2192 4857 2379 4926 ἡμῶν·
2410 4862 2504 4915 καὶ
2540 4862 2774 4931 ἄκοντας
2811 4871 3053 4939 ἐκείνους
3082 4854 3335 4951 ἐμϐαλῶν
3373 4893 3453 4953 εἰς

1863 4948 1927 5003 τό
1966 4950 2303 5021 ὁμολογῆσαι
2339 4953 2430 5008 τὸν
2462 4959 2774 5027 σωματικὸν
2816 4964 3066 5035 θάνατον,
3108 4948 3201 5025 καὶ
3238 4948 3452 5043 δεικνὺς

1863 5040 1951 5093 διὰ
1980 5051 2190 5105 τούτου,
2214 5044 2295 5095 ὅτι
2319 5053 2413 5097 καὶ
2445 5047 2549 5117 πρὸ
2575 5048 2670 5101 τοῦ
2697 5050 2928 5107 θανάτου
2951 5058 3336 5133 ἀναμάρτητος
3356 5064 3446 5138 ἦν.

1864 5128 1969 5181 Τὸν
2012 5136 2121 5199 γὰρ
2170 5130 2311 5201 ὑπὲρ
2353 5134 2636 5202 ἁμαρτιῶν
2670 5138 2966 5210 ἀλλοτρίων
3010 5128 3445 5223 ἀποθνήσκοντα,

1864 5222 2027 5276 αὐτὸν
2048 5224 2431 5292 ἀναμάρτητον
2464 5222 2604 5279 εἶναι
2634 5229 2950 5290 ἀκόλουθον.
2985 5238 3092 5292 Καὶ
3124 5244 3243 5297 οὐδὲ
3271 5248 3449 5319 τούτῳ

1863 5315 2126 5384 ήρκέσθη,
2158 5313 2274 5367 ἀλλ’
2294 5315 2562 5387 ἐπήγαγε,
2594 5324 2758 5377 Κατὰ
2788 5328 2896 5393 τὰς
2928 5332 3196 5403 Γραφάς·
3230 5341 3323 5391 καὶ
3359 5313 3445 5393 ένξ

1859 5403 2050 5457 τεῦθεν
2085 5403 2401 5470 ἀξιόπιστον
2431 5409 2592 5463 πάλιν
2615 5413 2783 5465 ποιῶν
2817 5417 2910 5473 τὸν
2941 5421 3117 5491 λόγον,
3144 5428 3237 5479 καὶ
3268 5428 3445 5499 δηλῶν

1862 5498 2012 5548 ποῖον
2039 5494 2269 5550 θάνατον
2302 5497 2477 5567 ἔλεγε.
2504 5502 2615 5555 Kal
2642 5511 2752 5574 γάρ
2778 5510 2835 5561 αί
2858 5510 3072 5583 Γραφαὶ
3093 5518 3183 5569 τὸν
3210 5518 3303 5571 τοῦ
3320 5494 3443 5573 ⁷σώ-

1863 5605 2031 5657 ματος
2087 5590 2480 5660 ἀναγορεύουσι
2534 5598 2832 5669 πανταχοῦ·
2886 5603 3150 5673 Ὠριεξτη·
3189 5610 3298 5677 γάρ
3320 5631 3441 5681 μου
