4066 6348
357 336 467 394 325

350 453 513 507 etiam
558 457 683 504 ante
726 458 950 504 mortem
993 448 1123 504 nulli
1154 455 1371 518 peccato
1408 446 1572 502 fuisse
1607 442 1919 501 obnoxium.

352 544 374 612 (
403 558 523 597 eum
541 546 707 607 enim,
734 545 825 611 qui
850 557 945 611 pro
975 542 1205 611 peccatis
1226 547 1449 594 moritur
1475 536 1665 593 alienis
1687 577 1703 601 ,
1731 550 1922 591 conse-

349 647 526 702 quens
570 642 653 686 est
698 646 819 686 esse
874 632 1134 701 ejusmodi
1181 641 1241 686 nt
1281 644 1387 685 non
1420 626 1673 699 peccet),
1719 630 1786 683 ne
1824 626 1923 680 hoc

349 725 569 789 quidem
622 732 947 789 contentus,
1002 722 1293 793 subjunxit,
1341 720 1632 776 Secundum
1682 717 1918 787 Scriptu-

354 826 484 875 ras;
530 811 653 868 hinc
695 828 879 867 rursus
937 813 1041 868 ﬁde
1094 812 1307 882 dignam
1358 808 1559 865 faciens
1604 810 1921 873 orationem,

346 912 407 956 et
451 904 753 973 signiﬁcans
795 914 1079 974 quemnam
1110 912 1331 957 mortem
1374 901 1607 957 diceret-
1635 900 1924 970 Scriptum:

346 993 494 1046 enim
538 994 733 1064 ubique
774 994 1066 1063 loquuntur
1102 996 1170 1049 de
1206 1000 1379 1047 morte
1418 991 1660 1059 corporis
1706 1009 1719 1048 :
1750 989 1921 1055 Fode-

348 1094 470 1137 runt
499 1086 642 1138 enim
662 1125 679 1151 ,
708 1085 913 1155 inquit,
947 1100 1125 1138 manus
1150 1100 1286 1137 meas
1312 1091 1360 1137 et
1394 1088 1544 1153 pedes
1585 1099 1721 1137 meos
1748 1083 1919 1152 (Psal.

344 1174 413 1227 2|
445 1217 459 1236 ,
505 1173 646 1245 I7),
680 1183 762 1240 et,
805 1174 1053 1229 Videbunt
1079 1178 1131 1228 in
1156 1189 1302 1245 quem
1340 1174 1705 1244 transﬁxorum
1743 1173 1920 1245 (loan.

348 1266 439 1318 19.
470 1265 597 1334 s7).

421 1355 475 1409 3.
507 1354 666 1409 Multa
691 1355 834 1421 alia,
877 1370 944 1410 ne
980 1356 1157 1409 omnia
1188 1353 1429 1411 dicamus
1460 1355 1729 1427 sigillatim
1752 1397 1765 1418 ,
1797 1355 1925 1410 licet

346 1444 403 1497 ir.
435 1446 514 1499 eis
537 1445 717 1499 videre
741 1486 757 1511 ,
785 1445 887 1499 alia
929 1444 1145 1513 quidem
1173 1460 1269 1514 per
1294 1446 1453 1500 verba
1478 1486 1492 1510 ,
1535 1444 1636 1498 alia
1671 1460 1796 1499 vero
1827 1459 1925 1514 per

345 1536 547 1604 tignras
571 1577 586 1601 ,
623 1532 742 1605 qua:
770 1535 1069 1605 signiﬁcant
1104 1536 1283 1590 carnis
1312 1534 1513 1589 caedem
1539 1576 1553 1599 ,
1583 1544 1637 1588 et
1659 1534 1799 1603 quod
1827 1549 1924 1603 pro

345 1628 549 1689 nostris
576 1626 805 1695 peccatis
828 1628 896 1680 sit
918 1627 1145 1681 occisus.
1177 1629 1281 1680 Pro
1305 1625 1520 1695 peccatis
1542 1625 1704 1686 enim,
1731 1624 1919 1693 inquit,

345 1718 527 1787 populi
566 1719 661 1770 mei
701 1723 832 1771 venit
876 1723 945 1771 ad
990 1727 1234 1783 mortem;
1279 1727 1367 1782 et,
1412 1714 1661 1769 Dominus
1713 1714 1924 1768 tradidit

342 1809 513 1875 ipsum
541 1809 755 1877 peccatis
780 1808 1001 1870 nostris;
1030 1816 1113 1873 et,
1149 1806 1454 1859 Vulneratus
1484 1812 1554 1858 est
1578 1810 1780 1875 propter
1802 1820 1923 1871 pec-

343 1908 464 1952 cata
509 1910 681 1953 nostra
724 1900 875 1970 (tsai.
924 1900 1012 1954 53.
1060 1897 1113 1952 8.
1146 1897 1199 1951 6.
1247 1895 1326 1966 5).
1363 1895 1419 1950 Si
1458 1905 1639 1951 autem
1688 1905 1923 1950 veterem

344 2004 457 2043 non
497 1992 601 2045 lers
628 1990 954 2059 Scripturam
975 2029 991 2053 ,
1020 1988 1143 2042 audi
1176 1987 1437 2043 Joannem
1482 1989 1800 2043 clamantem
1827 2028 1841 2049 ,
1869 1997 1924 2042 et

347 2090 569 2148 utraque
594 2079 965 2134 ostendentem
992 2119 1006 2144 ,
1039 2093 1229 2147 nempe
1268 2088 1321 2133 et
1362 2078 1562 2135 caedem
1586 2080 1827 2147 corporis
1869 2087 1925 2133 et

340 2184 582 2225 causam.
615 2169 747 2224 Ecce
771 2171 932 2233 enim,
970 2172 1157 2240 inquit,
1187 2174 1359 2240 Agnus
1382 2172 1501 2237 Dei,
1533 2172 1619 2241 qui
1647 2171 1778 2224 tollit
1808 2187 1924 2241 pec-

342 2271 513 2315 catum
557 2264 732 2315 mundi
774 2261 953 2332 (Joan.
998 2264 1049 2317 1.
1092 2261 1220 2335 29);
1271 2274 1324 2317 et
1371 2264 1590 2318 Paulum
1634 2263 1918 2327 dicentem,

348 2352 486 2403 Eum
513 2393 527 2415 ,
562 2353 647 2420 qui
674 2369 774 2407 non
814 2364 1019 2408 noverat
1048 2368 1307 2424 peccatum
1330 2394 1345 2419 ,
1379 2370 1470 2422 pro
1498 2358 1639 2408 nobis
1665 2358 1780 2425 fecit
1810 2370 1923 2424 pec-

342 2450 513 2493 catum
532 2484 545 2506 ,
572 2450 629 2494 ut
657 2459 748 2497 nos
774 2445 1007 2512 fieremus
1036 2438 1131 2497 Dei
1167 2445 1368 2514 iustitia
1394 2446 1449 2498 in
1482 2447 1592 2514 ipso
1614 2443 1689 2513 (2.
1719 2444 1837 2500 Cor.
1865 2447 1919 2501 5.

262 2572 265 2573 ν
341 2533 437 2603 21)
473 2552 485 2587 :
513 2544 563 2588 et
597 2550 803 2601 rursus,
838 2536 1063 2589 Christus
1084 2552 1172 2589 nos
1197 2536 1402 2589 redemit
1430 2552 1462 2588 a
1486 2537 1751 2589 maledicto
1777 2538 1919 2606 legis,

348 2628 513 2687 factus
541 2640 633 2692 pro
661 2624 803 2676 nobis
826 2625 1149 2676 maledictum
1172 2623 1367 2691 (Galat.
1398 2624 1451 2679 3.
1477 2626 1564 2692 15)
1588 2642 1601 2687 ;
1632 2634 1686 2679 et
1714 2639 1917 2691 rursus,
1954 2692 1959 2697 ε

345 2711 657 2777 Exspatians
693 2713 1009 2781 principatus
1045 2722 1093 2765 et
1132 2721 1401 2780 potestates
1444 2714 1659 2767 traducit
1698 2712 1917 2783 (Coloss.

342 2803 401 2856 2.
432 2803 541 2871 {5),
566 2811 685 2856 acto
727 2803 798 2857 de
837 2804 917 2858 eis
944 2803 1254 2871 triumpho;
1287 2811 1341 2858 et
1365 2804 1467 2859 alia
1492 2804 1919 2871 innumerabilia,

339 2910 465 2963 qum
491 2894 791 2965 signiﬁcant
819 2912 881 2950 ea
911 2913 1029 2966 qua:
1056 2896 1189 2951 facta
1217 2905 1341 2951 sunt
1380 2897 1432 2951 in
1469 2897 1614 2953 cado
1654 2902 1917 2968 corporis,

342 2994 401 3039 et
424 2996 641 3054 propter
666 2996 847 3039 nostra
877 2995 1111 3055 peccata.
1152 2986 1265 3051 Ipse
1288 2987 1429 3043 enim
1460 2988 1621 3050 dicit,
1655 2986 1759 3041 Pro
1784 2989 1921 3043 vobis

344 3076 608 3141 sancti/ica
642 3076 886 3144 meipsum
915 3074 1092 3145 (Joan.
1125 3075 1211 3128 l7.
1238 3074 1362 3143 19);
1388 3087 1459 3137 et,
1498 3074 1742 3147 Princeps
1770 3077 1922 3149 hujus

342 3166 519 3217 mundi
542 3182 672 3219 nunc
712 3164 1073 3218 condemnatus
1109 3174 1179 3217 est
1219 3162 1328 3236 (Id.
1353 3164 1439 3219 16.
1468 3166 1577 3236 Η),
1613 3167 1919 3236 signiﬁcans

342 3271 405 3310 se
434 3256 597 3310 fuisse
624 3256 883 3321 occisum,
914 3272 1033 3310 cum
1060 3256 1263 3310 nullum
1294 3258 1512 3312 haberet
1536 3266 1831 3325 peccatum.
1862 3262 1912 3315 ι.

343 3347 413 3400 Et
449 3348 583 3417 quod
626 3349 850 3417 sepultth
890 3358 981 3402 est.
1026 3348 1137 3403 Hoc
1157 3363 1369 3418 quoque
1396 3348 1571 3418 priora
1598 3351 1919 3406 conﬁrmati

340 3453 468 3493 nam
496 3438 638 3508 quod
668 3440 957 3509 sepelitur,
986 3441 1204 3493 omnino
1244 3449 1327 3495 est
1364 3455 1575 3509 corpus.
1608 3442 1785 3498 Et’hic
1812 3458 1917 3499 non

338 3530 572 3599 amplius
600 3530 822 3593 addidit,
851 3529 1153 3585 Secundum
1186 3530 1486 3600 Scriptores
1518 3550 1531 3586 :
1561 3547 1683 3587 nam
1713 3544 1920 3603 poterat

339 3619 580 3687 quidem.
608 3618 699 3672 sed
730 3635 833 3672 non
854 3619 1017 3672 addit.
1046 3620 1441 3685 Quamobrem?
1476 3620 1565 3674 Vel
1594 3622 1714 3690 quia
1742 3625 1920 3690 sepqu

337 3724 490 3763 crum
522 3709 771 3763 omnibus
800 3709 1138 3764 manifestum
1164 3720 1218 3763 et
1244 3719 1367 3764 tunc
1395 3711 1493 3765 fuit
1532 3721 1585 3765 et
1624 3728 1763 3767 nunc
1789 3724 1867 3768 est
1899 3732 1912 3769 :

338 3801 423 3854 vel
453 3800 573 3869 quia
615 3801 667 3854 in
712 3801 979 3855 communi
1011 3801 1236 3869 positum
1279 3810 1361 3854 est
1408 3801 1571 3867 illud,
1624 3803 1915 3858 Secundum

340 3892 663 3958 Scripturas.
689 3891 792 3945 Cur
808 3907 936 3960 ergo
954 3891 1117 3953 addit,
1150 3891 1439 3945 Secundum
1468 3892 1780 3961 Scripturas,
1805 3894 1911 3961 hic,

342 3981 410 4034 Et
428 3982 563 4051 quod
584 3984 852 4035 resurrexit
881 3982 1026 4035 tertia
1051 3982 1131 4034 die
1166 3982 1440 4035 secundum
1482 3983 1776 4053 Scripturas
1798 4026 1814 4052 ,
1859 3996 1915 4040 et

337 4087 450 4124 non
500 4080 582 4126 est
625 4078 905 4126 contentus
952 4072 1043 4124 iIlo
1088 4071 1293 4139 priori,
1330 4074 1470 4142 quod
1506 4074 1705 4129 dictum
1737 4085 1821 4131 est
1860 4079 1911 4131 in

337 4162 608 4216 communi
632 4163 653 4213 ?
680 4162 812 4227 Quia
860 4162 959 4216 huc
992 4177 1203 4231 quoque
1232 4164 1411 4216 multis
1436 4172 1552 4216 erat
1576 4165 1831 4219 incertum
1857 4176 1914 4221 et

336 4256 657 4317 obscurum;
678 4254 796 4307 ideo
824 4254 909 4307 hic
933 4270 1145 4323 quoque
1170 4254 1469 4323 Scripturas
1485 4255 1721 4327 adjungit
1743 4258 1911 4326 inSpi-

337 4359 509 4410 ratus,
538 4360 590 4400 et
619 4347 715 4400 hac
752 4346 974 4413 sapienti
1006 4358 1060 4401 et
1089 4348 1263 4401 divina
1295 4358 1537 4415 suscepta
1569 4349 1906 4418 cogitatione.

335 4437 618 4505 Quomodo
645 4453 773 4507 ergo
801 4452 905 4491 non
932 4440 1091 4491 etiam
1124 4440 1173 4492 in
1204 4448 1375 4493 morte
1398 4438 1536 4493 idem
1571 4440 1729 4493 facit?
1768 4443 1910 4507 Qnov

340 4531 483 4583 niam
514 4531 617 4584 illic
642 4544 851 4598 quoque
894 4536 1025 4581 crux
1068 4529 1282 4595 quidem
1316 4528 1416 4584 fuit
1459 4531 1703 4585 omnibus
1743 4532 1910 4585 mani-

339 4620 497 4682 testa,
529 4632 583 4675 ct
605 4619 851 4675 omnibus
878 4619 1181 4674 videntibus
1205 4621 1351 4675 cruci
1372 4620 1468 4674 fuit
1488 4620 1679 4675 afﬁxus
1704 4640 1717 4687 ;
1749 4639 1903 4677 causa

337 4719 516 4764 autem
545 4726 648 4765 non
689 4711 835 4764 item.
870 4707 997 4760 Nam
1038 4708 1178 4776 quod
1220 4719 1455 4764 mortuus
1486 4711 1697 4779 quidem
1730 4714 1901 4775 luerit,

335 4801 611 4855 sciverunt
662 4814 882 4862 omnes;
934 4796 1073 4867 quod
1109 4808 1286 4863 autem
1334 4813 1431 4867 pro
1468 4802 1699 4868 peccatis
1746 4804 1905 4856 totius

336 4880 485 4945 orbis
532 4891 630 4942 hoc
678 4890 747 4941 sit
799 4901 1006 4957 passus,
1063 4900 1166 4939 non
1212 4886 1394 4941 itidem
1446 4890 1685 4944 sciebant
1728 4893 1901 4945 multi.

336 4982 621 5049 Propterea
650 4978 867 5031 adducit
912 4974 1276 5033 testimonium
1330 4992 1393 5031 ex
1440 4978 1749 5047 Scripturis.
1796 4983 1900 5038 Sed

335 5072 441 5125 hoc
466 5068 677 5132 quidem
739 5068 869 5120 satis
907 5078 989 5122 est
1015 5068 1433 5123 demonstratum
1464 5084 1559 5135 per
1581 5086 1642 5124 ea
1672 5112 1685 5131 .
1714 5088 1832 5141 qua:
1873 5089 1901 5127 a

334 5162 493 5215 nobis
530 5158 671 5212 dicta
715 5164 838 5211 sunt
878 5174 890 5209 :
947 5158 1033 5212 ubi
1061 5166 1238 5212 autem
1281 5156 1418 5226 quod
1450 5158 1519 5211 sit
1562 5162 1803 5230 sepultus
1849 5173 1904 5219 et

330 5252 475 5321 quod
519 5249 676 5303 tertio
716 5246 803 5300 die
828 5256 971 5301 esset
1016 5258 1412 5304 resurrecturus
1435 5287 1450 5311 ,
1477 5247 1724 5304 dixerunt
1760 5252 1901 5307 Scri-

332 5339 535 5406 ptum?
560 5339 659 5393 Per
684 5336 833 5392 Jonas
855 5333 1098 5403 ﬁguram,
1129 5352 1287 5405 quam
1313 5339 1426 5407 ipse
1450 5352 1661 5407 quoque
1686 5341 1899 5398 adducit

328 5429 513 5485 dicens
545 5448 558 5483 :
588 5428 735 5485 Sicut
778 5428 872 5497 fuit
892 5425 1055 5481 Jonas
1079 5428 1132 5481 in
1156 5441 1323 5483 ventre
1356 5433 1449 5484 ceti
1479 5440 1575 5484 tres
1596 5430 1703 5484 dies
1729 5442 1777 5485 et
1799 5443 1898 5491 tres

330 5529 497 5574 noctes
523 5537 541 5573 :
568 5522 638 5574 ita
663 5521 756 5574 erit
776 5523 931 5575 etiam
949 5518 1111 5575 Filius
1132 5520 1349 5574 hominis
1374 5524 1425 5575 in
1452 5523 1602 5576 corde
1627 5532 1774 5576 terra
1797 5534 1895 5580 tres

329 5608 435 5659 dies
480 5620 528 5661 et
575 5620 676 5664 ms
715 5621 883 5665 noctes
932 5608 1138 5679 (Matth.
1171 5609 1254 5663 12.
1284 5611 1395 5681 ιο).
1427 5614 1529 5668 Per
1573 5614 1759 5668 rubum
1789 5618 1891 5685 qui

323 5708 442 5753 erat
480 5700 533 5755 in
556 5700 771 5757 deserto
799 5700 989 5778 (Exod.
1016 5702 1085 5770 5)
1114 5718 1127 5753 ε
1157 5702 1601 5771 quemadmodum
1630 5706 1770 5760 enim
1802 5708 1893 5762 ille

683 5792 950 5854 Panos.
991 5798 1105 5856 lin.
1157 5802 1312 5861 LM.

1319 333 1385 388 IN
1424 332 1637 389 EPIST.
1680 332 1697 385 I
1764 329 1854 383 AD
1890 327 2048 383 (10R.
2094 324 2323 380 HOMIL.
2368 326 2663 382 XXXVIII.

3501 335 3604 391 526

2031 439 2252 495 ardebat
2281 449 2333 496 et
2359 456 2463 494 non
2492 438 2930 508 comburebatur,
2963 443 3031 497 ita
3054 445 3211 499 etiam
3243 461 3437 520 corpus
3468 453 3611 508 illius

2029 540 2295 584 mortuum
2341 531 2554 601 quidem
2611 532 2724 596 fuit,
2777 547 2882 586 non
2913 533 3187 590 detentum
3233 543 3537 599 autcmfoit
3580 563 3606 598 Α

2028 630 2200 675 morte
2224 631 2500 691 perpetuo.
2538 622 2707 677 Draco
2735 623 2859 678 item
2886 626 2975 694 qui
3021 626 3116 680 iuit
3143 636 3382 698 tempore
3410 631 3609 696 Danie-

2027 710 2091 764 Iis
2119 710 2294 782 (Dan.
2319 712 2405 785 14)
2436 715 2535 769 hoc
2564 724 2722 771 taette
2748 717 3029 786 signiﬁcat.
3064 718 3195 774 Nam
3224 730 3361 778 sicut
3391 724 3481 782 ille
3510 742 3606 783 ac-

2028 810 2184 871 cepto
2212 804 2574 869 nutrimento,
2600 804 2742 873 quod
2786 806 2931 862 dedit
2976 820 3233 879 propheta
3255 854 3270 877 ,
3314 826 3500 884 ruptus
3522 830 3610 875 est

2028 894 2276 949 medius:
2307 895 2377 947 ita
2403 896 2564 949 etiam
2616 896 2878 961 infernus,
2923 900 3179 955 devorato
3224 902 3315 960 illo
3358 921 3604 977 corpore,

2030 984 2129 1038 luit
2156 985 2433 1047 discissus,
2462 1002 2582 1040 cum
2616 993 2779 1056 ipsius
2804 1004 2998 1059 corpus
3024 1005 3264 1051 ventrem
3296 998 3415 1067 ejus
3441 1002 3608 1058 disse-

2028 1076 2246 1141 cuisset,
2274 1084 2327 1131 et
2355 1078 2698 1131 surrexisset.
2729 1079 2781 1139 Si
2806 1088 2981 1133 autem
3007 1080 3121 1137 hinc
3144 1087 3304 1140 etiam
3328 1100 3405 1143 vts
3428 1093 3606 1147 verbis

2028 1163 2214 1219 audire
2240 1207 2254 1231 ,
2288 1182 2406 1234 quae
2434 1166 2607 1221 vidisti
2640 1183 2732 1236 per
2762 1170 2956 1239 ﬁguras
2982 1212 2996 1236 ,
3044 1174 3165 1226 auidi
3198 1174 3386 1232 lsaiam
3425 1179 3609 1236 dicen-

2029 1264 2137 1309 tem
2169 1274 2183 1311 :
2214 1255 2429 1310 Tollitur
2449 1275 2475 1311 e
2496 1268 2629 1311 terra
2657 1260 2755 1311 vita
2778 1262 2886 1329 ejus
2911 1276 2928 1313 :
2953 1270 3005 1315 et
3032 1302 3043 1325 ,
3086 1260 3336 1318 Dominus
3361 1272 3464 1322 vult
3491 1288 3602 1325 eum

2028 1345 2275 1399 mundare
2313 1362 2344 1399 a
2382 1347 2531 1417 plaga
2553 1347 2651 1410 .‘ut
2678 1350 2909 1403 ostendat
2945 1352 3023 1405 illi
3053 1352 3220 1407 lumen
3248 1353 3398 1425 (Isai.
3422 1359 3512 1414 53.
3546 1362 3605 1416 8.

2030 1436 2158 1506 10);
2195 1449 2250 1491 et
2289 1439 2454 1493 David
2498 1451 2621 1496 ante
2672 1442 2816 1496 illum
2839 1484 2853 1507 ,
2887 1442 3007 1497 Non
3036 1444 3351 1517 derelinques
3382 1452 3605 1505 animum

2029 1543 2190 1580 meam
2213 1529 2267 1580 in
2294 1529 2513 1596 inferno,
2543 1547 2701 1599 neque
2725 1534 2867 1588 dabis
2885 1548 3113 1590 sanctum
3133 1547 3274 1592 tuum
3303 1540 3471 1597 uidere
3492 1561 3606 1599 cor-

2027 1618 2311 1685 ruptionem
2333 1616 2505 1689 (Psat.
2524 1620 2609 1673 I5.
2636 1620 2751 1689 10).
2774 1622 3064 1692 Propterea
3095 1637 3146 1682 te
3173 1645 3385 1700 quoque
3411 1633 3607 1689 Paulus

2030 1706 2339 1760 transmittit
2381 1707 2448 1761 ad
2493 1708 2836 1779 Scripturas,
2882 1722 2937 1767 ut
2965 1716 3103 1771 scias
3133 1716 3246 1772 haec
3289 1736 3394 1774 non
3443 1722 3606 1778 luiSse

2027 1795 2161 1851 facta
2188 1806 2389 1854 temere
2417 1811 2471 1854 et
2500 1802 2595 1856 abs
2625 1818 2703 1857 re.
2739 1803 3016 1869 Quomodo
3038 1809 3202 1874 enim,
3226 1825 3345 1865 cum
3376 1822 3451 1868 tot
3481 1832 3606 1885 pro-

2028 1890 2203 1957 phetze
2256 1905 2317 1944 ea
2377 1892 2521 1958 prius
2573 1893 2881 1948 describunt
2934 1906 2988 1951 et
3038 1902 3396 1967 proclament,
3458 1908 3601 1975 quod

2026 1979 2293 2052 Scriptura
2319 1999 2574 2053 nusquam
2602 1986 2742 2039 dicat
2772 1999 2995 2043 mortem
3022 1994 3242 2059 peccati,
3275 1998 3601 2052 mentionem

2027 2070 2228 2126 faciens
2254 2075 2441 2128 mortis
2471 2075 2700 2141 Domini,
2726 2078 2818 2131 sed
2842 2082 3174 2148 corporalem
3200 2097 3252 2138 et
3273 2087 3601 2155 sepultoram

2026 2169 2080 2215 et
2107 2164 2265 2217 talem
2298 2168 2739 2222 resurrectionem
2763 2169 2787 2220 ‘I
2813 2170 2864 2223 5.
2900 2169 2961 2223 Ει
2988 2173 3125 2240 quod
3148 2175 3285 2229 visus
3306 2188 3378 2231 est
3394 2180 3599 2249 Cephaz.

2026 2251 2158 2305 Eum
2190 2256 2367 2308 statim
2391 2258 2560 2325 ponit,
2594 2263 2682 2328 qui
2721 2271 2804 2315 est
2834 2264 3069 2317 oniuium
3104 2264 3205 2321 Iide
3235 2267 3600 2339 dignissimus.

2028 2342 2094 2395 Et
2122 2354 2233 2413 post
2259 2344 2353 2398 hoc
2379 2347 2641 2402 duodecim
2680 2366 2698 2404 :
2736 2351 2791 2406 6.
2817 2354 2997 2409 deinde
3030 2358 3166 2411 visus
3195 2368 3267 2413 est
3302 2361 3416 2429 plus
3450 2380 3602 2431 quam

2026 2436 2306 2507 quingentis
2331 2438 2571 2507 fratribus
2593 2441 2764 2503 simul,
2786 2460 2849 2497 ex
2866 2447 3046 2512 quibus
3064 2451 3211 2503 multi
3226 2465 3426 2507 manent
3447 2473 3602 2527 usque

2026 2526 2192 2579 adhuc
2216 2569 2230 2596 ,
2257 2528 2463 2598 quidam
2490 2541 2657 2584 autem
2698 2533 3009 2589 dormierunt
3036 2553 3055 2591 :
3087 2539 3137 2591 7.
3164 2543 3343 2597 deinde
3375 2546 3505 2599 visus
3522 2526 3601 2601 est

2023 2615 2236 2685 Jacobo,
2266 2619 2447 2676 deinde
2471 2626 2714 2692 apostolis
2750 2628 2981 2683 omnibus
3006 2646 3023 2683 :
3050 2630 3102 2685 8.
3145 2635 3405 2690 novissime
3433 2647 3599 2692 autem

2024 2710 2247 2762 omnium
2274 2720 2527 2781 tamquam
2552 2714 2777 2770 abortivo
2802 2720 2937 2773 visus
2964 2730 3035 2775 est
3057 2735 3106 2775 et
3139 2724 3283 2777 mihi.
3312 2726 3597 2797 Postquam

2024 2798 2165 2852 enim
2189 2799 2333 2853 illam
2363 2817 2428 2854 ex
2468 2802 2758 2871 Scripturis
2796 2808 3032 2863 ostendit
3065 2812 3598 2886 demonstrationem,

2023 2904 2141 2945 eam
2172 2891 2333 2945 etiam
2363 2893 2510 2949 addit
2538 2910 2657 2966 qua:
2688 2913 2784 2966 per
2809 2915 2895 2954 res
2922 2898 2998 2962 fit,
3025 2910 3193 2959 testes
3212 2906 3487 2965 adducens
3512 2927 3600 2966 re-

2022 2982 2371 3038 surrectionis
2392 2994 2512 3053 post
2536 2987 2821 3055 prophetas
2840 2994 3113 3061 apostolos
3129 3005 3182 3050 et
3198 2997 3331 3053 alios
3355 3000 3597 3059 homines
3647 3016 3651 3020 ‘

2022 3070 2226 3126 ﬁdeles.
2250 3073 2307 3127 Si
2350 3086 2528 3131 autem
2566 3079 2707 3133 illam
2750 3086 3199 3143 resurrectionem
3237 3086 3456 3148 dixisset
3480 3111 3602 3151 esse

2022 3173 2050 3214 a
2073 3172 2292 3231 peccato
2308 3165 2699 3233 liberationem,
2719 3184 3168 3239 supervacaneum
3188 3177 3378 3236 luisset
3396 3184 3596 3250 dicere,

2023 3251 2183 3308 Visus
2208 3264 2290 3308 est
2321 3254 2442 3310 huic
2483 3265 2534 3311 et
2575 3258 2671 3312 illi.
2706 3260 2817 3315 lloc
2844 3264 2987 3318 enim
3016 3273 3098 3320 est
3117 3268 3233 3338 ejus
3262 3272 3349 3340 qui
3382 3272 3504 3329 iacit
3533 3278 3597 3330 ti-

2022 3342 2145 3398 dem
2176 3350 2585 3404 resurrectionis
2610 3354 2871 3421 corporis,
2906 3370 3008 3411 non
3038 3358 3154 3427 ejus
3178 3362 3266 3431 qui
3298 3364 3600 3421 subindicat

2022 3434 2392 3492 liberationem
2421 3456 2449 3493 a
2482 3444 2731 3509 peccatis.

2091 3531 2145 3582 4.
2188 3527 2472 3598 Propterea
2524 3547 2697 3603 neque
2749 3537 2911 3591 semel
2954 3537 3088 3593 dixit
3122 3538 3270 3606 illud,
3315 3542 3459 3598 Visus
3492 3558 3588 3611 est,

2022 3631 2341 3686 quamquam
2365 3621 2416 3675 id
2435 3622 2975 3680 suﬂ‘ecissetdictione
3007 3629 3057 3681 in
3088 3634 3353 3685 communi
3379 3636 3544 3701 posita
3583 3658 3594 3691 :

2022 3722 2162 3760 nunc
2187 3716 2363 3761 autem
2391 3721 2442 3763 et
2475 3710 2552 3765 bis
2574 3721 2627 3771 et
2656 3722 2737 3769 ter
2762 3730 2879 3770 eam
2911 3719 3084 3787 ponit,
3117 3724 3245 3775 etin
3278 3740 3598 3797 unoquoque
3630 3736 3631 3739 “

2020 3796 2132 3850 fere
2155 3813 2339 3852 eorum
2379 3803 2466 3870 qui
2498 3803 2759 3859 viderunt.
2799 3805 2946 3862 Visus
2988 3818 3058 3862 est
3086 3812 3247 3873 enim,
3280 3819 3465 3881 inquit,
3500 3796 3595 3874 tie-

2021 3887 2135 3953 pha.’
2151 3905 2168 3949 ,'
2192 3889 2324 3943 uisus
2344 3901 2418 3943 est
2444 3893 2710 3961 plusquam
2736 3898 3018 3969 quingentis
3041 3904 3317 3971 fratribus;
3364 3910 3496 3963 visus
3525 3924 3599 3965 cst

2018 3986 2066 4029 et
2092 3979 2233 4032 mihi.
2290 3982 2447 4050 Atqui
2504 3984 2846 4055 Evangelium
2892 3990 3018 4045 dicit
3058 4000 3402 4064 contrarium,
3454 4007 3593 4071 quod

2017 4072 2163 4124 visus
2191 4072 2258 4125 sit
2280 4073 2505 4141 primum
2537 4076 2733 4131 Maria).
2761 4079 2865 4135 Sed
2898 4082 3035 4137 inter
3052 4084 3193 4139 viros
3221 4086 3342 4143 huic
3366 4094 3591 4158 primum

2016 4171 2097 4215 est
2125 4164 2265 4215 visus
2287 4166 2372 4231 qui
2402 4167 2630 4219 maxime
2656 4183 2777 4221 cum
2806 4172 3053 4238 cupiebat
3083 4175 3284 4230 videre.
3323 4180 3590 4245 Quosnam

2016 4261 2190 4304 autem
2216 4253 2298 4306 hic
2318 4253 2443 4306 dicit
2465 4255 2742 4310 duodecim
2764 4261 3075 4327 apostolos?
3102 4280 3223 4319 nam
3250 4279 3368 4336 post
3388 4286 3591 4326 assum-

2016 4343 2249 4410 ptionem
2275 4346 2324 4397 in
2349 4361 2530 4399 eorum
2560 4365 2836 4405 numerum
2857 4354 3053 4408 relatus
3075 4354 3170 4410 fuit
3198 4358 3461 4427 Matthias,
3486 4381 3588 4419 non

2015 4436 2193 4488 statim
2246 4446 2362 4504 post
2394 4442 2861 4497 resurrectionem.
2896 4444 2999 4500 Sed
3031 4455 3111 4501 est
3141 4451 3429 4508 verisimile
3467 4472 3587 4511 eum

2017 4522 2178 4579 fuisse
2206 4527 2374 4580 visum
2392 4529 2555 4581 ctiam
2590 4541 2709 4597 post
2733 4541 3172 4604 assumptionem.
3209 4540 3305 4596 ilic
3332 4544 3446 4613 ipse
3474 4548 3591 4616 quia

2014 4617 2133 4671 dem
2162 4629 2307 4674 certe
2335 4620 2606 4689 apostolus
2647 4632 2763 4689 post
2803 4630 3219 4694 assumptionem
3267 4643 3321 4685 et
3369 4646 3586 4692 vocatus

2012 4707 2133 4773 fuit,
2165 4718 2220 4763 et
2264 4712 2432 4777 ipsum
2464 4712 2627 4765 vidit.’
2658 4713 2939 4782 Propterea
2972 4732 3143 4786 neque
3170 4724 3317 4789 ponit
3346 4731 3582 4795 tempus,

2013 4800 2106 4853 sed
2135 4800 2379 4855 absolute
2401 4813 2453 4855 et
2480 4804 2751 4859 indefinite
2782 4817 3022 4860 retenset
3044 4808 3272 4865 visiones
3306 4832 3319 4866 :
3352 4832 3470 4868 nam
3494 4834 3579 4873 ve-

2014 4892 2233 4947 risimile
2263 4901 2342 4945 est
2369 4895 2560 4947 multas
2588 4895 2771 4950 fuisse.
2804 4896 2926 4952 Ideo
2954 4899 3185 4955 Joannes
3202 4918 3411 4971 quoque
3430 4907 3578 4972 dixit,

2013 4985 2192 5038 Tertio
2216 4984 2323 5053 jam
2352 4985 2705 5039 tuaniiestavit
2734 4989 2986 5056 seipsnm.
3015 4990 3211 5044 Deinde
3241 5002 3369 5047 visus
3399 5008 3471 5049 est
3493 5016 3582 5052 su-

2013 5093 2104 5145 pra
2124 5076 2405 5146 quingentis
2430 5076 2671 5144 fratribus
2699 5076 2887 5141 (Joan.
2919 5079 3009 5132 2|.
3070 5083 3089 5134 I
3118 5080 3158 5151 ).
3215 5084 3387 5153 Aliqui
3420 5088 3545 5143 illud
3567 5131 3582 5153 ,

2012 5166 2394 5237 Supra,dicunt
2415 5183 2533 5221 esse
2554 5181 2709 5235 supra
2732 5183 2762 5221 e
2790 5168 2954 5225 caelis.
2981 5169 3095 5223 Non
3118 5174 3259 5227 enim
3282 5190 3438 5245 supra
3470 5188 3583 5230 ter-

2009 5275 2125 5314 ram
2158 5261 2425 5327 gradiens,
2454 5260 2544 5314 sed
2578 5275 2808 5328 superne
2830 5270 2882 5313 et
2924 5275 3080 5331 supra
3112 5274 3267 5331 caput
3318 5268 3392 5319 eis
3435 5264 3579 5322 visus

2006 5360 2106 5403 est.
2146 5349 2258 5403 Neu
2299 5349 2470 5403 solum
2510 5352 2649 5403 enim
2682 5350 2893 5404 volebat
2936 5348 3109 5405 facere
3142 5351 3295 5406 Iidem
3333 5368 3575 5412 resurre-

2006 5442 2187 5506 ctioni,
2214 5440 2305 5495 sed
2332 5445 2492 5495 etiam
2524 5441 2893 5510 assumptioni.
2938 5438 3158 5508 Quidam
3186 5454 3363 5499 autem
3411 5442 3571 5515 illud,

2005 5533 2178 5601 Supra
2200 5531 2500 5601 quingentis,
2528 5531 2709 5585 dicunt
2730 5530 3002 5601 plusquam
3023 5534 3343 5603 quingentis.
3367 5522 3448 5590 Ex
3470 5544 3573 5605 qui-

2003 5625 2093 5677 bus
2114 5621 2259 5675 multi
2284 5633 2483 5677 manent
2511 5638 2662 5690 usque
2684 5621 2870 5674 adhuc.
2894 5621 3021 5676 Nam
3044 5626 3163 5685 etsi,
3190 5622 3378 5692 inquit,
3411 5638 3570 5677 narro

2004 5729 2091 5768 res
2143 5713 2407 5781 antiquas,
2451 5712 2620 5766 habeo
2673 5722 2847 5766 tamen
2894 5720 3056 5767 testes
3085 5711 3258 5766 adhuc
3306 5712 3564 5771 viventes.

3183 5810 3254 5870 2t
