4066 6348
606 358 670 413 ῒιὲ
682 360 711 413 Ἰ

593 476 816 543 Quidam
844 483 1006 527 mitem
1037 473 1370 527 dormierunt.
1411 471 1529 526 Non
1573 471 1727 532 dixit,
1776 469 1968 523 Βίου-ιιιὶ
2010 475 2169 528 sunt;

593 574 710 630 sed,
733 566 1075 627 Donnimmt,
1123 563 1223 617 hac
1257 577 1471 631 quoque
1494 562 1727 615 dictiOne
1759 574 1944 613 rursus
1970 557 2170 612 conllr-

594 672 745 711 mans
775 656 1248 711 resurrectionem.
1295 652 1488 705 Deinde
1526 654 1660 706 visus
1687 661 1759 705 est
1787 649 1999 703 Jacobo.
2047 648 2170 701 Mihi

590 751 805 807 videtur
832 751 1029 813 dicere,
1061 750 1207 803 fratri
1237 763 1367 802 suo:
1388 749 1501 816 ipse
1520 747 1661 800 enim
1678 745 1872 799 dicitur
1888 746 1933 797 ei
1958 757 2170 796 manuin

592 841 911 911 imposuisse
934 855 999 895 ac
1018 843 1189 903 ipsum
1215 837 1511 900 ordinasse,
1535 845 1590 890 et
1615 836 1840 905 primum
1864 835 2171 902 episcopum

589 935 783 989 fecisse
806 932 1178 1003 Jerosolymis.
1215 929 1413 985 Deinde
1446 931 1687 1001 apostolis
1731 929 1977 981 omnibus.
2011 928 2175 981 Erant

590 1028 733 1079 enim
764 1026 925 1079 etiam
974 1022 1063 1076 alii
1093 1023 1343 1090 apostoli,
1390 1032 1449 1075 ut
1499 1019 1856 1088 septuaginta.
1892 1016 2177 1071 Novissime

589 1128 758 1170 autem
776 1117 1001 1169 omnium
1021 1125 1275 1185 tamquam
1291 1114 1449 1168 alicui
1465 1095 1845 1167 abortioooiaus
1865 1121 1936 1165 est
1956 1121 2003 1162 et
2029 1110 2171 1163 mihi.

586 1207 704 1261 Hoc
734 1206 952 1260 verbum
986 1206 1300 1259 modestiam
1332 1203 1488 1258 valde
1516 1202 1673 1270 sapit.
1710 1200 1823 1253 Non
1874 1201 2015 1252 enim
2044 1214 2174 1267 quo-

584 1299 733 1350 niam
762 1304 880 1351 erat
909 1298 1180 1357 mittimus,
1215 1303 1497 1363 propterea
1527 1302 1647 1359 post
1666 1290 1799 1343 alios
1826 1290 1874 1343 ei
1899 1290 2043 1341 visus
2071 1299 2173 1341 est.

590 1387 721 1441 Nam
751 1387 961 1442 etiamsi
1006 1402 1068 1441 se
1096 1385 1303 1439 vocavit
1342 1383 1610 1444 ultimum,
1638 1380 1797 1449 longe
1829 1380 1893 1431 iis
1935 1383 2023 1447 qui
2051 1387 2174 1430 ante

587 1479 762 1547 ipsum
791 1480 1023 1539 fuerunt,
1048 1474 1131 1529 vel
1155 1475 1327 1543 potius
1350 1472 1599 1526 omnibus
1619 1472 1761 1523 visus
1776 1479 1857 1523 est
1880 1467 2133 1523 illustrior
2158 1484 2170 1519 :

587 1584 690 1624 nec
717 1567 991 1638 quingenti
1023 1565 1215 1619 fratres
1243 1562 1445 1619 Jacobo
1480 1564 1693 1615 fuerunt
1737 1560 2005 1624 meliores,
2035 1572 2171 1627 quo-

586 1661 731 1715 niam
763 1668 889 1712 ante
918 1656 1064 1710 illum
1094 1656 1171 1709 eis
1201 1654 1345 1708 visus
1365 1662 1465 1707 est.
1509 1653 1572 1704 Et
1591 1667 1688 1705 cur
1714 1665 1817 1702 non
1842 1648 1999 1703 simul
2028 1648 2174 1700 visus

588 1762 672 1807 ist
698 1749 988 1805 omnibus?
1010 1748 1079 1804 Ut
1108 1747 1228 1802 lidci
1256 1746 1459 1802 semina
1488 1744 1634 1813 prius
1669 1742 1892 1811 jaceret.
1923 1739 2054 1793 Nam
2084 1742 2172 1805 qui

584 1844 734 1912 prior
765 1841 914 1905 vidit,
947 1850 1001 1895 et
1025 1849 1212 1893 exacte
1239 1836 1414 1892 iactus
1437 1846 1520 1889 cst
1558 1835 1776 1895 certior,
1822 1831 1942 1884 aliis
1967 1844 2175 1882 annun-

584 1933 791 1987 tiabat:
818 1931 1014 1986 deinde
1054 1943 1232 1983 sermo
1279 1926 1614 1996 praeveniens
1643 1918 2003 1976 constituebat
2051 1932 2173 1971 eum

586 2024 674 2091 qui
708 2020 980 2086 audiebat,
1007 2020 1057 2072 in
1089 2033 1277 2088 magna
1305 2017 1465 2084 hujus
1490 2011 1733 2068 miraculi
1753 2010 2171 2080 exspectatione,

587 2123 639 2166 et
665 2113 805 2166 viam
836 2110 1112 2165 muniebat
1140 2110 1205 2164 ad
1232 2107 1391 2163 Iidem
1420 2115 1546 2159 ante
1576 2104 1855 2158 visionem.
1886 2102 2173 2170 Propterea

588 2216 761 2271 neque
786 2200 941 2255 simul
960 2200 1105 2253 visus
1126 2210 1208 2252 est
1233 2196 1504 2257 omnibus,
1529 2208 1699 2262 neque
1723 2192 1772 2245 in
1796 2192 1945 2245 initio
1971 2189 2171 2255 multis,

588 2294 683 2349 sed
714 2294 801 2347 uni
826 2293 923 2348 soli
950 2294 1199 2360 primum,
1217 2290 1374 2358 eique
1393 2288 1629 2341 omnium
1645 2284 1930 2356 coryplnno
1958 2292 2012 2337 et
2040 2281 2171 2336 lide-

584 2383 817 2438 iissimo.
852 2382 1185 2437 Fidelissima
1218 2379 1361 2433 enim
1412 2377 1643 2431 maxime
1670 2378 1844 2430 anima
1874 2388 2008 2444 opus
2037 2381 2171 2435 erat,

586 2489 705 2541 qua:
733 2474 899 2543 prima
931 2472 1068 2526 hanc
1090 2472 1352 2539 acciperet
1378 2468 1659 2523 visionem.
1688 2466 1819 2520 Nam
1842 2466 1929 2534 qui
1953 2463 2172 2530 aspicio-

587 2568 715 2622 bant
745 2576 1024 2637 postquam
1052 2566 1140 2619 alii
1170 2565 1431 2621 vidissent
1476 2572 1529 2617 et
1572 2562 1641 2613 ab
1680 2560 1810 2629 ipsis
1839 2557 2135 2610 audiissent
2157 2595 2170 2617 ,

590 2656 858 2712 habebant
884 2658 1095 2710 illorum
1126 2656 1509 2714 testimonium,
1535 2665 1640 2704 non
1676 2662 1861 2717 parum
1892 2643 2174 2700 conferens

570 2748 655 2801 ad
685 2747 841 2801 fidem
874 2746 1189 2809 faciendam,
1215 2752 1269 2797 et
1306 2756 1625 2811 praeparans
1650 2755 1834 2795 eorum
1888 2746 2121 2793 mentem
2155 2752 2168 2787 :

592 2838 677 2905 qui
704 2846 879 2891 autem
904 2838 1106 2906 primus
1132 2835 1322 2903 dignus
1344 2844 1426 2889 est
1456 2833 1668 2887 habitus
1692 2833 1781 2901 qui
1803 2847 1923 2885 cum
1948 2830 2168 2894 videret,

593 2944 800 2999 magna,
838 2928 973 2980 sicut
1004 2939 1159 2980 antea
1205 2925 1333 2989 dixi,
1384 2925 1485 2978 lide
1516 2937 1649 2992 opus
1680 2916 1946 2984 habebat,
1981 2935 2046 2974 ne
2075 2920 2169 2971 ad-

593 3022 844 3087 mirabili,
872 3034 926 3074 et
953 3020 1094 3088 quod
1125 3034 1340 3071 otnucnt
1363 3028 1579 3085 superat
1600 3018 1927 3085 opinionem,
1953 3024 2171 3085 contur-

594 3116 809 3167 haretur
836 3111 1161 3181 spectaculo.
1192 3108 1479 3177 Propterea
1512 3107 1737 3175 primum
1756 3114 1970 3175 apparet
1992 3103 2169 3157 Petro.

591 3203 719 3256 Nam
752 3204 840 3271 qui
870 3201 1077 3271 primus
1105 3198 1375 3254 Christum
1424 3206 1504 3251 est
1549 3196 1843 3260 confessus,
1867 3194 1987 3263 jure
2013 3194 2170 3248 etiam

591 3296 885 3362 dignusest
904 3292 1115 3345 habitus
1143 3290 1231 3358 qui
1258 3290 1458 3357 primus
1478 3287 1683 3341 videret
1707 3285 2168 3340 resurrectionem.

588 3384 705 3438 Non
740 3391 954 3450 propter
988 3381 1089 3433 hoc
1104 3390 1291 3431 autem
1323 3384 1544 3445 apparet
1576 3375 1672 3429 soli
1693 3374 1854 3429 Petro
1878 3414 1893 3437 ,
1924 3373 2015 3427 sed
2038 3387 2171 3441 quo-

594 3472 733 3526 niam
761 3483 814 3526 et
843 3473 1011 3541 ipsum
1045 3477 1349 3538 negaverat,
1381 3483 1442 3521 ex
1472 3465 1793 3519 abundantia
1824 3479 1946 3518 eum
1974 3477 2167 3517 conso-

595 3569 707 3618 lans
733 3574 787 3618 et
812 3564 1098 3618 ostendens
1120 3578 1223 3614 non
1255 3574 1375 3613 esse
1401 3558 1669 3626 repulsum
1690 3599 1704 3623 ,
1732 3566 1855 3611 ante
1880 3556 2017 3609 alios
2046 3569 2168 3606 eum

594 3660 693 3711 hac
716 3658 962 3725 dignatus
985 3664 1068 3707 est
1094 3652 1318 3714 visione,
1353 3660 1400 3703 et
1433 3649 1604 3717 primo
1624 3662 1752 3702 oves
1782 3646 2015 3700 tradidit.
2046 3646 2174 3699 Pro-

516 3784 519 3787 »
590 3760 772 3818 plet-ea
800 3748 959 3801 etiam
1009 3746 1196 3815 primis
1229 3744 1373 3798 visus
1401 3751 1483 3796 est
1527 3740 1856 3795 mulieribus.
1912 3740 2173 3807 Quoniam

596 3839 816 3891 minoris
846 3837 1166 3891 conditionis
1196 3843 1311 3889 erat
1341 3834 1426 3887 hic
1452 3846 1629 3893 sexus,
1666 3842 1943 3901 propterea
1984 3830 2175 3885 mulier

594 3929 721 3983 etin
743 3928 858 3995 ejus
889 3937 1006 3980 ortu
1038 3934 1089 3979 et
1120 3931 1171 3978 in
1218 3923 1611 3978 resurrectiOne
1650 3921 1816 3989 prima
1847 3923 2006 3973 sentit
2056 3935 2176 3989 gra-

598 4024 744 4072 tiam.
778 4019 899 4071 Post
931 4017 1144 4071 Pelrum
1173 4025 1348 4068 autem
1382 4024 1431 4067 et
1457 4013 1683 4081 sparsim
1712 4012 1995 4081 unicuique
2014 4026 2175 4080 appa—

596 4118 713 4174 ret;
770 4117 823 4162 et
866 4106 1153 4175 aliquando
1202 4102 1413 4173 quidem
1467 4102 1840 4172 paucioribus,
1890 4101 2175 4170 aliquando

595 4206 772 4252 autem
800 4196 1060 4265 pluribus,
1108 4194 1255 4264 ipsos
1295 4193 1433 4247 inter
1462 4205 1520 4245 se
1568 4200 1729 4244 testes
1770 4200 1823 4243 et
1849 4191 2095 4245 doctores
2121 4190 2174 4246 in

598 4290 698 4341 hoc
724 4287 943 4349 faciens,
997 4293 1051 4338 et
1100 4283 1370 4354 apostolos
1402 4281 1630 4336 reddens
1676 4281 1779 4336 [ide
1804 4281 1993 4349 dignos
2024 4282 2075 4335 in
2113 4282 2177 4335 iis

594 4394 713 4447 quae
739 4376 1003 4430 dicebant.
1032 4373 1315 4428 Novissima
1342 4383 1508 4426 autem
1539 4372 1762 4425 omnium
1790 4382 2043 4442 tamquam
2070 4374 2175 4425 cui-

597 4471 713 4523 dam
734 4468 957 4521 abortivo
977 4468 1111 4521 visus
1136 4474 1209 4520 est
1251 4465 1392 4517 mihi.
1414 4464 1550 4531 Quid
1576 4464 1673 4517 sibi
1705 4464 1889 4517 volunt
1933 4464 2015 4517 hic
2063 4463 2175 4517 hrec

598 4559 759 4615 verba
784 4557 1117 4620 humilitatis,
1142 4564 1232 4608 aut
1260 4570 1543 4625 quamnam
1574 4554 1772 4611 habent
1801 4554 2175 4607 occasionem?

597 4651 727 4703 Nam
753 4650 797 4702 si
830 4648 939 4700 vult
964 4662 1022 4699 se
1046 4661 1165 4700 esse
1187 4644 1288 4698 ﬁde
1311 4643 1527 4713 dignum
1550 4653 1603 4697 et
1633 4645 1865 4714 seipsum
1895 4642 2091 4698 referre
2123 4644 2174 4697 in

600 4756 877 4795 numerum
899 4740 1108 4792 testium
1126 4735 1551 4801 resurrectionis,
1575 4736 1897 4791 contrarium
1923 4735 2047 4790 facit
2061 4735 2175 4804 ejus

596 4829 740 4898 quod
756 4830 965 4881 volehat
987 4845 1000 4879 :
1018 4827 1441 4896 oporteretenim
1456 4840 1513 4880 se
1530 4826 1808 4892 extollere,
1824 4834 1878 4881 et
1892 4827 2177 4880 ostendere

597 4937 719 4975 esse
749 4932 1019 4987 magnum,
1049 4916 1188 4985 quod
1216 4930 1358 4983 stupe
1388 4915 1513 4967 facit
1531 4929 1652 4969 cum
1686 4924 1894 4983 tempus
1924 4914 2171 4981 postulat.

601 5016 887 5081 Propterea
919 5008 1059 5063 enim
1121 5006 1205 5059 hic
1242 5019 1450 5081 quoque
1488 5002 1726 5056 modeste
1764 5003 2013 5068 loquitur,
2045 5018 2173 5072 quo-

599 5074 860 5155 niamhoc
881 5111 991 5153 erat
1013 5098 1279 5159 tacturus;
1302 5095 1393 5150 sed
1417 5074 1520 5147 iton
1540 5093 1741 5159 statim,
1766 5108 1949 5148 verum
1971 5109 2091 5147 cum
2112 5109 2175 5150 ea

600 5208 701 5258 qua
726 5205 820 5260 par
844 5198 926 5242 est
953 5190 1253 5257 prudentia.
1282 5187 1415 5240 Nam
1439 5202 1559 5240 cum
1592 5185 1739 5255 prius
1766 5184 2006 5241 modeste
2032 5199 2178 5243 esset

599 5286 871 5351 loquutus,
898 5287 954 5331 et
977 5279 1028 5331 in
1058 5294 1116 5333 se
1147 5279 1342 5331 multas
1372 5276 1729 5343 congessisset
1752 5278 2172 5344 criminationes,

597 5385 724 5426 tunc
752 5385 838 5425 res
863 5383 988 5423 suas
1023 5370 1326 5435 ampliﬁcat.
1368 5366 1582 5433 Quare?
1627 5365 1695 5421 Ut
1747 5381 1868 5421 cum
1925 5384 2172 5439 maguum

600 5462 871 5530 quidpiam
901 5469 955 5515 et
982 5459 1210 5511 sublime
1238 5458 1305 5513 de
1336 5472 1392 5511 se
1422 5457 1671 5525 loquutus
1714 5454 1891 5517 fuerit,
1923 5467 1983 5512 ut
2022 5459 2171 5526 illud,

603 5553 726 5607 Plus
756 5570 904 5621 quam
924 5565 1098 5606 omnes
1116 5548 1356 5613 laboraui,
1386 5563 1450 5603 ea
1477 5550 1686 5604 ratione
1706 5556 1853 5617 grata
1871 5560 1928 5605 et
1958 5559 2172 5619 accepta

600 5644 664 5699 sit
691 5644 885 5707 oratio,
915 5640 1057 5708 quod
1084 5656 1149 5696 ex
1176 5638 1406 5708 quadam
1436 5639 1634 5694 dictum
1662 5640 1732 5693 sit
1770 5640 2170 5709 consequentia,

600 5752 703 5789 non
738 5752 797 5789 ex
836 5731 1169 5798 pra-cedente
1218 5728 1479 5784 instituto.
1514 5729 1804 5798 Propterea
1854 5731 2011 5787 etiam
2042 5733 2173 5789 scri-

1329 358 1385 413 S.
1426 356 1701 413 IOANNIS
1737 352 2208 413 CIIRYSOSTO!"
2249 354 2561 411 ARCHIEP.
2603 351 3134 411 CONSTANTINOP.

3750 364 3859 421 :13

2278 466 2409 521 bons
2452 468 2516 519 illi
2552 466 2910 534 Timotheum,
2956 486 3075 524 cum
3124 481 3265 529 θεωι
3290 488 3475 544 ηιιεηι
3505 476 3575 531 do
3601 476 3859 531 “dictu.

2260 554 2385 619 'rns,
2439 557 2583 623 prius
2614 558 2761 626 ponit
2801 573 2928 613 suas
2966 560 3362 618 criminationes
3390 566 3480 635 (i.
3510 563 3647 619 Tim.
3679 568 3728 622 I.
3763 568 3853 620 ii.

2273 662 2405 716 seqq.
2424 646 2468 717 ).
2504 647 2634 701 Nam
2661 650 2748 717 qui
2777 649 2844 703 de
2869 650 2988 703 aliis
3016 652 3229 718 quidem
3272 669 3517 724 magnum
3547 656 3671 725 quid
3697 656 3855 719 dicit,

2275 738 2537 806 intrepide
2564 738 2798 807 loquitur
2820 747 2875 793 et
2898 752 3085 793 secure
3109 742 3227 810 :qui
3251 752 3423 797 autem
3446 760 3669 801 necesse
3691 746 3859 801 habet

2274 829 2507 896 seipsum
2534 828 2769 893 laudare,
2804 830 3034 886 maxime
3058 847 3184 885 vero
3214 846 3335 886 cum
3362 835 3595 905 seipsum
3642 837 3859 907 profert

2276 926 2486 983 testem,
2520 920 2722 988 pudore
2741 920 2969 975 afficitur
2998 932 3052 975 et
3078 922 3363 977 erubescit.
3386 922 3506 978 Ideo
3530 926 3617 982 hic
3640 944 3862 999 quoque

2274 1008 2463 1091 beatus
2511 1012 2744 1081 seipsum
2806 1014 2951 1080 prius
2996 1015 3246 1069 miserum
3278 1017 3597 1084 pronuntiat,
3628 1030 3682 1073 et
3726 1032 3864 1076 tunc

2276 1098 2403 1153 illud
2434 1115 2682 1170 magnum
2720 1104 2971 1173 loquitur.
3000 1104 3110 1159 [ioc
3156 1113 3335 1159 autem
3366 1104 3509 1173 facit,
3540 1116 3597 1163 et
3622 1110 3863 1179 prepria

2275 1188 2445 1242 laudis
2465 1192 2759 1245 molestiam
2779 1208 3048 1259 resccans,
3068 1203 3251 1265 etqute
3274 1204 3454 1265 postea
3477 1204 3602 1251 sunt
3627 1198 3862 1255 dicenda

2276 1280 2401 1334 hinc
2424 1281 2527 1335 ﬁde
2552 1284 2707 1351 digna
2728 1282 2986 1337 eiiciens.
3030 1284 3161 1339 Nam
3206 1287 3297 1355 qui
3345 1302 3463 1355 qua:
3506 1298 3631 1342 sunt
3660 1292 3866 1358 probro

2276 1369 2446 1425 danda
2476 1388 2595 1425 cum
2632 1375 2848 1429 veritate
2876 1376 3077 1442 retulit,
3110 1387 3164 1430 et
3194 1376 3325 1431 nihil
3352 1394 3537 1434 eorum
3556 1381 3772 1445 celavit,
3806 1392 3867 1437 ut

2274 1463 2418 1530 quod
2451 1462 2739 1517 Ecclesium
2768 1465 2837 1518 sit
2882 1475 3252 1537 persequutus,
3297 1468 3437 1538 quod
3467 1470 3623 1525 [idem
3654 1471 3867 1527 labefa-

2274 1563 2423 1610 ctare
2447 1565 2691 1621 conatus,
2721 1558 2843 1612 hinc
2871 1559 3031 1613 etiam
3058 1560 3225 1615 eﬂicit
3255 1570 3313 1615 ut
3336 1577 3455 1631 qua
3481 1572 3605 1618 sunt
3627 1564 3863 1619 honesta

2275 1646 2381 1700 sint
2409 1647 2628 1703 minime
2648 1661 2917 1719 suspecta.

2346 1741 2398 1794 5.
2422 1738 2709 1795 Considera
2740 1752 2919 1797 autem
2945 1758 3101 1813 quam
3146 1744 3364 1813 insignis
3410 1748 3477 1801 sit
3504 1747 3623 1818 ejus
3645 1748 3872 1804 humili-

2277 1830 2417 1883 litas.
2444 1829 2577 1884 Nam
2609 1846 2732 1885 cum
2784 1832 3026 1899 dixisset,
3078 1834 3367 1889 Novissime
3415 1847 3585 1893 autem
3630 1846 3872 1894 omnium

2275 1920 2410 1973 visus
2435 1931 2507 1974 est
2548 1932 2592 1973 et
2625 1922 2767 1988 mihi,
2802 1938 2867 1977 eo
2914 1940 3019 1978 non
3053 1924 3150 1978 fuit
3177 1935 3462 1981 contentus
3487 1944 3504 1979 :
3535 1926 3691 1983 lulti
3715 1933 3869 1986 enim

2276 2010 2550 2076 novissimi,
2585 2012 2774 2081 inquit,
2798 2016 2968 2083 primi,
3012 2025 3066 2068 et
3115 2017 3267 2085 primi
3312 2019 3570 2073 novissimi
3625 2020 3865 2089 (Matth.

2277 2101 2364 2157 19.
2410 2102 2530 2173 50).
2574 2102 2859 2174 Propterea
2918 2106 3155 2173 addidit,
3194 2107 3471 2177 Tamquam
3516 2111 3720 2166 cuidam
3766 2116 3870 2167 ab-

2274 2195 2452 2248 ortivo.
2501 2194 2682 2266 Neque
2736 2196 2823 2250 hie
2879 2198 3046 2264 stetit,
3087 2198 3182 2253 sed
3237 2215 3393 2255 suum
3449 2204 3611 2257 etiam
3652 2204 3872 2259 addidit

2272 2285 2529 2355 judicium
2589 2305 2600 2337 :
2660 2286 2714 2340 9.
2775 2286 2884 2357 Ego
2935 2289 3067 2341 enim
3118 2305 3229 2342 sum
3295 2291 3531 2345 minimus
3596 2295 3870 2362 apostolo-

2277 2391 2429 2427 rum:
2458 2381 2539 2445 qui
2581 2394 2680 2429 nou
2721 2394 2829 2430 tum
2868 2380 3052 2447 dignus
3096 2380 3264 2432 vocari
3307 2380 3588 2447 apostolus,
3620 2386 3871 2451 quoniam

2276 2479 2601 2537 persequutus
2640 2485 2751 2521 sum
2795 2470 3079 2524 Ecclesium
3122 2468 3239 2524 Dei.
3281 2470 3395 2524 Non
3438 2472 3603 2538 dixit,
3643 2474 3868 2528 Duode-

2275 2558 2379 2611 cim
2432 2559 2624 2621 solum,
2681 2559 2775 2614 sed
2801 2562 2961 2614 etiam
3000 2562 3223 2615 aliorum
3269 2560 3531 2616 omnium.
3589 2562 3716 2617 Haec
3761 2583 3867 2620 au-

2277 2660 2381 2704 tem
2424 2654 2601 2706 omnia
2642 2652 2882 2719 dicebat,
2910 2652 3069 2707 simul
3108 2661 3163 2707 et
3205 2663 3359 2708 utens
3390 2654 3671 2720 modestia,
3703 2666 3759 2711 et
3784 2660 3872 2712 sic

2275 2755 2332 2797 ut
2360 2745 2467 2798 dixi
2492 2745 2735 2810 allectus,
2767 2754 2821 2798 et
2847 2746 2987 2814 quod
3014 2746 3296 2800 dicendum
3336 2754 3453 2801 erat
3492 2747 3641 2816 prius
3670 2746 3869 2816 dispo-

2276 2850 2431 2900 nens,
2468 2847 2522 2890 et
2574 2845 2631 2889 ut
2676 2837 2942 2889 lubentius
2974 2839 3309 2905 exciperetur
3346 2837 3601 2892 efficiens.
3651 2839 3785 2892 Nam
3820 2842 3869 2893 si

2277 2936 2688 2995 prietergressns
2716 2926 2961 2989 dixisset,
2997 2927 3210 2980 Delretis
3240 2929 3367 2981 mihi
3418 2928 3661 2992 credere,
3715 2931 3867 2998 quod

2277 3017 2520 3072 Christus
2574 3017 2958 3081 resurrexerit;
3022 3017 3125 3071 vidi
3184 3018 3326 3071 enim
3386 3019 3579 3087 ipsum,
3632 3028 3688 3073 et
3741 3034 3866 3074 sum

2277 3109 2514 3161 omnium
2546 3108 2647 3161 lide
2671 3106 3036 3176 dignissimus,
3067 3107 3234 3178 utqui
3276 3108 3396 3177 plus
3422 3107 3780 3163 laboraverim
3813 3111 3866 3163 id

2276 3198 2416 3267 quod
2447 3197 2722 3251 dicebatur
2748 3198 2909 3252 etiam
2950 3196 3259 3252 oll'endisset
3286 3213 3381 3253 eos
3410 3198 3497 3267 qui
3526 3198 3817 3252 audiebant
3849 3218 3866 3252 :

2279 3303 2419 3341 nunc
2449 3296 2627 3340 autem
2661 3287 2710 3339 in
2742 3287 2900 3341 rebus
2947 3288 3236 3343 humilibus
3275 3299 3329 3342 ct
3377 3289 3600 3357 ahjectis
3629 3290 3864 3358 primum

2274 3386 2536 3440 versatus,
2565 3387 2617 3429 et
2646 3377 2697 3429 in
2715 3377 2779 3429 iis
2796 3392 2913 3446 qua:
2933 3378 3302 3432 criminatione
3322 3378 3478 3448 digna
3502 3392 3690 3446 erant;
3717 3381 3869 3449 ejus-

2277 3469 2419 3523 modi
2479 3467 2799 3522 narrationis
2848 3470 3140 3538 amputavit
3187 3470 3557 3537 asperitatem.
3620 3480 3673 3524 et
3722 3473 3866 3525 viam

2276 3561 2466 3616 muniit
2514 3560 2579 3613 ad
2636 3558 2925 3614 faciendam
2975 3560 3280 3614 testimonio
3326 3559 3506 3614 ﬁdem.
3556 3560 3860 3632 Propterea

2277 3668 2449 3723 neque
2474 3651 2665 3715 solum,
2698 3660 2753 3705 ut
2781 3651 2928 3714 dixi,
2948 3666 3005 3707 se
3025 3653 3333 3722 pronuntiat
3352 3667 3472 3707 esse
3499 3652 3773 3718 ultimum,
3807 3666 3867 3708 et

2278 3742 2549 3812 indignum
2579 3742 2667 3810 qui
2694 3742 2991 3809 appelletur
3008 3741 3299 3810 apostolus,
3325 3740 3421 3795 sed
3440 3740 3594 3795 aﬂ'crt
3614 3756 3864 3805 musam,

2276 3834 2494 3899 dicens,
2544 3834 2794 3902 Quoniam
2835 3842 3159 3902 persequutus
3199 3848 3309 3885 sum
3354 3830 3655 3885 Ecclesium.
3696 3835 3868 3902 Atqui

2276 3925 2453 3978 omnia
2480 3924 2568 3979 illa
2601 3922 2812 3977 fuerant
2840 3923 3081 3986 remissa,
3104 3921 3197 3975 sed
3223 3930 3397 3975 tamen
3427 3922 3540 3990 ipse
3566 3937 3869 3991 numquam

2278 4023 2361 4069 est
2386 4029 2571 4069 eorum
2603 4013 2821 4077 oblitus,
2854 4013 3039 4066 volens
3066 4012 3347 4066 ostendere
3375 4014 3561 4082 gratia:
3588 4016 3869 4083 magnitu-

2277 4106 2475 4159 dinem.
2510 4104 2571 4158 Et
2604 4104 2719 4158 ideo
2754 4104 3043 4172 subjungit,
3065 4103 3292 4158 dicens:
3328 4103 3415 4159 10.
3460 4103 3640 4159 Gratia
3689 4116 3870 4161 autem

2278 4196 2374 4249 Dei
2397 4212 2505 4249 sum
2542 4194 2674 4261 quod
2711 4210 2841 4246 sum.
2879 4192 3121 4247 Vidistin’
3171 4208 3383 4248 rursum
3409 4195 3565 4248 aliam
3590 4210 3865 4251 summam

2279 4283 2662 4337 humilitatem?
2694 4282 2820 4335 Nam
2852 4282 3046 4337 delicta
3096 4283 3310 4351 quidem
3356 4284 3454 4338 sibi
3483 4284 3725 4342 attribuit
3747 4328 3764 4350 ,
3794 4301 3866 4341 ex

2278 4387 2421 4431 recte
2442 4387 2617 4429 autem
2648 4375 2796 4428 factis
2824 4375 2920 4427 sibi
2948 4374 3099 4439 nihil,
3132 4376 3225 4430 sed
3250 4368 3413 4430 totum
3446 4377 3556 4433 Deo
3575 4378 3863 4436 adscribit.

2282 4466 2479 4520 Deinde
2496 4481 2567 4520 ne
2600 4467 2682 4519 hic
2711 4460 3004 4520 auditorem
3033 4466 3220 4521 reddat
3265 4468 3534 4537 supinum,
3582 4470 3734 4535 dicit,
3795 4471 3867 4526 Et

2278 4557 2441 4625 gratia
2456 4556 2563 4624 ejus
2590 4557 2640 4607 in
2663 4572 2740 4607 me
2761 4572 2915 4609 vacua
2930 4572 3029 4609 non
3049 4556 3163 4625 fuit.
3190 4556 3258 4610 Et
3274 4557 3377 4611 hoc
3396 4573 3581 4613 rursus
3598 4560 3863 4618 demisse.

2280 4645 2392 4698 Non
2424 4645 2554 4698 dixit
2586 4647 2724 4699 enim
2748 4685 2762 4707 ,
2810 4645 3027 4699 Ostendi
3058 4646 3290 4701 studium
3320 4663 3384 4702 ac
3412 4648 3744 4719 diligentiam
3774 4652 3865 4705 di—

2278 4752 2434 4805 gnam
2461 4736 2648 4803 gratia,
2681 4735 2772 4789 sed
2806 4737 2891 4789 illa
2928 4735 3213 4791 Vacuauon
3235 4739 3350 4808 fuit.
3384 4738 3489 4793 Sed
3514 4738 3868 4796 abundantius

2279 4828 2380 4883 illis
2410 4828 2639 4879 omnibus
2687 4826 2929 4879 laboravi.

2353 4917 2507 4971 Pauli
2535 4918 2809 4972 humilitas.
2835 4919 3030 4975 —Non
3058 4919 3209 4985 dixit,
3234 4919 3361 4972 Sum
3394 4917 3703 4985 honoratus,
3737 4925 3861 4986 sed,

2280 5010 2528 5063 Lubet-avi
2554 5026 2574 5061 :
2600 5019 2794 5065 etcum
2824 5022 3003 5081 posset
3021 5013 3197 5065 dicere
3222 5017 3274 5063 et
3305 5008 3535 5076 pericula
3559 5021 3611 5064 et
3633 5024 3863 5077 mortes,

2280 5101 2493 5156 nomine
2544 5102 2737 5156 laboris
2786 5115 2970 5156 rursus
3016 5106 3270 5154 extenuat
3318 5100 3456 5168 quod
3495 5101 3697 5157 dictum
3750 5114 3862 5161 est.

2283 5193 2481 5247 Deinde
2510 5208 2694 5247 rursus
2737 5194 2892 5246 solita
2923 5200 3078 5245 utens
3110 5190 3430 5257 lmmilitatc,
3487 5192 3590 5247 hoc
3639 5210 3863 5263 quoque

2278 5283 2383 5337 cito
2432 5282 2809 5350 przelercurrit,
2865 5289 2919 5332 et
2970 5288 3138 5332 totum
3184 5279 3291 5333 Deo
3315 5281 3588 5343 adscribit,
3624 5282 3861 5337 dicens:

2284 5370 2405 5426 Non
2422 5388 2513 5444 ego
2537 5385 2723 5434 autem,
2754 5370 2841 5423 sed
2860 5370 3026 5440 gratia
3046 5369 3142 5423 Dei
3163 5389 3373 5427 mum.
3397 5372 3535 5440 Quid
3556 5372 3657 5425 hac
3675 5372 3858 5427 anima

2282 5464 2439 5520 fuerit
2464 5460 2867 5518 admirabilius?
2917 5459 3046 5515 Nam
3074 5476 3192 5516 cum
3218 5478 3313 5532 per
3336 5471 3442 5518 tam
3470 5462 3636 5517 multa
3667 5475 3727 5516 se
3752 5460 3857 5516 de-

2283 5556 2584 5625 pressisset,
2614 5562 2668 5605 et
2712 5568 2871 5604 unum
2903 5552 3156 5621 quiddam
3201 5555 3365 5608 altum
3393 5553 3567 5607 solum
3596 5560 3743 5607 esset
3771 5553 3857 5608 lo-

2281 5657 2497 5715 quutus,
2526 5658 2593 5698 ne
2623 5643 2723 5697 hoc
2746 5642 2963 5713 quidem
2990 5658 3144 5700 suum
3166 5659 3286 5699 esse
3307 5644 3459 5704 dicit,
3476 5650 3529 5698 et
3552 5656 3623 5696 ex
3650 5644 3717 5697 lis
3735 5660 3859 5715 quae

2280 5742 2663 5803 pcmcessermit
2703 5741 2761 5779 et
2782 5746 2901 5803 quae
2934 5738 3119 5801 postea
3138 5736 3266 5784 sunt
3280 5733 3527 5797 sequuta,
3555 5734 3724 5789 altum
3751 5734 3857 5792 hoc
