4076 6336
192 379 296 435 327
1135 379 1202 434 IN
1250 378 1468 437 EPIST.
1517 383 1533 435 Ι

194 525 331 571 των,
364 506 622 573 ὡσπερεί
656 503 732 569 τῷ
768 507 1089 577 ἐκτρώματι
1134 510 1299 578 ὤφθη
1341 512 1517 578 κάμοί
1589 510 1759 562 Τοῦτο

196 587 663 659 μετριοφροσύνης
716 590 917 658 μᾶλλόν
974 592 1089 643 ἐστι
1137 593 1199 644 τὸ
1239 592 1411 662 ῥῆμα.
1465 592 1599 645 Οὑδέ
1653 593 1761 661 γὰρ

192 671 378 740 ἐπειδὴ
426 670 706 739 ἐλάχιστος
750 666 839 740 ἧν,
880 671 972 724 διὰ
1021 673 1180 726 τοῦτο
1230 674 1370 742 μετὰ
1403 676 1531 737 τοὺς
1569 674 1761 736 ἄλλους

192 751 340 821 αὑτῷ
373 751 547 822 ὤφθη·
578 752 702 804 ἐπεὶ
736 752 836 805 κάν
867 755 1092 824 ἔσχατον
1126 756 1374 818 ἐκάλεσε,
1414 755 1627 808 πολλῶν
1653 757 1760 808 τῶν

192 835 297 904 πρὸ
324 834 511 897 αὑτοῦ,
562 834 758 904 μᾶλλον
793 835 850 888 δὲ
898 838 1115 890 πάντων
1149 838 1529 909 λαμπρότερος
1563 837 1719 907 ὤφθη
1743 857 1757 870 ’

191 918 284 969 καὶ
334 917 384 969 οί
437 918 777 970 πεντακόσιοι
814 919 870 971 δὲ
917 919 1136 986 ἀδελφοὶ
1181 921 1242 972 οὑ
1279 920 1455 990 δήπου
1493 920 1755 976 ἰακώόου

194 999 435 1067 βελτίους
462 996 624 1069 ἦσαν,
653 1000 839 1070 ἐπειδὴ
868 1002 971 1070 πρὸ
1009 1002 1217 1054 ἐκείνου
1244 1004 1426 1067 αὐτοῖς
1448 1003 1626 1075 ὤφθη.
1647 1005 1755 1055 Kal

190 1082 278 1135 διὰ
309 1083 361 1135 τί
413 1082 509 1151 οὑχ
558 1083 690 1152 ὁμοῦ
741 1087 905 1136 πᾶσιν
947 1085 1186 1153 Empire;
1219 1086 1336 1140 Ἵνα
1368 1087 1756 1158 πφκαταόάλῃ

189 1165 287 1234 τῆς
320 1164 557 1227 πίστεως
588 1165 656 1218 τά
687 1167 995 1235 σπέρματα.
1029 1167 1086 1218 Ὀ
1118 1168 1228 1237 γὰρ
1257 1169 1473 1240 πρῶτος
1513 1170 1635 1222 ίδὼν
1663 1172 1757 1222 καὶ

189 1247 435 1317 ἀκριϐῶς
480 1248 939 1319 πληροφορηθεὶς,
991 1253 1101 1311 τοῖς
1143 1251 1324 1314 ἄλλοις
1376 1252 1751 1322 ἀπήγγελλεν·

191 1324 309 1381 εἶτα
371 1330 400 1380 6
458 1329 614 1396 λόγος
667 1329 1013 1399 προφθάνων,
1068 1336 1127 1385 ἐν
1165 1335 1466 1403 προσδοκίᾳ
1527 1334 1755 1404 καθίστη

191 1411 284 1465 τοῦ
345 1413 580 1482 μεγάλου
624 1412 810 1465 τούτου
849 1412 1127 1484 θαύματος
1181 1417 1272 1469 τὸν
1323 1418 1611 1477 ἀκούοντα,
1663 1420 1758 1470 καὶ

188 1494 549 1566 προωδοποίει
582 1496 648 1563 τῇ
691 1493 792 1584 τῆς
838 1494 1011 1564 ὅψεως
1058 1498 1260 1550 πίστει.
1307 1498 1407 1551 Διά
1448 1499 1604 1551 τοῦτο
1633 1498 1757 1552 οὔτε

185 1578 325 1644 ὁμοῦ
362 1580 527 1630 πᾶσιν
575 1576 754 1647 ὤφθη,
786 1576 911 1633 οὕτε
939 1582 996 1631 ἐν
1040 1581 1181 1649 ἀρχῇ
1227 1580 1489 1645 πλείοσιν,
1521 1581 1637 1634 ἀλλ’
1676 1583 1758 1634 ἐνὶ

188 1656 338 1730 [556]
368 1661 513 1728 μόνῳ
533 1659 769 1729 πρῶτον,
802 1663 895 1714 καὶ
924 1661 1098 1731 τούτῳ
1118 1663 1197 1731 τῷ
1226 1663 1510 1733 κορυφαίῳ
1541 1665 1757 1717 πάντων

187 1741 279 1793 καί
331 1742 658 1812 πιστοτάτῳ.
710 1744 822 1797 Kal
870 1744 978 1816 γὰρ
1036 1744 1364 1814 πιστοτάτης
1402 1745 1605 1814 σφόδρα
1650 1746 1756 1798 ἔδει

184 1823 361 1892 ψυχῆς
390 1823 491 1892 τῆς
539 1824 759 1894 πρώτης
799 1826 1093 1897 δεχομένης
1125 1827 1328 1896 ταύτην
1360 1828 1461 1898 τὴν
1494 1828 1636 1895 ὄψιν.
1691 1831 1753 1882 Ol

190 1907 286 1976 μὲν
338 1906 445 1974 γάρ
484 1908 622 1975 μετά
664 1908 737 1960 -τὸ
790 1909 1007 1978 ἐτέρους
1061 1910 1187 1961 ἰδεῖν
1221 1912 1314 1962 καὶ
1342 1910 1594 1977 ἀκοῦσαι,
1624 1918 1753 1983 παρ’

186 1987 364 2040 αὑτῶν
399 1988 707 2058 βλέποντες,
736 1984 883 2059 εἶχον
918 1989 978 2041 οὑ
1009 1991 1213 2060 μικρὰν
1233 2004 1257 2031 α
1290 1994 1647 2048 συντελοῦσαν
1677 1998 1755 2058 είς

184 2070 279 2141 τὴν
309 2070 491 2123 πίστιν
523 2071 705 2134 αὑτοῖς
729 2071 828 2141 τὴν
876 2073 1102 2125 ἐκείνων
1134 2076 1463 2145 μαρτυρίαν,
1503 2079 1596 2130 καὶ
1622 2095 1756 2147 προ-

186 2155 714 2225 παρασκευάζουσαν
763 2156 941 2207 αὑτῶν
969 2156 1067 2225 τὴν
1106 2157 1367 2211 διάνοιαν
1394 2160 1422 2211 6
1451 2159 1508 2212 δὲ
1540 2160 1754 2229 πρῶτος

183 2237 543 2302 καταξιωθεὶς
568 2236 756 2290 τοῦτον
786 2238 933 2301 ἰδεῖν,
957 2239 1174 2310 πολλῆς,
1199 2241 1334 2310 ὅπερ
1367 2240 1538 2310 ἔφθην
1562 2242 1751 2304 εἰπὼν,

184 2320 355 2373 ἐδεῖτο
386 2320 484 2389 τῆς
510 2319 764 2383 πίστεως,
796 2319 935 2372 ὥστε
969 2322 1042 2392 μὴ
1069 2322 1434 2392 θορυϐηθῆναι
1464 2322 1541 2393 τῷ
1575 2341 1753 2393 παρα-

183 2401 320 2470 δόξῳ
344 2404 444 2471 τῆς
482 2402 629 2464 θέας.
667 2402 766 2454 Διὰ
808 2401 966 2454 τοῦτο
1009 2403 1202 2472 Πέτρῳ
1230 2404 1481 2471 φαίνεται
1517 2406 1749 2474 πρῶτον.

195 2484 253 2535 '0
281 2483 391 2551 γάρ
437 2484 651 2553 πρῶτος
680 2483 841 2536 αὐτὸν
870 2483 1210 2552 ὁμολογήσας
1240 2485 1497 2554 Χριστὸν,
1527 2489 1751 2550 είκότως

185 2568 279 2618 καὶ
315 2566 415 2635 τὴν
461 2566 757 2619 ἀνάστασιν
804 2563 1007 2634 ἠξιώθη
1066 2566 1283 2635 πρῶτος
1342 2568 1490 2622 ίδεῖν.
1544 2569 1621 2623 Οὑ
1668 2570 1754 2623 διὰ

180 2648 342 2700 τοῦτο
373 2649 431 2699 δέ
464 2648 713 2723 φαίνεται
762 2645 961 2713 πρώτῳ
1007 2646 1175 2717 μόνῳ,
1228 2650 1365 2711 ἀλλ’,
1417 2652 1604 2723 ἐπειδὴ
1660 2655 1753 2705 καὶ

182 2729 558 2797 ἀρνησάμενος
602 2722 689 2796 ἦν,
746 2728 808 2778 ὲκ
857 2729 1172 2805 περιουσίας
1205 2731 1367 2785 αὑτὸν
1416 2734 1752 2802 παρακαλῶν

182 2812 275 2861 καὶ
315 2809 527 2869 δεικνὺς
574 2808 656 2860 ὅτι
709 2807 809 2860 οὑκ
856 2809 1225 2877 ἀπέγνωσται,
1279 2812 1383 2881 πρὸ
1431 2814 1539 2865 τῶν
1577 2814 1753 2867 ἄλλων

181 2889 275 2942 καὶ
302 2889 403 2957 τῆς
432 2888 606 2957 θψεως
633 2889 793 2942 αὑτὸν
821 2890 1025 2955 ταύτης
1056 2892 1381 2960 κατηξίωσε,
1419 2895 1511 2947 καὶ
1549 2895 1754 2967 πρώτῳ

178 2971 247 3022 τά
279 2970 522 3041 πρόϐατα
545 2973 858 3041 ἐνεχείρισε.
895 2974 995 3024 Διὰ
1016 2972 1172 3024 τοῦτο
1194 2975 1287 3025 καὶ
1312 2976 1558 3040 γυναιξὶν
1578 2978 1751 3048 ἐφάνη

180 3052 447 3123 πρώταις.
500 3052 717 3119 Ἐπειδὴ
771 3054 832 3105 τδ
876 3052 1031 3118 γένος
1081 3052 1386 3121 ἠλάττωται
1441 3057 1625 3123 τοῦτο,
1665 3060 1755 3111 διὰ.

177 3136 339 3188 τοῦτο
364 3135 458 3187 καὶ
482 3135 538 3185 ἐν
563 3137 626 3202 τῇ
655 3134 903 3203 γεννήσει
936 3132 1029 3184 καὶ
1052 3135 1107 3186 ἐν
1142 3138 1205 3205 τῇ
1236 3137 1531 3191 ἀναστάσει
1562 3141 1751 3211 πρώτη

180 3216 321 3285 αὑτὴ
352 3216 666 3267 αἰσθάνεται
697 3215 796 3285 τῆς
842 3216 1084 3286 χάριτος.
1123 3218 1279 3271 Μετά
1318 3219 1375 3272 δὲ
1424 3222 1630 3291 Πέτρον
1659 3224 1754 3277 καὶ

178 3298 588 3369 διεσπαρμένως
628 3297 841 3367 ἐκὰστῳ
870 3299 1140 3366 φαίνεται,
1170 3303 1264 3355 καὶ
1309 3305 1439 3357 ποτέ
1466 3305 1567 3373 μὲν
1598 3306 1753 3359 ἐλάτ-

177 3397 316 3443 τοσι,
346 3382 476 3433 ποτέ
508 3381 563 3434 δὲ
603 3381 863 3446 πλείοσιν,
912 3383 1157 3451 ἀλλήλων
1216 3386 1414 3448 αὐτοὺς
1465 3388 1751 3456 μάρτυρας

179 3466 275 3517 καὶ
304 3463 652 3527 διδασκάλους
678 3466 735 3515 ἐν
763 3464 937 3533 τούτῳ
988 3464 1179 3528 ποιῶν,
1231 3468 1325 3519 καὶ
1356 3468 1482 3530 τοὺς
1516 3469 1749 3521 ἀποστό-

181 3544 306 3607 λους
373 3546 714 3611 ἀξιοπίστους
784 3547 1205 3609 κατασκευάζων
1272 3550 1329 3599 ἐν
1388 3545 1467 3612 οἷς
1534 3551 1745 3618 ἔλεγον’

186 3628 488 3693 ἐσχατον
539 3626 625 3685 δέ
668 3625 930 3689 πάντων,
985 3628 1242 3695 ὡσπερεί
1291 3646 1371 3692 τῳ
1404 3631 1748 3699 ἐκτρώματι,

182 3708 345 3777 ὤφθη
366 3708 561 3775 κάμοί.
592 3707 656 3759 Τί
681 3707 928 3777 βούλεται
949 3708 1097 3777 αὐτῷ
1126 3709 1359 3763 ἐνταῦθα
1382 3713 1478 3779 τῆς
1504 3728 1750 3765 ταπεινοο

182 3790 453 3858 φροσύνης
486 3789 552 3841 τὰ
587 3791 828 3865 ῥήματα,
860 3790 892 3859 ἦ
940 3794 1088 3842 ποῖον
1122 3791 1234 3859 ἔχει
1267 3793 1496 3861 καιρόν;
1546 3795 1609 3846 El
1638 3795 1749 3865 γάρ

181 3872 494 3937 ἀξιόπιστον
520 3864 707 3923 ἑαυτὸν
740 3871 1015 3939 ἀποφῆναι
1049 3871 1296 3940 βούλεται
1328 3874 1420 3925 καὶ
1455 3864 1751 3941 ἐγκαταλέ-

184 3953 270 4016 ξαι
303 3956 417 4015 τοῖς
448 3954 679 4023 μάρτυσι
707 3954 805 4023 τῆς
832 3953 1199 4015 ἀναστάσεως,
1229 3954 1537 4008 τούναντίον
1569 3957 1599 4027 ἢ
1626 3956 1750 4025 βού-

181 4034 329 4087 λεται
359 4037 502 4087 ποιεί
526 4051 538 4062 ·
577 4036 777 4106 ἐπᾶραι
799 4035 907 4105 γὰρ
949 4036 1139 4088 ἑαυτὸν
1180 4035 1285 4087 ἔδει
1323 4038 1417 4089 καὶ
1450 4037 1620 4101 δεῖξαι
1653 4041 1748 4108 μέ⁴

183 4133 284 4183 γαν
313 4118 462 4179 ὄντα,
489 4116 517 4168 ὃ
560 4117 826 4185 πολλαχοῦ
866 4119 1013 4171 ποιεί
1048 4117 1239 4184 καιροῦ
1275 4118 1568 4182 καλοῦντος
1598 4122 1746 4174 αὑτό.

184 4198 283 4250 Διά
314 4197 473 4249 τοῦτο
498 4198 605 4268 γάρ
636 4200 729 4251 καὶ
755 4199 988 4251 ἐνταῦθα
1020 4200 1325 4269 μετριάζει,
1370 4202 1556 4272 ἐπειδὴ
1596 4202 1751 4255 τοῦτο

188 4280 373 4348 μέλλει
402 4284 570 4333 ποιεῖν
586 4298 599 4311 ο
624 4281 739 4335 ἀλλ’
765 4281 865 4333 οὐκ
904 4281 1126 4343 εὐθέως,
1151 4282 1285 4334 ἀλλά
1310 4284 1444 4350 μετά
1470 4284 1569 4352 τῆς
1604 4285 1751 4354 αὑτῷ

187 4361 501 4431 πρεπούσης
524 4363 810 4425 συνέσεως.
849 4363 1121 4432 Πρότερον
1165 4364 1270 4431 γὰρ
1308 4365 1610 4434 μετριάσας
1659 4370 1752 4419 καὶ

188 4444 516 4511 κατηγορίας
576 4446 767 4497 ἐαυτοῦ
825 4446 1180 4513 συμφορήσας
1233 4446 1453 4511 πολλὰς,
1500 4448 1620 4499 τότε
1684 4451 1751 4501 τά

187 4527 306 4579 καθ’
341 4526 528 4577 ἑαυτὸν
552 4527 819 4594 σεμνύνει.
849 4526 913 4577 Τί
949 4526 1173 4595 δήποτε;
1219 4528 1330 4589 ”Ιν’,
1359 4528 1485 4581 ὅταν
1512 4531 1572 4582 τὸ
1608 4530 1749 4598 μέγα

186 4607 280 4659 καὶ
325 4604 526 4674 ὑσᾷηλδν
563 4608 738 4659 ἐκεῖνο
785 4608 910 4676 περὶ
937 4608 1132 4660 ἐαυτοῦ
1167 4607 1487 4677 φθέγξηται,
1524 4612 1602 4673 τὸ,
1642 4616 1748 4665 Πε-

180 4688 539 4754 ρισσότερον
572 4687 810 4740 πάντων
834 4689 1153 4749 ἐκοπίασα,
1189 4690 1594 4759 εὑπαράδεκτος
1618 4695 1647 4744 6
1672 4694 1749 4745 λό-

185 4786 277 4836 γος
302 4768 521 4836 γένηται
554 4769 744 4839 ταύτῃ,
775 4771 867 4822 καὶ
896 4770 972 4838 τῷ
1010 4771 1085 4832 ὡς
1124 4771 1182 4834 ἐξ
1226 4772 1543 4836 ἀκολουθίας
1583 4776 1745 4837 τινὸς,

185 4850 320 4903 ἀλλά
347 4849 422 4919 μὴ
454 4850 875 4919 προηγουμένως
920 4852 1189 4921 εἰρῆσθαι.
1223 4855 1321 4907 Διά
1346 4855 1499 4907 τοῦτο
1535 4857 1627 4907 καὶ
1657 4855 1747 4907 Τι-

190 4933 365 5001 μοθέῳ
394 4930 636 4999 γράφων,
664 4932 758 4983 καὶ
786 4933 992 5000 μέλλων
1016 4934 1194 5002 λέγειν
1222 4937 1432 5004 μεγάλα
1465 4955 1529 4989 πε
1540 4942 1591 5008 ρί
1625 4939 1749 4990 ἐαυ-

187 5014 298 5077 τοῦ,
344 5014 604 5083 πρότερον
633 5012 706 5063 τά
737 5017 1167 5085 κατηγορήματα
1199 5017 1361 5068 αὑτοῦ
1393 5018 1594 5086 τίθησι.
1640 5020 1749 5070 Kal

186 5095 291 5164 γάρ
317 5097 346 5146 6
376 5097 473 5161 μέν
496 5094 624 5164 περὶ
653 5093 827 5146 ἀλλων
850 5111 902 5145 τι
927 5096 1069 5162 μέγα
1094 5097 1286 5164 λέγων,
1320 5099 1488 5161 ἀδεῶς
1514 5099 1749 5165 φθέγγε-

186 5190 272 5227 ται
306 5175 401 5226 καὶ
432 5176 566 5242 μετὰ
590 5176 897 5247 παρρησίας
920 5190 933 5203 ’
963 5176 991 5227 6
1014 5177 1069 5228 δὲ
1097 5179 1287 5230 ἑαυτὸν
1313 5179 1750 5247 ἀναγκαζόμενος

187 5258 444 5318 ἐπαινεῖν,
471 5260 564 5308 καὶ
583 5259 815 5326 μάλιστα
839 5258 965 5310 ὅταν
988 5260 1080 5311 καὶ
1106 5263 1357 5331 μάρτυρα
1380 5262 1570 5315 ἐαυτὸν
1587 5262 1746 5332 καλῇ,

187 5338 494 5409 αἰσχύνεται
516 5340 609 5389 καὶ
634 5340 860 5410 ἐρυθριᾷ
882 5355 895 5368 ·
934 5339 1021 5392 διὰ
1048 5341 1110 5411 δὴ
1139 5342 1294 5395 τοῦτο
1317 5346 1407 5397 καὶ
1434 5348 1460 5397 ό
1484 5346 1749 5413 μακάριος

188 5419 340 5485 οὗτος
369 5422 627 5493 πρότερον
652 5422 842 5475 ἑαυτὸν
885 5424 1179 5486 ταλανίζει,
1224 5429 1317 5478 καὶ
1350 5428 1471 5479 τότε
1505 5428 1566 5479 τὸ
1606 5429 1749 5497 μέγα

189 5507 363 5559 ἐκεῖνο
393 5505 699 5574 φθέγγεται.
732 5507 881 5559 Ποιεί
907 5507 964 5561 δέ
1002 5507 1180 5573 τοῦτο,
1204 5510 1265 5562 τό
1292 5527 1348 5562 τε
1381 5509 1616 5580 ἐπαχθὲς
1649 5513 1746 5581 τῆς

251 5723 280 5755 ³
302 5722 512 5774 Bavium
532 5725 795 5788 legendum
818 5727 954 5783 pum
975 5727 1159 5787 μικρόν.

1596 381 1685 435 AD
1740 376 1905 435 (ΞΟΠ.
1940 379 2171 436 IIOMIL.
2216 381 2481 437 XXXVIII

3328 386 3433 442 52³

1866 501 2310 567 περιαυτολογίας
2336 502 2363 540 ι’
2394 501 2846 571 ὑποτεμνόμενος,
2880 504 2972 555 καὶ
3001 503 3068 555 τὰ
3099 504 3235 571 μετά
3264 505 3432 559 ταῦτα

1862 582 2212 651 ῥηθησόμενα
2244 585 2529 647 ἀξιόπιστα
2558 583 2804 637 ἐντεῦθεν
2834 585 3019 638 ποιῶν.
3066 585 3125 638 '0
3152 587 3262 657 γὰρ
3296 590 3436 657 μετά

1860 663 2116 732 ἀληθείας
2139 665 2208 717 τά
2231 667 2566 719 ἐπονείδιστα
2596 667 2737 733 θεὶς,
2767 668 2861 720 καὶ
2890 667 3054 737 μηδὲν
3088 668 3272 721 αὐτῶν
3300 671 3437 722 ἀπο-

1861 746 2228 816 κρυψάμενος.
2288 744 2397 801 οἷον
2438 749 2519 800 ὅτι
2552 748 2649 818 τὴν
2692 749 3017 819 Ἐκκλησίαν
3064 749 3300 815 ἐδίωξεν,
3352 752 3437 805 ὅτι
3476 800 3483 805 .

1860 829 1958 897 τὴν
1987 831 2171 882 πίστιν
2199 831 2492 903 ἐπόρθησε,
2520 834 2614 884 καὶ
2659 834 2727 885 τά
2760 834 2931 903 σεμνά
2962 831 3214 885 ἐντεῦθεν
3262 833 3437 886 ἀνύπ-

1860 927 1996 963 οπτα
2031 916 2194 967 ποιεῖ.

1928 998 1988 1045 ε’.
2029 996 2138 1047 Kal
2169 996 2360 1049 σκόπει
2384 998 2888 1069 ταπεινοφροσύνης
2922 1000 3246 1071 ὑπερϐολήν.
3279 998 3428 1071 [357]

1862 1074 2045 1127 Εἰπὼν
2077 1078 2207 1148 γὰρ,
2242 1080 2547 1146 Ἔσχατον
2583 1080 2649 1130 δὲ
2685 1081 2927 1133 πάντων
2951 1082 3079 1149 ἐμοὶ
3109 1082 3295 1151 ὤφθη,
3333 1086 3433 1136 οὑκ

1860 1158 2100 1225 ἠρκέσθη
2128 1160 2300 1229 τούτῳ
2321 1178 2332 1191 ·
2358 1162 2579 1214 Πολλοὶ
2609 1162 2715 1230 γάρ
2738 1161 2983 1228 ἔσχατοι
3013 1163 3251 1229 πρῶτοι,
3277 1166 3430 1234 φησὶ,

1860 1240 1957 1291 καί
1995 1241 2212 1308 πρῶτοι
2243 1243 2508 1311 ἔσχατοι.
2548 1246 2644 1297 Διά
2677 1244 2835 1295 τοῦτο
2872 1243 3227 1312 προσέθηκεν.
3294 1247 3432 1299 '00-

1860 1324 2026 1389 περεί
2061 1324 2141 1388 τῷ
2172 1325 2513 1394 ἐκτρώματι.
2548 1329 2655 1379 Kal
2696 1328 2814 1379 οὑδὲ
2849 1327 3082 1380 ἐνταῦθα
3111 1328 3260 1396 ἔστη,
3298 1330 3433 1382 ἀλλά

1860 1406 1954 1458 καὶ
1989 1407 2087 1475 τὴν
2125 1408 2331 1459 οίκείαν
2369 1410 2547 1479 κρίσιν
2583 1410 2903 1480 προστίθησι
2940 1412 3029 1461 καὶ
3076 1409 3210 1478 μετά
3253 1412 3433 1472 αἰτίας

1860 1486 2032 1553 λέγων
2060 1502 2072 1513 ’
2115 1490 2254 1557 Ἐγὼ
2294 1489 2405 1558 γάρ
2442 1495 2556 1559 εἶμι
2601 1496 2635 1545 ὁ
2683 1491 3003 1559 ἐλάχιστος
3036 1493 3148 1543 τῶν
3174 1493 3433 1545 ἀποστό-

1858 1572 2003 1633 λων,
2050 1570 2118 1636 ὃς
2154 1574 2265 1624 οὐκ
2302 1574 2414 1640 εἰμὶ
2455 1576 2659 1639 ἱκανὸς
2700 1574 3013 1627 καλεῖσθαι
3062 1575 3428 1640 ἀπόστολος,

1860 1650 1949 1702 ὅτι
1986 1651 2200 1715 ἐδίωξα
2235 1652 2349 1719 τὴν
2407 1656 2779 1721 Ἐκκλησίαν
2822 1656 2925 1710 τοῦ
2978 1656 3149 1710 Θεοῦ.
3196 1657 3304 1710 Kal
3332 1658 3431 1709 οὑκ

1859 1728 1999 1794 εἷπε,
2034 1734 2153 1785 Τᾶν
2179 1733 2381 1787 δώδεκα
2404 1736 2601 1804 μόνων,
2633 1736 2769 1788 ἀλλά
2797 1738 2887 1790 καὶ
2920 1737 3032 1790 τῶν
3058 1738 3231 1791 ἄλλων
3256 1739 3430 1792 ἁπάν-

1858 1832 1982 1866 των.
2027 1815 2208 1868 Ταῦτα
2240 1817 2297 1868 δὲ
2348 1818 2525 1871 πάντα
2562 1818 2697 1887 ὁμοῦ
2735 1819 2830 1887 μὲν
2872 1820 3178 1889 μετριάζων
3221 1821 3427 1888 ἔλεγεν,

1857 1897 1991 1967 ὁμοῦ
2043 1899 2099 1950 δὲ
2151 1900 2244 1951 καὶ
2286 1899 2426 1953 οὓτω
2463 1901 2821 1971 διακείμενος,
2862 1903 2997 1971 ὅπερ
3039 1902 3197 1975 ἔφην,
3239 1906 3333 1957 καὶ
3368 1906 3430 1957 τὸ

1861 1979 2049 2049 μέλλον
2083 1981 2416 2053 ῥηθήσεσθαι
2467 1982 2938 2054 προδιοικούμενος
2992 1986 3088 2037 καὶ
3134 1986 3429 2053 εὑπαράδε-

1858 2079 1984 2115 κτον
2025 2065 2223 2131 μᾶλλον
2271 2066 2456 2119 ποιῶν.
2508 2068 2569 2118 Εί
2624 2068 2721 2137 μὲν
2775 2070 2885 2138 γὰρ
2916 2065 3202 2138 παρελθὼν
3253 2063 3427 2129 εἶπεν,

1870 2144 2141 2212 Ὀφείλετέ
2169 2165 2257 2213 μοι
2288 2147 2592 2213 πιστεῦσαι,
2622 2150 2702 2201 ὅτι
2744 2150 2941 2218 ἀνέστη
2971 2151 2999 2201 ό
3029 2149 3261 2217 Χριστός
3288 2167 3301 2181 θ
3350 2146 3429 2202 εἷ-

1854 2225 1943 2277 δον
1970 2226 2077 2296 γάρ
2102 2230 2280 2294 αὑτὸν,
2318 2230 2409 2281 καὶ
2441 2230 2657 2284 πάντων
2688 2229 3125 2303 ἀξιοπιστότερός
3160 2232 3296 2300 είμι,
3330 2232 3426 2286 ἅτε

1856 2308 2017 2359 πλέον
2050 2309 2262 2379 καμὼν,
2294 2312 2397 2365 κᾶν
2431 2314 2704 2385 προσέστη
2744 2318 2855 2377 τοῖς
2885 2313 3140 2367 ἀκούουσι
3174 2312 3233 2366 τὸ
3274 2314 3427 2382 λεγό-

1859 2406 2017 2457 μενον
2048 2406 2062 2419 ο
2095 2392 2213 2443 νυνὶ
2261 2393 2317 2444 δὲ
2362 2397 2474 2456 τοῖς
2507 2398 2785 2455 ταπεινοτς
2825 2395 3171 2465 ἐνδιατρίψας
3210 2395 3426 2466 πρῶτον

1854 2473 1948 2526 καὶ
1981 2477 2094 2537 τοῖς
2123 2477 2456 2547 κατηγορίαν
2494 2477 2674 2547 ἔχουσι
2695 2519 2709 2541 ,
2744 2478 2805 2530 τό
2832 2495 2891 2530 τε
2923 2480 3095 2549 τραχὺ
3114 2482 3224 2548 τῆς
3252 2481 3426 2533 τοιαύο

1854 2572 1951 2626 της
1971 2558 2271 2629 διηγήσεως
2297 2559 2647 2628 ὑπετέμνετο,
2675 2561 2770 2613 καὶ
2795 2563 2862 2630 τῇ
2892 2560 3071 2612 πίστει
3098 2562 3196 2631 τῆς
3224 2580 3422 2632 μαρτυ⁴

1860 2641 1979 2708 ρίας
2019 2642 2445 2712 προωδοποίησε.
2488 2642 2585 2694 Διὰ
2622 2642 2684 2712 δὴ
2718 2641 2876 2696 τοῦτο
2904 2642 3022 2695 οὐδὲ
3053 2642 3258 2705 ἁπλῶς,
3286 2646 3424 2714 ὅπερ

1856 2723 2021 2792 ἔφην,
2071 2724 2427 2789 ἀποφαίνεται
2469 2723 2693 2794 ἔσχατον
2738 2724 2928 2777 ἐαυτὸν
2974 2720 3133 2790 εἶναι,
3183 2726 3277 2778 καὶ
3322 2726 3423 2795 τῆς

1855 2805 2225 2874 προσηγορίας
2264 2807 2370 2859 τῶν
2414 2807 2725 2858 ἀποστόλων
2753 2807 2988 2870 ἀνάξιον,
3032 2808 3167 2859 ἀλλά
3198 2810 3289 2861 καὶ
3324 2810 3423 2878 τὴν

1853 2886 2031 2938 αἰτίαν
2052 2885 2229 2954 τίθησι
2260 2886 2450 2953 λέγων’
2483 2888 2609 2938 Ὅτι
2634 2887 2849 2949 ἐδίωξα
2882 2888 2996 2954 τὴν
3036 2891 3399 2955 Ἐκκλησίαν

1853 2968 1963 3019 Kal
1994 2966 2101 3036 μὴν
2143 2967 2341 3036 ἀφείθη
2380 2968 2558 3020 πάντα
2590 2968 2789 3033 ἐκεῖνα,
2818 2962 2935 3021 ἀλλ’
2961 2971 3109 3037 ὅμως
3138 2972 3299 3035 αὐτὸς
3329 2974 3422 3024 οὑ-

1852 3050 2041 3101 δέποτε
2071 3049 2247 3103 αὑτῶν
2275 3050 2620 3118 ἐπιλέλησται
2646 3092 2661 3117 ,
2711 3052 2772 3104 τὸ
2804 3052 3033 3121 μέγεθος
3063 3053 3161 3120 τῆς
3203 3055 3423 3123 χάριτος

1853 3132 2021 3196 δεῖξαι
2053 3132 2400 3199 βουλόμενος*
2432 3134 2512 3185 διὸ
2542 3134 2635 3185 καὶ
2675 3134 2868 3201 ἐπάγει
2899 3135 3090 3202 λέγων’
3127 3136 3327 3203 Χίὶριτι
3355 3135 3423 3187 δὲ

1856 3214 2005 3267 Θεοῦ
2032 3217 2145 3277 εἶμι
2184 3213 2216 3265 ὅ
2253 3217 2386 3282 ειμι.
2424 3210 2577 3274 Εἶδες
2616 3214 2775 3267 πάλιν
2825 3216 3014 3289 ἐτέρας
3062 3235 3420 3288 ταπεινοφρο-

1856 3296 2020 3364 σύνης
2054 3296 2395 3364 ὑπερόολήν;
2443 3295 2523 3347 Ta
2568 3296 2666 3364 μὲν
2693 3297 2799 3365 γὰρ
2839 3297 3196 3368 ἐλαττώματα
3245 3300 3422 3369 ἐαυτῷ

1852 3377 2161 3443 λογίζεται·
2194 3377 2301 3429 τῶν
2321 3377 2378 3429 δὲ
2412 3379 2846 3448 κατορθωμάτων
2880 3380 3051 3445 οὐδὲν,
3083 3382 3216 3433 ἀλλά
3245 3384 3422 3435 πάντα

1851 3461 2138 3530 ἀνατίθησι
2171 3461 2247 3530 τῷ
2272 3460 2410 3530 Θεῷ.
2461 3456 2612 3523 Εἶτα,
2646 3463 2730 3513 ἵνα
2776 3463 2849 3531 μὴ
2894 3464 2982 3515 τὸν
3026 3466 3295 3534 ἀκροατὴν
3338 3468 3423 3516 ἐν-

1852 3542 2039 3594 τεῦθεν
2072 3542 2259 3594 ῦπτιον
2301 3544 2519 3612 ποιήσῃ,
2555 3544 2709 3611 φησί’
2735 3545 2841 3594 Καὶ
2889 3546 2926 3609 ἡ
2961 3547 3133 3611 χάρις
3164 3548 3347 3599 αὑτοῦ
3381 3551 3419 3613 ὴ

1851 3627 1938 3687 είς
1962 3625 2066 3691 ἐμὲ
2094 3627 2164 3676 οὐ
2198 3624 2343 3689 κενὴ
2368 3623 2591 3692 γέγονε.
2634 3626 2740 3676 Καὶ
2771 3624 2927 3677 τοῦτο
2956 3625 3117 3679 πάλιν
3150 3629 3419 3681 ὑπεσταλ-

1855 3707 2048 3773 μένως.
2084 3707 2157 3755 Οὑ
2188 3705 2295 3773 γάρ
2328 3702 2498 3766 εἶπεν,
2537 3706 2715 3769 Ἀξίαν
2754 3706 2855 3774 τῆς
2892 3707 3113 3775 χάριτος
3140 3708 3417 3774 ἐπεδειξά-

1853 3804 1961 3853 μην
1996 3785 2249 3854 σπουδὴν,
2303 3786 2415 3838 ἀλλ’
2462 3788 2543 3839 ὅτι
2586 3790 2666 3839 Οὐ
2715 3788 2861 3852 κενὴ
2902 3791 3166 3856 γέγονεν.
3232 3794 3414 3846 Ἀλλὰ

1851 3868 2279 3935 περισσότερον
2321 3868 2517 3922 αὐτῶν
2554 3870 2792 3923 πάντων
2817 3871 3131 3925 ἐκοπίασα.

1922 3950 2033 4000 Οὑκ
2058 3946 2230 4011 εἶπεν,
2270 3952 2585 4022 Ἐτιμήθην,
2624 3951 2759 4015 ἀλλ’,
2808 3954 3149 4019 Ἐκοπιάσα,
3181 3956 3273 4007 καὶ
3310 3973 3415 4008 κιν-

1850 4031 2037 4093 δύνους
2073 4034 2163 4083 καὶ
2210 4033 2470 4095 θανάτους
2523 4034 2660 4100 ἔχων
2703 4035 2895 4096 εἰπεῖν,
2937 4034 3015 4104 τῷ
3059 4035 3279 4104 ὀνόματι
3321 4037 3415 4092 τοῦ

1851 4116 2018 4167 κόπου
2056 4115 2214 4167 πάλιν
2248 4116 2607 4184 ὑποτέμνεται
2654 4116 2714 4167 τὸ
2750 4117 3067 4185 εἰρημένον..
3092 4115 3227 4172 Εἶτα
3254 4120 3415 4174 πάλιν

1850 4199 1914 4265 τῇ
1955 4196 2172 4265 συνήθει
2214 4199 2549 4268 κεχρημένος
2584 4199 3047 4269 ταπεινοφροσύνῃ
3073 4241 3086 4263 ,
3121 4203 3213 4252 καὶ
3258 4201 3416 4254 τοῦτο

1850 4278 2057 4345 ταχέως
2085 4278 2424 4348 παρέδραμε,
2449 4280 2543 4333 καὶ
2570 4281 2629 4332 τὸ
2659 4281 2766 4333 πᾶν
2798 4280 3029 4349 ἀνέθηκε
3067 4281 3143 4350 τῷ
3168 4284 3285 4352 Θεῴ
3327 4284 3413 4336 λέ-

1852 4375 1994 4426 γων·
2033 4363 2156 4431 Οὐκ
2180 4362 2294 4428 ἐγὼ
2323 4362 2409 4423 δὲ,
2435 4363 2569 4415 ἀλλ’
2610 4364 2647 4429 ἡ
2680 4362 2851 4429 χάρις
2889 4362 2995 4415 τοῦ
3030 4366 3175 4417 Θεοῦ
3214 4366 3252 4430 ἠ
3296 4366 3415 4418 σὺν

1849 4442 1999 4509 ἐμοί.
2027 4441 2088 4492 Τί
2123 4442 2325 4511 ταύτης
2368 4443 2805 4513 θαυμαστότερον
2852 4445 3048 4510 γένοιτ’
3080 4447 3145 4498 ἂν
3185 4441 3281 4513 τῆς
3313 4448 3415 4515 ψυκ-

1850 4524 1945 4591 χῆς
1972 4540 1987 4587 ;
2019 4524 2115 4575 Διά
2162 4525 2270 4593 γάρ
2311 4524 2575 4578 τοσούτων
2616 4525 2804 4577 ἑαυτὸν
2840 4525 3102 4586 καθελὼν,
3144 4530 3237 4580 καὶ
3279 4528 3335 4579 ἐν
3360 4546 3413 4579 τι

1854 4606 2010 4673 μόνον
2044 4606 2244 4674 ὑψηλὸν
2279 4605 2668 4675 φθεγξάμενος,
2709 4607 2827 4657 οὑδὲ
2864 4606 3022 4659 τοῦτο
3052 4609 3215 4661 αὑτοῦ
3252 4626 3414 4680 φησιν

1851 4684 2009 4750 εἶναι,
2051 4688 2383 4757 πανταχόθεν
2427 4688 2808 4757 περιστέλλων,
2842 4690 2950 4742 ἀπό
2984 4707 3043 4743 τε
3077 4691 3185 4742 τῶν
3211 4692 3414 4762 ἐμπρο-

1853 4769 1998 4830 σθεν,
2035 4770 2139 4820 ἀπό
2171 4788 2227 4821 τε
2254 4770 2361 4822 τῶν
2391 4771 2523 4838 μετά
2552 4770 2721 4823 ταῦτα
2748 4771 2808 4822 τὸ
2837 4771 3035 4840 ὑψηλὸν
3058 4772 3213 4824 τοῦτο
3238 4773 3409 4842 ῥῆμα,

1850 4853 1943 4903 καὶ
1973 4851 2139 4903 ταῦτα
2167 4853 2226 4916 ἐξ
2249 4854 2491 4922 ἀνάγκης
2519 4851 2686 4904 ἐλθὼν
2710 4854 2794 4905 ἐπ’
2819 4854 2966 4906 αὑτό.
2993 4855 3189 4906 Σκόπει
3213 4856 3268 4906 δὲ
3295 4857 3411 4911 πῶς

1848 4931 2282 5000 ἐπιδαψιλεύεται
2341 4937 2449 4995 τοῖς
2491 4934 2590 5001 τῆς
2640 4935 3132 5004 ταπεινοφροσύνης
3183 4937 3405 5004 ῥήμασι.

1850 5016 1956 5066 Kal
2003 5015 2129 5083 γὰρ,
2173 5014 2440 5080 Ἐσχάτῳ
2486 5032 2587 5080 μοι
2628 5014 2794 5081 ὤφθη
2836 5015 3097 5079 πάντων,
3124 5017 3261 5083 φησί
3289 5032 3302 5047 ο
3331 5015 3410 5068 διὸ

1848 5096 1966 5147 οὑδὲ
1999 5096 2115 5164 μεθ’
2142 5095 2333 5147 ἑαυτοῦ
2364 5112 2483 5147 τινα
2520 5095 2675 5155 ἀλλον
2704 5095 2887 5164 τίθησι
2971 5100 3083 5157 καὶ,
3142 5097 3411 5163 Ὠσπερεί

1847 5172 1923 5235 τῷ
1952 5177 2294 5245 ἐκτρώματι,
2319 5179 2409 5229 καὶ
2433 5177 2710 5247 ἐλάχιστον
2740 5179 2931 5231 ἑαυτὸν
2962 5178 3069 5229 τῶν
3096 5179 3407 5232 ἀποστόλων

1848 5253 1986 5309 εἷναί
2018 5275 2168 5326 φησι,
2201 5261 2292 5311 καὶ
2323 5260 2445 5311 οὐδὲ
2479 5261 2575 5328 τῆς
2607 5260 2979 5331 προσηγορίας
3003 5259 3204 5329 ταύτης
3236 5260 3402 5323 ἄξιον.

1849 5339 1958 5391 Kal
1986 5340 2103 5391 οὑδὶ
2128 5342 2334 5405 τούτοις
2365 5342 2629 5411 ἠρκέσθη,
2674 5342 2787 5395 ἀλλ’
2818 5342 2905 5394 ἴνα
2945 5341 3018 5411 μὴ
3048 5342 3171 5411 δόξῃ
3198 5343 3408 5411 ῥήμασι

1848 5429 2305 5492 ταπεινοφρονεῖν,
2329 5424 2474 5499 [558]
2491 5427 2582 5479 καὶ
2595 5426 2680 5477 ait
2690 5425 2773 5487 ίας
2786 5426 2967 5494 τίθησι
2984 5428 3073 5478 καὶ
3086 5424 3405 5493 ἀποδείξεις,

1849 5507 1940 5560 τοῦ
1983 5507 2079 5577 μὲν
2123 5508 2382 5579 ἐκτρωμα
2422 5506 2647 5563 εἶναιτὸ
2676 5509 2898 5578 ὕστερον
2947 5509 3108 5562 αὑτὸν
3141 5508 3268 5562 ἰδεῖν
3316 5508 3406 5563 τδν

1910 5724 1939 5765 5
1963 5725 2117 5785 Alius,
2137 5728 2457 5789 ταυτολογίας.
