4066 6348
120 397 225 450 529

120 503 335 557 verbum
365 495 692 567 deprimens,
718 492 875 561 idque
903 502 1024 546 cum
1050 501 1115 541 ex
1158 480 1478 539 necessitate
1523 474 1589 531 ad
1637 472 1690 567 id

121 592 369 646 κριιίςιει.
408 565 537 645 Vide
579 595 756 645 autem
794 596 954 653 quam
986 578 1054 635 sit
1096 577 1277 647 largus
1298 582 1355 627 et
1371 569 1621 639 copiosus
1642 565 1695 619 in

122 679 297 735 verbis
328 677 662 733 humilitatis.
694 675 900 731 Etenim
926 668 1212 727 Novissima
1232 663 1478 745 omnium,
1505 656 1694 728 inquit,

121 771 244 823 mihi
264 771 401 823 risus
426 777 531 831 est;
553 774 831 837 propterea
854 778 1024 833 neque
1044 774 1220 814 secum
1251 755 1397 826 ponit
1423 752 1620 814 alium;
1646 756 1702 803 et

124 861 411 929 Tamquam
433 860 636 913 cuidam
662 857 908 920 abortivo,
941 852 1322 918 minimumque
1347 861 1407 900 se
1431 859 1551 899 esse
1575 841 1702 895 dicit

122 952 362 1021 omnium
388 948 768 1020 apostolorum,
799 955 974 999 etnec
996 956 1115 996 esse
1136 939 1355 1008 dignum
1386 935 1476 1005 qui
1506 934 1580 986 sic
1612 949 1704 997 ap-

123 1043 371 1111 pelletur.
402 1038 582 1109 Neque
614 1038 697 1094 bis
732 1036 830 1091 fuit
874 1040 1174 1093 contentus,
1219 1027 1313 1083 sed
1368 1040 1439 1081 ne
1466 1023 1705 1077 videatur

122 1131 298 1187 verbis
324 1144 446 1185 esse
468 1128 709 1193 humilis,
739 1123 895 1179 at't‘ert
909 1122 1070 1177 etiam
1090 1132 1281 1175 causas
1297 1124 1351 1170 et
1366 1114 1705 1169 demonstra-

124 1225 317 1287 tiones,
349 1219 489 1290 quod
521 1220 592 1275 sit
635 1217 850 1287 quidem
880 1212 1173 1274 abortivus,
1197 1206 1446 1279 quoniam
1475 1204 1588 1273 ipse
1612 1200 1703 1257 Je-

122 1330 239 1367 sum
269 1312 405 1366 vidit
434 1307 732 1379 posterior;
780 1304 922 1375 quod
972 1309 1150 1356 autem
1204 1301 1275 1353 sit
1319 1296 1567 1365 indignus
1616 1290 1708 1361 qui

124 1402 421 1472 appelletur
439 1397 728 1467 apostolus,
756 1394 1007 1465 quoniam
1032 1397 1383 1461 persequutus
1403 1395 1488 1440 est
1516 1382 1706 1439 Eccle-

124 1496 279 1548 sium.
311 1492 445 1547 Nam
474 1490 562 1559 qui
612 1497 816 1543 temere
842 1496 896 1540 et
924 1482 1318 1545 inconsiderate
1344 1487 1427 1534 est
1472 1474 1706 1540 humilis,

127 1584 227 1638 lioc
253 1598 364 1637 non
396 1580 516 1635 facit
540 1598 553 1634 :
578 1578 665 1648 qui
688 1586 862 1631 autem
893 1576 1051 1631 etiam
1082 1572 1234 1628 atl‘ert
1249 1585 1459 1633 causas,
1485 1566 1709 1623 contrita

128 1683 308 1729 mente
328 1673 505 1726 omnia
530 1671 779 1739 loquitur.
807 1668 1166 1736 Quamobrem
1188 1664 1347 1717 etiam
1374 1662 1498 1717 alibi
1526 1675 1709 1715 eorum

130 1764 393 1824 meminit.
421 1762 601 1817 dicens
630 1778 643 1813 :
673 1759 905 1816 Gratiam
936 1768 1102 1811 autem
1132 1756 1287 1809 habeo
1322 1755 1367 1806 ei
1388 1767 1574 1822 quinte
1601 1765 1712 1802 cor-

129 1854 382 1908 roboravit
407 1850 627 1913 Christo,
656 1850 796 1917 quod
832 1865 907 1901 me
933 1847 1133 1916 ﬁdelem
1178 1860 1283 1898 esse
1325 1841 1677 1896 existimaverit
1696 1880 1711 1903 ,

128 1946 266 2014 quod
286 1960 369 1997 me
396 1943 464 1994 ad
486 1941 821 1994 ministerium
853 1940 1097 2008 posuerit,
1126 1938 1211 2008 qui
1237 1937 1380 2006 prius
1418 1952 1554 1989 eram
1582 1935 1716 1987 blas-

132 2036 346 2103 phemus
372 2044 419 2085 et
440 2040 763 2101 persequatur
786 2041 829 2081 et
848 2027 1235 2082 contumeliosus
1262 2026 1346 2097 (l.
1369 2025 1500 2079 Tim.
1520 2025 1571 2078 l.
1602 2022 1713 2093 12).

130 2124 313 2189 Quare
336 2132 513 2176 autem
542 2121 644 2174 hoc
669 2136 881 2190 quoque
911 2120 1079 2172 altum
1117 2118 1343 2171 verbum.
1382 2127 1462 2171 est
1492 2116 1716 2185 eloquu-

133 2226 243 2277 tus,
272 2211 627 2266 Abundantius
676 2212 803 2281 ipsis
829 2209 1092 2263 laboravi?
1145 2206 1371 2262 Videbat
1406 2215 1611 2273 tempus
1635 2203 1717 2257 af-

133 2306 274 2357 ferre
329 2306 719 2358 necessitatem.
779 2300 907 2355 Nam
957 2301 1001 2352 si
1059 2299 1159 2352 hoc
1206 2313 1311 2352 non
1352 2298 1595 2359 dixisset,
1626 2294 1719 2349 sed

132 2396 376 2464 seipsum
389 2393 559 2447 solum
585 2389 969 2459 vilipeudisset,
987 2388 1255 2460 quomodo
1277 2388 1536 2457 potuisset
1556 2386 1722 2440 libere

131 2492 186 2538 ct
204 2482 546 2538 conﬁdenter
574 2484 811 2550 seipsutn
841 2481 1008 2535 citare
1030 2479 1095 2534 ad
1122 2479 1502 2542 testimonium,
1524 2487 1580 2531 et
1601 2472 1722 2531 eum

131 2574 258 2628 aliis
285 2588 608 2628 enumerare
634 2580 691 2626 et
718 2572 915 2634 dicere,
936 2571 1071 2624 .Siue
1099 2571 1232 2622 enim
1256 2586 1367 2640 ego,
1406 2570 1508 2622 sive
1533 2569 1630 2633 illi,
1651 2570 1725 2622 sic

134 2660 515 2730 ιηίεάίεαιηωῖ
558 2661 773 2715 Testem
801 2661 943 2713 enim
985 2668 1196 2728 oportet
1230 2672 1346 2712 esse
1378 2658 1481 2711 ride
1507 2657 1723 2726 dignum

132 2767 185 2809 ct
213 2769 492 2825 maguum.
518 2753 794 2822 Quomodo
818 2762 999 2808 autem
1039 2754 1160 2806 aliis
1189 2753 1547 2807 abundantius
1571 2751 1722 2805 labo-

132 2847 361 2910 raverit,
384 2846 614 2902 ostendit
650 2835 931 2914 superius,
965 2846 1151 2899 dicens
1180 2863 1191 2897 :
1226 2846 1305 2898 Αη
1350 2861 1450 2897 non
1491 2844 1731 2897 habemus

134 2946 441 3005 potestatem
473 2936 763 2989 comedendi
814 2947 859 2989 et
887 2936 1085 2989 bibendi
1111 2937 1241 2989 sicut
1270 2945 1313 2987 et
1343 2934 1433 2987 alii
1476 2932 1731 3004 apostoli?

133 3036 189 3080 et
216 3040 432 3089 rursus,
463 3025 650 3080 Factus
670 3042 780 3079 sum
797 3032 880 3090 iis,
911 3027 1161 3092 quierant
1185 3025 1297 3077 sine
1324 3024 1449 3093 lege,
1479 3034 1736 3094 tamquam

133 3136 302 3174 essem
330 3121 439 3172 sine
467 3120 573 3188 lege
601 3126 619 3188 (
643 3120 692 3172 l.
725 3117 843 3171 Cor.
876 3118 929 3171 9.
962 3119 1015 3170 4.
1060 3116 1121 3170 21
1144 3118 1184 3185 ).
1225 3115 1322 3170 Ubi
1351 3116 1492 3169 enim
1517 3125 1731 3184 oporte-

134 3210 235 3265 bat
275 3210 568 3266 ostendere
592 3220 839 3264 exactam
880 3210 1207 3279 diligentiam
1248 3218 1303 3263 et
1334 3207 1731 3277 perfectionem,

133 3314 348 3356 omnes
383 3300 695 3370 superavit:
729 3308 783 3353 et
814 3300 899 3352 ubi
922 3299 1270 3354 conveniebat
1298 3313 1355 3352 se
1380 3297 1659 3352 demittere
1684 3308 1738 3351 et

133 3390 266 3445 aliis
296 3390 720 3455 accommodare,
741 3390 793 3444 id
814 3405 1023 3461 quoque
1056 3389 1378 3444 excellenter
1408 3387 1548 3447 fecit.
1594 3386 1738 3442 Neu-

134 3482 282 3535 nulli
316 3490 498 3536 autem
550 3481 756 3546 dicunt,
810 3479 951 3549 quod
984 3480 1179 3535 missus
1220 3480 1288 3533 sit
1342 3479 1406 3532 ad
1438 3489 1657 3548 gentes,
1686 3490 1738 3531 ct

139 3572 447 3626 maximam
474 3570 621 3623 orbis
650 3582 852 3637 partem
899 3570 1214 3637 pervaserit.
1244 3567 1399 3623 Unde
1423 3577 1502 3622 est
1531 3570 1738 3637 perSpi-

137 3678 311 3717 cuum
340 3660 486 3731 quod
513 3660 769 3728 majorem
798 3662 1021 3729 gratiam
1050 3661 1118 3713 sit
1146 3671 1479 3731 assequutus.
1510 3658 1565 3715 Si
1595 3661 1738 3714 enim

148 3758 282 3825 plus
313 3755 594 3817 laboravit,
622 3754 846 3823 amplior
872 3756 1030 3807 etiam
1055 3762 1168 3807 erat
1191 3754 1357 3823 gratia
1385 3771 1396 3807 :
1428 3752 1741 3821 ampliorem
1776 3754 1777 3757 “

140 3856 337 3901 autem
354 3844 577 3913 gratiam
601 3853 682 3898 est
699 3847 1077 3911 consequutus,
1099 3843 1348 3911 quoniam
1372 3843 1542 3911 majus
1566 3850 1743 3895 osten.

139 3936 227 3990 dit
248 3934 493 3989 studium
526 3943 579 3987 et
607 3933 955 4003 diligentiam.
982 3932 1171 3986 Vidisti
1195 3932 1482 4003 quomodo,
1506 3945 1600 4001 per
1624 3945 1743 4002 qua:

140 4028 280 4081 dum
323 4025 601 4081 contendit
626 4035 680 4081 et
709 4026 899 4079 nititur
941 4022 1035 4079 sua
1066 4024 1385 4079 adumbrare
1423 4035 1478 4080 et
1529 4034 1741 4094 tegere,

142 4114 465 4171 ostenditur
486 4116 686 4184 primus
726 4114 1002 4168 omnium?

220 4207 283 4262 6.
330 4205 456 4260 Iltcc
503 4220 599 4259 nos
651 4219 859 4273 quoque
911 4204 1227 4267 audientes,
1268 4202 1461 4259 delicta
1526 4203 1747 4273 quidem

146 4311 350 4354 nostra
382 4296 719 4352 traducamus
751 4297 877 4351 etin
906 4296 1173 4367 publicum
1215 4294 1568 4365 proferamus,
1601 4305 1749 4351 recte

144 4402 342 4447 autem
377 4390 512 4445 facta
543 4390 830 4453 sileamus;
863 4398 918 4443 et
947 4389 991 4443 si
1024 4398 1233 4457 tempus
1256 4388 1630 4442 necessitatem
1662 4388 1746 4440 af-

147 4484 299 4535 ferat
323 4523 339 4547 ,
370 4495 431 4534 ea
462 4479 702 4535 modeste
730 4479 1000 4543 dicamus,
1033 4488 1088 4532 et
1115 4487 1280 4533 totum
1312 4479 1493 4546 gratia:
1523 4479 1750 4545 impute-

148 4590 304 4628 tuus.
339 4570 494 4638 Quod
522 4574 636 4638 ipse
662 4586 876 4642 quoque
904 4569 1026 4623 facit
1050 4612 1064 4635 ,
1098 4584 1296 4638 susque
1321 4569 1492 4638 deque
1524 4572 1747 4638 primatu

148 4661 386 4730 quidem
417 4672 567 4741 supm
595 4650 784 4711 notans
820 4658 981 4711 vitam
1005 4700 1019 4722 ,
1050 4673 1171 4727 quae
1201 4665 1377 4711 autem
1407 4670 1587 4725 postea
1628 4669 1754 4713 sunt

147 4757 498 4819 consequuta
520 4788 535 4806 ,
562 4748 749 4815 gratia:
778 4747 1043 4815 imputans
1064 4790 1078 4813 ,
1108 4757 1165 4801 ut
1194 4747 1337 4801 omni
1374 4763 1438 4802 ex
1475 4758 1621 4815 parte
1648 4762 1753 4801 os-

148 4843 358 4899 tendat
402 4838 496 4894 Dei
536 4837 910 4907 benignitatem
952 4849 1006 4891 et
1045 4839 1417 4904 clementiam,
1461 4837 1600 4906 quod
1631 4852 1750 4890 cum

150 4931 292 4985 talis
314 4939 482 4993 esset,
508 4943 629 4983 eum
660 4928 972 4992 servaverit,
1004 4936 1059 4980 et
1082 4942 1267 4981 rursus
1297 4938 1562 4982 servatum
1595 4929 1750 4981 talem

148 5019 382 5074 iecerit.
405 5018 574 5073 Nemo
595 5031 722 5086 ergo
742 5031 805 5069 ex
829 5016 912 5077 iis,
936 5014 1024 5082 qui
1056 5026 1176 5068 sunt
1203 5016 1252 5067 in
1279 5017 1410 5068 vitio
1428 5059 1441 5077 ,
1468 5018 1713 5085 desperet
1737 5035 1751 5081 ;

148 5122 334 5164 nemo
362 5123 429 5162 ex
455 5109 538 5173 iis,
568 5110 656 5178 qui
686 5117 810 5163 sum
839 5107 890 5159 in
920 5106 1146 5169 virtute,
1181 5106 1410 5159 conllda:
1436 5123 1448 5159 :
1475 5108 1567 5160 sed
1596 5120 1649 5163 et
1670 5108 1754 5162 ltic

149 5203 229 5255 sit
261 5196 491 5251 timidus
510 5237 525 5260 ,
553 5208 607 5251 et
636 5198 727 5251 ille
754 5205 1031 5266 promptus
1058 5203 1109 5249 et
1150 5193 1363 5248 alacris.
1404 5194 1583 5262 Neque
1611 5198 1753 5251 enim

149 5294 252 5363 qui
294 5296 387 5345 est
418 5288 566 5358 piger
602 5300 657 5343 et
699 5304 882 5343 socors
911 5330 925 5355 ,
958 5287 1191 5341 sul‘liciet
1230 5285 1296 5339 ad
1341 5287 1658 5340 manendum
1704 5290 1754 5341 in

150 5386 414 5442 virtute;
448 5391 621 5444 neque
648 5382 737 5445 qui
782 5378 1015 5432 studiqu
1058 5376 1273 5431 adhibet
1302 5384 1358 5429 et
1391 5375 1753 5444 diligentiam,

149 5473 268 5527 erit
300 5466 610 5524 imbecillus
648 5465 715 5519 ad
754 5464 1060 5526 fugiendum
1092 5465 1295 5520 vitium.
1342 5465 1541 5521 Horum
1580 5476 1755 5519 autem

149 5566 462 5620 atttborum
491 5558 793 5627 exemplum
823 5566 907 5610 est
932 5558 1121 5611 beatus
1150 5559 1331 5624 David,
1367 5570 1421 5613 ut
1453 5560 1563 5628 qui,
1592 5575 1758 5627 quan—

151 5659 233 5710 do
267 5668 469 5724 πωπω
490 5649 832 5711 dormitavit,
865 5646 1018 5701 valde
1045 5648 1318 5710 ceciderit.
1349 5660 1401 5703 et
1426 5650 1636 5718 quando
1664 5647 1761 5703 luit

147 5754 575 5814 compunctus,
618 5742 684 5799 ad
727 5742 958 5813 priorem
1013 5752 1257 5793 reversus
1296 5741 1366 5793 sit
1399 5742 1753 5796 alttttuliucm.

1062 369 1126 426 IN
1167 363 1375 424 EPIST.
1420 361 1439 415 l
1500 340 1592 415 AD
1629 356 1786 414 con.
1825 349 2055 408 HOMIL.
2097 342 2382 401 xxxviii.

3263 337 3441 395 330.

1801 470 1939 525 Sunt
1965 466 2107 521 enim
2154 474 2373 533 utraque
2401 477 2466 517 ex
2507 476 2658 529 inquo
2688 461 2855 526 mala,
2898 466 2953 513 ct
2994 458 3280 527 desperare
3316 463 3372 511 et

1802 562 2007 632 pigrum
2035 572 2156 612 esse
2197 570 2259 609 ac
2286 554 2636 625 negligentem
2665 570 2680 605 :
2712 567 2834 606 nam
2868 550 2995 605 illud
3022 550 3238 620 quidem
3266 549 3374 604 cito

1804 652 1981 722 dejicit
2017 650 2084 705 ab
2108 651 2223 717 ipso
2252 647 2363 699 rmli
2397 647 2634 709 fornice;
2662 643 2762 698 hoc
2786 654 2963 717 autem
2992 658 3096 697 uou
3120 642 3377 711 permittit

1805 743 1978 813 utqui
2012 741 2151 811 jacet
2189 746 2448 807 resurgat.
2496 738 2778 805 l’r0pterea
2810 738 2882 792 illi
2912 738 3127 807 quidem
3165 736 3379 791 dicebat

1806 835 2019 897 Paulus,
2047 832 2147 899 Qui
2176 832 2369 885 videtur
2394 840 2549 894 stare,
2583 829 2746 882 uideat
2771 845 2833 883 ne
2858 830 3005 882 cadat
3033 829 3110 899 (Ξ.
3140 829 3255 884 Cor.
3282 829 3372 883 10.

1807 924 1895 993 12)
1922 940 1936 982 :
1968 922 2088 976 huic
2117 908 2292 995 autem
2317 960 2332 985 ,
2386 918 2553 972 Hodie
2581 919 2624 972 si
2653 935 2821 973 vocem
2850 923 2958 989 ejus
2984 916 3246 974 audieritis
3269 962 3284 984 ,
3316 936 3378 973 ne

1808 1012 2058 1066 obduretis
2087 1010 2243 1065 corda
2286 1018 2449 1063 vestra
2489 1007 2661 1080 (Psal.
2692 1009 2783 1064 94.
2816 1010 2870 1079 8)
2897 1027 2909 1075 ;
2942 1021 2995 1064 et
3025 1025 3239 1077 rursus,
3272 1009 3376 1063 Re-

1810 1104 1989 1157 missas
2011 1117 2189 1155 titanas
2215 1110 2261 1154 et
2284 1100 2529 1155 dissoluta
2551 1117 2713 1170 genua
2738 1102 2911 1172 erigite
2931 1101 3113 1173 (Hebr.
3151 1102 3237 1158 12.
3264 1102 3377 1175 η).

1812 1194 1944 1249 Eum
1971 1207 2183 1263 quoque
2211 1192 2298 1261 qui
2332 1192 2617 1246 fornicatus
2649 1190 2840 1258 fuerat,
2870 1207 2989 1247 cum
3018 1194 3210 1250 ductus
3237 1204 3384 1250 esset

1814 1288 2145 1357 pauitantia,
2168 1295 2447 1355 propterea
2475 1295 2702 1350 recreat,
2728 1302 2793 1339 ne
2820 1287 2978 1341 nimia
3004 1288 3383 1345 absorberetur

1817 1375 2047 1431 tristitia.
2076 1374 2212 1440 Quid
2242 1389 2369 1443 ergo
2398 1376 2450 1429 in
2488 1374 2609 1429 aliis
2637 1377 2813 1431 animo
2839 1379 3084 1446 angoris,
3115 1395 3150 1433 ο
3184 1381 3343 1435 homo
3368 1384 3381 1436 l

1815 1461 1945 1517 Nam
1975 1465 2020 1518 si
2050 1466 2100 1517 in
2133 1467 2380 1534 peccatis,
2416 1466 2502 1519 ubi
2532 1476 2615 1522 est
2644 1468 2785 1522 utilis
2806 1470 2978 1523 solum
3008 1468 3218 1525 tristitia
3239 1513 3254 1535 ,
3285 1475 3379 1526 im-

1817 1556 2109 1610 moderatio
2134 1573 2384 1627 magnum
2426 1559 2579 1613 aliert
2606 1560 2858 1615 damnum
2881 1603 2895 1625 ,
2924 1563 3091 1617 multo
3121 1566 3288 1633 magis
3332 1566 3384 1619 in

1815 1648 1951 1701 aliis.
1970 1647 2077 1701 Cur
2098 1648 2237 1701 enim
2264 1647 2457 1702 doles?
2478 1666 2545 1702 an
2567 1650 2710 1719 quod
2740 1653 3017 1719 pecuniam
3048 1654 3344 1721 perdideris
3363 1654 3389 1707 Υ

1816 1738 1919 1793 Sed
1947 1740 2117 1807 cogita
2148 1754 2241 1793 eos
2270 1741 2357 1809 qui
2398 1754 2463 1793 ne
2494 1756 2629 1811 pane
2657 1742 2869 1811 quidem
2900 1745 3193 1812 satiantur,
3231 1758 3285 1800 et
3313 1748 3391 1801 ci-

1821 1829 2074 1882 tissintam
2114 1829 2346 1897 accipies
2391 1830 2830 1886 consolationem.
2875 1834 2938 1887 Et
2990 1835 3039 1888 in
3070 1851 3390 1907 unoquoque

1820 1935 2027 1986 eorum,
2058 1936 2177 1990 qua:
2202 1932 2325 1975 sunt
2351 1925 2530 1992 gravia
2559 1933 2613 1978 et
2641 1940 2847 1994 aspera,
2874 1943 2941 1981 ne
2967 1928 3166 1983 deﬂeas
3185 1945 3245 1983 ea
3273 1946 3397 2000 quat

1821 2012 2167 2077 acciderunt;
2200 2015 2291 2068 sed
2321 2031 2416 2082 pro
2446 2017 2541 2079 iis,
2565 2034 2682 2086 qum
2712 2034 2815 2073 non
2844 2021 3151 2076 acciderunt
3180 2036 3395 2092 aspera,

1823 2119 1920 2173 age
1939 2107 2155 2174 gratias.
2190 2106 2423 2160 llabuisti
2467 2109 2717 2176 pecunias
2744 2119 2797 2163 et
2824 2112 3046 2167 amisisti
3069 2114 3091 2167 ‘l
3120 2113 3203 2169 Ne
3226 2100 3397 2185 laci-y-

1823 2197 1986 2249 meris
2013 2212 2106 2264 pro
2130 2196 2326 2250 damno
2353 2241 2363 2262 ,
2404 2200 2497 2254 sed
2532 2216 2630 2267 age
2666 2203 2862 2272 gratias
2901 2218 2997 2273 pro
3027 2216 3270 2276 tempore
3290 2223 3399 2277 quo

1825 2285 1889 2339 iis
1921 2288 2115 2354 potitus
2146 2302 2203 2340 es
2234 2306 2249 2343 :
2276 2290 2359 2343 die
2401 2307 2521 2345 cum
2560 2292 2696 2348 Jobo
2721 2336 2734 2357 ,
2786 2296 2846 2350 Si
2888 2296 3019 2352 bona
3048 2301 3333 2370 accepimus
3365 2320 3399 2356 α

1826 2374 2065 2442 Domino,
2092 2394 2181 2431 cur
2204 2380 2339 2432 mala
2368 2398 2467 2435 non
2492 2385 2842 2441 sustinebimus
2879 2387 3001 2459 (Job
3027 2389 3079 2444 2.
3109 2394 3192 2459 ιθ)
3217 2392 3240 2445 ?
3266 2375 3396 2447 Cum

1829 2472 1931 2527 hoc
1958 2482 2132 2528 autem
2174 2475 2303 2529 illud
2348 2477 2508 2532 etiam
2536 2480 2813 2534 considera
2846 2497 2861 2535 :
2894 2484 2939 2536 si
2971 2483 3195 2539 amisisti
3238 2500 3395 2552 pecu-

1830 2564 1980 2629 nias,
2018 2573 2071 2617 at
2094 2579 2289 2634 corpus
2331 2567 2545 2620 interim
2583 2567 2749 2624 habes
2786 2585 3015 2635 sanum,
3054 2583 3108 2627 et
3150 2590 3253 2628 non
3279 2591 3399 2630 cum

1832 2664 2139 2722 paupertate
2166 2656 2381 2725 deucjus
2409 2672 2618 2728 quoque
2646 2660 2951 2716 lamentaris
2981 2644 3305 2721 infirmitate.
3339 2670 3405 2722 At

1833 2752 1979 2805 tuum
2009 2746 2170 2799 etiam
2202 2762 2397 2813 corpus
2423 2749 2656 2817 aliquam
2684 2766 2897 2819 passum
2928 2766 3003 2808 est
3035 2771 3226 2810 noxam
3248 2759 3273 2810 ?
3299 2758 3405 2815 Sed

1834 2850 1939 2889 non
1970 2845 2052 2890 est
2089 2836 2174 2890 hic
2202 2837 2394 2891 fundus
2419 2840 2678 2893 malorum
2709 2840 3061 2897 humanorum
3080 2888 3092 2909 ,
3127 2849 3222 2902 sed
3253 2848 3407 2904 ferris

1836 2927 2047 2981 interim
2087 2928 2139 2980 in
2183 2928 2357 2982 medio
2384 2929 2546 2983 dolio.
2587 2929 2737 2985 Multi
2766 2933 2907 2986 enim
2945 2950 3063 2987 cum
3099 2948 3409 3006 paupertate

1836 3030 1897 3071 ac
1923 3016 2255 3071 mutilatione
2300 3019 2566 3073 luctantur
2595 3029 2649 3073 et
2684 3025 2804 3075 eum
2840 3022 3116 3090 darmone,
3147 3036 3203 3079 et
3230 3040 3421 3093 errant

1838 3106 1889 3157 in
1920 3104 2147 3160 desertis
2176 3123 2187 3158 :
2232 3108 2318 3160 alii
2352 3123 2534 3162 rursus
2569 3111 2681 3163 alia.
2712 3112 2983 3180 patiuntur
3020 3114 3103 3170 his
3139 3130 3407 3185 graviora.

1839 3194 1992 3249 Absit
2014 3196 2154 3249 enim
2195 3208 2251 3251 ut
2282 3199 2542 3266 patiamur
2570 3216 2918 3271 qmrcumque
2962 3206 3079 3275 pati
3103 3222 3406 3276 possumus.

1841 3286 1964 3341 llaec
1990 3302 2120 3356 ergo
2147 3302 2359 3357 semper
2397 3299 2648 3359 reputans
2669 3334 2692 3357 ,.
2717 3308 2809 3347 eos
2834 3297 3001 3365 Cogita
3030 3300 3117 3366 qui
3148 3300 3416 3367 patiuntur

1839 3378 2105 3446 graviora,
2133 3386 2186 3432 et
2210 3378 2277 3432 de
2301 3379 2448 3434 nullo
2476 3395 2659 3434 eorum
2692 3384 2907 3449 doleas;
2932 3387 3029 3441 sed
3055 3390 3269 3457 quando
3290 3408 3413 3460 pee-

1841 3470 1980 3519 caris
2006 3508 2019 3529 ,
2056 3477 2180 3521 tunc
2218 3467 2389 3522 solum
2418 3470 2703 3539 iugemisce
2729 3514 2743 3538 ,
2774 3484 2898 3529 tunc
2939 3476 3233 3548 lacrymare
3264 3498 3276 3533 :
3309 3498 3415 3536 non

1842 3559 2134 3629 prohibeo,
2163 3561 2258 3615 sed
2303 3564 2483 3631 potius
2524 3566 2748 3629 hortor;
2786 3577 2839 3621 et
2885 3576 3010 3624 tunc
3052 3588 3266 3641 quoque
3295 3590 3414 3629 cum

1844 3650 2233 3715 moderatione,
2265 3655 2503 3722 cogitans
2527 3656 2670 3724 quod
2698 3660 2768 3710 sit
2794 3663 3052 3728 reversio,
3082 3664 3153 3719 sit
3181 3669 3420 3724 reconci-

1846 3740 2012 3793 liatio.
2047 3745 2115 3793 At
2156 3742 2310 3797 vides
2337 3745 2472 3798 alios
2499 3761 2619 3800 esse
2664 3747 2715 3800 in
2754 3749 2997 3815 deliciis,
3050 3762 3099 3807 te
3146 3765 3323 3811 autem
3368 3760 3421 3812 in

1851 3843 2161 3901 paupertate
2184 3877 2200 3901 ,
2230 3835 2503 3907 aliumque.
2523 3839 2816 3908 Splendidis
2842 3843 3087 3900 indutum
3110 3849 3346 3903 vestibus
3368 3863 3424 3904 et

1847 3924 2191 3992 conspicuum
2221 3926 2386 3981 esse?
2417 3927 2611 3985 Verum
2647 3946 2714 3985 ue
2740 3931 2856 3987 ιιωρ
2890 3935 3067 3989 solum
3091 3939 3421 4004 consideres,

1849 4013 1943 4067 sed
1972 4015 2132 4067 etiam
2162 4030 2253 4069 eas
2281 4032 2400 4085 quas
2429 4028 2551 4071 sunt
2580 4035 2644 4073 cx
2673 4022 2756 4075 his
2786 4024 3077 4081 molestias.
3111 4028 3162 4081 lu
3195 4045 3421 4100 pauper—

1851 4112 1959 4159 tate
1990 4115 2165 4161 autem
2212 4124 2278 4161 ne
2307 4110 2618 4166 consideres
2660 4116 2827 4169 solam
2862 4119 3253 4176 mendicitatem
3281 4166 3295 4190 ,
3327 4128 3418 4180 sed

1851 4195 2010 4251 etiam
2039 4211 2157 4251 eam
2185 4213 2303 4267 quae
2333 4201 2455 4256 inde
2484 4204 2689 4272 capitur
2716 4207 3061 4277 voluptatem.

1924 4285 2251 4358 Paupertatis
2279 4291 2602 4360 [elicitas.-—
2623 4294 2751 4350 Nam
2777 4298 2978 4355 divitia:
3007 4306 3217 4372 quidem
3249 4308 3421 4363 lzctam

1854 4378 2050 4435 habent
2086 4381 2319 4448 larvam,
2352 4386 2558 4440 interna
2597 4398 2775 4444 autem
2810 4392 2967 4461 plena
2998 4406 3121 4450 sunt
3160 4401 3382 4469 caligine
3409 4419 3423 4464 ;

1856 4480 2138 4541 paupertas
2178 4483 2353 4528 autem
2384 4486 2567 4530 contra
2599 4496 2613 4531 :
2648 4490 2702 4533 et
2728 4481 2776 4535 si
2807 4485 3223 4559 uniuscujusque
3252 4494 3428 4560 expli-

1855 4563 1995 4617 caris
2018 4564 2397 4619 conscientiam
2419 4608 2433 4631 ,
2477 4568 2528 4621 in
2561 4570 2735 4624 anima
2766 4573 2980 4641 quidem
3019 4582 3424 4649 pauperismnl—

1858 4662 1963 4708 tam
2020 4652 2222 4708 videbis
2265 4658 2604 4713 securitatem
2653 4670 2709 4714 et
2754 4661 3093 4730 libertatein;
3153 4671 3202 4722 in
3248 4674 3425 4727 anima

1857 4755 2033 4797 autem
2063 4743 2243 4799 divitis
2274 4748 2564 4816 tumultus,
2596 4754 3020 4819 perturbationes
3047 4770 3101 4813 et
3129 4763 3337 4815 ﬂuctus.
3370 4763 3427 4818 Si

1857 4843 2032 4887 autem
2060 4835 2213 4890 doles
2244 4837 2431 4893 videns
2459 4839 2633 4907 ipsuut
2663 4844 2882 4899 divitem
2905 4888 2920 4911 ,
2955 4848 3041 4903 illo
3068 4865 3279 4918 quoque
3312 4855 3428 4922 plus

1858 4938 2015 4992 quam
2049 4933 2103 4977 tu
2131 4924 2311 4990 dolet,
2339 4928 2605 4997 aspiciens
2630 4948 2754 4987 eum
2784 4936 2870 5003 qui
2903 4946 2992 4991 est.
3017 4939 3132 5007 ipso
3154 4943 3347 4998 ditior:
3378 4960 3431 5003 et

1860 5015 1996 5069 sicut
2026 5022 2079 5069 tu
2109 5015 2255 5067 illum
2288 5016 2462 5082 times,
2498 5021 2566 5072 ita
2597 5026 2710 5089 Ipse
2739 5038 2948 5094 quoque
2978 5029 3162 5099 alium,
3194 5045 3250 5089 et
3284 5038 3335 5091 in
3364 5054 3436 5091 eo

1862 5113 1913 5160 te
1939 5105 2068 5160 nihil
2098 5107 2372 5175 praecellit.
2407 5110 2474 5164 At
2497 5111 2647 5166 doles
2671 5115 2855 5172 videns
2883 5122 3270 5191 magistratum,
3300 5144 3429 5197 quo-

1862 5201 2004 5253 niam
2028 5210 2081 5253 tu
2104 5214 2163 5254 es
2190 5201 2445 5269 privatus,
2474 5213 2526 5258 et
2554 5219 2617 5259 ev
2646 5206 2710 5262 iis
2734 5210 2821 5278 qui
2844 5225 3031 5280 parent
3057 5215 3297 5284 imperio.
3328 5220 3433 5273 Sed

1864 5289 1958 5343 tibi
1988 5292 2163 5345 veniat
2196 5291 2247 5345 in
2294 5303 2523 5349 mentem
2560 5307 2615 5351 et
2641 5298 2757 5352 dies
2808 5305 3197 5370 successionis;
3241 5310 3337 5365 sed
3384 5326 3439 5369 et

1864 5388 1988 5433 ante
2018 5380 2165 5434 illum
2198 5382 2338 5436 diem
2364 5386 2618 5439 tumultus
2640 5427 2655 5453 ,
2685 5391 2913 5456 pericula
2939 5433 2952 5455 ,
2984 5396 3213 5463 labores,
3244 5401 3433 5456 adula-

1866 5468 2055 5531 tiones,
2089 5472 2279 5540 vigilia:
2305 5514 2319 5538 ,
2347 5488 2532 5530 omnes
2565 5476 2913 5536 calamitates.
2964 5483 3029 5537 Et
3069 5484 3182 5541 lucc
3207 5489 3435 5545 dit-imus

1866 5563 2004 5627 apud
2025 5577 2139 5625 eos,
2169 5562 2257 5632 qui
2288 5564 2472 5618 nolunt
2496 5565 2876 5640 philosophari.
2908 5572 3038 5628 Nam
3063 5578 3105 5629 si
3136 5579 3235 5631 ltoc
3260 5582 3399 5637 scias
3417 5595 3446 5651 ,‘

1869 5665 1931 5703 ex
1969 5652 2086 5705 aliis
2124 5656 2410 5722 majoribus
2454 5674 2734 5726 possumus
2772 5674 2824 5715 te
2869 5668 3132 5721 consolari
3163 5685 3179 5723 :
3222 5672 3431 5729 interim

1871 5759 2089 5798 necesse
2113 5756 2191 5799 cst
2218 5765 2278 5802 ex
2304 5752 2653 5805 crassioribus
2672 5754 3187 5829 tecumdisecptare.
3216 5762 3439 5828 Quando
