4066 6348
603 318 701 378 331

604 447 738 502 ergo
764 432 963 489 videris
987 430 1232 499 divitem,
1259 437 1434 506 cogita
1462 436 1557 492 illo
1582 437 1829 493 ditiorem
1851 480 1865 504 ,
1895 449 1950 495 et
1978 438 2186 495 videbis

602 540 727 580 eum
754 523 935 579 itidem
962 534 1020 581 ut
1042 534 1171 581 tues
1192 540 1312 581 esse
1329 526 1600 583 amictum.
1627 529 1751 582 Post
1778 531 1950 599 ipsum
1982 540 2183 597 autem,

603 617 776 686 cogita
798 618 958 671 etiam
984 631 1106 673 eum
1135 619 1222 687 qui
1247 626 1332 674 est
1361 630 1411 673 te
1434 619 1717 688 pauperior
1734 661 1748 685 ,
1777 632 1830 675 et
1852 636 2008 688 quam
2034 623 2183 676 multi

598 708 934 764 dormierunt
958 711 1257 765 esurientes
1286 753 1299 773 ,
1331 720 1385 765 et
1416 722 1664 779 paternas
1692 714 1984 766 amiserunt
2012 712 2179 768 facul-

602 809 735 854 tates
759 841 775 866 ,
806 810 861 855 et
906 801 1145 855 habitant
1192 804 1243 856 in
1285 817 1502 857 carcere
1528 845 1543 867 ,
1595 818 1656 857 ac
1685 804 1923 873 quotidie
1950 814 2178 859 mortem

596 900 807 959 optaui.
836 890 1020 961 Neque
1054 894 1195 946 enim
1239 893 1401 947 animi
1443 894 1809 963 :rgritudinem
1852 905 2139 964 paupertas
2163 937 2177 961 ,

598 995 773 1051 neque
801 980 1130 1050 voluptatem
1159 984 1372 1051 pariunt
1394 983 1614 1047 divitiae,
1641 985 1732 1038 sed
1765 995 1822 1039 et
1849 985 1949 1039 hoc
1971 996 2025 1040 et
2054 987 2179 1039 illud

596 1072 753 1126 nobis
781 1072 919 1127 solet
960 1072 1145 1128 indere
1169 1076 1442 1143 cogitatio.
1470 1073 1761 1130 Considera
1798 1086 1975 1131 autem
2002 1078 2071 1131 ab
2101 1077 2181 1131 in-

598 1164 738 1219 limis
767 1163 1063 1234 incipiens,
1096 1166 1185 1234 qui
1229 1168 1363 1220 emit
1401 1177 1638 1221 stercora
1666 1207 1681 1231 ,
1717 1167 1862 1223 dolet
1886 1178 1940 1223 et
1967 1169 2178 1223 tristitia

595 1252 850 1321 afﬁcitur,
878 1254 1022 1325 quod
1054 1269 1159 1309 non
1188 1255 1256 1308 sit
1284 1256 1422 1311 liber
1443 1257 1512 1311 ab
1553 1256 1655 1310 hoc
1689 1258 1889 1312 misero
1908 1297 1923 1323 ,
1956 1267 2011 1313 et
2037 1260 2177 1327 quod

568 1416 569 1421 η
594 1346 913 1416 probrosum
942 1361 1063 1401 esse
1094 1346 1336 1413 videtur,
1358 1346 1536 1401 studio
1562 1364 1575 1412 ;
1599 1347 1693 1402 sed
1738 1350 1783 1402 si
1820 1348 1991 1417 ipsum
2020 1365 2085 1403 eo
2113 1350 2171 1402 li—

596 1438 869 1493 beraveris
897 1447 951 1491 et
975 1437 1217 1492 eil‘eceris
1245 1448 1303 1491 ut
1326 1453 1513 1494 secure
1536 1440 1771 1494 abundet
1796 1440 1955 1495 rebus
1987 1456 2177 1495 neces-

590 1530 765 1595 sariis,
797 1544 983 1584 rursus
1007 1530 1208 1584 dolebit
1238 1529 1377 1598 quod
1404 1544 1507 1583 non
1537 1531 1688 1599 plura
1720 1531 1991 1600 possideat
2014 1547 2174 1601 quam

592 1634 732 1689 opus
765 1620 873 1683 sit;
907 1630 961 1673 et
995 1621 1039 1674 si
1069 1621 1221 1689 plura
1250 1620 1463 1676 dederis
1487 1661 1502 1685 ,
1548 1621 1693 1675 volet
1740 1637 1802 1675 ea
1845 1637 1966 1677 esse
2013 1623 2175 1692 duplo

590 1711 830 1781 majora;
862 1726 925 1765 ac
970 1721 1249 1780 propterea
1297 1726 1401 1766 non
1460 1711 1652 1764 minori
1698 1710 1964 1766 afﬁcietur
1990 1713 2175 1766 dolore

585 1819 747 1873 quam
776 1803 927 1873 prius
960 1820 973 1855 :
1006 1813 1059 1856 et
1085 1803 1128 1856 si
1157 1802 1320 1871 duplo
1351 1812 1407 1856 et
1454 1803 1613 1871 triplo
1645 1803 1795 1870 plura
1831 1804 1879 1854 ei
1924 1801 2170 1867 dederis,

586 1912 773 1951 rursus
792 1894 973 1951 animo
996 1903 1242 1965 augetur,
1266 1893 1407 1962 quod
1437 1909 1548 1947 non
1566 1904 1718 1963 gerat
1746 1894 2129 1963 rempublicam
2157 1912 2169 1947 :

585 1996 641 2041 et
670 1988 714 2041 si
748 1987 852 2041 hoc
874 1986 924 2041 ei
952 1985 1191 2054 pra-beas
1213 2025 1228 2051 ,
1268 1984 1506 2052 seipsum
1530 1982 1693 2037 ducet
1719 1998 1838 2037 esse
1877 1985 2128 2037 miserum
2156 2025 2169 2047 .

585 2079 727 2149 quod
754 2094 861 2133 non
909 2078 1109 2147 primas
1144 2086 1323 2145 partes
1369 2082 1547 2130 teneat
1591 2073 1647 2130 in
1690 2076 1999 2143 republica:
2031 2076 2173 2131 hunc

586 2180 765 2225 autem
816 2170 1077 2223 honorem
1122 2177 1442 2236 assequntus
1475 2207 1490 2233 ,
1536 2166 1676 2236 quod
1725 2183 1831 2220 non
1890 2167 2168 2237 imperium

587 2261 844 2315 obtineat.
876 2258 1102 2326 Quando
1129 2267 1304 2312 autem
1348 2256 1627 2326 imperium
1669 2257 1995 2323 obtinuerit,
2029 2258 2171 2327 quod

588 2366 692 2405 non
723 2351 884 2404 totius
908 2349 1083 2418 gentis
1108 2367 1121 2403 :
1145 2348 1358 2418 quando
1380 2356 1557 2401 autem
1582 2349 1744 2402 etiam
1773 2350 1936 2401 totius
1958 2350 2133 2417 gentis
2154 2388 2168 2411 ,

585 2441 727 2510 quod
756 2456 859 2496 non
890 2441 1177 2494 multarum
1206 2440 1442 2508 gentium
1476 2452 1487 2486 :
1519 2438 1733 2507 quando
1759 2450 1938 2493 autem
1975 2439 2165 2491 multa-

585 2549 703 2588 rum
729 2532 989 2603 gentium,
1019 2530 1159 2601 quod
1193 2547 1298 2584 non
1327 2531 1587 2584 omnium.
1611 2529 1837 2595 Quando
1866 2528 2037 2582 factus
2060 2529 2172 2583 fue-

587 2627 655 2678 rit
686 2623 893 2692 legatus
922 2633 1014 2675 aut
1060 2620 1342 2688 prmfectus
1365 2661 1381 2684 ,
1425 2635 1613 2679 rursus
1647 2619 1835 2673 dolore
1861 2619 2124 2674 afﬁcietur
2148 2662 2165 2686 ,

586 2716 730 2786 quod
758 2730 865 2768 non
901 2715 971 2767 sit
1007 2729 1099 2766 rex
1129 2729 1143 2777 ;
1176 2720 1231 2766 et
1264 2711 1310 2766 si
1349 2713 1411 2764 sit
1447 2728 1561 2779 rex,
1592 2713 1732 2782 quod
1762 2728 1866 2766 non
1902 2713 2087 2778 solus;
2117 2724 2171 2769 et

585 2806 630 2859 si
660 2805 841 2869 solus,
871 2802 1012 2873 quod
1048 2818 1151 2855 non
1190 2802 1538 2857 barbarorum
1578 2818 1827 2872 quoque,
1872 2804 2014 2872 quod
2065 2807 2169 2859 neu

587 2895 748 2950 etiam
782 2894 945 2947 totius
990 2892 1136 2946 orbis
1178 2901 1372 2948 terrm:
1405 2907 1524 2945 cum
1569 2900 1748 2946 autem
1783 2893 1944 2946 totius
1986 2894 2165 2959 orbis,

582 3000 682 3040 cur
709 3000 813 3038 nou
843 2984 1003 3038 etiam
1052 2982 1276 3037 alterius
1306 2982 1539 3036 mundi?
1573 2983 1639 3036 Et
1683 2983 1761 3036 sic
1805 2984 1856 3035 in
1905 2982 2168 3038 inﬁnitum

584 3078 882 3148 procedens
910 3075 1161 3144 cogitatio
1191 3116 1207 3139 ,
1255 3090 1357 3127 non
1386 3075 1515 3128 sinit
1546 3090 1665 3127 cum
1696 3090 1946 3143 umquam
1974 3076 2165 3128 laetari.

656 3171 710 3223 7.
755 3167 997 3221 VidiSIin’
1026 3167 1297 3235 quomodo
1321 3206 1337 3230 ,
1370 3166 1579 3220 etiarnsi
1608 3181 1674 3219 ex
1725 3166 1813 3218 vili
1860 3176 1913 3220 et
1960 3168 2170 3234 alijecto

583 3276 765 3331 regem
798 3259 1006 3324 feceris,
1056 3272 1163 3311 nou
1204 3257 1346 3311 toilis
1390 3256 1555 3309 animi
1601 3257 1968 3325 aegritudinem
2000 3297 2015 3322 ,
2066 3260 2167 3313 nisi

582 3352 889 3409 correxeris
914 3350 1315 3420 cogitationem,
1343 3365 1464 3419 qua:
1495 3349 1700 3403 laborat
1729 3351 1949 3404 avaritia
1978 3360 2032 3404 et
2056 3352 2170 3419 plu-

584 3463 641 3501 ra
694 3443 924 3497 habendi
966 3442 1296 3511 cupiditate?
1343 3445 1455 3511 Age
1489 3482 1503 3507 ,
1550 3442 1642 3494 tibi
1687 3444 1846 3496 etiam
1888 3444 2166 3499 ostendam

582 3534 911 3591 contrarium
940 3575 955 3599 ,
988 3532 1133 3601 quod
1160 3532 1370 3586 etiamsi
1414 3548 1441 3583 a
1474 3534 1740 3601 supremis
1767 3532 1833 3587 ad
1864 3535 2040 3588 inﬁma
2070 3536 2169 3591 de-

582 3625 800 3681 duxeris
823 3640 945 3678 eum
972 3624 1061 3693 qui
1092 3632 1175 3676 est
1204 3622 1485 3691 prudentia
1515 3623 1791 3692 praeditus,
1826 3641 1931 3678 non
1964 3627 2169 3695 injicies

583 3722 637 3773 in
668 3718 832 3771 animi
868 3715 1241 3786 aegritudinem
1283 3725 1338 3769 et
1364 3715 1654 3767 tristitiam.
1689 3715 1752 3768 Et
1780 3716 1823 3767 si
1850 3718 1928 3769 vis
1951 3717 2167 3771 easdem

580 3808 973 3867 descendamus
996 3807 1169 3860 scalas
1189 3846 1206 3872 ,
1230 3814 1287 3859 et
1317 3806 1621 3874 praefectum
1649 3821 1681 3860 e
1722 3806 1851 3860 sede
1899 3808 2045 3861 urbis
2069 3810 2166 3864 de-

581 3907 779 3973 jectum
816 3899 963 3968 priva
996 3898 1083 3951 illa
1109 3897 1385 3965 dignitate.
1426 3896 1542 3965 Ipse
1568 3895 1711 3950 enim
1738 3896 1851 3951 haec
1880 3914 1998 3967 quze
2026 3900 2166 3953 dixi-

582 4010 701 4049 mus
727 3993 965 4061 cogitare
995 3991 1038 4044 si
1068 3988 1218 4055 velit,
1253 3989 1383 4041 nihil
1416 3987 1539 4043 inde
1562 3988 1782 4043 dolebit.
1814 3989 1997 4061 Neque
2023 3994 2166 4046 enim

584 4083 848 4153 rcputabil
877 4096 938 4135 ea
981 4095 1099 4146 qua:
1133 4089 1258 4133 sunt
1287 4078 1333 4131 ei
1365 4078 1541 4132 ablata
1568 4120 1583 4144 ,
1632 4080 1728 4134 sed
1771 4096 1831 4133 ea
1879 4098 1997 4149 qua:
2043 4092 2167 4137 tunc

586 4176 761 4235 habet,
791 4188 983 4240 nempe
1005 4171 1227 4240 gloriam
1254 4185 1410 4238 quam
1438 4168 1598 4221 habet
1627 4184 1693 4222 ex
1724 4185 1788 4223 eo
1809 4186 1965 4239 quem
1992 4175 2165 4241 gessit

584 4266 917 4336 magistratu.
948 4264 1001 4317 Si
1030 4273 1207 4316 autem
1248 4277 1367 4315 eam
1399 4276 1612 4330 quoque
1630 4264 1951 4336 _abstuleris,
1984 4267 2165 4323 animo

584 4357 851 4429 reputabit
884 4357 1141 4426 privatos,
1173 4362 1227 4407 et
1255 4354 1341 4422 qui
1367 4353 1432 4406 ad
1463 4368 1584 4408 eum
1615 4356 1983 4424 magistratum
2012 4374 2166 4414 num-

581 4468 741 4523 quam
769 4447 1161 4510 ascenderunt,
1192 4454 1245 4499 et
1274 4445 1337 4498 ad
1364 4446 1785 4500 consolationem
1821 4449 1869 4499 ei
1898 4448 2165 4504 sufﬁcient

580 4547 781 4600 divitia:
809 4561 823 4597 ε
857 4544 937 4595 sin
968 4550 1144 4595 autem
1176 4539 1244 4594 ab
1279 4540 1343 4593 iis
1371 4553 1586 4609 quoque
1616 4555 1800 4593 rursus
1829 4554 1950 4593 eum
1993 4556 2161 4611 expu-

580 4638 729 4700 leris,
760 4631 1121 4689 considerabit
1162 4646 1255 4685 eos
1294 4630 1384 4702 qui
1428 4628 1721 4685 mediocria
1765 4630 2084 4697 possident:
2118 4634 2160 4686 si

582 4740 760 4782 :mtem
780 4727 941 4782 etiam
970 4723 1255 4779 abstuleris
1283 4721 1593 4785 mediocria,
1620 4729 1676 4773 et
1700 4721 1749 4775 ei
1776 4722 1947 4776 solum
1978 4736 2162 4778 neces-

584 4821 781 4873 sarium
814 4818 1132 4887 impertieris
1148 4817 1479 4879 alimentum,
1508 4815 1701 4883 poterit
1726 4816 1903 4869 animo
1928 4818 2163 4887 cogitare

584 4924 678 4966 eos
699 4950 711 4961 .
744 4908 833 4977 qui
859 4923 924 4960 ne
953 4908 1003 4960 id
1029 4907 1241 4976 quidem
1267 4907 1542 4978 possident
1567 4947 1581 4970 ,
1613 4907 1708 4960 sed
1734 4924 1854 4963 cum
1879 4906 1993 4977 jugi
2023 4909 2161 4964 fame

581 5000 991 5060 curifiictantur,
1030 5006 1081 5049 et
1110 4998 1163 5049 in
1194 5011 1413 5051 carcere
1451 4996 1709 5050 habitant.
1739 4998 1888 5067 Quod
1925 5000 1968 5052 si
1998 5000 2158 5053 etiam

1366 321 1423 379 S.
1467 321 1745 381 JOANNIS
1779 322 2250 384 CHRYSOSTOMI
2288 324 2604 386 ARClliEP.
2645 330 3175 394 CONSTANTINOP.

3768 338 3881 395 332

2293 442 2465 511 ipsum
2506 445 2558 497 in
2589 445 2807 501 domum
2853 446 2997 505 illam
3036 448 3250 504 duxeris
3272 491 3290 518 ,
3321 450 3499 506 animo
3527 464 3749 507 versans
3773 468 3877 508 eos

2291 534 2380 601 qui
2414 533 2614 588 morbis
2639 534 2883 591 laborant
2906 537 3311 607 incumbiiibus,
3339 541 3877 611 intolerabilibusque

2292 624 2564 679 doloribus
2589 666 2603 689 ,
2636 626 2836 681 videbit
2862 629 3029 683 multo
3056 644 3116 684 se
3145 630 3343 686 habere
3373 633 3585 688 melius.
3619 634 3686 687 Et
3733 634 3877 687 sicut

2294 724 2504 783 emptor
2548 716 2641 771 ille
2679 720 2932 773 stercoris
2953 735 3021 774 ne
3060 737 3151 773 rex
3183 723 3395 792 quidem
3440 723 3609 778 factus
3662 726 3878 779 fruetur

2286 806 2448 859 animi
2479 808 2865 877 tranquillitate
2893 831 2906 865 :
2936 811 3004 864 ita
3034 813 3121 865 hic
3146 828 3376 881 quoque.
3410 829 3475 869 ne
3497 816 3541 870 si
3567 816 3722 869 fuerit
3750 818 3875 884 qui-

2283 894 2407 949 dem
2439 898 2491 949 in
2520 898 2743 951 vinculis
2762 939 2775 960 ,
2807 915 3054 968 umquam
3082 900 3298 955 dolebit.
3334 902 3512 973 Neque
3540 905 3695 973 igitur
3726 906 3872 957 divi-

2288 987 2372 1039 tia:
2402 987 2707 1057 voluptatis,
2739 1006 2911 1060 neque
2930 1002 3210 1061 paupertas
3232 1002 3315 1046 est
3339 1010 3494 1047 causa
3518 997 3678 1049 animi
3701 999 3875 1065 :egri-

2288 1077 2506 1142 tudinis,
2539 1081 2630 1132 sed
2665 1096 2818 1135 mens
2846 1092 3025 1136 nostra
3048 1124 3063 1146 ,
3094 1094 3148 1136 et
3174 1085 3313 1152 quod
3337 1086 3497 1137 animi
3525 1088 3689 1139 nostri
3724 1088 3875 1141 oeuli

2283 1168 2502 1223 minime
2528 1170 2633 1224 sint
2657 1172 2794 1239 puri,
2820 1188 2991 1241 neque
3018 1189 3237 1242 usquam
3266 1174 3399 1227 ﬁrmi
3428 1176 3533 1228 sint
3554 1176 3874 1235 etstabiles.

2282 1257 2376 1310 sed
2419 1259 2600 1312 volent
2641 1262 2705 1313 ad
2758 1262 3046 1317 inﬁnitum.
3099 1265 3164 1317 Et
3207 1264 3343 1316 sicut
3386 1266 3612 1318 salubria
3643 1267 3873 1334 quidem

2281 1362 2527 1414 corpora,
2553 1350 2761 1404 etiamsi
2786 1352 2903 1407 solo
2929 1367 3067 1423 pane
3094 1354 3305 1406 aluntur
3325 1395 3338 1416 ,
3366 1356 3501 1408 bene
3523 1354 3708 1408 affecta
3739 1371 3875 1410 sunt

2280 1448 2331 1491 et
2364 1440 2674 1505 luxuriant;
2714 1443 2953 1498 morbida
2983 1452 3157 1497 autem
3181 1485 3194 1506 ,
3228 1447 3436 1499 etiamsi
3469 1447 3607 1499 lauta
3637 1456 3689 1501 et
3719 1450 3873 1501 varia

2279 1527 2522 1583 fruantur
2544 1546 2751 1596 mensa,
2777 1548 2845 1588 eo
2871 1542 2994 1587 sunt
3024 1534 3372 1588 imbecilliora
3402 1553 3414 1587 :
3450 1537 3517 1588 ita
3544 1538 3703 1589 etiam
3726 1538 3879 1591 solrt

2278 1621 2493 1673 evenire
2534 1620 2586 1673 in
2616 1622 2816 1677 anima.
2844 1621 2944 1689 Qui
2977 1623 3155 1691 pusilli
3190 1624 3405 1693 quidem
3432 1635 3487 1680 et
3515 1626 3707 1695 abjccti
3738 1638 3877 1681 sum

2280 1710 2465 1775 auirni,
2498 1725 2563 1762 ne
2586 1710 2637 1762 in
2669 1710 2971 1766 diademate
2991 1713 3205 1781 quidem
3230 1724 3284 1767 et
3316 1714 3607 1769 honoribus
3626 1719 3715 1785 qui
3746 1733 3879 1770 ver-

2280 1799 2360 1852 bis
2388 1816 2492 1853 non
2527 1812 2749 1868 possunt
2769 1803 3046 1873 explicari,
3073 1816 3297 1872 possunt
3323 1820 3443 1861 esse
3474 1807 3614 1861 bono
3636 1818 3693 1862 et
3716 1818 3877 1861 tran-

2278 1890 2443 1959 quillo
2468 1892 2649 1947 animo
2677 1910 2690 1944 :
2725 1892 3024 1963 phil050phi
3056 1906 3233 1951 autem
3260 1905 3315 1949 et
3351 1897 3404 1950 in
3452 1898 3679 1952 vinculis
3712 1909 3770 1953 et
3820 1902 3877 1954 in

2277 1990 2459 2033 catena
2488 1991 2539 2034 et
2564 1984 2613 2035 in
2647 1993 2961 2053 paupertate
2983 2001 3111 2054 pura
3138 1985 3389 2040 fruuntur
3414 1989 3707 2055 voluptate.
3744 1990 3878 2044 llzx-c

2276 2086 2404 2141 ergo
2424 2074 2721 2142 cogitantes
2748 2114 2766 2141 ,
2810 2076 3130 2143 aspiciamus
3173 2091 3387 2146 semper
3428 2078 3495 2130 ad
3542 2078 3877 2135 deteriores.

2276 2162 2406 2215 Nam
2434 2175 2518 2218 est
2545 2165 2762 2233 quidem
2784 2167 2946 2222 etiam
2978 2167 3081 2222 alia
3107 2168 3411 2223 consolatio
3434 2211 3448 2234 ,
3490 2171 3583 2225 sed
3621 2171 3877 2239 philoso-

2277 2254 2431 2321 phica
2457 2294 2469 2316 ,
2503 2267 2556 2308 et
2583 2271 2701 2323 qua:
2731 2257 3023 2312 multorum
3044 2258 3270 2313 aliorum
3300 2271 3519 2328 superat
3544 2262 3878 2314 crassitudi—

2275 2358 2419 2396 nem.
2445 2343 2699 2410 Quaenam
2730 2360 2792 2398 ea
2819 2345 2941 2399 est?
2968 2346 3120 2413 Quod
3148 2348 3280 2402 nihil
3308 2360 3433 2401 sunt
3459 2350 3657 2403 divitia:
3685 2392 3700 2413 ,
3731 2352 3876 2404 nihil

2278 2442 2586 2501 paupertas,
2617 2434 2748 2490 nihil
2767 2435 3081 2505 ignominia,
3113 2438 3247 2491 nihil
3274 2439 3480 2506 honor;
3507 2442 3599 2491 sed
3633 2442 3685 2493 in
3719 2440 3877 2494 brevi

2278 2536 2538 2596 tempore,
2571 2538 2625 2584 et
2665 2530 2718 2584 in
2746 2531 2925 2586 verbis
2952 2534 3128 2585 solum
3180 2533 3320 2585 inter
3366 2549 3424 2586 sc
3473 2534 3697 2586 distant.
3734 2535 3876 2587 Cum

2276 2616 2375 2671 hac
2404 2629 2583 2673 autem
2613 2621 2715 2674 alia
2744 2635 2958 2691 quoque
2986 2633 3066 2676 est
3098 2622 3198 2676 hac
3228 2623 3400 2691 major
3419 2665 3433 2686 ,
3468 2638 3660 2691 nempe
3688 2623 3877 2678 futura

2274 2717 2328 2762 et
2353 2708 2491 2763 bona
2517 2719 2572 2764 et
2607 2712 2751 2765 mala
2774 2712 3015 2783 c0gitare
3042 2753 3054 2775 ,
3082 2726 3146 2766 ea
3176 2728 3294 2789 quae
3320 2729 3445 2767 vero
3490 2724 3615 2766 sunt
3647 2718 3789 2768 mala
3820 2728 3880 2770 et

2274 2814 2393 2865 qum
2425 2814 2549 2854 vero
2588 2800 2728 2854 bona
2753 2840 2769 2866 ,
2810 2810 2866 2855 et
2906 2802 2973 2857 ab
3014 2803 3117 2856 illis
3141 2803 3386 2873 accipere
3411 2805 3875 2859 consolationem.

2274 2890 2381 2944 Sed
2409 2892 2660 2959 quoniam
2683 2934 2700 2957 ,
2740 2893 2878 2947 sicut
2904 2895 3052 2961 prius
3078 2894 3206 2959 dixi,
3240 2896 3387 2947 nmlti
3431 2906 3555 2948 sunt
3584 2897 3746 2966 longe
3778 2914 3878 2952 re-

2276 2985 2403 3037 moti
2437 2985 2504 3037 ab
2540 2984 2847 3053 hujnsmodi
2885 2985 3150 3050 doctrina,
3185 2996 3466 3053 propterea
3514 3002 3741 3041 neceSse
3771 2988 3879 3043 ha-

2277 3075 2483 3129 buimus
2510 3076 2561 3130 in
2585 3076 2884 3145 hujusmodi
2908 3077 3182 3131 immorari
3207 3078 3566 3143 sermonibus,
3593 3089 3651 3131 ut
3674 3080 3880 3135 ordine

2273 3168 2337 3221 ad
2383 3169 2481 3222 hos
2519 3184 2731 3238 quoque
2758 3169 3084 3224 deducamus
3108 3185 3203 3224 eos
3232 3173 3321 3239 qui
3356 3173 3442 3223 illa
3484 3185 3877 3241 susceperunt.

2274 3257 2400 3312 [huc
2429 3272 2560 3328 ergo
2587 3261 2764 3313 omnia
2794 3271 3126 3328 reputantes,
3156 3263 3298 3314 omni
3328 3277 3396 3315 ex
3420 3272 3566 3330 parte
3596 3280 3696 3317 nos
3721 3265 3880 3332 ipsos

2275 3365 2662 3418 componamus
2686 3389 2702 3413 ,
2736 3359 2790 3404 et
2836 3366 3124 3418 numquam
3168 3352 3468 3406 delebimus
3499 3354 3723 3410 obhaec
3751 3358 3880 3410 ino~

2277 3442 2475 3508 pinata.
2524 3440 2706 3509 Neque
2736 3440 2877 3495 enim
2910 3442 2952 3493 si
2990 3442 3040 3494 iu
3074 3444 3301 3510 imagine
3326 3445 3618 3499 viderimus
3643 3448 3876 3514 divites,

2273 3544 2369 3584 eos
2395 3544 2516 3584 esse
2540 3529 2834 3585 dixerimus
2866 3531 3101 3586 beandos
3127 3542 3180 3585 et
3210 3534 3537 3588 :nmulandos
3561 3553 3576 3599 ;
3604 3544 3659 3589 ut
3689 3554 3881 3609 neque

2274 3621 2548 3677 mendicos
2581 3622 2690 3677 illic
2718 3623 2992 3692 depictos,
3028 3622 3265 3679 infelices
3290 3637 3344 3678 et
3375 3627 3733 3683 miserabiles.
3767 3634 3880 3686 At-

2272 3712 2358 3781 qui
2390 3712 2461 3766 illi
2492 3723 2616 3766 suut
2643 3712 2908 3768 ﬁrmiores
2931 3723 2986 3768 et
3013 3713 3315 3768 stabiliores
3347 3717 3414 3770 iis
3446 3718 3534 3785 qui
3564 3728 3693 3771 sunt
3723 3723 3879 3789 apud

2275 3817 2373 3856 nos
2399 3803 2636 3857 divites:
2682 3805 2849 3872 magis
2887 3804 3031 3858 enim
3086 3805 3133 3856 in
3180 3806 3383 3873 pictura
3435 3816 3619 3862 manet
3663 3809 3832 3866 dives
3863 3856 3880 3876 ,

2273 3912 2429 3964 quam
2458 3897 2509 3949 in
2536 3897 2646 3963 ipsa
2688 3911 2868 3950 rerum
2909 3904 3120 3950 natura.
3168 3895 3299 3949 Nam
3348 3896 3437 3951 ille
3466 3899 3681 3967 quidem
3718 3916 3883 3972 δεῦρο

2270 3990 2435 4042 etiam
2464 3987 2529 4039 ad
2560 3997 2773 4040 centum
2802 4002 2977 4041 annos
3016 3988 3097 4040 sic
3126 4002 3391 4056 apparens
3425 3988 3696 4046 duraverit
3733 4009 3747 4045 :
3787 3996 3884 4051 hic

2272 4088 2448 4130 autem
2480 4091 2601 4130 cum
2630 4092 2697 4131 ne
2724 4091 2924 4130 annum
2952 4078 3165 4146 quidem
3211 4094 3372 4132 unum
3409 4080 3459 4133 in
3486 4081 3599 4135 suis
3629 4082 3881 4142 faculta-

2274 4168 2413 4220 tibus
2440 4183 2498 4221 se
2523 4166 2728 4221 deliciis
2757 4168 3051 4235 expleverit
3071 4207 3085 4230 ,
3119 4180 3341 4237 repente
3370 4172 3617 4240 privatus
3640 4184 3729 4229 est
3749 4190 3884 4230 om-

2271 4260 2446 4313 nibus.
2492 4259 2615 4313 ΙΙωο
2642 4275 2769 4329 ergo
2797 4260 2974 4314 omnia
3020 4271 3332 4329 reputantes
3357 4303 3371 4328 ,
3405 4264 3551 4316 omni
3599 4281 3666 4319 ex
3712 4280 3884 4337 parte

2270 4352 2572 4405 muniamus
2601 4351 2763 4403 animi
2790 4352 3022 4418 quietem
3049 4360 3103 4405 et
3132 4353 3571 4423 tranquillitatem
3597 4357 3880 4415 adversus

2272 4441 2721 4495 inconsideratam
2770 4440 3038 4494 tristitiam
3065 4480 3081 4504 ,
3124 4448 3184 4493 ut
3224 4448 3283 4495 et
3323 4442 3484 4495 vitam
3529 4460 3876 4511 praesentem

2272 4533 2624 4600 transigamus
2646 4546 2764 4584 cum
2792 4530 3083 4599 voluptate,
3112 4540 3163 4585 et
3186 4531 3324 4585 bona
3356 4532 3530 4588 futura
3560 4550 3884 4607 consequa.

2269 4639 2405 4687 mur,
2429 4623 2600 4691 gratia
2622 4631 2676 4675 et
2696 4622 3023 4691 benignitate
3048 4623 3255 4676 Domini
3286 4608 3454 4678 nostri
3483 4628 3611 4681 Jesu
3634 4626 3876 4697 Christi,

2268 4729 2387 4769 cum
2414 4728 2521 4783 quo
2549 4713 2717 4781 Patri,
2749 4714 3014 4784 simulque
3040 4726 3229 4768 sancto
3259 4716 3479 4784 Spiritui
3508 4718 3679 4785 gloria
3706 4759 3722 4782 ,
3760 4723 3873 4776 im-

2268 4807 2496 4876 perium,
2527 4806 2725 4871 honor,
2762 4821 2904 4864 nunc
2925 4816 2981 4862 et
3004 4823 3220 4877 semper
3243 4849 3258 4873 ,
3286 4820 3339 4865 et
3370 4811 3421 4863 in
3454 4812 3652 4866 sarcula
3678 4827 3875 4872 sacu-

2270 4901 2459 4952 lorum.
2495 4898 2687 4953 Amen.

602 5096 3847 5131 *Ἢ

1813 5177 2154 5242 HOMILIA
2197 5183 2505 5247 XXXIX.

571 5329 705 5382 CAP.
752 5326 837 5382 15.
879 5340 933 5377 v.
981 5322 1063 5375 ll.
1108 5320 1227 5375 Sive
1256 5319 1387 5373 enim
1409 5332 1502 5387 ego
1526 5358 1542 5383 ,
1574 5317 1675 5369 sive
1702 5317 1782 5370 illi
1806 5362 1819 5380 ,
1856 5320 1926 5371 sic
1959 5322 2151 5389 ριίεάὶ.

650 5433 824 5470 camus
854 5457 867 5479 ,
897 5424 943 5469 et
971 5415 1043 5467 sic
1072 5411 1377 5465 credidistis.

655 5510 705 5561 l.
750 5508 1034 5577 Postquam
1085 5502 1359 5572 apostolos
1403 5498 1606 5554 extulit
1631 5507 1686 5552 et
1714 5515 1773 5553 se
1812 5499 2049 5568 dejecit,
2104 5515 2159 5559 et

581 5595 770 5652 deinde
791 5614 976 5653 rursus
998 5613 1155 5668 supra
1181 5595 1299 5650 illos
1314 5608 1374 5649 se
1394 5589 1601 5654 extulit,
1630 5598 1691 5643 ut
1710 5590 1951 5647 efﬁceret
1974 5610 2156 5665 (equa-

576 5689 776 5747 litatem
802 5690 819 5754 (
846 5692 1198 5757 :equalitatem
1228 5687 1369 5744 enim
1391 5684 1587 5749 ell'ecit,
1618 5696 1679 5737 se
1705 5693 1759 5739 et
1782 5687 2013 5743 melioris
2039 5704 2157 5745 esse

2267 5329 2587 5383 conditionis
2616 5327 2909 5383 ostendens
2946 5338 3002 5382 et
3044 5330 3405 5402 deterioris),
3438 5346 3491 5390 et
3535 5353 3596 5392 ea
3647 5345 3873 5398 ratione

2268 5432 2326 5471 se
2356 5419 2583 5472 reddens
2617 5418 2718 5471 ﬁde
2749 5418 3003 5486 dignum;
3038 5435 3107 5475 ne
3131 5424 3211 5477 sic
3239 5425 3454 5491 quidem
3482 5441 3577 5481 eos
3607 5428 3869 5501 dimittit,

2272 5508 2364 5563 sed
2397 5524 2581 5563 rursus
2606 5522 2665 5561 se
2685 5523 2805 5561 cum
2835 5509 2941 5563 illis
2966 5513 3263 5584 conjungit,
3290 5516 3535 5570 indicans
3564 5531 3709 5585 eam,
3738 5538 3872 5594 qua

2270 5609 2351 5653 est
2372 5598 2663 5653 secundum
2691 5598 2981 5667 Christum,
3008 5605 3371 5659 concordiam.
3397 5605 3513 5660 Non
3542 5616 3723 5665 tamen
3760 5613 3873 5673 hoc

2270 5694 2345 5745 sic
2379 5692 2504 5745 facit
2534 5700 2590 5744 ut
2621 5690 2864 5747 videatur
2907 5694 2987 5747 eis
3016 5708 3135 5748 esse
3167 5695 3409 5763 abjectus
3432 5734 3449 5762 ,
3502 5697 3595 5753 sed
3644 5710 3703 5757 ut
3751 5705 3873 5777 ipse
