4066 6348
155 391 286 447 επ

152 519 400 577 quoque
429 504 481 556 in
506 502 697 557 eodem
720 509 968 556 cernatur
996 498 1183 557 ordine
1216 517 1230 553 :
1262 500 1341 553 sic
1364 499 1507 552 enim
1554 498 1759 553 condu-

156 597 341 651 cibile
370 604 488 649 erat
518 592 910 664 pmdicationi.-
940 590 1298 660 Quamobrem
1329 590 1490 642 ambo
1517 588 1767 643 similiter

158 687 215 739 ei
268 686 458 740 studio
485 684 735 747 fuerunt,
780 692 835 736 ut
863 696 963 736 nec
994 682 1106 750 ipse
1150 680 1421 734 videretur
1461 694 1556 733 eos
1582 678 1762 746 despi-

158 792 305 831 cere
330 817 348 838 .
383 785 438 830 et
467 790 534 830 ne
558 782 773 843 propter
802 771 1059 826 honorem
1091 771 1220 838 ipsis
1248 771 1502 824 collatum
1536 770 1764 837 vilipen-

158 868 405 921 deretur
423 865 493 919 ab
511 866 594 928 iis,
626 865 715 934 qui
737 872 892 919 erant
917 863 1014 932 ipsi
1036 861 1283 929 subjecti.
1308 860 1598 929 Propterea
1623 874 1764 913 nunc

158 973 399 1028 quoque
429 972 489 1012 se
516 967 796 1027 exaequat,
844 970 1031 1010 rursus
1072 955 1261 1008 dicens
1292 971 1305 1005 :
1339 953 1457 1007 Sive
1483 970 1573 1023 ego
1598 994 1615 1017 ,
1664 954 1765 1005 sive

158 1052 251 1103 illi
278 1091 294 1112 ,
332 1050 408 1103 sic
438 1049 788 1120 pradicomus.
830 1048 873 1101 Α
907 1061 1014 1115 quo
1038 1087 1060 1113 ,1
1087 1044 1256 1115 inquit
1282 1085 1298 1109 ,
1330 1044 1489 1098 vultis
1517 1043 1724 1097 discere
1744 1083 1759 1107 ,

156 1141 413 1205 discite;
446 1140 576 1193 nihil
602 1138 918 1193 differimus.
952 1138 1020 1191 Et
1047 1153 1151 1190 non
1178 1137 1352 1201 dixit,
1383 1134 1437 1189 Si
1471 1150 1576 1188 non
1604 1135 1762 1188 vultis

157 1232 309 1286 mihi
341 1232 562 1287 credere
581 1272 596 1296 ,
628 1232 732 1285 illis
758 1232 998 1295 credite;
1029 1229 1123 1283 sed
1148 1239 1203 1283 et
1231 1229 1468 1297 seipsum
1500 1226 1629 1282 facit
1658 1226 1763 1280 ﬁde

154 1325 431 1393 dignum,
458 1331 512 1378 et
540 1338 633 1393 per
657 1336 716 1377 se
740 1322 869 1377 dicit
896 1321 1167 1384 sufﬁcere,
1198 1328 1251 1375 et
1272 1321 1393 1374 illos
1418 1334 1513 1388 per
1540 1335 1599 1373 se
1628 1322 1760 1373 satis

151 1429 321 1470 esse.
376 1413 517 1469 Nihil
560 1414 701 1467 enim
747 1414 972 1466 faciebat
1018 1426 1366 1479 personarum
1415 1409 1713 1464 diiberentia
1742 1449 1757 1474 ,

149 1520 291 1559 cum
328 1520 426 1573 par
454 1512 595 1558 esset
626 1503 934 1556 auctoritas.
977 1501 1145 1555 Porro
1178 1501 1276 1554 hoc
1306 1516 1517 1570 quoque
1550 1501 1671 1553 facit
1707 1501 1757 1553 in

152 1594 420 1663 Epistula
462 1595 527 1647 ad
558 1591 770 1649 Galatas
795 1634 808 1656 ,
841 1608 935 1647 eos
985 1608 1264 1646 assumens
1292 1634 1305 1656 ,
1349 1609 1453 1645 non
1487 1603 1754 1660 tamquam

147 1686 239 1739 eis
276 1684 529 1751 indigens
553 1725 566 1747 ,
620 1684 714 1736 sed
755 1698 812 1736 se
842 1698 1052 1752 quoque
1082 1681 1263 1735 dicens
1295 1683 1541 1736 sufﬁcere
1572 1701 1585 1736 :
1624 1682 1756 1735 Mihi

144 1777 299 1827 enim
331 1776 420 1844 qui
443 1774 756 1840 videbantur,
786 1774 954 1842 inquit
980 1815 993 1837 ,
1028 1790 1132 1826 esse
1160 1774 1374 1843 aliquid,
1415 1775 1544 1826 nihil
1573 1785 1754 1827 cautu-

144 1866 335 1919 lerunt
363 1868 380 1932 (
408 1862 528 1918 Gal.
556 1865 609 1918 2.
640 1866 673 1918 6
697 1865 739 1935 ).
782 1864 1162 1918 Verumtamen
1207 1866 1284 1918 sic
1328 1880 1538 1934 quoque
1566 1879 1752 1919 eorum

145 1969 368 2025 sequor
394 1954 731 2009 concordiam
759 1963 812 2007 et
838 1954 1243 2008 consensionem
1275 1970 1288 2007 τ
1320 1953 1564 2008 Dexteras
1585 1955 1750 2018 enim,

144 2048 340 2122 inquit
364 2087 378 2108 ,
410 2048 532 2099 mihi
570 2048 812 2099 dederunt
846 2046 863 2115 (
889 2045 1025 2098 Ibid.
1055 2061 1101 2099 υ.
1132 2046 1201 2100 29
1223 2046 1262 2115 ).
1303 2046 1433 2100 Nam
1459 2048 1502 2101 si
1534 2062 1755 2102 necesse

142 2148 312 2191 esset
341 2180 354 2201 ,
386 2146 443 2190 ut
477 2138 623 2190 Pauli
668 2137 803 2192 ﬁdes
846 2149 902 2192 et
946 2139 1236 2192 auctoritas
1287 2140 1337 2191 in
1382 2139 1500 2192 aliis
1529 2149 1753 2194 essetet

142 2230 380 2281 illorum
428 2228 731 2282 testimonio
777 2230 1069 2289 niteretur,
1119 2227 1310 2281 damna
1345 2229 1749 2283 innumerabilia

144 2318 285 2373 hinc
305 2320 639 2386 accepissent
662 2320 926 2386 discipuli.
957 2319 1071 2372 Non
1097 2320 1195 2373 hoc
1222 2335 1349 2389 ergo
1372 2321 1493 2374 facit
1514 2322 1747 2388 seipsutn

142 2411 431 2465 extollens
455 2450 469 2476 ,
506 2411 598 2464 sed
634 2412 825 2463 timens
854 2412 1149 2480 evangelio.
1194 2412 1479 2479 Propterea
1511 2412 1595 2465 hic
1622 2427 1752 2480 quo-

145 2517 259 2570 que
290 2503 461 2568 dicit,
490 2502 723 2570 seipsnm
751 2510 1037 2571 exfequans
1070 2521 1083 2555 :
1116 2504 1236 2556 Sive
1261 2520 1371 2573 ego,
1405 2505 1509 2555 sive
1533 2504 1612 2556 illi
1638 2546 1652 2566 ,
1677 2508 1750 2556 sic

146 2591 522 2661 prtzdicamus.
564 2590 792 2645 Pulchre
844 2592 1016 2652 dixit,
1066 2591 1448 2655 Pratdicumus,
1501 2609 1747 2661 magnam

145 2681 456 2736 ostendens
479 2680 723 2734 ﬁduciam
750 2695 814 2733 ac
842 2680 1090 2750 loquendi
1118 2681 1440 2735 libertatem.
1467 2682 1581 2735 Non
1606 2685 1746 2735 enim

143 2776 293 2829 clam
327 2788 501 2842 neque
531 2773 582 2825 in
612 2775 819 2826 occulto
846 2815 860 2837 ,
910 2773 1001 2826 sed
1058 2774 1179 2827 tuba
1226 2774 1507 2826 clariorem
1563 2788 1747 2827 vocem

143 2865 474 2919 emittimus.
514 2864 693 2933 Neque
741 2864 913 2928 dixit,
961 2865 1416 2928 Praedieavimus,
1472 2865 1565 2919 sed
1611 2881 1751 2919 nunc

144 2972 374 3027 quoque
406 2958 495 3012 Sic
537 2959 896 3025 prwdicamus.
938 2956 1004 3009 Et
1036 2959 1108 3011 sic
1153 2958 1455 3010 credidistis.
1502 2958 1598 3011 llic
1642 2974 1747 3009 non

144 3050 327 3115 dixit,
359 3049 623 3113 Creditis,
657 3048 781 3111 sed,
814 3048 1135 3101 Credidistis.
1177 3050 1438 3114 QnOniam
1474 3049 1743 3113 lababant,

148 3138 279 3192 ideo
306 3137 373 3190 ad
402 3138 677 3203 superiora
711 3140 937 3190 recurrit
972 3149 1210 3205 tempora
1238 3178 1251 3198 ,
1283 3150 1335 3191 et
1362 3138 1428 3191 de
1457 3150 1653 3192 eat-tero
1680 3136 1748 3191 ab

150 3228 221 3281 iis
271 3228 402 3294 ipsis
447 3228 591 3280 addit
642 3229 1023 3281 testimonium.
1068 3228 1157 3282 12.
1202 3228 1260 3281 Si
1311 3238 1475 3279 autem
1518 3230 1748 3281 Christus

152 3320 468 3388 prcdicatur
491 3320 627 3388 quod
653 3322 926 3374 resurrexit
947 3338 977 3373 a
1001 3322 1234 3382 mortuis,
1262 3320 1511 3389 quomodo
1537 3324 1745 3388 quidam

151 3415 333 3466 dicunt
359 3416 410 3465 in
436 3413 570 3466 vobis
610 3414 745 3482 quod
784 3415 1090 3467 resurrectio
1138 3425 1450 3473 mortuorum
1486 3430 1585 3467 non
1630 3416 1745 3467 est?

156 3510 348 3565 Video’
378 3508 647 3578 quomodo
694 3510 895 3578 Optime
942 3510 1291 3563 ratiocinatur
1330 3518 1383 3562 et
1411 3508 1746 3562 demonstrat

155 3602 608 3657 resurrectionem
634 3616 697 3654 ex
730 3615 795 3654 eo
826 3600 968 3668 quod
1026 3601 1272 3655 Christus
1321 3600 1391 3654 sit
1438 3602 1698 3654 excitatus
1726 3642 1741 3666 ,

155 3708 278 3745 eum
308 3707 373 3744 ex
404 3686 584 3744 multis
610 3690 734 3743 illud
768 3693 911 3759 prius
941 3690 1355 3745 conﬁrmasset?
1382 3691 1511 3743 Nam
1538 3700 1593 3744 et
1621 3706 1744 3758 pro-

159 3784 361 3852 phetm,
404 3782 607 3849 inquit,
660 3782 759 3835 hoc
787 3782 1054 3845 dixerunt,
1112 3792 1166 3836 et
1210 3784 1323 3851 ipse
1372 3783 1607 3836 ostendit
1652 3798 1743 3850 per

157 3874 456 3935 visionem,
511 3881 567 3926 et
611 3886 708 3926 nos
740 3873 1092 3939 praedicamus
1118 3914 1133 3938 ,
1183 3884 1236 3927 et
1274 3888 1369 3927 vos
1399 3873 1701 3927 credidistis
1725 3913 1740 3936 ,

155 3965 489 4033 quadruplex
506 3973 831 4018 connectens
853 3964 1215 4017 testimonium
1259 3981 1270 4014 :
1304 3964 1443 4033 quod
1473 3965 1743 4018 ferebatur

160 4074 255 4124 per
283 4055 570 4123 pmphetas
590 4096 604 4121 ,
633 4055 774 4123 quod
807 4071 899 4124 per
930 4071 1105 4109 rerum
1137 4066 1385 4109 eventum
1408 4097 1421 4117 ,
1473 4056 1612 4123 quod
1649 4070 1744 4123 per

157 4150 455 4215 apostolos,
484 4147 622 4217 quod
645 4147 1037 4217 perdiscipulos
1063 4149 1178 4207 ;vel
1206 4149 1379 4216 potius
1406 4146 1737 4215 quintuplex.

159 4240 291 4293 Nam
343 4240 455 4306 ipsa
511 4254 720 4307 quoque
767 4254 924 4291 eausa
971 4240 1206 4291 ostendit
1254 4240 1695 4291 resttrt'ectionmn
1724 4278 1737 4303 ,

162 4346 350 4399 nempe
376 4331 516 4399 quod
539 4334 606 4386 sit
632 4341 872 4385 mortuus
893 4347 988 4401 pro
1008 4333 1234 4385 aliorum
1263 4336 1509 4397 peccatis.
1534 4331 1586 4385 Si
1614 4348 1741 4401 ergo

165 4425 265 4476 hoc
311 4423 734 4477 demonstratum
784 4426 917 4487 fuit,
986 4425 1158 4493 palam
1203 4435 1285 4478 est
1326 4425 1465 4493 quod
1514 4425 1739 4478 alterum

163 4529 370 4582 quoque
420 4524 702 4581 sequatur;
761 4525 987 4569 cancros
1039 4517 1201 4570 etiam
1234 4527 1468 4569 mortuos
1495 4517 1736 4571 excitari.

167 4604 289 4656 ideo
310 4616 573 4669 tamquam
593 4604 659 4657 de
681 4620 746 4658 eo
767 4606 907 4673 quod
938 4606 987 4657 in
1013 4605 1257 4658 confesso
1271 4615 1352 4660 est
1376 4606 1737 4673 reprehendit,

165 4708 218 4748 et
245 4694 455 4746 dubium
489 4704 661 4746 movet
685 4736 698 4756 ,
749 4695 934 4749 dicens
963 4714 976 4747 ε
1014 4696 1072 4749 Si
1105 4707 1267 4747 autent
1298 4696 1528 4750 Christus
1566 4714 1738 4751 resur-

168 4787 315 4847 rexit,
342 4785 593 4855 quomodo
616 4786 822 4849 quidam
848 4787 1022 4839 dicunt
1052 4789 1103 4841 in
1131 4790 1265 4841 vobis
1294 4792 1427 4857 quod
1450 4791 1740 4843 resurrectio

169 4889 475 4931 mortuorum
521 4894 617 4929 non
668 4878 778 4929 est?
818 4878 917 4930 hac
957 4883 1416 4946 quoque‘ratione
1462 4891 1742 4950 amputans

173 4969 502 5033 asperitatem
529 4984 711 5022 eorum
741 4968 829 5036 qui
853 4968 1242 5021 contradicunt.
1274 4970 1385 5022 Non
1416 4972 1558 5024 enim
1587 4973 1739 5035 dixit,

172 5059 443 5125 Quatuodo
466 5062 638 5116 dicitis
662 5077 755 5114 vos
782 5079 795 5123 ;
823 5060 935 5125 sed,
965 5061 1225 5126 Quomodo
1246 5063 1417 5113 dicunt
1439 5065 1640 5130 quidam
1664 5065 1715 5115 in

174 5148 307 5205 vobis
325 5164 343 5200 :
370 5155 421 5200 et
447 5164 615 5216 neque
641 5166 827 5204 omnes
853 5158 1067 5205 accusat
1086 5192 1097 5210 ,
1130 5166 1300 5219 neque
1324 5166 1414 5202 eos
1444 5152 1586 5217 ipsos
1608 5168 1742 5219 quos

177 5245 419 5299 accusat,
453 5238 625 5307 reddit
647 5243 983 5307 manifestos,
1019 5256 1084 5295 nc
1115 5257 1207 5295 eos
1235 5240 1429 5294 efﬁciat
1462 5240 1735 5309 impuden-

182 5332 375 5390 tiores;
405 5341 576 5395 neque
603 5344 789 5381 rursus
814 5332 952 5384 celat
981 5334 1210 5401 penitus,
1242 5343 1298 5385 ut
1322 5333 1464 5401 ipsos
1491 5333 1742 5400 corrigat.

181 5423 457 5489 Propterea
501 5433 619 5472 cum
652 5428 705 5472 et
740 5434 835 5473 cos
862 5434 1160 5489 separaSSet
1187 5440 1215 5476 a
1255 5425 1593 5477 multitudine
1616 5466 1631 5489 ,
1678 5424 1743 5477 ad

183 5510 573 5578 disceptandum
603 5524 721 5561 cum
751 5510 829 5561 eis
854 5513 1173 5578 accingitur,
1208 5514 1304 5567 hac
1332 5516 1539 5568 ratione
1568 5525 1623 5569 et
1650 5530 1744 5569 eos

188 5601 401 5657 reddens
432 5601 801 5656 imbecilliores
827 5608 879 5655 et
905 5601 1332 5670 obstupefacicns
1356 5647 1371 5670 ,
1421 5616 1475 5661 et
1515 5608 1647 5661 alios
1694 5609 1744 5661 in

185 5690 525 5757 suscipiendis
572 5692 827 5747 adversus
871 5706 965 5745 eos
1014 5696 1394 5749 certaminibus
1438 5697 1641 5751 ﬁrmius
1682 5714 1744 5752 ac

185 5778 415 5835 stabilius
450 5782 728 5838 continens
771 5783 821 5836 in
874 5783 1133 5850 veritate,
1177 5798 1275 5838 nec
1314 5786 1493 5841 sincns
1538 5798 1595 5841 ut
1637 5789 1734 5857 ipsi

1100 395 1102 398 '
1170 382 1235 439 ΙΝ
1276 383 1488 440 EPIST.
1531 382 1547 435 I
1612 382 1703 436 AD
1739 380 1894 436 (ΞΟΠ.
1936 381 2165 441 ηοιιιι.
2208 385 2449 443 XXXIX.

3345 395 3456 456 556.

1875 497 2223 568 transfugiant
2261 502 2330 562 ad
2358 518 2453 559 eos
2476 507 2563 573 qui
2594 506 2826 562 studium
2852 498 3164 577 posuerunt
3211 518 3268 562 ut
3299 510 3446 579 ipsos

1870 602 2291 659 corrumperent.
2324 594 2548 657 Paratus
2574 598 2714 660 enim
2735 606 2839 664 est,
2867 608 2924 653 ut
2948 598 3001 655 in
3018 613 3113 654 eos
3139 600 3443 667 vehementi

1871 682 2069 751 impetu
2097 686 2356 744 orationis
2382 685 2605 745 feratur.
2651 687 2851 745 Deinde
2879 706 2946 745 ne
2975 690 3168 758 dicant
3186 690 3288 747 hoc
3316 693 3444 756 qni-

1870 771 1990 826 dem
2039 788 2161 830 esse
2204 777 2425 833 evidens
2470 788 2526 833 et
2569 782 2818 847 omnibus
2873 783 3249 851 manifestum,
3300 782 3441 851 quod

1869 865 2108 921 Christus
2124 872 2493 935 resurrexerit,
2512 881 2564 926 et
2581 873 2846 928 nemiuem
2861 873 3123 939 dubitare,
3143 889 3245 927 non
3265 856 3440 928 tamen

1869 954 1972 1009 hoc
2002 958 2307 1012 necessario
2333 975 2543 1031 quoque
2574 963 2800 1017 alterum
2834 963 3048 1019 efﬁcere
3072 1006 3088 1029 ,
3124 980 3313 1031 nempe
3339 965 3433 1015 bo-

1868 1047 2071 1101 mioum
2118 1052 2747 1108 resurrectionemmam
2796 1054 2935 1123 quod
2968 1054 3034 1107 ad
3084 1053 3279 1117 Cui-isti
3318 1034 3459 1123 qui?

1867 1134 1988 1190 dem
2042 1138 2264 1194 attineat
2320 1142 2798 1208 resurrectionem,
2859 1159 2921 1198 ea
2980 1154 3035 1199 et
3092 1144 3189 1209 fuit
3246 1145 3441 1215 praedic

1867 1237 1950 1282 cta
1977 1270 1991 1293 ,
2038 1239 2092 1285 et
2143 1231 2339 1295 evenit,
2374 1243 2425 1288 et
2458 1248 2550 1302 per
2576 1235 2940 1291 testimonium
2970 1238 3190 1293 visionis
3219 1246 3301 1305 est
3330 1255 3441 1307 pro-

1866 1320 2034 1387 bata;
2080 1330 2261 1375 nostra
2288 1333 2464 1377 autem
2497 1326 2822 1381 resurrectio
2866 1327 3037 1380 adlme
3082 1328 3133 1380 in
3182 1343 3277 1396 spe
3325 1341 3438 1394 e51;

1864 1414 1989 1469 ride
2024 1417 2149 1486 quid
2199 1418 2323 1472 facit
2355 1436 2367 1472 :
2396 1436 2461 1473 ex
2491 1419 2655 1474 altera
2688 1432 2839 1489 parte
2884 1436 3069 1477 rursus
3110 1422 3159 1474 id
3206 1422 3396 1491 probat
3422 1465 3436 1486 ,

1863 1505 2005 1575 quod
2052 1523 2267 1577 magnas
2313 1509 2543 1565 habebat
2596 1512 2757 1566 vires.
2800 1512 2935 1577 Quid
2990 1514 3171 1575 enim,
3230 1513 3437 1582 inquit,

1862 1597 2043 1649 dicunt
2070 1598 2306 1665 quidam,
2334 1599 2599 1667 quodnon
2622 1612 2704 1656 est
2735 1613 3064 1663 mortuorum
3095 1604 3438 1657 reSur‘rectio?

1860 1705 1986 1759 ergo
2008 1691 2135 1743 illud
2156 1708 2364 1760 quoque
2392 1709 2455 1747 ex
2481 1692 2580 1747 hoc
2600 1702 2684 1753 est
2710 1694 3000 1757 sublatum,
3029 1696 3168 1764 quod
3195 1696 3438 1759 Christus
3498 1740 3501 1745 .

1862 1782 2232 1835 resurreterit.
2288 1784 2351 1835 lit
2396 1784 2522 1836 ideo
2566 1784 2875 1853 subiungit,
2929 1784 3113 1838 dicens
3163 1802 3176 1837 :
3228 1787 3314 1840 l5.
3375 1786 3437 1840 Si

1859 1880 2026 1922 autem
2056 1873 2353 1925 resurrectio
2394 1885 2703 1927 mortuorum
2743 1890 2843 1927 non
2868 1884 2940 1927 est
2965 1915 2980 1941 ,
3010 1890 3166 1943 neque
3205 1874 3435 1929 Christus

1857 1964 2152 2016 resurrexit.
2182 1964 2424 2017 Vidistin’
2448 1964 2595 2019 Pauli
2628 1966 2936 2020 violentiam
2963 1974 3017 2020 et
3036 1966 3431 2020 contentionem

1860 2057 2344 2127 inexpugnabilem,
2377 2058 2643 2127 quomodo
2666 2074 2771 2112 non
2800 2074 2866 2112 ex
2894 2073 2959 2112 co
2990 2058 3163 2112 Solum
3186 2057 3327 2127 quod
3355 2069 3437 2110 est

1858 2149 2217 2215 manifestum,
2252 2150 2299 2203 id
2326 2149 2393 2204 de
2420 2164 2525 2219 quo
2550 2148 2843 2214 dubitatur,
2876 2150 2970 2205 sed
3000 2151 3158 2204 etiam
3184 2166 3247 2205 ex
3280 2164 3344 2203 eo
3368 2149 3436 2202 de

1855 2253 1960 2307 quo
1999 2240 2269 2293 dubitatur
2299 2257 2327 2293 a
2358 2240 2865 2306 contradicentibus,
2913 2241 3021 2309 jam
3045 2250 3291 2296 conetur
3333 2241 3433 2294 de-

1853 2336 2152 2383 monstrare
2184 2329 2311 2383 illud
2339 2329 2481 2398 quod
2509 2339 2591 2385 est
2623 2329 3007 2384 manifestum?
3050 2345 3155 2385 non
3200 2331 3324 2399 quia
3375 2330 3429 2383 id

1853 2417 1995 2486 quod
2020 2418 2132 2485 jam
2163 2418 2357 2472 factum
2387 2428 2503 2473 erat
2530 2434 2667 2488 opus
2696 2420 2918 2476 haberet
2943 2418 3423 2481 demonstratione,

1854 2506 1949 2561 sed
1977 2515 2033 2560 nt
2066 2508 2374 2563 ostenderet
2399 2508 2501 2563 hoc
2517 2525 2635 2565 esse
2652 2525 2803 2579 irque
2823 2520 2981 2579 atque
3003 2510 3129 2563 illud
3154 2510 3429 2565 credibile.

1922 2598 1978 2652 2.
2020 2599 2085 2654 Et
2122 2615 2365 2669 quaenam
2411 2610 2531 2667 est,
2564 2601 2807 2667 inquies,
2852 2601 2965 2655 lucc
3006 2601 3435 2670 consequentia?

1853 2706 1974 2744 nam
2000 2691 2139 2760 quod
2168 2691 2212 2745 si
2238 2691 2484 2746 Christus
2510 2693 2723 2761 quidem
2765 2707 2871 2747 non
2911 2691 3306 2756 resurrexerit,
3359 2706 3427 2744 ne

1851 2781 1939 2833 alii
1969 2780 2185 2849 quidem
2213 2791 2497 2851 resurgant
2521 2823 2537 2849 ,
2566 2793 2648 2835 est
2668 2796 3003 2851 consequens
3027 2799 3042 2847 ;
3076 2782 3218 2850 quod
3247 2791 3425 2835 autem

1852 2873 1894 2925 si
1923 2872 2008 2923 alii
2034 2887 2136 2925 non
2156 2873 2566 2936 resurrexerint,
2591 2887 2656 2925 ne
2674 2873 2785 2940 ipse
2815 2872 3027 2941 quidem
3054 2874 3428 2937 resurrexerit,

1850 2964 2117 3031 quomodo
2148 2964 2249 3019 hoc
2274 2965 2433 3017 ullam
2456 2964 2646 3019 habeat
2672 2965 2978 3018 ratiOnem?
3008 2965 3271 3031 Quoniam
3302 2981 3430 3033 ergo

1853 3053 1954 3107 hoc
2000 3055 2279 3108 videbatur
2315 3073 2419 3108 non
2469 3070 2589 3109 esse
2633 3054 2920 3108 admodum
2967 3038 3157 3109 rationi
3198 3069 3426 3108 consen-

1852 3153 2102 3208 taneum,
2156 3144 2275 3198 vide
2320 3145 2588 3214 quomodo
2641 3156 3060 3200 consentaneum
3115 3144 3217 3199 hoc
3268 3144 3425 3198 valde

1850 3235 2008 3291 faciat
2029 3278 2043 3298 ,
2076 3237 2142 3291 ab
2171 3237 2277 3290 alto
2305 3237 2450 3305 prius
2474 3236 2680 3305 iaciens
2708 3238 2913 3291 semina
2936 3279 2951 3301 ,
2995 3253 3061 3291 ex
3089 3238 3200 3306 ipsa
3233 3236 3465 3315 prtedi;

1849 3331 2073 3383 cationis
2115 3344 2273 3383 eausa
2325 3346 2338 3383 :
2392 3344 2585 3397 nempe
2624 3328 2765 3397 quod
2810 3344 2906 3396 pro
2950 3330 3181 3399 peccatis
3232 3329 3430 3383 nostris

1850 3430 2092 3475 mortuus
2140 3420 2530 3480 resurrexerit,
2564 3428 2618 3473 ct
2664 3417 2806 3487 quod
2846 3418 2919 3472 sit
2966 3418 3213 3487 primitiae
3243 3432 3428 3471 eorum

1848 3515 1935 3581 qui
1962 3513 2312 3567 dormierunt.
2345 3512 2596 3565 Primitias
2622 3512 2763 3567 enim
2787 3511 3062 3579 cujusnam
3089 3509 3288 3563 fuerint
3318 3512 3428 3577 pri-

1848 3605 2010 3657 mitiae
2032 3645 2044 3667 ,
2088 3605 2187 3656 nisi
2234 3618 2417 3655 eorum
2448 3602 2538 3672 qui
2570 3611 2850 3671 resurgunt
2876 3602 2897 3654 ?
2925 3601 3192 3670 quomodo
3236 3612 3413 3655 autem

1848 3694 2044 3748 fuerint
2090 3695 2371 3763 primitiae,
2422 3694 2521 3747 nisi
2566 3704 2845 3763 resurgant
2897 3695 2972 3747 illi
3020 3681 3245 3760 quorum
3301 3703 3424 3748 sunt

1850 3787 2093 3855 primitiae
2120 3787 2142 3837 ?
2169 3785 2436 3854 quomodo
2477 3800 2604 3853 ergo
2649 3800 2753 3837 non
2803 3786 3126 3852 resurgunt?
3163 3786 3206 3837 si
3248 3794 3423 3838 autem

1848 3894 1952 3931 non
1984 3886 2300 3946 resurgunt,
2333 3893 2428 3929 cur
2472 3876 2767 3930 resurrexit
2799 3874 3086 3929 Christus?
3115 3890 3208 3927 cur
3238 3876 3425 3928 venit?

1847 3984 1943 4023 cur
1971 3985 2185 4023 carnem
2227 3970 2499 4037 suscepit,
2547 3970 2590 4020 si
2622 3977 2838 4023 Carnem
2891 3985 2994 4021 non
3044 3979 3157 4021 erat
3201 3970 3426 4021 suseita-
3468 3990 3475 3999 ·

1849 4052 2021 4112 turus?
2046 4075 2148 4112 non
2176 4058 2316 4111 enim
2348 4058 2459 4126 ipse
2486 4073 2621 4125 opus
2648 4058 2881 4110 habebat
2914 4068 2970 4109 ut
2999 4069 3303 4127 resurgeret
3322 4057 3420 4111 nisi

1848 4160 2063 4219 propter
2108 4164 2225 4201 nes.
2268 4148 2372 4202 Sed
2421 4150 2534 4202 haec
2564 4148 2774 4217 quidem
2809 4150 2954 4216 ponit
2987 4158 3169 4215 postea
3204 4163 3421 4215 progre-

1846 4238 2017 4300 diens,
2049 4239 2258 4290 interim
2286 4246 2463 4290 autem
2492 4238 2618 4290 dicit
2647 4255 2659 4290 :
2690 4237 2743 4291 Si
2769 4239 2961 4290 mortui
2988 4254 3090 4289 non
3121 4247 3419 4305 resurgunt,

1848 4345 2019 4397 neque
2048 4328 2646 4390 Christusresurrexit,
2680 4335 2864 4396 utpote
2896 4343 3015 4378 cum
3056 4328 3156 4379 hoe
3197 4329 3261 4379 sit
3295 4343 3425 4380 con-

1847 4436 2039 4473 nexum
2072 4437 2086 4473 :
2120 4435 2240 4472 nam
2269 4419 2311 4472 si
2342 4434 2443 4471 non
2486 4417 2672 4471 fuisset
2722 4428 3149 4481 resurrecturus,
3199 4432 3263 4470 ne
3294 4419 3421 4470 illud

1845 4511 2057 4581 quidem
2087 4511 2318 4564 fecisset.
2362 4509 2601 4562 Vidistin‘
2628 4506 2878 4577 paulatim
2912 4520 3072 4562 totam
3100 4510 3265 4562 everti
3308 4526 3423 4561 sus-

1845 4612 2014 4672 cepta:
2044 4604 2221 4656 carnis
2251 4602 2707 4668 diSpensationem
2742 4643 2755 4662 ,
2798 4618 2861 4653 es
2898 4601 3001 4653 illis
3034 4602 3237 4659 verbis,
3273 4610 3325 4651 et
3354 4616 3419 4651 ex

1846 4710 1911 4748 eo
1937 4693 2077 4762 quod
2109 4708 2210 4746 non
2248 4692 2497 4744 credatur
2524 4692 2921 4745 resurrreetio?
2968 4690 3070 4743 Sed
3104 4705 3241 4741 nunc
3291 4691 3421 4742 nihil

1844 4787 1972 4840 dicit
1996 4786 2061 4839 de
2077 4786 2252 4838 carnis
2275 4785 2633 4849 susceptione,
2664 4781 2754 4834 Sed
2779 4782 2842 4833 de
2865 4781 3275 4834 resurrectione.
3307 4780 3421 4834 Non

1846 4882 1987 4935 enim
2013 4871 2226 4933 ca'rnem
2258 4875 2561 4943 suscepisse
2590 4917 2605 4939 ,
2648 4875 2742 4928 sed
2783 4883 3053 4927 mortuum
3081 4888 3201 4927 esse
3241 4873 3421 4925 abolet

1849 4981 2072 5027 mortem
2105 4987 2117 5021 :
2154 4984 2272 5021 nam
2299 4984 2363 5022 eo
2389 4982 2603 5021 carnem
2632 4966 2860 5020 habente
2885 4965 3060 5017 adhuc
3091 4963 3417 5015 dominatum

1849 5063 2121 5117 obtinebat
2162 5062 2301 5113 illius
2346 5059 2605 5129 tyrannis.
2650 5059 2734 5110 H.
2779 5057 2838 5110 Si
2868 5068 3035 5107 autem
3067 5052 3296 5106 Christus
3319 5069 3420 5105 non

1848 5157 2117 5210 resurrexit
2142 5196 2154 5206 .
2185 5155 2350 5206 inanis
2375 5161 2445 5204 est
2476 5151 2767 5219 prtvdicatio
2797 5158 2994 5200 nostra.
3034 5147 3191 5215 Atqui
3225 5161 3422 5199 conse-

1848 5262 2016 5315 quens
2044 5255 2158 5299 erat
2182 5244 2363 5296 dicere
2383 5261 2395 5295 :
2419 5242 2472 5295 Si
2499 5249 2673 5293 autem
2705 5238 3076 5291 Christus-non
3112 5240 3419 5298 resurrexit,

1853 5338 2093 5403 pugoatis
2137 5350 2256 5387 cum
2291 5335 2354 5386 iis
2397 5349 2517 5402 qua:
2561 5339 2685 5384 sunt
2724 5328 3015 5392 evidentia,
3070 5340 3121 5383 et
3151 5343 3269 5381 eum
3315 5338 3420 5379 tam

1852 5426 2032 5478 multis
2049 5424 2340 5490 prolihetis,
2370 5431 2560 5475 etcum
2578 5434 2756 5473 rerum
2778 5420 3021 5472 veritate.
3050 5418 3152 5471 Sed
3179 5417 3224 5467 id
3255 5415 3420 5483 ponit,

1850 5516 1987 5586 quod
2014 5523 2097 5568 est
2124 5514 2200 5566 eis
2228 5512 2395 5565 multo
2424 5511 2709 5565 terribilius
2740 5530 2752 5564 :
2784 5510 2963 5563 Inanis
2990 5517 3062 5560 est
3089 5523 3204 5574 ergo
3233 5505 3414 5571 prtcdi-

1851 5608 1980 5660 cutio
2007 5615 2197 5665 nostra,
2235 5606 2400 5656 intutis
2421 5613 2492 5656 est
2520 5603 2645 5670 ﬁdes
2673 5614 2857 5655 vestra.
2888 5598 3166 5667 Exagitare
3196 5611 3423 5663 natoque

1851 5697 1958 5750 vult
1988 5696 2196 5748 illorum
2230 5703 2481 5746 mentem.
2528 5692 2842 5746 Universum
2867 5730 2882 5749 ,
2929 5687 3100 5756 inquit
3129 5726 3141 5746 .
3178 5685 3416 5749 perdidi-

1850 5801 1985 5854 mus,
2011 5796 2232 5856 pereunt
2261 5784 2458 5845 omnia,
2489 5783 2530 5837 si
2562 5798 2664 5835 non
2698 5779 3006 5835 resurrexit.
3040 5776 3221 5830 Vidisti
3256 5788 3423 5844 quim-
