4066 6348
618 344 726 403 335

624 470 734 510 tum
765 456 835 510 sit
862 454 1170 525 mysterium
1209 461 1474 519 susceptas
1515 450 1694 504 carnis
1735 445 2191 518 dispensationis?

606 547 754 602 Nam
798 548 843 602 si
875 556 1115 600 mortuus
1155 560 1261 599 non
1305 538 1477 613 poiuit
1510 556 1822 609 resurgere.
1864 554 2035 609 neque
2060 539 2192 593 abo-

622 638 770 691 litum
799 647 877 691 est
907 646 1204 706 peccatum.
1246 647 1419 702 neque
1448 648 1592 685 mors
1638 639 1721 685 est
1750 640 2017 698 perempta
2037 667 2053 692 ,
2091 643 2191 683 nec

620 727 855 781 ablatum
886 736 969 780 est
1014 725 1390 788 maledictum,
1444 736 1495 778 et
1526 738 1629 776 non
1668 720 1839 773 solum
1877 736 1975 773 nos
2015 718 2192 773 inania

616 816 1021 885 prtedicavimus
1042 856 1057 877 ,
1087 795 1181 869 sed
1214 831 1305 868 vos
1333 828 1543 884 quoque
1570 812 1870 866 credidistis
1896 810 2093 864 inania.
2127 810 2191 863 Et

619 925 723 961 non
751 906 923 961 solum
957 906 1079 961 hinc
1107 908 1341 961 ostendit
1388 906 1767 959 absurditatem
1807 903 1995 957 horum
2024 903 2190 956 malo-

617 1013 737 1052 rum
763 997 1069 1068 dogmatum
1095 1036 1109 1059 ,
1140 996 1232 1049 sed
1264 996 1424 1049 etiam
1453 996 1650 1049 acriter
1674 993 1949 1057 decertat,
1977 991 2184 1046 dicens:

621 1086 708 1142 15.
750 1085 1045 1140 luamimur
1070 1096 1237 1139 autent
1266 1094 1313 1139 et
1340 1086 1460 1155 fulsi
1484 1094 1630 1137 testes
1657 1082 1781 1145 Dei,
1829 1081 2065 1150 quoniam
2092 1091 2189 1134 tes-

614 1179 875 1232 timonium
918 1178 1139 1232 diximus
1190 1178 1429 1231 adversus
1480 1175 1643 1228 Deum
1695 1174 1831 1243 quod
1876 1173 2187 1226 suscitaverit

612 1266 866 1322 Christum
893 1283 913 1321 :
940 1284 1084 1333 «(item
1112 1282 1214 1321 nou
1257 1266 1512 1319 suscitavit
1539 1305 1553 1329 ,
1594 1265 1637 1317 si
1678 1263 1861 1315 mortui
1886 1279 1984 1315 non
2022 1278 2188 1316 resur-

611 1367 755 1427 gunt.
795 1357 849 1412 Si
878 1367 1055 1411 autem
1087 1358 1187 1409 hoc
1213 1364 1297 1410 est
1321 1355 1609 1409 absurdum
1639 1357 1654 1422 (
1684 1364 1765 1407 est
1794 1354 1934 1407 enim
1978 1354 2067 1406 Dei
2096 1368 2187 1405 ac—

610 1449 815 1501 cusatio
840 1458 893 1511 et
918 1448 1178 1501 calumnia
1204 1452 1221 1514 )
1244 1487 1261 1512 ,
1292 1456 1346 1501 et
1369 1464 1471 1499 non
1500 1446 1745 1499 escimvit
1774 1456 1829 1498 ut
1855 1445 2049 1509 dicitis,
2077 1460 2181 1527 non

612 1542 713 1595 hoc
738 1541 909 1595 solum
932 1582 945 1603 ,
973 1540 1066 1595 sed
1096 1542 1263 1594 multa
1292 1540 1450 1593 etiam
1478 1538 1583 1591 alia
1614 1546 1903 1607 srquentur
1928 1536 2180 1591 absurda.

612 1631 678 1685 Et
696 1633 809 1699 ipsa
836 1647 1019 1685 rursus
1042 1632 1340 1693 contirmat,
1365 1639 1417 1683 ct
1439 1628 1663 1681 assumit
1683 1628 1868 1681 dicens
1894 1646 1906 1680 :
1932 1629 2016 1681 16.
2045 1626 2182 1680 Nam

611 1722 654 1772 si
696 1722 879 1774 mortui
921 1738 1021 1775 uou
1051 1730 1356 1792 resurgunt,
1411 1736 1571 1789 neque
1618 1718 1848 1773 Christus
1888 1721 2178 1773 resurrexit.

608 1809 735 1863 Nam
762 1810 806 1865 si
839 1810 939 1865 hoc
966 1826 1070 1865 non
1093 1821 1204 1865 erat
1233 1809 1465 1865 facturus
1484 1849 1499 1874 ,
1530 1825 1596 1863 ne
1617 1810 1920 1864 advenisset
1945 1809 2178 1878 quidem.

607 1899 717 1954 lloc
742 1912 918 1955 autem
947 1916 1051 1955 non
1081 1902 1248 1965 dicit,
1279 1899 1375 1953 sed
1406 1899 1595 1963 tinem,
1630 1912 1820 1966 nempe
1844 1898 1960 1964 eius
1998 1915 2176 1952 resur-

605 1994 893 2044 rectionem
922 2032 938 2057 ,
986 2007 1077 2058 per
1109 1992 1276 2057 ipsam
1318 2003 1508 2042 omnes
1540 1988 1773 2042 trahens.
1822 1989 1905 2041 17.
1949 1989 2097 2053 Quod
2137 1993 2181 2044 si

604 2080 833 2134 Christus
859 2098 961 2133 nou
985 2080 1275 2143 resurrexit,
1310 2094 1438 2132 uaria
1458 2088 1532 2132 est
1551 2079 1676 2145 ﬁdes
1697 2090 1874 2132 uestra.
1905 2079 1967 2133 Ei
1992 2121 2008 2144 ,
2036 2082 2175 2149 quod

602 2179 687 2224 est
715 2170 1053 2223 manifestum
1085 2179 1139 2224 et
1166 2170 1233 2224 de
1262 2185 1367 2239 quo
1393 2178 1601 2224 constat
1627 2209 1641 2233 ,
1672 2170 2010 2225 continenter
2031 2172 2176 2225 addit

600 2260 799 2315 Christi
830 2262 1271 2316 resurrectionem
1297 2302 1311 2323 ,
1361 2276 1425 2315 cx
1454 2276 1519 2315 eo
1547 2261 1685 2327 quod
1724 2271 1806 2315 est
1850 2262 2037 2317 fortius
2060 2305 2075 2326 ,
2123 2265 2174 2319 id

602 2352 799 2418 etiam,
850 2353 991 2423 quod
1040 2353 1247 2407 videtur
1292 2364 1411 2408 eSSe
1462 2352 1785 2407 imbecillum
1822 2364 1874 2409 et
1915 2355 2170 2421 dubium,

598 2442 826 2497 reddens
857 2442 1087 2511 validum
1115 2453 1169 2497 et
1198 2443 1557 2497 manifestum.
1616 2444 1797 2496 Adhuc
1827 2446 1945 2497 estis
1970 2445 2021 2497 iu
2053 2461 2172 2512 pec-

595 2534 720 2589 catis
748 2536 940 2589 vestris.
981 2534 1112 2589 Nam
1142 2536 1187 2589 si
1219 2549 1325 2587 non
1355 2534 1647 2588 resurrexit
1672 2574 1687 2598 ,
1719 2549 1817 2588 nec
1843 2545 1927 2589 est
1956 2536 2169 2603 quidem

595 2636 836 2678 mortuus
868 2641 882 2678 :
913 2625 957 2678 si
984 2634 1162 2678 autem
1210 2638 1313 2675 non
1352 2630 1436 2676 est
1478 2633 1720 2675 mortuus
1741 2664 1755 2685 ,
1811 2639 1909 2677 nec
1939 2626 2171 2680 abolevit

593 2714 810 2780 quidem
838 2722 1111 2779 peccatum
1138 2728 1152 2775 ;
1185 2712 1299 2780 ejus
1333 2712 1474 2767 enim
1505 2728 1647 2765 mors
1682 2722 1764 2766 est
1792 2713 2012 2767 abolitio
2041 2731 2168 2783 pec-

588 2804 692 2856 cati
728 2821 740 2853 :
772 2802 901 2855 Ecce
928 2803 1068 2857 enim
1097 2844 1112 2867 ,
1143 2802 1312 2871 inquit
1336 2843 1351 2866 ,
1399 2802 1575 2872 Agnus
1621 2802 1714 2857 Dei
1751 2807 1837 2875 qui
1866 2805 1999 2858 tollit
2044 2823 2162 2873 pec-

591 2903 755 2952 ratum
782 2895 959 2947 mundi
987 2893 1163 2968 (Joan.
1202 2896 1249 2950 l.
1284 2895 1400 2964 29).
1429 2894 1710 2962 Quomodo
1737 2904 1915 2949 autem
1948 2897 2170 2951 tollens?

591 2984 779 3039 Morte.
809 2984 878 3041 Et
906 2987 1025 3041 ideo
1050 2987 1209 3042 etiam
1239 2986 1450 3040 vocavit
1478 2987 1682 3053 Agnnm
1709 3027 1724 3052 ,
1756 2997 1813 3040 ut
1840 2988 1927 3055 qui
1956 2988 2168 3043 occide-

589 3084 757 3130 retur.
799 3074 855 3131 Si
884 3083 1062 3130 autem
1103 3092 1206 3129 non
1238 3076 1563 3139 resurrexit,
1598 3092 1767 3144 neque
1798 3076 1895 3131 fuit
1925 3079 2163 3143 occisus;

587 3167 632 3220 si
666 3183 770 3221 non
821 3168 921 3222 fuit
948 3168 1191 3227 occisus.
1245 3181 1419 3235 neque
1450 3174 1724 3234 peccatum
1756 3175 1839 3222 est
1867 3169 2160 3233 abolitum;

588 3261 645 3315 si'
665 3274 770 3315 non
799 3259 892 3313 fuit
923 3259 1204 3325 abolitum,
1230 3258 1283 3313 in
1306 3274 1371 3314 eo
1398 3257 1561 3325 estis;
1584 3260 1628 3312 si
1648 3270 1827 3313 autent
1852 3260 1904 3313 in
1928 3275 1992 3313 eo
2012 3262 2161 3327 estis,

590 3352 785 3406 frustra
814 3350 1217 3419 przcdicavimus
1244 3368 1257 3416 ;
1280 3351 1324 3405 si
1371 3349 1565 3403 frustra
1608 3350 2030 3418 prtcdicavimus,
2057 3349 2167 3405 fru-

531 3492 534 3495 ,
593 3454 702 3497 stra
730 3443 1050 3498 credidistis.
1080 3442 1328 3511 Alioquin
1355 3450 1530 3494 autem
1562 3456 1705 3493 mors
1733 3455 1945 3509 quoque
1984 3452 2167 3496 manct

589 3534 939 3600 immortalis,
984 3534 1027 3587 si
1057 3548 1161 3586 non
1203 3531 1516 3587 resurrexit.
1552 3531 1607 3585 Si
1638 3530 1780 3585 enim
1810 3532 1921 3599 ipse
1952 3547 2163 3602 quoque

588 3624 836 3677 detentus
864 3624 960 3678 fuit
987 3638 1015 3676 a
1046 3632 1217 3678 morte
1240 3664 1256 3689 ,
1291 3632 1344 3677 et
1383 3622 1621 3677 dolorem
1650 3622 1767 3691 ejus
1811 3640 1915 3675 non
1961 3623 2159 3688 solvit;

587 3715 854 3785 quomodo
899 3715 1032 3770 alios
1062 3730 1249 3769 omnes
1279 3713 1563 3776 liberavit,
1595 3715 1683 3781 qui
1718 3715 1830 3780 ipse
1861 3714 2035 3769 adlmc
2060 3715 2161 3769 dc.-

588 3807 892 3862 tinebaturi
942 3806 1008 3860 Et
1037 3804 1468 3873 ideo‘subjungit
1502 3822 1511 3855 :
1552 3804 1636 3858 18.
1683 3803 1818 3872 Ergo
1857 3814 1902 3855 et
1929 3806 2015 3873 qui
2040 3805 2162 3858 dor-

589 3899 803 3950 mierunt
848 3898 901 3951 in
938 3896 1161 3961 Christo,
1195 3897 1466 3964 perierunt.
1510 3893 1579 3947 Et
1606 3892 1732 3963 quid
1762 3894 1880 3947 dico
1903 3935 1917 3958 ,
1953 3894 2157 3962 inquit,

586 3989 653 4042 de
684 3988 833 4042 vobis
856 4031 871 4051 ,
902 4004 1022 4043 cum
1051 3987 1210 4041 etiam
1242 3986 1313 4038 illi
1344 3999 1531 4038 onines
1560 3985 1812 4054 perierint
1831 4026 1846 4049 ,
1876 3986 1962 4055 qui
1996 3994 2161 4039 totum

588 4081 953 4141 coniecerunt,
985 4089 1040 4133 et
1067 4079 1245 4131 futuro
1268 4118 1284 4141 ,
1315 4076 1455 4144 quod
1484 4084 1564 4129 est
1594 4075 1876 4140 incertum,
1909 4090 2010 4127 non
2041 4086 2163 4128 sunt

590 4170 817 4236 amplius
840 4168 1063 4235 subjecti
1090 4170 1114 4219 τ
1158 4167 1290 4223 illud
1320 4175 1529 4230 autem,
1563 4162 1628 4217 In
1649 4164 1849 4218 Christo
1874 4206 1889 4229 ,
1920 4175 2010 4217 aut
2035 4165 2163 4218 dicit

593 4261 647 4315 in
685 4260 787 4313 iide
811 4300 827 4324 ,
883 4267 974 4312 aut
1016 4258 1104 4327 qui
1155 4266 1371 4325 promer
1398 4256 1568 4323 ipsum
1594 4264 1720 4309 sunt
1794 4255 2025 4319 mortui,
2072 4258 2159 4325 qui

595 4351 759 4405 multa
807 4349 1176 4402 sustinuerunt
1217 4346 1448 4412 pericula
1474 4387 1488 4407 .
1521 4345 1617 4415 qui
1637 4345 1827 4399 multas
1857 4345 1996 4413 passi
2041 4355 2164 4397 sunt

587 4439 947 4503 aiﬂictiones,
990 4438 1079 4507 qui
1124 4437 1344 4505 ingressi
1388 4445 1511 4490 sunt
1555 4445 1648 4503 per
1691 4436 1829 4488 viam
1859 4442 2157 4502 angustam.

510 4566 513 4567 ν
587 4529 688 4585 Ubi
721 4543 859 4582 nunc
879 4539 1000 4580 sunt
1032 4526 1254 4580 scelesta
1275 4542 1365 4579 ora
1396 4525 1832 4582 Manichaeorum,
1864 4524 1950 4592 qui
1982 4523 2166 4577 dicunt

589 4633 712 4673 eum
744 4618 924 4671 dicere
950 4630 1066 4671 eam
1095 4630 1212 4683 quae
1243 4615 1329 4669 hic
1354 4625 1437 4667 est
1462 4614 1941 4677 resurrectionem,
1973 4626 2165 4682 nempe

589 4710 956 4763 liberationem
987 4723 1015 4759 a
1050 4708 1311 4775 peccato?
1354 4707 1507 4759 Densi
1540 4707 1680 4759 enim
1710 4704 1794 4758 isti
1836 4713 1889 4759 et
1927 4704 2161 4759 continui

592 4816 655 4852 ac
684 4799 942 4868 reciproci
987 4799 1282 4869 syllogismi
1330 4797 1459 4849 nihil
1512 4798 1747 4851 indicant
1798 4812 2017 4857 eorum,
2048 4811 2167 4865 qu:e

590 4887 664 4944 illi
692 4887 905 4950 dicunt,
954 4888 1047 4942 sed
1080 4888 1129 4940 id
1179 4888 1317 4957 quod
1361 4902 1458 4941 nos
1490 4887 1734 4942 dicimus.
1785 4887 1987 4941 Dicitur
2022 4888 2164 4941 enim

590 4976 913 5033 resurrectio
942 4977 1056 5043 ejus
1083 4977 1223 5044 quod
1254 4978 1445 5031 cecidit
1474 4977 1760 5031 restitutio.
1810 4978 1875 5030 Et
1904 4976 2025 5031 ideo
2054 4975 2165 5031 fre-

588 5077 817 5140 quenter
861 5066 1115 5126 resumit,
1165 5082 1270 5119 non
1322 5068 1490 5119 solum
1538 5066 1720 5121 dicens
1768 5067 2164 5132 resurrexisse,

588 5162 686 5216 sed
725 5161 886 5213 etiam
941 5152 1319 5218 addens,E:r
1365 5159 1594 5211 mortuis.
1636 5158 1702 5210 Et
1725 5157 1987 5211 Corinthii
2038 5173 2166 5213 sane

592 5268 699 5311 non
726 5250 1044 5308 dubitabant
1089 5251 1155 5303 de
1199 5249 1515 5303 remissione
1544 5259 1915 5316 peccatorum,
1959 5252 2051 5305 sed
2099 5252 2166 5306 de

591 5345 984 5399 resurrectione
996 5354 1302 5409 corporum.
1318 5338 1570 5404 Qurenam
1588 5349 1763 5392 autem
1783 5340 2000 5393 omnino
2018 5350 2169 5411 urget

594 5437 924 5498 necessitas,
960 5441 1018 5485 ut
1063 5430 1107 5485 si
1141 5429 1385 5483 homines
1416 5444 1520 5483 non
1552 5428 1658 5484 sint
1684 5428 1943 5497 ejusmodi
1977 5440 2032 5482 ut
2059 5446 2164 5485 non

596 5534 851 5591 peccent,
884 5540 955 5578 ne
979 5523 1222 5579 Christus
1249 5519 1462 5589 quidem
1490 5517 1560 5573 sit
1585 5518 1889 5587 huiusmodi
1913 5521 1935 5572 ?
1960 5520 2091 5575 Nam
2123 5523 2167 5576 si

599 5628 703 5665 non
750 5627 891 5669 esset
938 5616 1322 5679 suscitaturus,
1356 5616 1708 5681 "consequens
1756 5623 1897 5665 esset
1947 5614 2161 5680 dicere,

595 5702 700 5756 Cur
721 5705 883 5768 venit,
916 5716 967 5759 et
992 5720 1205 5761 carnem
1231 5704 1457 5774 accepit,
1492 5714 1541 5756 et
1568 5703 1855 5758 resurrexit
1879 5705 1900 5756 ?
1924 5704 1987 5758 de
2014 5705 2166 5759 ttobis

1301 337 1361 395 S.
1395 333 1673 393 JOANNIS
1704 333 1837 389 ΕΗΒ
1851 330 2170 387 νδοετοιιι
2210 331 2523 385 ARCIIIEP.
2566 312 3097 391 CONSTANTINOP.

3770 345 3866 401 356

2305 455 2482 501 autem
2507 448 2744 503 minimc.
2773 448 2903 504 Nam
2930 460 2982 506 et
3011 450 3346 519 peccantibus
3372 451 3674 509 hominibus
3691 466 3744 509 et
3767 474 3861 512 non

2302 539 2646 605 peccantibus
2671 579 2686 603 ,
2713 556 2835 593 cum
2874 540 2984 594 Deo
3014 555 3227 609 semper
3254 552 3336 596 est
3359 544 3499 613 quod
3530 543 3583 599 in
3610 562 3729 601 eum
3762 565 3858 602 non

2297 629 2453 682 cadat
2483 640 2754 697 precatum
2777 672 2792 691 .
2822 644 2876 686 et
2914 648 3010 685 nos
3037 633 3184 686 illum
3214 649 3622 705 nunsequtmur
3643 680 3660 704 ,
3696 656 3859 710 neque

2299 713 2399 770 hoc
2449 718 2513 771 ad
2564 719 2691 773 illud
2755 722 3147 788 reciprocatur,
3192 724 3337 777 sicut
3381 726 3433 779 iu
3481 731 3859 785 resurrectione

2298 821 2602 874 Corporum.
2644 809 2732 863 19.
2778 810 2839 863 Si
2882 812 2933 863 iu
2966 812 3059 863 hac
3084 814 3183 865 vita
3208 822 3399 865 tantum
3427 815 3479 867 in
3518 814 3715 870 Christo
3754 835 3860 885 spe-

2296 906 2464 951 rantes
2488 915 2679 955 sumus.
2711 901 3095 955 miserabiliores
3116 920 3287 957 sumus
3312 906 3536 958 omnibus
3562 908 3855 962 hominibus.

2365 986 2417 1039 5.
2451 987 2587 1051 Quid
2617 989 2782 1045 dicis.
2811 1006 2843 1044 ο
2874 990 3079 1045 Paule?
3109 994 3374 1060 quomodo
3403 994 3451 1046 in
3486 995 3583 1048 hac
3613 998 3713 1050 vita
3740 1014 3856 1066 spe-

2295 1084 2474 1129 rantes
2498 1091 2701 1142 sumus,
2728 1079 2771 1131 si
2795 1094 3021 1147 corpora
3047 1096 3154 1135 non
3182 1093 3481 1151 resurgunt,
3508 1098 3628 1137 cum
3656 1099 3859 1141 maneat

2292 1166 2467 1218 anima
2497 1178 2551 1221 et
2587 1168 2656 1221 sit
2684 1170 3038 1225 immortalis?
3065 1174 3324 1241 Quoniam
3355 1175 3399 1228 si
3430 1186 3638 1230 maneat
3665 1180 3857 1243 anima,

2294 1265 2348 1307 et
2390 1258 2581 1311 millies
2624 1260 2691 1313 sit
2733 1263 3045 1316 immortalis
3071 1304 3087 1327 ,
3118 1264 3255 1317 sicut
3289 1275 3371 1318 est
3413 1282 3634 1331 revera,
3665 1271 3860 1339 absque

2292 1359 2451 1399 turne
2483 1362 2585 1399 non
2635 1349 2860 1417 accipiet
2888 1350 3023 1405 bona
3055 1352 3140 1405 illa
3172 1352 3455 1407 ineffabilia
3481 1396 3495 1419 ,
3529 1357 3659 1410 sicut
3691 1375 3858 1428 neque.

2293 1437 2553 1502 punietur.
2602 1436 2785 1491 Omnia
2828 1441 2957 1492 enim
3003 1442 3453 1513 manifestabuntur
3493 1459 3607 1498 aute
3642 1450 3862 1502 tribunal

2290 1524 2475 1579 Christi
2494 1567 2507 1589 ,
2536 1538 2589 1580 ut
2612 1530 2827 1597 accipiat
2848 1532 3183 1602 unusquisque
3205 1550 3317 1603 qua
3342 1551 3429 1604 per
3466 1553 3644 1607 corpus
3672 1545 3855 1609 gessit,

2287 1614 2388 1666 sive
2412 1618 2573 1681 horta,
2605 1620 2707 1670 sive
2734 1620 2868 1671 mala
2903 1619 2975 1688 (2.
3006 1620 3124 1675 Cor.
3157 1622 3211 1677 5.
3245 1623 3355 1692 10).
3387 1625 3667 1695 Propterea
3699 1631 3856 1696 dicit,

2291 1704 2350 1758 Si
2379 1706 2431 1759 in
2458 1707 2552 1760 hac
2577 1711 2673 1761 rita
2704 1719 2898 1763 tantum
2925 1712 2975 1763 in
3006 1711 3205 1767 Christo
3239 1726 3495 1784 sperantes
3530 1734 3701 1774 sumus
3721 1763 3737 1787 ,
3763 1724 3860 1773 uti.

2286 1796 2604 1849 serabiliores
2640 1815 2813 1851 sumus
2851 1802 3080 1854 omnibus
3123 1802 3427 1857 hominibus.
3469 1806 3525 1860 Si
3568 1811 3708 1862 enim
3753 1826 3856 1866 non

2288 1887 2515 1954 resurgit
2542 1902 2733 1955 corpus
2752 1929 2768 1953 ,
2801 1891 3103 1945 incoronata
3133 1900 3312 1947 manet
3339 1896 3512 1948 anima
3540 1908 3683 1951 extra
3718 1902 3855 1956 illam

2287 1975 2669 2032 beatitudinem
2700 1996 2818 2049 qum
2855 1993 2938 2037 est
2982 1983 3033 2035 in
3074 1984 3219 2038 cadis
3249 2002 3261 2036 :
3293 1986 3338 2038 si
3367 1999 3542 2041 autem
3572 1990 3668 2043 hoc
3702 1992 3770 2044 ita
3801 2007 3859 2046 se

2287 2069 2466 2133 habet,
2499 2081 2625 2123 tunc
2651 2070 2779 2125 nihil
2810 2074 3028 2126 omnino
3053 2088 3475 2144 consequemur:
3505 2078 3546 2130 si
3580 2089 3700 2133 ωηο
3727 2082 3856 2137 nihil

2282 2175 2696 2229 consequemur,
2723 2164 2774 2216 iu
2801 2166 3048 2233 prtesenti
3074 2175 3199 2220 sunt
3223 2171 3691 2226 remuneratioaes.
3721 2172 3856 2239 Quid

2282 2266 2430 2319 ergo,
2461 2252 2649 2319 inquit.
2684 2253 2783 2308 hac
2812 2256 3015 2309 ratione
3042 2256 3201 2310 fuerit
3230 2258 3383 2313 nobis
3410 2259 3709 2315 infelicius?
3736 2263 3856 2318 llazc

2282 2352 2457 2399 autem
2488 2345 2699 2399 diccbat
2724 2386 2738 2409 ,
2764 2344 2919 2399 simul
2951 2356 3003 2401 et
3030 2362 3125 2402 eos
3149 2348 3472 2405 confirmans
3498 2365 3560 2405 ac
3580 2354 3857 2409 stabiliens

2282 2438 2333 2490 in
2365 2452 2431 2492 eo
2460 2438 2603 2507 quod
2634 2440 2828 2494 dicitur
2852 2440 2919 2495 de
2958 2445 3347 2499 resurrectione
3373 2460 3673 2516 corporum,
3709 2460 3763 2504 et
3790 2450 3855 2505 de

2280 2527 2565 2582 immortali
2592 2529 2675 2581 illa
2700 2531 2805 2584 vita
2833 2532 3178 2599 persuadens,
3203 2549 3270 2587 ne
3292 2536 3651 2592 existimarent
3670 2548 3853 2594 nostra

2277 2620 2455 2673 omnia
2482 2620 2700 2674 dissolvi
2727 2630 2781 2675 et
2806 2621 3052 2677 desinere
3082 2625 3135 2677 in
3165 2625 3431 2692 praesenti.
3456 2626 3585 2683 Nam
3610 2644 3732 2683 cum
3761 2648 3855 2700 per

2276 2710 2630 2776 praicedcntia
2660 2712 2790 2763 satis
2819 2711 3191 2768 conﬁrmasset
3213 2716 3352 2783 quod
3378 2718 3586 2771 volebat
3609 2729 3661 2773 et
3692 2721 3855 2775 dixis-

2275 2806 2377 2863 set,
2404 2796 2463 2850 Si
2489 2800 2675 2850 mortui
2698 2814 2799 2851 uou
2821 2810 3106 2870 resurgunt,
3130 2818 3287 2869 neque
3303 2802 3530 2858 Christus
3552 2812 3852 2871 resurrexit,-

2272 2888 2316 2940 si
2341 2898 2508 2940 autem
2539 2887 2768 2942 Christus
2809 2907 2909 2943 non
2944 2893 3248 2957 resurrexit,
3284 2894 3537 2961 periimus
3557 2936 3571 2960 ,
3599 2907 3649 2950 et
3677 2898 3855 2954 adhuc

2273 2991 2458 3031 sumus
2505 2979 2557 3031 in
2608 2981 2881 3046 peccatis:
2912 2996 3099 3035 rursus
3141 2980 3242 3036 hoc
3288 2994 3501 3053 quoqui:
3544 2986 3849 3058 subiungit,

2274 3070 2551 3138 exagitans
2581 3071 2792 3124 illorum
2822 3072 3199 3141 arrogantiam.
3231 3072 3453 3138 Quando
3481 3077 3619 3130 enim
3649 3088 3735 3131 est
3763 3095 3853 3133 ne-

2271 3158 2560 3212 cessarium
2604 3160 2817 3227 aliquod
2858 3162 3047 3229 dogma
3094 3164 3492 3218 introducturus
3515 3207 3529 3228 ,
3562 3176 3704 3221 metu
3738 3171 3849 3238 pri-

2271 3265 2415 3303 mum
2445 3252 2679 3318 percellit
2703 3252 2879 3305 cordis
2907 3268 3089 3307 eorum
3121 3255 3370 3311 duritiem
3402 3275 3414 3310 :
3442 3259 3581 3327 quod
3610 3261 3697 3314 hic
3722 3278 3852 3330 quo-

2270 3356 2373 3410 que
2400 3341 2545 3405 fecit,
2580 3353 2637 3395 ut
2664 3344 2751 3412 qui
2782 3352 2835 3398 et
2865 3346 3110 3414 superius
3137 3361 3198 3400 ea
3228 3347 3561 3417 disperserit,
3593 3360 3644 3404 et
3669 3354 3851 3407 animo

2270 3436 2459 3487 anxios
2490 3433 2798 3499 reddiderit,
2833 3446 2889 3490 ut
2918 3439 3004 3506 qui
3036 3438 3103 3491 ab
3132 3440 3380 3493 omnibus
3409 3443 3766 3507 excidissent;
3800 3457 3851 3500 et

2272 3539 2414 3578 nunc
2442 3539 2626 3579 rursus
2653 3527 2840 3585 aliter.
2869 3536 2923 3581 et
2954 3542 3008 3580 ut
3049 3529 3278 3585 maxime
3315 3530 3530 3586 doleant
3550 3574 3563 3593 .
3599 3535 3737 3590 idem
3768 3537 3848 3590 fa-

2270 3616 2418 3669 ciens
2443 3632 2505 3670 ac
2532 3616 2718 3671 dicens
2748 3635 2759 3669 :
2796 3618 3183 3685 Miserabiliores
3213 3638 3387 3676 sumus
3418 3626 3648 3678 omnibus
3687 3628 3850 3681 homi-

2270 3705 2449 3770 nibus,
2482 3707 2524 3759 si
2556 3717 2675 3775 post
2707 3716 2783 3759 tot
2813 3708 2944 3761 bella
2971 3718 3026 3763 et
3063 3720 3261 3765 mortes
3288 3723 3341 3766 et
3366 3714 3505 3766 mala
3538 3714 3846 3772 innumera-

2271 3795 2395 3849 biiia
2417 3836 2431 3859 ,
2465 3797 2626 3849 tantis
2664 3797 2816 3850 bonis
2855 3800 3020 3853 siuius
3051 3800 3328 3868 privandi,
3363 3812 3417 3855 et
3447 3803 3581 3857 intra
3615 3821 3849 3873 praesens

2271 3895 2477 3954 tempus
2508 3895 2685 3940 nostra
2717 3888 3008 3942 consistant
3037 3906 3049 3941 :
3073 3891 3251 3944 omnia
3280 3892 3420 3945 enim
3449 3895 3681 3962 pendent
3709 3913 3737 3949 a
3765 3913 3849 3951 re-

2269 3978 2617 4030 surrectione.
2641 3978 2994 4044 Quamobrem
3017 3980 3140 4035 biue
3158 3996 3369 4051 quoque
3386 3994 3467 4038 est
3486 3988 3843 4055 perspicuum,

2269 4066 2409 4135 quod
2438 4082 2543 4120 non
2567 4068 2871 4135 loqueretur
2892 4070 2958 4125 de
2985 4072 3234 4139 peccatis,
3258 4071 3352 4127 sed
3374 4072 3441 4128 de
3460 4078 3851 4133 resurrectiOne

2268 4173 2553 4228 corporum
2576 4199 2590 4225 ,
2627 4170 2681 4214 et
2714 4161 2780 4215 de
2811 4164 2915 4216 \ita
2959 4163 3209 4233 praesenti
3249 4172 3303 4218 et
3345 4163 3539 4219 futura.
3571 4167 3663 4222 20.
3696 4167 3849 4223 Nunc

2269 4259 2436 4303 autem
2464 4249 2693 4304 Christus
2720 4255 2993 4307 resurrexit
3021 4271 3054 4307 a
3083 4259 3312 4317 mortuis,
3338 4257 3576 4322 primitia:
3598 4260 3849 4315 dormien-

2269 4342 2413 4394 tium.
2457 4341 2742 4411 Postquam
2782 4346 3017 4401 ostendit
3052 4356 3181 4415 qnot
3220 4348 3357 4402 mala
3388 4349 3631 4405 oriantur
3655 4370 3720 4407 ex
3751 4368 3845 4419 eo,

2269 4432 2409 4502 quod
2440 4447 2545 4486 non
2576 4435 2822 4489 credatur
2860 4438 3185 4492 resurrectio
3208 4479 3223 4501 ,
3261 4454 3447 4493 rursus
3488 4444 3681 4509 repetit
3710 4447 3847 4513 quod

2270 4524 2471 4577 dictum
2497 4534 2597 4587 est,
2624 4537 2677 4579 et
2701 4525 2830 4579 dicit
2857 4544 2871 4581 :
2905 4526 3057 4580 Nunc
3083 4539 3249 4581 autem
3276 4530 3503 4585 Christus
3527 4538 3803 4589 resurrexit
3820 4554 3849 4588 ιι

2272 4616 2481 4669 mortuis
2502 4631 2522 4679 ;
2552 4618 2805 4670 continuo
2834 4617 3056 4682 addens,
3088 4620 3131 4671 Α
3163 4621 3392 4683 mortuis,
3422 4629 3481 4673 ut
3515 4622 3731 4682 obtnrct
3758 4642 3847 4682 ora

2272 4704 2667 4760 haereticorum.
2713 4706 2961 4762 Primitiae
2997 4726 3170 4763 eorum
3207 4711 3294 4780 qui
3322 4710 3655 4769 dormierunt.
3687 4715 3743 4771 Si
3772 4725 3850 4771 est

2270 4808 2447 4852 autem
2496 4798 2772 4865 primitiis,
2811 4815 2904 4853 eos
2947 4815 3161 4870 quoque
3201 4807 3416 4869 oportet
3456 4818 3758 4873 resurgere.
3798 4807 3849 4862 Si

2272 4898 2449 4942 autem
2470 4890 2911 4943 resurrectionem
2933 4892 3136 4944 diceret
3156 4889 3524 4945 liberationem
3545 4910 3575 4947 a
3600 4896 3846 4962 peccatis,

2273 4992 2431 5030 nemo
2458 4990 2634 5031 autem
2663 4988 2745 5032 est
2771 4979 2972 5047 absque
3013 4986 3231 5046 peccato
3260 4976 3421 5046 (nam
3457 4979 3654 5037 Paulus
3684 4985 3848 5047 dicit,

2273 5068 2328 5122 Ν
2331 5068 2425 5122 ἱΙιὶῑ
2446 5070 2569 5122 mihi
2588 5071 2815 5122 conscius
2838 5086 2966 5132 sum,
2990 5067 3079 5121 sed
3104 5084 3201 5120 non
3223 5068 3277 5121 in
3298 5070 3393 5122 hoc
3415 5072 3720 5139 iustiﬁcatam
3745 5090 3849 5138 sum

2268 5156 2349 5228 [1.
2381 5160 2498 5216 Cor.
2532 5162 2582 5215 4.
2617 5160 2704 5232 4])
2730 5178 2745 5225 ;
2773 5158 3041 5228 quomodo
3075 5167 3234 5220 erunt
3263 5161 3426 5231 aliqui
3453 5165 3545 5233 qui
3575 5171 3848 5233 resurgant

2274 5253 2564 5306 secundum
2594 5261 2825 5304 vestram
2866 5249 3232 5303 sententiam?
3260 5249 3449 5306 Viden’
3476 5269 3598 5307 eum
3630 5267 3753 5307 esse
3778 5253 3850 5305 Io-

2273 5352 2494 5412 quututn
2521 5343 2586 5396 de
2606 5340 2958 5408 corporibus?
2985 5339 3051 5392 Et
3072 5349 3125 5394 ut
3148 5340 3251 5395 hoc
3271 5342 3377 5397 iide
3395 5343 3613 5413 dignum
3635 5343 3845 5402 faceret.

2275 5437 2528 5491 continuo
2555 5433 2829 5487 Christum
2858 5432 3072 5487 adducit
3100 5434 3151 5487 in
3193 5434 3427 5490 medium
3446 5477 3462 5497 ,
3491 5433 3581 5501 qui
3613 5433 3667 5485 in
3697 5448 3849 5487 carne

2276 5524 2567 5581 resurrexit
2596 5540 2608 5573 :
2636 5521 2829 5574 deinde
2852 5524 3012 5576 etiam
3037 5522 3193 5579 afl’ert
3217 5539 3453 5580 causam.
3483 5521 3615 5575 Nam
3644 5533 3701 5577 ut
3724 5524 3845 5588 disi,

2276 5615 2489 5686 quando
2518 5612 2759 5668 enuntiat
2783 5614 3031 5683 quidem,
3062 5631 3279 5671 causam
3321 5624 3497 5668 autem
3542 5631 3650 5668 non
3692 5618 3838 5677 dicit,

2282 5723 2386 5761 non
2414 5715 2519 5760 tam
2549 5705 2701 5759 facile
2730 5721 2759 5759 a
2789 5705 2969 5763 multis
2993 5705 3292 5761 admittitur
3308 5713 3361 5760 et
3386 5705 3641 5772 probatur
3666 5706 3843 5763 oratio.
