4066 6348
337 361 443 415 337

339 474 595 541 Quaenam
617 480 698 527 est
717 480 843 540 ergo
871 472 1068 532 causa?
1093 472 1180 526 2i.
1213 472 1462 538 Quoniam
1483 472 1683 541 quidem
1713 488 1801 540 per
1825 473 1914 525 lio-

342 577 526 615 nnneut
549 576 702 628 mors,
726 575 772 615 et
794 578 884 632 per
907 564 1156 616 hominem
1176 565 1472 616 resurrectio
1499 573 1827 617 mortuorum.
1860 562 1914 617 Si

340 667 520 711 autem
543 669 639 724 per
661 657 949 722 hominem,
974 671 1071 727 per
1091 672 1213 712 eum
1237 660 1393 727 plane
1409 658 1499 727 qui
1522 656 1681 711 habet
1700 669 1913 723 corpus.

348 745 481 801 Vide
503 758 663 816 porro
685 747 803 817 ejus
830 748 1123 814 solertiam,
1146 736 1236 818 qui
1257 749 1415 803 etiam
1440 749 1597 801 aliter
1620 753 1915 802 orationem

341 834 508 889 ci'iicit
552 836 923 891 necessariam.
968 833 1099 891 Nam
1142 844 1300 900 eum,
1334 836 1423 906 qui
1463 835 1561 890 l'uit
1598 842 1914 905 superatus,

343 935 555 995 oportet
583 936 637 981 et
668 937 983 996 prostratam
1029 928 1325 982 instaurare
1362 926 1426 981 a'c
1467 933 1718 995 reparare
1763 936 1919 978 uatu-

341 1026 457 1073 ram
482 1061 497 1083 ,
528 1027 579 1074 et
608 1021 778 1089 ipsum
807 1022 1017 1076 vincere
1047 1019 1169 1081 υἷε
1197 1020 1339 1074 enim
1381 1018 1633 1088 probrum
1664 1030 1915 1073 excusse-

342 1112 432 1163 rit.
481 1112 767 1176 Videamus
810 1122 985 1167 autem
1029 1122 1312 1180 quamnam
1360 1110 1489 1165 dicit
1532 1120 1775 1164 mortem.
1824 1108 1913 1162 22.

344 1204 493 1258 Sicut
521 1206 665 1260 enim
691 1207 745 1260 in
770 1206 932 1259 Adam
958 1212 1128 1258 attines
1154 1205 1457 1270 moriamur,
1484 1207 1557 1256 ita
1576 1212 1622 1256 et
1646 1203 1698 1255 in
1720 1200 1918 1255 Christo

343 1308 519 1349 omnes
562 1296 962 1366 viviﬁcabttntur.
1018 1294 1194 1363 Quid?
1233 1304 1525 1358 omneSne,
1566 1293 1652 1348 die
1695 1298 1914 1362 quassa,

343 1387 539 1440 mortui
570 1395 693 1440 sunt
721 1385 773 1438 in
811 1383 978 1438 Adam
1019 1393 1189 1439 morte
1229 1384 1471 1454 peccati?
1494 1382 1762 1453 quomodo
1790 1394 1919 1450 ergo

342 1471 457 1529 Noe
480 1475 654 1545 justus
692 1476 743 1527 in
783 1475 1122 1544 generatione
1149 1474 1284 1529 sua?
1313 1472 1579 1544 quomodo
1605 1470 1918 1526 Abraham?

344 1565 611 1634 quomodo
638 1564 781 1621 Job?
808 1567 1074 1635 quomodo
1103 1567 1186 1619 alii
1218 1565 1448 1619 omnes?
1477 1564 1612 1629 Quid
1646 1578 1772 1617 vero
1791 1603 1804 1625 ,
1832 1562 1936 1625 dic,

344 1668 496 1726 rogo,
518 1666 773 1712 annosae
802 1658 1207 1712 viviﬁcabuntur
1228 1659 1279 1710 in
1301 1656 1551 1711 Christo?
1595 1655 1655 1709 Et
1682 1654 1768 1708 ubi
1792 1663 1917 1708 sunt

343 1747 433 1815 qui
474 1743 806 1803 abducuntur
852 1749 905 1803 in
951 1750 1287 1819 gehennam?
1320 1748 1450 1803 Nam
1486 1749 1531 1804 si
1573 1748 1673 1801 hoc
1702 1747 1914 1816 quidem

341 1837 541 1892 dictum
569 1850 651 1894 est
678 1840 745 1895 de
773 1851 1016 1911 corpore,
1050 1847 1153 1897 stat
1193 1839 1333 1911 quod
1362 1840 1557 1895 dicitur
1584 1856 1598 1893 :
1628 1839 1707 1893 sin
1738 1845 1915 1891 autem

342 1929 412 1985 de
450 1930 650 2000 justitin‘
693 1941 748 1988 et
792 1943 1050 2003 peccato,
1090 1948 1441 2003 nequaquam.
1476 1932 1675 1987 Deinde
1700 1946 1767 1985 ne
1795 1944 1914 1984 cum

341 2022 574 2078 audieris
598 2036 931 2080 communem
967 2026 1391 2089 t'ivit‘lcationem,
1423 2025 1923 2091 etiampeccatores

341 2114 673 2169 existimares
698 2123 818 2171 esse
845 2116 1054 2180 salvos,
1092 2114 1365 2184 subjnnxit
1397 2134 1410 2168 :
1439 2113 1917 2189 25.1]nus‘qu’sque

341 2213 510 2258 autem
538 2205 595 2258 in
626 2221 719 2260 suo
741 2206 934 2260 ordine.
963 2206 1094 2261 Nam
1121 2208 1371 2275 quoniam
1400 2204 1647 2259 audivisti
1671 2208 1917 2257 resurre-

341 2296 593 2360 ctionem,
620 2306 686 2351 ne
707 2297 980 2351 existimes
1000 2312 1185 2352 omnes
1206 2296 1391 2351 eadem
1414 2294 1622 2364 assequi
1648 2303 1702 2347 et
1726 2292 1913 2347 iisdem

343 2387 461 2440 irui.
494 2384 625 2441 Nam
652 2390 696 2441 si
720 2389 772 2443 in
800 2389 1058 2458 supplicio
1081 2396 1185 2443 non
1211 2401 1398 2442 omnes
1421 2385 1604 2441 eadem
1627 2384 1911 2456 patientur,

340 2479 434 2533 sed
463 2493 652 2550 magna
680 2489 762 2537 est
786 2480 1105 2546 differentia,
1136 2481 1302 2534 multo
1328 2480 1494 2550 magis
1525 2478 1611 2532 ubi
1641 2484 1765 2532 sunt
1794 2490 1915 2545 pec-

338 2578 547 2623 catores
571 2580 623 2624 et
647 2571 814 2639 justi,
850 2572 1019 2639 major
1047 2571 1152 2625 erit
1190 2570 1459 2625 distantia.
1495 2569 1746 2623 Primitias
1769 2567 1915 2621 Citri-

335 2669 444 2713 stus
466 2675 484 2711 :
505 2660 685 2712 deinde
706 2661 743 2713 ii
766 2661 850 2730 qui
875 2670 997 2714 sunt
1016 2660 1238 2725 Christi;
1270 2660 1369 2714 hoc
1394 2664 1496 2721 est,
1528 2658 1710 2713 fideles
1739 2664 1794 2713 et
1822 2656 1912 2727 qui

336 2760 459 2805 sum
486 2752 690 2819 probati
712 2758 765 2803 et
796 2751 947 2804 bo‘nze
972 2749 1398 2803 existimationis.
1432 2748 1519 2803 24.
1552 2747 1748 2801 Deinde
1773 2747 1907 2814 ﬁnis.

334 2842 467 2897 Nam
496 2842 706 2911 quando
738 2842 809 2896 iiii
844 2844 1234 2898 resurrexerint
1258 2883 1273 2906 ,
1302 2854 1388 2895 res
1416 2856 1605 2895 omnes
1635 2840 1789 2894 linem
1818 2853 1909 2893 ac-

332 2935 532 3003 cipient
563 2952 577 2988 :
606 2949 709 2987 non
738 2934 875 2988 sicut
901 2949 1039 2988 nunc
1079 2944 1357 3002 postquam
1384 2924 1735 2985 resurreserit
1757 2928 1909 2981 Chri-

331 3036 467 3089 stus,
498 3027 673 3080 omnia
700 3026 873 3080 adhuc
898 3034 1021 3080 sunt
1051 3026 1102 3078 in
1133 3038 1411 3093 suspenso.
1445 3022 1508 3075 Et
1537 3021 1655 3074 idco
1684 3017 1903 3083 addidit,

332 3116 400 3169 In
431 3119 537 3187 ejus
559 3118 805 3181 adventu,
833 3128 887 3171 ut
917 3117 1090 3170 discas
1117 3116 1288 3181 ipsum
1320 3114 1460 3182 loqui
1487 3112 1553 3165 de
1580 3110 1671 3164 illo
1700 3121 1905 3179 tempo-

329 3223 409 3262 re.
439 3207 565 3263 Cum
599 3208 859 3261 tradiderit
886 3222 1095 3275 regnum
1124 3203 1229 3257 Deo
1257 3215 1303 3257 et
1334 3203 1479 3257 Patri
1502 3221 1518 3266 ;
1551 3219 1662 3255 cum
1691 3218 1905 3255 evacua-

328 3301 451 3351 rrrit
480 3313 676 3350 onmem
704 3297 1062 3365 principatum,
1094 3305 1408 3362 potestatem,
1438 3303 1484 3347 et
1512 3294 1759 3345 virtutem.

398 3390 449 3439 4.
484 3386 580 3440 Hic
608 3395 810 3441 attente
835 3387 1068 3443 animum
1097 3386 1343 3439 adhibete
1366 3426 1380 3449 ,
1409 3394 1461 3437 et
1486 3384 1660 3435 videte
1686 3396 1751 3433 ne
1778 3380 1902 3448 quid

328 3491 420 3528 vos
444 3476 655 3545 effugiat
685 3493 871 3531 eorum
897 3493 1013 3544 quae
1044 3477 1306 3531 dicuntur.
1341 3475 1433 3528 Est
1461 3474 1599 3528 enim
1629 3472 1777 3525 nobis
1808 3487 1901 3539 pu.

326 3583 428 3637 gna
457 3584 577 3623 cum
608 3570 836 3623 inimicis
864 3587 877 3621 :
906 3569 1026 3621 ideo
1054 3569 1197 3636 prius
1224 3578 1304 3621 est
1335 3566 1627 3621 exercenda
1656 3565 1902 3618 deductio

324 3661 392 3714 ad
437 3660 725 3713 absurdum
759 3677 771 3710 :
805 3659 943 3726 quod
990 3674 1131 3726 saepe
1174 3660 1332 3711 etiam
1382 3659 1503 3711 facit
1553 3657 1748 3711 Pauins
1779 3675 1789 3707 :
1823 3656 1901 3710 sic

325 3754 468 3807 enim
509 3752 738 3806 maxime
772 3766 890 3821 qua:
920 3750 1135 3815 dicunt,
1168 3750 1495 3819 apparebunt
1526 3750 1676 3802 nobis
1705 3748 1898 3816 depre-

327 3847 499 3897 hensu
542 3842 738 3899 facilia.
786 3842 894 3898 Eos
938 3857 1064 3913 ergo
1110 3842 1336 3911 primum
1386 3856 1630 3911 rogemus
1666 3841 1791 3909 quid
1831 3841 1900 3896 sit

322 3933 467 4002 quod
496 3933 694 3988 dictum
720 3944 821 4001 est,
846 3934 971 3988 Cum
994 3934 1255 3987 tradiderit
1282 3942 1485 4003 regnum
1516 3932 1620 3985 Deo
1643 3942 1687 3984 et
1711 3931 1884 3985 Patri.

322 4024 458 4079 Nam
493 4027 537 4079 si
570 4025 621 4080 id
647 4025 1035 4080 inconsiderate
1061 4026 1422 4094 acceperimus
1443 4066 1455 4087 ,
1487 4033 1539 4077 et
1567 4038 1671 4077 non
1703 4031 1759 4077 ut
1789 4024 1897 4078 Deo

323 4120 592 4179 convenit,
620 4132 723 4171 non
752 4117 877 4171 iilud
909 4126 1086 4186 postea
1120 4117 1331 4172 habebit
1360 4136 1371 4169 :
1400 4132 1521 4171 nam
1553 4118 1640 4186 qui
1673 4117 1758 4170 alii
1794 4127 1897 4171 tra-

322 4209 479 4273 didit,
506 4208 697 4264 desinit
717 4208 784 4263 de
804 4218 998 4264 etetero
1026 4209 1136 4278 ipse
1166 4208 1215 4263 id
1247 4218 1446 4264 tenere.
1475 4210 1581 4266 Nec
1602 4211 1702 4264 erit
1724 4210 1894 4263 solum

324 4298 429 4353 hoc
451 4298 757 4363 absurdum,
785 4299 878 4354 sed
900 4300 1061 4353 etiam
1086 4298 1226 4369 quod
1252 4314 1318 4354 ne
1350 4300 1438 4354 ille
1459 4301 1670 4370 quidem
1698 4301 1785 4368 qui
1809 4315 1895 4354 ac-

320 4392 499 4459 cepit,
538 4392 837 4445 invenietur
876 4390 1071 4447 habere
1111 4392 1411 4461 priusquam
1444 4395 1726 4461 acceperit.
1757 4393 1895 4460 Ergo

319 4484 615 4538 secundum
647 4484 765 4538 illos
790 4498 963 4553 neque
988 4484 1143 4539 Pater
1162 4495 1276 4540 erat
1304 4485 1410 4538 hex
1434 4496 1604 4548 antea,
1635 4496 1688 4539 et
1715 4496 1894 4541 nostra

320 4575 695 4644 persequitur;
729 4590 899 4644 neque
925 4575 1087 4631 Filius
1109 4586 1287 4645 postea
1320 4576 1428 4631 Rex
1457 4591 1573 4632 esse
1599 4578 1891 4645 apparebit.

320 4664 602 4732 Quomodo
622 4681 748 4735 ergo
773 4666 885 4735 ipse
906 4668 1118 4737 quidem
1141 4668 1353 4723 dicitde
1383 4669 1555 4735 Patre,
1584 4668 1737 4723 Pater
1759 4686 1895 4732 meus

321 4772 481 4824 usque
494 4774 623 4811 nunc
646 4766 902 4823 operatur,
917 4768 962 4813 et
982 4774 1071 4824 ego
1092 4774 1271 4827 ορατ-ον
1290 4760 1462 4829 (Joan.
1484 4762 1535 4816 5.
1564 4761 1677 4830 i7)?
1692 4762 1756 4815 de
1779 4764 1894 4832 ipso

318 4855 500 4901 autem
525 4847 655 4902 dicit
684 4847 861 4901 Daniel
884 4890 898 4913 ,
930 4849 1160 4921 Regnum
1195 4853 1337 4919 ejus,
1370 4868 1578 4921 regnum
1616 4864 1890 4919 (sternunt,

317 4940 457 5007 quod
483 4956 587 4994 non
608 4938 877 5008 prateribit
901 4941 1059 5011 (Dan.
1090 4942 1144 4996 2.
1174 4942 1306 5013 ﬂ)?
1334 4944 1516 4998 Viden'
1540 4960 1696 5013 quam
1730 4947 1891 5001 multa

318 5029 561 5084 oriantur
586 5029 837 5095 absurda,
864 5038 918 5084 et
939 5047 1096 5101 quam
1118 5045 1239 5087 cum
1266 5033 1555 5097 Scripturis
1583 5036 1864 5103 pugnantia

318 5132 443 5170 cum
466 5122 723 5190 quispiam
741 5135 859 5191 mia:
877 5120 1123 5176 dicuntur
1144 5124 1370 5178 humane
1390 5125 1685 5192 acceperit?
1704 5124 1879 5190 Quem

319 5220 445 5259 nam
475 5220 653 5266 autem
679 5211 766 5267 hic
788 5211 917 5266 dicit
940 5214 1182 5266 evacuari
1204 5222 1259 5268 et
1277 5214 1477 5269 aboleri
1501 5213 1892 5282 principatum?

320 5295 741 5365 angeionmme?
777 5300 949 5356 Absit.
994 5301 1063 5354 At
1096 5300 1371 5357 ﬁdelium?
1402 5303 1479 5359 Ne
1518 5303 1618 5357 hoe
1655 5302 1887 5369 quidem.

319 5387 428 5442 Sed
470 5390 793 5454 quemnam?
837 5391 1145 5446 Daemouum
1170 5433 1183 5453 ,
1213 5391 1281 5446 de
1319 5408 1426 5463 quo
1462 5394 1584 5447 dicit
1616 5409 1630 5447 :
1663 5391 1783 5446 Non
1820 5402 1892 5447 est

316 5479 463 5560 nobis
490 5477 779 5533 colluctatio
802 5483 1039 5537 adversus
1064 5492 1265 5536 cantent
1283 5493 1328 5537 et
1347 5488 1662 5555 sanguinem,
1685 5487 1774 5537 sed
1798 5485 1891 5537 ad-

316 5580 503 5622 rasus
521 5566 851 5637 finitionis,
876 5572 1117 5627 adrasus
1141 5582 1425 5643 potestates,
1453 5574 1698 5631 adversus!
1713 5575 1890 5628 Mundi

320 5667 538 5712 rectores
564 5654 879 5710 tenebrat»:
906 5660 1064 5730 huius
1085 5663 1257 5717 satcuti
1289 5662 1499 5733 (Ep/tes.
1529 5665 1584 5719 6.
1616 5663 1724 5734 i2).
1756 5663 1887 5719 Nam

321 5760 465 5801 nunc
494 5746 705 5817 quidem
744 5759 848 5801 non
887 5758 1009 5803 sunt
1038 5751 1191 5820 piene
1225 5752 1417 5807 abolita
1449 5769 1545 5809 nec
1574 5752 1744 5809 adhuc
1771 5770 1887 5810 ces-

1325 350 1649 416 iN'EPIST.
1693 357 1711 413 Ι
1778 360 1868 415 AD
1903 359 2058 419 C0“.
2107 362 2335 421 “OMU...
2377 365 2619 422 XXXIX.

3499 371 3605 431 838

2030 485 2148 529 sant
2171 489 2185 541 ς
2216 478 2267 532 in
2290 476 2468 535 multis
2487 485 2629 537 enim
2651 483 2780 538 locis
2798 496 3120 553 operantur;
3145 490 3270 544 tunc
3290 494 3467 546 autem
3486 493 3606 547 ceti-

2025 566 2235 621 saliunt.
2266 566 2357 621 25.
2390 569 2600 641 Oportet
2635 574 2767 626 enim
2808 574 2952 629 illum
2994 587 3237 647 regnare,
3266 581 3425 634 donec
3450 590 3609 642 ponat

2026 670 2193 710 oumes
2221 657 2451 713 inimicos
2486 665 2577 715 sub
2617 663 2824 731 pedibus
2855 667 2967 735 ejus
3008 665 3210 720 Rursus
3240 666 3364 724 hinc
3390 672 3603 740 quodue

2024 744 2167 799 aliud
2196 750 2364 802 Oritur
2394 750 2715 816 absurdum,
2749 754 2848 807 nisi
2882 756 2933 809 id
2964 772 3175 826 quoque
3203 760 3597 828 acceperimus,

2026 849 2083 891 ut
2110 834 2218 892 Deo
2243 843 2512 897 convenit.
2536 844 2673 898 Nam
2717 846 2841 899 illud
2864 888 2881 915 ,
2917 847 3087 902 Donec
3110 890 3123 909 .
3151 861 3237 903 est
3274 849 3396 904 linis
3420 860 3475 906 et
3500 848 3598 905 de-

2028 931 2453 1001 terminationis;
2498 936 2550 988 in
2599 935 2707 991 Deo
2746 948 2924 993 autem
2965 940 3066 995 hoc
3094 957 3198 995 non
3228 952 3333 998 est.
3356 940 3446 997 26.
3480 936 3599 997 No-

2024 1020 2226 1075 vissima
2253 1026 2457 1078 inimica
2487 1021 2766 1083 destruetur
2792 1046 2944 1085 mors.
2972 1030 3251 1097 Quomodo
3277 1032 3601 1088 nuvissiutn?

2028 1109 2151 1165 Post
2181 1126 2387 1174 omnes.
2418 1124 2536 1185 post
2559 1117 2845 1184 diabolum.
2884 1132 2999 1187 post
3033 1121 3134 1175 alia
3160 1122 3357 1176 dinnia.
3390 1100 3598 1178 Etenim

2029 1202 2183 1253 etiam
2216 1202 2266 1255 in
2295 1203 2442 1259 initio
2470 1205 2681 1260 intravit
2711 1210 2996 1263 novnssima
3024 1229 3037 1262 :
3064 1211 3209 1279 prius
3236 1213 3379 1265 enim
3404 1211 3600 1267 diaboli

2030 1293 2305 1347 consilium
2349 1304 2405 1349 et
2452 1296 2804 1351 inubcdientia
2831 1339 2845 1359 ,
2872 1308 2926 1354 et
2967 1312 3091 1354 tunc
3125 1314 3289 1355 mors.
3334 1286 3601 1358 Putemus

2026 1399 2153 1453 ergo
2193 1401 2332 1440 nunc
2372 1402 2581 1458 quoque
2626 1400 2709 1443 est
2750 1392 2943 1445 abolita
2965 1433 2977 1455 ,
3008 1406 3069 1448 re
3105 1396 3281 1449 autem
3314 1394 3423 1464 ipsa
3451 1398 3599 1452 tunc.

2030 1476 2212 1531 Omnia
2231 1481 2363 1548 enirn
2384 1481 2591 1549 subjecit
2612 1482 2700 1535 sub
2727 1482 2933 1552 pedibus
2958 1485 3083 1554 ejus.
3109 1482 3234 1540 Cum
3255 1494 3420 1539 autem
3443 1492 3599 1548 dicat.

2023 1565 2112 1620 27.
2144 1566 2328 1621 Omnia
2356 1572 2576 1639 subjecto
2603 1583 2718 1625 sunt
2745 1573 2811 1635 ei,
2841 1573 2951 1626 sine
2977 1574 3127 1627 dubio
3154 1578 3335 1644 praeter
3358 1576 3489 1635 c'ittii.
3516 1578 3601 1645 qui

2023 1656 2231 1727 subjecit
2259 1661 2302 1711 ei
2332 1663 2520 1715 omnia.
2549 1660 2636 1715 28.
2669 1661 2796 1716 Cum
2836 1666 3004 1717 autem
3041 1665 3264 1735 subjecta
3302 1665 3488 1733 fuerint
3523 1665 3603 1719 iiii

2023 1748 2213 1814 omnia,
2246 1757 2362 1801 tunc
2392 1760 2436 1802 et
2462 1751 2570 1820 ipse
2599 1750 2763 1805 Filius
2793 1753 3044 1823 subjectus
3073 1755 3167 1807 erit
3188 1755 3291 1819 iiii,
3320 1756 3406 1826 qui
3434 1755 3603 1825 subjeis

2022 1838 2091 1891 ett
2128 1838 2222 1892 sibi
2270 1842 2459 1895 omnia.
2494 1842 2650 1911 Atqui
2678 1850 2835 1898 antea
2866 1850 2973 1912 nan
3011 1843 3221 1899 Patrem
3245 1844 3454 1933 dicebat
3481 1852 3602 1903 esse

2023 1930 2112 1998 qui
2152 1931 2407 2000 subjecit,
2448 1932 2543 1987 sed
2574 1934 2745 2003 ipsum
2778 1948 3035 1989 evacuate
3064 1945 3116 1989 et
3144 1930 3361 1991 abolere
3394 1954 3406 1990 :
3437 1934 3596 2003 Curis;

2023 2022 2229 2092 inquit,
2258 2026 2570 2078 evacuauerit
2595 2028 2792 2079 omnem
2823 2026 3161 2096 principatum
3193 2033 3240 2081 et
3268 2032 3599 2098 potestatein;
3634 2090 3646 2107 γε

2021 2118 2075 2166 et
2103 2124 2287 2167 rursus
2309 2155 2322 2178 ,
2356 2113 2564 2184 Oportet
2606 2116 2745 2168 enim
2784 2117 2948 2185 ipsum
2986 2128 3227 2187 regnare.
3260 2117 3419 2171 donec
3445 2124 3601 2187 ponat

2021 2211 2191 2255 omnes
2231 2204 2459 2257 inimicos
2497 2206 2589 2259 sub
2634 2205 2842 2274 pedibus
2875 2207 3003 2275 ejus.
3041 2192 3320 2273 Quomodo
3349 2214 3479 2276 ergo
3511 2207 3599 2262 hic

2021 2289 2149 2344 dicit
2190 2291 2569 2349 PatremiNec
2607 2295 2708 2350 hoc
2734 2306 2815 2349 est
2855 2296 3025 2351 soium
3059 2295 3199 2367 quod
3241 2298 3449 2352 videtur
3476 2308 3598 2354 esse

2020 2378 2263 2445 dubium,
2293 2382 2387 2436 sed
2414 2386 2573 2437 etiam
2605 2387 2745 2455 quod
2791 2397 2933 2443 metu
2964 2387 3118 2443 valde
3142 2387 3372 2443 absurdo
3400 2396 3483 2443 est
3512 2388 3596 2443 af—

2022 2471 2210 2537 fectus,
2235 2482 2287 2550 et
2312 2489 2438 2528 usus
2464 2486 2545 2529 est
2570 2480 2903 2533 correctione
2928 2479 3134 2545 dicens,
3170 2479 3362 2534 Prteter
3379 2497 3491 2535 eum
3509 2482 3599 2551 qui

2020 2566 2067 2619 ei
2095 2568 2304 2634 subiecit
2332 2569 2501 2621 omnia
2521 2609 2535 2634 ,
2567 2578 2834 2640 tamquam
2863 2571 3126 2640 aliquibus
3167 2574 3559 2641 suspicantibus
3578 2615 3594 2639 ,

2016 2670 2147 2711 ‘num
2179 2658 2333 2712 Pater
2357 2674 2567 2729 quoque
2593 2660 2877 2730 aliquando
2905 2661 3257 2730 subjiceretu'r
3280 2659 3417 2717 Filio
3444 2682 3458 2715 :
3489 2678 3597 2733 quo

2018 2747 2142 2813 quid
2172 2747 2329 2801 fuerit
2367 2751 2536 2819 magis
2561 2750 2793 2806 alienum
2822 2767 2851 2804 a
2881 2750 3124 2807 ratione?
3148 2751 3255 2808 Stid
3285 2754 3461 2809 tamen
3494 2754 3594 2808 hoc

2018 2836 2210 2889 timuit.
2237 2836 2371 2903 Quid
2399 2852 2526 2907 ergo
2551 2843 2675 2893 est?
2700 2843 2899 2895 etenim
2929 2843 3109 2897 multa:
3134 2842 3386 2914 deinceps
3408 2856 3598 2898 oecur-

2015 2938 2138 2979 runt
2163 2929 2488 2995 qumstiones
2513 2946 2528 2981 :
2551 2930 2644 2983 sed
2670 2932 2903 2985 animum
2930 2933 3057 2985 mihi
3086 2934 3350 2989 adhibete.
3385 2935 3592 2991 Etenim

2015 3018 2142 3073 mihi
2176 3034 2396 3076 necesse
2426 3018 2509 3077 cSt
2541 3024 2766 3092 primum
2798 3024 2975 3079 dicere
3005 3026 3153 3079 Pauli
3183 3034 3404 3095 πομπῇ
3431 3036 3486 3083 et
3513 3028 3595 3082 in.

2012 3113 2256 3167 stitutum
2288 3124 2340 3167 et
2371 3115 2650 3170 consilium
2671 3158 2685 3180 ,
2721 3116 2862 3186 quod
2905 3116 3099 3187 ubique
3127 3118 3323 3173 videris
3347 3118 3590 3187 respicio-

2012 3203 2161 3267 dere,
2190 3212 2243 3259 et
2270 3213 2393 3259 tunc
2417 3202 2607 3261 alien-re
2630 3207 2948 3261 solutionem
2978 3225 2991 3263 :
3018 3221 3144 3261 nam
3169 3207 3269 3263 hoc
3290 3222 3500 3279 quoque
3524 3211 3590 3264 ad

2011 3293 2335 3348 solutionem
2385 3297 2537 3350 nobis
2581 3298 2806 3352 confert.
2852 3298 2981 3365 Qua:
3027 3308 3109 3352 est
3152 3315 3281 3368 ergo
3324 3302 3588 3354 sententia

2010 3383 2156 3437 Pauli
2180 3425 2192 3445 ,
2222 3395 2270 3437 et
2303 3387 2421 3454 quis
2446 3395 2528 3440 est
2559 3401 2672 3439 mos
2699 3386 2856 3456 ejus?
2884 3388 3053 3444 Aliter
3088 3390 3347 3460 loquitur,
3376 3392 3589 3461 quando

2008 3476 2240 3546 loquitur
2268 3478 2335 3531 de
2365 3478 2472 3531 soia
2505 3479 2799 3544 divinitate,
2831 3486 2881 3533 et
2917 3481 3071 3533 aliter
3100 3480 3315 3549 quando
3336 3482 3593 3538 acciderit

2008 3578 2065 3622 ut
2106 3569 2353 3639 loquatur
2392 3570 2458 3625 de
2488 3581 2761 3640 susceptae
2785 3572 2961 3626 carnis
3001 3572 3420 3641 dispensatione.
3452 3574 3582 3628 Nam

2004 3662 2217 3731 quando
2269 3677 2482 3715 carnem
2532 3661 2984 3731 apprehenderit,
3034 3662 3103 3718 de
3153 3670 3346 3717 ca-tero
3396 3679 3585 3719 secure

2004 3751 2178 3804 omnia
2221 3751 2453 3820 loquitur
2479 3751 2693 3803 immitia
2724 3760 2777 3805 et
2806 3751 3035 3819 ahjccta,
3067 3754 3341 3808 conﬁdens
3371 3768 3582 3821 netnpe,

2004 3841 2143 3911 quod
2174 3856 2233 3896 ea
2266 3843 2336 3896 sit
2363 3852 2482 3908 apta
2515 3852 2568 3896 et
2609 3842 2796 3897 idonea
2840 3841 2905 3895 ad
2947 3843 3349 3911 suscipiendum.
3372 3860 3432 3899 ea
3462 3852 3581 3914 quat

2003 3931 2267 3986 dicuntur.
2300 3933 2583 3986 Videamus
2610 3948 2736 4003 ergo
2769 3933 2852 3987 hic
2881 3946 3093 4003 quoque
3131 3948 3197 3986 an
3240 3933 3483 4003 loquatur
3512 3934 3580 3988 de

2003 4025 2114 4080 sola
2142 4025 2435 4087 divinitate.
2460 4042 2524 4077 an
2549 4040 2666 4078 cum
2697 4026 2871 4078 carnis
2902 4034 3161 4093 susceptae
3182 4025 3578 4095 dispensatione

2002 4116 2070 4170 de
2098 4115 2215 4183 ipso
2243 4113 2357 4167 inec
2383 4115 2621 4169 enuntiet
2662 4131 2780 4184 quae
2818 4116 2945 4168 dicit
2976 4132 2988 4167 :
3021 4117 3127 4169 imo
3155 4131 3282 4170 vero
3309 4116 3461 4184 prius
3486 4130 3579 4170 os-

2005 4206 2280 4261 tendamus
2310 4206 2520 4261 ubinam
2556 4207 2673 4270 hoc,
2707 4208 2845 4287 quod
2871 4207 2997 4267 dixi,
3033 4208 3235 4266 fecerit.
3267 4207 3347 4263 Ad
3373 4208 3577 4279 Pbiiipa

2003 4313 2195 4367 penses
2218 4298 2457 4354 scribens
2477 4298 2605 4353 dicit
2630 4317 2641 4352 :
2671 4298 2771 4365 Qui
2790 4314 2899 4351 rum
2926 4300 2978 4352 in
3004 4301 3164 4366 [arma
3194 4298 3288 4353 Dei
3309 4304 3449 4361 esset,
3476 4316 3576 4354 non

2000 4391 2232 4461 rapinam
2274 4391 2542 4445 arbitratus
2579 4402 2648 4445 est
2690 4409 2797 4445 esse
2836 4408 2890 4445 se
2930 4390 3038 4446 Deo
3072 4393 3344 4461 trossulum,
3376 4392 3467 4445 sed
3492 4407 3573 4445 se-

2001 4482 2166 4549 ipsum
2191 4482 2463 4537 exinanit-it
2488 4484 2616 4535 servi
2639 4487 2853 4552 formam
2879 4484 3148 4561 accipiens,
3171 4484 3223 4537 in
3247 4482 3577 4537 similitudine

2001 4573 2259 4627 hominum
2284 4574 2468 4642 factus.
2493 4584 2536 4627 et
2557 4574 2721 4643 ﬁgura
2748 4576 2977 4629 inuentus
3004 4584 3061 4628 ut
3088 4577 3233 4630 homo
3252 4591 3272 4639 ;
3294 4575 3575 4629 Ituntitiavit

2000 4665 2237 4733 seipsum,
2262 4664 2491 4719 obediens
2520 4666 2680 4733 factus
2710 4682 2867 4737 usque
2894 4668 2962 4720 ad
2990 4678 3218 4732 mortem,
3247 4676 3453 4722 mortem
3479 4684 3573 4722 att-

2002 4763 2098 4806 tem
2133 4756 2312 4806 crucis.
2349 4755 2669 4825 Quapropter
2696 4756 2832 4811 Deus
2860 4758 3105 4811 exaltabit
3127 4757 3270 4811 illum
3302 4757 3569 4828 (Phiiipp.

1998 4846 2052 4900 2.
2083 4844 2179 4899 6-9
2212 4845 2251 4913 ).
2286 4846 2527 4901 Vidistin‘
2551 4849 2818 4917 quomodo
2838 4891 2851 4912 ,
2884 4849 3097 4917 quando
3122 4849 3326 4905 desoia
3354 4850 3568 4922 quidem

2001 4936 2313 5005 loquebatur
2338 4937 2634 5003 divinitate,
2665 4938 2748 4991 illa
2778 4953 2963 5008 magna
2994 4940 3146 5006 dixit,
3174 4954 3295 4994 eum
3322 4940 3372 4993 in
3403 4942 3567 4994 forma

1998 5025 2092 5080 Dei
2120 5038 2257 5087 esse,
2288 5035 2342 5078 et
2370 5027 2645 5093 mqualiter
2669 5027 2929 5089 Genitori,
2959 5036 3011 5084 et
3038 5029 3135 5096 ipsi
3165 5034 3336 5082 totum
3367 5026 3573 5082 adseri-

1998 5118 2075 5173 bit
2100 5134 2113 5171 :
2136 5116 2347 5187 quando
2375 5124 2552 5170 autem
2592 5119 2827 5172 Ostendit
2865 5118 2956 5173 tibi
2982 5122 3105 5171 eum
3131 5122 3348 5173 carnem
3382 5132 3569 5174 Iunce-

1998 5211 2141 5279 pisse
2165 5252 2179 5275 ,
2221 5220 2401 5264 rursus
2437 5207 2700 5278 depressit
2741 5209 3082 5264 orationem?
3114 5209 3233 5265 Nisi"
3264 5213 3407 5267 enim
3453 5211 3566 5265 iure

1997 5300 2243 5355 diviseris
2267 5342 2280 5364 ,
2326 5307 2514 5368 magna
2557 5309 2639 5355 est
2681 5300 3025 5369 repugnantia
3063 5310 3253 5355 eorum
3280 5306 3403 5372 quae
3427 5300 3566 5355 dicta

1998 5400 2141 5446 sunt.
2173 5390 2380 5445 Nam-si
2411 5390 2521 5445 Deo
2560 5398 2681 5445 erat
2716 5391 2935 5460 aequalis
2957 5432 2972 5455 ,
3013 5392 3279 5461 quomodo
3317 5391 3572 5445 exultavit

1998 5497 2139 5549 eum,
2171 5483 2261 5553 qui
2286 5490 2380 5538 est
2396 5481 2496 5538 sibi
2522 5480 2779 5552 :eqnatis?
2802 5482 2845 5534 si
2873 5493 2987 5537 erat
3015 5484 3065 5538 in
3095 5482 3262 5537 forma
3294 5480 3408 5549 Dei,
3430 5496 3566 5554 quo-

1998 5574 2157 5629 modo
2182 5574 2279 5644 ipsi
2306 5574 2519 5629 donavit
2547 5573 2782 5627 nonteni
2807 5588 2928 5629 nam
2958 5576 3046 5645 qui
3071 5574 3253 5637 donat,
3276 5576 3325 5627 ei
3348 5574 3445 5645 qui
3459 5588 3566 5628 non

1999 5665 2161 5721 habet
2186 5665 2350 5719 donat
2374 5680 2389 5718 :
2414 5673 2467 5717 et
2489 5663 2575 5731 qui
2604 5662 2801 5718 exultat
2822 5706 2836 5730 ,
2867 5678 2986 5720 eum
3022 5664 3109 5733 qui
3152 5664 3307 5734 prius
3324 5667 3439 5717 erat
3467 5663 3563 5714 hu-

2002 5757 2141 5810 milis
2168 5756 2386 5810 exaltat.
2420 5753 2724 5809 invenietur
2747 5770 2874 5826 ergo
2902 5770 3020 5810 esse
3047 5754 3387 5826 imperfectus
3412 5764 3464 5807 ct
3493 5755 3567 5808 in-
