4066 6348
557 360 664 415 339

557 478 749 545 digens
772 516 784 535 ,
818 472 1122 542 priusquam
1159 469 1492 524 altitudinem
1523 467 1791 535 acceperit
1819 473 1866 517 rt
1902 476 2094 517 nomen
2122 476 2141 527 7:

561 578 609 621 et
641 566 741 619 alia
776 562 1182 619 innumerabilia
1210 560 1332 613 hinc
1363 567 1652 627 sequentur
1672 555 1897 609 absurda
1921 553 2146 609 corolla-

560 657 655 708 ria.
685 654 791 709 Sed
820 654 862 708 si
892 655 1070 708 carnis
1092 662 1354 719 suscepta:
1378 650 1647 703 addideris
1668 647 2141 716 dispensationem,

561 764 663 802 non
712 748 960 817 peccabis
1007 747 1119 798 haec
1167 746 1370 797 dicens.
1418 743 1539 800 lianc
1585 751 1760 796 autem
1809 741 1893 794 hic
1934 754 2145 809 quoque

558 840 729 909 cogita
756 883 767 904 ,
800 849 853 892 et
878 853 1000 893 cum
1028 838 1129 890 hoc
1155 836 1382 888 consilio
1408 834 1589 901 accipe
1618 850 1734 901 qttze
1761 832 1899 886 dicta
1926 840 2070 883 sunt.

632 931 686 984 5.
719 931 847 982 Cum
891 927 974 981 bis
1014 934 1192 979 autem
1238 926 1369 977 alias
1400 939 1609 992 quoque
1649 925 1890 978 dicemus
1930 933 2142 976 causzts.

562 1024 776 1076 Interim
821 1028 996 1073 autem
1042 1017 1172 1073 illud
1213 1033 1434 1072 necesse
1480 1027 1563 1070 est
1613 1016 1827 1081 dicere,
1860 1013 2001 1083 quod
2030 1022 2083 1066 et
2112 1026 2145 1065 a

562 1114 729 1168 Paulo
756 1111 917 1165 verba
949 1110 1146 1165 fiebant
1172 1110 1237 1162 de
1274 1109 1685 1169 resurrectiOne,
1718 1123 1836 1176 qum
1868 1104 2145 1158 videbatur

565 1205 678 1259 fieri
712 1220 817 1257 non
854 1217 1029 1271 posse,
1060 1210 1113 1255 et
1142 1217 1261 1270 qum
1302 1202 1520 1253 tninitne
1546 1198 1865 1252 credebatur
1894 1213 1906 1249 :
1932 1205 1981 1248 et
2010 1193 2147 1245 scri-

567 1300 726 1352 bebat
751 1296 816 1349 ad
846 1293 1173 1357 Corinthios,
1199 1292 1285 1346 ubi
1322 1291 1496 1360 plures
1518 1297 1671 1343 erant
1704 1284 2031 1355 philosophi,
2054 1283 2143 1352 qui

562 1404 775 1457 semper
792 1386 1080 1440 irridebant
1098 1400 1160 1437 ea
1182 1398 1295 1451 qum
1316 1392 1435 1435 sunt
1461 1378 1784 1447 bnjusmodi.
1802 1377 2006 1431 Etenim
2024 1390 2143 1429 cum

564 1485 616 1537 in
643 1483 762 1537 aliis
809 1482 949 1533 inter
974 1494 1033 1533 se
1058 1475 1441 1531 collidercntnr
1465 1516 1479 1539 ,
1511 1475 1563 1526 in
1610 1473 1709 1527 hoc
1733 1472 1982 1542 dogmate
2012 1482 2146 1523 tam-

565 1590 720 1644 quam
754 1588 862 1625 uno
890 1586 984 1623 ore
1020 1583 1209 1621 omnes
1250 1567 1626 1635 conspirabant
1650 1608 1664 1630 ,
1697 1573 1996 1618 statuentes
2036 1578 2143 1614 non

562 1679 683 1719 esse
713 1661 1185 1716 resurrecuunem.
1236 1657 1311 1711 De
1359 1656 1656 1726 ltujusmodi
1704 1670 1830 1724 ergo
1860 1669 2017 1708 causa
2050 1652 2144 1705 de-

564 1765 807 1817 certans,
840 1752 923 1805 cui
964 1749 1101 1803 adeo
1133 1764 1239 1804 non
1267 1747 1503 1802 creditur
1526 1757 1581 1801 et
1608 1762 1725 1817 qum
1756 1746 2009 1799 irridetur
2037 1753 2142 1798 tam

565 1855 785 1915 propter
813 1842 1212 1913 pricjudicatatu
1241 1839 1547 1910 epiuiOnem
1566 1880 1579 1902 ,
1615 1854 1773 1907 quam
1822 1846 2042 1906 propter
2068 1835 2142 1888 rei

567 1935 968 1997 difficultatem;
1002 1940 1056 1985 et
1099 1932 1286 1984 volens
1319 1930 1545 1998 probare
1593 1928 1643 1981 id
1678 1928 1790 1981 fieri
1822 1942 1997 1996 posse,
2034 1926 2144 1993 prio

568 2042 711 2079 tmnn
740 2026 840 2077 hoc
867 2026 989 2077 facit
1017 2039 1083 2077 ex
1110 2020 1309 2074 Christi
1338 2017 1732 2072 rcSnrret-tiune
1761 2034 1773 2067 :
1800 2025 1853 2069 et
1881 2030 2001 2069 eum
2027 2017 2173 2069 eaut'

569 2116 990 2167 demonstrasset
1019 2120 1073 2164 ct
1102 2126 1164 2162 ex
1194 2108 1467 2178 prophetis
1490 2118 1542 2162 et
1572 2123 1638 2161 ex
1669 2107 1733 2160 iis
1762 2105 1850 2175 qui
1882 2106 2142 2169 viderant,

567 2214 619 2259 et
644 2220 704 2256 ex
740 2204 802 2255 iis
832 2202 920 2271 qni
953 2200 1315 2263 crediderant,
1347 2207 1624 2269 postquam
1655 2199 1859 2265 accepit
1888 2197 1987 2250 sibi
2019 2211 2149 2250 cou-

566 2312 772 2349 ιτυεδειιιι
802 2294 869 2347 ad
897 2294 1187 2347 absurdum
1217 2291 1589 2346 deductionetn
1614 2333 1628 2357 ,
1660 2290 1913 2357 deinceps
1959 2290 2148 2360 prohat

570 2388 842 2441 hominum
876 2385 1319 2438 resurrectionem
1350 2400 1362 2433 :
1401 2381 1538 2434 Nam
1558 2384 1599 2435 si
1631 2382 1816 2434 mortui
1842 2398 1942 2433 non
1976 2396 2145 2433 resur-

566 2487 723 2545 gunt,
755 2475 959 2543 inquit,
1010 2489 1072 2525 ne
1098 2472 1325 2525 Christus
1376 2472 1577 2541 quidem
1622 2473 1912 2525 resurrexit.
1948 2470 2147 2525 Deinde

569 2583 689 2621 cum
734 2564 989 2619 continuo
1036 2564 1087 2617 in
1122 2564 1546 2633 prtecedeutibus
1586 2578 1771 2617 eorum
1817 2562 2145 2629 frequentem

569 2656 805 2712 dedisset
850 2656 1254 2724 probationem,
1298 2655 1453 2709 aliter
1483 2668 1667 2707 rursus
1711 2660 2145 2719 argumentatur,

570 2764 687 2803 eam
715 2762 911 2801 vocans
944 2747 1225 2815 primitias,
1249 2756 1301 2799 et
1328 2745 1617 2799 ostendens
1646 2758 1767 2797 eum
1794 2743 2012 2796 abolere
2034 2756 2151 2795 οιιι-

570 2858 692 2895 nem
722 2839 1077 2908 principatum
1121 2848 1175 2891 et
1218 2845 1531 2904 potestatem
1558 2845 1612 2889 et
1643 2836 1891 2888 virtutem
1920 2843 1973 2887 et
2004 2848 2149 2887 mor-

574 2946 680 2986 tem
713 2931 1077 2985 novissimam.
1109 2928 1389 2995 Quomodo
1418 2942 1566 2996 ergo,
1603 2927 1809 2995 inquit,
1839 2924 1997 2977 fuerit
2024 2926 2151 2978 abo-

574 3026 662 3078 lita
683 3065 697 3089 ,
729 3023 829 3086 nisi
860 3023 1005 3091 prius
1030 3021 1267 3074 amiserit
1310 3034 1428 3085 qua:
1457 3017 1685 3070 habebat
1715 3015 1965 3082 corpora?
1996 3015 2151 3067 Post-

572 3131 733 3185 quam
763 3128 890 3182 ergo
919 3126 1103 3179 magna
1131 3110 1377 3177 loquutus
1417 3115 1499 3160 est
1529 3106 1593 3160 de
1622 3104 1932 3174 Unigenito,
1964 3119 2153 3173 nempe

576 3207 716 3274 quod
748 3202 907 3257 tradit
934 3215 1153 3270 regnum
1175 3241 1188 3263 ,
1224 3200 1325 3252 hoc
1354 3205 1454 3262 est,
1484 3195 1626 3265 quod
1673 3195 1785 3263 ipse
1815 3208 1876 3247 ca
1906 3191 2118 3246 coniicit
2138 3234 2151 3255 ,

575 3307 629 3349 et
660 3297 773 3364 ipse
814 3293 956 3347 bello
988 3290 1148 3344 vincit
1171 3332 1185 3353 ,
1214 3298 1264 3341 et
1294 3288 1469 3340 omnia
1506 3285 1729 3353 pedibus
1770 3286 1879 3337 suis
1906 3282 2153 3351 subjicit;

579 3386 849 3454 subjunxit
875 3384 1150 3451 corrigens
1174 3381 1460 3433 multorum
1494 3376 1918 3430 incredulitatem
1946 3393 1959 3428 :
1990 3374 2157 3442 Opor-

578 3488 644 3530 tet
669 3492 782 3528 eum
811 3488 1041 3542 regnare,
1072 3470 1229 3522 donec
1256 3470 1473 3536 posuerit
1502 3483 1672 3519 omnes
1699 3465 1926 3519 inimicos
1950 3465 2041 3517 sub
2067 3480 2157 3535 pe-

579 3568 724 3620 dibus
751 3567 872 3618 suis.
925 3562 1039 3617 Non
1090 3561 1248 3614 liuent
1295 3575 1459 3628 regno
1502 3559 1781 3626 imponens
1822 3556 1958 3609 dixit
1988 3555 2155 3620 illud,

586 3659 794 3720 Donec,
824 3654 917 3707 sed
949 3652 1051 3707 fide
1081 3652 1299 3721 dignum
1331 3650 1533 3704 faciens
1563 3650 1615 3703 id
1639 3648 1782 3718 quod
1810 3648 2013 3702 dictum
2041 3656 2157 3713 est,

581 3759 635 3801 et
663 3758 718 3799 ut
747 3747 886 3799 bono
918 3745 1025 3797 sint
1069 3743 1247 3795 animo
1291 3750 1345 3794 et
1388 3739 1659 3793 confidant
1705 3753 2013 3807 procurans.
2041 3737 2158 3793 Non

583 3838 723 3892 enim
758 3844 1036 3904 postquam
1068 3830 1353 3897 audivisti,
1402 3830 1605 3899 inquit,
1636 3845 1756 3883 cum
1786 3844 1907 3883 esse
1929 3829 2159 3883 abolitu-

585 3945 700 3982 rum
732 3942 943 3981 omnem
978 3925 1330 3994 principatum
1373 3933 1425 3977 et
1455 3930 1775 3990 potestatem
1801 3933 1855 3976 et
1882 3924 2157 3987 virtutem,

585 4035 641 4076 rt
668 4020 938 4075 diabolum
970 4027 1023 4071 ct
1056 4026 1160 4070 tam
1206 4017 1399 4069 multas
1448 4015 1750 4068 daemonum
1794 4023 2039 4069 catervas
2063 4056 2077 4077 ,
2110 4023 2165 4068 et

587 4113 878 4167 infidelium
932 4110 1151 4170 turbas,
1201 4117 1251 4163 et
1301 4108 1487 4160 mortis
1534 4107 1899 4176 tyrannidem,
1942 4115 1995 4159 et
2022 4108 2161 4161 mala

584 4204 793 4265 nuntia,
828 4202 1015 4254 timeas
1041 4242 1054 4261 ,
1091 4209 1356 4267 tamquam
1390 4200 1501 4267 ipse
1531 4199 1600 4251 sit
1646 4197 1887 4251 infirmus
1914 4208 1967 4252 et
1993 4198 2163 4251 imbe-

586 4296 741 4347 cillus
767 4313 779 4347 :
811 4292 983 4346 donec.
1012 4290 1153 4343 enim
1185 4288 1369 4342 fecerit
1416 4290 1527 4341 hmc
1559 4290 1737 4342 omnia
1760 4329 1773 4351 ,
1803 4297 2016 4355 oportet
2040 4303 2161 4341 eum

588 4399 811 4456 regnare
837 4402 846 4435 :
876 4400 978 4437 non
1005 4383 1105 4435 hoc
1127 4379 1329 4444 dicens,
1354 4380 1493 4448 quod
1520 4392 1799 4448 postquam
1827 4378 2033 4444 fecerit,
2060 4394 2161 4431 non

586 4475 864 4545 regnabit,
897 4474 990 4526 sed
1024 4471 1153 4525 illud
1184 4470 1415 4538 probans
1444 4512 1458 4535 ,
1490 4470 1630 4537 quod
1662 4471 1997 4523 etiamsinon
2026 4484 2165 4523 nunc

589 4569 781 4620 factum
815 4570 901 4626 sit,
928 4563 1146 4616 omnino
1173 4564 1241 4615 sit
1264 4560 1517 4614 futurum.
1548 4560 1662 4614 Non
1690 4560 1829 4614 enim
1858 4560 2163 4615 conscindi-

588 4668 673 4712 tttr
701 4656 816 4722 ejus
861 4669 1082 4722 regnum
1116 4671 1127 4704 :
1157 4653 1463 4705 dominatur
1502 4652 1643 4705 enim
1686 4661 1737 4705 et
1781 4662 1968 4720 potens
1998 4661 2079 4706 est
2111 4661 2167 4705 et

590 4757 766 4800 manet
790 4787 804 4807 ,
836 4743 1007 4797 donec
1052 4742 1229 4794 omnia
1262 4734 1407 4795 recte
1438 4741 1751 4795 confecerit.
1802 4742 1950 4795 Iinnc
1990 4752 2163 4793 autem

591 4851 793 4890 morem
818 4831 1084 4887 inveneris
1112 4831 1269 4884 etiam
1300 4832 1349 4882 in
1382 4831 1556 4883 Veteri
1591 4832 1882 4898 Scriptura,
1914 4840 1970 4882 ut
1994 4847 2163 4898 quan-

588 4932 657 4984 do
689 4931 847 4991 dicit,
892 4929 1104 4980 Verbum
1145 4938 1309 4979 autem
1346 4925 1547 4977 Domini
1592 4936 1754 4977 manet
1792 4927 1846 4977 in
1888 4934 2165 4988 externum;

587 5034 671 5085 et,
705 5021 783 5075 Tu
824 5029 989 5072 autem
1034 5019 1165 5069 idem
1212 5021 1319 5086 ipse
1364 5036 1445 5081 es,
1482 5029 1524 5071 et
1553 5021 1674 5069 anui
1705 5017 1775 5069 tui
1804 5034 1903 5069 nou
1932 5018 2167 5085 deﬁcient

588 5115 607 5185 (
639 5114 781 5167 Psal.
816 5112 937 5166 H8.
967 5109 1067 5173 89;
1102 5118 1146 5160 et
1178 5108 1300 5163 ιθι.
1330 5110 1400 5161 9.8
1426 5111 1464 5176 ).
1503 5111 1624 5163 llatc
1664 5121 1840 5163 autem
1871 5110 1997 5163 dicit
2044 5127 2163 5180 pro-

591 5206 747 5273 pheta
777 5244 791 5266 ,
825 5213 877 5255 et
924 5216 1043 5270 qua:
1091 5210 1213 5253 sunt
1263 5199 1599 5267 hujusmodi,
1629 5202 1842 5267 quando
1891 5211 2072 5255 narrat
2098 5203 2165 5255 de

586 5296 766 5355 rebus,
800 5308 916 5361 qua:
944 5293 1101 5360 longo
1131 5300 1249 5358 post
1280 5301 1519 5359 tempore
1547 5301 1668 5344 sunt
1691 5290 1941 5357 gerenda:
1962 5302 2020 5346 et
2047 5307 2166 5345 om-

590 5388 715 5439 nino
746 5385 932 5439 futura:
958 5423 971 5447 ,
1005 5382 1326 5435 crassiorum
1367 5380 1667 5433 auditorum
1696 5380 1975 5447 expellens
2008 5382 2161 5434 timo-

588 5492 721 5529 rem.
774 5472 925 5541 Quod
972 5481 1149 5523 autem
1192 5471 1318 5523 illud
1356 5470 1526 5523 Donec
1553 5479 1605 5522 ct
1636 5468 1838 5536 Usque,
1870 5471 1914 5523 si
1959 5468 2027 5523 de
2056 5471 2163 5525 Deo

588 5564 868 5628 dicantur,
918 5576 1023 5615 non
1074 5562 1369 5615 sintterba
1418 5562 1575 5614 tinent
1626 5560 2005 5629 significantia,
2041 5561 2165 5617 audi

586 5654 711 5722 quid
746 5653 886 5705 dicat
914 5670 927 5704 ε
954 5651 994 5704 Α
1025 5650 1210 5705 steculo
1241 5661 1287 5702 et
1315 5666 1469 5719 usque
1490 5654 1540 5703 in
1562 5650 1801 5704 siccatum
1830 5662 1881 5703 tu
1911 5669 1964 5707 es
1986 5651 2159 5723 (Psat.

587 5751 671 5801 Sil.
705 5746 791 5814 *2)‘
828 5751 883 5799 et
914 5745 1126 5809 iterum,
1165 5742 1271 5813 Ego
1298 5760 1409 5797 sunt
1436 5744 1626 5817 (Exod.
1658 5746 1711 5800 3.
1752 5747 1861 5815 id);
1890 5758 1963 5813 et,
1995 5747 2166 5806 Douec

1278 350 1333 408 S.
1375 349 1650 407 JOANNIS
1684 343 2152 405 CIIRYSOSTOMI
2189 343 2502 403 ARCIIIEP.
2541 347 3068 410 CONSTANTINOP.

3732 357 3829 414 3-50

2251 466 2613 519 consenueritis
2641 482 2732 537 ego
2758 484 2867 521 sum
2894 468 3047 538 (lsai.
3078 470 3165 524 46.
3195 472 3275 541 4).
3309 473 3601 543 Propterea
3628 482 3684 527 ct
3712 475 3824 527 ulti-

2247 569 2386 608 mam
2415 558 2561 623 pouit
2588 567 2815 614 mortem
2838 600 2851 625 ,
2877 569 2936 613 ut
2959 575 3021 615 ex
3054 562 3278 617 aliorum
3310 565 3529 620 victoria
3560 564 3669 619 hoc
3693 580 3822 635 quo-

2246 659 2349 712 que
2379 644 2530 701 facile
2559 647 2803 701 admittat
2853 650 2898 702 is
2926 651 3017 717 qui
3063 667 3167 705 non
3199 656 3388 711 credit.
3438 654 3671 723 Quando
3700 644 3820 725 ergo

2246 736 2540 801 diabolum,
2570 740 2658 809 qui
2679 750 2905 795 mortem
2937 742 3157 804 invexit.
3189 746 3482 811 sustulerit,
3518 748 3694 802 multo
3720 764 3825 800 ms-

2244 827 2324 894 gis
2352 828 2468 895 ejus
2498 842 2632 896 opus
2671 828 2935 884 dissolvet
2978 846 3041 885 ac
3071 832 3380 903 perfringi-t.
3412 837 3675 903 Quoniam
3704 853 3824 905 ergo

2245 917 2292 967 ei
2324 918 2499 970 omnia
2536 918 2814 985 attribuit,
2865 921 3008 990 quod
3036 924 3377 977 evacnaverit
3414 928 3746 997 principatus
3773 937 3825 979 et

2248 1019 2535 1077 potestates
2644 1014 2784 1082 quod
2830 1031 3049 1086 regnum
3089 1027 3233 1072 recte
3281 1021 3504 1088 gesserit
3553 1031 3608 1076 et
3653 1020 3825 1075 admi-

2246 1101 2517 1167 nistrarit,
2562 1103 2685 1157 dico
2725 1116 2902 1159 autem
2956 1110 3188 1161 but-lium
3229 1109 3486 1172 salutem,
3532 1111 3683 1165 orbis
3727 1119 3831 1164 ter-

2248 1206 2320 1243 ra:
2351 1206 2532 1259 pacem
2556 1236 2569 1258 ,
2601 1194 2861 1249 malorum
2893 1196 3217 1253 deletionem
3249 1200 3268 1269 (
3292 1199 3393 1253 huc
3417 1201 3561 1255 enim
3606 1210 3692 1255 est
3740 1216 3826 1255 re-

2245 1297 2407 1351 gnum
2439 1294 2585 1340 recte
2625 1288 2859 1354 gessisse
2883 1296 2939 1342 et
2983 1290 3385 1345 administrasse
3410 1332 3426 1355 ,
3458 1303 3690 1346 mortem
3716 1292 3827 1346 dis-

2245 1375 2547 1447 Sttlvisse);
2598 1394 2771 1447 neque
2817 1379 2981 1441 dixit,
3012 1381 3151 1449 quod
3183 1382 3336 1436 Pater
3366 1398 3459 1452 per
3506 1384 3709 1450 ipsum,
3737 1383 3830 1437 sed

2245 1468 2386 1537 quod
2432 1471 2544 1538 ipse
2588 1471 2868 1525 evacuabit
2913 1480 2967 1525 et
3009 1473 3243 1527 abolebit
3289 1484 3341 1529 et
3390 1476 3502 1543 ipse
3532 1484 3698 1544 ponet
3730 1474 3829 1527 sub

2248 1561 2466 1629 pedibus
2499 1563 2631 1624 suis,
2660 1579 2833 1632 neque
2859 1578 3076 1629 usquam
3111 1566 3351 1619 meminit
3372 1566 3543 1620 Patris
3573 1583 3587 1617 :
3615 1565 3729 1634 jam
3758 1567 3826 1617 ti-

2247 1654 2410 1716 tuuit,
2441 1669 2507 1707 ne
2534 1654 2802 1707 videretur
2831 1655 3143 1722 quibusdam
3169 1672 3197 1707 a
3231 1659 3437 1711 ratione
3477 1656 3835 1711 alienioribus

2244 1752 2337 1795 aut
2360 1744 2529 1811 major
2554 1744 2709 1798 Patre
2751 1759 2870 1797 esse
2894 1744 3060 1800 Filius
3083 1788 3096 1808 ,
3117 1746 3433 1815 autaliquod
3460 1746 3600 1801 aliud
3627 1748 3833 1815 princi-

2247 1835 2390 1901 pium
2433 1835 2721 1904 ingenitnm
2749 1852 2762 1897 ;
2792 1848 2846 1889 et
2876 1846 3159 1907 propterea
3200 1837 3300 1891 sibi
3325 1854 3521 1892 cavens
3545 1850 3600 1892 et
3627 1854 3746 1892 rem
3779 1837 3831 1890 in

2246 1935 2358 1979 tuto
2386 1925 2676 1992 collocatis,
2711 1928 2840 1982 lenit
2864 1943 2929 1982 ac
2958 1929 3167 1997 mitigat
3196 1929 3613 1998 magnitudinem
3642 1944 3832 1983 eorum

2246 2033 2364 2085 qua:
2391 2019 2527 2072 dicta
2555 2027 2698 2079 sunt.
2733 2019 2921 2074 dicens
2951 2038 2963 2071 :
2994 2018 3179 2073 Omnia
3206 2021 3340 2073 enim
3376 2022 3541 2089 posuit
3570 2021 3662 2073 sub
3694 2019 3835 2089 pedi-

2249 2108 2338 2160 bus
2378 2110 2519 2173 suis;
2572 2126 2658 2165 res
2702 2121 2879 2180 gestas
2925 2128 3109 2167 rursus
3157 2112 3299 2166 Patri
3348 2112 3694 2177 adscribens,
3727 2126 3835 2166 non

2250 2206 2517 2267 tamquam
2549 2201 2616 2253 sit
2644 2201 2909 2270 impotens
2935 2212 2988 2257 et
3015 2203 3313 2256 imbecillus
3335 2203 3501 2256 Filius
3536 2204 3836 2272 (quomodo

2249 2290 2392 2344 enim
2422 2299 2582 2353 esset,
2613 2290 2678 2345 de
2706 2308 2812 2361 quo
2842 2304 2945 2346 tam
2975 2295 3139 2347 multa
3171 2296 3290 2346 tulit
3314 2295 3639 2360 testimonia,
3672 2303 3728 2347 et
3750 2294 3835 2347 cui

2248 2380 2491 2433 attribuit
2516 2382 2690 2434 omnia
2723 2398 2841 2449 qua:
2867 2383 3007 2436 dicta
3049 2383 3253 2454 sunt?)
3282 2384 3373 2436 sed
3422 2395 3645 2454 propter
3673 2400 3837 2452 quam

2248 2472 2355 2525 dixi
2378 2486 2613 2536 causam,
2637 2481 2694 2527 et
2718 2483 2771 2525 ut
2797 2473 3108 2527 OStcnderet
3139 2474 3284 2526 Patri
3308 2484 3361 2529 et
3387 2474 3520 2527 Filio
3540 2489 3662 2529 esse
3688 2489 3840 2527 cem—

2250 2563 2429 2617 munia
2457 2579 2574 2632 qua:
2606 2563 2739 2617 facta
2771 2576 2895 2616 sunt
2926 2579 3020 2633 pro
3049 2565 3221 2618 nobis.
3250 2550 3382 2617 Nam
3413 2565 3551 2633 quod
3584 2565 3699 2631 ipse
3733 2565 3838 2617 sibi

2251 2652 2522 2707 suffecerit
2566 2653 2631 2707 ad
2684 2656 2862 2708 omnia
2917 2655 3017 2708 sibi
3070 2654 3437 2725 subjicienda,
3483 2655 3605 2709 audi
3648 2669 3841 2709 rursus

2252 2744 2471 2797 Paulum
2502 2744 2769 2799 dicentem
2800 2761 2813 2796 :
2846 2745 2944 2811 Qui
2976 2746 3355 2817 trausﬁgurabit
3395 2763 3579 2813 corpus
3625 2744 3842 2797 [inutili-

2254 2836 2370 2888 tatis
2396 2844 2598 2896 uostrtz,
2622 2849 2674 2887 ut
2701 2838 2764 2888 sit
2784 2841 3043 2905 confes-me
3066 2839 3265 2905 corpori
3292 2838 3467 2905 gloria!
3489 2852 3597 2889 sua:
3615 2878 3629 2896 .
3657 2853 3843 2889 secun-

2254 2929 2375 2979 dant
2400 2926 2773 2997 operationem.
2803 2942 2901 2993 qua
2936 2927 3087 2978 etiam
3132 2927 3287 2994 possit
3332 2928 3438 2993 ipse
3475 2927 3721 2992 subjicere
3744 2927 3844 2978 sibi

2255 3018 2425 3071 omnia
2454 3015 2711 3087 (Philipp.
2746 3016 2799 3069 5.
2825 3012 2939 3085 21).
2972 3015 3171 3068 Deinde
3199 3017 3358 3068 etiam
3392 3029 3517 3068 usus
3544 3025 3627 3067 est
3652 3029 3844 3068 corre-

2256 3108 2431 3161 ctione
2458 3106 2639 3161 dicens
2668 3122 2681 3157 :
2707 3104 2830 3159 Cum
2857 3116 3022 3158 autem
3073 3106 3236 3170 dicat,
3271 3106 3440 3158 omnia
3469 3105 3692 3173 subjecta
3721 3117 3843 3159 sunt

2257 3199 2335 3263 ei,
2369 3198 2475 3251 sine
2499 3197 2649 3251 dubio
2678 3209 2861 3265 praeter
2888 3215 2999 3251 euut
3023 3200 3107 3267 qui
3150 3198 3359 3266 subjecit
3400 3198 3444 3251 ei
3477 3199 3687 3262 omnia;
3716 3198 3847 3251 hinc

2258 3302 2471 3357 quoque
2496 3286 2563 3341 de
2592 3286 2861 3355 Unigeniti
2888 3288 3053 3356 gloria
3105 3304 3210 3341 non
3240 3303 3457 3357 parvum
3488 3286 3663 3341 ferens
3693 3290 3850 3340 testi.

2262 3382 2499 3435 monium
2518 3418 2531 3431 .
2556 3379 2609 3434 Si
2638 3380 2780 3432 enim
2828 3378 3017 3433 fuisset
3058 3380 3231 3432 minor
3258 3421 3273 3444 ,
3301 3391 3355 3435 et
3386 3381 3543 3449 longe
3588 3380 3844 3442 inferior,

2264 3488 2549 3541 numquam
2578 3486 2697 3526 eum
2746 3472 3000 3525 subiisset
3047 3471 3132 3525 hic
3174 3482 3369 3525 metus.
3402 3471 3584 3539 Neque
3615 3472 3717 3525 hoc
3747 3472 3850 3524 fuit

2263 3573 2547 3619 contentus
2567 3603 2581 3629 ,
2612 3564 2707 3617 sed
2736 3562 2879 3617 aliud
2904 3564 3064 3617 etiam
3093 3563 3140 3617 ei
3162 3562 3339 3627 addit,
3375 3562 3583 3617 dicens.
3606 3563 3739 3616 Nam
3776 3580 3850 3617 ne

2263 3656 2523 3725 quispiam
2557 3656 2921 3723 suspicaretur
2948 3663 3003 3708 et
3042 3654 3245 3709 diceret
3272 3695 3287 3718 ,
3319 3654 3455 3723 Quid
3480 3663 3589 3708 tum
3611 3694 3626 3718 ,
3659 3654 3704 3707 si
3737 3670 3850 3707 non

2266 3748 2538 3817 subjectus
2566 3748 2636 3801 sit
2667 3747 2862 3801 Pater?
2885 3747 2984 3801 hoc
3012 3763 3116 3801 non
3148 3749 3325 3803 obstat
3348 3748 3633 3816 quominus
3654 3746 3852 3801 fortior

2265 3842 2334 3896 sit
2361 3842 2528 3894 Filius
2559 3839 2797 3893 :veritus
2840 3840 3054 3909 impiam
3100 3840 3240 3893 hanc
3289 3840 3683 3909 suspicionem,
3709 3854 3852 3907 quo-

2269 3934 2408 3985 niam
2440 3946 2536 4000 per
2566 3930 2694 3983 illud
2721 3944 2826 3982 non
2854 3929 2984 3981 satis
3024 3937 3232 3997 poterat
3264 3931 3363 3982 hoc
3402 3928 3686 3981 ostendere
3706 3970 3722 3992 ,
3754 3927 3855 3979 ad—

2267 4023 2401 4078 didit
2429 4038 2494 4076 ex
2514 4022 2677 4075 multa
2699 4015 3021 4073 abundantia
3045 4035 3058 4069 :
3078 4016 3203 4073 Cum
3230 4030 3394 4071 autem
3413 4018 3636 4083 subiecta
3662 4018 3854 4086 fuerint

2269 4115 2346 4169 illi
2372 4114 2572 4179 ωιιηὶα,
2597 4122 2715 4165 tunc
2753 4122 2799 4164 et
2826 4113 2932 4180 ipse
2961 4110 3123 4164 Filius
3154 4113 3402 4179 subjectus
3422 4111 3513 4164 erit
3536 4109 3856 4173 itii;osten-

2270 4208 2403 4261 deus
2432 4205 2544 4275 ejus
2575 4219 2815 4272 magnam
2860 4218 2977 4257 cum
3024 4202 3177 4256 Patre
3219 4200 3558 4255 concordiam
3578 4242 3593 4265 ,
3625 4209 3681 4254 et
3706 4199 3853 4267 quod

2272 4299 2315 4351 is
2344 4307 2426 4351 est
2472 4295 2789 4365 principium
2831 4294 3091 4347 bonorum
3118 4292 3353 4345 omnium
3383 4300 3439 4345 et
3466 4304 3624 4344 causa
3654 4290 3849 4357 prima.

2271 4388 2358 4457 qui
2388 4401 2508 4439 eum
2538 4386 2737 4453 genuit,
2761 4386 2849 4453 qui
2876 4393 2979 4435 tam
3006 4382 3166 4435 multa
3200 4389 3377 4449 potest
3417 4391 3470 4435 et
3502 4388 3647 4434 recte
3686 4380 3851 4449 gerit.

2342 4478 2395 4531 6.
2439 4476 2495 4530 Si
2527 4485 2703 4528 autem
2737 4473 2884 4543 plura
2915 4472 3049 4527 dixit
3092 4486 3248 4541 quam
3295 4487 3383 4525 res
3413 4469 3754 4539 postulabat,
3783 4484 3856 4523 ne

2272 4571 2525 4626 mireris:
2560 4568 2866 4636 Magistrum
2913 4567 3058 4619 enim
3090 4579 3243 4617 suum
3296 4564 3508 4615 imitans
3552 4562 3653 4615 hoe
3703 4561 3852 4615 facit.

2276 4663 2391 4729 Ipse
2413 4660 2553 4714 enim
2582 4660 2765 4711 volens
2794 4657 3075 4710 ostendere
3108 4654 3245 4706 illius
3268 4653 3610 4707 concordiam
3639 4666 3761 4703 cum
3785 4665 3857 4704 eo

2273 4753 2360 4820 qui
2396 4754 2563 4818 ipsum
2594 4748 2808 4817 genuit,
2837 4758 2889 4799 ct
2912 4745 3054 4812 quod
3097 4760 3201 4797 non
3246 4755 3441 4814 praeter
3464 4744 3580 4810 ejus
3607 4742 3859 4795 volunta-

2278 4850 2380 4893 tem
2412 4838 2709 4901 advenerit,
2746 4845 2948 4888 tantum
2978 4834 3253 4889 descendit
3284 4843 3418 4888 etse
3459 4831 3713 4894 demittit,
3746 4847 3854 4884 non

2275 4939 2529 5000 quantum
2554 4928 2796 4997 exigebat
2820 4926 3124 4982 concordia:
3148 4922 3552 4987 demonstratio,
3576 4922 3671 4976 sed
3694 4938 3859 4991 quan-

2276 5032 2385 5075 tum
2416 5036 2547 5090 opus
2580 5019 2810 5073 habebat
2841 5018 3185 5087 przesentium
3233 5013 3589 5068 imbecillitas.
3636 5014 3857 5068 Patrem

2274 5114 2415 5169 enim
2443 5121 2611 5182 rogat,
2643 5126 2747 5165 non
2779 5120 2999 5180 propter
3027 5106 3168 5159 aliud
3195 5120 3355 5173 quant
3386 5114 3603 5174 propter
3630 5106 3732 5159 hoc
3761 5122 3774 5155 :
3801 5114 3856 5155 et

2275 5219 2489 5257 oausam
2517 5202 2749 5256 afferens
2780 5201 2929 5262 dicit,
2963 5197 3028 5251 Ut
3058 5196 3263 5249 credant
3294 5197 3430 5268 quod
3481 5208 3535 5250 tu
3562 5214 3641 5251 me
3674 5194 3857 5249 mistin

2277 5298 2295 5363 (
2321 5295 2474 5347 Joan.
2508 5295 2596 5347 Η.
2625 5294 2725 5362 42)
2747 5332 2760 5345 .
2796 5292 2945 5345 Hunc
2985 5303 3113 5356 ergo
3143 5288 3384 5355 imitans,
3411 5290 3496 5343 bic
3523 5303 3742 5359 quoque
3770 5285 3855 5336 di-

2274 5386 2452 5439 ctione
2482 5385 2648 5438 utitur
2675 5399 2737 5436 ex
2766 5378 3087 5434 abundantia
3114 5420 3127 5443 ,
3168 5394 3270 5433 non
3299 5390 3353 5434 ut
3398 5388 3640 5435 coactam
3678 5374 3857 5441 suspi-

2276 5477 2415 5530 ceris
2440 5476 2776 5535 servitutem,
2805 5471 2976 5535 absit;
3006 5470 3098 5524 sed
3126 5482 3184 5526 ut
3221 5471 3449 5526 absurda
3492 5472 3579 5525 illa
3604 5467 3856 5534 dogmata

2278 5570 2506 5623 validius
2531 5566 2784 5635 expellat.
2818 5563 2949 5617 Nam
2977 5566 3191 5633 quando
3220 5565 3331 5617 vult
3356 5560 3556 5632 aliquid
3601 5557 3859 5613 radicitus

2273 5661 2530 5721 evellere,
2564 5671 2752 5723 magna
2780 5655 2945 5709 utitur
2975 5655 3317 5709 abundantia.
3365 5655 3451 5707 Sic
3477 5650 3637 5703 etiam
3667 5648 3859 5704 dicens

2274 5754 2339 5808 de
2371 5754 2595 5807 muliere
2624 5747 2763 5802 fideli
2791 5755 2843 5803 ct
2872 5747 2988 5802 viro
3016 5746 3214 5804 inﬁdeli
3234 5784 3250 5811 ,
3281 5739 3599 5799 habentibus
3624 5740 3768 5796 inter
3796 5757 3854 5798 se
