4076 6336
194 353 297 409 '55!)

189 470 253 540 δὴ
286 472 383 523 καὶ
416 468 652 523 ἐνταῦθα
680 468 920 537 λογίζου,
948 466 1043 521 καὶ
1076 470 1215 537 μετά
1247 467 1345 537 τῆς
1371 467 1596 536 γνώμης
1622 466 1773 518 ὲκδέ-

190 577 286 625 γου
319 560 525 629 ταύτης
548 560 619 613 τά
643 558 932 631 εἰρημένα.

262 656 323 703 ε’.
345 651 506 703 Μετά
530 649 587 702 δὲ
616 648 816 702 τούτων
832 648 931 700 καὶ
945 649 1139 719 ἐτέρας
1154 647 1328 709 αἰτίας
1346 646 1599 718 ἐροῦμεν.
1621 646 1771 709 Τέως

192 742 286 791 καὶ
314 742 493 792 έκεῖνο
512 741 809 805 ἀναγκαῖον
826 738 1022 802 εἰπεῖν,
1047 739 1128 790 ὅτι
1153 738 1248 790 καὶ
1272 741 1399 805 περὶ
1421 737 1773 799 ἀναστάσεως

191 832 219 881 ὁ
244 830 401 896 λόγος
426 824 493 899 ἦν
518 828 593 895 τῷ
612 828 832 899 Παύλῳ,
855 828 1180 900 πράγματος
1202 827 1465 880 ἀδυνάτου
1487 826 1772 889 δοκοῦντος

192 915 454 974 εἶναικαὶ
486 921 691 991 σφόδρα
708 920 1112 989 ἀπιστουμένου
1133 936 1146 948 ·
1169 920 1263 973 καὶ
1284 920 1422 989 πρὸς
1452 920 1773 989 Κορινθίους

193 1013 535 1077 ἀπέστελλεν,
570 1012 701 1066 ἔνθα
733 1013 951 1073 πλείους
980 1012 1028 1062 οἰ
1056 1010 1336 1079 φιλόσοφοι
1365 1012 1414 1063 οί
1448 1010 1519 1063 τά
1544 1010 1772 1064 τοιαῦτα

194 1101 585 1172 κωμῳδοῦντες
622 1102 728 1156 ἀεί.
764 1102 876 1155 Καὶ
906 1101 1015 1169 γάρ
1052 1100 1110 1151 ὲν
1148 1103 1262 1164 τοῖς
1302 1101 1484 1163 άλλοις
1521 1101 1771 1170 ἀλλήλοις

194 1193 658 1267 συρῤηγνύμενοι,
698 1199 756 1246 ὲν
790 1191 964 1261 τούτῳ
997 1190 1222 1257 πάντες,
1262 1192 1358 1245 άτε
1405 1191 1464 1255 ἐξ
1496 1190 1613 1253 ἐνὸς
1653 1192 1771 1243 στό-

198 1302 387 1353 ματος,
413 1284 803 1347 συνέπνευσαν,
829 1282 1251 1352 δογματίζοντες
1279 1283 1352 1353 μὴ
1378 1278 1513 1335 εἶναι
1539 1285 1771 1335 ἀνάστα-

198 1390 303 1429 σιν.
348 1370 774 1448 ζΑγωνιζόμενος
801 1368 979 1421 τοίνυν
1008 1370 1149 1441 ὑπὲρ
1175 1370 1434 1437 τοιαύτης
1463 1368 1772 1432 ὑποθέσεως

194 1463 371 1526 οὕτως
394 1459 797 1529 ἀπιστουμένης
823 1460 920 1512 καὶ
944 1459 1405 1528 καταγελωμένης
1436 1460 1529 1512 καὶ
1558 1460 1646 1512 διά
1671 1460 1772 1528 τὴν

196 1552 468 1621 πρόληψιν
496 1551 594 1619 τὴν
624 1550 998 1620 γεγενημένην
1025 1550 1117 1602 καὶ
1145 1550 1233 1602 διὰ
1260 1536 1359 1618 τὴν
1386 1549 1480 1602 τοῦ
1512 1548 1772 1617 πράγμα-

194 1660 285 1704 τος
342 1640 660 1705 δυσκολίαν,
720 1642 816 1694 καὶ
871 1639 1192 1710 βουλόμενος
1248 1641 1657 1696 κατασκευάσαι
1712 1640 1772 1691 τὸ

194 1731 445 1794 δυνατὸν,
497 1731 714 1800 πρῶτον
748 1733 812 1783 ὲκ
845 1732 946 1801 τῆς
1000 1731 1350 1790 ἀναστάσεως
1387 1728 1481 1781 τοῦ
1530 1730 1771 1800 Χριστοῦ

192 1822 354 1875 τοῦτο
386 1823 679 1893 ἐργάζεται
703 1839 717 1853 ο
762 1823 856 1874 καὶ
884 1821 1171 1885 ἀποδείξας
1201 1818 1371 1885 αὐτὴν
1400 1820 1497 1871 κα)⁸
1527 1820 1639 1872 ἀπὸ
1663 1819 1773 1871 τῶν

196 1914 496 1987 προφητῶν
526 1914 620 1967 καὶ
654 1912 762 1966 ἀπὸ
792 1912 903 1964 τῶν
932 1912 1254 1981 ἑωρακότων
1284 1910 1380 1963 κα)⁵
1408 1910 1515 1963 ἀπὸ
1544 1910 1654 1963 τῶν
1688 1928 1775 1962 πι-

199 2006 565 2067 στευσάντων,
611 2004 799 2073 ἐπειδὴ
845 2002 1039 2055 ἔλαϐεν
1080 2002 1511 2073 ὡμολογημένην
1558 2002 1656 2073 τὴν
1695 2005 1774 2066 εἰς

195 2096 403 2151 ἄτοπον
458 2092 781 2161 ἀπαγωγὴν,
823 2090 917 2144 καὶ
953 2090 1051 2158 την
1098 2090 1210 2141 τῶν
1249 2089 1554 2161 ἀνθρώπων
1601 2108 1775 2146 κατα-

196 2183 457 2247 σκευάζει
504 2181 690 2235 λοιπόν
715 2197 726 2208 ·
770 2182 839 2232 El
869 2180 980 2249 τὰρ
1012 2179 1215 2246 νεκροί
1257 2184 1369 2234 οὐκ
1408 2174 1772 2250 ἐγείρονται,

194 2274 383 2343 φησὶν,
403 2272 547 2326 οὑδὲ
565 2272 821 2339 Χριστὸς
837 2271 1166 2340 ἐγήγερται.
1190 2272 1325 2325 Εἶτα
1348 2272 1587 2342 συνεχῶς
1603 2273 1776 2326 ταῦτα

195 2363 561 2435 ἀντιστρέψας
590 2365 647 2415 ἐν
682 2365 795 2425 τοῖς
830 2361 1135 2432 ἔμπροσθεν
1156 2403 1171 2426 ,
1214 2362 1413 2431 ἑτέρως
1452 2362 1616 2416 πάλιν
1652 2362 1773 2413 ἐπι-

196 2456 390 2522 χειρεῖ,
425 2453 680 2524 ἀπαρχὴν
715 2452 877 2519 αὐτὸν
927 2451 1108 2505 καλῶν
1131 2491 1144 2512 ,
1191 2452 1287 2505 καὶ
1319 2451 1533 2510 δεικνὺς
1570 2467 1773 2520 καταρ-

197 2542 407 2609 γοῦντα
451 2545 631 2596 πᾶσαν
663 2543 834 2614 ἀρχὴν
868 2542 962 2594 καὶ
998 2543 1249 2607 ἐξουσίαν
1286 2542 1378 2593 καί⁸
1413 2541 1641 2610 δύναμιν
1683 2544 1778 2594 καὶ

200 2632 432 2685 θάνατον
466 2633 712 2700 ἔσχατον.
749 2633 871 2693 Πῶς
903 2629 993 2685 οῦν
1026 2632 1424 2700 καταργηθείη,
1462 2639 1647 2701 φησιν,
1684 2634 1779 2686 ἐὰν

204 2724 278 2793 μὴ
316 2722 604 2793 πρότερον,
635 2723 780 2791 άπερ
818 2718 983 2791 εἶχεν,
1023 2721 1272 2794 ἀποϐάλῃ
1315 2722 1575 2791 σώματας
1628 2726 1780 2778 Ἐπεὶ

199 2810 295 2865 οὖν
326 2811 545 2881 μεγάλα
576 2813 704 2882 περὶ
734 2812 827 2866 τοῦ
858 2812 1197 2879 Μονογενοῦς
1227 2813 1545 2882 ἐφθέγξατο,
1572 2817 1653 2868 ὅτι
1681 2834 1781 2869 πα-

204 2899 461 2969 ραδίδωσι
491 2899 590 2969 τὴν
626 2899 901 2969 βασιλείαν
920 2942 936 2967 ,
964 2901 1238 2954 τουτέστιν
1259 2942 1272 2964 ,
1303 2903 1384 2954 ὅτι
1431 2903 1591 2965 αὐτὸς
1628 2905 1779 2955 ἀνύει

200 2990 401 3052 ταῦτα,
433 2993 528 3044 καὶ
562 2992 724 3051 αὐτὸς
752 2992 841 3044 τὸν
866 2992 1102 3062 πόλεμον
1132 2994 1275 3061 νικᾷ,
1309 2993 1404 3044 καὶ
1431 2993 1607 3043 πάντα
1630 2992 1779 3058 τίθη-

205 3096 291 3130 σιν
331 3080 439 3131 ὑπὸ
471 3082 597 3143 τοὺς
634 3080 801 3142 πόδας
831 3080 995 3133 αὑτοῦ
1015 3118 1030 3141 ,
1062 3080 1308 3147 ἐπήγαγε
1330 3118 1343 3141 ,
1380 3079 1475 3147 τὴν
1522 3080 1780 3134 ἀπιστίαν

201 3166 315 3218 τῶν
370 3166 580 3218 πολλῶν
626 3164 1025 3235 διορθούμενος·
1074 3163 1175 3216 Δεῖ
1211 3164 1320 3233 γάρ
1370 3164 1556 3216 αὑτὸν
1596 3166 1779 3228 ,βασι-

206 3258 436 3319 λεύειν,
472 3256 641 3323 ἄχρις
674 3250 745 3309 οὗ
775 3254 846 3307 ἂν
871 3251 947 3320 θῇ
968 3252 1197 3317 πάντας
1220 3254 1361 3319 τοὺς
1387 3254 1630 3323 ἐχθροὺς
1664 3256 1781 3309 ὑπὸ

203 3350 351 3413 τοὺς
380 3347 571 3409 πόδας
604 3338 811 3398 αὐτοῦ.
843 3336 916 3396 Οὐ
947 3343 1099 3407 τέλος
1138 3344 1399 3407 ἐπιτιθεὶς
1437 3348 1502 3414 τῇ
1540 3346 1784 3417 βασιλείᾳ

202 3440 293 3501 τὸ,
329 3439 550 3504 Ἀχρις,
583 3431 754 3498 εἶπεν,
782 3434 897 3489 ἀλλ’
929 3434 1237 3501 ἀξιόπιστον
1266 3436 1436 3487 ποιῶν
1465 3436 1525 3489 τὸ
1565 3438 1787 3506 εἰρημέη

207 3545 301 3581 νον
324 3568 340 3590 ,
379 3528 475 3581 καὶ
514 3527 738 3599 θαρρεῖν
784 3527 1240 3598 παρασκευάζων.
1277 3528 1368 3598 Μὴ
1406 3529 1549 3597 γάρ,
1598 3529 1785 3600 ἐπειδὴ

204 3618 476 3688 ἤκουσας,
509 3620 706 3689 φησὶν,
741 3619 821 3671 ὅτι
854 3617 1193 3686 καταργήσει
1240 3619 1420 3671 πᾶσαν
1468 3618 1643 3688 ἀρχὴν
1692 3621 1786 3671 καὶ

208 3709 463 3774 ἀξουσίαν
501 3712 595 3763 καὶ
626 3708 872 3775 δύναμιν,
907 3708 1002 3761 καὶ⁵
1029 3707 1121 3759 τὸν
1150 3706 1395 3761 διάϐολον
1434 3710 1529 3761 καὶ
1555 3710 1653 3770 τὰς
1678 3709 1786 3761 τῶν

208 3800 485 3865 δαιμόνων
517 3801 797 3868 φάλαγγας
825 3801 925 3863 τάς
953 3799 1238 3864 τοσαύτας,
1275 3801 1367 3852 καὶ
1400 3800 1507 3852 τῶν
1544 3800 1787 3853 ἀπίστων

208 3891 285 3943 τά
332 3890 513 3959 πλήθη
563 3890 658 3943 καὶ
695 3890 789 3945 τοῦ
836 3889 1065 3943 θανάτου
1105 3890 1203 3958 τὴν
1251 3889 1541 3960 τυραννίδα
1579 3891 1674 3942 καὶ
1720 3892 1789 3943 τά

211 3978 364 4032 κακά
402 3979 642 4043 ἅπαντα,
674 3979 936 4050 φοϐηθῇς,
976 3979 1051 4042 ὡς
1102 3980 1418 4042 ἀτονοῦντος
1448 3980 1609 4034 αὑτοῦ
1632 3998 1646 4013 ο
1684 3980 1790 4045 ἕως

211 4066 327 4137 γὰρ
352 4067 419 4120 ἀν
456 4069 659 4139 ποιήσῃ
683 4068 859 4122 ταῦτα
888 4070 1096 4132 πάντα,
1131 4069 1213 4121 δεῖ
1241 4070 1548 4138 βασιλεύειν
1591 4073 1750 4125 αὐτόν
1774 4089 1785 4102 ·

210 4162 278 4212 οὐ
322 4158 475 4211 τοῦτο
496 4160 703 4225 λέγων,
744 4161 825 4213 ὅτι
863 4160 1001 4230 μετά
1046 4160 1107 4211 τὸ
1138 4162 1363 4229 ποιῆσαι
1398 4162 1458 4214 ού
1494 4161 1788 4230 βασιλεύει,

212 4248 336 4302 ἀλλ’
365 4251 542 4300 έκεῖνο
578 4248 1025 4313 κατασκευάζων,
1061 4250 1142 4301 ὃτι
1174 4250 1278 4301 κᾶν
1314 4251 1388 4320 μὴ
1421 4250 1515 4303 νῦν
1547 4252 1789 4321 γένηται,

215 4337 443 4397 πάντως
461 4337 634 4391 ἔσται.
661 4337 736 4389 Οὐ
759 4338 867 4407 γάρ
896 4338 1242 4391 διακόπτεται
1272 4339 1435 4391 αὐτοῦ
1461 4343 1492 4411 ἡ
1524 4341 1787 4409 βασιλείαι

213 4429 418 4498 κρατεῖ
466 4428 573 4498 γάρ
628 4428 723 4481 καὶ
762 4428 936 4498 ἰσχύει
972 4430 1068 4482 καὶ
1124 4427 1310 4498 μένει,
1356 4430 1460 4494 ἕως
1508 4430 1573 4484 ἀν
1616 4433 1795 4487 πάντα

216 4515 566 4587 κατορθώσῃ.
595 4518 767 4571 Τοῦτο
790 4518 844 4570 δὲ
867 4518 928 4572 τὸ
961 4519 1080 4581 εθος
1106 4522 1197 4593 καὶ
1228 4521 1285 4571 ὲν
1310 4523 1374 4590 τῇ
1405 4522 1618 4590 Παλαιᾷ
1644 4522 1794 4593 εὖροι

214 4624 308 4670 τις
330 4606 416 4672 ἀν,
443 4606 517 4669 ὡς
536 4608 663 4663 ὅταν
688 4609 841 4682 λέγῃ,
882 4612 951 4663 Τὸ
978 4609 1046 4662 δὲ
1073 4609 1236 4677 ῥῆμα
1268 4613 1489 4679 Κυρίου
1518 4615 1678 4680 μένει
1708 4618 1795 4680 είς

216 4700 332 4753 τὸν
348 4698 552 4753 αἰῶνα·
582 4701 692 4763 καὶ,
720 4700 868 4771 [3'70]
891 4702 974 4755 Σὺ
1003 4700 1070 4753 δὲ
1106 4704 1137 4753 ὀ
1164 4700 1347 4767 αὐτὸς
1380 4699 1452 4765 εἷ,
1475 4703 1573 4756 καί
1596 4705 1669 4757 τὰ
1688 4705 1792 4773 ἐτη

214 4804 343 4843 σου
362 4790 475 4842 οὐκ
490 4787 865 4853 ἐκλείψουσι.
889 4789 1073 4843 Ταῦτα
1094 4790 1150 4842 δὲ
1168 4790 1314 4859 λέγει
1333 4794 1361 4844 6
1384 4794 1673 4862 προφήτης
1704 4796 1798 4847 καὶ

216 4880 294 4933 τὰ
310 4880 557 4944 τοιαῦτα,
579 4877 795 4931 ἐπειδάν
814 4882 943 4949 περὶ
965 4882 1307 4951 πραγμάτων
1325 4882 1582 4952 διηγῆται
1602 4885 1798 4955 μακρῷ

215 4968 408 5039 χρόνῳ
456 4966 906 5038 κατορθουμένων
956 4970 1050 5021 καὶ
1088 4972 1307 5034 πάντως
1355 4973 1646 5043 ἐσομένων,
1698 4976 1797 5044 τὴν

214 5056 431 5111 δειλίαν
451 5058 560 5111 τῶν
582 5057 904 5129 παχυτέρων
940 5058 1227 5124 ἀκροατῶν
1251 5061 1551 5117 ἐκϐάλλων.
1586 5063 1713 5116 Ὅτι
1742 5065 1799 5118 δὲ

214 5144 310 5207 τὸ,
341 5147 557 5215 Ἄχρις,
587 5149 678 5201 ἐπὶ
711 5146 846 5201 Θεοῦ
878 5145 1188 5217 λεγόμενον,
1218 5151 1312 5202 καὶ
1351 5152 1518 5217 Ἕως,
1548 5154 1646 5204 οὑκ
1681 5154 1799 5208 ἐστι

217 5234 440 5295 τέλους,
466 5236 694 5291 ἄκουσον
720 5239 773 5290 τί
797 5254 979 5309 φησιν·
1024 5236 1165 5289 Ἀπὸ
1191 5239 1293 5289 τοῦ
1318 5240 1533 5305 αἰῶνος
1558 5242 1658 5293 καί
1690 5243 1800 5309 ἕως

218 5323 343 5380 τοῦ
367 5323 581 5390 αιῶνος
613 5327 694 5379 σὺ
717 5329 787 5381 εἷ’
816 5332 910 5381 καὶ
941 5328 1121 5391 πάλιν,
1158 5328 1304 5395 Ἐγώ
1333 5334 1470 5396 εἰμι·
1499 5333 1617 5396 καὶ,
1646 5334 1801 5399 ’Ἕως

221 5419 312 5471 ἂν
342 5415 800 5484 κατατιιοάσετε,
826 5417 940 5487 ἐγώ
962 5421 1095 5487 εἰμι.
1124 5418 1221 5472 Διά
1248 5418 1313 5488 δὴ
1340 5421 1496 5472 τοῦτο
1519 5423 1612 5474 καὶ
1638 5423 1802 5493 ἐσχα-

222 5523 331 5561 cev
367 5504 583 5574 τίθησιν
617 5504 709 5557 τὸν
754 5504 1018 5574 θάνατον,
1060 5508 1144 5562 ἵνα
1184 5509 1290 5562 ἀπὸ
1326 5508 1427 5579 τῆς
1467 5510 1578 5563 τῶν
1627 5514 1800 5568 ἄλλων

222 5595 397 5662 νίκης
418 5595 511 5649 καὶ
528 5593 687 5649 τοῦτο
704 5594 1110 5664 εὐπαράδικτον
1124 5600 1349 5669 γένηται
1368 5600 1448 5670 τῷ
1465 5603 1803 5659 ἀπιστοῦντι.

1150 353 1219 407 ΙΝ
1264 351 1482 409 EPIST.
1520 353 1539 407 1
1588 353 1690 407 AD~
1717 350 1875 407 [ΞΟΠ.
1910 352 2145 410 1103111..
2178 355 2421 413 XXXIX.

3334 363 3442 417 διο

1874 466 2121 531 θάνατον,
2146 474 2327 541 πολλῷ
2351 472 2550 542 μᾶλλον
2568 479 2624 525 τὸ
2644 476 2805 544 ἔργον
2820 476 2880 527 τὸ
2894 475 3102 528 ἑκείνου
3128 473 3417 528 καταλύσει

1886 552 2039 605 Ἐπεὶ
2064 550 2158 607 οὖν
2178 558 2360 610 πάντα
2388 558 2535 628 αὐτῷ
2561 560 2901 626 ἀνατέθεικε,
2934 562 2997 619 τὸ
3025 578 3095 613 κα
3106 563 3324 631 ταργείν
3344 565 3441 623 τάς

1874 641 2068 711 ἀρχὰς,
2103 644 2203 706 τὰς
2232 646 2499 710 ἐξουσίας,
2534 648 2595 700 τὸ
2632 649 2974 719 κατορθῶσαι
3006 649 3101 720 τὴν
3144 649 3440 719 βασιλείαν,

1872 731 2019 800 λέγω
2043 733 2106 803 δὴ
2135 736 2243 786 τῶν
2278 736 2485 789 πιστῶν
2528 737 2625 807 τὴν
2666 739 2939 806 σωτηρίαν
2962 779 2977 806 ,
3008 740 3106 806 τὴν
3131 740 3230 808 τῆς
3257 742 3442 793 οἰκουο

1876 822 2043 891 μένης
2071 825 2295 893 εἰρήνην
2312 865 2326 887 ,
2350 826 2448 897 τὴν
2477 829 2584 879 τῶν
2612 828 2797 881 κακῶν
2825 830 3101 900 ἀναίρεσιν
3128 828 3304 899 (τοῦτο
3335 830 3442 899 γάρ

1871 913 1987 963 ἐστι
2016 912 2113 981 τὴν
2164 913 2438 981 βασιλείαν
2479 918 2859 986 κατορθῶσαι,
2907 920 2967 971 τὸ
3014 918 3312 972 καταλῦσαι
3350 922 3443 972 τὸν

1873 1002 2141 1073 θάνατον)·
2172 1008 2265 1058 κα)⁸
2294 1007 2394 1058 οὐκ
2425 1003 2600 1068 εἶπεν,
2636 1010 2717 1061 ὅτι
2743 1011 2771 1060 6
2800 1010 2989 1080 Πατὴρ
3014 1010 3081 1062 δι’
3108 1011 3293 1074 αὐτοῦ,
3324 1010 3441 1063 ἀλλ’

1872 1096 2034 1159 αὐτὸς
2078 1099 2437 1167 καταργήσει,
2479 1099 2573 1151 καὶ
2606 1100 2766 1162 αὐτὸς
2796 1101 2948 1170 θήσει
2983 1102 3087 1153 ὑπὸ
3115 1104 3239 1165 τοὺς
3278 1102 3439 1165 πιόδας

1872 1187 2059 1249 αὐτοῦ,
2088 1189 2180 1240 καὶ
2204 1188 2439 1258 οὐδαμοῦ
2469 1188 2564 1241 τοῦ
2596 1191 2988 1258 γεγεννηκότος
3017 1193 3438 1262 ἐμνημόνευσεν

1872 1277 2114 1347 ἐφοϐήθη
2154 1278 2359 1341 λοιπὸν,
2409 1281 2481 1348 μὴ
2512 1280 2601 1332 διὰ
2629 1280 2789 1332 τοῦτο
2826 1280 2953 1353 δόξῃ
2999 1282 3151 1350 παρά
3194 1299 3304 1334 τισι
3334 1281 3444 1335 τῶν

1873 1369 2290 1439 ἀλογωτέρωνῆ
2324 1370 2526 1440 μείζων
2558 1367 2696 1425 εἶναι
2740 1370 2834 1423 τοῦ
2883 1372 3093 1441 Πατρὸς
3135 1374 3163 1424 6
3204 1372 3353 1439 Υἱὸς,
3406 1374 3440 1443 ἢ

1874 1457 2037 1526 ἑτέρα
2084 1475 2169 1520 τις
2213 1460 2355 1529 ἀρχὴ
2413 1461 2724 1529 ἀγέννητος·
2778 1465 2867 1513 καὶ
2916 1461 3003 1514 διά
3050 1460 3206 1514 τοῦτο
3260 1463 3446 1533 ἡρέμα

1873 1548 2300 1617 ἀσφαλιζόμενος
2329 1550 2731 1620 παραμυθεῖται
2774 1553 2865 1604 τὸν
2890 1552 3055 1619 ὄγκον
3084 1552 3191 1605 τῶν
3218 1551 3443 1622 εἰρημέ-

1874 1651 1999 1696 νων,
2029 1633 2222 1701 λέγωνο
2246 1636 2447 1688 Πάντα
2480 1641 2587 1706 γὰρ
2616 1639 2916 1703 ὑπέταξεν
2938 1640 3065 1695 ὑπό
3086 1640 3229 1704 τοὺς
3256 1640 3446 1705 πόδας

1874 1724 2081 1778 αὐτοῦ·
2112 1726 2273 1777 πάλιν
2301 1725 2378 1796 τῷ
2418 1728 2591 1798 Πατρὶ
2620 1728 2691 1782 τά
2719 1730 3123 1800 κατορθώματα
3151 1730 3444 1794 ἀνατιθεὶς,

1872 1812 1970 1882 οὐχ
1995 1813 2070 1874 ὡς
2098 1813 2410 1876 ἀτονοῦντος
2441 1815 2533 1867 τοῦ
2561 1800 2756 1879 Παιδὸς
2794 1817 2812 1887 (
2841 1819 2955 1880 πῶς
2987 1819 3113 1887 γὰρ,
3144 1813 3187 1885 ᾧ
3209 1820 3447 1873 τοσαῦτα

1874 1904 2259 1975 ἐμαρτύρησεν
2290 1906 2617 1977 ἔμπροσθεν,
2659 1910 2754 1961 καὶ
2796 1909 2974 1963 πάντα
3008 1910 3237 1981 ἀνέθηκε
3263 1911 3333 1963 τὰ
3367 1913 3446 1963 εί-

1878 1996 2125 2066 ρημένα;
2151 1997 2191 2067 ),
2230 1997 2364 2063 ἀλλά
2399 1997 2487 2051 διὰ
2541 1999 2638 2068 τὴν
2665 1995 2869 2052 *αἰτίαν
2898 2003 2963 2070 ἣν
3003 1996 3192 2065 εἷπον,
3234 2002 3327 2054 καὶ
3360 2001 3447 2055 ἴνα

1875 2085 2022 2157 δείξῃ
2050 2087 2204 2139 κοινά
2229 2088 2403 2157 Πατρὶ
2440 2088 2532 2140 καὶ
2574 2088 2688 2157 Υίῴ
2718 2088 2787 2141 τά
2816 2090 2953 2161 ὑπὲρ
2996 2089 3151 2159 ἡμῶν
3180 2091 3447 2159 γενόμενα

1877 2174 2114 2228 ἅπαντα.
2152 2177 2273 2229 Ὅτι
2313 2178 2421 2249 γὰρ
2460 2178 2621 2238 αὐτὸς
2646 2179 2823 2248 ἐαυτῷ
2854 2179 3087 2250 ἢρκεσεν
3123 2181 3202 2244 εἰς
3230 2180 3291 2232 τὸ
3319 2182 3449 2232 ὑπο-

1875 2265 2031 2329 τάξαι
2055 2267 2203 2335 αύτῷ
2237 2270 2303 2320 τά
2338 2269 2533 2333 πάντα,
2565 2268 2793 2322 άκουσον
2824 2270 2984 2323 πάλιν
3018 2269 3229 2322 Παύλου
3263 2271 3448 2339 λέγον-

1875 2370 1987 2417 τος⁸
2033 2356 2137 2416 Ὃς
2175 2360 2688 2427 μετασχηματίσει
2727 2361 2789 2413 τὸ
2822 2360 2992 2429 σῶμα
3023 2361 3132 2428 τῆς
3169 2362 3449 2415 ταπεινώ-

1877 2460 2031 2511 σεως
2055 2444 2224 2514 ἡμῶν
2249 2450 2336 2512 εις
2359 2447 2423 2500 τὸ
2450 2454 2728 2516 γενέσθαι
2750 2453 3107 2521 σύμμορφον
3126 2453 3205 2518 τῷ
3224 2453 3448 2521 σώματι

1878 2536 1988 2604 τῆς
2023 2537 2207 2604 δόξης
2240 2538 2445 2602 αὑτοῦ,
2473 2542 2622 2593 κατὰ
2649 2542 2765 2607 τὴν
2788 2542 3093 2608 ἐνέργειαν
3124 2542 3228 2597 τοῦ
3266 2543 3448 2596 δύνα-

1879 2630 2017 2680 σθαι
2058 2628 2242 2681 αὑτὸν
2279 2628 2378 2680 καί
2405 2627 2697 2691 ὑποτάξαι
2725 2628 2916 2691 ἑαυτῴ
2947 2630 3019 2682 τὰ
3056 2628 3271 2681 πάντα.
3314 2626 3446 2683 Εἶτα

1880 2719 1975 2771 καὶ
2012 2717 2387 2787 ὲπιδιορθώσει
2428 2708 2691 2788 κέχρηται
2719 2718 2893 2786 λέγων
2912 2736 2924 2747 ·
2976 2708 3163 2772 ’Ὅταν
3190 2720 3257 2771 δὲ
3284 2719 3446 2792 εἵπῃ,

1881 2807 1968 2860 ὅτι
2013 2809 2088 2859 Τὰ
2125 2808 2321 2858 πάντα
2347 2809 2761 2875 ὑποτέτακται,
2805 2809 2999 2877 δῆλον
3033 2810 3120 2863 ὅτι
3147 2809 3319 2875 ἐκτὸς
3344 2810 3448 2863 τοῦ

1880 2896 2297 2960 ὑποτάξαντος
2333 2897 2490 2961 αὑτῷ
2522 2902 2595 2951 τὰ
2629 2899 2823 2953 πάντα
2845 2942 2858 2963 ,
2890 2903 2949 2953 ού
2981 2901 3184 2971 μικράν
3228 2902 3451 2955 κάντεῦο

1881 2985 1971 3037 θεν
1998 2986 2076 3054 τῷ
2103 2987 2399 3053 Μονογενεί
2441 2988 2735 3057 μαρτυρῶν
2762 2990 2939 3055 δόξαν.
2970 2991 3033 3043 Εἰ
3076 2991 3182 3061 γὰρ
3214 2992 3450 3045 ἐλάττων

1880 3070 1949 3145 ἦν
1978 3077 2072 3127 καὶ
2104 3077 2238 3130 πολὺ
2283 3077 2701 3148 καταδεέστερος
2726 3120 2740 3141 ,
2773 3079 2871 3131 οὐκ
2911 3080 2977 3132 ἂν
3009 3082 3167 3135 τοῦτο
3208 3082 3449 3151 ἐφοϐήθη

1881 3166 1942 3217 τὸ
1981 3164 2098 3230 δέος
2128 3168 2278 3220 ποτέ.
2320 3169 2429 3220 Καὶ
2475 3167 2594 3219 οὐδὲ
2646 3165 2819 3236 τούτῳ
2856 3168 3137 3237 ἀρκεῖται,
3185 3170 3320 3223 ἀλλὰ
3358 3170 3450 3222 καὶ

1883 3256 2069 3329 ἕτερον
2098 3256 2416 3328 προστίθησι
2444 3256 2639 3324 λέγων.
2676 3257 2793 3310 ’Ίνα
2822 3257 2928 3327 γὰρ
2960 3260 3033 3328 μή
3062 3274 3147 3321 τις
3173 3258 3451 3332 ὑποπτεύῃ
3505 3270 3513 3278 ·

1886 3349 1980 3401 καὶ
2006 3348 2161 3417 λέγῃ·
2187 3332 2251 3397 Τί
2289 3345 2418 3415 γὰρ,
2449 3348 2497 3397 εἰ
2537 3348 2631 3397 καὶ
2665 3346 2739 3416 μὴ
2784 3349 3146 3403 ὑποτέτακται
3170 3352 3198 3403 ὁ
3224 3351 3448 3422 nam“

1886 3438 2037 3491 οὐδὲν
2058 3437 2216 3489 τοῦτο
2239 3436 2436 3488 κωλύει
2468 3436 2812 3507 ἰσχυρότερον
2832 3434 2971 3492 εἶναι
2991 3441 3080 3492 τὸν
3110 3440 3253 3505 Υίδν,
3274 3442 3451 3503 δείσας

1887 3529 1983 3596 τὴν
2010 3528 2181 3597 ἀσεϐῆ
2208 3527 2409 3597 ταύτην
2436 3527 2714 3589 ὑπόνοιαν,
2741 3528 2927 3598 ἐπειδὴ
2959 3530 3133 3582 ὲκείνο
3164 3532 3264 3583 οὐκ
3294 3532 3452 3601 ἧρκει

1888 3619 1982 3671 καὶ
2013 3617 2168 3671 τοῦτο
2197 3618 2365 3680 δεῖξαι
2390 3660 2403 3680 ,
2434 3617 2771 3688 προσέθηκεν
2796 3620 2857 3672 ὲκ
2888 3620 3203 3688 περιουσίας
3230 3620 3450 3690 πολλῆς·

1891 3710 2074 3762 Ὅταν
2103 3709 2168 3760 δὲ
2193 3707 2462 3775 ὑποταγῇ
2483 3708 2643 3771 αὐτῷ
2667 3709 2736 3760 τὰ
2761 3709 2978 3772 πάντα,
3005 3712 3135 3764 τότε
3154 3712 3253 3765 καί
3276 3713 3455 3777 αὐτὸς

1889 3802 1921 3852 ό
1953 3799 2084 3862 mc
2110 3798 2571 3867 ὑποταγήσεται·
2602 3799 2701 3869 τὴν
2723 3798 2922 3870 πολλὴν
2954 3800 3089 3868 πρὸς
3120 3802 3211 3853 τὸν
3236 3802 3455 3872 Πατέρα

1889 3890 2139 3958 ὁμόνοιαν
2178 3888 2425 3952 δεικνὺς,
2468 3890 2562 3943 καὶ
2606 3890 2688 3943 ὅτι
2726 3884 2877 3953 οὗτος
2907 3891 3049 3960 ἁρχὴ
3093 3892 3310 3945 πάντων
3349 3892 3456 3943 τῶν

1890 3982 2112 4049 ἀγαθῶν
2148 3982 2242 4034 καὶ
2282 3984 2429 4035 αἰτία
2460 3986 2649 4054 πρώτη
2675 4024 2690 4049 ,
2716 3984 2745 4035 6
2774 3983 2862 4035 τὸν
2900 3982 3135 4035 τοσαῦτα
3163 3982 3457 4051 δυνάμενον

1892 4074 1985 4127 καὶ
2024 4072 2389 4141 κατορθοῦντα
2428 4075 2789 4143 γεγεννηκώς.

1964 4161 2112 4234 [571]
2134 4170 2207 4226 ς’.
2224 4164 2283 4215 Εἰ
2302 4162 2354 4216 δὲ
2389 4164 2546 4216 πλέον
2572 4165 2786 4233 εἴρηκεν
2804 4162 2836 4233 ἢ
2854 4162 3049 4233 ἀπῄτει
3086 4159 3178 4212 τοῦ
3205 4161 3459 4231 πράγμα-

1893 4274 1983 4318 τος
2011 4258 2044 4325 ἡ
2090 4256 2346 4319 ὑπόθεσις
2370 4298 2383 4321 ,
2415 4257 2490 4326 μὴ
2531 4256 2840 4324 θαυμάσῃςο
2868 4254 2960 4306 τὸν
2998 4254 3107 4322 γὰρ
3134 4253 3460 4307 Διδάσκαλον

1894 4347 1984 4399 τὸν
2019 4348 2213 4399 ἑαυτοῦ
2255 4348 2583 4416 μιμούμενος
2608 4386 2620 4407 ,
2648 4346 2818 4399 ταῦτα
2858 4348 3016 4397 ποιεῖ.
3057 4346 3165 4397 Καὶ
3194 4345 3301 4414 γάρ
3329 4345 3458 4411 69.6-

1895 4454 2046 4492 νοιαν
2076 4438 2234 4500 αὐτὸς
2258 4438 2427 4501 δεῖξαι
2455 4437 2777 4505 βουλόμενος
2802 4436 2940 4505 πρὸς
2964 4434 3052 4486 τὸν
3075 4434 3459 4501 γεγεννηκότα,

1897 4524 1991 4577 καὶ
2022 4525 2102 4575 ὅτι
2142 4526 2202 4576 ού
2243 4525 2392 4595 παρά
2441 4523 2665 4593 γνώμην
2716 4523 2881 4576 αὑτοῦ
2916 4523 3137 4590 ἀφῖκται
3163 4560 3176 4583 ,
3209 4520 3461 4573 τοσοῦτον

1897 4614 2234 4676 καταϐαίνει,
2255 4616 2351 4683 οὐχ
2368 4616 2491 4667 ὅσον
2511 4615 2706 4683 ἀπῄτει
2727 4614 2825 4680 τῆς
2843 4614 3094 4681 ὁμονοίας
3111 4615 3144 4682 ἡ
3168 4609 3458 4674 ἀπόδειξις,

1896 4704 2010 4756 ἀλλ’
2026 4706 2148 4755 ὅσον
2162 4705 2329 4755 ἐδεῖτο
2342 4703 2451 4753 τῶν
2470 4704 2752 4771 παρόντων
2767 4705 2799 4773 ἡ
2820 4703 3090 4756 ἀσθένεια.
3113 4700 3464 4770 Εῦχεταιγάρ

1896 4793 1974 4862 τῷ
2009 4793 2359 4862 γεγεννηκότι
2390 4793 2458 4844 δι’
2489 4793 2640 4844 οὐδὲν
2668 4792 2816 4854 ἄλλο,
2847 4792 2878 4860 ἢ
2914 4792 2999 4843 διά
3032 4790 3209 4850 τοῦτο,
3239 4790 3331 4841 καὶ
3362 4786 3462 4857 την

1898 4884 2074 4937 αἰτίαν
2115 4884 2284 4947 τιθείς
2332 4899 2531 4953 φησιν,
2571 4883 2703 4934 ἰνα
2736 4881 3101 4933 πιστεύωσιν
3132 4880 3220 4935 ὅτι
3270 4879 3350 4932 σύ
3384 4896 3462 4948 με

1898 4972 2277 5036 ἀπέστειλας,
2318 4971 2516 5024 Τοῦτον
2567 4966 2660 5023 οῦν
2713 4968 3047 5039 μιμούμενος
3096 4969 3191 5022 καὶ
3232 4965 3463 5018 ἐνταῦθα

1901 5067 1963 5118 ἐκ
2001 5064 2315 5133 περιουσίας
2355 5066 2422 5132 τῇ
2461 5062 2605 5126 λέξει
2641 5062 2935 5129 κέχρηται,
2963 5059 3059 5127 οὐχ
3101 5058 3187 5110 ῐνα
3220 5057 3463 5111 δουλείαν

1901 5151 2425 5222 κατηναγκασμένην
2463 5150 2827 5219 ὑποπτεύσῃς,
2868 5147 3067 5213 ἄπαγε,
3112 5146 3227 5199 ἀλλ’
3273 5147 3359 5199 ἵνα
3397 5148 3465 5199 τὰ

1902 5245 2079 5298 άτοπα
2119 5243 2301 5295 ἐκεῖνα
2331 5239 2574 5309 δόγματα
2621 5240 2684 5291 ὲκ
2721 5237 3033 5306 περιουσίας
3081 5236 3305 5306 ἐκϐάλῃ.
3355 5236 3467 5288 Kal.

1901 5336 2010 5404 γάρ
2048 5335 2175 5387 ὅταν
2212 5331 2465 5401 βούληταί
2509 5348 2562 5383 τι
2591 5327 2882 5400 πρόρριζον
2929 5327 3262 5391 ἀνασπάσαι,
3298 5325 3465 5397 πο).λῂ

1902 5425 2169 5493 κέχρηται
2190 5423 2256 5491 τῇ
2285 5421 2589 5491 περιουσίᾳ.
2613 5417 2768 5471 Οὕτω
2789 5416 2920 5485 γοῦν
2948 5416 3041 5470 καὶ
3064 5415 3193 5484 περί
3212 5415 3466 5478 γυναικὸς

1907 5511 2106 5581 πιστῆς
2130 5511 2305 5579 λέγων
2331 5510 2427 5565 καὶ
2469 5509 2658 5581 ἀνδρὸς
2688 5508 2919 5561 ἀπίστου
2950 5505 3275 5577 ὁμιλούντων
3303 5506 3466 5575 ἀλλή-

1907 5605 2020 5666 λοις
2043 5602 2191 5671 νόμῳ
2223 5602 2421 5672 γάμου,
2455 5601 2541 5652 ἵνα
2574 5599 2647 5671 μὴ
2675 5600 2869 5669 νομίσῃ
2904 5601 2936 5667 ή
2964 5597 3100 5665 γυνὴ
3149 5595 3469 5665 μολύνεσθαι

231 5682 419 5735 ὀταν
456 5683 563 5755 γὰρ
595 5683 686 5737 τὸν
717 5681 957 5737 διάϐολον
988 5686 1150 5758 ἀνέλῃ
1184 5690 1277 5743 τὸν
1323 5691 1683 5761 εἰσαγαγόντα
1711 5689 1807 5749 τὸν
1908 5694 2016 5751 ἀπὸ
2050 5693 2150 5763 τῆς
2178 5690 2375 5764 μίξεως
2415 5691 2507 5743 καὶ
2545 5689 2653 5744 τῶν
2698 5689 3047 5761 περιπλοκῶν
3074 5692 3181 5740 των
3219 5688 3347 5754 περὶ
3382 5684 3470 5741 τὸν
