4066 6348
301 294 409 354 511

300 412 743 473 consuetudinem
772 408 889 478 lege
914 401 1276 467 matrimonii;
1308 416 1377 456 ne
1404 398 1737 456 existimaret
1760 409 1879 448 mu-

304 506 412 561 lier
437 518 494 558 se
526 500 689 571 pollui
718 514 785 553 ex
808 495 1094 551 concubitu
1120 502 1174 548 et
1193 491 1475 559 complexu
1506 486 1751 549 infidelis,
1778 499 1884 538 non

301 594 441 649 dixit
464 590 742 645 mulierem
768 601 890 642 esse
916 582 1243 640 immundam
1262 622 1278 648 ,
1310 588 1366 635 et
1394 578 1526 634 nihil
1566 576 1686 631 laedi
1712 575 1780 629 ab
1807 574 1888 628 in-

302 684 474 748 tideli,
502 680 596 736 sed
623 679 765 749 quod
793 686 877 733 est
898 676 1066 731 multo
1086 674 1335 743 amplius,
1360 684 1456 739 per
1487 670 1656 739 ipsam
1687 664 1884 721 sancti-

312 774 536 829 ﬁcatum
562 786 684 826 esse
712 770 979 825 infidelem
1012 767 1102 836 (i.
1135 765 1252 819 Cor.
1281 763 1333 816 7.
1370 762 1468 831 lt)
1499 774 1642 815 :non
1665 760 1768 813 hoc
1795 772 1884 811 vo-

300 866 422 919 lens
443 862 729 918 ostendere
748 902 761 923 ,
793 860 937 929 quod
963 857 1179 913 Graecus
1228 854 1395 907 factus
1425 853 1496 907 sit
1524 867 1591 907 ex
1624 851 1714 904 illa
1744 864 1873 901 san-

208 956 217 961 ’
299 966 457 1022 ctus,
490 955 586 1011 sed
615 954 765 1008 verbi
807 947 1215 1020 exsuperatione
1262 945 1481 999 studens
1526 943 1642 1012 ejus
1686 949 1885 994 metum

298 1047 540 1101 solvere.
570 1044 644 1097 ita
679 1042 767 1099 hic
793 1054 1038 1111 quoque.
1070 1050 1191 1090 eum
1225 1034 1474 1090 dictionis
1504 1033 1553 1087 vi
1595 1030 1887 1086 studuisses

306 1136 533 1206 impium
564 1133 693 1188 illud
718 1132 908 1199 dogma
935 1126 1121 1183 tollere
1140 1165 1157 1190 ,
1184 1124 1320 1180 dixit
1362 1123 1413 1178 id
1443 1120 1586 1193 quod
1608 1120 1762 1174 dixit.
1794 1117 1883 1172 Si-

302 1235 400 1283 ent
423 1228 565 1282 enim
605 1221 922 1278 imbecillem
956 1211 1148 1271 Filium
1189 1213 1488 1284 suspicari,
1520 1219 1606 1267 est
1627 1216 1886 1266 extremae

304 1314 641 1387 iniquitatis:
671 1309 1018 1380 quamobrem
1066 1308 1122 1364 id
1155 1305 1419 1375 corrigit,
1448 1303 1667 1363 dicens,
1701 1298 1888 1353 Omnes

305 1409 542 1462 inimicos
588 1416 709 1457 suos
758 1408 906 1469 ponet
936 1398 1027 1453 sub
1052 1397 1265 1468 pedibus
1305 1396 1452 1449 suis:
1480 1394 1549 1446 ita
1597 1405 1782 1446 rursus
1805 1397 1889 1444 est

304 1497 415 1552 hoc
438 1492 604 1561 magis
628 1490 849 1559 impium
874 1488 1184 1543 existimare
1211 1485 1423 1540 Patrem
1455 1482 1545 1537 illo
1566 1495 1685 1535 esse
1716 1479 1888 1533 mino-

304 1600 446 1642 rem.
474 1581 829 1649 Quamobrem
859 1578 914 1632 id
941 1591 1153 1646 quoque
1184 1575 1326 1629 tollit
1352 1588 1473 1628 cum
1500 1584 1692 1640 magna
1720 1582 1886 1625 exsu-

305 1674 606 1748 peratione.
633 1670 768 1725 Vide
798 1676 979 1725 autem
1007 1666 1275 1737 quomodo
1304 1664 1357 1719 id
1390 1673 1584 1734 ponat:
1614 1676 1722 1715 non
1746 1659 1889 1715 dixit

304 1769 455 1822 enim
484 1761 813 1831 simpliciter,
847 1756 1042 1812 Prieter
1067 1772 1179 1810 eum
1205 1757 1289 1823 qui
1318 1753 1563 1824 subjecit,
1606 1751 1701 1806 sed
1738 1748 1889 1819 adje-

304 1858 404 1919 cit,
439 1856 561 1909 Sine
585 1850 759 1916 dubio,
783 1863 896 1903 rem
922 1848 1247 1905 confirmans
1275 1854 1331 1902 et
1360 1843 1626 1906 muniens,
1649 1841 1889 1911 quamvis

306 1950 377 2002 de
407 1948 495 2001 illa
517 1946 633 2016 jam
660 1950 891 1998 constet.
933 1941 1002 1995 Et
1043 1947 1103 1992 ut
1151 1937 1289 1992 scias
1329 1935 1468 1991 hanc
1513 1947 1633 1989 esse
1670 1945 1886 1987 causam

305 2055 498 2095 eorum
530 2051 651 2106 quae
676 2035 819 2088 dicta
848 2039 995 2096 sunt,
1019 2029 1148 2083 illud
1176 2043 1240 2082 ex
1275 2036 1328 2081 te
1356 2023 1668 2081 sciscitabor
1686 2061 1703 2085 ,
1734 2021 1889 2075 Fitne

306 2139 438 2184 tunc
464 2125 701 2180 accessio
728 2119 1082 2189 subiectionis
1109 2116 1283 2171 Filio?
1302 2128 1357 2170 et
1382 2112 1651 2182 quomodo
1676 2126 1783 2165 non
1803 2118 1888 2165 est

306 2216 621 2278 absurdum,
652 2223 707 2268 et
746 2211 856 2267 Deo
886 2208 1201 2279 indignum!
1226 2206 1459 2261 maxima
1488 2205 1628 2258 enim
1658 2209 1742 2257 est
1762 2200 1887 2255 sub-

300 2308 469 2379 iectio
494 2314 549 2361 et
590 2302 894 2359 obedientia
916 2341 934 2367 ,
977 2298 1121 2371 quod
1150 2313 1272 2353 cum
1299 2298 1370 2355 sit
1400 2297 1544 2352 Deus
1566 2336 1582 2360 ,
1608 2294 1749 2349 servi
1776 2293 1885 2347 for-

309 2415 455 2455 mam
483 2398 770 2467 acceperit.
801 2392 1082 2460 Quomodo
1105 2406 1235 2461 ergo
1266 2399 1393 2444 tunc
1416 2384 1765 2456 subjicietur?
1798 2382 1890 2438 Vi-

302 2489 405 2545 des
432 2486 571 2558 quod
591 2484 875 2543 absurdam
898 2483 1092 2538 tollens
1111 2479 1469 2547 suspicionem
1494 2476 1596 2529 hoc
1621 2471 1882 2543 posuerit,

306 2580 467 2649 idque
504 2591 625 2631 cum
674 2590 739 2629 eo
781 2586 887 2641 quo
930 2584 1025 2639 par
1052 2576 1137 2625 est
1175 2567 1378 2623 senqu
1426 2563 1560 2623 Nam
1606 2572 1663 2616 ut
1692 2561 1885 2615 Filium

305 2671 463 2724 decet
492 2673 547 2719 et
576 2665 741 2719 Deum
762 2702 778 2727 ,
807 2662 886 2717 sic
914 2658 1126 2723 obedit,
1170 2671 1278 2711 non
1318 2667 1469 2710 more
1495 2652 1760 2716 humano,
1790 2649 1885 2708 sed

306 2759 472 2813 libere
488 2770 546 2810 se
566 2767 759 2825 gerens
776 2761 831 2806 et
844 2764 1059 2807 onmem
1096 2747 1299 2803 habens
1317 2752 1656 2815 potestatem.
1677 2741 1886 2810 Alioqui

303 2846 575 2916 quomodo
624 2853 708 2900 est
750 2840 1069 2898 consessor?
1096 2838 1367 2909 quomodo
1406 2836 1544 2891 sicut
1572 2835 1763 2899 Pater,
1803 2834 1887 2891 sic

305 2938 424 3008 ipse
442 2950 650 3006 quoque
670 2948 803 3003 quos
821 2930 934 2986 vult
951 2930 1173 2987 suscitat
1189 2926 1369 3000 (locis.
1392 2926 1446 2982 5.
1471 2922 1562 2992 21)
1578 2922 1602 2974 l
1619 2921 1887 2993 quomodo

304 3046 427 3100 qua:
452 3037 578 3085 sunt
604 3026 802 3089 Patris.
829 3030 959 3087 sunt
982 3022 1098 3091 ejus
1115 3021 1330 3080 omnia;
1356 3026 1410 3070 et
1450 3030 1569 3081 quae
1594 3013 1712 3079 eius
1730 3019 1883 3079 sunt,

305 3121 482 3177 Patris
518 3118 720 3190 (1m.
776 3116 864 3169 l7.
915 3109 1064 3182 10)?
1109 3108 1237 3164 Haec
1282 3107 1427 3163 enim
1456 3106 1612 3165 nobis
1652 3104 1889 3166 indicant

306 3222 551 3268 exactam
598 3217 653 3262 et
699 3203 985 3275 perfectam
1027 3200 1145 3269 ejus
1188 3213 1313 3253 cum
1340 3198 1501 3254 Patre
1545 3203 1884 3267 potestatem.

302 3301 445 3369 Quid
472 3306 555 3354 est
579 3305 759 3349 autem
780 3332 797 3358 ,
825 3291 1045 3356 Quando
1071 3288 1335 3344 tradiderit
1363 3284 1613 3358 regnum?
1650 3285 1773 3339 Duo
1795 3297 1885 3337 re-

302 3407 410 3462 gna
458 3390 551 3444 Dei
580 3389 728 3442 novit
766 3384 1037 3453 Scriptura
1065 3397 1080 3433 :
1111 3394 1275 3437 unum
1326 3377 1541 3447 quidem
1570 3390 1634 3429 ex
1665 3374 1886 3445 conjun.

303 3481 483 3533 ctione
506 3492 601 3533 seu
628 3474 975 3545 proprietate,
1008 3470 1234 3524 alterum
1263 3482 1328 3523 ex
1354 3467 1646 3525 creatione.
1676 3463 1809 3519 Nam
1832 3463 1883 3517 in

302 3583 494 3623 omnes
530 3565 746 3636 quidem
785 3575 1010 3630 regnum
1050 3559 1293 3620 obtinet,
1342 3555 1562 3611 Gnecos
1584 3594 1600 3620 ,
1629 3554 1883 3627 Judzeos,

303 3660 615 3718 daemones,
652 3650 991 3710 adversarios
1011 3686 1029 3713 ,
1054 3646 1264 3701 ratione
1304 3644 1629 3709 creationis;
1662 3657 1885 3713 regnum

304 3762 485 3806 autem
513 3748 723 3807 obtinet
748 3747 799 3799 in
835 3742 1025 3799 fideles
1047 3750 1102 3795 et
1128 3738 1461 3796 voluntarios
1499 3747 1555 3791 et
1587 3736 1885 3804 subjectos,

304 3844 518 3900 ratione
542 3837 954 3909 coniunctionis.
983 3834 1095 3890 Hoc
1123 3846 1348 3902 regnum
1379 3830 1574 3885 dicitur
1599 3829 1760 3883 etiam
1788 3825 1887 3881 ha-

305 3936 439 3989 bere
469 3932 747 4001 imperiutn
780 3944 796 3981 ε
828 3928 897 3982 de
938 3940 1005 3979 eo
1032 3924 1175 3979 enim
1203 3922 1335 3977 dicit
1362 3922 1524 3975 etiam
1554 3918 1605 3972 in
1646 3916 1887 3979 secundo

308 4024 545 4085 Psalmo,
580 4016 793 4073 Postulo
817 4034 850 4069 α
882 4029 984 4079 me,
1015 4022 1061 4067 et
1086 4011 1215 4073 dabo
1240 4012 1328 4069 tibi
1358 4018 1524 4080 gentes
1547 4008 1887 4063 hereditatem

307 4124 450 4169 (nam
478 4109 647 4181 (Psat.
674 4107 729 4160 2.
758 4106 815 4174 8)
846 4124 859 4159 :
886 4104 954 4159 de
980 4117 1046 4158 eo
1074 4103 1235 4158 etiam
1268 4101 1382 4169 ipse
1406 4100 1544 4155 dixit
1567 4098 1842 4167 discipulis
1866 4136 1884 4163 ,

308 4205 451 4259 Data
484 4207 557 4252 est
593 4197 715 4249 mihi
733 4197 898 4250 omnis
925 4202 1141 4263 potestas
1166 4200 1198 4244 α
1240 4190 1397 4243 Patre
1420 4204 1529 4245 meo
1556 4187 1767 4258 (Matth.
1795 4186 1885 4241 28.

310 4294 428 4361 18);
468 4290 517 4344 ei
548 4287 638 4356 qui
666 4286 849 4355 genuit
877 4283 1057 4341 omnia
1082 4281 1397 4342 adscribeus
1423 4322 1437 4345 ,
1471 4294 1577 4333 non
1604 4277 1744 4348 quod
1774 4278 1887 4346 ipse

311 4402 421 4443 nou
463 4380 724 4442 sufﬁciat.
751 4375 847 4432 sed
872 4376 1170 4435 ostendens
1195 4376 1339 4446 quod
1378 4377 1445 4430 sit
1470 4374 1636 4430 Filios
1656 4413 1671 4437 .
1698 4380 1755 4427 et
1778 4387 1885 4427 non

312 4478 616 4548 ingenitus:
658 4471 771 4526 Hoc
809 4482 937 4538 ergo
985 4467 1175 4530 tradit,
1222 4470 1329 4522 lioc
1374 4477 1493 4533 est,
1544 4476 1688 4522 recte
1729 4466 1886 4535 gerit.

311 4570 490 4636 Quare
510 4573 711 4628 autem,
742 4562 927 4630 inquit,
953 4558 1083 4611 nibil
1111 4558 1246 4611 dixit
1270 4558 1337 4613 de
1358 4558 1555 4628 Spiritu
1579 4559 1600 4611 ?
1622 4558 1886 4615 Quoniam

314 4674 458 4715 nunc
486 4657 553 4710 de
582 4656 699 4723 ipso
744 4670 849 4711 non
889 4653 1061 4721 agitur
1082 4689 1095 4714 ,
1125 4664 1301 4717 neque
1346 4650 1523 4707 omnia
1568 4648 1723 4705 simul
1753 4664 1887 4702 con-

314 4752 511 4805 fundit.
537 4746 669 4800 Nam
695 4748 855 4801 etiam
888 4742 1097 4813 quando
1126 4741 1289 4802 dicit,
1325 4740 1467 4794 Unus
1498 4742 1627 4795 Dess
1648 4742 1891 4807 Pater,“

316 4856 449 4896 unus
477 4838 724 4891 Dominus
751 4836 903 4890 Iesus
929 4838 1007 4904 (i.
1040 4833 1153 4887 Cor.
1188 4833 1241 4883 9.
1271 4838 1319 4901 h,
1360 4884 1363 4889 ,
1410 4847 1515 4884 ncn
1566 4832 1763 4885 zmnino
1791 4831 1890 4885 mi-

318 4944 505 4985 norem
549 4926 731 4981 sinetis
759 4940 882 4980 esse
927 4925 1213 4994 Spiritum,
1261 4929 1541 4992 propterea
1592 4931 1767 4985 tacet,
1799 4920 1893 5004 sed

319 5022 569 5089 quoniam
592 5026 717 5069 tunc
743 5030 831 5077 res
867 5031 973 5069 non
1001 5016 1225 5083 urgebat
1253 5055 1267 5077 ,
1299 5014 1395 5066 hoc
1428 5012 1580 5066 dixit.
1611 5014 1723 5067 Scit
1749 5013 1890 5067 enim

320 5124 376 5166 et
408 5108 578 5163 Patris
616 5108 782 5159 .niius
828 5108 1175 5170 meminisse;
1206 5120 1303 5160 nec
1327 5104 1447 5159 ideo
1484 5102 1679 5158 Filium
1708 5104 1896 5170 ejicie-

322 5218 441 5258 mus
468 5219 481 5253 :
510 5198 610 5253 scit
627 5198 789 5252 etiam
818 5206 871 5249 et
894 5196 1014 5255 Filii
1036 5206 1089 5253 et
1113 5196 1345 5265 Spiritus
1370 5196 1536 5251 solius
1560 5193 1893 5259 meminisse;

320 5307 423 5347 nec
452 5300 731 5359 pmpterea
761 5286 975 5341 Patrem
1015 5287 1369 5341 abolebimus.
1402 5284 1539 5352 Quid
1566 5293 1650 5337 est
1684 5293 1892 5347 autem,

324 5384 393 5440 Ut
441 5386 506 5439 sit
556 5380 696 5435 Deus
739 5378 911 5432 omnia
952 5379 1006 5431 in
1060 5378 1334 5433 omnibus?
1364 5377 1433 5433 Ut
1475 5377 1654 5431 omnia
1684 5376 1751 5429 ab
1782 5374 1897 5443 ipso

321 5474 611 5545 pendeant;
644 5486 713 5527 ne
739 5468 861 5539 quis
898 5465 1169 5525 existimet
1204 5470 1313 5524 duo
1341 5484 1465 5524 esse
1491 5467 1749 5539 principia
1780 5466 1897 5521 sine

322 5565 608 5636 principio,
638 5574 812 5631 neque
836 5558 982 5613 aliud
1011 5573 1235 5628 regnum
1262 5561 1509 5615 divisum.
1532 5559 1665 5613 Nam
1686 5556 1899 5625 quando

319 5654 479 5710 strati
508 5652 724 5725 quidem
746 5648 1011 5719 jacuerint
1034 5648 1238 5704 inimici
1266 5652 1366 5707 sub
1388 5649 1613 5723 pedibus
1643 5648 1785 5715 Filii,
1809 5647 1901 5717 qui

676 5748 943 5811 l-‘nnoc.
983 5750 1099 5810 Gn.
1144 5753 1302 5813 LXI.

1296 280 1361 337 IN
1400 277 1612 336 EPIST.
1655 275 1674 329 1
1736 273 1827 329 AD
1864 272 2018 329 C08.
2061 272 2291 331 IIOMIL.
2330 277 2571 335 XXXIX.

3453 283 3561 341 δη

1989 409 2084 450 eos
2111 401 2289 449 autem
2321 395 2480 451 liabet
2497 398 2740 466 iacentes
2764 398 2865 453 sub
2896 398 3136 469 pedibus,
3160 413 3285 454 cum
3311 397 3564 455 Genitore

1990 499 2095 538 non
2126 485 2287 553 agitat
2332 486 2685 553 seditionem,
2727 489 2821 543 sed
2864 497 2949 543 est
2994 490 3046 543 in
3090 487 3324 557 perfecta
3351 503 3473 543 cum
3498 504 3565 543 co

1990 574 2312 641 concordia;
2342 576 2458 645 ipse
2481 579 2585 633 erit
2609 580 2788 633 omnia
2832 580 2884 634 in
2910 579 3177 635 omnibus.
3208 578 3433 647 Quidam
3463 595 3550 634 au-

1991 678 2098 723 tem
2129 668 2312 723 dicunt
2339 670 2511 738 ipsum
2540 670 2655 726 nam
2678 672 2878 727 dixisse
2900 714 2918 737 ,
2947 671 3295 741 significantia
3319 671 3564 727 abolitio-

1989 774 2113 814 nem
2141 760 2291 827 vitii,
2316 769 2499 830 utpote
2524 776 2644 817 cum
2668 777 2855 816 omnes
2871 762 3125 831 deinceps
3149 761 3340 817 cedant
3363 771 3417 817 et
3442 761 3561 815 ttul-

1986 850 2072 909 lus
2102 850 2334 916 resistat,
2366 865 2467 906 nec
2496 851 2725 921 maligne
2768 866 2827 910 se
2854 860 3025 921 gerat.
3050 852 3183 908 Nam
3211 850 3421 921 quando
3450 865 3560 905 non

1986 941 2151 997 fuerit
2178 951 2480 1010 peccatum,
2510 952 2595 998 est
2624 945 2963 1012 perspicuum
2988 944 3135 1013 quod
3166 944 3305 1001 Dens
3330 941 3433 997 erit
3450 955 3562 995 em-

1986 1032 2071 1086 nia
2100 1031 2152 1085 in
2182 1033 2455 1087 omnibus.
2502 1032 2557 1088 Si
2599 1043 2779 1089 autem
2810 1049 3035 1102 corpora
3084 1049 3193 1088 non
3240 1040 3519 1101 resurgunt
3543 1071 3561 1094 ,

1984 1122 2254 1193 quomodo
2296 1132 2423 1178 sunt
2465 1123 2583 1179 limo
2627 1124 2797 1185 vera?
2824 1124 3173 1195 gravissimus
3213 1124 3357 1179 enim
3384 1131 3565 1177 manet

1986 1216 2225 1270 omnium
2258 1216 2507 1271 inimicus
2527 1256 2542 1280 ,
2574 1231 2770 1286 nempe
2792 1231 2939 1272 mors
2960 1258 2975 1279 ,
3004 1216 3071 1271 iis
3094 1231 3212 1284 quae
3238 1214 3406 1270 voluit
3431 1229 3565 1270 oon-

1987 1305 2160 1364 fectis.
2188 1304 2559 1375 Nequaquam,
2589 1306 2792 1375 inquit;
2818 1320 2991 1376 neque
3012 1305 3157 1360 enim
3181 1304 3409 1373 amplius
3438 1318 3565 1373 pec-

1986 1395 2205 1451 cabnnt.
2235 1395 2299 1449 Et
2323 1396 2449 1464 quid
2479 1404 2591 1450 tum
2609 1397 2635 1450 1
2667 1410 2842 1466 neque
2866 1396 3016 1452 enim
3045 1395 3114 1452 de
3140 1403 3312 1450 morte
3336 1395 3562 1457 animae.

1985 1486 2082 1541 sed
2107 1486 2175 1540 de
2222 1496 2398 1541 morte
2444 1488 2687 1556 corporis
2733 1488 2821 1543 hic
2850 1487 3105 1557 loquitur.
3133 1486 3414 1556 Quomodo
3437 1501 3566 1556 ergo

1987 1576 2076 1630 illa
2105 1576 2386 1633 aboletur?
2416 1577 2521 1633 hoc
2547 1589 2630 1633 est
2652 1579 2796 1635 enim
2818 1579 3065 1645 victoria,
3093 1595 3155 1634 ea
3172 1594 3297 1649 quae
3322 1589 3446 1635 sunt
3470 1582 3568 1633 ab-

1987 1668 2114 1735 lata,
2144 1677 2199 1722 et
2223 1683 2344 1740 qnte
2374 1668 2686 1725 detinentur
2711 1672 3007 1740 accepisse.
3052 1673 3108 1727 Si
3135 1682 3315 1727 autem
3340 1672 3397 1726 in
3424 1681 3565 1727 terra

1988 1760 2275 1816 detinenda
2306 1769 2431 1815 sunt
2459 1775 2718 1831 corpora,
2759 1772 2941 1817 manet
2983 1778 3111 1833 ergo
3136 1764 3256 1834 ejus
3292 1765 3528 1835 tyrannis
3550 1805 3564 1830 ,

1988 1868 2109 1907 uim
2136 1852 2253 1906 hinc
2291 1850 2509 1920 quidem
2536 1852 2880 1909 detineantur
2902 1894 2919 1917 .
2958 1853 3103 1909 aliud
3132 1864 3309 1909 autem
3354 1869 3457 1908 non
3498 1855 3571 1909 sit

1988 1959 2187 2013 corpus
2209 1943 2296 1999 ubi
2321 1944 2586 2001 vincatur.
2614 1944 2671 2000 Si
2697 1959 2827 2015 ergo
2856 1945 2959 1999 hoc
2980 1945 3091 2011 ﬂat,
3108 1944 3251 2015 quod
3276 1945 3407 2001 dicit
3426 1945 3564 2001 Pau-

1982 2036 2095 2102 lus,
2128 2036 2267 2092 sicut
2294 2045 2443 2091 certe
2472 2036 2585 2102 flet,
2612 2036 2869 2105 praeclara
2902 2036 3065 2091 etiam
3096 2036 3375 2105 apparebit
3400 2037 3567 2093 victo-

1988 2124 2088 2186 ria.
2116 2139 2239 2179 cum
2266 2125 2414 2180 Deus
2439 2125 2671 2194 potuerit
2697 2126 2957 2185 suscitare
2981 2126 3069 2179 illa
3092 2141 3210 2195 quae
3239 2125 3308 2180 ab
3333 2126 3445 2195 ipsa
3473 2127 3570 2181 de-

1988 2225 2133 2271 tenta
2164 2224 2291 2269 sunt
2317 2230 2566 2285 corpora.
2600 2217 2732 2271 Nam
2757 2228 2883 2273 tunc
2911 2217 3076 2272 vincit
3099 2218 3359 2287 quispiam
3386 2217 3569 2273 inimi-

1985 2317 2130 2367 cum,
2158 2303 2374 2373 quando
2393 2306 2667 2373 acceperit
2690 2307 2883 2373 spolia,
2914 2321 3023 2364 non
3048 2307 3266 2376 quando
3287 2308 3398 2377 ipsa
3426 2308 3569 2363 sive-

1985 2393 2059 2450 rit
2100 2393 2243 2465 apud
2268 2408 2390 2449 eum
2419 2408 2638 2450 manere
2667 2412 2682 2449 :
2708 2395 2755 2450 si
2785 2411 2946 2452 nemo
2995 2405 3177 2452 autem
3214 2398 3411 2453 audeat
3446 2414 3569 2467 quas

1986 2493 2114 2540 sunt
2139 2485 2257 2554 ejus
2280 2486 2548 2555 accipere,
2569 2486 2844 2555 quomodo
2865 2486 3161 2543 dixerimus
3182 2502 3304 2543 esse
3331 2487 3568 2543 vietum?

2062 2576 2114 2629 7.
2147 2575 2261 2630 Hoc
2285 2576 2446 2631 etiam
2472 2576 2638 2630 modo
2666 2577 2902 2633 victoria:
2918 2576 3167 2632 Christus
3187 2578 3241 2632 in
3263 2577 3567 2647 Evangeliis

1982 2665 2119 2720 dicit
2144 2680 2204 2719 se
2230 2666 2426 2720 vicisse
2454 2666 2540 2721 bis
2564 2669 2745 2723 verbis
2769 2686 2784 2721 :
2811 2668 3031 2734 Quando
3053 2670 3337 2740 alligaverit
3360 2669 3563 2738 fortun,

1986 2766 2106 2811 tunc
2148 2765 2194 2809 et
2232 2770 2353 2809 vasa
2396 2756 2507 2825 ejus
2534 2756 2741 2827 diripiat
2778 2756 2992 2826 (Matth.
3026 2758 3113 2813 i2.
3143 2758 3257 2828 29).
3284 2759 3498 2828 Alioqui
3522 2758 3571 2814 si

1989 2846 2093 2901 hoc
2112 2860 2223 2901 non
2248 2845 2470 2911 factum,
2493 2861 2564 2901 ne
2586 2846 2865 2902 manifesta
2893 2848 3108 2918 quidem
3140 2849 3300 2904 fuerit
3323 2850 3567 2905 victoria.

1986 2936 2117 2990 Nam
2136 2936 2277 2991 sicut
2296 2936 2342 2992 si
2363 2936 2431 2991 de
2454 2946 2631 2993 morte
2652 2939 2847 2993 animae
2865 2949 3077 3009 agatur,
3094 2939 3183 3009 qni
3205 2948 3286 2994 est
3303 2948 3565 3005 mortuus,

1986 3026 2087 3080 fuit
2108 3025 2431 3094 justiﬁestus
2454 3040 2484 3083 a
2515 3037 2753 3095 peccato,
2788 3043 2963 3097 neque
2992 3028 3095 3085 hoc
3122 3029 3415 3085 dixerimus
3439 3042 3562 3083 esse

1986 3115 2298 3179 victoriam;
2327 3115 2419 3172 ille
2446 3116 2590 3170 enim
2614 3118 2809 3185 estqui
2831 3118 2982 3183 vicit,
3007 3133 3118 3173 non
3137 3118 3231 3188 qui
3255 3119 3413 3174 malis
3434 3118 3567 3173 nihil

1985 3209 2230 3276 addidit,
2262 3208 2356 3264 sed
2385 3208 2476 3279 qui
2505 3223 2622 3264 eam
2666 3224 2787 3279 qua:
2827 3211 2937 3278 jam
2977 3217 3096 3265 erat
3137 3210 3300 3265 animi
3327 3218 3568 3265 motuum

1986 3298 2147 3356 solvit
2174 3298 2535 3365 captivitatem
2562 3316 2575 3351 :
2601 3300 2672 3351 ita
2700 3300 2788 3354 hic
2810 3314 3021 3368 quoque
3048 3315 3154 3353 non
3186 3300 3385 3354 stitisse
3413 3314 3565 3353 mor-

1987 3398 2097 3445 tem
2125 3402 2353 3457 corpora
2396 3386 2776 3457 depascentem
2802 3429 2816 3451 ,
2854 3404 2975 3445 esse
3001 3390 3226 3445 dixerim
3255 3389 3565 3460 prmclaram

1988 3479 2291 3542 victoriam,
2321 3478 2415 3535 sed
2441 3493 2563 3549 quae
2586 3478 2697 3548 iam
2716 3480 2930 3535 detenta
2951 3490 3102 3535 erant
3122 3495 3346 3550 corpora
3368 3481 3433 3534 ab
3454 3480 3563 3549 ipsa

1986 3570 2166 3627 avelli.
2182 3571 2243 3626 Si
2264 3580 2442 3625 autem
2472 3570 2647 3625 adhuc
2673 3571 2999 3625 contendant
3022 3580 3077 3626 et
3102 3570 3282 3626 dicant
3305 3570 3373 3626 de
3397 3580 3568 3625 morte

1986 3661 2184 3715 anima:
2207 3660 2322 3713 haec
2342 3673 2464 3714 esse
2485 3659 2624 3713 dicta
2642 3700 2658 3725 ,
2684 3659 2953 3728 quomodo
2977 3661 3063 3713 illa
3084 3660 3328 3715 aboletur
3348 3660 3569 3715 ultima?

1990 3766 2114 3804 nam
2146 3750 2201 3805 in
2228 3764 2555 3818 unoquoque
2578 3751 2670 3820 qui
2697 3749 3019 3820 baptizatur,
3049 3751 3207 3818 plene
3233 3759 3322 3805 est
3346 3751 3566 3804 abolita.

1986 3841 2096 3897 Sed
2126 3841 2171 3896 si
2202 3840 2351 3897 dicas
2387 3841 2459 3896 de
2495 3855 2721 3909 corpore
2745 3882 2761 3906 ,
2808 3841 2982 3897 locum
3015 3842 3174 3897 habet
3200 3844 3339 3911 quod
3370 3842 3568 3898 dictum

1992 3943 2097 4000 est,
2131 3947 2329 4001 nempe
2356 3932 2499 4003 quod
2527 3947 2674 3987 mors
2704 3932 2888 3987 ultima
2916 3932 3211 3988 aboleatur.
3241 3934 3299 3989 Si
3327 3934 3447 4004 quis
3474 3948 3571 3987 au-

1991 4033 2100 4080 tem
2140 4023 2395 4081 dubitans
2419 4031 2624 4092 quaerat
2642 4064 2656 4085 ,
2690 4037 2786 4077 cur
2810 4037 2932 4079 cum
2962 4022 3251 4078 dissereret
3281 4023 3348 4077 de
3386 4037 3568 4077 resur-

1992 4114 2257 4179 rectione,
2289 4115 2342 4172 in
2370 4116 2608 4173 medium
2639 4129 2744 4169 non
2771 4114 3055 4170 adduxerit
3078 4129 3301 4184 corpora
3331 4129 3450 4184 qua:
3479 4129 3569 4169 re-

1992 4215 2345 4267 surrexerunt
2369 4216 2613 4275 tempore
2640 4206 2883 4272 Domini,
2915 4206 3045 4260 illud
3071 4206 3363 4262 dixerimus
3382 4245 3398 4271 ,
3426 4208 3567 4276 quod

1990 4298 2095 4353 hoc
2122 4314 2229 4353 non
2256 4298 2447 4356 [uisset
2472 4298 2617 4368 loqui
2644 4297 2715 4352 de
2737 4299 3154 4353 resurrectione.
3188 4298 3292 4354 Eos
3315 4299 3458 4353 enim
3479 4300 3569 4367 qui

1992 4401 2407 4446 resurrexerunt
2433 4389 2720 4445 ostendere
2757 4406 2945 4445 rursus
2974 4390 3108 4444 mori
3131 4431 3146 4455 ,
3185 4405 3292 4445 non
3323 4398 3440 4445 erat
3472 4390 3572 4445 de-

1988 4480 2344 4536 monstrantis
2359 4480 2502 4549 quod
2520 4494 2665 4538 mors
2683 4489 2949 4547 postremo
2969 4479 3262 4535 aboleatur.
3283 4480 3571 4548 Propterea

1992 4575 2135 4630 enim
2166 4573 2300 4627 dixit
2341 4588 2461 4627 eam
2501 4573 2705 4627 aboleri
2749 4573 3012 4638 ultimam,
3044 4589 3115 4629 ne
3152 4574 3423 4629 existimes
3451 4589 3568 4629 eam

1995 4664 2229 4733 amplius
2252 4677 2556 4732 resurgere.
2596 4662 2739 4717 Vitio
2764 4665 2906 4719 enim
2932 4666 3145 4720 sublato
3166 4704 3182 4729 ,
3213 4665 3377 4719 multo
3402 4664 3572 4732 magis

2005 4769 2150 4810 mors
2179 4755 2431 4810 cessabit.
2462 4753 2645 4824 Neque
2679 4756 2821 4809 enim
2850 4755 3010 4810 fuerit
3040 4766 3489 4820 consentaneum,
3517 4766 3575 4809 ut

2002 4848 2046 4902 si
2078 4846 2197 4899 fons
2222 4855 2451 4910 arescat,
2482 4846 2571 4915 qui
2599 4861 2663 4901 ex
2694 4860 2760 4901 eo
2789 4856 2967 4900 manat
2995 4849 3253 4902 consistat
3279 4848 3490 4911 fluvius,
3522 4854 3578 4899 et

1998 4937 2043 4991 si
2069 4945 2353 4991 evanescat
2378 4936 2547 4999 radix,
2582 4944 2796 4991 maneat
2825 4936 3051 4992 fructus.
3083 4939 3343 5006 Quoniam
3369 4952 3495 5006 ergo
3523 4937 3573 4990 in

2003 5027 2091 5081 die
2134 5025 2425 5080 novissimo
2465 5024 2664 5078 inimici
2702 5025 2796 5079 Dei
2843 5027 3125 5081 abolentur
3165 5043 3285 5081 cum
3320 5036 3490 5081 morte
3524 5038 3577 5079 et

2005 5116 2220 5171 diabolo
2244 5125 2300 5169 et
2324 5114 2657 5170 damonibus
2678 5155 2694 5180 ,
2725 5131 2793 5171 ne
2824 5116 3036 5170 tristitia
3066 5116 3377 5178 efficiamur,
3412 5116 3454 5168 si
3486 5114 3576 5169 Dei

2008 5204 2235 5259 inimicis
2256 5218 2343 5258 res
2364 5218 2618 5272 prospere
2636 5206 2940 5259 succedant.
2958 5205 3159 5259 Inimici
3182 5207 3321 5258 enitn
3347 5202 3575 5266 Domini,

2007 5293 2162 5348 simul
2183 5292 2634 5360 atquegloriiicati
2664 5301 2720 5347 et
2747 5293 2799 5346 in
2832 5294 2996 5345 altum
3028 5294 3152 5347 elati
3184 5293 3411 5356 fuerint,
3443 5292 3577 5345 deti-

2006 5384 2231 5445 cientes,
2265 5392 2535 5451 tamquam
2568 5383 2743 5437 fumus
2772 5383 3102 5437 defecerunt.
3132 5383 3355 5448 Quando
3382 5382 3578 5435 videris

2008 5472 2239 5540 aliquem
2266 5472 2358 5525 Dei
2386 5472 2660 5528 inimicum
2689 5474 2927 5537 divitem,
2956 5475 3204 5543 stipatum
3233 5475 3577 5541 satellitibus,

2012 5561 2299 5616 habentem
2322 5562 2517 5617 multos
2540 5571 2921 5629 assentatores,
2946 5564 3054 5617 noli
3074 5564 3309 5617 animum
3329 5562 3579 5631 abiicere,

2005 5650 2101 5707 sed
2128 5663 2282 5719 geme
2299 5691 2317 5718 ,
2348 5650 2644 5719 lacrymare
2664 5692 2680 5718 ,
2702 5652 2869 5708 Deum
2894 5666 3019 5717 roga
3037 5691 3055 5715 ,
3080 5660 3139 5706 nt
3162 5668 3281 5706 eum
3310 5651 3505 5709 referat
3523 5647 3576 5701 in

3172 5740 3251 5798 22
