4066 6348
536 242 640 299 353

535 354 781 409 ordinem
819 370 874 407 ει
910 367 1194 407 numerum
1235 352 1528 407 amicorum
1555 368 1568 404 :
1592 359 1647 404 et
1670 364 1777 420 quo
1805 348 1972 417 magis
2001 360 2114 400 rem

533 459 684 499 suam
713 445 848 499 bene
884 444 1113 514 gesserit
1135 457 1256 497 cum
1286 443 1356 496 sit
1384 442 1631 497 inimicus
1654 481 1669 505 ,
1709 455 1774 494 eo
1798 439 1969 509 magis
1993 453 2115 493 eum

534 535 676 605 lnge.
698 534 832 589 Nam
854 543 1163 603 peccatores
1184 534 1398 602 quidem
1419 546 1634 601 semper
1655 537 1866 598 oportet
1891 526 2110 593 deﬂere,

534 626 768 680 maxime
792 634 971 679 autem
1002 628 1215 694 quando
1242 623 1519 678 abundant
1548 621 1771 687 divitiis,
1803 628 1858 675 et
1885 627 2011 674 sunt
2036 618 2115 673 eis

531 730 622 773 res
651 715 934 779 secundm,
980 716 1120 789 sicut
1143 722 1466 784 aegrotantes
1492 712 1708 783 quando
1733 711 1903 766 ventri
1935 709 2115 764 indul-

525 813 659 871 gent
682 812 739 859 et
767 795 1117 859 inebriantur.
1150 803 1258 858 Sed
1289 811 1415 857 sunt
1439 800 1679 871 quidam,
1704 800 1794 870 qui
1825 798 1911 853 his
1936 797 2115 853 verbis

526 884 746 959 auditis,
779 896 850 949 ita
879 896 1076 949 misere
1101 894 1427 958 afﬁciuntur,
1456 900 1515 947 ut
1539 903 1759 962 propter
1786 890 1899 945 limo
1921 888 2114 945 acerbe

530 985 882 1054 ingemiscant
902 996 958 1041 et
974 987 1180 1049 dicant,
1207 987 1406 1056 Dignus
1429 1001 1547 1040 sum
1572 984 1843 1055 lacrymis,
1867 983 1957 1052 qui
1982 982 2110 1036 nihil

529 1075 723 1130 habeo.
754 1076 918 1132 Recte
943 1077 1160 1143 dixisti,
1202 1077 1303 1146 Qut
1333 1076 1467 1131 nihil
1496 1075 1696 1139 habes;
1726 1089 1832 1128 non
1861 1073 2113 1142 quoniam

532 1180 635 1219 non
664 1165 912 1224 habesea
941 1182 1059 1237 quae
1086 1167 1175 1221 ille
1202 1167 1406 1231 habuit,
1434 1165 1528 1220 sed
1551 1164 1798 1233 quoniam
1826 1179 1938 1217 rem
1961 1163 2112 1217 ducis

527 1259 743 1326 dignam
772 1273 893 1328 quae
922 1259 1075 1312 beata
1102 1267 1407 1323 censeatur,
1438 1257 1558 1311 ideo
1585 1256 1778 1324 dignus
1799 1270 1857 1309 es
1876 1255 1964 1324 qui
1989 1256 2110 1308 mil-

508 1348 631 1401 lie:-
660 1348 912 1416 lugearis.
946 1349 1156 1402 Etenim
1186 1348 1231 1402 si
1260 1348 1379 1417 quis
1410 1347 1546 1401 bona
1577 1346 1878 1400 valetudine
1908 1343 2108 1410 fruens,

526 1437 744 1489 beatum
769 1436 975 1505 iudicet
1002 1446 1283 1506 mgrotum,
1313 1438 1475 1491 etiam
1497 1439 1551 1490 iu
1576 1438 1720 1489 molli
1746 1435 1904 1488 cubili
1926 1436 2111 1503 jacen-

528 1536 635 1580 tem
657 1566 672 1589 ,
718 1528 818 1581 iste
862 1537 916 1582 et
946 1528 1041 1581 illo
1070 1528 1238 1581 multo
1282 1527 1529 1581 miserior
1553 1536 1609 1581 et
1637 1526 1935 1589 infelicior,
1966 1525 2108 1595 quod

526 1619 789 1672 bonorum
820 1634 1039 1673 suorum
1069 1618 1273 1673 nullum
1305 1618 1498 1673 habeat
1522 1632 1762 1672 sensum.
1794 1616 1948 1683 Quod
1990 1618 2109 1686 qui-

526 1709 648 1762 dem
679 1710 731 1763 in
760 1709 842 1763 bis
867 1724 1079 1780 quoque
1105 1709 1288 1764 videre
1317 1709 1443 1763 licet
1470 1708 1715 1763 accidere
1740 1726 1752 1760 :
1778 1707 1918 1760 unde
1946 1707 2108 1759 etiam

528 1807 634 1851 tota
669 1809 850 1853 nostra
880 1800 985 1853 vita
1028 1798 1373 1853 confunditur
1416 1806 1474 1851 et
1516 1796 1779 1850 turbatur.
1811 1794 1935 1849 Haec
1963 1796 2106 1849 enim

527 1888 692 1942 verba
721 1888 1140 1942 innumerabiles
1180 1886 1525 1956 perdiderunt
1552 1894 1606 1939 et
1633 1884 1846 1938 diabolo
1880 1884 2108 1938 tradide-

524 1989 671 2045 runt,
692 1988 747 2033 et
767 1980 832 2034 iis
848 1980 934 2048 qui
956 1980 1092 2033 fame
1115 1978 1393 2034 tabescunt
1409 1977 1651 2033 fecerunt
1671 1976 2101 2032 miserabiliores.

526 2067 655 2121 Nam
699 2068 840 2136 quod
869 2070 958 2137 qui
1002 2068 1154 2137 plura
1191 2074 1488 2136 appetunt,
1519 2068 1629 2120 sint
1655 2065 1816 2119 etiam
1848 2065 2106 2121 mendicis

525 2158 967 2221 miserabiliores,
991 2167 1048 2211 ut
1068 2158 1157 2231 qui
1184 2157 1371 2226 majori
1394 2165 1449 2210 et
1463 2153 1657 2211 acriori
1678 2154 1925 2210 laborent
1943 2155 2105 2211 animi

522 2248 863 2316 aegritudine,
890 2248 1014 2302 hinc
1039 2256 1124 2303 est
1152 2248 1514 2318 perspicuum.

597 2338 814 2392 Siccitas
857 2338 1157 2391 Antiochiae.
1185 2366 1257 2377 —-
1286 2336 1565 2391 Civitatem
1620 2343 1858 2391 nostram
1914 2335 2107 2391 invasit

520 2428 794 2499 quondam
818 2428 1048 2495 siccitas,
1068 2437 1121 2483 et
1148 2436 1386 2483 extrema
1406 2426 1662 2482 timebant
1681 2441 1890 2489 omnes,
1906 2427 2103 2480 Deum-

521 2533 629 2587 que
654 2518 932 2586 rogabant,
962 2527 1019 2573 ut
1044 2519 1186 2572 hunc
1216 2529 1416 2572 metum
1446 2517 1679 2571 solveret
1704 2536 1716 2571 :
1742 2526 1797 2570 et
1823 2528 1947 2570 tunc
1978 2518 2104 2571 lice-

522 2611 614 2663 bat
644 2610 824 2664 videre
850 2610 988 2679 quod
1017 2610 1215 2664 dictum
1245 2610 1341 2664 fuit
1380 2624 1409 2662 a
1442 2611 1656 2681 Moyse,
1688 2609 1876 2664 caalum
1904 2608 2103 2663 faetum

522 2716 730 2756 aeneum
758 2702 933 2775 (Deut.
959 2702 1049 2758 28.
1074 2702 1191 2772 23),
1218 2714 1272 2757 et
1290 2704 1527 2774 quotidie
1553 2703 1848 2771 exspectari
1876 2712 2102 2757 mortem

526 2794 671 2845 omni
701 2803 874 2847 morte
902 2796 1222 2863 graviorem.
1259 2794 1361 2850 Sed
1394 2810 1513 2849 cum
1549 2803 1729 2863 postea
1762 2795 1931 2847 visum
1962 2802 2104 2848 esset

520 2882 753 2952 benigno
780 2893 835 2937 et
861 2885 1110 2939 clementi
1140 2886 1268 2949 Deo,
1296 2894 1486 2954 prmtor
1506 2900 1652 2954 spem
1676 2899 1910 2947 omnem,
1938 2885 2102 2938 multa

518 2981 683 3039 atque
711 2972 847 3026 adeo
884 2972 1087 3035 inﬁnita
1117 2990 1183 3029 ex
1212 2976 1322 3029 alto
1352 2976 1545 3030 cecidit
1574 2976 1751 3045 pluvia
1786 2993 1798 3028 :
1832 2985 1887 3030 et
1914 2989 2103 3030 omnes

516 3065 627 3133 jam
646 3063 838 3119 festum
860 3066 1002 3120 diem
1025 3068 1271 3135 agebant,
1292 3076 1561 3136 tamquam
1582 3068 1673 3136 qui
1696 3083 1760 3121 ex
1784 3068 1914 3134 ipsis
1936 3068 2103 3135 portis

520 3155 715 3207 mortis
740 3155 1128 3237 ascendissent.
1159 3156 1263 3210 Sed
1295 3158 1346 3211 in
1380 3157 1538 3211 tantis
1568 3157 1720 3211 bonis
1752 3166 1808 3211 et
1834 3163 2102 3212 communi

516 3246 763 3298 omnium
790 3247 991 3300 laetitia
1034 3246 1247 3315 quidam
1293 3263 1358 3301 ex
1405 3248 1502 3311 iis,
1543 3248 1631 3318 qui
1672 3247 1829 3303 valde
1867 3247 2103 3316 opulenti

516 3345 695 3401 erant,
720 3336 980 3390 circuibat
1011 3346 1233 3393 moestus
1261 3348 1315 3392 ct
1343 3339 1527 3404 tristis,
1557 3353 1666 3407 pro:
1694 3339 1856 3391 animi
1883 3336 2103 3405 mgritu-

525 3424 652 3478 dine
681 3435 924 3479 mortuus
950 3466 964 3491 ,
1010 3437 1064 3481 et
1108 3427 1289 3481 multis
1326 3441 1542 3481 causam
1582 3427 1892 3496 rogantibus
1919 3442 2016 3481 cur
2050 3428 2103 3481 in

519 3518 790 3572 communi
818 3519 1054 3572 omnium
1079 3516 1259 3573 lastitia
1286 3518 1433 3573 solus
1462 3519 1688 3584 doleret,
1721 3532 1788 3572 ue
1815 3519 1955 3571 intus
1981 3519 2103 3588 qui-

514 3609 647 3662 dem
673 3608 949 3663 continere
967 3610 1138 3679 potuit
1160 3609 1297 3664 hanc
1317 3624 1530 3679 gravem
1554 3610 1717 3664 animi
1745 3610 2104 3679 perturbatio—

518 3715 685 3762 nem,
730 3701 822 3755 sed
869 3715 898 3753 a
947 3702 1118 3756 morbi
1166 3713 1393 3770 punctus
1437 3700 1755 3772 tyrannide,
1782 3715 2000 3755 causam
2051 3702 2102 3755 in

520 3791 759 3845 medium
791 3792 1009 3859 protulit
1040 3790 1217 3845 :-Cum
1259 3791 1517 3856 habeam,
1544 3792 1752 3860 inquit,
1799 3790 2106 3846 innumeras

516 3898 809 3938 mensuras
834 3882 1109 3947 frumenti,
1141 3882 1323 3938 nescio
1353 3882 1440 3936 ubi
1469 3882 1585 3937 illas
1607 3882 1894 3951 deponam.
1926 3881 2107 3936 Hunc-

523 3975 684 4040 cine,
716 3974 803 4028 dic
842 3988 1044 4043 quasso,
1078 3988 1176 4043 pro
1220 3973 1305 4027 bis
1346 3972 1523 4027 verbis
1563 3972 1773 4027 beatum
1813 3973 2102 4039 ducemus,

522 4079 623 4133 pro
650 4065 841 4133 quibus
865 4065 1192 4133 oportuisset
1216 4080 1337 4119 eum
1360 4064 1515 4119 obrui
1542 4065 1826 4134 lapidibus,
1849 4065 1937 4134 qui
1962 4073 2105 4120 esset

523 4156 710 4222 quavis
748 4154 863 4210 fera
911 4155 1211 4221 cntdelior,
1258 4155 1351 4226 qui
1379 4157 1849 4211 esset'communis
1893 4156 2105 4211 hostis?

527 4244 662 4311 Quid
693 4244 847 4310 dicis,
879 4257 912 4299 ο
942 4244 1142 4299 homo?
1167 4244 1318 4300 doles
1342 4244 1485 4315 quod
1511 4260 1615 4300 non
1641 4246 1897 4315 perierint
1917 4261 2106 4303 omnes

527 4344 586 4387 ut
607 4350 794 4389 aurum
816 4337 1073 4404 cogeres?
1100 4351 1205 4390 non
1229 4335 1475 4391 audivisti
1498 4337 1623 4405 quid
1644 4337 1787 4392 dicat
1809 4337 2063 4392 Salomon
2090 4357 2103 4393 :

530 4425 631 4490 Qui
670 4425 909 4493 frumenti
947 4436 1097 4495 auget
1134 4428 1347 4494 pretium
1369 4466 1384 4489 ,
1430 4436 1504 4481 est
1542 4429 1733 4494 populo
1770 4429 2108 4483 ατηεν-σπάνι

532 4516 715 4587 (Prov.
747 4516 835 4571 Η.
867 4514 996 4584 26)?
1043 4512 1136 4569 sed
1164 4515 1361 4568 circuis
1400 4516 1700 4569 communis
1732 4514 1987 4570 inimicus
2014 4517 2109 4571 bo—

527 4624 717 4661 norum
742 4606 888 4663 orbis
910 4616 1087 4671 terrm,
1115 4613 1171 4661 et
1197 4604 1366 4659 hostis
1386 4604 1689 4659 liberalitati
1712 4605 1921 4660 Domini
1946 4607 2107 4662 totius

529 4698 735 4761 mundi,
764 4706 818 4751 et
847 4712 1166 4751 mammona:
1193 4696 1418 4762 amicus,
1450 4696 1532 4751 vel
1564 4696 1739 4765 potius
1772 4698 1998 4752 servus?
2022 4699 2106 4753 An

518 4805 638 4843 ~non
690 4787 970 4858 oportebat
1026 4788 1257 4856 linguam
1313 4787 1459 4841 illam
1507 4787 1817 4856 amputari?
1859 4803 1965 4842 non
2014 4804 2108 4844 cor

517 4879 794 4948 exstingui
823 4876 965 4947 quod
998 4876 1113 4929 htec
1139 4874 1297 4929 verba
1326 4877 1646 4944 pepererat?

599 4970 653 5023 8.
700 4969 941 5023 Vidistin’
982 4965 1252 5038 quomodo
1294 4979 1481 5019 aurum
1522 4981 1627 5021 non
1674 4967 1815 5021 sinat
1861 4965 2109 5022 homines

514 5074 649 5113 esse
674 5059 935 5123 homines,
960 5059 1057 5114 sed
1084 5059 1223 5113 feras
1250 5064 1301 5112 et
1327 5057 1598 5111 daemones
1627 5059 1651 5110 ‘l
1678 5056 1815 5124 Quid
1839 5058 1979 5111 enim
2009 5058 2109 5112 hoc

526 5146 880 5205 divitc'fuerit
907 5142 1281 5212 miserabilius,
1315 5146 1575 5217 qui-optat
1601 5146 1836 5215 quotidie
1866 5160 1985 5201 esse
2026 5146 2105 5201 fa-

530 5254 695 5305 mem,
716 5247 785 5291 λιιι
810 5238 860 5290 ei
892 5238 961 5290 sit
989 5253 1173 5293 aurum
1193 5240 1219 5292 τ
1258 5238 1336 5292 Ad
1364 5236 1688 5292 contrarium
1721 5237 1862 5290 enim
1889 5238 1937 5291 ei
1968 5240 2105 5293 redit

529 5330 693 5386 animi
736 5324 1308 5397 perturbatio:neque
1350 5327 1491 5382 enim
1536 5326 1745 5381 ltetatur
1781 5325 2102 5382 abundantia

533 5418 888 5487 possessionis
917 5415 1215 5480 fructuum,
1256 5418 1350 5471 sed
1384 5424 1601 5486 propter
1628 5416 1728 5471 hec
1756 5415 1927 5485 ipsum
1949 5416 2105 5474 dolet

532 5510 676 5579 quod
704 5510 909 5565 infinita
950 5507 1241 5579 possideat.
1275 5507 1434 5577 Atqui
1463 5522 1585 5563 eum
1615 5508 1706 5577 qui
1737 5509 1902 5564 multa
1930 5511 2103 5581 possi-

524 5601 637 5666 det,
683 5601 849 5658 ltetari
890 5605 1101 5673 oportet
1130 5616 1144 5657 ;
1177 5598 1277 5657 iste
1316 5604 1493 5653 autem
1532 5604 1750 5668 propter
1783 5598 1885 5658 hoc
1924 5600 2098 5672 ipsum

1277 238 1332 293 S.
1370 236 1647 294 JOANNIS
1682 231 2151 292 UImYSOSTOMI
2190 232 2501 293 ARCHIEP.
2542 237 3067 299 CONSTANTINOP.

3704 252 3804 313 διδ

2228 348 2408 403 animo
2434 351 2667 421 angitur.
2702 352 2890 407 Viden”
2921 358 3059 424 quod
3079 398 3093 421 ,
3126 358 3262 413 sicut
3288 359 3431 427 dixi,
3462 376 3568 416 non
3602 372 3800 420 tantam

2223 452 2287 490 ex
2321 441 2672 506 praesentibus
2694 444 2962 513 accipiunt
2984 449 3307 517 voluptatem
3328 467 3417 520 qui
3439 462 3564 507 sunt
3586 454 3798 519 divites,

2224 537 2475 595 quantam
2520 533 2686 587 animi
2730 536 2997 589 sustinent
3042 536 3411 606 aquitudinem
3457 557 3521 597 ex
3567 544 3636 598 iis
3683 561 3799 615 quas

2223 620 2456 674 nondum
2504 623 2876 680 advenerunt?
2923 626 3054 681 Nam
3097 630 3187 697 qui
3227 630 3474 687 frumenti
3516 649 3800 691 mensuras

2221 710 2528 779 possidebat
2575 714 2881 773 innumeras
2907 758 2923 782 ,
2955 718 3124 787 magis
3160 719 3375 774 dolebat
3402 732 3455 777 et
3485 724 3799 794 ingemisce-

2219 800 2330 864 bat,
2358 818 2515 872 quam
2541 805 2632 874 qui
2661 808 2931 863 esuriebat
2956 826 2970 863 :
2993 818 3047 862 et
3072 808 3161 878 qui
3191 813 3549 867 necessarium
3581 814 3798 883 quidem

2219 890 2450 947 habebat
2473 895 2806 963 alimentum,
2830 900 3187 955 coronabatur
3210 912 3265 955 et
3290 902 3591 957 exsultabat
3610 915 3666 960 et
3691 907 3800 962 Deo

2217 983 2408 1049 agebat
2427 985 2655 1053 gratias;
2682 989 2771 1056 qui
2792 999 2968 1043 autem
2993 999 3099 1044 tam
3121 992 3283 1044 multa
3308 990 3637 1060 possidebat,
3659 1011 3798 1065 aegre

2218 1068 2444 1138 ferebat,
2466 1082 2521 1128 et
2542 1089 2601 1128 se
2622 1076 2844 1144 periisse
2864 1078 3221 1135 existimabat.
3247 1080 3361 1134 Non
3381 1089 3464 1135 est
3483 1097 3613 1152 ergo
3630 1084 3792 1139 abun-

2217 1161 2397 1217 dantia
2423 1181 2542 1235 quae
2566 1166 2733 1222 efﬁcit
2760 1168 3107 1239 voluptatem,
3141 1172 3236 1226 sed
3264 1188 3414 1228 mens
3440 1174 3795 1244 philosophia:

2216 1253 2414 1308 dedita.
2443 1255 2574 1310 Nam
2600 1258 2801 1329 absque
2821 1275 2886 1315 ea
2912 1261 3119 1315 etiamsi
3147 1264 3408 1332 quispiam
3436 1266 3616 1317 omnia
3644 1279 3795 1319 aocc-

2218 1344 2375 1412 perit,
2409 1354 2679 1415 tamquam
2705 1351 2952 1405 omnibus
2976 1353 3211 1420 privatus
3234 1353 3494 1407 efﬁcietur
3514 1362 3569 1409 et
3592 1354 3796 1410 lamen-

2216 1435 2435 1490 tabitur.
2470 1436 2565 1492 llic
2593 1439 2757 1505 enim,
2790 1440 2858 1495 de
2882 1456 2988 1510 quo
3010 1458 3159 1496 nunc
3183 1444 3376 1512 agitur,
3404 1446 3616 1500 etiamsi
3648 1456 3794 1500 tanto

2213 1537 2415 1593 quanto
2459 1528 2718 1582 voluisset
2760 1532 2932 1598 pretio
2977 1534 3304 1588 vendidisset
3349 1551 3467 1603 qum
3515 1536 3790 1603 habebat,

2212 1632 2394 1671 rursus
2435 1619 2695 1674 doluisset
2727 1622 2869 1690 quod
2909 1638 3013 1677 non
3055 1626 3222 1693 pluris
3262 1626 3594 1683 vendidisset
3624 1649 3638 1683 :
3666 1641 3721 1683 et
3748 1630 3792 1684 si

2214 1707 2382 1774 pluris
2409 1710 2706 1776 potuisset,
2736 1726 2920 1765 rursus
2949 1712 3106 1766 aliam
3132 1716 3466 1782 quaesivisset
3493 1732 3792 1787 exsupera-

2214 1798 2411 1849 tionem
2439 1813 2453 1850 :
2480 1808 2534 1851 et
2559 1800 2602 1851 si
2632 1800 2866 1854 modium
2900 1816 3005 1855 uno
3030 1816 3193 1856 aureo
3222 1804 3677 1873 venumdedisset,
3707 1808 3792 1863 hic

2210 1902 2423 1957 quoque
2471 1904 2658 1945 rursus
2704 1891 2867 1945 animi
2914 1893 3227 1961 egritudine
3275 1893 3461 1948 fuisset
3500 1888 3793 1963 laceratus,

2211 1977 2354 2045 quod
2384 1992 2488 2031 non
2514 1979 2647 2033 tanti
2670 1979 2860 2036 fuisset
2880 1982 3248 2037 semimodius.
3275 1982 3329 2037 Si
3352 1992 3526 2037 autem
3549 1985 3620 2038 ab
3641 1987 3793 2041 initio

2213 2081 2320 2119 non
2356 2068 2486 2121 tanti
2517 2068 2615 2123 fuit
2646 2070 2873 2139 pretium
2895 2112 2911 2135 ,
2944 2086 3012 2126 ne
3039 2072 3268 2126 mireris.
3310 2071 3443 2127 Nam
3470 2082 3522 2128 et
3550 2076 3639 2143 qui
3668 2088 3794 2131 sunt

2209 2156 2367 2221 ebrii,
2398 2173 2503 2211 non
2526 2160 2594 2213 ab
2615 2161 2767 2214 initio
2791 2162 3163 2229 incenduntur,
3186 2163 3279 2218 sed
3299 2180 3418 2218 cum
3444 2166 3795 2223 multo'mero

2210 2244 2412 2301 fuerint
2438 2248 2662 2316 impleti,
2696 2258 2822 2303 tunc
2842 2252 3139 2319 graviorem
3166 2254 3467 2307 accendunt
3492 2255 3785 2311 ﬂammant.

2210 2336 2352 2405 Ergo
2376 2337 2463 2390 isti
2490 2352 2703 2407 quoque
2727 2353 2834 2408 quo
2861 2338 3011 2407 plura
3058 2340 3253 2394 fuerint
3288 2342 3549 2410 complexi
3574 2386 3589 2408 ,
3628 2361 3695 2400 eo
3735 2349 3791 2401 in

2209 2426 2397 2495 majori
2438 2436 2564 2481 sunt
2598 2428 2774 2498 inopia
2798 2446 2813 2481 :
2836 2439 2890 2483 et
2919 2428 3007 2499 qui
3031 2429 3181 2498 plura
3212 2430 3521 2495 lucramur,
3555 2433 3587 2484 ii
3618 2437 3793 2503 magis

2208 2526 2384 2587 egent.
2416 2518 2539 2573 Haec
2563 2530 2738 2574 autem
2760 2536 2790 2575 a
2812 2535 2899 2575 me
2925 2535 3028 2574 nou
3052 2522 3223 2576 solum
3251 2522 3325 2576 illi
3351 2523 3491 2576 dicta
3517 2534 3661 2585 sunt.
3690 2528 3792 2579 sed

2208 2611 2493 2680 unicuique
2520 2627 2706 2667 eorum
2730 2614 2819 2682 qui
2848 2614 2948 2669 hoc
2974 2615 3160 2669 morbo
3188 2615 3448 2681 laborant,
3479 2625 3533 2670 et
3558 2632 3792 2671 annonze

2208 2703 2436 2771 pretium
2466 2713 2678 2771 augent,
2705 2707 3055 2774 proximoque
3082 2717 3368 2775 procurant
3395 2723 3787 2779 paupertatem.

2208 2792 2558 2862 Benignitatis
2583 2795 2727 2847 enim
2756 2803 2809 2847 et
2828 2795 3180 2853 humanitatis
3210 2811 3470 2866 nusquam
3502 2800 3641 2868 apud
3669 2801 3792 2854 illos

2207 2892 2291 2937 est
2312 2894 2481 2950 ratio;
2503 2884 2598 2939 sed
2623 2886 2816 2955 ubique
2839 2887 3075 2954 pecunia:
3090 2902 3243 2940 amor
3260 2888 3523 2942 venalium
3544 2901 3793 2959 tempore

2208 2975 2406 3029 multos
2427 2976 2690 3044 exagitat,
2726 2990 2788 3030 ac
2816 2975 3139 3032 frumentum
3167 2986 3222 3031 et
3246 2978 3425 3031 vinum
3457 2979 3544 3033 ille
3568 2982 3791 3049 quidem

2207 3066 2387 3131 citius,
2411 3064 2497 3118 hic
2516 3079 2644 3119 vero
2659 3068 2840 3120 vendit
2861 3067 3060 3121 tardius
3079 3084 3094 3132 ;
3120 3077 3307 3121 neuter
3320 3079 3498 3122 autem
3516 3068 3585 3121 ob
3605 3084 3790 3124 curam

2209 3171 2366 3225 quam
2396 3154 2623 3224 publica:
2650 3155 2723 3207 rei
2750 3165 2919 3224 gerat,
2948 3156 3041 3209 sed
3073 3157 3163 3210 ille
3190 3157 3404 3226 quidem
3437 3165 3491 3210 ut
3525 3158 3671 3225 plura
3698 3173 3794 3212 ac—

2210 3247 2397 3315 cipiat,
2427 3244 2514 3299 hic
2538 3254 2715 3299 autem
2743 3260 2812 3299 ne
2839 3246 3116 3314 pauciora.
3146 3246 3223 3300 sic
3250 3255 3454 3300 mutato
3484 3245 3679 3301 fructu.

2281 3337 2564 3388 Avarorum
2599 3335 2862 3388 tenacitas.
2884 3333 3104 3388 —Nam
3142 3336 3393 3402 quoniam
3433 3336 3616 3404 plures
3656 3336 3796 3404 legis

2211 3427 2306 3482 Dei
2347 3440 2597 3495 magnam
2645 3442 2751 3479 non
2784 3424 3039 3479 habentes
3068 3426 3331 3479 rationem
3352 3466 3368 3489 ,
3400 3427 3575 3479 omnia
3609 3436 3795 3480 tenent

2210 3518 2354 3571 intus
2382 3517 2585 3570 inclusa
2612 3533 2626 3580 ;
2674 3515 2831 3569 aliter
2858 3530 2953 3571 eos
2980 3515 3122 3570 Deus
3150 3515 3421 3570 adducens
3449 3515 3518 3569 ad
3545 3516 3794 3585 benigni-

2210 3616 2375 3661 tatem
2417 3616 2472 3660 et
2499 3606 2878 3660 humanitatem
2899 3645 2915 3672 ,
2957 3615 3016 3660 ut
3040 3606 3121 3660 vel
3152 3622 3217 3660 ex
3248 3605 3563 3660 necessitate
3586 3606 3792 3676 aliquid

2212 3696 2337 3750 boni
2358 3696 2574 3761 faciant,
2592 3696 2811 3764 majoris
2831 3695 3011 3749 damni
3034 3695 3422 3764 iujicitmetum
3445 3712 3458 3749 :
3480 3711 3584 3750 non
3607 3698 3793 3751 sinens

2209 3787 2264 3841 in
2293 3786 2521 3839 multum
2552 3794 2760 3853 tempus
2788 3784 2981 3838 durare
3003 3786 3205 3838 fructus
3228 3794 3401 3849 terrae,
3428 3793 3485 3838 ut
3505 3786 3694 3840 saltem
3720 3800 3793 3841 ex

2208 3893 2397 3933 eorum
2427 3878 2775 3945 corruptione
2818 3876 3069 3930 damnum
3116 3877 3398 3939 timentes,
3428 3890 3490 3930 ea
3522 3877 3607 3930 vel
3639 3878 3791 3932 inviti

2210 3969 2424 4023 tradant
2452 3969 2759 4037 egentibus,
2800 3982 2918 4037 quae
2956 3968 3102 4021 domi
3142 3966 3339 4021 infossa
3370 3966 3508 4021 male
3551 3978 3789 4023 servant.

2214 4062 2408 4115 Verum
2451 4068 2570 4128 post
2609 4058 2724 4113 hmc
2766 4059 2927 4113 etiam
2970 4068 3093 4112 sunt
3129 4058 3343 4127 quidam
3373 4058 3507 4112 adeo
3545 4060 3790 4128 inexple-

2210 4152 2367 4217 biles,
2391 4161 2535 4206 utne
2556 4151 2681 4206 hinc
2698 4148 2910 4220 quidem
2933 4148 3279 4219 castigentur.
3297 4147 3441 4202 Multi
3461 4158 3608 4203 certe
3628 4152 3791 4205 etiam

2211 4243 2414 4312 integra
2454 4241 2595 4295 dolia
2639 4240 3047 4305 exinanierunt,
3088 4249 3144 4294 et
3181 4252 3248 4293 ne
3284 4238 3534 4309 cyathum
3572 4240 3791 4307 quidem

2210 4333 2430 4403 pauperi
2459 4332 2754 4393 dederunt,
2785 4344 2884 4384 nec
2910 4329 3151 4398 pecunia:
3180 4328 3445 4382 tantillum
3474 4330 3790 4409 egentibus,

2211 4434 2418 4478 acetum
2452 4432 2628 4477 autem
2660 4438 2725 4476 ex
2752 4423 2876 4474 vino
2905 4420 3103 4495 factum
3132 4428 3298 4474 totum
3332 4416 3750 4490 humi'jecerunt
3772 4458 3790 4485 ,

2212 4512 2460 4581 doliaque
2504 4527 2599 4566 sua
2644 4510 2802 4564 simul
2842 4524 2963 4563 cum
2992 4508 3115 4563 vino
3142 4522 3448 4579 corrupere.
3476 4511 3577 4565 Alii
3610 4520 3791 4563 autem

2212 4621 2399 4659 rursus
2428 4619 2549 4658 cum
2581 4618 2647 4658 ne
2671 4603 2827 4657 offam
2854 4602 3070 4672 quidem
3098 4603 3356 4658 esurienti
3382 4602 3788 4670 impertiissent,

2213 4696 2449 4764 integras
2481 4693 2729 4748 frumenti
2770 4707 2956 4762 capsas
2999 4696 3051 4749 in
3084 4693 3298 4747 ﬂuvium
3326 4692 3670 4761 projecerunt
3695 4708 3710 4745 :
3734 4700 3793 4746 et

2211 4786 2463 4855 quoniam
2493 4784 2657 4838 Deum
2684 4798 2791 4838 non
2820 4784 3103 4837 audierunt
3121 4783 3398 4852 jubentem
3424 4779 3553 4832 dare
3579 4783 3787 4849 egenis,

2209 4876 2429 4946 jubente
2454 4874 2593 4930 tinea
2614 4876 2697 4931 vel
2724 4875 2873 4929 inviti
2899 4873 3153 4943 quidquid
3181 4878 3297 4923 erat
3323 4869 3464 4922 intus
3487 4868 3793 4925 effuderunt

2211 4968 2276 5021 ad
2305 4968 2526 5021 exitium
2554 4977 2609 5022 et
2637 4977 2934 5021 extremum
2974 4961 3249 5015 interitum
3274 5000 3291 5025 ,
3323 4960 3546 5014 multum
3572 4961 3790 5031 quidem

2212 5062 2377 5114 risum
2403 5101 2418 5126 ,
2461 5060 2657 5113 multas
2702 5066 2879 5110 autem
2926 5051 3323 5106 exsecrationes
3352 5050 3403 5105 in
3432 5065 3587 5107 suum
3630 5057 3792 5117 caput

2210 5151 2369 5204 simul
2396 5166 2517 5204 cum
2559 5149 2659 5201 hoc
2689 5146 2886 5200 damno
2911 5140 3261 5197 attrahentes.
3294 5141 3361 5196 Et
3388 5156 3508 5211 qum
3540 5140 3627 5193 hic
3664 5137 3787 5207 qni-

2207 5242 2333 5296 dem
2362 5242 2494 5295 ﬁunt
2520 5247 2648 5294 sunt
2686 5233 2948 5305 ejusmodi
2981 5251 2994 5286 :
3023 5249 3141 5302 qua:
3165 5244 3342 5290 autem
3371 5234 3511 5297 illic,
3539 5245 3788 5300 quaenam

2210 5332 2489 5402 explicarit
2516 5326 2735 5383 oratio?
2782 5325 2930 5383 Sicut
2970 5326 3113 5381 enim
3141 5326 3227 5380 isti
3257 5340 3287 5379 a
3317 5325 3461 5379 tinea
3488 5334 3708 5375 exesum
3733 5332 3791 5377 et

2208 5421 2399 5476 inutile
2443 5417 2709 5472 redditum
2747 5414 3072 5471 frumentum
3113 5416 3167 5470 in
3205 5414 3395 5470 ﬂuvios
3436 5410 3639 5479 iaciunt
3667 5424 3681 5464 :
3707 5410 3792 5466 sic

2209 5523 2307 5564 eos
2325 5508 2414 5577 qui
2439 5506 2555 5560 haec
2580 5504 2843 5575 fecerunt,
2868 5516 3086 5578 propter
3106 5505 3211 5561 hoc
3235 5504 3409 5574 ipsum
3428 5497 3643 5554 inutiles
3668 5502 3796 5555 red-

2209 5600 2374 5667 ditos,
2401 5596 2614 5669 proiicit
2640 5597 2781 5659 Deus
2808 5600 2863 5659 in
2887 5598 3107 5657 ﬂuvium
3136 5595 3295 5668 ignis.
3322 5592 3470 5654 Sicut
3495 5591 3641 5651 enim
3666 5594 3790 5651 fru-
