4076 6336
181 391 290 449 διδ

166 503 526 569 σι’-λωτοῦντα,
573 503 1063 577 δορυφορούμενον,
1114 508 1351 570 κόλακας
1394 508 1583 577 ἔχοντα
1618 506 1745 559 πολ-

169 590 315 656 λοὺς,
374 593 451 665 μὴ
503 595 842 668 καταπέσῃς,
913 596 1051 650 ἀλλά
1116 597 1393 663 στέναξον,
1457 597 1744 667 δάκρυσον,

164 683 552 751 παρακάλεσον
596 685 687 739 τὸν
718 685 871 750 Θεὸν,
902 686 1042 740 ὥστε
1080 687 1245 740 αὐτὸν
1287 688 1367 749 είς
1399 688 1525 751 τοὺς
1562 687 1747 756 φίλους

163 773 490 839 κατατάξαι·
520 775 614 828 καὶ
636 777 748 845 ὅσῳ
772 776 836 829 ἀν
861 772 921 831 εὖ
951 777 1166 849 πράττῃ
1186 776 1377 846 ἐχθρὸς
1395 774 1492 837 ὢν,
1508 775 1747 846 τοσούτῳ

164 862 329 915 αὐτὸν
360 863 559 931 μᾶλλον
590 865 881 934 πένθησον.
914 866 1054 928 Τοὺς
1098 867 1206 935 γὰρ
1260 865 1617 935 ἁμαρτωλοὺς
1659 867 1746 919 ἀεὶ

168 952 269 1022 μέν
311 951 532 1024 θρηνεῖν
560 954 661 1019 δεῖ,
706 955 940 1024 μάλιστα
987 956 1045 1008 δὲ
1082 956 1211 1008 ὅταν
1251 957 1344 1008 καὶ
1380 955 1608 1009 πλούτου
1651 956 1745 1008 καὶ

164 1040 371 1112 πολλῆς
397 1044 744 1097 ἀπολαύωσιν
766 1045 1087 1115 εὐημερίας,
1114 1044 1363 1115 καθάπερ
1383 1045 1510 1108 τοὺς
1528 1044 1737 1098 νοσοῦν-

164 1146 283 1196 τας,
312 1130 443 1184 ὅταν
466 1132 869 1203 γαστρίζωνται
905 1135 1000 1187 καὶ
1028 1134 1319 1204 μεθύωσιν.
1369 1135 1507 1187 Ἀλλ’
1534 1135 1639 1187 είσί
1664 1152 1744 1187 τι-

162 1239 275 1287 νες,
316 1224 366 1276 οἶ
406 1226 499 1278 καὶ
535 1226 740 1279 τούτων
786 1228 1074 1288 ἀκούοντες
1106 1226 1215 1279 τῶν
1254 1227 1536 1297 ῥημάτων,
1569 1226 1743 1290 οὕτως

162 1313 366 1377 ἀθλίως
407 1315 727 1379 διάκεινται,
766 1316 842 1380 ῶς
877 1317 1155 1380 στενάζειν
1184 1317 1268 1382 ἐφ’
1300 1319 1515 1380 ἑαυτοῖς
1547 1317 1742 1385 πικρὸν

165 1406 259 1458 καὶ
287 1406 491 1475 λέγειν,
526 1408 607 1460 ὅτι
638 1407 901 1475 Δακρύων
932 1408 1080 1472 άξιος
1127 1408 1238 1475 ἐγὼ
1286 1412 1315 1462 6
1372 1410 1539 1479 μηδὲν
1578 1410 1739 1479 ἔχων.

164 1495 363 1559 Καλῶς
404 1492 579 1561 εἶπες,
618 1497 677 1551 '0
714 1498 880 1569 μηδὲν
926 1499 1083 1568 ἔχων,
1119 1501 1218 1552 οὐκ
1252 1499 1439 1570 ἐπειδὴ
1472 1500 1571 1553 οὐκ
1597 1499 1742 1570 ἔχεις

163 1585 306 1657 άπερ
330 1589 557 1652 ἐκεῖνος,
590 1588 704 1642 ἀλλ’
735 1590 921 1658 ἐπειδὴ
947 1590 1283 1660 μακαριστὸν
1307 1590 1369 1643 τὸ
1399 1593 1631 1661 πρᾶγμα
1656 1607 1743 1643 νο-

165 1676 345 1746 μίζεις
370 1695 386 1709 '
438 1678 518 1732 διὸ
562 1678 657 1732 καὶ
689 1678 896 1750 μυρίων
925 1679 1073 1744 άξιος
1101 1680 1167 1732 ἂν
1202 1679 1320 1750 εῐης
1356 1680 1590 1750 θρήνων.
1631 1682 1741 1734 Καὶ

162 1764 270 1834 γάρ
310 1764 365 1815 εῐ
390 1781 474 1829 τις
502 1767 559 1818 ἐν
581 1766 739 1837 ὐγείᾳ
773 1766 882 1830 ζῶν
906 1766 1202 1837 μακαρίζοι
1235 1768 1326 1821 τὸν
1354 1766 1741 1838 ἀρρωστοῦντα

162 1851 256 1906 καὶ
282 1853 342 1905 ἐν
365 1852 583 1923 μαλακῇ
604 1856 863 1925 στρωμνῇ
892 1854 1307 1923 κατακείμενον,
1331 1857 1538 1909 ἐκείνου
1561 1855 1739 1926 πολλῷ

158 1942 633 2014 ταλαιπωρότερος
656 1944 749 1997 καὶ
763 1944 1090 2012 ἀθλιώτερος
1108 1938 1283 2008 οὗτος,
1301 1948 1382 2000 ὅτι
1405 1946 1511 2000 τῶν
1526 1946 1738 1999 οίκείων

158 2033 385 2103 ἀγαθῶν
414 2035 667 2105 οὐδεμίαν
706 2035 958 2106 αίσθησιν
990 2037 1126 2106 ἔχει.
1166 2038 1230 2089 Ὃ
1273 2037 1337 2105 δὴ
1371 2039 1465 2089 καὶ
1494 2039 1586 2090 ἐπὶ
1617 2038 1740 2090 τού-

157 2139 267 2178 των
324 2123 472 2177 ἔστιν
520 2125 647 2178 ίδεϊν
695 2125 1027 2195 συμϐαῖνον·
1058 2125 1179 2178 ὅθεν
1235 2126 1327 2178 καὶ
1369 2128 1397 2179 6
1432 2125 1544 2194 βίος
1583 2127 1738 2197 ἡμῶν

158 2214 307 2278 ἅπας
339 2216 670 2285 συγκέχυται
699 2216 793 2268 καὶ
818 2216 1170 2285 τετάρακται.
1203 2214 1388 2267 Ταῦτα
1417 2216 1524 2285 γάρ
1550 2218 1616 2270 τὰ
1640 2217 1738 2286 ρή-

161 2320 312 2372 ματα
361 2304 590 2373 μυρίους
634 2302 904 2368 ἀπώλεσε,
935 2305 1029 2357 καὶ
1066 2302 1145 2373 τῷ
1173 2304 1402 2373 διαϐόλῳ
1438 2304 1735 2373 προέδωκε,

157 2393 251 2446 καὶ
296 2391 406 2445 τῶν
451 2392 593 2463 λιμῷ
638 2393 953 2463 τηκομένων
1004 2392 1406 2463 ἐλεεινοτέρους
1457 2394 1733 2464 ἐποίησεν.

158 2482 281 2537 Ὀτι
304 2482 415 2550 γὰρ
436 2482 588 2537 οίτοῦ
614 2484 854 2549 πλείονος
882 2484 1181 2554 ἐφιέμενοι,
1200 2478 1345 2538 οὗτοι
1366 2485 1583 2537 καὶτῶν
1610 2500 1739 2554 προσ

157 2574 489 2629 σαιτούντων
506 2577 642 2628 εἰσὶν
659 2575 997 2646 ἀθλιώτεροι,
1024 2576 1119 2629 άτε
1138 2576 1232 2628 καὶ
1256 2577 1462 2645 μείζονι
1488 2578 1584 2629 καὶ
1622 2576 1737 2644 δρι-

158 2664 373 2737 μυτέρα
397 2666 605 2742 άθμμίᾳ
639 2667 843 2718 τούτων
869 2668 1244 2737 κατεχόμενοι,
1275 2668 1434 2737 δῆλον
1461 2668 1732 2724 ἐντεῦθεν.

226 2757 451 2826 Δύχμδς
484 2756 752 2813 κατέλαϐέ
792 2773 922 2809 ποτε
964 2758 1063 2827 τὴν
1104 2758 1255 2810 πόλιν
1296 2760 1394 2829 τὴν
1437 2760 1734 2831 ἡμετέραν,

154 2848 251 2903 καὶ
278 2848 485 2911 πάντες
516 2848 745 2919 ἔτρεμον
778 2848 919 2918 ὑπὲρ
938 2848 1046 2901 τῶν
1074 2849 1334 2917 ἐσχάτων,
1363 2852 1454 2903 καὶ
1486 2852 1577 2905 τὸν
1604 2852 1736 2904 Θεὸν

154 2939 501 3010 παρεκάλουν
533 2940 691 2992 λῦσαι
714 2940 859 2991 τουτί
879 2940 938 2991 τὸ
971 2938 1107 3003 δέος’
1140 2941 1234 2992 καὶ
1260 2937 1329 3011 ἦν
1358 2942 1485 2994 ἰδεῖν
1524 2942 1643 2994 τότε
1675 2942 1737 2995 τὸ

155 3030 261 3081 ὑπὸ
290 3030 572 3091 Μωῦσέως
598 3027 903 3098 εἰρημένον,
934 3028 1171 3097 χαλκοῦν
1199 3030 1291 3083 τὸν
1324 3032 1382 3082 οὐ
1394 3032 1551 3101 ρανὸν
1578 3050 1737 3099 γεγε-

154 3122 411 3190 νημένον,
453 3123 547 3175 καὶ
586 3120 815 3175 θάνατον
848 3120 953 3173 τῶν
996 3122 1250 3174 ἀπάντων
1292 3122 1537 3176 θανάτων
1581 3124 1738 3192 χαλε-

154 3208 407 3279 πώτερον
447 3209 569 3262 καθ’
598 3210 835 3279 ἑκάστην
870 3208 1321 3279 προσδοκώμενον
1356 3211 1454 3280 τὴν
1499 3214 1731 3281 ἡμέραν.

164 3297 308 3350 Ἀλλ’
334 3296 579 3368 ὕστερον,
606 3297 765 3361 δόξαν
801 3297 876 3368 τῷ
905 3298 1274 3368 φιλανθρώπῳ
1314 3300 1453 3369 Θεῷ,
1493 3302 1621 3370 παρ’
1649 3303 1737 3353 ἐλ-

152 3391 283 3445 πίδα
309 3390 527 3444 ἃπασαν
562 3391 730 3453 πολὺς
765 3390 1097 3459 κατεφέρετο
1135 3390 1231 3443 καὶ
1272 3393 1499 3463 ἄπειρος
1530 3396 1736 3449 ἄνωθεν

150 3483 328 3547 ὑετὸς,
377 3483 471 3534 καὶ
510 3483 711 3546 πάντες
750 3484 808 3537 ἐν
845 3482 1148 3552 πανηγύρει
1182 3484 1277 3537 καὶ⁸
1323 3487 1484 3556 ἑορτῇ
1530 3488 1733 3550 λοιπὸν,

151 3572 247 3627 ἀτε
287 3570 349 3634 ἐξ
396 3570 572 3623 αὐτῶν
610 3570 909 3632 ἀναϐάντες
951 3570 1061 3623 τῶν
1108 3570 1201 3623 τοῦ
1242 3572 1474 3626 θανάτου
1529 3575 1731 3630 πυλῶν.

154 3658 307 3735 [574]
342 3660 482 3712 Ἀλλ’
502 3661 561 3712 ἐν
578 3660 850 3723 τοσούτοις
872 3659 1098 3726 ἀγαθοῖς
1128 3660 1221 3714 καὶ
1242 3665 1306 3731 τῇ
1330 3667 1480 3732 κοινῇ
1515 3666 1735 3719 πάντων

152 3747 484 3818 εὐφροσύνῃ,
514 3748 622 3801 τῶν
660 3748 1107 3812 ζαπλουτούντων
1137 3768 1220 3813 τις
1254 3753 1463 3806 τούτων
1507 3756 1733 3823 στυγνὸς

152 3842 245 3895 καὶ
269 3840 542 3909 κατηφὴς,
572 3839 959 3909 ἀποτεθνηκὼς
987 3840 1093 3893 ὑπὸ
1116 3841 1213 3910 τῆς
1234 3842 1473 3913 ἀθυμίας
1495 3847 1731 3918 περιῄει,

152 3930 246 3983 καὶ
279 3928 491 3981 πολλῶν
520 3930 619 3999 τὴν
645 3929 822 3983 αἰτίαν
858 3930 1298 4002 πυνθανομένων,
1331 3931 1399 3985 δι’
1455 3935 1521 4006 ἣν
1563 3938 1623 3989 ἐν
1664 3941 1729 4007 τῇ

150 4023 305 4090 κοινῇ
351 4020 569 4073 πάντων
615 4020 918 4091 ἀνθρώπων
962 4021 1125 4094 ἡδονῇ
1172 4025 1332 4094 μόνος
1386 4028 1562 4096 ἀλγεῖ,
1613 4030 1733 4083 οὐδὲ

151 4114 449 4181 κατασχεῖν
478 4110 623 4164 ἔνδον
654 4112 841 4179 ἴσχυσε
868 4113 929 4164 τὸ
953 4114 1187 4182 χαλεπὸν
1212 4116 1369 4169 τοῦτο
1398 4119 1590 4183 πάθος,
1616 4121 1731 4172 ἀλλ’

153 4202 255 4256 ὑπὸ
288 4202 390 4271 τῆς
417 4201 727 4271 τυραννίδος
759 4202 854 4255 τοῦ
886 4204 1189 4273 νοσήματος
1235 4207 1613 4277 κεντούμενος,
1652 4212 1732 4273 είς

153 4291 315 4362 μέσον
348 4291 610 4359 ἐξήνεγκε
640 4291 737 4362 τὴν
763 4292 961 4345 αἰτίαν⁸
995 4294 1179 4364 Μυρία
1214 4296 1322 4365 γάρ
1361 4298 1534 4368 μέτρα
1581 4300 1728 4352 σίτου

150 4384 509 4454 κεκτημένος,
551 4386 735 4455 φησὶν,
774 4385 873 4438 οὐκ
914 4384 1019 4455 έχω
1073 4387 1191 4449 πῶς
1245 4386 1515 4459 διάθωμαι
1558 4391 1731 4444 ταῦτα

149 4469 488 4544 λοιπόν.⁷Αρ“
518 4471 611 4528 οὖν
636 4474 829 4528 τοῦτον
859 4473 1259 4547 μακαριοῦμεν,
1293 4480 1415 4531 εἰπέ
1446 4497 1557 4548 μοι,
1590 4482 1730 4551 ὑπὲρ

148 4564 352 4619 τούτων
394 4564 503 4618 τῶν
546 4564 828 4635 ῥημάτων,
858 4566 997 4636 ὑπὲρ
1027 4562 1101 4620 ὧν
1136 4567 1529 4622 καταλεύεσθαι
1566 4572 1729 4624 αὐτὸν

150 4658 275 4721 ἔδει,
296 4656 392 4708 τὸν
415 4654 603 4724 θηρίου
629 4661 829 4718 παντὸς
852 4656 1149 4727 ὠμότερον,
1178 4658 1269 4709 τὸν
1292 4660 1471 4712 κοινὸν
1502 4661 1725 4732 ἐχθρόν;

149 4747 212 4800 τί
244 4747 447 4813 λέγεις,
471 4744 723 4813 ἄνθρωπε
745 4762 759 4808 ;
783 4747 965 4814 ἀλγεῖς
993 4748 1073 4800 ὅτι
1100 4749 1175 4817 μὴ
1204 4750 1403 4813 πάντες
1425 4751 1725 4815 ἀπώλοντο,

152 4836 233 4888 ινα
278 4837 343 4889 σὺ
384 4836 694 4905 συναγάγῃς
726 4845 981 4905 χρυσιον;
1018 4838 1117 4890 οὐκ
1147 4839 1388 4908 ἡκουσας
1428 4842 1480 4892 τί
1509 4860 1671 4911 φησιν
1700 4840 1727 4893 6

152 4922 427 4991 Σολομῶν,
479 4922 531 4973 '0
580 4922 939 4990 ειμιουλκῶν
970 4924 1163 4991 σῖτον,
1205 4926 1725 4997 δημοκατάρατος;

151 5012 280 5065 ἀλλά
331 5012 600 5082 περιέρχῃ
651 5011 828 5072 κοινὸς
871 5013 1064 5082 ἐχθρὸς
1107 5012 1214 5066 τῶν
1255 5020 1351 5087 τῆς
1402 5021 1729 5089 οἰκουμένης

151 5104 390 5172 ἀγαθῶν,
417 5107 510 5157 καὶ
540 5108 603 5174 τῇ
633 5104 911 5173 φιλοτιμίᾳ
930 5104 1022 5156 τοῦ
1046 5108 1316 5160 Δεσπότου
1343 5111 1441 5179 τῆς
1473 5112 1727 5180 οἰκουμέ-

152 5210 244 5264 νης
269 5193 550 5262 πολέμιος,
578 5195 673 5247 καὶ
700 5194 794 5247 τοῦ
828 5196 1065 5263 μαμωνᾶ
1098 5195 1269 5262 φίλος,
1293 5199 1494 5266 μᾶλλον
1524 5202 1579 5253 δε
1604 5201 1728 5253 δοῦ-

153 5281 268 5347 λοςς
293 5284 370 5335 Οὐ
394 5285 505 5353 γὰρ
533 5284 832 5353 ἐκκοπῆναι
860 5285 957 5353 τὴν
985 5284 1231 5352 γλῶτταν
1258 5287 1473 5355 ἐκείνην
1497 5289 1634 5354 ἔδει;
1665 5294 1725 5344 οὐ

155 5376 255 5443 γάρ
290 5371 587 5442 σϐεσθῆναι
624 5374 724 5444 τὴν
760 5375 983 5446 καρδίαν
1015 5374 1112 5444 τὴν
1150 5377 1324 5427 ταῦτα
1361 5378 1627 5431 τεκοῦσαν
1659 5382 1729 5434 τά

161 5461 373 5530 ῥήματα
390 5476 406 5521 ;

220 5559 291 5621 η’.
328 5546 484 5613 Εἶδες
510 5551 627 5614 πῶς
657 5551 759 5605 οὐκ
790 5553 1012 5624 ἀφίησιν
1060 5551 1381 5623 ἀνθρώπους
1415 5552 1556 5609 εἶναι
1601 5560 1727 5622 τοὺς

156 5641 473 5713 ἀνθρώπους
515 5642 577 5695 τὸ
604 5644 848 5713 χρυσίον,
876 5645 1012 5699 ἀλλά
1038 5644 1201 5715 θηρία
1230 5645 1323 5697 καὶ
1342 5645 1630 5715 δαίμονας;
1662 5650 1726 5701 Τί

161 5729 263 5801 γὰρ
293 5731 359 5785 ἂν
389 5729 579 5785 τούτου
620 5730 816 5796 γένοιτ’
837 5731 903 5787 ἂν
937 5733 1292 5806 ἐλεεινότερον
1320 5733 1415 5788 τοῦ
1447 5736 1720 5808 πλουσίου,

1180 388 1247 447 ΙΝ
1285 386 1552 449 EPISTJ
1613 391 1704 447 AD
1737 388 1899 449 COR.
1950 392 2191 450 HOMIL.
2233 392 2473 455 XXXIX.

3324 401 3432 458 ΞΗ

1860 506 1959 559 τοῦ
1989 508 2111 561 καθ’
2142 510 2378 581 ἑκάστην
2405 509 2619 581 ἡμέραν
2644 508 2937 581 εὐχομένου
2973 511 3223 579 γενέσθαι
3255 513 3413 584 λιμὸν

1863 598 1951 651 ἴνα
1979 600 2128 670 αὐτῷ
2159 601 2384 671 γένηται
2427 602 2686 671 χρυσίον;
2727 602 2836 654 Καὶ
2872 603 2980 673 γάρ
3011 605 3091 666 είς
3129 605 3435 671 τούναντίον

1859 688 2009 759 αὐτῷ
2044 688 2107 742 τὸ
2142 690 2313 754 πάθος
2359 691 2707 760 περιίσταται
2726 689 2931 744 λοιπόνο
2959 692 3078 745 οὐδὲ
3114 693 3221 764 γάρ
3253 695 3435 764 χαίρει

1857 782 1923 847 τῇ
1951 778 2188 851 ἀφθονίᾳ
2229 781 2327 849 τῆς
2352 780 2460 833 τῶν
2490 780 2719 850 καρπῶν
2746 782 3011 850 κτήσεως,
3043 783 3179 835 ἀλλά
3209 784 3278 836 δι’
3305 786 3438 838 αὐτὸ

1856 870 1957 937 μὲν
2005 852 2100 923 οῦν
2149 869 2309 923 τοῦτο
2352 870 2511 937 ἀλγεῖ
2540 870 2743 934 λοιπὸν,
2776 870 2858 922 ὅτι
2900 870 3102 941 ἄπειρα
3147 873 3432 942 κέκτηται.

1854 957 2046 1010 Καίτοι
2074 959 2164 1012 τὸν
2197 958 2367 1012 πολλά
2405 959 2742 1029 κεκτημένον
2779 960 2989 1030 χαίρειν
3028 958 3132 1014 ἔδει
3151 977 3163 989 ·
3191 955 3346 1026 οὗτος
3377 965 3435 1017 δέ

1851 1046 1920 1099 δι’
1963 1047 2094 1100 αὐτὸ
2139 1047 2297 1101 τοῦτο
2352 1049 2570 1119 ἀθυμεῖ.
2614 1050 2775 1119 Ὁρᾷς
2816 1051 2914 1112 ὅτι,
2953 1050 3090 1120 ὅπερ
3127 1050 3330 1118 ἔλεγον,
3370 1052 3432 1105 οὐ

1850 1136 2122 1207 τοσαύτην
2148 1137 2256 1191 ἀπὸ
2280 1137 2389 1191 τῶν
2415 1138 2699 1209 παρόντων
2734 1137 3069 1206 καρποῦνται
3108 1139 3207 1209 τὴν
3236 1139 3435 1210 ἡδονὴν

1848 1228 1899 1279 οί
1927 1226 2307 1290 πλουτοῦντες,
2341 1229 2473 1297 ὅσην
2513 1228 2622 1280 ἀπὸ
2658 1228 2768 1280 τῶν
2809 1228 3034 1298 μηδέπω
3062 1243 3429 1301 προσγεγενη-

1852 1316 2032 1386 μένων
2062 1318 2394 1386 ὑπομένουσι
2418 1317 2517 1387 τὴν
2538 1316 2808 1386 ἀθυμίαν;
2844 1317 2902 1369 Ὀ
2929 1318 3038 1389 γάρ
3062 1319 3209 1371 σίτου
3236 1321 3429 1390 μυριά-

1847 1407 1947 1471 δας
1974 1408 2239 1477 ἀπείρους
2272 1408 2610 1477 κεκτημένος
2642 1408 2735 1460 τοῦ
2764 1409 3056 1472 πεινῶντος
3090 1408 3291 1478 μᾶλλον
3330 1410 3432 1481 ἡλ-

1850 1510 1953 1562 γει.
1980 1495 2074 1547 καὶ
2113 1495 2319 1547 ἔστενε·
2349 1496 2444 1547 καὶ
2469 1497 2497 1547 6
2527 1493 2626 1565 μὲν
2652 1495 2750 1565 τὴν
2787 1496 3095 1563 ἀναγκαίαν
3126 1496 3263 1566 ἔχων
3301 1514 3432 1568 τρο-

1852 1586 1959 1655 φὴν
2028 1584 2389 1654 ἐστεφανοῦτο
2432 1585 2526 1637 καὶ
2572 1585 2801 1654 ἐσκίρτα
2852 1584 2945 1637 καὶ
2984 1586 3306 1655 ηὐχαρίστει
3350 1589 3432 1657 τῷ

1848 1674 1988 1744 Θεῷο
2019 1677 2047 1728 6
2074 1675 2131 1727 δέ
2166 1674 2417 1728 τοσοῦτον
2444 1675 2779 1744 κεκτημένος
2817 1675 3167 1745 ἐδυσχέραινε
3202 1678 3293 1729 καὶ
3325 1678 3432 1730 ἀπ-

1849 1760 2106 1815 ολωλέναι
2138 1761 2405 1831 ἐνόμιζεν.
2441 1763 2555 1815 Οὐκ
2600 1762 2711 1833 ἀρα
2759 1764 3047 1832 περιουσία
3082 1767 3229 1819 ἐστὶν
3264 1768 3296 1836 ἡ
3328 1767 3431 1837 τὴν

1850 1853 2045 1923 ἡδονὴν
2079 1852 2330 1917 ποιοῦσα,
2372 1852 2508 1907 ἀλλά
2546 1854 2743 1924 γνώμη
2780 1854 3094 1925 φιλόσοφος·
3124 1859 3200 1919 ώς
3226 1857 3431 1928 ταύτης

1849 1942 1999 2007 ἀνευ,
2032 1943 2136 1997 κᾶν
2162 1944 2231 1996 τά
2259 1943 2438 1997 πάντα
2471 1961 2555 2006 τις
2574 1942 2755 1997 λαϐὼν
2788 1944 2906 2016 ἔχῃ,
2932 1945 3010 2007 ώς
3039 1947 3253 1999 πάντων
3280 1948 3432 2001 ἐστε-

1852 2034 2086 2104 ρημένος
2133 2033 2277 2087 οὕτω
2308 2034 2646 2087 διακείσεται
2689 2036 2784 2087 καλ¹
2821 2033 3101 2105 θρηνὴσει.
3146 2036 3299 2089 Ἐπεὶ
3332 2037 3431 2091 καὶ

1847 2116 2021 2186 οὗτος,
2074 2122 2204 2191 περὶ
2222 2114 2284 2174 οὗ
2310 2121 2404 2174 νῦν
2426 2123 2557 2191 ἡμῖν
2578 2124 2606 2174 ό
2631 2121 2811 2189 λόγος,
2837 2124 2885 2175 εί
2917 2124 3011 2177 καὶ
3035 2123 3302 2195 τοσαύτης
3324 2129 3431 2180 ἀπ-

1848 2212 1997 2265 έδοτο
2030 2213 2195 2283 τιμῆς
2228 2211 2370 2282 ἀπερ
2394 2208 2560 2281 εἶχεν,
2586 2213 2718 2281 ὅσης
2752 2212 3022 2278 ἐϐούλετο,
3052 2216 3210 2268 πάλιν
3234 2216 3300 2269 ἂν
3332 2219 3421 2289 ἡλ·

1847 2321 2018 2374 γησεν
2044 2304 2126 2357 ὃτι
2153 2303 2229 2373 μὴ
2256 2302 2522 2367 πλείονος,
2554 2304 2645 2357 καὶ
2674 2305 2721 2355 εί
2759 2304 3002 2367 πλείονος
3033 2306 3238 2375 ἰσχυσε,
3267 2308 3430 2361 πάλιν

1849 2395 1915 2449 ἂν
1949 2394 2142 2464 ἐτέραν
2185 2394 2451 2463 ἐζήτησεν
2501 2393 2830 2464 ὑπερϐολὴν,
2870 2396 2963 2448 κα)⁸
2995 2397 3043 2448 εί
3082 2397 3143 2448 τὸ
3172 2397 3429 2468 μέδιμνον

1848 2484 1964 2546 ἐνὸς
1986 2500 2209 2553 χρυσίου
2241 2483 2466 2547 διέθετο,
2491 2482 2770 2535 κάνταῦθα
2799 2483 3111 2537 διεκόπτετο
3140 2487 3301 2539 πάλιν
3324 2490 3431 2542 ὐπὸ

1846 2575 1946 2643 τῆς
1983 2575 2246 2645 ἀθυμίας,
2280 2576 2361 2627 ὅτι
2401 2576 2476 2644 μὴ
2507 2575 2565 2627 τὸ
2589 2574 2947 2645 ἡμιμέδιμνον
2968 2576 3223 2630 τοσούτου
3250 2573 3336 2648 ἡν.
3366 2580 3431 2633 El

1846 2665 1902 2717 δὲ
1925 2666 2000 2735 μὴ
2036 2666 2187 2736 παρά
2212 2666 2310 2734 τὴν
2346 2664 2521 2736 ἀρχὴν
2553 2664 2809 2717 τοσούτου
2842 2668 2875 2734 ἡ
2905 2666 3059 2735 τιμὴ,
3099 2667 3176 2738 μὴ
3212 2668 3427 2739 θαυμά-

1850 2772 1967 2828 σῃς·
2005 2756 2128 2809 ἐπεὶ
2163 2756 2257 2809 καὶ
2284 2756 2333 2807 οί
2366 2755 2654 2823 μεθύοντες
2685 2755 2786 2807 οὐκ
2816 2755 2875 2820 ἐξ
2910 2756 3081 2826 ἀρχῆς
3114 2759 3429 2830 ἐμπίπραν-

1845 2864 1958 2911 ται,
1990 2847 2105 2899 ἀλλ’
2135 2848 2264 2899 ὅταν
2288 2843 2483 2896 πολλοῦ
2508 2844 2601 2896 τοῦ
2624 2843 2863 2913 ἀκράτου
2889 2847 3265 2917 ὲμφορηθῶσι,
3306 2849 3428 2903 τότε

1847 2935 2235 3004 χαλεπωτέραν
2262 2934 2562 2986 ἀνάπτουσι
2586 2932 2683 3001 τὴν
2711 2932 2905 2999 φλόγα.
2938 2934 3044 2985 Kal
3074 2930 3217 2988 οὗτοι
3245 2937 3429 2989 τοίνυν

1845 3030 1955 3096 ὅσῳ
1999 3027 2065 3079 ἂν
2107 3026 2327 3077 πλείονα
2361 3024 2787 3094 περιϐάλωνται,
2838 3026 3075 3096 τοσούτῳ
3120 3028 3175 3079 ἐν
3218 3029 3428 3097 μείζονι

1846 3118 2024 3188 ἐνδείᾳ
2049 3116 2427 3177 καθίστανται,
2454 3115 2546 3166 κα)⁵
2573 3115 2620 3166 οί
2644 3114 2865 3167 πλείονα
2899 3117 3293 3186 κερδαίνοντες,
3332 3121 3428 3173 αὐ-

1845 3208 1927 3258 τοὶ
1963 3205 2199 3274 μάλιστά
2247 3206 2383 3255 εἰσιν
2413 3204 2461 3255 οἱ
2496 3204 2808 3270 πενόμενοι.
2844 3204 2992 3275 [575]
3025 3206 3208 3258 Ταῦτα
3247 3208 3303 3259 δέ
3334 3227 3426 3279 μοι

1844 3298 1903 3347 οὐ
1934 3295 2073 3365 πρὸς
2096 3294 2281 3346 τοῦτον
2308 3295 2522 3363 εἴρηται
2550 3294 2728 3362 μόνον,
2765 3294 2896 3347 ἀλλά
2922 3297 3014 3347 καὶ
3040 3296 3174 3367 πρὸς
3196 3299 3426 3354 ἕκαστον

1844 3387 1951 3438 τῶν
1980 3386 2050 3439 τά
2083 3385 2312 3441 τοιαῦτα
2338 3385 2658 3449 νοσούντων,
2684 3378 2778 3436 καὶ
2804 3384 2898 3453 τὴν
2922 3386 3029 3439 τῶν
3052 3385 3228 3441 ώνίων
3258 3392 3425 3463 τιμὴν

1844 3476 2243 3538 ἐπιτεινόντων,
2277 3475 2371 3528 καὶ
2405 3474 2513 3526 τῶν
2546 3474 2773 3543 πλησίον
2805 3477 2904 3545 τὴν
2937 3476 3126 3531 πενίαν
3162 3494 3427 3549 πραγμα-

1843 3570 2175 3637 τευομένων.
2210 3566 2625 3635 Φιλανθρωπίας
2677 3568 2776 3636 μὲν
2821 3569 2928 3637 γάρ
2967 3570 3142 3631 οὐδεὶς
3184 3571 3423 3641 οὐδαμοῦ

1844 3658 2019 3724 λόγος’
2052 3656 2324 3728 πανταχοῦ
2374 3656 2430 3709 δὲ
2467 3658 2495 3708 6
2538 3658 2636 3725 τῆς
2666 3657 2978 3722 πλεονεξίας
3017 3658 3157 3729 ἔρως
3199 3661 3291 3714 ἐπὶ
3326 3664 3421 3716 τοῦ

1845 3748 2037 3818 καιροῦ
2071 3749 2172 3815 τῆς
2218 3750 2473 3817 πράσεως
2516 3748 2745 3811 πολλοὺς
2780 3748 2984 3816 ἐξάγει,
3016 3751 3109 3802 καὶ
3154 3752 3297 3803 σῖτον
3329 3754 3425 3805 καὶ⁵

1842 3835 1989 3892 οἶνον
2012 3840 2038 3891 6
2065 3839 2163 3907 μὲν
2199 3838 2411 3901 θᾶττον,
2436 3840 2465 3889 6
2487 3838 2545 3890 δέ
2579 3838 2909 3908 βραδύτερον
2937 3840 3184 3902 ἀπέδοτο,
3214 3842 3425 3894 οὐδέ-τεο

1846 3944 1938 3998 ρος
1984 3929 2170 3998 μέντοι
2201 3929 2311 3981 ἀπὸ
2348 3928 2695 3998 κηδεμονίας,
2724 3928 2838 3982 ἀλλ’
2872 3932 2899 3983 6
2929 3927 3048 3999 μὲν,
3083 3932 3168 3983 ἵνα
3202 3932 3424 3987 πλείονα

1843 4018 2003 4091 λάϐῃ,
2016 4022 2045 4073 6
2063 4018 2119 4071 δὲ
2142 4020 2231 4071 ἵνα
2248 4019 2322 4089 μὴ
2335 4020 2560 4085 ἐλάττω,
2574 4020 2874 4089 τραπέντος
2890 4020 3161 4075 αὐτοῦτοῦ
3178 4023 3419 4089 καρποῦ.

1927 4109 2143 4180 Ἐπειδὴ
2164 4109 2274 4180 γὰρ
2298 4112 2347 4161 οί
2376 4110 2592 4172 πλείους
2625 4112 2685 4162 οὐ
2718 4110 2886 4163 πολὺν
2910 4112 3019 4164 τῶν
3051 4111 3143 4165 τοῦ
3176 4112 3310 4164 Θεοῦ
3337 4118 3420 4165 νό-

1846 4217 1964 4270 μων
1998 4199 2310 4269 ποιούμενοι
2343 4199 2523 4267 λόγον,
2564 4200 2743 4253 πάντα
2778 4200 2925 4253 ἔνδον
2961 4202 3421 4266 κατακλείσαντες

1843 4291 2081 4361 ἔχουσιν,
2112 4290 2311 4361 ἑτέρως
2356 4291 2554 4353 αὐτοὺς
2593 4293 2673 4354 είς
2714 4292 3121 4361 φιλανθρωπίαν
3155 4293 3364 4361 ἐξάγων
3392 4297 3421 4348 6

1842 4382 1995 4443 Θεὸς,
2038 4382 2125 4433 ἵνα
2147 4381 2251 4434 κᾶν
2282 4382 2498 4454 ἀνάγκη
2525 4399 2578 4434 τι
2605 4382 2870 4452 ποιήσωσι
2891 4382 3148 4453 χρηστὸν,
3176 4384 3420 4452 μείζονος

1842 4472 2047 4542 ζημίας
2090 4472 2310 4525 ἐνέϐαλε
2352 4473 2491 4539 δέος,
2522 4475 2621 4526 οὐκ
2656 4475 2836 4541 ἀφιεὶς
2870 4476 2950 4536 εἰς
2982 4475 3149 4527 πολὺν
3177 4475 3419 4539 διαρκεῖν

1842 4565 2035 4633 χρόνον
2076 4565 2174 4632 τῆς
2212 4564 2316 4633 γῆς
2352 4566 2477 4627 τοὺς
2502 4566 2769 4634 καρποὺς,
2796 4565 2885 4617 ἴνα
2920 4565 3025 4617 κᾶν
3060 4565 3153 4634 τὴν
3186 4565 3292 4616 ἀπὸ
3319 4566 3421 4629 τῆς

1842 4652 2050 4723 φθοράς
2068 4651 2363 4715 δεδοικότες
2383 4652 2607 4723 βλάϐην,
2636 4653 2879 4723 προθῶσι
2899 4655 3010 4716 τοῖς
3031 4653 3302 4720 δεομένοις
3326 4656 3421 4705 καὶ

1839 4743 2084 4805 ἄκοντες,
2135 4744 2277 4813 ἆπερ
2320 4744 2460 4796 οἴκοι
2505 4744 2897 4813 κατορύξαντες
2937 4742 3163 4811 τηροῦσι
3207 4743 3415 4803 κακῶς.

1852 4833 2013 4885 Ἀλλά
2048 4837 2157 4899 γὰρ
2190 4834 2283 4884 καὶ
2326 4833 2464 4900 μετὰ
2502 4832 2672 4885 ταῦτα
2702 4832 2845 4885 οὕτω
2882 4832 3023 4892 τινές
3061 4832 3198 4882 εἰσιν
3240 4830 3417 4897 ἀπλη-

1839 4938 1976 4984 στοι,
2010 4920 2085 4983 ώς
2117 4920 2251 4990 μηδὲ
2283 4921 2529 4973 ἐντεῦθεν
2555 4921 2921 4974 παιδεύεσθαι.
2948 4921 3139 4973 Πολλοὶ
3172 4921 3298 4987 γοῦν
3323 4922 3418 4972 καὶ

1839 5012 2032 5074 πίθους
2099 5012 2425 5082 ὁλοκλήρους
2498 5011 2806 5073 ἐκένωσαν,
2869 5012 3062 5081 πένητι
3130 5012 3227 5079 μὲν
3290 5010 3413 5063 οὐδὲ

1840 5103 2041 5156 κύαθον
2074 5103 2276 5166 δόντες,
2305 5102 2426 5156 οὐδέ
2451 5102 2710 5172 ἀργυρίου
2754 5104 2868 5163 τοῖς
2908 5100 3200 5168 δεομένοις,
3228 5099 3412 5170 ὀξίνην

1838 5194 1897 5246 δέ
1932 5193 2214 5262 γινόμενον
2253 5195 2331 5254 είς
2353 5194 2452 5262 τὴν
2480 5196 2584 5261 γῆν
2614 5193 2872 5260 ῥίψαντες
2900 5190 3134 5252 ᾶπαντα,
3166 5194 3259 5244 xal
3286 5193 3412 5256 τοὺς

1840 5281 2030 5346 πίθους
2054 5283 2234 5335 αὐτῶν
2264 5281 2812 5352 προσδιαφθείραντες
2845 5280 2922 5350 τῷ
2951 5281 3166 5352 καρπῷ.
3194 5283 3412 5353 Ἕτεροι

1838 5374 1894 5426 δὲ
1935 5374 2096 5427 πάλιν
2138 5372 2256 5425 οὐδὲ
2298 5372 2474 5443 μάζης
2515 5372 2641 5440 μιᾶς
2670 5369 2749 5439 τῷ
2776 5372 3027 5425 πεινῶντι
3062 5371 3408 5440 μεταδόντες,

1840 5466 2111 5535 ὁλόκληρα
2139 5466 2431 5533 σιτοδοχεῖα
2466 5464 2545 5525 είς
2578 5464 2823 5533 ποταμὸν
2856 5464 3105 5534 ἔρριψανο
3141 5464 3236 5515 καὶ
3260 5463 3411 5517 ἐπει-

1837 5556 1903 5625 δὴ
1952 5555 2046 5606 τοῦ
2094 5553 2230 5606 Θεοῦ
2270 5552 2581 5614 κελεύοντος
2617 5552 2813 5605 διδόναι
2858 5553 2970 5629 τοῖς
3005 5551 3279 5619 δεομένοις
3310 5554 3411 5606 οὐκ

1838 5646 2100 5714 ἡκουσαν,
2145 5641 2239 5696 τοῦ
2290 5641 2451 5709 σητὸς
2503 5642 2881 5702 ἐπιτάττοντος
2930 5640 3025 5694 καὶ
3073 5642 3295 5705 ἄκοντες
3349 5642 3410 5694 τὸ

1840 5738 1986 5793 ἔνδον
2032 5738 2178 5795 ἀπαν
2224 5736 2555 5806 ἐξήντλησαν
2605 5737 2683 5797 είς
2736 5735 3013 5789 ἀπώλειαν
3065 5735 3159 5789 καὶ
3204 5731 3412 5802 φθοράν
