4076 6336
712 333 823 391 διδ

712 442 969 513 ἐσχάτην,
1005 442 1169 495 πολὺν
1204 442 1301 511 μὲν
1324 441 1415 495 τὸν
1441 444 1674 512 γέλωτα,
1702 444 1901 509 πολλάς
1923 445 1979 498 δέ
2005 447 2104 509 τὰς
2132 442 2269 513 ἀρὰς

712 533 853 587 κατά
880 533 977 601 τῆς
1006 532 1210 585 ἑαυτῶν
1237 532 1475 602 κεφαλῆς
1503 534 1641 602 μετά
1674 534 1771 603 τῆς
1803 534 2001 604 ζημίας
2034 537 2267 587 ἐπισπα-

714 623 939 692 σάμενοι
966 620 1188 690 ταύτης.
1219 621 1326 673 Καὶ
1348 622 1417 675 τὰ
1445 623 1543 691 μὲν
1559 622 1818 688 ἐνταῦθα,
1847 623 2088 677 τοιαῦτα’
2124 624 2193 677 τά
2214 622 2271 675 δέ

713 712 832 765 ἐκεῖ
872 713 955 775 τίς
996 712 1337 781 παραστήσει
1393 712 1582 780 λόγος;
1617 714 1824 786 Ὠσπερ
1856 714 1965 783 7&9
2000 708 2144 768 οὗτοι
2179 713 2270 765 τὸν

712 801 1051 871 σητόϐρωτον
1080 799 1313 853 ἐνταῦθα
1356 802 1500 854 σῖτον
1546 801 1815 872 ἄχρηστον
1859 804 2146 872 γενόμενον
2190 805 2270 867 είς

710 892 985 960 στοταμοὺς
1009 890 1313 961 ῥίπτουσιν,
1343 889 1484 943 οὕτω
1519 892 1641 955 τούς
1669 892 1839 944 ταῦτα
1868 894 2269 963 ἐργασαμένους

710 977 780 1033 δι’
799 980 929 1033 αὐτὸ
952 979 1109 1032 τοῦτο
1136 980 1442 1049 ἀχρήστους
1469 981 1787 1049 γενομένους
1819 984 1901 1045 είς
1933 984 2025 1036 τὸν
2051 983 2143 1035 τοῦ
2170 1000 2271 1035 πυ-

713 1070 804 1140 ρὸς
828 1070 1005 1139 ῥίπτει
1036 1069 1277 1138 ποταμὸν
1307 1069 1502 1131 ὁΘεός.
1534 1071 1797 1143 Καθάπερ
1824 1074 1933 1143 7&9
1958 1074 2048 1126 τὸν
2076 1076 2220 1126 σῖτον
2242 1075 2270 1125 6

710 1155 810 1225 σὴς
836 1158 928 1209 καὶ
955 1158 982 1208 6
1011 1155 1244 1225 σκώληξ,
1273 1155 1413 1209 οῦτω
1445 1158 1543 1222 τὰς
1562 1160 1765 1214 τούτων
1797 1163 1974 1231 ψυχάς
1996 1164 2029 1232 ή
2052 1161 2272 1231 ὠμότης

710 1244 805 1296 καὶ
836 1246 869 1314 ή
892 1244 1250 1313 ἀπανθρωπία
1288 1244 1527 1313 διέφαγε.
1552 1247 1766 1301 Τούτων
1791 1249 1848 1300 δὲ
1877 1248 2050 1301 αῖτιον
2082 1248 2143 1300 τὸ
2162 1250 2272 1309 τοῖς

710 1331 944 1399 παροῦσι
987 1333 1385 1403 προσηλῶσθαι,
1421 1337 1512 1387 καὶ
1563 1337 1700 1405 πρὸς
1748 1338 1846 1408 τὴν
1883 1338 2028 1407 ζωὴν
2070 1337 2270 1407 ταύτην

711 1420 995 1490 κεχηνέναι
1030 1423 1217 1491 μόνον·
1263 1422 1385 1475 ὅθεν
1425 1426 1520 1477 καὶ
1561 1428 1763 1496 μυρίας
1813 1430 2053 1499 ἀθυμίας
2084 1433 2270 1500 μεστοὶ

708 1508 945 1576 γίνονται
992 1512 1045 1564 οἱ
1106 1512 1357 1567 τοιοῦτοι.
1425 1516 1541 1569 Κᾶν
1591 1518 1701 1588 γὰρ
1741 1519 1917 1573 ότισῦν
1956 1522 2114 1590 εἴπῃς
2145 1520 2264 1590 ήδὺ,

708 1598 886 1651 πάντα
924 1602 1104 1663 ἱκανός
1145 1601 1293 1655 ἐστιν
1322 1605 1578 1671 ἀφανίσαι
1604 1606 1705 1676 τῆς
1728 1608 1981 1676 τελευτῆς
2026 1611 2053 1662 ό
2082 1611 2264 1678 φόϐος,

706 1690 801 1742 καὶ
837 1690 1099 1761 τέθνηκεν
1140 1693 1171 1745 6
1206 1693 1445 1758 τοιοῦτος
1481 1696 1559 1749 ἔτι
1597 1696 1724 1759 ζῶν.
1760 1697 1870 1750 Kal
1913 1698 1972 1751 τὸ
2010 1701 2109 1768 μὲν
2142 1700 2268 1762 τοὺς

707 1778 971 1842 ἀπίστους
997 1780 1166 1835 ταῦτα
1199 1784 1444 1853 πάσχειν,
1481 1785 1791 1855 θαυμαστὸν
1834 1789 2007 1841 οὐδέν·
2052 1790 2184 1843 ὅταν
2212 1789 2269 1843 δὲ

705 1868 757 1920 οί
793 1869 1059 1924 τοσούτων
1090 1875 1404 1945 μυστηρίων
1436 1877 1887 1943 ἀπολελαυκότες,
1916 1880 2011 1931 καὶ
2034 1880 2270 1934 τοσαῦτα

704 1964 835 2029 περὶ
866 1962 972 2015 τῶν
1005 1963 1307 2032 μελλόντων
1342 1965 1824 2036 φιλοσοφήσαντες,
1856 1968 1973 2031 τοῖς
2005 1969 2270 2040 παροῦσιν

702 2047 1139 2119 ἐμφιλοχωρῶσι,
1162 2051 1303 2114 τίνος
1322 2052 1387 2107 ἀν
1416 2050 1526 2105 εἷεν
1550 2054 1689 2118 ἀξιοι
1715 2055 2069 2124 συγγνώμης
2101 2057 2269 2111 Πόθεν

701 2131 799 2190 οὖν
819 2136 1024 2203 γίνεται
1054 2139 1115 2191 τὸ
1135 2142 1248 2201 τοῖς
1267 2142 1535 2209 παροῦσιν
1561 2142 1985 2214 ἐμφιλοχωρεῖν;
2018 2144 2153 2197 ’Δπδ
2173 2145 2267 2198 τοῦ

700 2231 879 2299 τρυφῇ
906 2230 1216 2299 προσέχειν,
1249 2231 1345 2283 καὶ
1370 2232 1637 2286 λιπαίνειν
1665 2233 1762 2303 τὴν
1790 2233 1989 2305 σάρκα,
2019 2235 2112 2287 καὶ
2136 2235 2267 2306 θρύ-

702 2335 860 2371 πτειν
904 2318 1002 2389 την
1030 2320 1227 2390 ψυχήν,
1260 2322 1354 2373 ml
1398 2321 1539 2390 βαρὺ
1581 2321 1642 2374 τὸ
1676 2323 1893 2392 φορτίον
1941 2322 2268 2391 ἐργάζεσθαι

702 2408 798 2461 καὶ
840 2409 974 2461 πολύ
1002 2408 1065 2460 τὸ
1098 2409 1287 2472 σκότος
1325 2409 1420 2462 καὶ
1445 2411 1591 2478 παχὺ
1618 2410 1678 2464 τὸ
1707 2413 2135 2483 παραπέτασμα.
2179 2414 2269 2466 Ἐν

702 2499 813 2567 γάρ
868 2501 933 2568 τῇ
982 2501 1158 2569 τρυφῇ
1196 2498 1257 2551 τὸ
1300 2499 1398 2569 μὲν
1448 2502 1696 2569 κρεῖττον
1750 2500 2050 2567 δουλοῦται,
2100 2502 2163 2554 τὸ
2211 2501 2270 2553 δὲ

703 2591 885 2659 χεῖρον
934 2594 1144 2660 κρατεῖ’
1204 2592 1298 2644 καὶ⁵
1360 2592 1422 2645 τδ
1488 2592 1586 2661 μὲν
1648 2591 1946 2659 τυφλοῦται
2010 2594 2272 2647 πάντοθεν

703 2675 803 2729 καὶ
860 2675 1085 2746 σύρεται
1134 2678 1556 2747 πεπηρωμένον,
1607 2677 1667 2731 τὸ
1715 2680 1772 2732 δὲ
1818 2674 1939 2747 ἄγει
1979 2681 2074 2732 καὶ
2118 2696 2273 2751 περι-

706 2765 830 2831 άγει
872 2765 1172 2835 πανταχοῦ,
1218 2767 1276 2818 ἐν
1308 2765 1458 2837 [576]
1493 2770 1558 2837 τῇ
1592 2768 1703 2821 τῶν
1741 2768 2024 2837 ἀγομένων
2060 2771 2271 2840 ὀφεῖλον

704 2854 921 2908 κεῖσθαι
951 2852 1122 2917 τάξει.
1162 2855 1268 2907 Καὶ
1295 2855 1404 2925 γάρ
1432 2856 1601 2920 πολὺς
1643 2859 1672 2910 6
1712 2857 2005 2927 σύνδεσμος
2032 2860 2132 2931 τῆς
2167 2861 2272 2929 ψυ-

703 2942 809 3012 χῆς
844 2941 979 3011 πρὸς
1006 2942 1074 2995 τὸ
1095 2942 1274 3011 σῶμα,
1294 2941 1453 2995 τοῦτο
1473 2943 1568 2996 τοῦ
1592 2946 1666 3016 Δη
1677 2944 1938 3016 μιουργοῦ
1964 2964 2274 3016 μηχανησαρ

709 3030 896 3100 μένου,
926 3030 1014 3082 ἵνα
1033 3030 1108 3099 μὴ
1121 3030 1196 3091 ὡς
1213 3030 1493 3101 ἀλλότριον
1511 3032 1643 3085 αὐτὸ
1663 3033 1894 3087 πείθωσι
1909 3051 2055 3098 τινες
2070 3038 2268 3105 μισεῖν.

774 3119 844 3172 θ’.
871 3119 929 3171 '0
949 3118 1047 3187 μὲν
1067 3117 1174 3189 7&9
1188 3118 1321 3181 θεὸς
1350 3118 1478 3181 τούς
1502 3118 1730 3189 ἐχθροὺς
1754 3122 2004 3175 ἐκέλευσε
2030 3124 2222 3190 φιλεῖν*
2242 3125 2271 3175 6

702 3207 765 3265 δέ
786 3208 1029 3270 διάϐολος
1052 3207 1302 3260 τοσοῦτον
1325 3208 1562 3277 ἴσχυσεν,
1588 3210 1665 3271 ὡς
1692 3210 1787 3263 καὶ
1808 3212 1869 3263 τὸ
1893 3212 2089 3263 οίκεῖον
2112 3211 2273 3279 σῶμα

703 3296 891 3349 πεῖσαί
916 3312 1068 3358 τινας
1100 3297 1297 3363 μισεῖν.
1332 3296 1503 3349 Ὅταν
1529 3296 1639 3366 7&9
1666 3297 1817 3369 εἴπῃ,
1857 3299 1938 3351 δτι
1970 3298 2062 3351 τοῦ
2091 3298 2273 3351 διαϐό-

703 3384 798 3438 λου
828 3384 998 3447 ἐστὶν,
1039 3384 1192 3436 οὐδὲν
1221 3383 1349 3437 ἀλλο
1375 3387 1795 3452 κατασκευάζει,
1849 3388 1880 3457 ἢ
1920 3388 2108 3440 τοῦτο’
2135 3388 2271 3458 ὅπερ

703 3474 941 3543 ἐσχάτης
989 3473 1256 3544 ληρωδίας
1300 3475 1465 3527 ἐστίν.
1497 3477 1560 3528 El
1592 3477 1700 3546 7&9
1730 3477 1825 3529 τοῦ
1858 3477 2103 3530 διαϐόλου
2131 3480 2269 3542 ἐστὶ,

704 3564 789 3627 τίς
827 3566 861 3633 ή
888 3564 1120 3633 τοσαύτη
1147 3566 1453 3635 συμφωνία,
1481 3566 1557 3628 ὡς
1588 3567 1890 3637 ἐπιτήδειον
1914 3568 2047 3620 αὐτὸ
2073 3568 2272 3621 πάντο-

706 3653 800 3705 θεν
828 3656 907 3715 είς
943 3654 1042 3716 τὰς
1079 3655 1178 3722 τῆς
1221 3655 1509 3723 φιλοσόφου
1555 3656 1731 3725 ψυχῆς
1778 3658 2058 3727 ἐνεργείας
2106 3675 2274 3713 κατα-

708 3744 1009 3806 σκευάσαι;
1054 3745 1163 3797 Καὶ
1199 3747 1245 3797 εί
1272 3746 1592 3815 ἐπιτήδειον,
1626 3748 1777 3817 φησὶ,
1807 3746 1925 3809 πῶς
1970 3748 2140 3817 αὐτὴν
2180 3765 2274 3802 τυ-

707 3832 863 3901 φλοῖς
917 3832 1051 3901 υύχὶ
1083 3832 1145 3889 τὸ
1191 3832 1350 3902 σῶμά
1386 3836 1501 3886 ἐστι
1550 3834 1611 3887 τὸ
1646 3834 1879 3903 τυφλοῦν
1927 3837 2025 3906 τήν
2072 3837 2271 3906 ψυχὴν,

706 3924 905 3989 ἄπαγε,
930 3922 1199 3991 ἄνθρωπε,
1227 3923 1340 3976 ἀλλ’
1371 3924 1406 3992 ἡ
1432 3926 1632 3993 τρυφή.
1657 3924 1767 3995 Τῆς
1792 3925 1849 3976 δὲ
1876 3926 2087 3995 τρυφῆς
2112 3926 2277 3980 πόθεν

706 4013 1008 4084 έφιέμεθας
1043 4014 1116 4065 Οὐ
1149 4012 1306 4085 ’παρὰ
1336 4014 1397 4066 τὸ
1442 4013 1600 4084 σῶμα
1631 4014 1795 4084 ἔχειν,
1834 4016 2107 4086 οὐδαμῶς,
2139 4017 2275 4071 ἀλλά

707 4105 863 4174 παρά
895 4104 1210 4175 προαίρεσιν
1259 4105 1521 4175 πονηράν.
1576 4103 1650 4158 Τὸ
1704 4104 1811 4177 7&9
1864 4104 2023 4175 σῶμα
2070 4107 2276 4177 τροφῆς

701 4197 899 4262 δεῖται,
933 4196 995 4248 οὐ
1037 4195 1247 4264 τρυφῆς
1268 4234 1283 4255 ,
1317 4196 1378 4248 τὸ
1406 4194 1567 4264 σῶμα
1595 4194 1688 4247 τοῦ
1729 4195 2024 4265 τρέφεσθαι
2065 4195 2272 4267 χρῄζει,

701 4287 829 4355 οὐχὶ
852 4285 945 4339 τοῦ
976 4285 1363 4339 διακόπτεσθαι
1387 4286 1480 4337 καὶ
1519 4285 1781 4354 διαρρεῖν.
1815 4286 1949 4337 οὐδέ
1990 4286 2098 4356 γὰρ
2129 4288 2273 4360 ψυχῇ

712 4374 894 4443 μόνον,
937 4374 1073 4427 άλλά
1123 4375 1218 4427 καὶ⁵
1270 4374 1417 4444 αὐτῷ
1470 4372 1547 4443 τῷ
1590 4374 1799 4441 σώματι
1835 4376 1913 4446 τῷ
1959 4380 2278 4450 τρεφομένῳ

710 4459 971 4529 πολέμιον
1000 4463 1033 4528 ή
1061 4476 1261 4530 τρυφη.
1305 4461 1411 4512 Καὶ
1437 4461 1543 4532 γάρ
1571 4461 1958 4534 ἀσθενέστερον
1983 4465 2103 4519 ἀντὶ
2131 4468 2279 4537 ίσχυ-

714 4547 811 4616 ροῦ
850 4548 1078 4616 γίνεται,
1130 4550 1225 4601 καὶ
1276 4548 1659 4620 μαλακώτερον
1704 4551 1825 4604 ἀντὶ
1877 4553 2128 4623 στερροῦ,
2184 4556 2278 4608 καὶ

712 4640 961 4691 έπίνοσον
992 4640 1113 4692 ἀντὶ
1140 4639 1399 4705 ὑγιεινοῦ,
1428 4640 1522 4692 καὶ
1560 4639 1853 4713 βαρύτερον
1885 4644 2007 4697 ἀντὶ
2051 4644 2275 4713 κούφου,

713 4728 811 4779 καὶ
825 4729 1141 4799 ἀραιότερον
1162 4730 1284 4782 ἀντὶ
1304 4728 1527 4793 πυκνοῦ,
1557 4731 1650 4784 καὶ
1669 4732 1891 4801 αίσχρὸν
1911 4735 2033 4787 ἀντὶ
2053 4734 2277 4806 ὡραίου,

717 4818 811 4870 καὶ
839 4818 1233 4889 δυσωδέστερον
1263 4820 1384 4872 ἀντὶ
1417 4819 1668 4884 εὐώδους,
1698 4822 1793 4874 καὶ
1829 4822 2133 4893 ἀκάθαρτον
2160 4826 2281 4879 ἀντὶ

716 4906 986 4976 καθαροῦ,
1014 4908 1108 4960 καὶ
1134 4909 1464 4978 περιώδυνον
1495 4910 1615 4963 ἀντὶ
1643 4911 1948 4980 ἀνειμένου,
1985 4914 2080 4967 καὶ⁸
2106 4913 2281 4984 ἀχρη-

721 5012 845 5048 στον
899 4996 1019 5048 ἀντὶ
1070 4998 1361 5066 χρησίμου,
1412 5001 1506 5052 καὶ
1552 5001 1781 5055 παλαιὸν
1832 5002 1952 5054 ἀντὶ
1989 5003 2133 5070 νέου,
2189 5003 2281 5057 καὶ

725 5087 923 5157 σαθρὸν
973 5086 1095 5139 ἀντὶ
1136 5086 1377 5155 ίσχυροῦ,
1426 5091 1520 5141 καὶ
1573 5090 1736 5159 βραδὺ
1772 5094 1865 5144 καὶ
1914 5094 2117 5162 νωθρὸν
2163 5093 2285 5146 ἀντὶ

726 5178 934 5247 ταχέος,
969 5179 1061 5231 καὶ
1089 5178 1256 5248 χωλὸν
1288 5177 1407 5230 ἀντὶ
1438 5180 1646 5246 ἀρτίου.
1677 5181 1870 5233 Καίτοι
1900 5184 1948 5234 εί
1977 5183 2071 5236 τοῦ
2105 5183 2286 5237 διαϐό-

724 5266 817 5321 λου
855 5265 943 5338 ἦν,
990 5270 1089 5322 οὐκ
1115 5270 1281 5339 ἐχρῆν
1309 5269 1412 5321 ὐπὸ
1447 5264 1556 5321 τῶν
1579 5268 1741 5321 αὐτοῦ
1778 5272 2284 5339 παραϐλάπτεσθαι,

725 5355 822 5426 τῆς
848 5360 1041 5423 κακίας
1066 5359 1229 5429 λέγω.
1273 5360 1411 5412 Ἀλλ’
1435 5358 1557 5412 οὐτε
1582 5360 1642 5413 τὸ
1670 5359 1850 5430 σῶμα,
1874 5360 1996 5414 οὐτε
2023 5364 2091 5415 τά
2120 5366 2285 5430 σιτία,

1426 329 1484 385 S.
1526 327 1813 386 JOANNIS
1850 326 2273 387 οιιιιγεοετοε

2382 325 2702 383 ARCIIIEP.
2739 327 3295 387 CONSTANTINOP.

2370 441 2496 511 γὰρ,
2554 442 2706 513 φησι,
2740 442 2837 496 καὶ
2891 443 3221 510 ἐπαχύνθη,
3275 445 3370 498 καί
3411 443 3778 511 ἐπλατύνθη,
3838 444 3937 499 και

2367 531 2774 585 ἀπελάκτισεν
2818 536 2851 586 ὀ
2883 533 3285 601 ἡγαπημένος.
3320 536 3432 589 Καὶ
3461 536 3713 605 Σοδόμοις
3744 534 3800 586 δὲ
3849 535 3936 587 ἐν-

2368 620 2558 674 τεῦθεν
2587 624 2620 691 ὴ
2655 623 2797 693 ἀρχὴ
2837 622 2945 675 τῶν
2987 624 3269 693 κεραυνῶν
3311 627 3534 678 ἐκείνων
3562 626 3797 693 ἐγένετο.
3827 625 3939 677 Καὶ

2367 711 2525 765 τοῦτο
2570 713 2744 781 οηλῶν
2799 715 2827 766 6
2885 712 3145 783 ἰεζεκιὴλ
3190 713 3379 783 ἐλεγεο
3428 715 3604 782 Πλὴν
3658 714 3835 769 τοῦτο
3870 715 3939 765 τὸ

2368 802 2641 869 ἀνόμημα
2678 802 2985 870 Σοδόμων,
3016 801 3087 855 ὲν
3124 805 3503 871 ὑπερηφανίᾳ
3536 804 3636 857 καί
3672 795 3742 856 ἓν
3787 806 3943 869 πλη-

2367 890 2568 959 σμονῇ
2595 890 2788 958 ἄρτων
2818 892 2916 945 καί
2950 892 3020 944 ἐν
3043 892 3348 959 abono-(au;
3370 892 3750 946 ἐσπατάλων.

2438 981 2537 1032 Διά
2560 979 2717 1035 τοῦτο
2740 982 2833 1035 καὶ
2860 984 2889 1034 6
2907 981 3115 1042 Παῦλος
3136 982 3339 1050 ἔλεγεν·
3370 983 3513 1036 Ἡδὲ
3542 980 3943 1044 σπαταλῶσα,

2370 1068 2531 1131 ζῶσα
2565 1069 2839 1137 τέθνηκε.
2871 1069 2937 1122 Τί
2992 1071 3222 1139 δήποτε;
3264 1072 3385 1124 Ὀτι
3436 1070 3626 1141 ὥσπερ
3659 1072 3828 1138 τάφον
3881 1070 3946 1123 τδ

2371 1158 2530 1228 σῶμα
2565 1160 2850 1232 περιφέρει
2880 1160 3096 1230 μυρίοις
3142 1160 3523 1230 συνδεδεμένον
3553 1163 3767 1222 κακοῖς.
3799 1161 3862 1213 El
3887 1160 3945 1214 δι

2364 1244 2429 1297 τὸ
2459 1245 2619 1315 σῶμα
2650 1246 2821 1309 οὕτως
2848 1247 3163 1308 ἀπόλλυται,
3198 1248 3315 1310 πῶς
3351 1250 3385 1318 ἡ
3413 1247 3559 1318 ψυχὴ
3582 1248 3945 1311 διακείσεται,

2370 1336 2537 1387 πόσου
2567 1336 2814 1406 θορύϐου,
2850 1337 3031 1389 πόσων
3074 1338 3351 1405 κυμάτων,
3386 1339 3559 1406 πόσης
3600 1332 3771 1405 ζάλης
3807 1338 3948 1392 ἀνά-

2369 1422 2548 1485 πλεως
2593 1423 2777 1484 ἐσταις
2819 1424 2919 1476 Διά
2945 1440 3027 1475 τοι
3069 1424 3228 1476 τοῦτο
3274 1425 3410 1494 πρὸς
3453 1427 3630 1478 πάντα
3667 1425 3951 1494 ἄχρηστος

2367 1511 2576 1579 γίνεται
2619 1513 2711 1564 καὶ
2741 1512 2866 1565 οὐτε
2893 1514 3087 1572 είπεῖν.
3126 1513 3249 1565 οὐτε
3280 1515 3533 1579 ἀκοῦσαι,
3565 1514 3687 1567 οὔτε
3723 1514 3950 1583 βουλεύ-

2369 1601 2585 1666 σασθαι,
2632 1601 2756 1655 οὐτε
2802 1614 2857 1653 τι
2908 1600 3111 1671 πρᾶξαι
3139 1601 3249 1654 τῶν
3289 1601 3515 1655 δεόντων
3547 1603 3748 1673 ῥᾳδίως
3778 1602 3948 1671 δυνή-

2370 1705 2550 1743 σεται’
2608 1692 2725 1745 ἀλλ’
2773 1690 2961 1761 ῶσπερ
3008 1690 3365 1761 κυϐερνήτης,
3423 1692 3692 1761 χειμῶνος
3731 1694 3949 1761 κρατή.

2370 1796 2561 1840 σαντος
2608 1778 2709 1849 τῆς
2754 1780 2969 1849 τέχνης,
3032 1778 3180 1848 αὐτῷ
3209 1778 3287 1849 τῷ
3321 1778 3491 1848 πλοίῳ
3532 1780 3626 1832 καὶ
3666 1782 3779 1841 τοῖς
3817 1783 3949 1832 ἐπι-

2367 1866 2561 1930 ϐάταις
2604 1867 2936 1938 ὑποϐρύχιος
2977 1867 3222 1934 γίνεταιο
3261 1866 3405 1920 οῦτω
3433 1868 3527 1919 καὶ
3556 1871 3589 1936 ὴ
3618 1867 3766 1938 ψυχὴ
3801 1870 3953 1938 μετὰ

2369 1956 2466 2010 τοῦ
2518 1956 2770 2027 σώματος
2809 1960 2890 2021 είς
2924 1958 3025 2027 τὴν
3056 1957 3297 2027 χαλεπὴν
3324 1951 3423 2027 τῇ
3453 1958 3806 2027 ἀναισθησίας
3841 1975 3953 2011 κα-

2366 2048 2748 2110 ταποντίζεται
2779 2047 3035 2101 ἄϐυσσον.
3073 2048 3182 2099 Καὶ
3211 2048 3319 2115 γάρ
3348 2046 3601 2116 καθάῇρ
3622 2047 3799 2116 μύλην
3821 2046 3955 2101 τινὰ

2365 2137 2466 2207 τὴν
2495 2136 2737 2208 γαστέρα
2766 2139 2901 2207 ἡμῖν
2923 2137 3178 2208 ἐνέθηκεν
3201 2137 3231 2189 6
3270 2138 3424 2201 Θεὸς,
3460 2137 3774 2213 σύμμετρον
3801 2138 3952 2206 αὐτῇ

2365 2226 2592 2298 δύναμιν
2627 2227 2772 2289 δοὺς,
2820 2226 2915 2279 καὶ
2941 2225 3108 2291 τάξας
3140 2225 3336 2295 μέτρον
3370 2225 3552 2295 ῥητὸν,
3602 2226 3739 2294 ὅπερ
3774 2224 3956 2294 αὐτὴν

2362 2316 2518 2370 ἀλεῖν
2553 2317 2639 2369 δεῖ
2666 2317 2788 2369 καθ’
2820 2316 3058 2384 ἑκάστην
3079 2314 3311 2383 ἡμέραν.
3347 2315 3444 2366 Ἂν
3473 2310 3567 2367 οὖν
3594 2331 3679 2376 τις
3706 2313 3956 2386 ἐπιϐάλῃ

2367 2407 2614 2469 πλείονα,
2642 2404 3025 2475 ἀκατέργαστα
3064 2402 3214 2475 [577]
3245 2403 3509 2472 γενόμενα
3553 2405 3633 2473 τῷ
3660 2404 3829 2456 παντὶ
3858 2404 3955 2455 λυ-

2371 2497 2645 2566 μαίνεται.
2700 2494 2979 2547 Ἐντεῦθεν
3033 2494 3178 2546 νόσοι
3210 2494 3304 2545 καὶ
3342 2493 3620 2546 ἀσθένειαι
3653 2494 3748 2545 καὶ
3773 2494 3955 2562 ἀμορο

2368 2578 2485 2646 φίαι
2506 2595 2520 2609 ο
2546 2579 2639 2632 καὶ
2670 2578 2779 2648 7&9
2803 2578 2905 2630 οὐκ
2920 2577 3169 2629 ἐπίνοσον
3200 2577 3380 2646 μόνον,
3412 2577 3549 2631 ἀλλά
3578 2577 3673 2631 καὶ
3704 2579 3957 2647 αἰσχρὰν

2369 2670 2517 2720 ποιεῖ
2566 2669 2600 2736 ή
2650 2667 2829 2737 τρυφὴ
2872 2666 2971 2735 τὴν
3012 2667 3209 2736 καλήν.
3264 2666 3435 2719 Ὅταν
3483 2665 3593 2737 γάρ
3644 2665 3955 2737 ἐρεύγηται

2371 2757 2609 2825 συνεχῶς
2640 2755 2802 2824 ἀηδῆ,
2838 2756 2935 2807 καὶ
2966 2756 3267 2826 σεσηπότος
3298 2756 3444 2809 οῐνου
3467 2756 3624 2826 πνέῃ,
3654 2761 3752 2809 καὶ
3783 2756 3957 2809 πλέον

2367 2842 2462 2895 τοῦ
2485 2843 2695 2904 δέοντος
2724 2844 3096 2913 ἐρυθαίνηται,
3126 2844 3220 2896 καὶ
3237 2843 3329 2897 τὸν
3354 2846 3701 2915 προσήκοντα
3726 2848 3955 2913 γυναικὶ

2373 2934 2577 3006 ῥυθμὸν
2604 2932 2912 3004 διαφθείρῃ,
2953 2934 3047 2987 καὶ
3089 2933 3189 3003 τὴν
3230 2934 3529 3005 εὐκοσμίαν
3572 2935 3818 3008 ἀπολέσῃ
3843 2938 3956 2990 πᾶ-

2371 3038 2491 3086 σαν,
2539 3024 2633 3075 καὶ
2676 3021 2926 3092 πλαδαρά
2960 3022 3061 3091 μὲν
3089 3024 3136 3092 ,ἡ
3165 3021 3304 3093 σὰρξ
3345 3025 3583 3094 γίνηται,
3615 3024 3851 3095 ὕφαιμοι
3890 3027 3955 3080 δέ

2370 3112 2465 3164 καὶ
2501 3112 2886 3181 διατεταμέναι
2931 3113 2988 3163 αί
3029 3111 3366 3181 βλεφαρίδες,
3416 3114 3513 3167 καὶ
3560 3115 3737 3185 πάχος
3787 3116 3956 3169 πλέον

2370 3200 2465 3255 τοῦ
2524 3200 2757 3263 δέοντος,
2815 3201 2914 3253 καὶ
2969 3202 3310 3269 πολυσαρκία
3365 3206 3628 3273 περιττή’
3689 3204 3955 3273 ἐννόησον

2372 3291 2510 3360 πόση
2548 3291 2757 3359 γίνεται
2797 3289 3047 3344 ἐντεῦθεν
3091 3291 3274 3360 ἀηδία.
3332 3291 3473 3358 Ἐγὼ
3504 3292 3562 3345 δέ
3607 3292 3702 3345 καὶ
3750 3293 3958 3361 ἰατρῶν

2372 3382 2579 3450 ηκουσα
2602 3382 2890 3450 λεγόντων,
2918 3382 3002 3433 ὅτι
3030 3380 3258 3443 πολλοὺς
3281 3381 3373 3433 καὶ
3399 3381 3532 3451 πρὸς
3558 3381 3690 3449 ὕψος
3709 3382 3958 3451 ἀναδρα-

2376 3473 2494 3539 μεῖν
2525 3473 2558 3540 ή
2587 3468 2770 3539 τρυφὴ
2812 3468 3049 3539 μάλιστα
3075 3468 3335 3521 ἐκώλυσε.
3370 3468 3478 3521 Τοῦ
3506 3469 3614 3536 7&9
3639 3469 3959 3538 πνεύματος

2374 3559 2773 3627 ἐγκοπτομένου
2820 3556 2899 3627 τῷ
2944 3556 3139 3626 πλήθει
3177 3556 3283 3609 τῶν
3331 3557 3821 3626 καταϐαλλομένων
3860 3559 3960 3611 καὶ

2372 3650 2501 3719 περὶ
2535 3649 2633 3719 τὴν
2673 3648 2879 3702 τούτων
2916 3647 3181 3718 ἐργασίαν
3230 3648 3657 3717 ἀσχολουμένου,
3699 3648 3841 3718 ὅπερ
3875 3651 3960 3713 εις

2372 3736 2601 3806 αὐξησιν
2646 3737 2755 3790 ἔδει
2802 3738 3129 3807 προχωρεῖν,
3178 3737 3336 3790 τοῦτο
3369 3738 3676 3791 δαπανᾶται
3723 3740 3809 3800 είς
3856 3739 3961 3809 τὴν

2372 3826 2482 3878 τῶν
2532 3826 2801 3896 περιττῶν
2848 3828 3130 3897 ἐργασίαν.
3162 3826 3228 3879 Τί
3260 3827 3324 3879 ἀν
3345 3844 3430 3889 τις
3468 3827 3611 3880 εἴποι
3640 3828 3736 3888 τὰς
3758 3828 3961 3881 ποδαλ-

2374 3916 2521 3983 γίας,
2557 3917 2619 3969 τὸ
2651 3917 2829 3987 ῥεῦμα
2862 3917 2924 3969 τὸ
2949 3914 3226 3986 πανταχοῦ
3254 3916 3625 3986 πλανώμενον,
3653 3916 3751 3971 τάς
3786 3917 3963 3983 ἄλλας

2375 4008 2562 4070 νόσους
2598 4009 2695 4069 τὰς
2732 4006 3003 4069 ἐντεῦθεν,
3050 4008 3147 4075 τὴν
3188 4006 3476 4077 βδελυρίαν
3504 4008 3753 4074 ἀπασαν;
3788 4009 3963 4062 Οὐδλν

2376 4096 2484 4168 7&9
2528 4098 2701 4161 οῦτως
2756 4097 2942 4168 ἀηδὲς,
2983 4097 3059 4159 ὡς
3104 4098 3241 4167 γυνὴ
3290 4097 3461 4151 πολλὰ
3490 4098 3807 4168 σιτουμένη.
3861 4100 3961 4153 Διά

2374 4186 2533 4239 τοῦτο
2576 4188 2632 4241 ἐν
2678 4189 2799 4250 ταῖς
2853 4188 3177 4256 πενομέναις
3223 4188 3442 4240 πλείονα
3487 4206 3585 4255 την
3642 4189 3958 4260 εὐμορφίαν

2378 4278 2477 4330 ἴδοι
2515 4294 2600 4340 τις
2644 4280 2732 4343 ἂν,
2766 4277 2875 4331 τῶν
2922 4277 3350 4347 περιττωμάτων
3382 4278 3823 4347 ἀναλισκομένων
3863 4283 3959 4333 καὶ

2376 4367 2498 4435 οὐχὶ
2528 4366 3073 4437 προσπεπλασμένων
3094 4368 3305 4429 αὐταῖς,
3337 4367 3508 4436 πηλοῦ
3527 4384 3671 4431 τινος
3696 4370 3957 4439 περιττοῦ

2376 4455 2552 4525 δίκην,
2575 4457 2699 4527 είκῆ
2724 4457 2818 4509 καὶ
2852 4457 3051 4525 μάτην.
3085 4456 3149 4508 Ἦ
3178 4457 3285 4528 γάρ
3309 4458 3649 4528 καθημερινὴ
3675 4461 3960 4528 γυμνασία

2378 4544 2475 4597 καὶ
2518 4545 2568 4596 οί
2613 4546 2764 4599 πόνοι
2792 4546 2886 4598 καὶ
2927 4549 2984 4597 αί
3028 4546 3398 4615 ταλαιπωρίαι
3440 4548 3533 4599 καὶ
3570 4550 3604 4616 ἡ
3640 4547 3961 4619 σύμμετρος

2378 4633 2625 4705 τράπεζα
2664 4636 2757 4688 καὶ
2797 4637 2831 4705 ή
2868 4634 2988 4705 λιτὴ
3026 4635 3207 4688 δίαιτα
3248 4636 3450 4707 πολλὴν
3483 4638 3581 4707 μὲν
3624 4637 3818 4701 αὐταῖς
3853 4640 3959 4710 τὴν

2379 4724 2613 4788 εὐεξίαν,
2641 4726 2839 4795 πολλὴν
2864 4726 2921 4777 δὲ
2962 4725 3215 4779 ἐντεῦθεν
3241 4729 3335 4780 καὶ
3366 4728 3465 4796 τὴν
3500 4728 3651 4795 ῶραν
3682 4730 3964 4799 παρέχου-

2383 4832 2488 4868 σιν.
2514 4815 2577 4887 El
2610 4816 2667 4868 δὲ
2697 4815 2796 4885 τὴν
2830 4814 3019 4885 ἡδονὴν
3048 4815 3149 4885 τῆς
3176 4817 3388 4886 τρυφῆς
3414 4816 3620 4883 λέγοις,
3662 4817 3828 4888 μέχρι
3859 4823 3959 4889 τῆς

2382 4904 2661 4974 φάρυγγος
2698 4904 2869 4974 αὐτὴν
2901 4905 3155 4973 εὑρήσεις
3193 4904 3373 4973 μόνον.
3420 4906 3587 4975 Ὁμοῦ
3610 4923 3675 4959 τε
3716 4924 3831 4977 γαρ
3858 4909 3960 4978 τὴν

2381 4994 2629 5062 γλῶτταν
2658 4994 2903 5066 παρῆλθε
2930 4995 3022 5046 καὶ
3043 4994 3288 5063 ἀπέπτη,
3319 4995 3521 5058 πολλάς
3546 4997 3831 5063 ἐναφιεῖσα
3863 4999 3961 5059 τάς

2382 5083 2594 5153 ἀηδίας.
2630 5084 2721 5154 Μὴ
2751 5084 2859 5154 γάρ
2886 5099 2978 5153 μοι
3018 5084 3449 5150 κατακειμένους
3478 5085 3640 5153 μόνον
3669 5088 3795 5149 τοὺς
3824 5103 3961 5157 τρυε

2387 5177 2603 5245 φῶντας
2638 5176 2773 5247 ῐδης,
2796 5174 2909 5228 ἀλλ’
2934 5175 3066 5227 ὅταν
3088 5173 3284 5236 αὐτοὺς
3309 5174 3644 5238 ἀναστάντας
3671 5176 3809 5246 ἴδῃς,
3837 5180 3957 5229 τότε

2386 5266 2890 5339 παρακολούθησον,
2926 5266 3020 5318 καί
3052 5262 3175 5331 ὄψει
3206 5262 3411 5334 θηρίων
3465 5266 3667 5333 μᾶλλον
3714 5267 3808 5318 καὶ
3838 5266 3961 5318 ἀλό-

2386 5376 2520 5426 γων,
2583 5360 2615 5426 ἢ
2677 5358 2982 5427 ἀνθρώπων
3038 5356 3286 5422 σώματα.
3349 5356 3509 5424 ὐψει
3559 5356 3668 5426 γὰρ
3716 5358 3961 5429 καρηϐα-

726 5445 821 5497 τοῦ
849 5447 1114 5513 διαϐόλου,
1160 5448 1275 5502 ἀλλ’
1321 5450 1356 5519 ή
1389 5449 1564 5520 τρυφὴ
1602 5449 1757 5518 μόνη.
1799 5448 1897 5501 Διά
1942 5450 2051 5520 γὰρ
2086 5453 2290 5523 ταύτης
2391 5448 2638 5517 ροῦντας,
2668 5444 3124 5513 διατεινομένους,
3160 5442 3591 5511 συνδεδεμένους,
3628 5444 3819 5511 κλίνης
3847 5443 3960 5493 δεο-

726 5535 796 5589 τά
832 5539 994 5607 μυρία
1045 5542 1074 5592 6
1116 5541 1349 5612 πονηρὸς
1400 5539 1608 5607 δαίμων
1657 5541 1863 5602 ἐκεῖνος
1909 5540 2061 5593 ἀνύει
2107 5545 2285 5598 κακά·

728 5626 869 5683 οὕτω
917 5629 1085 5700 δῆμον
1134 5630 1424 5703 ὁλόκληρον
1457 5631 1899 5703 ἐξετραχήλισεν·
1962 5631 2287 5704 Ἐλιπάνθη

2394 5537 2584 5605 μένους
2616 5536 2705 5588 καὶ
2739 5532 3027 5603 στρωμνῆς
3072 5532 3168 5583 καὶ
3196 5530 3423 5601 ἡσυχίας
3448 5531 3672 5598 πολλῆς,
3703 5532 3795 5582 καὶ
3829 5526 3957 5579 καθ-

2394 5630 2535 5700 άπερ
2584 5631 2638 5681 ἐν
2685 5627 2962 5695 κλυδωνίῳ
3024 5624 3201 5693 πολλῷ
3237 5625 3695 5694 ταραττομένους,
3724 5620 3953 5675 καὶτῶν
