4066 6348
178 425 295 483 8â€˜5

182 545 430 594 mentum
459 533 602 591 tinea
626 542 680 589 et
704 530 902 585 vermis
924 566 942 593 ,
989 526 1059 582 ita
1087 525 1310 579 istorum
1352 521 1556 574 animas
1583 514 1763 571 exedit

180 626 479 682 crudelitas
507 632 564 679 et
592 620 968 676 inhumanitas.
1012 616 1212 671 Horum
1242 621 1418 667 autem
1447 624 1606 664 causa
1635 613 1758 670 est,

180 715 333 784 quod
360 718 469 770 sint
492 712 638 768 aflixi
667 707 1043 781 praesentibus,
1066 716 1121 760 et
1144 704 1210 759 ad
1238 703 1398 757 vitam
1427 700 1596 755 solum
1626 712 1763 767 pra:-

181 815 400 861 sentem
433 802 638 857 inhient
663 820 675 855 :
699 800 842 855 unde
879 798 1040 854 etiam
1084 796 1140 849 iit
1169 803 1228 847 ut
1256 792 1456 863 ingenti
1483 789 1625 859 pleni
1653 787 1762 843 sint

178 896 355 950 animi
381 892 717 964 aegritudine.
746 890 878 945 Nam
910 888 1117 944 etiamsi
1146 885 1355 956 quidvis
1392 881 1683 953 jucundum
1708 888 1764 934 et

180 1001 351 1040 suave
377 984 576 1039 dixeris
598 1023 613 1047 ,
641 984 708 1038 ad
735 982 911 1035 omnia
937 979 1165 1034 delenda
1189 976 1386 1031 sufficit
1414 983 1588 1033 metus
1614 988 1760 1025 mor-

182 1075 256 1129 tis
286 1093 303 1131 :
332 1074 424 1144 qui
461 1083 642 1129 autem
683 1079 769 1128 est
809 1068 1141 1140 lmjusmodi,
1184 1076 1266 1122 est
1307 1073 1550 1121 mortuus
1587 1062 1761 1117 adhuc

180 1167 392 1220 vivens.
425 1166 489 1219 Et
525 1163 667 1235 quod
715 1162 1019 1217 infidelibus
1064 1159 1279 1231 quidem
1324 1159 1439 1212 haec
1475 1155 1758 1220 accidant,

181 1272 294 1310 non
337 1265 419 1310 est
457 1255 649 1309 mirum
677 1270 693 1308 :
721 1252 935 1322 quando
978 1259 1156 1306 autem
1196 1250 1253 1313 ii,
1295 1254 1386 1318 qui
1430 1256 1507 1301 tot
1536 1255 1587 1301 et
1615 1250 1761 1299 tanta

181 1354 545 1415 perceperunt
583 1344 836 1416 mysteria
881 1352 937 1398 et
982 1341 1052 1398 de
1092 1341 1284 1396 futuris
1312 1350 1416 1394 tam
1445 1338 1610 1392 multa
1637 1343 1762 1391 sunt

178 1436 573 1507 philusophati,
604 1436 764 1490 rebus
790 1434 1141 1504 praesentibus
1162 1432 1359 1486 addicti
1389 1431 1439 1484 in
1468 1430 1546 1484 eis
1568 1429 1762 1484 luben-

181 1538 265 1580 ter
308 1534 624 1587 versentur,
652 1539 882 1592 quanam
928 1523 1125 1577 fuerint
1150 1521 1294 1590 digni
1322 1519 1519 1576 venia?
1560 1518 1661 1585 Qui
1700 1516 1761 1571 fit

178 1625 388 1677 autem.
421 1614 561 1683 quod
593 1614 843 1668 lubenter
870 1623 1150 1667 versentur
1179 1612 1233 1665 in
1265 1609 1651 1680 prtesentibus?
1680 1608 1756 1662 Ex

178 1720 246 1759 eo
269 1703 415 1773 quod
439 1704 745 1759 incumbant
765 1703 991 1766 deliciis,
1009 1718 1222 1758 carnem
1245 1703 1504 1771 saginent,
1524 1701 1754 1754 animam

179 1796 435 1865 frangant
455 1811 519 1849 ac
546 1795 808 1859 molliant,
838 1803 893 1848 et
916 1808 1081 1863 grave
1103 1808 1237 1847 onus
1265 1792 1508 1854 reddant,
1537 1792 1755 1844 multas-

178 1900 285 1954 que
318 1885 569 1940 tenebras
594 1894 649 1940 et
675 1900 916 1940 crassum
962 1886 1136 1937 velum
1176 1883 1487 1937 obtendant.
1527 1882 1659 1935 Nam
1702 1881 1755 1935 in

177 1974 393 2029 deliciis
422 1974 637 2043 quidem
666 1973 741 2037 id,
768 1974 908 2043 quod
931 1983 1014 2029 est
1039 1973 1251 2036 melius,
1280 1972 1538 2041 redigitur
1562 1973 1611 2025 in
1637 1986 1757 2025 ser-

175 2065 405 2118 vitutem
428 2081 442 2129 ;
473 2063 614 2131 quod
641 2071 724 2117 est
751 2072 928 2117 autem
956 2064 1127 2132 pejus,
1150 2063 1479 2116 dominatum
1510 2061 1716 2115 obtinet
1740 2076 1757 2113 :

176 2160 233 2204 et
276 2151 406 2204 illud
446 2152 660 2220 quidem
692 2151 926 2221 undique
952 2160 1277 2215 excaecatur,
1309 2165 1664 2219 mancumque
1693 2164 1757 2204 ac

176 2242 425 2296 mutilum
454 2241 709 2307 trahitur;
728 2241 829 2295 hoc
858 2250 1035 2295 autem
1064 2242 1115 2294 in
1143 2255 1333 2295 omnes
1358 2250 1539 2310 partes
1566 2241 1672 2308 agit
1703 2248 1758 2293 et

176 2333 515 2401 circumagit,
536 2346 656 2385 cum
678 2332 902 2386 deberet
924 2345 1045 2386 esse
1068 2333 1117 2386 in
1143 2332 1262 2385 loco
1284 2340 1338 2385 et
1358 2330 1548 2384 ordine
1568 2344 1755 2383 eorum

176 2438 301 2491 qua:
328 2431 574 2491 aguntur.
597 2421 847 2477 Estenim
870 2436 1117 2492 magnum
1135 2422 1325 2474 anima:
1346 2420 1611 2474 vinculum
1635 2434 1755 2474 cum

174 2529 431 2585 corpore,
458 2513 616 2583 idque
638 2512 871 2582 providit
893 2524 947 2569 et
973 2506 1272 2582 procuravit
1296 2512 1504 2581 Opifex,
1528 2526 1595 2566 ne
1618 2521 1757 2566 tam-

177 2620 343 2673 quam
370 2604 607 2659 alienum
638 2604 688 2657 id
717 2604 896 2658 odisse
919 2604 1083 2673 aliqui
1111 2604 1516 2672 persuaderent.

247 2694 303 2747 9.
337 2692 468 2747 Nam
495 2693 633 2746 Deus
659 2693 872 2762 quidem
892 2695 1051 2762 jussit
1074 2695 1296 2763 diligere
1325 2694 1571 2748 inimicos
1598 2710 1612 2747 :
1645 2692 1759 2747 dia-

172 2785 333 2838 bolus
356 2792 532 2841 autem
561 2792 763 2837 tantum
790 2786 989 2853 potuit,
1038 2794 1097 2839 ut
1135 2786 1463 2854 persuaserit
1489 2786 1755 2854 aliquibus

172 2877 339 2930 etiam
373 2885 531 2927 suum
553 2887 747 2941 corpus
776 2874 973 2929 odisse.
999 2874 1130 2929 Nam
1161 2878 1376 2945 quando
1401 2876 1529 2929 dicit
1555 2876 1604 2928 id
1636 2889 1757 2929 esse

172 2964 415 3029 diaboli,
447 2964 578 3018 nihil
608 2964 752 3018 aliud
781 2980 937 3035 quam
969 2964 1070 3019 hoc
1114 2966 1304 3034 probat
1329 2983 1344 3020 :
1376 2965 1516 3033 quod
1544 2972 1627 3017 cst
1655 2978 1756 3018 ex-

174 3056 335 3113 tremi
363 3054 557 3109 delirii.
589 3054 644 3109 Si
672 3056 814 3109 enim
841 3064 921 3109 est
944 3055 1173 3119 diaboli,
1198 3055 1317 3122 quis
1346 3062 1428 3109 est
1450 3054 1753 3122 hujusmodi

172 3158 474 3201 consensus
503 3152 559 3198 et
584 3144 868 3199 concordia
887 3185 901 3208 ,
930 3154 988 3198 ut
1023 3144 1075 3197 id
1107 3144 1295 3199 reddat
1324 3144 1471 3197 omni
1512 3159 1576 3198 ex
1604 3152 1756 3212 parte

172 3246 364 3307 aptum
407 3236 473 3291 ad
522 3235 864 3304 operationes
911 3235 1135 3299 animae,
1167 3251 1288 3303 qua:
1318 3244 1531 3290 tenetur
1571 3234 1751 3289 studio

174 3329 571 3399 philosophith
611 3329 680 3382 At
726 3327 771 3381 si
816 3334 929 3390 est,
983 3327 1179 3396 inquit,
1230 3338 1442 3397 aptum,
1489 3327 1759 3396 quomodo

172 3419 327 3474 illam
348 3418 622 3474 excmcat?
642 3417 758 3471 Non
775 3426 855 3471 est
875 3431 1071 3485 corpus
1090 3416 1232 3486 quod
1248 3426 1484 3472 excazcat
1498 3418 1754 3485 animam,

174 3510 323 3564 absit
344 3550 359 3574 ,
383 3510 479 3563 sed
508 3509 734 3563 delieire.
774 3508 1003 3562 Delicias
1045 3516 1224 3562 autem
1255 3508 1523 3563 undenam
1553 3509 1761 3578 appeti-

176 3599 339 3653 mus?
384 3596 501 3653 Non
532 3599 719 3666 utique
748 3612 815 3651 ex
861 3612 960 3662 eo,
1005 3597 1147 3666 quod
1195 3612 1389 3666 corpus
1433 3597 1754 3664 habeamus,

175 3687 275 3741 sed
306 3702 373 3740 ex
400 3700 567 3754 prava
611 3685 765 3739 liberi
810 3685 1017 3739 arbitrii
1063 3686 1347 3740 electione.
1376 3685 1584 3755 Corpus
1614 3688 1754 3739 enim

175 3782 303 3845 eget
330 3774 586 3828 alimento
606 3814 623 3839 ,
668 3788 774 3827 non
825 3773 1062 3839 deliciis;
1112 3789 1307 3843 corpus
1337 3788 1472 3844 opus
1504 3775 1663 3829 habet
1698 3783 1758 3829 ut

174 3864 391 3929 alatur,
420 3878 529 3919 non
565 3874 625 3918 ut
669 3862 992 3933 infringatur
1020 3871 1074 3917 et
1112 3862 1341 3918 difï¬‚uat.
1384 3864 1568 3934 Neque
1614 3866 1755 3919 enim

176 3954 375 4008 anima:
406 3961 608 4008 tantum
628 3993 647 4019 ,
686 3953 779 4008 sed
809 3954 971 4009 etiam
1012 3953 1109 4023 ipsi
1138 3954 1351 4023 corpori
1380 3953 1522 4023 quod
1552 3955 1712 4008 alitur
1738 3995 1755 4021 ,

177 4044 367 4098 hostes
395 4052 521 4098 sunt
545 4043 769 4098 deliciae.
787 4042 917 4097 Nam
945 4057 1043 4112 pro
1070 4042 1291 4099 robusto
1321 4043 1380 4095 fit
1406 4043 1747 4109 imbecillius,

178 4149 282 4202 pro
312 4134 469 4187 lirmo
498 4133 744 4199 mollius,
788 4148 887 4201 pro
915 4131 1115 4187 salubri
1149 4132 1629 4200 valetudinarium,
1664 4148 1759 4202 pro

178 4225 287 4278 levi
314 4223 551 4294 gravius,
574 4238 671 4292 pro
691 4223 861 4279 denso
888 4226 1082 4291 rarius,
1107 4233 1163 4279 et
1186 4232 1339 4294 turpe
1365 4239 1465 4293 pro
1490 4226 1756 4293 formoso,

178 4326 235 4372 et
262 4332 362 4386 pro
391 4316 529 4371 bene
565 4316 744 4370 olente
786 4316 947 4395 pejus
990 4316 1143 4371 olens
1172 4331 1235 4371 ac
1263 4316 1541 4383 ftetidum,
1569 4327 1624 4371 et
1662 4331 1761 4386 pro

177 4408 385 4462 mundo
414 4408 745 4462 immundum
765 4448 780 4473 ,
809 4417 865 4463 et
886 4408 1075 4465 dolore
1100 4409 1354 4479 agitatum
1378 4423 1477 4478 pro
1496 4410 1723 4467 remisso
1742 4450 1758 4475 ,

180 4498 377 4553 inutile
408 4513 507 4567 pro
531 4499 681 4562 utili,
713 4509 866 4553 vetus
887 4513 985 4569 pro
1014 4514 1156 4554 novo
1176 4540 1191 4567 ,
1223 4500 1494 4569 putridum
1522 4516 1619 4570 pro
1650 4500 1760 4554 for-

183 4589 224 4641 ti
245 4628 261 4653 ,
300 4588 616 4657 tardumque
641 4598 696 4644 et
724 4588 889 4644 hebes
939 4603 1035 4658 pro
1064 4591 1228 4646 celeri
1255 4632 1271 4658 ,
1300 4600 1356 4647 et
1383 4592 1634 4647 claudum
1665 4606 1762 4660 pro

178 4684 336 4732 recto
358 4686 414 4732 et
444 4676 675 4746 integro.
703 4678 863 4747 Atqui
892 4680 936 4733 si
958 4689 1102 4735 esset
1129 4680 1363 4748 diaboli,
1396 4697 1503 4736 non
1544 4692 1759 4754 oporteo

180 4775 269 4820 ret
308 4767 484 4834 ipsum
512 4766 581 4820 ab
610 4782 675 4821 eo
720 4767 878 4831 laedi,
911 4783 939 4820 a
975 4768 1107 4822 vitio
1152 4771 1389 4839 inquam.
1436 4768 1542 4826 Sed
1588 4785 1763 4842 neque

180 4868 419 4922 corpus,
449 4868 624 4925 neque
663 4856 769 4909 eihi
815 4864 939 4911 sunt
967 4857 1199 4926 diaboli,
1230 4859 1327 4915 sed
1357 4860 1487 4915 solae
1533 4861 1759 4915 delicias.

181 4942 323 4997 Nam
353 4958 447 5011 per
474 4958 568 4998 eas
609 4945 901 5000 sceleratus
930 4946 1019 4999 ille
1059 4945 1270 5002 daemon
1300 4949 1438 5002 mala
1486 4948 1655 5005 efï¬cit
1682 4950 1765 5007 in-

182 5030 537 5086 numerabilia
571 5048 585 5084 :
635 5031 715 5086 sic
766 5034 1018 5103 populum
1050 5035 1315 5105 integrum
1348 5053 1561 5106 pessum
1593 5038 1761 5093 dedit.

182 5120 547 5189 Impinguatus
574 5131 647 5174 est
669 5122 834 5187 enim,
858 5122 1062 5192 inquit,
1087 5132 1135 5179 et
1193 5126 1455 5191 dilatatur,
1478 5138 1527 5182 et
1550 5130 1763 5183 recalci-

183 5210 340 5264 trtm't
362 5209 573 5263 dilectus
602 5210 780 5281 (Deut.
806 5214 895 5267 52.
926 5214 1039 5283 15).
1063 5214 1233 5270 Porro
1261 5217 1387 5271 hinc
1414 5234 1628 5289 quoque
1664 5222 1764 5276 So-

184 5299 367 5355 domis
398 5297 496 5353 fuit
535 5299 750 5354 illorum
778 5302 1058 5358 fulminum
1106 5306 1332 5361 initium.
1365 5309 1519 5374 Quod
1547 5311 1762 5380 quidem

185 5386 501 5459 signiï¬cans
579 5388 823 5444 Ezechiel
854 5392 1098 5448 dicebat:
1132 5395 1237 5450 Sed
1266 5398 1372 5451 haec
1399 5400 1638 5467 iniquitas
1664 5401 1764 5456 So.

186 5484 460 5532 domorum
486 5491 505 5531 :
546 5478 601 5530 in
639 5479 905 5548 superbia,
932 5491 981 5535 et
1008 5483 1061 5536 in
1086 5486 1400 5540 abundantia
1429 5490 1576 5556 panis
1598 5531 1613 5554 ,
1640 5500 1686 5543 et
1712 5490 1765 5542 in

188 5569 345 5622 rebus
382 5568 615 5622 secundis
639 5584 693 5623 se
720 5569 983 5638 explebant
1024 5571 1218 5631 deliciis
1258 5575 1483 5643 (Ezech.
1514 5579 1599 5633 l6.
1631 5580 1700 5634 48
1724 5581 1762 5647 ).

269 5658 477 5725 Quanta
502 5660 638 5714 mala
664 5676 729 5715 ea:
763 5660 884 5730 gula
907 5661 1229 5716 oriantur.â€”-
1241 5663 1529 5734 Propterea
1573 5670 1764 5725 Paulus

189 5759 410 5817 Quoque
453 5750 706 5808 dicebat:
754 5750 879 5816 Qui:
920 5760 1097 5810 autem
1137 5755 1191 5809 in
1235 5754 1427 5811 deliciis
1455 5756 1631 5828 degit,
1681 5759 1755 5816 viâ€”

1179 410 1243 465 IN
1280 405 1497 465 EPIST.
1533 403 1556 457 Î™
1619 400 1711 457 Î”Î™)
1748 397 1903 458 COR.
1944 398 2171 455 liOMlL.
2214 398 2452 456 XXXIX.

3336 395 3439 451 556

1869 526 1987 566 oens
2034 524 2107 567 est
2146 525 2341 569 mortua
2378 516 2470 585 (Î™.
2512 513 2647 570 Tim.
2688 517 2743 571 5.
2782 516 2875 585 6).
2934 517 3143 583 Quare?
3176 515 3437 583 Quoniam

1868 605 2177 660 circumfert
2221 621 2418 676 corpus
2470 617 2736 678 tamquam
2778 608 3105 678 sepulcrum,
3133 608 3437 678 colligatqu

1870 693 2024 747 malis
2052 695 2547 753 innumerabilibus.
2588 682 2647 752 Si
2690 707 2870 753 autem
2918 712 3114 767 corpus
3153 698 3224 751 ita
3265 698 3438 766 perit.
3508 728 3509 731 Î·

1868 785 2138 851 quomodo
2165 784 2432 843 afï¬cietur
2459 788 2634 842 anima
2657 827 2670 850 ,
2702 796 2901 856 quanto
2925 788 3153 841 tumultu
3173 826 3193 852 ,
3225 788 3438 856 quantis

1868 872 2119 928 ï¬‚uctibus
2138 915 2154 941 ,
2187 886 2383 945 quanta
2413 886 2730 945 tempestate
2757 878 2861 931 erit
2888 877 3121 931 referta?
3148 876 3436 945 Propterea

1869 964 2084 1033 quidem
2111 975 2256 1020 certe
2276 966 2342 1021 ad
2371 968 2550 1021 omnia
2573 968 2637 1021 sit
2668 968 2891 1027 inutilis.
2913 978 2967 1022 et
2994 981 3093 1021 nec
3118 966 3320 1031 dicere,
3340 980 3438 1020 nec

1868 1055 2075 1122 audire.
2102 1072 2277 1127 neque
2296 1060 2605 1113 consultare
2640 1062 2814 1128 neque
2838 1059 3035 1129 aliquid
3064 1074 3221 1128 agere
3245 1073 3433 1113 eorum

1867 1161 1985 1216 quze
2013 1146 2168 1203 decet
2211 1147 2367 1203 facile
2415 1149 2644 1217 poterit:
2675 1149 2770 1204 sed
2812 1149 2952 1205 sicut
2991 1150 3312 1219 gubernator
3335 1188 3350 1211 ,
3383 1148 3434 1201 si

1867 1244 2158 1305 tempestas
2185 1237 2375 1294 vicerit
2397 1248 2565 1293 artem
2589 1277 2603 1301 ,
2635 1254 2756 1295 cum
2790 1240 2901 1307 ipsa
2932 1255 3067 1294 nave
3108 1248 3158 1292 et
3206 1239 3435 1293 vectori-

1867 1327 1967 1384 bus
1995 1328 2387 1397 submergitur:
2418 1329 2488 1383 ita
2518 1330 2681 1384 etiam
2711 1331 2885 1383 anima
2915 1345 3036 1383 cum
3076 1345 3303 1401 corpore
3330 1330 3427 1384 de-

1866 1421 2127 1491 mergitur
2168 1422 2221 1474 in
2268 1435 2483 1488 gravem
2535 1420 2787 1491 abyssum
2832 1422 3275 1477 insensibilitatis.
3303 1421 3435 1476 Nam

1865 1510 2005 1565 sicut
2030 1509 2313 1580 quamdam
2342 1512 2539 1565 molam
2573 1511 2712 1567 Deus
2753 1512 2907 1567 nobis
2954 1522 3194 1567 ventrem
3221 1512 3430 1575 indidit,

1864 1601 1985 1656 data
2013 1603 2331 1671 congruenti
2358 1610 2414 1657 et
2441 1602 2714 1658 moderata
2746 1604 3013 1670 facultate,
3047 1612 3100 1658 et
3127 1614 3273 1658 certa
3299 1620 3434 1659 cou-

1864 1690 2046 1745 stituta
2084 1706 2373 1757 mensura,
2405 1707 2562 1760 quam
2597 1694 2769 1762 ipsum
2814 1702 3026 1763 oportet
3053 1694 3287 1765 quotidie
3321 1710 3435 1748 mo-

1862 1780 1995 1836 lere.
2020 1780 2077 1835 Si
2103 1781 2221 1851 quis
2246 1796 2375 1851 ergo
2402 1782 2554 1849 plura
2579 1782 2800 1852 injiciat,
2829 1800 2888 1839 ea
2915 1800 3022 1839 non
3048 1785 3289 1839 confecta
3316 1786 3437 1841 Î¹Î¹Î¹Î¹á½·â´

1862 1886 2019 1927 verso
2048 1872 2265 1926 exitium
2293 1872 2542 1928 all'erunt.
2589 1873 2726 1929 lline
2752 1876 2926 1929 morbi
2956 1887 3012 1930 et
3046 1878 3434 1932 imbecillitates

1862 1970 1918 2015 et
1946 1960 2313 2016 deformitates
2339 1980 2353 2016 :
2386 1979 2491 2017 non
2524 1966 2667 2019 enim
2696 1966 2868 2022 solum
2898 1970 3227 2035 morbidam,
3257 1971 3349 2025 sed
3379 1980 3436 2024 et

1862 2063 2073 2124 turpem
2102 2052 2302 2109 faciunt
2323 2054 2529 2111 delicia:
2554 2071 2672 2111 eam
2703 2073 2821 2127 qua
2849 2060 3065 2127 pulchra
3091 2070 3228 2116 erat.
3256 2061 3436 2127 Quan-

1861 2145 1933 2200 do
1976 2147 2120 2200 enim
2149 2145 2431 2215 injucunda
2464 2148 2678 2202 assidue
2708 2161 2939 2213 eructat,
2968 2159 3023 2204 et
3052 2150 3318 2219 putridum
3347 2151 3431 2203 vi-

1862 2249 1989 2288 num
2017 2235 2183 2303 spirat
2205 2276 2219 2298 ,
2250 2243 2305 2290 et
2342 2236 2460 2305 plus
2486 2250 2642 2306 quam
2685 2252 2783 2306 par
2822 2238 2891 2293 sit
2929 2239 3190 2305 rubescit,
3218 2250 3274 2293 et
3302 2255 3430 2295 eum

1862 2324 1952 2390 qni
1981 2324 2192 2379 mulieri
2220 2326 2470 2380 convenit
2497 2337 2743 2382 ornatum
2767 2330 3080 2399 corrumpit,
3112 2344 3433 2398 omnemque

1860 2412 2037 2482 perdit
2063 2414 2312 2468 decorem
2353 2425 2407 2468 et
2456 2417 2827 2482 honestatem;
2876 2428 2931 2474 et
2980 2419 3197 2474 llaccida
3220 2420 3429 2487 quidem

1863 2502 1921 2553 lit
1949 2516 2106 2564 caro,
2148 2503 2433 2571 sanguinea
2473 2513 2649 2559 autem
2687 2517 2743 2560 et
2786 2508 2990 2561 intensa
3022 2507 3308 2576 supercilia
3332 2549 3346 2572 ,
3380 2517 3459 2562 et,

1864 2591 2034 2659 major
2062 2608 2218 2660 quam
2246 2608 2339 2662 par
2368 2598 2439 2649 sit
2465 2597 2785 2663 crassitudo,
2800 2608 2855 2653 et
2882 2614 3275 2668 supervacanea
3306 2616 3426 2653 car-

1863 2682 1947 2736 nis
1972 2687 2333 2740 excrescentia
2354 2702 2367 2738 :
2391 2687 2561 2756 cogita
2588 2698 2784 2757 quanta
2809 2689 2931 2743 hinc
2961 2690 3030 2744 sit
3056 2690 3350 2745 insuavitas
3375 2700 3430 2745 et

1862 2776 2125 2830 molestia.
2170 2779 2359 2831 Audivi
2406 2794 2618 2848 quoque
2665 2781 2903 2836 medicos
2938 2781 3209 2847 dicentes,
3250 2782 3430 2835 multis

1862 2863 2242 2932 impedimento
2266 2865 2433 2920 fuisse
2458 2868 2679 2923 delicias
2706 2885 2772 2924 ne
2802 2872 3105 2937 proceriore
3125 2880 3304 2925 essent
3324 2879 3433 2924 sta-

1862 2962 1998 3007 tura.
2034 2954 2167 3008 Nam
2186 2970 2308 3009 cum
2333 2954 2682 3012 intersecetur
2708 2960 2927 3025 spiritus
2968 2961 3305 3020 multitudine
3333 2976 3430 3016 Î¸Î¿Î¹

1860 3058 1978 3097 rum
2023 3060 2140 3113 qua:
2168 3046 2507 3114 dejicluntur,
2539 3057 2593 3101 et
2620 3059 2907 3117 occupetur
2936 3051 2988 3104 in
3029 3051 3093 3105 iis
3130 3052 3422 3107 conficien-

1860 3133 1944 3187 dis
1964 3174 1976 3198 ,
2004 3134 2151 3203 quod
2178 3138 2461 3203 Oportebat
2504 3137 2569 3191 ad
2619 3148 2959 3208 augmentum
3013 3142 3345 3211 procedere,
3375 3142 3431 3197 id

1860 3223 1913 3277 in
1945 3238 2455 3294 supervacaneorum
2484 3227 2767 3283 insumitur
2790 3231 3147 3285 confectione.
3176 3232 3310 3296 Quid
3341 3232 3426 3287 diâ€”

1860 3317 2006 3371 xeris
2032 3316 2102 3371 de
2130 3316 2322 3386 pedum
2351 3317 2625 3373 doloribus
2646 3359 2660 3384 ,
2693 3319 2761 3374 de
2803 3320 3081 3376 rheumate
3107 3322 3248 3391 quod
3278 3322 3434 3375 ober-

1860 3418 1943 3465 rat
1972 3410 2023 3463 in
2069 3423 2257 3465 omnes
2301 3420 2510 3481 partes,
2541 3412 2666 3480 quid
2694 3410 2760 3466 de
2804 3412 2921 3466 aliis
2951 3414 3150 3469 morbis
3175 3410 3261 3483 Qui
3309 3413 3434 3467 hinc

1861 3508 2106 3560 oriuntur
2128 3548 2142 3572 ,
2172 3516 2224 3561 et
2255 3507 2375 3561 aliis
2399 3506 2803 3566 abominandis?
2838 3508 2979 3568 Nihil
3005 3520 3088 3565 est
3114 3512 3253 3564 enim
3280 3526 3434 3578 teque

1862 3597 2205 3665 injucundum
2234 3605 2289 3651 et
2317 3598 2535 3652 insuave
2562 3607 2621 3652 ut
2647 3598 2837 3653 mulier
2863 3639 2878 3663 ,
2912 3615 3028 3667 qua:
3056 3602 3220 3653 multa
3246 3614 3430 3653 come-

1871 3686 1960 3739 Jit.
1994 3686 2281 3756 Propterea
2312 3687 2362 3740 in
2394 3689 2730 3756 pauperculis
2750 3689 2945 3743 videris
2970 3689 3227 3757 majorem
3248 3690 3434 3745 forma:

1861 3774 2349 3845 pulchritudinem,
2378 3776 2505 3830 dum
2548 3788 2934 3831 consumuntur
2974 3789 3315 3832 excrementa
3336 3819 3350 3843 ,
3377 3789 3434 3833 et

1860 3880 1970 3918 non
2010 3864 2288 3919 adhaerent
2315 3880 2489 3935 neque
2533 3865 2727 3920 frustra
2755 3866 3079 3934 adjiciuntur
3107 3868 3237 3934 ipsis
3266 3869 3434 3921 instar

1863 3955 1959 4010 luti
1983 3956 2385 4024 supervacanei.
2415 3954 2545 4010 Nam
2578 3955 2886 4026 quotidiana
2910 3957 3221 4011 exercitatio
3246 3998 3260 4021 ,
3284 3957 3431 4012 labo-

1861 4060 1971 4111 res,
2000 4045 2318 4100 afï¬‚ietiones
2339 4086 2354 4109 ,
2387 4060 2571 4101 mensa
2600 4047 2872 4102 moderata
2904 4058 2956 4102 et
2994 4049 3166 4102 tenuis
3191 4048 3311 4101 vitzc
3338 4064 3426 4102 raâ€”

1863 4139 1959 4203 tio,
1991 4138 2217 4192 multam
2237 4137 2315 4192 eis
2342 4140 2581 4207 praebent
2610 4140 2800 4193 bonam
2826 4140 3206 4204 habitudinem,
3235 4148 3288 4193 ct
3309 4141 3434 4195 hinc

1862 4241 2075 4297 quoque
2104 4243 2350 4298 magnam
2380 4228 2849 4298 pulchritudinem.
2881 4230 2937 4284 Si
2965 4238 3143 4285 autem
3172 4230 3433 4284 obtendas

1862 4317 2175 4374 deliciarqu
2198 4317 2547 4387 voluptatem,
2575 4334 2695 4374 eam
2722 4320 2957 4375 invenies
2980 4320 3154 4374 solum
3180 4334 3346 4385 usque
3366 4320 3432 4373 ad

1870 4410 2039 4479 gulam
2066 4427 2080 4463 :
2109 4424 2230 4463 nam
2273 4411 2431 4464 simul
2457 4418 2615 4480 atque
2643 4411 2873 4480 linguam
2905 4411 3192 4480 praeteriit,
3225 4411 3431 4477 avolat,

1867 4500 2059 4555 multas
2089 4500 2385 4555 immittens
2412 4501 2704 4555 molestias.
2730 4502 2807 4556 Ne
2827 4502 2955 4555 mihi
2982 4502 3121 4555 enim
3153 4502 3323 4555 solum
3346 4515 3435 4554 ac-

1862 4593 2176 4647 cumbentes
2200 4592 2380 4645 videas
2401 4606 2495 4646 eos
2514 4592 2601 4660 qui
2624 4593 2805 4646 vivunt
2826 4592 2877 4645 in
2900 4592 3125 4654 deliciis,
3154 4591 3244 4644 sed
3266 4607 3433 4659 quan-

1863 4682 1934 4737 do
1964 4683 2159 4737 videris
2200 4696 2295 4737 eos
2336 4682 2669 4745 surrexisse,
2704 4691 2826 4736 tunc
2866 4697 3123 4751 sequere,
3150 4690 3203 4734 et
3228 4679 3434 4735 videbis

1864 4773 2033 4845 magis
2062 4787 2184 4827 esse
2216 4772 2444 4827 ferarum
2470 4779 2524 4826 et
2548 4771 2824 4826 brutorum
2846 4785 3067 4841 corpora
3087 4812 3102 4837 ,
3145 4785 3301 4840 quam
3333 4770 3432 4823 Î¹Î¹Î¹Â».

1866 4865 2092 4918 minum.
2116 4861 2337 4917 Videbis
2358 4862 2499 4916 enim
2520 4863 2694 4932 capite
2715 4870 2983 4932 gravatos,
3008 4860 3429 4931 pandiculantes,

1865 4954 2149 5023 colligatos
2169 4992 2185 5019 ,
2214 4952 2353 5006 lecto
2394 4966 2531 5022 opus
2559 4952 2851 5019 habentes,
2897 4951 3146 5021 stragulis
3183 4961 3237 5006 et
3267 4951 3431 5005 multa

1864 5046 2044 5114 quiete
2065 5082 2081 5109 ,
2111 5052 2167 5098 et
2194 5052 2463 5112 tamquam
2495 5043 2549 5098 in
2580 5043 2763 5099 multis
2794 5042 2948 5098 undis
2975 5042 3323 5112 ï¬‚uctibusque
3346 5042 3430 5110 ja-

1865 5142 2039 5189 ctatos
2063 5143 2115 5188 et
2143 5132 2483 5202 perturbatos
2501 5174 2516 5198 ,
2543 5143 2597 5188 et
2623 5133 2689 5188 iis
2717 5134 2809 5203 qui
2830 5142 3045 5188 servent
3067 5136 3199 5203 opus
3230 5133 3429 5185 haben-

1867 5234 1983 5292 tes,
2014 5224 2397 5294 eupientesque
2429 5225 2480 5278 in
2523 5224 2617 5278 illo
2652 5238 2773 5279 esse
2817 5234 2990 5287 statu,
3036 5224 3088 5277 in
3134 5239 3241 5293 quo
3281 5232 3434 5275 erant

1866 5318 2176 5386 priusquam
2205 5316 2686 5386 disrumperentur.
2717 5314 3009 5385 Tamquam
3030 5316 3172 5371 enim
3195 5313 3433 5385 gravidae

1866 5406 2120 5462 mulieres
2138 5447 2153 5473 ,
2183 5408 2253 5461 ita
2275 5408 2476 5477 gravati
2507 5416 2720 5461 ventres
2744 5406 3141 5470 circumferunt,
3165 5412 3218 5458 et
3236 5404 3322 5458 vix
3351 5404 3432 5459 in-

1866 5498 2212 5564 grediuntur,
2271 5501 2357 5551 vix
2406 5497 2701 5565 aspiciunt,
2734 5499 2821 5553 vix
2874 5499 3186 5566 loquuntur,
3240 5505 3294 5549 et
3338 5496 3431 5550 vix

1868 5589 2069 5642 omnia.
2098 5587 2255 5654 Quod
2282 5587 2326 5641 si
2355 5595 2638 5656 contigerit
2678 5603 2771 5644 eos
2810 5601 2993 5657 parum
3034 5584 3299 5649 dormire,
3332 5585 3429 5640 ab-

1869 5678 2032 5733 surda
2063 5692 2251 5733 rursus
2280 5676 2457 5731 vident
2476 5680 2678 5733 somnia
2698 5718 2713 5745 ,
2739 5689 2792 5733 et
2817 5676 3009 5731 referta
3030 5674 3156 5731 visis
3184 5676 3430 5732 innume-

1869 5766 2147 5823 rabilibus.
2170 5766 2307 5833 Quid
2333 5778 2520 5823 rursus
2534 5766 2734 5823 dixeris
2754 5768 2821 5823 de
2848 5768 2949 5822 alia
2972 5767 3180 5824 illorum
3202 5768 3427 5834 insania,
