4066 6348
560 254 668 319 5'47

562 373 632 427 de
660 388 752 439 re,
800 371 1045 443 inquam,
1092 375 1360 430 venerea?
1407 375 1538 430 Nam
1566 391 1629 430 ea
1672 390 1885 445 quoque
1926 390 1990 429 ex
2036 373 2139 429 hoc

568 465 718 518 fonte
744 474 956 518 manat:
978 473 1033 519 et
1059 465 1195 520 sicut
1222 465 1345 535 equi
1376 466 1429 519 in
1461 465 1688 521 feminas
1714 465 1895 520 furore
1920 464 2137 534 perciti,

568 555 640 606 ita
671 554 943 609 ebrietatis
971 563 1137 609 (estw
1177 554 1465 622 stimulati»,
1496 570 1683 610 omnes
1727 556 2000 620 insiliunt,
2027 563 2140 608 sto-

568 645 728 699 lidius
765 654 820 700 et
867 645 1119 699 furiosius
1167 661 1326 715 quam
1360 646 1434 699 illi
1481 646 1849 710 exsultantes,
1880 654 1933 699 et
1976 643 2142 697 multa

566 736 669 788 alia
698 735 945 791 indecore
972 736 1247 801 facientes,
1272 752 1390 806 quae
1413 736 1562 791 nefas
1591 736 1805 806 quidem
1835 744 1915 789 est
1942 734 2141 788 dicere.

570 825 752 894 Neque
780 826 924 880 enim
968 828 1147 881 sciunt
1173 842 1234 881 ea
1257 867 1272 892 ,
1304 843 1423 895 quze
1454 828 1733 896 patiuntur
1753 866 1768 889 ,
1815 838 1988 892 neque
2027 838 2148 893 qua:

568 924 755 984 agunt.
782 914 886 971 Sed
916 931 1022 970 non
1049 925 1131 971 est
1169 917 1429 985 ejusmodi
1460 918 1506 970 is
1543 916 1633 985 qui
1664 930 1771 968 nou
1804 914 1897 967 dat
1927 927 2145 979 operam

568 1008 810 1070 deliciis;
838 1008 934 1063 sed
971 1008 1125 1063 sedet
1152 1008 1202 1061 in
1232 1019 1386 1076 portu
1408 1048 1421 1070 ,
1454 1008 1684 1061 aliorum
1710 1005 1899 1058 videns
1930 1002 2151 1057 naufra-

569 1098 682 1164 gia,
711 1106 766 1151 et
789 1113 918 1163 pura
949 1106 1311 1168 perpetuaque
1337 1098 1530 1152 fruitur
1555 1097 1861 1165 voluptate,
1888 1110 2006 1149 eam
2033 1110 2152 1164 qua:

1312 252 1371 320 8.
1396 261 1671 322 JOANNIS
1703 252 2175 319 CHRYSOSTOMI
2211 260 2525 337 ARCHIEP.
2552 255 3080 321 CONSTANTINOP.

2245 375 2417 431 libero
2443 374 2643 431 homini
2670 378 2921 431 convenit
2949 378 3109 430 vitam
3138 389 3319 445 agens.
3346 375 3471 431 llaec
3491 390 3627 447 ergo
3648 377 3814 432 scies-

2245 477 2361 533 tes,
2391 469 2652 539 fugiamus
2694 471 2832 522 mala
2874 469 3116 522 convivia
3144 467 3452 521 deliciarum
3480 477 3537 522 et
3580 482 3817 523 mensam

2247 570 2526 614 teneamus
2556 568 2812 615 tenuem:
2844 571 2900 614 ut
2938 569 2993 614 et
3019 562 3195 614 anima
3235 569 3289 614 et
3316 575 3543 630 corpore
3582 561 3724 615 bene
3752 560 3821 613 af-

2248 650 2392 715 fecti,
2420 664 2633 704 omnem
2662 665 2950 719 operemur
2977 652 3256 713 virtutem,
3289 658 3343 703 et
3367 651 3505 702 bona
3540 649 3717 702 futura
3744 664 3825 702 as-

2248 753 2568 808 sequamur,
2599 739 2765 807 gratia
2798 748 2852 792 et
2881 740 3207 808 benignitate
3238 738 3445 791 Domini
3488 738 3662 792 nostri
3704 738 3823 792 Jesu

2248 827 2483 892 Christi,
2514 828 2727 898 quicum
2758 828 2901 882 Patri
2932 843 3145 897 unaque
3163 828 3382 896 Spiritui
3412 836 3605 881 sancto
3626 828 3822 897 gloria,

2251 918 2565 986 imperium,
2599 922 2806 983 honor,
2856 934 2999 974 nunc
3047 930 3102 973 et
3148 933 3398 989 semper,
3448 927 3504 972 et
3548 920 3605 972 in
3637 917 3827 973 sarcula

2252 1008 2591 1064 saeculorum.
2622 1008 2816 1065 Amen.

1952 1278 2301 1340 HOMILIA
2342 1279 2481 1340 XL.

572 1421 697 1475 CAP.
743 1420 831 1477 15.
872 1438 924 1476 v.
954 1420 1046 1477 29.
1087 1421 1289 1491 Alioqui
1316 1420 1439 1491 quid
1483 1421 1667 1491 facient
1704 1418 1789 1486 qui
1833 1417 2153 1486 baptizantur

645 1530 737 1583 pro
766 1513 1005 1578 mortuis,
1040 1515 1084 1567 si
1113 1514 1317 1567 omnino
1346 1512 1531 1566 mortui
1558 1527 1660 1566 non
1686 1515 1994 1581 resurgunt?
2028 1510 2151 1581 quid

644 1613 692 1656 et
720 1603 1039 1672 baptismitur
1065 1618 1156 1671 pro
1183 1603 1284 1656 illis
1304 1603 1330 1656 ?

646 1696 701 1746 t.
744 1692 1189 1747 Marcionistarum
1232 1696 1379 1747 ritus.
1424 1721 1497 1733 —-
1542 1690 1699 1746 Aliud
1741 1704 1952 1745 rursum
1996 1698 2156 1758 caput

573 1784 910 1854 aggreditur,
938 1784 1221 1855 aliquando
1248 1784 1461 1854 quidem
1488 1800 1555 1839 ex
1583 1785 1647 1839 iis
1671 1798 1791 1853 quae
1818 1783 1960 1836 Deus
1989 1780 2114 1835 facit
2134 1820 2163 1844 ,.

574 1876 862 1947 aliquando
890 1888 1072 1931 autem
1096 1892 1163 1932 ex
1206 1877 1271 1931 iis
1311 1891 1430 1946 quae
1460 1876 1560 1943 ipsi
1595 1882 1798 1944 agunt,
1835 1872 2064 1941 probans
2093 1884 2157 1924 ea

576 1983 697 2037 qua:
738 1967 1004 2022 dicuntur.
1047 1968 1143 2023 Est
1183 1976 1359 2021 autem
1401 1967 1503 2020 hoc
1542 1965 1609 2019 ad
1652 1964 2019 2036 defensionem
2050 1976 2158 2016 non

579 2074 800 2128 parvum
829 2067 1199 2127 argumentum
1227 2097 1240 2119 ,
1272 2055 1487 2125 quando
1510 2069 1604 2110 eos
1630 2054 1722 2124 qui
1749 2052 2155 2117 contradicunt,

580 2139 797 2194 adducit
835 2148 995 2194 testes
1036 2155 1224 2193 eorum
1262 2154 1383 2206 qua:
1412 2139 1659 2191 dicuntur
1682 2178 1697 2203 ,
1729 2152 1823 2206 per
1848 2150 1911 2189 ea
1938 2150 2056 2204 quze
2081 2132 2159 2188 fa-

578 2231 749 2286 ciunt.
786 2230 925 2297 Quid
961 2238 1045 2284 est
1081 2244 1209 2298 ergo
1237 2229 1379 2298 quod
1420 2229 1591 2283 dicit?
1632 2243 1701 2282 an
1732 2227 1892 2282 vultis
1930 2226 2158 2297 primum

582 2322 782 2386 dicam,
811 2320 1078 2389 quomodo
1105 2322 1241 2375 hanc
1266 2321 1549 2375 dictionem
1577 2321 1879 2373 adulteram
1903 2319 1991 2388 qui
2018 2332 2162 2372 mor-

585 2413 657 2467 bo
698 2412 939 2467 laborant
979 2410 1303 2466 Marcionis?
1342 2412 1516 2480 Atque
1557 2411 1670 2465 scio
1708 2410 1923 2479 quidem
1962 2408 2078 2462 fore
2108 2414 2167 2461 ut

584 2504 752 2558 risum
783 2503 1003 2556 multum
1030 2517 1311 2566 moveam;
1342 2518 1527 2556 verum
1553 2502 1715 2555 etiam
1744 2508 2024 2567 propterea
2054 2511 2167 2551 ma-

587 2594 731 2649 xime
759 2594 929 2647 dicam
947 2634 968 2660 ,
988 2600 1047 2648 ut
1076 2593 1287 2647 illorum
1316 2591 1558 2645 morbum
1582 2589 1749 2657 magis
1776 2586 2005 2657 fugiatis.
2036 2585 2166 2639 Nam

588 2695 868 2755 postquatn
884 2684 1295 2739 catechumenus
1310 2681 1570 2752 quispiam
1589 2679 1726 2749 apud
1743 2693 1835 2734 eos
1850 2678 2165 2743 excesserit,

588 2777 691 2830 sub
710 2775 846 2829 lecto
868 2775 1061 2828 mortui
1084 2774 1345 2827 absconso
1366 2771 1545 2841 aliquo
1566 2773 1795 2835 vivente,
1823 2768 2082 2823 accedunt
2100 2767 2168 2820 ad

589 2874 859 2919 tuortuum
902 2872 956 2918 et
998 2865 1335 2933 alloquuntur
1372 2869 1662 2931 rogantque
1697 2865 1895 2914 velitne
1930 2859 2172 2927 accipere

591 2953 911 3023 baptismum
941 2969 956 3008 :
985 2952 1177 3008 deinde
1221 2952 1314 3006 illo
1353 2951 1483 3006 nihil
1526 2950 1921 3019 respondente,
1961 2949 2053 3018 qui
2091 2956 2175 3002 est

592 3046 889 3101 ubscousus
916 3044 1123 3099 inferne
1145 3085 1161 3110 ,
1205 3058 1301 3113 pro
1341 3043 1435 3096 illo
1464 3041 1593 3096 dicit
1620 3056 1679 3096 se
1708 3040 1845 3095 velle
1878 3037 2174 3107 baptizari;

593 3146 651 3191 et
678 3139 756 3192 sic
783 3153 904 3191 eum
934 3137 1206 3205 baptizant
1238 3149 1332 3203 pro
1357 3148 1425 3189 eo
1452 3133 1541 3203 qui
1567 3131 1798 3187 excessit
1820 3169 1836 3193 ,
1866 3128 2085 3198 perinde
2113 3142 2177 3181 ac

593 3242 641 3281 si
670 3228 728 3281 in
753 3241 913 3280 scena
942 3226 1184 3279 luderent
1215 3242 1228 3277 :
1256 3234 1457 3277 tantum
1486 3223 1650 3276 valuit
1677 3220 1925 3275 diabolus
1951 3219 2005 3272 iu
2030 3219 2178 3287 igna-

595 3334 787 3372 vorum
809 3317 1021 3370 animis.
1052 3315 1249 3370 Deinde
1272 3329 1393 3369 cum
1422 3323 1761 3373 accusantur,
1785 3312 2055 3366 adducunt
2079 3311 2180 3364 hoc

596 3409 856 3463 verbum.
884 3406 1124 3461 dicentes
1143 3407 1454 3476 Apostolum
1482 3403 1703 3468 dixisse,
1740 3402 1837 3468 Qui
1864 3402 2181 3469 baptizautur

600 3517 695 3570 pro
716 3500 947 3553 mortuis.
976 3497 1217 3552 Vidistin’
1238 3512 1479 3565 magnam
1502 3494 1841 3549 irrisionem?
1862 3492 2181 3547 convenitne

600 3590 857 3644 adversus
888 3605 948 3643 ea
985 3588 1322 3656 disceptare?
1363 3587 1475 3657 Ego
1512 3585 1725 3655 quidem
1765 3598 1871 3639 non
1911 3584 2178 3639 arbitror:

602 3682 706 3737 nisi
731 3682 995 3736 disserere
1018 3688 1263 3749 oporteat
1282 3694 1403 3733 cum
1432 3678 1731 3731 furentibus
1754 3690 1853 3744 pro
1874 3676 1938 3728 iis
1957 3690 2074 3742 qua:
2100 3675 2181 3726 lo-

604 3782 839 3843 quuntur
861 3772 1171 3826 delirantes.
1214 3770 1286 3823 Ut
1312 3784 1470 3822 nemo
1496 3777 1673 3821 autem
1703 3768 1942 3833 capiatur
1966 3779 2033 3817 ex
2059 3763 2186 3817 sim-

606 3864 941 3937 plicioribus,
961 3876 1179 3917 necesse
1196 3870 1277 3914 est
1295 3870 1353 3914 ut
1367 3860 1503 3913 hanc
1520 3872 1731 3928 quoque
1747 3856 2185 3924 disceptationem

609 3957 870 4011 adversus
889 3968 982 4007 eos
1009 3952 1373 4006 instituamus.
1396 3950 1526 4003 Nam
1549 3949 1591 4002 si
1620 3948 1721 4001 hoc
1746 3946 1948 4001 diceret
1971 3945 2187 4010 Paulus,

609 4062 709 4101 cur
737 4046 967 4100 minatus
996 4053 1080 4098 est
1105 4043 1244 4097 Deus
1269 4043 1318 4096 ei
1345 4041 1433 4111 qui
1467 4052 1569 4094 non
1602 4038 1936 4106 baptizatur?
1963 4052 2066 4091 non
2093 4052 2189 4105 po-

613 4146 720 4193 test
747 4135 890 4190 enim
920 4136 1031 4187 fieri
1063 4143 1122 4187 ut
1149 4134 1410 4202 quispiam
1441 4131 1692 4197 deinceps
1721 4145 1827 4183 non
1854 4128 2146 4196 baptizetur
2169 4167 2185 4192 ,

610 4229 713 4280 hoc
737 4224 1059 4293 echgitato.
1107 4222 1315 4289 Alioqui
1347 4234 1474 4274 vero
1512 4233 1615 4272 non
1657 4226 1736 4271 est
1774 4216 1924 4284 culpa
1955 4216 2069 4284 ejus
2098 4216 2189 4285 qui

612 4318 866 4381 excessit,
894 4314 987 4370 sed
1013 4314 1128 4384 ejus
1156 4314 1244 4383 qui
1272 4313 1427 4367 vivit.
1456 4311 1785 4379 Quibusnam
1811 4318 1987 4363 autem
2016 4308 2148 4362 dixit
2172 4348 2190 4374 ,

612 4407 735 4461 Nisi
762 4405 1075 4460 comederitis
1099 4419 1302 4457 carnem
1328 4419 1519 4468 nteant,
1550 4411 1595 4454 et
1626 4400 1847 4454 biberitis
1876 4416 2041 4453 meum
2068 4415 2192 4451 san-

613 4498 812 4569 guinem
834 4536 849 4560 ,
880 4510 983 4550 non
1022 4493 1260 4547 habebitis
1289 4494 1440 4547 vitam
1479 4493 1531 4544 in
1557 4491 1692 4546 nobis
1722 4489 1921 4561 (Joan.
1951 4489 2003 4543 6.
2036 4490 2103 4543 54
2130 4487 2193 4559 )2

617 4588 823 4641 vivisne
850 4602 917 4640 an
947 4585 1173 4639 mortuis
1192 4625 1206 4649 ,
1239 4583 1325 4638 die
1350 4582 1571 4651 quaeso?
1601 4591 1654 4636 et
1681 4595 1867 4635 rursus
1890 4620 1905 4645 ,
1940 4578 2057 4633 Nisi
2083 4579 2195 4649 quis

612 4687 939 4747 regeneratus
961 4677 1110 4743 fuerit
1140 4689 1202 4727 ea:
1226 4688 1357 4741 aqua
1385 4682 1431 4724 et
1462 4671 1659 4738 Spiritu
1680 4711 1696 4735 ,
1721 4686 1821 4724 non
1850 4680 2005 4739 potest
2030 4670 2197 4725 uidere

614 4783 825 4838 regnum
856 4764 949 4818 Dei
979 4765 997 4830 (
1028 4763 1115 4817 Id.
1141 4765 1195 4817 5.
1225 4765 1257 4817 5
1281 4764 1344 4831 )7
1372 4762 1426 4817 Si
1481 4762 1622 4816 enim
1676 4763 1778 4816 hoc
1831 4762 2154 4831 permittitur
2174 4800 2191 4827 ,

617 4875 718 4913 nec
745 4870 881 4925 Opus
916 4865 999 4909 εει
1026 4854 1301 4907 voluntate
1330 4862 1384 4906 et
1426 4852 1665 4904 instituto
1691 4852 1807 4919 ejus
1831 4853 1918 4919 qui
1960 4852 2194 4919 accipit,

622 4964 723 5003 nec
750 4960 975 5002 assensu
1001 4945 1118 5013 ejus
1141 4944 1231 5011 qui
1258 4954 1339 4996 est
1363 4943 1415 4996 in
1439 4943 1544 4994 vita
1567 4958 1581 5004 ;
1610 4942 1732 5010 quid
1757 4950 1895 4996 vetat
1916 4943 2197 5012 quominus

620 5050 675 5090 et
703 5037 900 5091 ethnici
929 5044 983 5089 et
1008 5032 1177 5088 Judaei
1205 5031 1282 5085 sic
1306 5032 1433 5085 fiant
1459 5030 1671 5091 fideles,
1698 5031 1817 5085 aliis
1844 5040 1962 5100 post
1987 5032 2196 5085 illorum

622 5129 899 5182 decessum
926 5140 1020 5195 pro
1044 5125 1148 5177 illis
1170 5109 1286 5176 huic
1308 5120 1652 5174 facientibus?
1672 5119 1775 5173 Sed
1799 5136 1864 5175 ne
1882 5136 2198 5183 aranearum

627 5219 759 5270 tt-Ias
783 5218 1009 5285 amplius
1026 5213 1461 5275 'conscindentes,
1491 5212 1717 5264 inaniter
1743 5211 2041 5267 [aluit-emus
2059 5254 2073 5278 ,
2101 5228 2201 5282 age

626 5306 785 5371 hujus
806 5306 1053 5361 dictionis
1081 5306 1187 5359 vim
1211 5305 1555 5371 explicemus.
1584 5301 1719 5366 Quid
1749 5316 1875 5370 ergo
1904 5303 2030 5356 dicit
2058 5303 2197 5356 Pau-

623 5392 752 5451 lus?
780 5395 941 5452 Vobis
971 5413 1221 5468 primum,
1252 5397 1339 5466 qui
1370 5394 1637 5465 mysteriis
1664 5393 1792 5447 estis
1822 5392 2045 5457 initiati,
2078 5395 2199 5449 volo

626 5489 683 5542 in
716 5490 1022 5543 memoriam
1051 5502 1308 5543 revocare
1331 5501 1451 5541 eam
1480 5484 1767 5537 dictionem
1794 5525 1809 5547 ,
1841 5497 1997 5551 quam
2028 5482 2078 5535 iu
2111 5484 2199 5539 illa

627 5590 847 5649 vespera
878 5578 1066 5647 jubent
1098 5594 1195 5635 vos
1230 5579 1407 5634 dicere
1446 5579 1538 5648 qui
1581 5576 1834 5647 mysterio
1873 5574 2115 5641 initiant,
2146 5584 2202 5630 et

2262 1426 2387 1473 tunc
2412 1418 2536 1489 quid
2561 1419 2704 1475 dicat
2732 1420 2928 1476 Paulus
2953 1423 3230 1492 explicabo
3257 1442 3271 1479 :
3299 1428 3377 1483 sic
3405 1431 3546 1485 enim
3578 1433 3684 1489 hoc
3711 1450 3841 1505 quo-

2258 1521 2365 1577 que
2394 1510 2545 1563 vobis
2570 1510 2675 1563 erit
2714 1509 3025 1566 dilucidius.
3052 1513 3183 1568 Nam
3230 1526 3351 1584 post
3388 1520 3487 1572 alia
3517 1526 3697 1577 omnia
3742 1526 3843 1580 hoc

2182 1662 2185 1663 ν
2260 1600 2504 1656 addimus
2529 1640 2544 1665 ,
2572 1602 2713 1671 quod
2758 1618 2900 1658 nunc
2939 1605 3070 1658 dicit
3112 1607 3324 1662 Paulus.
3368 1611 3438 1665 Et
3470 1616 3596 1668 volo
3626 1618 3842 1685 quidem

2260 1700 2445 1761 aperte
2476 1692 2577 1745 hoc
2599 1693 2778 1747 dicere
2807 1710 2819 1745 :
2851 1711 2955 1748 non
2986 1696 3155 1750 audeo
3181 1707 3357 1755 autem
3391 1713 3608 1771 propter
3633 1722 3730 1760 eos
3757 1708 3845 1776 qui

2263 1796 2370 1834 non
2398 1790 2521 1836 sunt
2550 1782 2740 1837 initiati
2772 1802 2787 1837 :
2815 1784 2850 1838 ii
2876 1786 3019 1839 enim
3049 1790 3433 1855 expositionem
3463 1794 3618 1848 nobis
3645 1796 3849 1853 faciunt

2264 1868 2641 1936 difliciliorem,
2665 1880 2723 1925 ut
2746 1873 2835 1942 qui
2862 1888 2959 1927 nos
2983 1886 3173 1944 cogant
3194 1878 3275 1931 vel
3302 1896 3407 1933 non
3434 1892 3621 1950 aperte
3644 1885 3847 1949 dicere,

2265 1970 2357 2013 aut
2394 1961 2472 2015 eis
2516 1976 2707 2016 arcana
2747 1965 3047 2019 enuntiare.
3090 1966 3191 2021 Sed
3224 1979 3398 2023 tamen
3428 1972 3601 2026 dicam
3627 2016 3643 2040 ,
3671 1978 3850 2045 quoad

2266 2051 2382 2120 ejus
2406 2066 2436 2105 a
2463 2066 2551 2107 me
2578 2051 2690 2106 fieri
2721 2054 2933 2122 poterit,
2964 2064 3103 2112 tecte
3128 2070 3183 2112 et
3204 2059 3536 2118 adumbrate.
3565 2065 3701 2119 Nam
3733 2079 3855 2135 post

2266 2143 2611 2213 mysticorum
2641 2146 2852 2200 illorum
2879 2156 2935 2201 et
2961 2151 3273 2205 terribilium
3296 2153 3579 2208 verborum
3605 2160 3856 2212 enuntia-

2268 2235 2489 2299 tionem,
2517 2244 2572 2289 et
2602 2236 2896 2293 horrendas
2926 2241 3136 2308 regulas
3163 2236 3493 2310 dogmatum,
3518 2263 3639 2315 qua:
3662 2265 3693 2302 e
3719 2251 3861 2303 caelo

2269 2334 2391 2377 sunt
2420 2324 2675 2386 demissa.
2720 2326 2825 2381 hoc
2860 2343 3071 2397 quoque
3109 2330 3160 2382 in
3193 2331 3297 2386 fine
3320 2333 3563 2389 addimus
3586 2375 3602 2397 ,
3636 2340 3861 2404 quando

2269 2428 2456 2469 sumus
2496 2415 2792 2485 baptizandi
2818 2454 2833 2483 ,
2857 2418 3107 2486 jubentes
3135 2420 3314 2476 dicere
3338 2464 3352 2487 ,
3380 2424 3555 2479 Credo
3584 2429 3638 2479 in
3669 2443 3863 2481 resur-

2272 2506 2561 2559 rectionem
2611 2517 2940 2561 mortuorum
2972 2525 2986 2561 :
3014 2520 3068 2564 et
3111 2511 3162 2564 in
3210 2512 3309 2567 hac
3358 2512 3460 2568 fide
3500 2515 3861 2585 baptizamur.

2274 2595 2557 2664 Postquam
2588 2599 2729 2651 enim
2761 2597 2862 2653 hoc
2887 2600 3114 2655 confessi
3157 2617 3341 2656 sumus
3376 2620 3497 2658 cum
3539 2608 3653 2660 aliis
3676 2649 3690 2671 ,
3730 2619 3865 2663 tunc

2273 2684 2596 2739 demittimur
2634 2687 2684 2740 in
2716 2688 2914 2742 fontem
2951 2704 3225 2743 sacrorum
3256 2692 3470 2747 illorum
3509 2695 3864 2749 fluentorum.

2276 2775 2389 2829 lloc
2414 2791 2541 2845 ergo
2573 2776 2623 2828 in
2654 2778 2965 2831 memoriam
3003 2794 3263 2834 revocans
3290 2780 3501 2835 dicebat
3530 2783 3721 2837 Paulus
3743 2825 3761 2848 ,
3798 2786 3873 2839 Si

2276 2880 2378 2917 non
2407 2875 2478 2919 est
2504 2868 2823 2931 resurrectio,
2852 2884 2942 2920 cur
2970 2868 3240 2938 baptizaris
3271 2887 3363 2939 pro
3391 2874 3641 2927 mortuis!
3665 2874 3716 2928 id
3752 2886 3871 2940 est,

2279 2969 2379 3024 pro
2402 2958 2737 3024 corporibus.
2770 2957 2996 3027 Propter
3024 2960 3123 3014 hoc
3148 2961 3290 3014 enim
3320 2963 3630 3031 baptizaris,
3659 2967 3875 3019 mortui

2280 3046 2523 3113 corporis
2562 3046 2788 3100 credens
2832 3050 3275 3105 resurrectionem
3301 3092 3316 3116 ,
3348 3068 3539 3125 nempe
3566 3054 3701 3123 quod
3754 3071 3877 3109 non

2282 3144 2495 3190 maneat
2520 3144 2808 3189 mortuum.
2839 3138 2903 3190 Et
2931 3146 2985 3190 tu
3010 3139 3224 3206 quidem
3253 3154 3348 3208 per
3373 3143 3531 3195 verba
3558 3144 3685 3197 dicis
3711 3159 3887 3213 manu,

2284 3234 2493 3280 tuorum
2522 3228 2964 3280 resurrectionem
2995 3245 3009 3280 :
3036 3230 3289 3283 sacerdos
3312 3240 3489 3285 autem
3516 3243 3789 3300 tamquam
3822 3236 3882 3289 in

2285 3315 2510 3383 quadam
2542 3315 2790 3383 imagine,
2819 3330 2938 3384 quae
2968 3304 3238 3371 credidisti
3267 3328 3321 3373 et
3350 3334 3442 3386 per
3470 3321 3622 3374 verba
3648 3336 3703 3374 es
3734 3337 3886 3375 oon-

2287 3402 2459 3458 fessus
2484 3444 2498 3469 ,
2531 3404 2689 3458 etiam
2724 3421 2818 3473 per
2849 3421 2935 3459 res
2966 3407 3106 3474 ipsas
3134 3408 3390 3462 ostendit.
3419 3410 3637 3476 Quando
3660 3412 3890 3482 absque

2286 3494 2438 3563 signo
2461 3494 2665 3558 credis,
2696 3504 2820 3549 tunc
2848 3496 2942 3549 tibi
2969 3498 3129 3551 etiam
3158 3498 3359 3566 praebet
3385 3500 3589 3569 signum
3616 3504 3891 3570 :quando

2286 3601 2408 3655 qua:
2452 3595 2537 3639 tua
2582 3595 2707 3641 sunt
2748 3587 2977 3651 feceris,
3020 3596 3145 3644 tunc
3190 3590 3330 3645 Deus
3366 3607 3575 3662 quoque
3605 3603 3653 3648 te
3687 3595 3893 3652 reddit

2288 3676 2597 3728 certiorem.
2643 3675 2967 3741 Quomodo?
3016 3677 3118 3732 Per
3160 3694 3371 3747 aquam.
3424 3682 3674 3749 Baptizari
3716 3686 3893 3738 enim

2292 3773 2347 3817 et
2369 3764 2627 3834 demergi,
2658 3767 2851 3821 deinde
2878 3783 3089 3821 sursum
3124 3783 3363 3823 remeare
3392 3781 3443 3824 et
3473 3786 3762 3840 emergere,
3798 3785 3895 3829 est

2292 3854 2591 3925 symbolum
2628 3870 2721 3909 seu
2760 3857 2966 3923 signum
2998 3856 3288 3913 descensus
3331 3858 3397 3912 ad
3442 3860 3633 3914 inferos
3660 3869 3713 3915 et
3745 3862 3895 3919 inde

2292 3959 2565 4000 ascensus.
2596 3946 2952 4011 Quamobrem
2985 3946 3177 4001 Paulus
3203 3963 3412 4018 quoque
3441 3950 3759 4020 baptismum
3795 3968 3893 4008 se-

2296 4036 2534 4105 pulcrum
2571 4045 2759 4099 vocat,
2797 4036 3024 4091 dicens:
3054 4037 3345 4110 Consepulti
3380 4042 3513 4093 enim
3550 4059 3715 4096 sumus
3757 4060 3895 4098 cum

2294 4128 2385 4182 illo
2405 4145 2494 4196 per
2512 4128 2813 4197 baptismum
2832 4130 2885 4183 in
2905 4139 3113 4184 mortem
3129 4132 3305 4199 (Boni.
3329 4136 3381 4187 6.
3406 4134 3486 4204 4).
3510 4135 3585 4189 Ex
3610 4150 3674 4189 eo
3693 4149 3895 4194 autem

2294 4233 2409 4273 rem
2438 4216 2669 4273 futuram
2699 4234 2910 4289 quoque
2938 4220 3064 4274 facit
3091 4221 3397 4277 credibilem
3415 4264 3433 4288 ,
3463 4239 3766 4292 corporum,
3804 4229 3895 4282 in-

2296 4325 2477 4378 quam,
2503 4312 2970 4365 resurrectionem.
2999 4311 3092 4365 Est
3119 4314 3259 4365 enim
3287 4313 3442 4381 longe
3468 4314 3634 4383 majus
3658 4329 3893 4383 peccata

2298 4400 2518 4468 delere,
2563 4416 2721 4470 quam
2770 4415 2964 4468 corpus
3013 4400 3293 4455 suscitare.
3340 4403 3407 4455 Et
3451 4402 3553 4457 hoc
3593 4406 3895 4463 enuntians

2297 4488 2541 4545 Christus
2563 4492 2771 4546 dicebat
2795 4509 2808 4544 :
2837 4492 2971 4557 Quid
2992 4492 3131 4546 enim
3154 4502 3224 4544 est
3253 4492 3456 4562 facilius
3481 4494 3660 4558 dicere,
3688 4495 3895 4553 Remit-

2302 4588 2477 4633 tuntur
2505 4581 2591 4633 tibi
2618 4590 2841 4649 peccata,
2868 4598 2933 4634 an
2959 4582 3145 4645 dicere,
3179 4580 3320 4635 Tolle
3346 4582 3637 4651 grabbatum
3661 4594 3809 4638 tuum
3848 4599 3896 4641 et

2301 4670 2503 4723 ambula
2549 4671 2570 4740 (
2592 4670 2777 4726 Matth.
2806 4670 2861 4725 9.
2888 4672 2941 4725 5.
2967 4672 3000 4725 6
3023 4672 3083 4742 )2
3121 4670 3252 4725 lllud
3282 4670 3497 4740 quidem
3519 4714 3533 4736 ,
3563 4674 3728 4744 inquit
3749 4716 3764 4739 ,
3803 4687 3897 4733 est

2301 4760 2572 4817 difficilius
2597 4777 2610 4812 :
2637 4763 2887 4829 quoniam
2912 4772 3088 4817 autem
3118 4762 3168 4816 id
3197 4763 3372 4816 minus
3396 4764 3633 4831 creditis,
3660 4775 3714 4819 ut
3738 4770 3895 4835 quod

2302 4868 2411 4906 non
2437 4852 2506 4905 sit
2533 4850 2751 4905 evidens
2776 4891 2793 4917 ,
2824 4862 2877 4907 et
2902 4852 3042 4921 quod
3082 4862 3167 4907 est
3197 4852 3403 4906 facilius
3430 4868 3526 4922 pro
3550 4853 3747 4908 difficili
3780 4855 3895 4909 ha-

2302 4944 2477 5007 betis,
2520 4957 2710 5011 nempe
2753 4947 3033 5011 potestatis
3076 4958 3210 5019 meae
3248 4945 3642 5007 ostensionem;
3683 4960 3751 4997 ne
3779 4946 3897 5001 hoc

2304 5033 2517 5102 quidem
2542 5033 2792 5087 indicium
2821 5032 3079 5086 recusabo
3107 5031 3259 5085 vobis
3287 5032 3563 5087 exhibere.
3594 5032 3735 5087 Tum:
3759 5035 3896 5089 dicit

2306 5125 2605 5195 parulytico,
2632 5125 2817 5196 Surge,
2848 5124 2968 5177 tolle
2991 5124 3174 5177 lectum
3199 5132 3362 5188 tuum,
3382 5134 3430 5178 et
3452 5124 3578 5177 vade
3599 5126 3652 5177 in
3676 5126 3896 5180 domum

2306 5226 2467 5267 tuam.

2373 5304 2430 5358 ‘2.
2472 5305 2539 5358 Et
2574 5302 2845 5374 quomodo
2881 5311 2960 5357 est
2985 5343 3001 5365 ,
3042 5303 3285 5371 inquies,
3326 5303 3543 5359 difficile
3566 5346 3581 5371 ,
3612 5319 3735 5359 cum
3781 5303 3894 5358 hoc

2304 5396 2510 5463 possint
2532 5393 2705 5448 facere
2726 5403 2779 5447 et
2802 5407 2955 5462 reges
2977 5400 3032 5447 et
3054 5394 3354 5464 principes?
3378 5394 3649 5448 adulteros
3670 5393 3814 5446 enim
3840 5401 3895 5446 et

2308 5485 2601 5539 homicidas
2626 5486 2701 5539 illi
2728 5484 3021 5539 dimittunt.
3049 5484 3233 5550 Ludis,
3256 5499 3290 5539 o
3315 5484 3496 5548 homo,
3525 5484 3642 5538 haec
3666 5482 3890 5536 dicens:

2308 5588 2429 5631 nam
2478 5591 2624 5631 soms
2667 5576 2882 5648 quidem
2924 5576 3065 5632 Deus
3102 5585 3277 5647 potest
3314 5583 3534 5646 peccata
3570 5570 3892 5633 remittere;
