  <div class='ocr_page' id='page_1' title='image "/cluster/home/n/w/nwhite01/storage/ocr_20150623/61/pst.000005712618/354.png"; bbox 0 0 4076 6336; ppageno 0'>
   <div class='ocr_carea' id='block_1_1' title="bbox 214 441 316 499">
    <p class='ocr_par' dir='ltr' id='par_1_1' title="bbox 214 441 316 499">
     <span class='ocr_line' id='line_1_1' title="bbox 214 441 316 499; baseline -0.02 0"><span class='ocrx_word' id='word_1_1' title='bbox 214 441 316 499; x_wconf 72' lang='grc' dir='ltr'><strong>ιιι</strong></span> 
     </span>
    </p>
   </div>
   <div class='ocr_carea' id='block_1_2' title="bbox 215 548 1790 621">
    <p class='ocr_par' dir='ltr' id='par_1_2' title="bbox 215 548 1790 621">
     <span class='ocr_line' id='line_1_2' title="bbox 215 548 1790 621; baseline -0.002 -15"><span class='ocrx_word' id='word_1_2' title='bbox 215 550 595 615; x_wconf 74' lang='grc' dir='ltr'><strong>διασωζόντων</strong></span> <span class='ocrx_word' id='word_1_3' title='bbox 632 551 939 620; x_wconf 84' lang='grc' dir='ltr'><strong>δεομενους,</strong></span> <span class='ocrx_word' id='word_1_4' title='bbox 978 550 1073 603; x_wconf 75' lang='grc' dir='ltr'><strong>καὶ</strong></span> <span class='ocrx_word' id='word_1_5' title='bbox 1108 548 1510 621; x_wconf 75' lang='grc' dir='ltr'><strong>ἐπιθυμοῦντας</strong></span> <span class='ocrx_word' id='word_1_6' title='bbox 1540 550 1638 620; x_wconf 84' lang='grc' dir='ltr'><strong>τῆς</strong></span> <span class='ocrx_word' id='word_1_7' title='bbox 1686 566 1790 603; x_wconf 88' lang='grc' dir='ltr'><strong>κα-</strong></span> 
     </span>
    </p>
   </div>
   <div class='ocr_carea' id='block_1_3' title="bbox 218 632 1787 713">
    <p class='ocr_par' dir='ltr' id='par_1_3' title="bbox 218 632 1787 713">
     <span class='ocr_line' id='line_1_3' title="bbox 218 632 1787 713; baseline -0.002 -17"><span class='ocrx_word' id='word_1_8' title='bbox 218 643 536 702; x_wconf 85' lang='grc' dir='ltr'><strong>ταστάσεως</strong></span> <span class='ocrx_word' id='word_1_9' title='bbox 567 640 803 708; x_wconf 86' lang='grc' dir='ltr'><strong>ἐκείνης,</strong></span> <span class='ocrx_word' id='word_1_10' title='bbox 851 641 909 693; x_wconf 79' lang='grc' dir='ltr'><strong>ἐν</strong></span> <span class='ocrx_word' id='word_1_11' title='bbox 1013 640 1140 710; x_wconf 81' lang='grc' dir='ltr'><strong>πρὶν</strong></span> <span class='ocrx_word' id='word_1_12' title='bbox 1176 640 1210 711; x_wconf 76' lang='grc' dir='ltr'>ἢ</span> <span class='ocrx_word' id='word_1_13' title='bbox 1240 639 1599 710; x_wconf 74' lang='grc' dir='ltr'><strong>διαρραγῆναι</strong></span> <span class='ocrx_word' id='word_1_14' title='bbox 1627 635 1787 709; x_wconf 80' lang='grc' dir='ltr'><strong>ἦσαν.</strong></span> 
     </span>
    </p>
   </div>
   <div class='ocr_carea' id='block_1_4' title="bbox 218 727 1793 799">
    <p class='ocr_par' dir='ltr' id='par_1_4' title="bbox 218 727 1793 799">
     <span class='ocr_line' id='line_1_4' title="bbox 218 727 1793 799; baseline -0.004 -14"><span class='ocrx_word' id='word_1_15' title='bbox 218 730 491 799; x_wconf 78' lang='grc' dir='ltr'><strong>Καθάπερ</strong></span> <span class='ocrx_word' id='word_1_16' title='bbox 511 729 621 799; x_wconf 84' lang='grc' dir='ltr'><strong>γὰρ</strong></span> <span class='ocrx_word' id='word_1_17' title='bbox 646 731 702 782; x_wconf 85' lang='grc' dir='ltr'><strong>αἰ</strong></span> <span class='ocrx_word' id='word_1_18' title='bbox 729 731 955 783; x_wconf 88' lang='grc' dir='ltr'><strong>κύουσαι</strong></span> <span class='ocrx_word' id='word_1_19' title='bbox 979 728 1090 782; x_wconf 88' lang='grc' dir='ltr'><strong>τῶν</strong></span> <span class='ocrx_word' id='word_1_20' title='bbox 1115 729 1410 798; x_wconf 86' lang='grc' dir='ltr'><strong>γυναικῶν,</strong></span> <span class='ocrx_word' id='word_1_21' title='bbox 1434 728 1577 781; x_wconf 72' lang='grc' dir='ltr'><strong>οὕτω</strong></span> <span class='ocrx_word' id='word_1_22' title='bbox 1601 727 1793 799; x_wconf 84' lang='grc' dir='ltr'><strong>βαρού-</strong></span> 
     </span>
    </p>
   </div>
   <div class='ocr_carea' id='block_1_5' title="bbox 220 816 1792 888">
    <p class='ocr_par' dir='ltr' id='par_1_5' title="bbox 220 816 1792 888">
     <span class='ocr_line' id='line_1_5' title="bbox 220 816 1792 888; baseline -0.001 -17"><span class='ocrx_word' id='word_1_23' title='bbox 220 836 376 888; x_wconf 89' lang='grc' dir='ltr'><strong>μενοι</strong></span> <span class='ocrx_word' id='word_1_24' title='bbox 414 818 514 880; x_wconf 87' lang='grc' dir='ltr'><strong>τάς</strong></span> <span class='ocrx_word' id='word_1_25' title='bbox 549 818 825 888; x_wconf 84' lang='grc' dir='ltr'><strong>γαστέρας</strong></span> <span class='ocrx_word' id='word_1_26' title='bbox 876 817 1282 888; x_wconf 80' lang='grc' dir='ltr'><strong>περιφέρονται,</strong></span> <span class='ocrx_word' id='word_1_27' title='bbox 1334 817 1426 869; x_wconf 79' lang='grc' dir='ltr'><strong>καὶ</strong></span> <span class='ocrx_word' id='word_1_28' title='bbox 1469 816 1621 885; x_wconf 82' lang='grc' dir='ltr'>μόλις</span> <span class='ocrx_word' id='word_1_29' title='bbox 1670 818 1792 869; x_wconf 86' lang='grc' dir='ltr'><strong>ἐπι-</strong></span> 
     </span>
    </p>
   </div>
   <div class='ocr_carea' id='block_1_6' title="bbox 217 904 1789 978">
    <p class='ocr_par' dir='ltr' id='par_1_6' title="bbox 217 904 1789 978">
     <span class='ocr_line' id='line_1_6' title="bbox 217 904 1789 978; baseline -0.001 -18"><span class='ocrx_word' id='word_1_30' title='bbox 217 908 485 970; x_wconf 81' lang='grc' dir='ltr'><strong>ϐαίνουσι,</strong></span> <span class='ocrx_word' id='word_1_31' title='bbox 516 910 609 961; x_wconf 75' lang='grc' dir='ltr'><strong>καὶ</strong></span> <span class='ocrx_word' id='word_1_32' title='bbox 641 907 794 978; x_wconf 83' lang='grc' dir='ltr'>μόλις</span> <span class='ocrx_word' id='word_1_33' title='bbox 823 907 1097 977; x_wconf 74' lang='grc' dir='ltr'><strong>βλέπουσι,</strong></span> <span class='ocrx_word' id='word_1_34' title='bbox 1135 907 1229 960; x_wconf 76' lang='grc' dir='ltr'><strong>καὶ</strong></span> <span class='ocrx_word' id='word_1_35' title='bbox 1260 905 1411 975; x_wconf 81' lang='grc' dir='ltr'>μόλις</span> <span class='ocrx_word' id='word_1_36' title='bbox 1441 904 1789 973; x_wconf 87' lang='grc' dir='ltr'><strong>φθέγγονται,</strong></span> 
     </span>
    </p>
   </div>
   <div class='ocr_carea' id='block_1_7' title="bbox 216 994 1793 1067">
    <p class='ocr_par' dir='ltr' id='par_1_7' title="bbox 216 994 1793 1067">
     <span class='ocr_line' id='line_1_7' title="bbox 216 994 1793 1067; baseline -0.003 -16"><span class='ocrx_word' id='word_1_37' title='bbox 216 1002 317 1051; x_wconf 77' lang='grc' dir='ltr'><strong>καὶ</strong></span> <span class='ocrx_word' id='word_1_38' title='bbox 351 998 529 1052; x_wconf 87' lang='grc' dir='ltr'><strong>πάντα</strong></span> <span class='ocrx_word' id='word_1_39' title='bbox 580 998 752 1067; x_wconf 82' lang='grc' dir='ltr'>μόλις.</span> <span class='ocrx_word' id='word_1_40' title='bbox 794 999 891 1049; x_wconf 76' lang='grc' dir='ltr'><strong>Ἂν</strong></span> <span class='ocrx_word' id='word_1_41' title='bbox 919 997 977 1049; x_wconf 80' lang='grc' dir='ltr'><strong>δὲ</strong></span> <span class='ocrx_word' id='word_1_42' title='bbox 1017 995 1211 1066; x_wconf 79' lang='grc' dir='ltr'><strong>μικρὸν</strong></span> <span class='ocrx_word' id='word_1_43' title='bbox 1238 994 1434 1056; x_wconf 80' lang='grc' dir='ltr'><strong>αὐτοὺς</strong></span> <span class='ocrx_word' id='word_1_44' title='bbox 1460 994 1599 1065; x_wconf 78' lang='grc' dir='ltr'><strong>τύχῃ</strong></span> <span class='ocrx_word' id='word_1_45' title='bbox 1625 1012 1793 1048; x_wconf 69' lang='grc' dir='ltr'><strong>καταο</strong></span> 
     </span>
    </p>
   </div>
   <div class='ocr_carea' id='block_1_8' title="bbox 215 1084 1794 1158">
    <p class='ocr_par' dir='ltr' id='par_1_8' title="bbox 215 1084 1794 1158">
     <span class='ocr_line' id='line_1_8' title="bbox 215 1084 1794 1158; baseline -0.001 -18"><span class='ocrx_word' id='word_1_46' title='bbox 215 1087 460 1158; x_wconf 84' lang='grc' dir='ltr'><strong>δαρθεῖν,</strong></span> <span class='ocrx_word' id='word_1_47' title='bbox 493 1087 750 1158; x_wconf 83' lang='grc' dir='ltr'><strong>ὀνείρατα</strong></span> <span class='ocrx_word' id='word_1_48' title='bbox 779 1087 942 1140; x_wconf 88' lang='grc' dir='ltr'><strong>πάλιν</strong></span> <span class='ocrx_word' id='word_1_49' title='bbox 984 1086 1159 1139; x_wconf 78' lang='grc' dir='ltr'><strong>ἄτοπα</strong></span> <span class='ocrx_word' id='word_1_50' title='bbox 1189 1085 1284 1136; x_wconf 78' lang='grc' dir='ltr'><strong>καὶ</strong></span> <span class='ocrx_word' id='word_1_51' title='bbox 1313 1084 1524 1155; x_wconf 91' lang='grc' dir='ltr'><strong>μυρίων</strong></span> <span class='ocrx_word' id='word_1_52' title='bbox 1556 1086 1794 1155; x_wconf 81' lang='grc' dir='ltr'><strong>γέμοντα</strong></span> 
     </span>
    </p>
   </div>
   <div class='ocr_carea' id='block_1_9' title="bbox 217 1173 1793 1247">
    <p class='ocr_par' dir='ltr' id='par_1_9' title="bbox 217 1173 1793 1247">
     <span class='ocr_line' id='line_1_9' title="bbox 217 1173 1793 1247; baseline -0.001 -18"><span class='ocrx_word' id='word_1_53' title='bbox 217 1176 536 1245; x_wconf 74' lang='grc' dir='ltr'><strong>φαντασιῶν</strong></span> <span class='ocrx_word' id='word_1_54' title='bbox 566 1176 756 1247; x_wconf 89' lang='grc' dir='ltr'><strong>όρῶσι.</strong></span> <span class='ocrx_word' id='word_1_55' title='bbox 782 1176 848 1228; x_wconf 92' lang='grc' dir='ltr'><strong>Τί</strong></span> <span class='ocrx_word' id='word_1_56' title='bbox 880 1176 947 1228; x_wconf 84' lang='grc' dir='ltr'><strong>ἀν</strong></span> <span class='ocrx_word' id='word_1_57' title='bbox 968 1190 1051 1236; x_wconf 90' lang='grc' dir='ltr'><strong>τις</strong></span> <span class='ocrx_word' id='word_1_58' title='bbox 1073 1174 1215 1225; x_wconf 84' lang='grc' dir='ltr'><strong>εῐποι</strong></span> <span class='ocrx_word' id='word_1_59' title='bbox 1242 1173 1342 1243; x_wconf 83' lang='grc' dir='ltr'><strong>τὴν</strong></span> <span class='ocrx_word' id='word_1_60' title='bbox 1371 1173 1563 1244; x_wconf 77' lang='grc' dir='ltr'><strong>ἑτέραν</strong></span> <span class='ocrx_word' id='word_1_61' title='bbox 1587 1173 1793 1227; x_wconf 91' lang='grc' dir='ltr'><strong>τούτων</strong></span> 
     </span>
    </p>
   </div>
   <div class='ocr_carea' id='block_1_10' title="bbox 223 1259 1794 1335">
    <p class='ocr_par' dir='ltr' id='par_1_10' title="bbox 223 1259 1794 1335">
     <span class='ocr_line' id='line_1_10' title="bbox 223 1259 1794 1335; baseline 0.001 -21"><span class='ocrx_word' id='word_1_62' title='bbox 223 1264 446 1333; x_wconf 86' lang='grc' dir='ltr'><strong>μανίαν,</strong></span> <span class='ocrx_word' id='word_1_63' title='bbox 466 1265 567 1335; x_wconf 78' lang='grc' dir='ltr'><strong>τὴν</strong></span> <span class='ocrx_word' id='word_1_64' title='bbox 585 1264 692 1317; x_wconf 88' lang='grc' dir='ltr'><strong>τῶν</strong></span> <span class='ocrx_word' id='word_1_65' title='bbox 712 1261 1039 1332; x_wconf 75' lang='grc' dir='ltr'><strong>ἀφροδισίων</strong></span> <span class='ocrx_word' id='word_1_66' title='bbox 1064 1259 1239 1328; x_wconf 85' lang='grc' dir='ltr'><strong>λέγω;</strong></span> <span class='ocrx_word' id='word_1_67' title='bbox 1265 1261 1374 1313; x_wconf 84' lang='lat' dir='ltr'><strong>Kal</strong></span> <span class='ocrx_word' id='word_1_68' title='bbox 1398 1261 1507 1332; x_wconf 86' lang='grc' dir='ltr'><strong>γὰρ</strong></span> <span class='ocrx_word' id='word_1_69' title='bbox 1533 1262 1629 1316; x_wconf 78' lang='grc' dir='ltr'><strong>καὶ</strong></span> <span class='ocrx_word' id='word_1_70' title='bbox 1654 1260 1794 1333; x_wconf 85' lang='grc' dir='ltr'><strong>αῦτη</strong></span> 
     </span>
    </p>
   </div>
   <div class='ocr_carea' id='block_1_11' title="bbox 220 1350 1795 1424">
    <p class='ocr_par' dir='ltr' id='par_1_11' title="bbox 220 1350 1795 1424">
     <span class='ocr_line' id='line_1_11' title="bbox 220 1350 1795 1424; baseline -0.001 -20"><span class='ocrx_word' id='word_1_71' title='bbox 220 1354 321 1416; x_wconf 89' lang='grc' dir='ltr'><strong>τάς</strong></span> <span class='ocrx_word' id='word_1_72' title='bbox 351 1354 532 1424; x_wconf 87' lang='grc' dir='ltr'><strong>πηγάς</strong></span> <span class='ocrx_word' id='word_1_73' title='bbox 570 1352 821 1407; x_wconf 77' lang='grc' dir='ltr'><strong>ἐντεῦθεν</strong></span> <span class='ocrx_word' id='word_1_74' title='bbox 864 1350 979 1421; x_wconf 73' lang='grc' dir='ltr'><strong>ἔχει</strong></span> <span class='ocrx_word' id='word_1_75' title='bbox 997 1368 1012 1381; x_wconf 94' lang='grc'><strong>·</strong></span> <span class='ocrx_word' id='word_1_76' title='bbox 1048 1350 1143 1404; x_wconf 86' lang='grc' dir='ltr'><strong>καὶ</strong></span> <span class='ocrx_word' id='word_1_77' title='bbox 1170 1350 1419 1423; x_wconf 86' lang='grc' dir='ltr'><strong>καθάπερ</strong></span> <span class='ocrx_word' id='word_1_78' title='bbox 1448 1353 1603 1405; x_wconf 85' lang='grc' dir='ltr'><strong>ῖπποι</strong></span> <span class='ocrx_word' id='word_1_79' title='bbox 1631 1352 1795 1421; x_wconf 89' lang='grc' dir='ltr'><strong>θηλυ-</strong></span> 
     </span>
    </p>
   </div>
   <div class='ocr_carea' id='block_1_12' title="bbox 222 1439 1796 1511">
    <p class='ocr_par' dir='ltr' id='par_1_12' title="bbox 222 1439 1796 1511">
     <span class='ocr_line' id='line_1_12' title="bbox 222 1439 1796 1511; baseline -0.003 -15"><span class='ocrx_word' id='word_1_80' title='bbox 222 1447 436 1511; x_wconf 83' lang='grc' dir='ltr'><strong>μανεῖς,</strong></span> <span class='ocrx_word' id='word_1_81' title='bbox 481 1442 625 1496; x_wconf 74' lang='grc' dir='ltr'><strong>οὕτω</strong></span> <span class='ocrx_word' id='word_1_82' title='bbox 680 1440 758 1511; x_wconf 83' lang='grc' dir='ltr'><strong>τῷ</strong></span> <span class='ocrx_word' id='word_1_83' title='bbox 798 1440 1001 1511; x_wconf 73' lang='grc' dir='ltr'><strong>οἴστρῳ</strong></span> <span class='ocrx_word' id='word_1_84' title='bbox 1047 1439 1150 1509; x_wconf 83' lang='grc' dir='ltr'><strong>τῆς</strong></span> <span class='ocrx_word' id='word_1_85' title='bbox 1207 1439 1379 1510; x_wconf 90' lang='grc' dir='ltr'><strong>μέθης</strong></span> <span class='ocrx_word' id='word_1_86' title='bbox 1426 1439 1796 1510; x_wconf 80' lang='grc' dir='ltr'><strong>κεντούμενοι,</strong></span> 
     </span>
    </p>
   </div>
   <div class='ocr_carea' id='block_1_13' title="bbox 221 1528 1800 1602">
    <p class='ocr_par' dir='ltr' id='par_1_13' title="bbox 221 1528 1800 1602">
     <span class='ocr_line' id='line_1_13' title="bbox 221 1528 1800 1602; baseline 0.001 -18"><span class='ocrx_word' id='word_1_87' title='bbox 221 1533 392 1585; x_wconf 79' lang='grc' dir='ltr'><strong>πᾶσιν</strong></span> <span class='ocrx_word' id='word_1_88' title='bbox 447 1530 803 1601; x_wconf 75' lang='grc' dir='ltr'><strong>ἐπιπηδιῖισιν,</strong></span> <span class='ocrx_word' id='word_1_89' title='bbox 863 1528 1203 1601; x_wconf 77' lang='grc' dir='ltr'><strong>ἀλογώτερον</strong></span> <span class='ocrx_word' id='word_1_90' title='bbox 1264 1530 1362 1583; x_wconf 74' lang='grc' dir='ltr'><strong>καὶ</strong></span> <span class='ocrx_word' id='word_1_91' title='bbox 1429 1530 1800 1602; x_wconf 78' lang='grc' dir='ltr'><strong>μανικώτερον</strong></span> 
     </span>
    </p>
   </div>
   <div class='ocr_carea' id='block_1_14' title="bbox 218 1618 1794 1692">
    <p class='ocr_par' dir='ltr' id='par_1_14' title="bbox 218 1618 1794 1692">
     <span class='ocr_line' id='line_1_14' title="bbox 218 1618 1794 1692; baseline 0.001 -21"><span class='ocrx_word' id='word_1_92' title='bbox 218 1620 446 1676; x_wconf 72' lang='grc' dir='ltr'><strong>ἐκείνων</strong></span> <span class='ocrx_word' id='word_1_93' title='bbox 469 1619 819 1692; x_wconf 88' lang='grc' dir='ltr'><strong>σκιρτῶντες,</strong></span> <span class='ocrx_word' id='word_1_94' title='bbox 847 1620 941 1673; x_wconf 77' lang='grc' dir='ltr'><strong>καὶ</strong></span> <span class='ocrx_word' id='word_1_95' title='bbox 959 1619 1132 1673; x_wconf 90' lang='grc' dir='ltr'><strong>πολλά</strong></span> <span class='ocrx_word' id='word_1_96' title='bbox 1154 1618 1318 1690; x_wconf 77' lang='grc' dir='ltr'><strong>ἐτερα</strong></span> <span class='ocrx_word' id='word_1_97' title='bbox 1340 1618 1794 1690; x_wconf 85' lang='grc' dir='ltr'><strong>ἀσχημονοῦντες,</strong></span> 
     </span>
    </p>
   </div>
   <div class='ocr_carea' id='block_1_15' title="bbox 1309 431 2482 492">
    <p class='ocr_par' dir='ltr' id='par_1_15' title="bbox 1309 431 2482 492">
     <span class='ocr_line' id='line_1_15' title="bbox 1309 431 2482 492; baseline -0.005 -1"><span class='ocrx_word' id='word_1_98' title='bbox 1309 435 1375 491; x_wconf 80' lang='lat' dir='ltr'><strong>IN</strong></span> <span class='ocrx_word' id='word_1_99' title='bbox 1414 433 1634 492; x_wconf 81' lang='lat' dir='ltr'><strong>EPIST.</strong></span> <span class='ocrx_word' id='word_1_100' title='bbox 1673 435 1695 491; x_wconf 88' lang='grc' dir='ltr'><strong>ι</strong></span> <span class='ocrx_word' id='word_1_101' title='bbox 1766 434 1857 489; x_wconf 79' lang='lat' dir='ltr'><strong>AD</strong></span> <span class='ocrx_word' id='word_1_102' title='bbox 1894 434 2053 491; x_wconf 79' lang='lat' dir='ltr'><strong>COR.</strong></span> <span class='ocrx_word' id='word_1_103' title='bbox 2094 432 2328 491; x_wconf 74' lang='lat' dir='ltr'><strong>HOMIL.</strong></span> <span class='ocrx_word' id='word_1_104' title='bbox 2369 431 2482 486; x_wconf 81' lang='lat' dir='ltr'><strong>XL.</strong></span> 
     </span>
    </p>
   </div>
   <div class='ocr_carea' id='block_1_16' title="bbox 3364 420 3472 479">
    <p class='ocr_par' dir='ltr' id='par_1_16' title="bbox 3364 420 3472 479">
     <span class='ocr_line' id='line_1_16' title="bbox 3364 420 3472 479; baseline 0 0"><span class='ocrx_word' id='word_1_105' title='bbox 3364 420 3472 479; x_wconf 65' lang='lat'><strong>368</strong></span> 
     </span>
    </p>
   </div>
   <div class='ocr_carea' id='block_1_17' title="bbox 1895 533 3472 619">
    <p class='ocr_par' dir='ltr' id='par_1_17' title="bbox 1895 533 3472 619">
     <span class='ocr_line' id='line_1_17' title="bbox 1895 533 3472 619; baseline -0.011 -14"><span class='ocrx_word' id='word_1_106' title='bbox 1895 549 1931 604; x_wconf 75' lang='grc' dir='ltr'><strong>ἀ</strong></span> <span class='ocrx_word' id='word_1_107' title='bbox 1962 550 2095 619; x_wconf 83' lang='grc' dir='ltr'><strong>μηδὲ</strong></span> <span class='ocrx_word' id='word_1_108' title='bbox 2134 550 2306 602; x_wconf 74' lang='grc' dir='ltr'><strong>εἰπεῖν</strong></span> <span class='ocrx_word' id='word_1_109' title='bbox 2352 546 2533 613; x_wconf 88' lang='grc' dir='ltr'><strong>θέμις.</strong></span> <span class='ocrx_word' id='word_1_110' title='bbox 2565 542 2700 597; x_wconf 76' lang='grc' dir='ltr'><strong>Ούδέ</strong></span> <span class='ocrx_word' id='word_1_111' title='bbox 2730 542 2837 613; x_wconf 71' lang='grc' dir='ltr'><strong>γὰρ</strong></span> <span class='ocrx_word' id='word_1_112' title='bbox 2873 543 3021 594; x_wconf 75' lang='grc' dir='ltr'><strong>ἴσασι</strong></span> <span class='ocrx_word' id='word_1_113' title='bbox 3052 535 3240 590; x_wconf 68' lang='grc' dir='ltr'><strong>λοιπόν</strong></span> <span class='ocrx_word' id='word_1_114' title='bbox 3268 533 3389 587; x_wconf 87' lang='grc' dir='ltr'><strong>οῦτε</strong></span> <span class='ocrx_word' id='word_1_115' title='bbox 3434 533 3472 587; x_wconf 74' lang='grc' dir='ltr'><strong>ἀ</strong></span> 
     </span>
    </p>
   </div>
   <div class='ocr_carea' id='block_1_18' title="bbox 1898 626 3472 710">
    <p class='ocr_par' dir='ltr' id='par_1_18' title="bbox 1898 626 3472 710">
     <span class='ocr_line' id='line_1_18' title="bbox 1898 626 3472 710; baseline -0.01 -19"><span class='ocrx_word' id='word_1_116' title='bbox 1898 640 2223 710; x_wconf 87' lang='grc' dir='ltr'><strong>πάσχουσιν,</strong></span> <span class='ocrx_word' id='word_1_117' title='bbox 2255 636 2377 691; x_wconf 84' lang='grc' dir='ltr'><strong>οῦτε</strong></span> <span class='ocrx_word' id='word_1_118' title='bbox 2412 636 2447 689; x_wconf 88' lang='grc' dir='ltr'><strong>ἀ</strong></span> <span class='ocrx_word' id='word_1_119' title='bbox 2474 635 2825 706; x_wconf 81' lang='grc' dir='ltr'><strong>πράττουσιν.</strong></span> <span class='ocrx_word' id='word_1_120' title='bbox 2873 631 3014 683; x_wconf 84' lang='grc' dir='ltr'>Ἀλλ’</span> <span class='ocrx_word' id='word_1_121' title='bbox 3046 630 3145 697; x_wconf 85' lang='grc' dir='ltr'><strong>οὐχ</strong></span> <span class='ocrx_word' id='word_1_122' title='bbox 3172 630 3201 680; x_wconf 93' lang='lat'><strong>6</strong></span> <span class='ocrx_word' id='word_1_123' title='bbox 3241 626 3316 697; x_wconf 82' lang='grc' dir='ltr'><strong>μὴ</strong></span> <span class='ocrx_word' id='word_1_124' title='bbox 3340 640 3472 695; x_wconf 87' lang='grc' dir='ltr'><strong>τρυ-</strong></span> 
     </span>
    </p>
   </div>
   <div class='ocr_carea' id='block_1_19' title="bbox 1898 713 3475 797">
    <p class='ocr_par' dir='ltr' id='par_1_19' title="bbox 1898 713 3475 797">
     <span class='ocr_line' id='line_1_19' title="bbox 1898 713 3475 797; baseline -0.011 -15"><span class='ocrx_word' id='word_1_125' title='bbox 1898 729 2037 797; x_wconf 86' lang='grc' dir='ltr'><strong>φῶν,</strong></span> <span class='ocrx_word' id='word_1_126' title='bbox 2057 728 2317 790; x_wconf 84' lang='grc' dir='ltr'><strong>τοιοῦτος·</strong></span> <span class='ocrx_word' id='word_1_127' title='bbox 2345 727 2458 780; x_wconf 78' lang='grc' dir='ltr'><strong>ἀλλ’</strong></span> <span class='ocrx_word' id='word_1_128' title='bbox 2484 728 2541 778; x_wconf 90' lang='grc' dir='ltr'><strong>ἐν</strong></span> <span class='ocrx_word' id='word_1_129' title='bbox 2562 724 2740 794; x_wconf 80' lang='grc' dir='ltr'>λιμένι</span> <span class='ocrx_word' id='word_1_130' title='bbox 2762 722 2995 791; x_wconf 84' lang='grc' dir='ltr'><strong>κάθηται</strong></span> <span class='ocrx_word' id='word_1_131' title='bbox 3015 718 3082 770; x_wconf 83' lang='grc' dir='ltr'><strong>τὰ</strong></span> <span class='ocrx_word' id='word_1_132' title='bbox 3109 718 3311 786; x_wconf 79' lang='grc' dir='ltr'><strong>ἐτέρων</strong></span> <span class='ocrx_word' id='word_1_133' title='bbox 3332 713 3475 784; x_wconf 75' lang='grc' dir='ltr'><strong>ὀρῶν</strong></span> 
     </span>
    </p>
   </div>
   <div class='ocr_carea' id='block_1_20' title="bbox 1898 803 3470 887">
    <p class='ocr_par' dir='ltr' id='par_1_20' title="bbox 1898 803 3470 887">
     <span class='ocr_line' id='line_1_20' title="bbox 1898 803 3470 887; baseline -0.01 -14"><span class='ocrx_word' id='word_1_134' title='bbox 1898 819 2154 887; x_wconf 90' lang='grc' dir='ltr'><strong>ναυάγια,</strong></span> <span class='ocrx_word' id='word_1_135' title='bbox 2178 819 2272 872; x_wconf 79' lang='grc' dir='ltr'><strong>καὶ</strong></span> <span class='ocrx_word' id='word_1_136' title='bbox 2292 816 2485 887; x_wconf 82' lang='grc' dir='ltr'><strong>ήδονῆς</strong></span> <span class='ocrx_word' id='word_1_137' title='bbox 2511 814 2773 872; x_wconf 80' lang='grc' dir='ltr'><strong>ἀπολαύει</strong></span> <span class='ocrx_word' id='word_1_138' title='bbox 2799 810 3043 880; x_wconf 77' lang='grc' dir='ltr'><strong>καθαρᾶς</strong></span> <span class='ocrx_word' id='word_1_139' title='bbox 3073 808 3169 861; x_wconf 71' lang='grc' dir='ltr'><strong>καὶ</strong></span> <span class='ocrx_word' id='word_1_140' title='bbox 3194 803 3470 874; x_wconf 90' lang='grc' dir='ltr'><strong>διαρκοῦς,</strong></span> 
     </span>
    </p>
   </div>
   <div class='ocr_carea' id='block_1_21' title="bbox 1896 890 3475 979">
    <p class='ocr_par' dir='ltr' id='par_1_21' title="bbox 1896 890 3475 979">
     <span class='ocr_line' id='line_1_21' title="bbox 1896 890 3475 979; baseline -0.011 -16"><span class='ocrx_word' id='word_1_141' title='bbox 1896 910 1996 978; x_wconf 76' lang='grc' dir='ltr'><strong>τὴν</strong></span> <span class='ocrx_word' id='word_1_142' title='bbox 2024 909 2293 979; x_wconf 83' lang='grc' dir='ltr'><strong>ἐλευθέρῳ</strong></span> <span class='ocrx_word' id='word_1_143' title='bbox 2322 908 2710 977; x_wconf 79' lang='grc' dir='ltr'><strong>προσήκουσαν</strong></span> <span class='ocrx_word' id='word_1_144' title='bbox 2742 903 2885 971; x_wconf 79' lang='grc' dir='ltr'><strong>ζωὴν</strong></span> <span class='ocrx_word' id='word_1_145' title='bbox 2921 898 3139 970; x_wconf 88' lang='grc' dir='ltr'><strong>μετιών.</strong></span> <span class='ocrx_word' id='word_1_146' title='bbox 3167 896 3335 949; x_wconf 77' lang='grc' dir='ltr'><strong>Ταῦτ’</strong></span> <span class='ocrx_word' id='word_1_147' title='bbox 3379 890 3475 947; x_wconf 82' lang='grc' dir='ltr'><strong>οῦν</strong></span> 
     </span>
    </p>
   </div>
   <div class='ocr_carea' id='block_1_22' title="bbox 1901 985 3475 1069">
    <p class='ocr_par' dir='ltr' id='par_1_22' title="bbox 1901 985 3475 1069">
     <span class='ocr_line' id='line_1_22' title="bbox 1901 985 3475 1069; baseline -0.011 -19"><span class='ocrx_word' id='word_1_148' title='bbox 1901 996 2054 1069; x_wconf 80' lang='grc'><strong>[578]</strong></span> <span class='ocrx_word' id='word_1_149' title='bbox 2077 996 2301 1061; x_wconf 73' lang='grc' dir='ltr'><strong>ειδότες,</strong></span> <span class='ocrx_word' id='word_1_150' title='bbox 2340 994 2604 1063; x_wconf 83' lang='grc' dir='ltr'><strong>φύγωμεν</strong></span> <span class='ocrx_word' id='word_1_151' title='bbox 2632 993 2699 1046; x_wconf 84' lang='grc' dir='ltr'><strong>τά</strong></span> <span class='ocrx_word' id='word_1_152' title='bbox 2729 993 2940 1060; x_wconf 82' lang='grc' dir='ltr'><strong>πονηρά</strong></span> <span class='ocrx_word' id='word_1_153' title='bbox 2965 988 3064 1051; x_wconf 79' lang='grc' dir='ltr'><strong>τῆς</strong></span> <span class='ocrx_word' id='word_1_154' title='bbox 3086 985 3309 1063; x_wconf 82' lang='grc' dir='ltr'>τρυφῆς</span> <span class='ocrx_word' id='word_1_155' title='bbox 3332 1000 3475 1050; x_wconf 91' lang='grc' dir='ltr'><strong>συμ-</strong></span> 
     </span>
    </p>
   </div>
   <div class='ocr_carea' id='block_1_23' title="bbox 1900 1069 3472 1153">
    <p class='ocr_par' dir='ltr' id='par_1_23' title="bbox 1900 1069 3472 1153">
     <span class='ocr_line' id='line_1_23' title="bbox 1900 1069 3472 1153; baseline -0.011 -15"><span class='ocrx_word' id='word_1_156' title='bbox 1900 1085 2082 1148; x_wconf 89' lang='grc' dir='ltr'><strong>πόσια,</strong></span> <span class='ocrx_word' id='word_1_157' title='bbox 2121 1086 2217 1138; x_wconf 72' lang='grc' dir='ltr'><strong>καὶ</strong></span> <span class='ocrx_word' id='word_1_158' title='bbox 2242 1085 2396 1153; x_wconf 83' lang='grc' dir='ltr'>λιτῆς</span> <span class='ocrx_word' id='word_1_159' title='bbox 2423 1082 2778 1151; x_wconf 82' lang='grc' dir='ltr'><strong>ἀντεχώμεθα</strong></span> <span class='ocrx_word' id='word_1_160' title='bbox 2804 1078 3105 1149; x_wconf 78' lang='grc' dir='ltr'><strong>τραπέζης,</strong></span> <span class='ocrx_word' id='word_1_161' title='bbox 3140 1076 3227 1127; x_wconf 81' lang='grc' dir='ltr'><strong>ἵνα</strong></span> <span class='ocrx_word' id='word_1_162' title='bbox 3254 1072 3348 1125; x_wconf 76' lang='grc' dir='ltr'><strong>καὶ</strong></span> <span class='ocrx_word' id='word_1_163' title='bbox 3374 1069 3472 1138; x_wconf 85' lang='grc' dir='ltr'><strong>τὴν</strong></span> 
     </span>
    </p>
   </div>
   <div class='ocr_carea' id='block_1_24' title="bbox 1899 1161 3474 1244">
    <p class='ocr_par' dir='ltr' id='par_1_24' title="bbox 1899 1161 3474 1244">
     <span class='ocr_line' id='line_1_24' title="bbox 1899 1161 3474 1244; baseline -0.013 -17"><span class='ocrx_word' id='word_1_164' title='bbox 1899 1174 2074 1244; x_wconf 72' lang='grc' dir='ltr'><strong>ψυχὴν</strong></span> <span class='ocrx_word' id='word_1_165' title='bbox 2104 1173 2197 1226; x_wconf 79' lang='grc' dir='ltr'><strong>καὶ</strong></span> <span class='ocrx_word' id='word_1_166' title='bbox 2227 1172 2290 1223; x_wconf 86' lang='grc' dir='ltr'><strong>τδ</strong></span> <span class='ocrx_word' id='word_1_167' title='bbox 2321 1171 2479 1240; x_wconf 85' lang='grc' dir='ltr'><strong>σῶμα</strong></span> <span class='ocrx_word' id='word_1_168' title='bbox 2506 1166 2564 1221; x_wconf 84' lang='grc' dir='ltr'><strong>εὖ</strong></span> <span class='ocrx_word' id='word_1_169' title='bbox 2606 1168 2962 1237; x_wconf 81' lang='grc' dir='ltr'><strong>διακείμενοι,</strong></span> <span class='ocrx_word' id='word_1_170' title='bbox 2997 1162 3179 1216; x_wconf 81' lang='grc' dir='ltr'><strong>πᾶσάν</strong></span> <span class='ocrx_word' id='word_1_171' title='bbox 3210 1176 3269 1212; x_wconf 92' lang='grc' dir='ltr'><strong>τε</strong></span> <span class='ocrx_word' id='word_1_172' title='bbox 3309 1161 3474 1227; x_wconf 79' lang='grc' dir='ltr'><strong>ἐργα-</strong></span> 
     </span>
    </p>
   </div>
   <div class='ocr_carea' id='block_1_25' title="bbox 1903 1249 3476 1333">
    <p class='ocr_par' dir='ltr' id='par_1_25' title="bbox 1903 1249 3476 1333">
     <span class='ocr_line' id='line_1_25' title="bbox 1903 1249 3476 1333; baseline -0.011 -16"><span class='ocrx_word' id='word_1_173' title='bbox 1903 1262 2126 1333; x_wconf 87' lang='grc' dir='ltr'><strong>σώμεθα</strong></span> <span class='ocrx_word' id='word_1_174' title='bbox 2190 1261 2409 1332; x_wconf 79' lang='grc' dir='ltr'><strong>ἀρετὴν,</strong></span> <span class='ocrx_word' id='word_1_175' title='bbox 2456 1260 2549 1312; x_wconf 78' lang='grc' dir='ltr'><strong>καὶ</strong></span> <span class='ocrx_word' id='word_1_176' title='bbox 2596 1259 2705 1311; x_wconf 88' lang='grc' dir='ltr'><strong>τῶν</strong></span> <span class='ocrx_word' id='word_1_177' title='bbox 2767 1256 3073 1326; x_wconf 83' lang='grc' dir='ltr'>μελλόντων</span> <span class='ocrx_word' id='word_1_178' title='bbox 3128 1249 3476 1318; x_wconf 87' lang='grc' dir='ltr'><strong>ἐπιτύχωμεν</strong></span> 
     </span>
    </p>
   </div>
   <div class='ocr_carea' id='block_1_26' title="bbox 1900 1335 3480 1421">
    <p class='ocr_par' dir='ltr' id='par_1_26' title="bbox 1900 1335 3480 1421">
     <span class='ocr_line' id='line_1_26' title="bbox 1900 1335 3480 1421; baseline -0.011 -15"><span class='ocrx_word' id='word_1_179' title='bbox 1900 1352 2139 1421; x_wconf 81' lang='grc' dir='ltr'><strong>ἀγαθῶν,</strong></span> <span class='ocrx_word' id='word_1_180' title='bbox 2169 1352 2351 1421; x_wconf 88' lang='grc' dir='ltr'><strong>χάριτι</strong></span> <span class='ocrx_word' id='word_1_181' title='bbox 2393 1350 2487 1402; x_wconf 68' lang='grc' dir='ltr'><strong>καλ⁸</strong></span> <span class='ocrx_word' id='word_1_182' title='bbox 2517 1347 2898 1417; x_wconf 71' lang='grc' dir='ltr'><strong>φιλανθρῶπίᾳ</strong></span> <span class='ocrx_word' id='word_1_183' title='bbox 2932 1344 3027 1396; x_wconf 85' lang='grc' dir='ltr'><strong>τοῦ</strong></span> <span class='ocrx_word' id='word_1_184' title='bbox 3070 1340 3276 1412; x_wconf 79' lang='grc' dir='ltr'><strong>Κυρίου</strong></span> <span class='ocrx_word' id='word_1_185' title='bbox 3315 1335 3480 1408; x_wconf 84' lang='grc' dir='ltr'><strong>ήμῶν</strong></span> 
     </span>
    </p>
   </div>
   <div class='ocr_carea' id='block_1_27' title="bbox 1912 1425 3479 1512">
    <p class='ocr_par' dir='ltr' id='par_1_27' title="bbox 1912 1425 3479 1512">
     <span class='ocr_line' id='line_1_27' title="bbox 1912 1425 3479 1512; baseline -0.011 -17"><span class='ocrx_word' id='word_1_186' title='bbox 1912 1442 2087 1512; x_wconf 84' lang='grc' dir='ltr'><strong>Ἰησοῦ</strong></span> <span class='ocrx_word' id='word_1_187' title='bbox 2136 1440 2393 1510; x_wconf 84' lang='grc' dir='ltr'><strong>Χριστοῦ,</strong></span> <span class='ocrx_word' id='word_1_188' title='bbox 2441 1439 2560 1509; x_wconf 78' lang='grc' dir='ltr'><strong>μεθ’</strong></span> <span class='ocrx_word' id='word_1_189' title='bbox 2614 1432 2675 1491; x_wconf 76' lang='grc' dir='ltr'><strong>οῦ</strong></span> <span class='ocrx_word' id='word_1_190' title='bbox 2730 1435 2807 1503; x_wconf 80' lang='grc' dir='ltr'><strong>τῷ</strong></span> <span class='ocrx_word' id='word_1_191' title='bbox 2852 1434 3029 1504; x_wconf 80' lang='grc' dir='ltr'><strong>Πατρὶ</strong></span> <span class='ocrx_word' id='word_1_192' title='bbox 3062 1433 3179 1501; x_wconf 80' lang='grc' dir='ltr'><strong>ἀμα</strong></span> <span class='ocrx_word' id='word_1_193' title='bbox 3228 1428 3309 1497; x_wconf 87' lang='grc' dir='ltr'>τῷ</span> <span class='ocrx_word' id='word_1_194' title='bbox 3336 1425 3479 1494; x_wconf 84' lang='grc' dir='ltr'><strong>ἀγίῳ</strong></span> 
     </span>
    </p>
   </div>
   <div class='ocr_carea' id='block_1_28' title="bbox 1902 1517 3478 1600">
    <p class='ocr_par' dir='ltr' id='par_1_28' title="bbox 1902 1517 3478 1600">
     <span class='ocr_line' id='line_1_28' title="bbox 1902 1517 3478 1600; baseline -0.011 -15"><span class='ocrx_word' id='word_1_195' title='bbox 1902 1532 2181 1600; x_wconf 88' lang='grc' dir='ltr'><strong>Πνεύματι</strong></span> <span class='ocrx_word' id='word_1_196' title='bbox 2225 1531 2372 1595; x_wconf 78' lang='grc' dir='ltr'><strong>δόξα,</strong></span> <span class='ocrx_word' id='word_1_197' title='bbox 2402 1530 2625 1599; x_wconf 86' lang='grc' dir='ltr'><strong>κράτος,</strong></span> <span class='ocrx_word' id='word_1_198' title='bbox 2678 1526 2829 1596; x_wconf 83' lang='grc' dir='ltr'><strong>τιμὴ,</strong></span> <span class='ocrx_word' id='word_1_199' title='bbox 2860 1526 2953 1578; x_wconf 76' lang='grc' dir='ltr'><strong>νῦν</strong></span> <span class='ocrx_word' id='word_1_200' title='bbox 2988 1525 3083 1577; x_wconf 76' lang='grc' dir='ltr'><strong>καὶ</strong></span> <span class='ocrx_word' id='word_1_201' title='bbox 3116 1522 3223 1588; x_wconf 71' lang='grc' dir='ltr'><strong>ἀεὶ,</strong></span> <span class='ocrx_word' id='word_1_202' title='bbox 3265 1518 3361 1571; x_wconf 73' lang='grc' dir='ltr'><strong>καὶ</strong></span> <span class='ocrx_word' id='word_1_203' title='bbox 3396 1517 3478 1578; x_wconf 79' lang='grc' dir='ltr'><strong>είς</strong></span> 
     </span>
    </p>
   </div>
   <div class='ocr_carea' id='block_1_29' title="bbox 1900 1616 2905 1685">
    <p class='ocr_par' dir='ltr' id='par_1_29' title="bbox 1900 1616 2905 1685">
     <span class='ocr_line' id='line_1_29' title="bbox 1900 1616 2905 1685; baseline -0.005 -14"><span class='ocrx_word' id='word_1_204' title='bbox 1900 1620 2028 1681; x_wconf 75' lang='grc' dir='ltr'><strong>τοὺς</strong></span> <span class='ocrx_word' id='word_1_205' title='bbox 2056 1620 2255 1681; x_wconf 88' lang='grc' dir='ltr'><strong>αίῶνας</strong></span> <span class='ocrx_word' id='word_1_206' title='bbox 2288 1619 2395 1670; x_wconf 85' lang='grc' dir='ltr'><strong>τῶν</strong></span> <span class='ocrx_word' id='word_1_207' title='bbox 2434 1618 2664 1670; x_wconf 75' lang='grc' dir='ltr'><strong>αἰώνων.</strong></span> <span class='ocrx_word' id='word_1_208' title='bbox 2714 1616 2905 1685; x_wconf 81' lang='grc' dir='ltr'><strong>Ἀμήν.</strong></span> 
     </span>
    </p>
   </div>
   <div class='ocr_carea' id='block_1_30' title="bbox 1709 1847 2081 1902">
    <p class='ocr_par' dir='ltr' id='par_1_30' title="bbox 1709 1847 2081 1902">
     <span class='ocr_line' id='line_1_30' title="bbox 1709 1847 2081 1902; baseline 0.003 -1"><span class='ocrx_word' id='word_1_209' title='bbox 1709 1847 1953 1902; x_wconf 80' lang='grc' dir='ltr'><strong>ΟΜΙΛῙΔ</strong></span> <span class='ocrx_word' id='word_1_210' title='bbox 1990 1848 2081 1902; x_wconf 81' lang='grc' dir='ltr'><strong>Μ’.</strong></span> 
     </span>
    </p>
   </div>
   <div class='ocr_carea' id='block_1_31' title="bbox 226 1958 1793 2041">
    <p class='ocr_par' dir='ltr' id='par_1_31' title="bbox 226 1958 1793 2041">
     <span class='ocr_line' id='line_1_31' title="bbox 226 1958 1793 2041; baseline -0.004 -24"><span class='ocrx_word' id='word_1_211' title='bbox 226 1961 393 2017; x_wconf 74' lang='grc' dir='ltr'><strong>ἐπεὶ</strong></span> <span class='ocrx_word' id='word_1_212' title='bbox 430 1962 490 2041; x_wconf 60' lang='grc' dir='ltr'><strong>εί</strong></span> <span class='ocrx_word' id='word_1_213' title='bbox 524 1962 893 2041; x_wconf 67' lang='grc' dir='ltr'><strong>ποιήρνρυσιν</strong></span> <span class='ocrx_word' id='word_1_214' title='bbox 937 1964 994 2017; x_wconf 87' lang='grc' dir='ltr'><strong>οί</strong></span> <span class='ocrx_word' id='word_1_215' title='bbox 1019 1958 1441 2041; x_wconf 60' lang='grc' dir='ltr'><strong>βαπτιζόμενοι</strong></span> <span class='ocrx_word' id='word_1_216' title='bbox 1488 1960 1640 2027; x_wconf 75' lang='grc' dir='ltr'><strong>ὑπὲρ</strong></span> <span class='ocrx_word' id='word_1_217' title='bbox 1657 1959 1793 2041; x_wconf 42' lang='grc' dir='ltr'><strong>’τῶις</strong></span> 
     </span>
    </p>
   </div>
   <div class='ocr_carea' id='block_1_32' title="bbox 279 2028 1793 2169">
    <p class='ocr_par' dir='ltr' id='par_1_32' title="bbox 279 2028 1793 2169">
     <span class='ocr_line' id='line_1_32' title="bbox 284 2028 1793 2111; baseline -0.003 -27"><span class='ocrx_word' id='word_1_218' title='bbox 284 2029 539 2098; x_wconf 73' lang='grc' dir='ltr'><strong>νεκρῶν,</strong></span> <span class='ocrx_word' id='word_1_219' title='bbox 568 2034 621 2086; x_wconf 81' lang='grc' dir='ltr'><strong>εί</strong></span> <span class='ocrx_word' id='word_1_220' title='bbox 653 2028 807 2098; x_wconf 70' lang='grc' dir='ltr'><strong>ὅλως</strong></span> <span class='ocrx_word' id='word_1_221' title='bbox 837 2030 1039 2111; x_wconf 56' lang='grc' dir='ltr'><strong>νεκροί</strong></span> <span class='ocrx_word' id='word_1_222' title='bbox 1075 2032 1202 2109; x_wconf 50' lang='grc' dir='ltr'><strong>οὐκ.</strong></span> <span class='ocrx_word' id='word_1_223' title='bbox 1214 2028 1539 2099; x_wconf 63' lang='grc' dir='ltr'><strong>ἐγείρονται</strong></span> <span class='ocrx_word' id='word_1_224' title='bbox 1554 2045 1575 2095; x_wconf 87' lang='grc'><strong><em>;</em></strong></span> <span class='ocrx_word' id='word_1_225' title='bbox 1610 2028 1669 2082; x_wconf 88' lang='grc' dir='ltr'><strong>τί</strong></span> <span class='ocrx_word' id='word_1_226' title='bbox 1695 2028 1793 2081; x_wconf 74' lang='grc' dir='ltr'><strong>καὶ</strong></span> 
     </span>
     <span class='ocr_line' id='line_1_33' title="bbox 279 2100 1281 2169; baseline -0.015 -5"><span class='ocrx_word' id='word_1_227' title='bbox 279 2100 672 2163; x_wconf 75' lang='grc' dir='ltr'><strong>βαπτίζονται</strong></span> <span class='ocrx_word' id='word_1_228' title='bbox 696 2102 851 2169; x_wconf 76' lang='grc' dir='ltr'><strong>ὑπὲρ</strong></span> <span class='ocrx_word' id='word_1_229' title='bbox 876 2117 995 2154; x_wconf 68' lang='grc' dir='ltr'><strong>των·</strong></span> <span class='ocrx_word' id='word_1_230' title='bbox 1019 2115 1281 2167; x_wconf 71' lang='grc' dir='ltr'><strong>νεκρωγς</strong></span> 
     </span>
    </p>
   </div>
   <div class='ocr_carea' id='block_1_33' title="bbox 286 2208 1789 2281">
    <p class='ocr_par' dir='ltr' id='par_1_33' title="bbox 286 2208 1789 2281">
     <span class='ocr_line' id='line_1_34' title="bbox 286 2208 1789 2281; baseline 0.001 -20"><span class='ocrx_word' id='word_1_231' title='bbox 286 2216 357 2261; x_wconf 85' lang='grc' dir='ltr'><strong>α’.</strong></span> <span class='ocrx_word' id='word_1_232' title='bbox 390 2210 595 2280; x_wconf 84' lang='grc' dir='ltr'><strong>Ἐτέρῳ</strong></span> <span class='ocrx_word' id='word_1_233' title='bbox 623 2212 785 2265; x_wconf 86' lang='grc' dir='ltr'><strong>πάλιν</strong></span> <span class='ocrx_word' id='word_1_234' title='bbox 816 2212 1083 2281; x_wconf 77' lang='grc' dir='ltr'><strong>ἐπιχειρεῖ</strong></span> <span class='ocrx_word' id='word_1_235' title='bbox 1118 2208 1419 2279; x_wconf 82' lang='grc' dir='ltr'><strong>κεφαλαίῳ,</strong></span> <span class='ocrx_word' id='word_1_236' title='bbox 1443 2211 1571 2264; x_wconf 78' lang='grc' dir='ltr'><strong>ποτὲ</strong></span> <span class='ocrx_word' id='word_1_237' title='bbox 1602 2212 1703 2280; x_wconf 72' lang='grc' dir='ltr'><strong>μὶν</strong></span> <span class='ocrx_word' id='word_1_238' title='bbox 1728 2210 1789 2277; x_wconf 76' lang='grc' dir='ltr'><strong>ἐξ</strong></span> 
     </span>
    </p>
   </div>
   <div class='ocr_carea' id='block_1_34' title="bbox 212 2284 1788 2364">
    <p class='ocr_par' dir='ltr' id='par_1_34' title="bbox 212 2284 1788 2364">
     <span class='ocr_line' id='line_1_35' title="bbox 212 2284 1788 2364; baseline 0.001 -20"><span class='ocrx_word' id='word_1_239' title='bbox 212 2284 293 2344; x_wconf 80' lang='grc' dir='ltr'><strong>ῶν</strong></span> <span class='ocrx_word' id='word_1_240' title='bbox 321 2294 350 2344; x_wconf 89' lang='grc' dir='ltr'><strong>ό</strong></span> <span class='ocrx_word' id='word_1_241' title='bbox 374 2293 504 2356; x_wconf 77' lang='grc' dir='ltr'><strong>Θεὸς</strong></span> <span class='ocrx_word' id='word_1_242' title='bbox 533 2297 697 2359; x_wconf 88' lang='grc' dir='ltr'><strong>ποιεῖ,</strong></span> <span class='ocrx_word' id='word_1_243' title='bbox 730 2295 861 2347; x_wconf 77' lang='grc' dir='ltr'><strong>ποτε</strong></span> <span class='ocrx_word' id='word_1_244' title='bbox 890 2294 947 2347; x_wconf 75' lang='grc' dir='ltr'><strong>δὲ</strong></span> <span class='ocrx_word' id='word_1_245' title='bbox 978 2294 1038 2358; x_wconf 79' lang='grc' dir='ltr'><strong>ἐξ</strong></span> <span class='ocrx_word' id='word_1_246' title='bbox 1073 2293 1251 2346; x_wconf 78' lang='grc' dir='ltr'><strong>αὐτῶν</strong></span> <span class='ocrx_word' id='word_1_247' title='bbox 1270 2286 1345 2346; x_wconf 82' lang='grc' dir='ltr'>ὧν</span> <span class='ocrx_word' id='word_1_248' title='bbox 1365 2294 1685 2364; x_wconf 90' lang='grc' dir='ltr'><strong>πράττουσι,</strong></span> <span class='ocrx_word' id='word_1_249' title='bbox 1718 2294 1788 2346; x_wconf 87' lang='grc' dir='ltr'><strong>τά</strong></span> 
     </span>
    </p>
   </div>
   <div class='ocr_carea' id='block_1_35' title="bbox 212 2370 1795 2444">
    <p class='ocr_par' dir='ltr' id='par_1_35' title="bbox 212 2370 1795 2444">
     <span class='ocr_line' id='line_1_36' title="bbox 212 2370 1795 2444; baseline 0.003 -23"><span class='ocrx_word' id='word_1_250' title='bbox 212 2370 490 2440; x_wconf 84' lang='grc' dir='ltr'><strong>λεγόμενα</strong></span> <span class='ocrx_word' id='word_1_251' title='bbox 518 2375 962 2438; x_wconf 75' lang='grc' dir='ltr'><strong>κατασκευάζων.</strong></span> <span class='ocrx_word' id='word_1_252' title='bbox 994 2374 1069 2428; x_wconf 90' lang='grc' dir='ltr'><strong>Ού</strong></span> <span class='ocrx_word' id='word_1_253' title='bbox 1100 2373 1295 2444; x_wconf 81' lang='grc' dir='ltr'><strong>μικρὸν</strong></span> <span class='ocrx_word' id='word_1_254' title='bbox 1327 2373 1384 2428; x_wconf 71' lang='grc' dir='ltr'><strong>δέ</strong></span> <span class='ocrx_word' id='word_1_255' title='bbox 1414 2375 1509 2427; x_wconf 76' lang='grc' dir='ltr'><strong>καὶ</strong></span> <span class='ocrx_word' id='word_1_256' title='bbox 1530 2374 1688 2428; x_wconf 92' lang='grc' dir='ltr'><strong>τοῦτο</strong></span> <span class='ocrx_word' id='word_1_257' title='bbox 1715 2376 1795 2437; x_wconf 82' lang='grc' dir='ltr'><strong>είς</strong></span> 
     </span>
    </p>
   </div>
   <div class='ocr_carea' id='block_1_36' title="bbox 216 2454 1796 2527">
    <p class='ocr_par' dir='ltr' id='par_1_36' title="bbox 216 2454 1796 2527">
     <span class='ocr_line' id='line_1_37' title="bbox 216 2454 1796 2527; baseline 0.003 -22"><span class='ocrx_word' id='word_1_258' title='bbox 216 2454 553 2524; x_wconf 74' lang='grc' dir='ltr'><strong>συνηγορίαν</strong></span> <span class='ocrx_word' id='word_1_259' title='bbox 570 2455 866 2527; x_wconf 86' lang='grc' dir='ltr'><strong>δικαίωμα,</strong></span> <span class='ocrx_word' id='word_1_260' title='bbox 888 2457 1017 2509; x_wconf 79' lang='grc' dir='ltr'><strong>ὅταν</strong></span> <span class='ocrx_word' id='word_1_261' title='bbox 1036 2456 1163 2520; x_wconf 70' lang='grc' dir='ltr'><strong>τοὺς</strong></span> <span class='ocrx_word' id='word_1_262' title='bbox 1192 2455 1573 2523; x_wconf 87' lang='grc' dir='ltr'><strong>ἀντιλέγοντας</strong></span> <span class='ocrx_word' id='word_1_263' title='bbox 1599 2456 1796 2519; x_wconf 78' lang='grc' dir='ltr'><strong>αὐτοὺς</strong></span> 
     </span>
    </p>
   </div>
   <div class='ocr_carea' id='block_1_37' title="bbox 218 2530 1793 2610">
    <p class='ocr_par' dir='ltr' id='par_1_37' title="bbox 218 2530 1793 2610">
     <span class='ocr_line' id='line_1_38' title="bbox 218 2530 1793 2610; baseline 0.002 -23"><span class='ocrx_word' id='word_1_264' title='bbox 218 2536 511 2606; x_wconf 85' lang='grc' dir='ltr'><strong>μάρτυρας</strong></span> <span class='ocrx_word' id='word_1_265' title='bbox 540 2538 857 2610; x_wconf 78' lang='grc' dir='ltr'><strong>παραγάγῃ,</strong></span> <span class='ocrx_word' id='word_1_266' title='bbox 891 2538 958 2591; x_wconf 83' lang='grc' dir='ltr'><strong>δι’</strong></span> <span class='ocrx_word' id='word_1_267' title='bbox 979 2530 1054 2590; x_wconf 77' lang='grc' dir='ltr'><strong>ὧν</strong></span> <span class='ocrx_word' id='word_1_268' title='bbox 1082 2537 1317 2602; x_wconf 90' lang='grc' dir='ltr'><strong>ποιοῦσι,</strong></span> <span class='ocrx_word' id='word_1_269' title='bbox 1339 2538 1449 2590; x_wconf 90' lang='grc' dir='ltr'><strong>τῶν</strong></span> <span class='ocrx_word' id='word_1_270' title='bbox 1468 2537 1793 2608; x_wconf 89' lang='grc' dir='ltr'><strong>λεγομένων.</strong></span> 
     </span>
    </p>
   </div>
   <div class='ocr_carea' id='block_1_38' title="bbox 215 2613 1799 2690">
    <p class='ocr_par' dir='ltr' id='par_1_38' title="bbox 215 2613 1799 2690">
     <span class='ocr_line' id='line_1_39' title="bbox 215 2613 1799 2690; baseline 0.002 -22"><span class='ocrx_word' id='word_1_271' title='bbox 215 2617 288 2669; x_wconf 88' lang='grc' dir='ltr'><strong>Τί</strong></span> <span class='ocrx_word' id='word_1_272' title='bbox 322 2613 415 2671; x_wconf 83' lang='grc' dir='ltr'><strong>οῦν</strong></span> <span class='ocrx_word' id='word_1_273' title='bbox 442 2621 591 2673; x_wconf 80' lang='grc' dir='ltr'><strong>ἐστιν</strong></span> <span class='ocrx_word' id='word_1_274' title='bbox 618 2621 647 2673; x_wconf 87' lang='lat'><strong>6</strong></span> <span class='ocrx_word' id='word_1_275' title='bbox 677 2636 878 2689; x_wconf 88' lang='grc' dir='ltr'><strong>φησιν;</strong></span> <span class='ocrx_word' id='word_1_276' title='bbox 911 2619 943 2688; x_wconf 75' lang='grc' dir='ltr'>ἢ</span> <span class='ocrx_word' id='word_1_277' title='bbox 968 2618 1219 2688; x_wconf 88' lang='grc' dir='ltr'><strong>βούλεσθε</strong></span> <span class='ocrx_word' id='word_1_278' title='bbox 1250 2619 1464 2690; x_wconf 90' lang='grc' dir='ltr'><strong>πρῶτον</strong></span> <span class='ocrx_word' id='word_1_279' title='bbox 1496 2621 1655 2685; x_wconf 73' lang='grc' dir='ltr'><strong>εἴπω,</strong></span> <span class='ocrx_word' id='word_1_280' title='bbox 1680 2618 1799 2681; x_wconf 89' lang='grc' dir='ltr'><strong>πῶς</strong></span> 
     </span>
    </p>
   </div>
   <div class='ocr_carea' id='block_1_39' title="bbox 216 2699 1797 2769">
    <p class='ocr_par' dir='ltr' id='par_1_39' title="bbox 216 2699 1797 2769">
     <span class='ocr_line' id='line_1_40' title="bbox 216 2699 1797 2769; baseline 0.002 -21"><span class='ocrx_word' id='word_1_281' title='bbox 216 2699 590 2765; x_wconf 87' lang='grc' dir='ltr'><strong>παραποιοῦσι</strong></span> <span class='ocrx_word' id='word_1_282' title='bbox 618 2700 718 2769; x_wconf 77' lang='grc' dir='ltr'><strong>τὴν</strong></span> <span class='ocrx_word' id='word_1_283' title='bbox 751 2700 911 2767; x_wconf 77' lang='grc' dir='ltr'><strong>ῥῆσιν</strong></span> <span class='ocrx_word' id='word_1_284' title='bbox 942 2701 1149 2767; x_wconf 80' lang='grc' dir='ltr'><strong>ταύτην</strong></span> <span class='ocrx_word' id='word_1_285' title='bbox 1175 2699 1226 2751; x_wconf 87' lang='grc' dir='ltr'><strong>οί</strong></span> <span class='ocrx_word' id='word_1_286' title='bbox 1248 2699 1317 2752; x_wconf 85' lang='grc' dir='ltr'><strong>τά</strong></span> <span class='ocrx_word' id='word_1_287' title='bbox 1355 2701 1679 2769; x_wconf 84' lang='grc' dir='ltr'><strong>Μαρκίωνος</strong></span> <span class='ocrx_word' id='word_1_288' title='bbox 1707 2716 1797 2751; x_wconf 84' lang='grc' dir='ltr'><strong>νο-</strong></span> 
     </span>
    </p>
   </div>
   <div class='ocr_carea' id='block_1_40' title="bbox 218 2774 1795 2850">
    <p class='ocr_par' dir='ltr' id='par_1_40' title="bbox 218 2774 1795 2850">
     <span class='ocr_line' id='line_1_41' title="bbox 218 2774 1795 2850; baseline 0.003 -23"><span class='ocrx_word' id='word_1_289' title='bbox 218 2776 475 2843; x_wconf 87' lang='grc' dir='ltr'><strong>σοῦντες;</strong></span> <span class='ocrx_word' id='word_1_290' title='bbox 528 2780 637 2831; x_wconf 97' lang='lat' dir='ltr'><strong>Kal</strong></span> <span class='ocrx_word' id='word_1_291' title='bbox 689 2774 807 2831; x_wconf 84' lang='grc' dir='ltr'><strong>οἶδα</strong></span> <span class='ocrx_word' id='word_1_292' title='bbox 844 2779 944 2848; x_wconf 75' lang='grc' dir='ltr'><strong>μὲν</strong></span> <span class='ocrx_word' id='word_1_293' title='bbox 969 2781 1052 2831; x_wconf 81' lang='grc' dir='ltr'><strong>ὅτι</strong></span> <span class='ocrx_word' id='word_1_294' title='bbox 1102 2779 1269 2834; x_wconf 77' lang='grc' dir='ltr'><strong>πολὺν</strong></span> <span class='ocrx_word' id='word_1_295' title='bbox 1316 2782 1521 2850; x_wconf 84' lang='grc' dir='ltr'><strong>κινήσω</strong></span> <span class='ocrx_word' id='word_1_296' title='bbox 1564 2780 1795 2847; x_wconf 86' lang='grc' dir='ltr'><strong>γέλωτα,</strong></span> 
     </span>
    </p>
   </div>
   <div class='ocr_carea' id='block_1_41' title="bbox 217 2855 1798 2930">
    <p class='ocr_par' dir='ltr' id='par_1_41' title="bbox 217 2855 1798 2930">
     <span class='ocr_line' id='line_1_42' title="bbox 217 2855 1798 2930; baseline 0.004 -23"><span class='ocrx_word' id='word_1_297' title='bbox 217 2855 366 2926; x_wconf 78' lang='grc' dir='ltr'><strong>πλὴν</strong></span> <span class='ocrx_word' id='word_1_298' title='bbox 394 2857 529 2911; x_wconf 90' lang='grc' dir='ltr'><strong>ἀλλά</strong></span> <span class='ocrx_word' id='word_1_299' title='bbox 557 2859 650 2912; x_wconf 80' lang='grc' dir='ltr'><strong>καὶ</strong></span> <span class='ocrx_word' id='word_1_300' title='bbox 683 2858 771 2912; x_wconf 90' lang='grc' dir='ltr'><strong>διά</strong></span> <span class='ocrx_word' id='word_1_301' title='bbox 795 2858 954 2911; x_wconf 88' lang='grc' dir='ltr'><strong>τοῦτο</strong></span> <span class='ocrx_word' id='word_1_302' title='bbox 984 2857 1221 2929; x_wconf 88' lang='grc' dir='ltr'><strong>μάλιστα</strong></span> <span class='ocrx_word' id='word_1_303' title='bbox 1249 2859 1380 2929; x_wconf 85' lang='grc' dir='ltr'><strong>ἐρῶ,</strong></span> <span class='ocrx_word' id='word_1_304' title='bbox 1418 2856 1503 2913; x_wconf 86' lang='grc' dir='ltr'><strong>ἴνα</strong></span> <span class='ocrx_word' id='word_1_305' title='bbox 1538 2858 1798 2930; x_wconf 74' lang='grc' dir='ltr'><strong>μειζόνως</strong></span> 
     </span>
    </p>
   </div>
   <div class='ocr_carea' id='block_1_42' title="bbox 216 2938 1797 3013">
    <p class='ocr_par' dir='ltr' id='par_1_42' title="bbox 216 2938 1797 3013">
     <span class='ocr_line' id='line_1_43' title="bbox 216 2938 1797 3013; baseline 0.002 -22"><span class='ocrx_word' id='word_1_306' title='bbox 216 2938 404 2991; x_wconf 79' lang='grc' dir='ltr'><strong>αὐτῶν</strong></span> <span class='ocrx_word' id='word_1_307' title='bbox 432 2938 640 3009; x_wconf 78' lang='grc' dir='ltr'><strong>φύγητε</strong></span> <span class='ocrx_word' id='word_1_308' title='bbox 668 2942 769 3009; x_wconf 76' lang='grc' dir='ltr'><strong>τὴν</strong></span> <span class='ocrx_word' id='word_1_309' title='bbox 790 2941 965 2995; x_wconf 84' lang='grc' dir='ltr'><strong>νόσον.</strong></span> <span class='ocrx_word' id='word_1_310' title='bbox 1008 2941 1261 2994; x_wconf 75' lang='grc' dir='ltr'><strong>Ἐπειδὰν</strong></span> <span class='ocrx_word' id='word_1_311' title='bbox 1291 2942 1400 3009; x_wconf 87' lang='grc' dir='ltr'><strong>γάρ</strong></span> <span class='ocrx_word' id='word_1_312' title='bbox 1426 2958 1507 3004; x_wconf 88' lang='grc' dir='ltr'><strong>τις</strong></span> <span class='ocrx_word' id='word_1_313' title='bbox 1530 2942 1797 3013; x_wconf 85' lang='grc' dir='ltr'><strong>κατηχού-</strong></span> 
     </span>
    </p>
   </div>
   <div class='ocr_carea' id='block_1_43' title="bbox 222 3020 1800 3094">
    <p class='ocr_par' dir='ltr' id='par_1_43' title="bbox 222 3020 1800 3094">
     <span class='ocr_line' id='line_1_44' title="bbox 222 3020 1800 3094; baseline 0.003 -23"><span class='ocrx_word' id='word_1_314' title='bbox 222 3035 389 3087; x_wconf 88' lang='grc' dir='ltr'><strong>μενος</strong></span> <span class='ocrx_word' id='word_1_315' title='bbox 414 3020 625 3094; x_wconf 81' lang='grc' dir='ltr'>ἀπέλθῃ</span> <span class='ocrx_word' id='word_1_316' title='bbox 656 3024 785 3094; x_wconf 82' lang='grc' dir='ltr'><strong>παρ’</strong></span> <span class='ocrx_word' id='word_1_317' title='bbox 809 3023 1012 3085; x_wconf 80' lang='grc' dir='ltr'><strong>αὐτοῖς,</strong></span> <span class='ocrx_word' id='word_1_318' title='bbox 1039 3022 1130 3076; x_wconf 85' lang='grc' dir='ltr'><strong>τόν</strong></span> <span class='ocrx_word' id='word_1_319' title='bbox 1166 3022 1343 3087; x_wconf 76' lang='grc' dir='ltr'><strong>ζῶντα</strong></span> <span class='ocrx_word' id='word_1_320' title='bbox 1370 3024 1474 3076; x_wconf 81' lang='grc' dir='ltr'><strong>ὑπὸ</strong></span> <span class='ocrx_word' id='word_1_321' title='bbox 1493 3022 1590 3091; x_wconf 80' lang='grc' dir='ltr'><strong>τὴν</strong></span> <span class='ocrx_word' id='word_1_322' title='bbox 1612 3024 1800 3093; x_wconf 89' lang='grc' dir='ltr'><strong>κλίνην</strong></span> 
     </span>
    </p>
   </div>
   <div class='ocr_carea' id='block_1_44' title="bbox 217 3099 1800 3175">
    <p class='ocr_par' dir='ltr' id='par_1_44' title="bbox 217 3099 1800 3175">
     <span class='ocr_line' id='line_1_45' title="bbox 217 3099 1800 3175; baseline 0.003 -23"><span class='ocrx_word' id='word_1_323' title='bbox 217 3099 323 3153; x_wconf 83' lang='grc' dir='ltr'><strong>τοῦ</strong></span> <span class='ocrx_word' id='word_1_324' title='bbox 361 3103 808 3173; x_wconf 78' lang='grc' dir='ltr'><strong>τετελευτηκότος</strong></span> <span class='ocrx_word' id='word_1_325' title='bbox 852 3104 1178 3172; x_wconf 80' lang='grc' dir='ltr'><strong>κρύψαντες,</strong></span> <span class='ocrx_word' id='word_1_326' title='bbox 1217 3104 1472 3175; x_wconf 88' lang='grc' dir='ltr'><strong>προσίασι</strong></span> <span class='ocrx_word' id='word_1_327' title='bbox 1507 3104 1583 3173; x_wconf 83' lang='grc' dir='ltr'><strong>τῷ</strong></span> <span class='ocrx_word' id='word_1_328' title='bbox 1622 3104 1800 3173; x_wconf 85' lang='grc' dir='ltr'><strong>νεκρῷ</strong></span> 
     </span>
    </p>
   </div>
   <div class='ocr_carea' id='block_1_45' title="bbox 220 3178 1799 3249">
    <p class='ocr_par' dir='ltr' id='par_1_45' title="bbox 220 3178 1799 3249">
     <span class='ocr_line' id='line_1_46' title="bbox 220 3178 1799 3249; baseline 0.002 -18"><span class='ocrx_word' id='word_1_329' title='bbox 220 3179 321 3231; x_wconf 69' lang='grc' dir='ltr'><strong>καὶ</strong></span> <span class='ocrx_word' id='word_1_330' title='bbox 342 3178 681 3248; x_wconf 83' lang='grc' dir='ltr'><strong>διαλέγονται</strong></span> <span class='ocrx_word' id='word_1_331' title='bbox 722 3182 814 3235; x_wconf 84' lang='grc' dir='ltr'><strong>καὶ</strong></span> <span class='ocrx_word' id='word_1_332' title='bbox 848 3181 1233 3243; x_wconf 84' lang='grc' dir='ltr'><strong>πυνθάνονται,</strong></span> <span class='ocrx_word' id='word_1_333' title='bbox 1270 3183 1317 3232; x_wconf 85' lang='grc' dir='ltr'><strong>εί</strong></span> <span class='ocrx_word' id='word_1_334' title='bbox 1353 3181 1593 3249; x_wconf 87' lang='grc' dir='ltr'><strong>βούλοιτο</strong></span> <span class='ocrx_word' id='word_1_335' title='bbox 1614 3181 1799 3234; x_wconf 91' lang='grc' dir='ltr'><strong>λαϐεῖν</strong></span> 
     </span>
    </p>
   </div>
   <div class='ocr_carea' id='block_1_46' title="bbox 219 3257 1801 3333">
    <p class='ocr_par' dir='ltr' id='par_1_46' title="bbox 219 3257 1801 3333">
     <span class='ocr_line' id='line_1_47' title="bbox 219 3257 1801 3333; baseline 0.002 -22"><span class='ocrx_word' id='word_1_336' title='bbox 219 3260 289 3312; x_wconf 75' lang='grc' dir='ltr'><strong>τὸ</strong></span> <span class='ocrx_word' id='word_1_337' title='bbox 323 3259 636 3331; x_wconf 79' lang='grc' dir='ltr'><strong>βάπτισμα·</strong></span> <span class='ocrx_word' id='word_1_338' title='bbox 670 3257 788 3314; x_wconf 75' lang='grc' dir='ltr'><strong>εἶτα</strong></span> <span class='ocrx_word' id='word_1_339' title='bbox 823 3261 1034 3315; x_wconf 76' lang='grc' dir='ltr'><strong>ἐκείνου</strong></span> <span class='ocrx_word' id='word_1_340' title='bbox 1082 3262 1251 3331; x_wconf 83' lang='grc' dir='ltr'><strong>μηδὲν</strong></span> <span class='ocrx_word' id='word_1_341' title='bbox 1292 3262 1744 3333; x_wconf 85' lang='grc' dir='ltr'><strong>ἀποκρινομένου,</strong></span> <span class='ocrx_word' id='word_1_342' title='bbox 1772 3263 1801 3314; x_wconf 96' lang='lat'><strong>6</strong></span> 
     </span>
    </p>
   </div>
   <div class='ocr_carea' id='block_1_47' title="bbox 221 3343 1800 3416">
    <p class='ocr_par' dir='ltr' id='par_1_47' title="bbox 221 3343 1800 3416">
     <span class='ocr_line' id='line_1_48' title="bbox 221 3343 1800 3416; baseline 0.003 -22"><span class='ocrx_word' id='word_1_343' title='bbox 221 3344 606 3413; x_wconf 80' lang='grc' dir='ltr'><strong>κεκρυμμένος</strong></span> <span class='ocrx_word' id='word_1_344' title='bbox 644 3343 891 3398; x_wconf 87' lang='grc' dir='ltr'><strong>κάτωθεν</strong></span> <span class='ocrx_word' id='word_1_345' title='bbox 945 3346 1061 3398; x_wconf 83' lang='grc' dir='ltr'><strong>ἀντ’</strong></span> <span class='ocrx_word' id='word_1_346' title='bbox 1113 3345 1321 3397; x_wconf 82' lang='grc' dir='ltr'><strong>ἐκείνου</strong></span> <span class='ocrx_word' id='word_1_347' title='bbox 1379 3346 1563 3416; x_wconf 76' lang='grc' dir='ltr'><strong>φησὶν,</strong></span> <span class='ocrx_word' id='word_1_348' title='bbox 1616 3347 1696 3398; x_wconf 81' lang='grc' dir='ltr'><strong>ὅτι</strong></span> <span class='ocrx_word' id='word_1_349' title='bbox 1735 3344 1800 3415; x_wconf 81' lang='grc' dir='ltr'><strong>δὴ</strong></span> 
     </span>
    </p>
   </div>
   <div class='ocr_carea' id='block_1_48' title="bbox 222 3424 1801 3498">
    <p class='ocr_par' dir='ltr' id='par_1_48' title="bbox 222 3424 1801 3498">
     <span class='ocr_line' id='line_1_49' title="bbox 222 3424 1801 3498; baseline 0.003 -23"><span class='ocrx_word' id='word_1_350' title='bbox 222 3424 472 3493; x_wconf 89' lang='grc' dir='ltr'><strong>βούλοιτο</strong></span> <span class='ocrx_word' id='word_1_351' title='bbox 505 3426 896 3498; x_wconf 85' lang='grc' dir='ltr'><strong>βαπτισθῆναι·</strong></span> <span class='ocrx_word' id='word_1_352' title='bbox 932 3428 1026 3481; x_wconf 77' lang='grc' dir='ltr'><strong>καὶ</strong></span> <span class='ocrx_word' id='word_1_353' title='bbox 1070 3426 1211 3481; x_wconf 85' lang='grc' dir='ltr'><strong>οῦτω</strong></span> <span class='ocrx_word' id='word_1_354' title='bbox 1246 3426 1597 3497; x_wconf 76' lang='grc' dir='ltr'><strong>βαπτίζουσιν</strong></span> <span class='ocrx_word' id='word_1_355' title='bbox 1640 3427 1801 3481; x_wconf 77' lang='grc' dir='ltr'><strong>αὐτὸν</strong></span> 
     </span>
    </p>
   </div>
   <div class='ocr_carea' id='block_1_49' title="bbox 218 3506 1800 3579">
    <p class='ocr_par' dir='ltr' id='par_1_49' title="bbox 218 3506 1800 3579">
     <span class='ocr_line' id='line_1_50' title="bbox 218 3506 1800 3579; baseline 0.001 -20"><span class='ocrx_word' id='word_1_356' title='bbox 218 3506 351 3559; x_wconf 77' lang='grc' dir='ltr'><strong>ἀντὶ</strong></span> <span class='ocrx_word' id='word_1_357' title='bbox 380 3507 471 3560; x_wconf 86' lang='grc' dir='ltr'><strong>τοῦ</strong></span> <span class='ocrx_word' id='word_1_358' title='bbox 521 3509 869 3573; x_wconf 84' lang='grc' dir='ltr'><strong>ἀπελθόντος,</strong></span> <span class='ocrx_word' id='word_1_359' title='bbox 905 3508 1156 3579; x_wconf 89' lang='grc' dir='ltr'><strong>καθάπερ</strong></span> <span class='ocrx_word' id='word_1_360' title='bbox 1184 3510 1277 3562; x_wconf 78' lang='grc' dir='ltr'><strong>ἐπὶ</strong></span> <span class='ocrx_word' id='word_1_361' title='bbox 1302 3507 1399 3577; x_wconf 83' lang='grc' dir='ltr'><strong>τῆς</strong></span> <span class='ocrx_word' id='word_1_362' title='bbox 1428 3510 1632 3578; x_wconf 86' lang='grc' dir='ltr'><strong>σκηνῆς</strong></span> <span class='ocrx_word' id='word_1_363' title='bbox 1672 3508 1800 3561; x_wconf 91' lang='grc' dir='ltr'><strong>παί-</strong></span> 
     </span>
    </p>
   </div>
   <div class='ocr_carea' id='block_1_50' title="bbox 221 3585 1802 3660">
    <p class='ocr_par' dir='ltr' id='par_1_50' title="bbox 221 3585 1802 3660">
     <span class='ocr_line' id='line_1_51' title="bbox 221 3585 1802 3660; baseline 0.003 -22"><span class='ocrx_word' id='word_1_364' title='bbox 221 3585 413 3650; x_wconf 76' lang='grc' dir='ltr'><strong>ζοντες</strong></span> <span class='ocrx_word' id='word_1_365' title='bbox 433 3604 448 3619; x_wconf 92' lang='grc'><strong>·</strong></span> <span class='ocrx_word' id='word_1_366' title='bbox 478 3590 729 3644; x_wconf 88' lang='grc' dir='ltr'><strong>τοσοῦτον</strong></span> <span class='ocrx_word' id='word_1_367' title='bbox 763 3590 953 3659; x_wconf 85' lang='grc' dir='ltr'><strong>ῐσχυσε</strong></span> <span class='ocrx_word' id='word_1_368' title='bbox 994 3592 1113 3653; x_wconf 90' lang='grc' dir='ltr'><strong>ταῖς</strong></span> <span class='ocrx_word' id='word_1_369' title='bbox 1135 3591 1242 3643; x_wconf 86' lang='grc' dir='ltr'><strong>τῶν</strong></span> <span class='ocrx_word' id='word_1_370' title='bbox 1274 3589 1532 3660; x_wconf 73' lang='grc' dir='ltr'><strong>ῥᾳθύμων</strong></span> <span class='ocrx_word' id='word_1_371' title='bbox 1556 3589 1754 3658; x_wconf 79' lang='grc' dir='ltr'><strong>ψυχαῖς</strong></span> <span class='ocrx_word' id='word_1_372' title='bbox 1773 3590 1802 3642; x_wconf 90' lang='lat'><strong>6</strong></span> 
     </span>
    </p>
   </div>
   <div class='ocr_carea' id='block_1_51' title="bbox 219 3668 1802 3743">
    <p class='ocr_par' dir='ltr' id='par_1_51' title="bbox 219 3668 1802 3743">
     <span class='ocr_line' id='line_1_52' title="bbox 219 3668 1802 3743; baseline 0.002 -23"><span class='ocrx_word' id='word_1_373' title='bbox 219 3669 492 3733; x_wconf 82' lang='grc' dir='ltr'><strong>διάϐολος.</strong></span> <span class='ocrx_word' id='word_1_374' title='bbox 548 3668 683 3727; x_wconf 73' lang='grc' dir='ltr'><strong>Εἶτα</strong></span> <span class='ocrx_word' id='word_1_375' title='bbox 732 3673 1139 3743; x_wconf 87' lang='grc' dir='ltr'><strong>ἐγκαλούμενοι,</strong></span> <span class='ocrx_word' id='word_1_376' title='bbox 1182 3673 1330 3724; x_wconf 77' lang='grc' dir='ltr'><strong>τουτὶ</strong></span> <span class='ocrx_word' id='word_1_377' title='bbox 1386 3672 1693 3740; x_wconf 84' lang='grc' dir='ltr'><strong>παράγουσι</strong></span> <span class='ocrx_word' id='word_1_378' title='bbox 1741 3670 1802 3723; x_wconf 83' lang='grc' dir='ltr'><strong>τὸ</strong></span> 
     </span>
    </p>
   </div>
   <div class='ocr_carea' id='block_1_52' title="bbox 226 3750 1801 3822">
    <p class='ocr_par' dir='ltr' id='par_1_52' title="bbox 226 3750 1801 3822">
     <span class='ocr_line' id='line_1_53' title="bbox 226 3750 1801 3822; baseline 0.002 -20"><span class='ocrx_word' id='word_1_379' title='bbox 226 3750 385 3820; x_wconf 77' lang='grc' dir='ltr'><strong>ῥῆμα</strong></span> <span class='ocrx_word' id='word_1_380' title='bbox 412 3751 684 3819; x_wconf 83' lang='grc' dir='ltr'><strong>λέγοντες,</strong></span> <span class='ocrx_word' id='word_1_381' title='bbox 737 3754 820 3806; x_wconf 83' lang='grc' dir='ltr'><strong>ὅτι</strong></span> <span class='ocrx_word' id='word_1_382' title='bbox 874 3755 967 3807; x_wconf 75' lang='grc' dir='ltr'><strong>καὶ</strong></span> <span class='ocrx_word' id='word_1_383' title='bbox 1011 3757 1039 3806; x_wconf 91' lang='lat'><strong>6</strong></span> <span class='ocrx_word' id='word_1_384' title='bbox 1082 3752 1404 3812; x_wconf 60' lang='grc' dir='ltr'><strong>’.ἀπόστολος</strong></span> <span class='ocrx_word' id='word_1_385' title='bbox 1452 3754 1693 3822; x_wconf 73' lang='grc' dir='ltr'><strong>εἴρηκεν·</strong></span> <span class='ocrx_word' id='word_1_386' title='bbox 1737 3755 1801 3805; x_wconf 77' lang='lat' dir='ltr'><strong>Ol</strong></span> 
     </span>
    </p>
   </div>
   <div class='ocr_carea' id='block_1_53' title="bbox 216 3831 1800 3903">
    <p class='ocr_par' dir='ltr' id='par_1_53' title="bbox 216 3831 1800 3903">
     <span class='ocr_line' id='line_1_54' title="bbox 216 3831 1800 3903; baseline 0.004 -20"><span class='ocrx_word' id='word_1_387' title='bbox 216 3832 644 3902; x_wconf 69' lang='grc' dir='ltr'><strong>βαπτιζόμενοι</strong></span> <span class='ocrx_word' id='word_1_388' title='bbox 676 3835 825 3900; x_wconf 77' lang='grc' dir='ltr'><strong>ὑπὲρ</strong></span> <span class='ocrx_word' id='word_1_389' title='bbox 854 3835 972 3887; x_wconf 82' lang='grc' dir='ltr'><strong>τῶν</strong></span> <span class='ocrx_word' id='word_1_390' title='bbox 990 3834 1239 3903; x_wconf 79' lang='grc' dir='ltr'><strong>νεκρῶν.</strong></span> <span class='ocrx_word' id='word_1_391' title='bbox 1272 3831 1421 3897; x_wconf 84' lang='grc' dir='ltr'><strong>Είδες</strong></span> <span class='ocrx_word' id='word_1_392' title='bbox 1443 3836 1537 3887; x_wconf 84' lang='grc' dir='ltr'><strong>τὸν</strong></span> <span class='ocrx_word' id='word_1_393' title='bbox 1562 3836 1800 3903; x_wconf 82' lang='grc' dir='ltr'><strong>καταγέ-</strong></span> 
     </span>
    </p>
   </div>
   <div class='ocr_carea' id='block_1_54' title="bbox 221 3912 1799 3987">
    <p class='ocr_par' dir='ltr' id='par_1_54' title="bbox 221 3912 1799 3987">
     <span class='ocr_line' id='line_1_55' title="bbox 221 3912 1799 3987; baseline 0.003 -22"><span class='ocrx_word' id='word_1_394' title='bbox 221 3914 376 3966; x_wconf 88' lang='grc' dir='ltr'><strong>λωτα</strong></span> <span class='ocrx_word' id='word_1_395' title='bbox 404 3914 494 3967; x_wconf 77' lang='grc' dir='ltr'><strong>τὸν</strong></span> <span class='ocrx_word' id='word_1_396' title='bbox 514 3914 680 3970; x_wconf 79' lang='grc' dir='ltr'><strong>πολύν</strong></span> <span class='ocrx_word' id='word_1_397' title='bbox 696 3934 710 3982; x_wconf 87' lang='grc'>;</span> <span class='ocrx_word' id='word_1_398' title='bbox 729 3912 819 3987; x_wconf 78' lang='grc' dir='ltr'><strong>ἄρ’</strong></span> <span class='ocrx_word' id='word_1_399' title='bbox 838 3912 931 3969; x_wconf 86' lang='grc' dir='ltr'><strong>οῦν</strong></span> <span class='ocrx_word' id='word_1_400' title='bbox 956 3917 1092 3987; x_wconf 81' lang='grc' dir='ltr'><strong>πρὸς</strong></span> <span class='ocrx_word' id='word_1_401' title='bbox 1114 3917 1288 3970; x_wconf 88' lang='grc' dir='ltr'><strong>ταῦτα</strong></span> <span class='ocrx_word' id='word_1_402' title='bbox 1317 3919 1591 3970; x_wconf 75' lang='grc' dir='ltr'><strong>ἀντειπεῖν</strong></span> <span class='ocrx_word' id='word_1_403' title='bbox 1616 3916 1799 3983; x_wconf 78' lang='grc' dir='ltr'><strong>άξιον;</strong></span> 
     </span>
    </p>
   </div>
   <div class='ocr_carea' id='block_1_55' title="bbox 223 3995 1800 4071">
    <p class='ocr_par' dir='ltr' id='par_1_55' title="bbox 223 3995 1800 4071">
     <span class='ocr_line' id='line_1_56' title="bbox 223 3995 1800 4071; baseline 0.001 -20"><span class='ocrx_word' id='word_1_404' title='bbox 223 3998 347 4051; x_wconf 80' lang='grc' dir='ltr'><strong>Οὐκ</strong></span> <span class='ocrx_word' id='word_1_405' title='bbox 382 3997 557 4067; x_wconf 72' lang='grc' dir='ltr'><strong>ἔγωγε</strong></span> <span class='ocrx_word' id='word_1_406' title='bbox 594 3995 780 4070; x_wconf 77' lang='grc' dir='ltr'><strong>οἶμαι·</strong></span> <span class='ocrx_word' id='word_1_407' title='bbox 814 4001 955 4071; x_wconf 79' lang='grc' dir='ltr'><strong>πλὴν</strong></span> <span class='ocrx_word' id='word_1_408' title='bbox 986 4001 1033 4053; x_wconf 86' lang='grc' dir='ltr'><strong>εί</strong></span> <span class='ocrx_word' id='word_1_409' title='bbox 1066 4001 1141 4069; x_wconf 82' lang='grc' dir='ltr'><strong>μὴ</strong></span> <span class='ocrx_word' id='word_1_410' title='bbox 1176 4002 1269 4053; x_wconf 80' lang='grc' dir='ltr'><strong>καὶ</strong></span> <span class='ocrx_word' id='word_1_411' title='bbox 1292 4003 1402 4063; x_wconf 90' lang='grc' dir='ltr'><strong>τοῖς</strong></span> <span class='ocrx_word' id='word_1_412' title='bbox 1437 4001 1800 4069; x_wconf 79' lang='grc' dir='ltr'><strong>μαινομένοις,</strong></span> 
     </span>
    </p>
   </div>
   <div class='ocr_carea' id='block_1_56' title="bbox 224 4075 1798 4150">
    <p class='ocr_par' dir='ltr' id='par_1_56' title="bbox 224 4075 1798 4150">
     <span class='ocr_line' id='line_1_57' title="bbox 224 4075 1798 4150; baseline 0.004 -19"><span class='ocrx_word' id='word_1_413' title='bbox 224 4079 372 4149; x_wconf 83' lang='grc' dir='ltr'><strong>ὑπὲρ</strong></span> <span class='ocrx_word' id='word_1_414' title='bbox 399 4075 474 4133; x_wconf 81' lang='grc' dir='ltr'><strong>ὧν</strong></span> <span class='ocrx_word' id='word_1_415' title='bbox 509 4084 917 4150; x_wconf 82' lang='grc' dir='ltr'><strong>παραπαίοντες</strong></span> <span class='ocrx_word' id='word_1_416' title='bbox 954 4081 1303 4150; x_wconf 86' lang='grc' dir='ltr'><strong>φθέγγονται,</strong></span> <span class='ocrx_word' id='word_1_417' title='bbox 1326 4082 1668 4149; x_wconf 88' lang='grc' dir='ltr'><strong>διαλέγεσθαι</strong></span> <span class='ocrx_word' id='word_1_418' title='bbox 1700 4084 1798 4138; x_wconf 88' lang='grc' dir='ltr'><strong>δεῖ.</strong></span> 
     </span>
    </p>
   </div>
   <div class='ocr_carea' id='block_1_57' title="bbox 225 4161 1799 4236">
    <p class='ocr_par' dir='ltr' id='par_1_57' title="bbox 225 4161 1799 4236">
     <span class='ocr_line' id='line_1_58' title="bbox 225 4161 1799 4236; baseline 0.003 -21"><span class='ocrx_word' id='word_1_419' title='bbox 225 4161 352 4215; x_wconf 74' lang='grc' dir='ltr'><strong>ἰνα</strong></span> <span class='ocrx_word' id='word_1_420' title='bbox 382 4163 439 4215; x_wconf 78' lang='grc' dir='ltr'><strong>δέ</strong></span> <span class='ocrx_word' id='word_1_421' title='bbox 474 4163 662 4233; x_wconf 81' lang='grc' dir='ltr'><strong>μηδεὶς</strong></span> <span class='ocrx_word' id='word_1_422' title='bbox 684 4165 792 4218; x_wconf 85' lang='grc' dir='ltr'><strong>τῶν</strong></span> <span class='ocrx_word' id='word_1_423' title='bbox 819 4165 1022 4234; x_wconf 89' lang='grc' dir='ltr'><strong>σφόδρα</strong></span> <span class='ocrx_word' id='word_1_424' title='bbox 1043 4165 1420 4235; x_wconf 82' lang='grc' dir='ltr'><strong>ἀφελεστέρων</strong></span> <span class='ocrx_word' id='word_1_425' title='bbox 1458 4165 1589 4234; x_wconf 75' lang='grc' dir='ltr'><strong>ἁλῷ,</strong></span> <span class='ocrx_word' id='word_1_426' title='bbox 1631 4168 1799 4236; x_wconf 89' lang='grc' dir='ltr'><strong>ἀναγ-</strong></span> 
     </span>
    </p>
   </div>
   <div class='ocr_carea' id='block_1_58' title="bbox 224 4244 1797 4318">
    <p class='ocr_par' dir='ltr' id='par_1_58' title="bbox 224 4244 1797 4318">
     <span class='ocr_line' id='line_1_59' title="bbox 224 4244 1797 4318; baseline 0.004 -21"><span class='ocrx_word' id='word_1_427' title='bbox 224 4245 385 4318; x_wconf 79' lang='grc' dir='ltr'><strong>καῖον</strong></span> <span class='ocrx_word' id='word_1_428' title='bbox 426 4244 714 4312; x_wconf 83' lang='grc' dir='ltr'><strong>ὑπομεῖναι</strong></span> <span class='ocrx_word' id='word_1_429' title='bbox 761 4247 855 4299; x_wconf 75' lang='grc' dir='ltr'><strong>καὶ</strong></span> <span class='ocrx_word' id='word_1_430' title='bbox 898 4246 997 4317; x_wconf 82' lang='grc' dir='ltr'><strong>τὴν</strong></span> <span class='ocrx_word' id='word_1_431' title='bbox 1027 4246 1164 4313; x_wconf 78' lang='grc' dir='ltr'><strong>πρὸς</strong></span> <span class='ocrx_word' id='word_1_432' title='bbox 1192 4246 1414 4308; x_wconf 87' lang='grc' dir='ltr'><strong>τούτους</strong></span> <span class='ocrx_word' id='word_1_433' title='bbox 1458 4247 1797 4318; x_wconf 77' lang='grc' dir='ltr'><strong>ἀντίρρησιν.</strong></span> 
     </span>
    </p>
   </div>
   <div class='ocr_carea' id='block_1_59' title="bbox 223 4312 1801 4400">
    <p class='ocr_par' dir='ltr' id='par_1_59' title="bbox 223 4312 1801 4400">
     <span class='ocr_line' id='line_1_60' title="bbox 223 4312 1801 4400; baseline 0.004 -22"><span class='ocrx_word' id='word_1_434' title='bbox 223 4312 297 4378; x_wconf 70' lang='lat' dir='ltr'><strong>El</strong></span> <span class='ocrx_word' id='word_1_435' title='bbox 328 4323 436 4395; x_wconf 85' lang='grc' dir='ltr'><strong>γάρ</strong></span> <span class='ocrx_word' id='word_1_436' title='bbox 459 4324 617 4377; x_wconf 89' lang='grc' dir='ltr'><strong>τοῦτο</strong></span> <span class='ocrx_word' id='word_1_437' title='bbox 658 4326 811 4393; x_wconf 77' lang='grc' dir='ltr'><strong>ἔλεγε</strong></span> <span class='ocrx_word' id='word_1_438' title='bbox 853 4312 1087 4390; x_wconf 86' lang='grc' dir='ltr'><strong>Παῦλος,</strong></span> <span class='ocrx_word' id='word_1_439' title='bbox 1123 4324 1266 4390; x_wconf 87' lang='grc' dir='ltr'><strong>τίνος</strong></span> <span class='ocrx_word' id='word_1_440' title='bbox 1293 4328 1479 4379; x_wconf 74' lang='grc' dir='ltr'><strong>ἕνεκεν</strong></span> <span class='ocrx_word' id='word_1_441' title='bbox 1506 4312 1801 4400; x_wconf 71' lang='grc' dir='ltr'><strong>ἠπείλησεν</strong></span> 
     </span>
    </p>
   </div>
   <div class='ocr_carea' id='block_1_60' title="bbox 222 4403 1798 4480">
    <p class='ocr_par' dir='ltr' id='par_1_60' title="bbox 222 4403 1798 4480">
     <span class='ocr_line' id='line_1_61' title="bbox 222 4403 1798 4480; baseline 0.003 -23"><span class='ocrx_word' id='word_1_442' title='bbox 222 4406 257 4457; x_wconf 89' lang='lat'><strong>6</strong></span> <span class='ocrx_word' id='word_1_443' title='bbox 300 4403 429 4467; x_wconf 80' lang='grc' dir='ltr'><strong>Θεὸς</strong></span> <span class='ocrx_word' id='word_1_444' title='bbox 466 4404 544 4475; x_wconf 83' lang='grc' dir='ltr'><strong>τῷ</strong></span> <span class='ocrx_word' id='word_1_445' title='bbox 596 4406 671 4476; x_wconf 77' lang='grc' dir='ltr'><strong>μὴ</strong></span> <span class='ocrx_word' id='word_1_446' title='bbox 726 4407 1125 4478; x_wconf 78' lang='grc' dir='ltr'><strong>βαπτιζομένῳ.</strong></span> <span class='ocrx_word' id='word_1_447' title='bbox 1170 4408 1246 4459; x_wconf 87' lang='grc' dir='ltr'><strong>Ού</strong></span> <span class='ocrx_word' id='word_1_448' title='bbox 1273 4406 1380 4476; x_wconf 91' lang='grc' dir='ltr'><strong>γάρ</strong></span> <span class='ocrx_word' id='word_1_449' title='bbox 1427 4406 1541 4459; x_wconf 74' lang='grc' dir='ltr'><strong>ἐστι</strong></span> <span class='ocrx_word' id='word_1_450' title='bbox 1579 4410 1701 4462; x_wconf 91' lang='grc' dir='ltr'><strong>τινά</strong></span> <span class='ocrx_word' id='word_1_451' title='bbox 1722 4411 1798 4480; x_wconf 82' lang='grc' dir='ltr'><strong>μὴ</strong></span> 
     </span>
    </p>
   </div>
   <div class='ocr_carea' id='block_1_61' title="bbox 225 4485 1803 4558">
    <p class='ocr_par' dir='ltr' id='par_1_61' title="bbox 225 4485 1803 4558">
     <span class='ocr_line' id='line_1_62' title="bbox 225 4485 1803 4558; baseline 0.005 -21"><span class='ocrx_word' id='word_1_452' title='bbox 225 4485 593 4557; x_wconf 79' lang='grc' dir='ltr'><strong>βαπτισθῆναι</strong></span> <span class='ocrx_word' id='word_1_453' title='bbox 626 4488 809 4540; x_wconf 85' lang='grc' dir='ltr'><strong>λοιπὸν</strong></span> <span class='ocrx_word' id='word_1_454' title='bbox 844 4488 1219 4558; x_wconf 73' lang='grc' dir='ltr'><strong>ἐπινοηθέντος</strong></span> <span class='ocrx_word' id='word_1_455' title='bbox 1274 4488 1490 4541; x_wconf 89' lang='grc' dir='ltr'><strong>τούτου·</strong></span> <span class='ocrx_word' id='word_1_456' title='bbox 1522 4489 1699 4555; x_wconf 85' lang='grc' dir='ltr'><strong>άλλως</strong></span> <span class='ocrx_word' id='word_1_457' title='bbox 1744 4492 1803 4545; x_wconf 71' lang='grc' dir='ltr'><strong>δὲ</strong></span> 
     </span>
    </p>
   </div>
   <div class='ocr_carea' id='block_1_62' title="bbox 222 4565 1803 4640">
    <p class='ocr_par' dir='ltr' id='par_1_62' title="bbox 222 4565 1803 4640">
     <span class='ocr_line' id='line_1_63' title="bbox 222 4565 1803 4640; baseline 0.004 -20"><span class='ocrx_word' id='word_1_458' title='bbox 222 4566 293 4620; x_wconf 77' lang='grc' dir='ltr'><strong>τὸ</strong></span> <span class='ocrx_word' id='word_1_459' title='bbox 316 4565 565 4638; x_wconf 72' lang='grc' dir='ltr'><strong>ἔγκλημα</strong></span> <span class='ocrx_word' id='word_1_460' title='bbox 586 4569 769 4623; x_wconf 81' lang='grc' dir='ltr'><strong>οὐκέτι</strong></span> <span class='ocrx_word' id='word_1_461' title='bbox 798 4571 949 4640; x_wconf 83' lang='grc' dir='ltr'><strong>παρὰ</strong></span> <span class='ocrx_word' id='word_1_462' title='bbox 974 4571 1065 4624; x_wconf 81' lang='grc' dir='ltr'><strong>τὸν</strong></span> <span class='ocrx_word' id='word_1_463' title='bbox 1084 4570 1386 4624; x_wconf 83' lang='grc' dir='ltr'><strong>ἀπελθόντα</strong></span> <span class='ocrx_word' id='word_1_464' title='bbox 1410 4572 1639 4639; x_wconf 88' lang='grc' dir='ltr'><strong>γίνεται,</strong></span> <span class='ocrx_word' id='word_1_465' title='bbox 1668 4573 1803 4627; x_wconf 90' lang='grc' dir='ltr'><strong>ἀλλά</strong></span> 
     </span>
    </p>
   </div>
   <div class='ocr_carea' id='block_1_63' title="bbox 222 4647 1804 4724">
    <p class='ocr_par' dir='ltr' id='par_1_63' title="bbox 222 4647 1804 4724">
     <span class='ocr_line' id='line_1_64' title="bbox 222 4647 1804 4724; baseline 0.006 -24"><span class='ocrx_word' id='word_1_466' title='bbox 222 4647 380 4716; x_wconf 88' lang='grc' dir='ltr'><strong>παρά</strong></span> <span class='ocrx_word' id='word_1_467' title='bbox 420 4649 511 4701; x_wconf 82' lang='grc' dir='ltr'><strong>τὸν</strong></span> <span class='ocrx_word' id='word_1_468' title='bbox 557 4650 757 4713; x_wconf 80' lang='grc' dir='ltr'><strong>ζῶντα.</strong></span> <span class='ocrx_word' id='word_1_469' title='bbox 790 4652 912 4706; x_wconf 89' lang='grc' dir='ltr'><strong>Τίσι</strong></span> <span class='ocrx_word' id='word_1_470' title='bbox 961 4653 1019 4706; x_wconf 78' lang='grc' dir='ltr'><strong>δέ</strong></span> <span class='ocrx_word' id='word_1_471' title='bbox 1051 4652 1255 4719; x_wconf 72' lang='grc' dir='ltr'><strong>ἔλεγεν,</strong></span> <span class='ocrx_word' id='word_1_472' title='bbox 1304 4651 1441 4705; x_wconf 75' lang='grc' dir='ltr'><strong>Ἐὰν</strong></span> <span class='ocrx_word' id='word_1_473' title='bbox 1456 4653 1543 4721; x_wconf 83' lang='grc' dir='ltr'><strong>μὴ</strong></span> <span class='ocrx_word' id='word_1_474' title='bbox 1576 4653 1804 4724; x_wconf 75' lang='grc' dir='ltr'><strong>φάγητέ</strong></span> 
     </span>
    </p>
   </div>
   <div class='ocr_carea' id='block_1_64' title="bbox 218 4727 1805 4805">
    <p class='ocr_par' dir='ltr' id='par_1_64' title="bbox 218 4727 1805 4805">
     <span class='ocr_line' id='line_1_65' title="bbox 218 4727 1805 4805; baseline 0.006 -25"><span class='ocrx_word' id='word_1_475' title='bbox 218 4744 345 4799; x_wconf 70' lang='grc' dir='ltr'><strong>μου</strong></span> <span class='ocrx_word' id='word_1_476' title='bbox 368 4727 484 4795; x_wconf 77' lang='grc' dir='ltr'><strong>τὴν</strong></span> <span class='ocrx_word' id='word_1_477' title='bbox 509 4731 727 4799; x_wconf 79' lang='grc' dir='ltr'><strong>σάρκα,</strong></span> <span class='ocrx_word' id='word_1_478' title='bbox 748 4733 848 4789; x_wconf 75' lang='grc' dir='ltr'><strong>καί</strong></span> <span class='ocrx_word' id='word_1_479' title='bbox 876 4734 1052 4800; x_wconf 77' lang='grc' dir='ltr'><strong>πίητέ</strong></span> <span class='ocrx_word' id='word_1_480' title='bbox 1069 4751 1186 4803; x_wconf 84' lang='grc' dir='ltr'><strong>μου</strong></span> <span class='ocrx_word' id='word_1_481' title='bbox 1216 4733 1282 4784; x_wconf 86' lang='grc' dir='ltr'><strong>τὸ</strong></span> <span class='ocrx_word' id='word_1_482' title='bbox 1310 4728 1473 4801; x_wconf 71' lang='grc' dir='ltr'><strong>αἷμα,</strong></span> <span class='ocrx_word' id='word_1_483' title='bbox 1499 4738 1609 4789; x_wconf 84' lang='grc' dir='ltr'><strong>οὐκ</strong></span> <span class='ocrx_word' id='word_1_484' title='bbox 1635 4736 1805 4805; x_wconf 76' lang='grc' dir='ltr'><strong>ἔχετε</strong></span> 
     </span>
    </p>
   </div>
   <div class='ocr_carea' id='block_1_65' title="bbox 225 4810 1800 4887">
    <p class='ocr_par' dir='ltr' id='par_1_65' title="bbox 225 4810 1800 4887">
     <span class='ocr_line' id='line_1_66' title="bbox 225 4810 1800 4887; baseline 0.006 -25"><span class='ocrx_word' id='word_1_485' title='bbox 225 4810 385 4879; x_wconf 62' lang='lat' dir='ltr'><strong>Mr</strong></span> <span class='ocrx_word' id='word_1_486' title='bbox 405 4811 475 4863; x_wconf 76' lang='grc' dir='ltr'><strong>ἐν</strong></span> <span class='ocrx_word' id='word_1_487' title='bbox 491 4812 765 4880; x_wconf 78' lang='grc' dir='ltr'><strong>έαυτοῖς;</strong></span> <span class='ocrx_word' id='word_1_488' title='bbox 792 4817 905 4880; x_wconf 87' lang='grc' dir='ltr'><strong>τοῖς</strong></span> <span class='ocrx_word' id='word_1_489' title='bbox 932 4816 1119 4881; x_wconf 80' lang='grc' dir='ltr'><strong>ζῶσιν,</strong></span> <span class='ocrx_word' id='word_1_490' title='bbox 1145 4815 1177 4884; x_wconf 78' lang='grc' dir='ltr'>ἢ</span> <span class='ocrx_word' id='word_1_491' title='bbox 1199 4818 1312 4878; x_wconf 87' lang='grc' dir='ltr'><strong>τοῖς</strong></span> <span class='ocrx_word' id='word_1_492' title='bbox 1339 4816 1800 4887; x_wconf 85' lang='grc' dir='ltr'><strong>τετελευτηκόσιν,</strong></span> 
     </span>
    </p>
   </div>
   <div class='ocr_carea' id='block_1_66' title="bbox 226 4894 1806 4967">
    <p class='ocr_par' dir='ltr' id='par_1_66' title="bbox 226 4894 1806 4967">
     <span class='ocr_line' id='line_1_67' title="bbox 226 4894 1806 4967; baseline 0.003 -18"><span class='ocrx_word' id='word_1_493' title='bbox 226 4894 353 4949; x_wconf 85' lang='grc' dir='ltr'><strong>ειπέ</strong></span> <span class='ocrx_word' id='word_1_494' title='bbox 391 4910 515 4961; x_wconf 88' lang='grc' dir='ltr'><strong>μοι,</strong></span> <span class='ocrx_word' id='word_1_495' title='bbox 566 4897 661 4947; x_wconf 76' lang='grc' dir='ltr'><strong>καὶ</strong></span> <span class='ocrx_word' id='word_1_496' title='bbox 701 4897 887 4961; x_wconf 87' lang='grc' dir='ltr'><strong>πάλιν,</strong></span> <span class='ocrx_word' id='word_1_497' title='bbox 930 4900 1030 4953; x_wconf 79' lang='grc' dir='ltr'><strong>Ἂν</strong></span> <span class='ocrx_word' id='word_1_498' title='bbox 1070 4897 1155 4967; x_wconf 83' lang='grc' dir='ltr'><strong>μή</strong></span> <span class='ocrx_word' id='word_1_499' title='bbox 1200 4915 1290 4964; x_wconf 85' lang='grc' dir='ltr'><strong>τις</strong></span> <span class='ocrx_word' id='word_1_500' title='bbox 1333 4900 1714 4966; x_wconf 77' lang='grc' dir='ltr'><strong>ἁναγεννηθῇ</strong></span> <span class='ocrx_word' id='word_1_501' title='bbox 1735 4901 1806 4965; x_wconf 77' lang='grc' dir='ltr'><strong>ἐξ</strong></span> 
     </span>
    </p>
   </div>
   <div class='ocr_carea' id='block_1_67' title="bbox 229 4975 1803 5047">
    <p class='ocr_par' dir='ltr' id='par_1_67' title="bbox 229 4975 1803 5047">
     <span class='ocr_line' id='line_1_68' title="bbox 229 4975 1803 5047; baseline 0.002 -15"><span class='ocrx_word' id='word_1_502' title='bbox 229 4977 451 5041; x_wconf 68' lang='grc' dir='ltr'><strong>ὓδατος</strong></span> <span class='ocrx_word' id='word_1_503' title='bbox 468 4975 566 5029; x_wconf 71' lang='grc' dir='ltr'><strong>καί</strong></span> <span class='ocrx_word' id='word_1_504' title='bbox 597 4978 964 5045; x_wconf 79' lang='grc' dir='ltr'><strong>Πνεύματος,</strong></span> <span class='ocrx_word' id='word_1_505' title='bbox 990 4981 1063 5033; x_wconf 87' lang='grc' dir='ltr'><strong>οὐ</strong></span> <span class='ocrx_word' id='word_1_506' title='bbox 1089 4980 1339 5034; x_wconf 82' lang='grc' dir='ltr'><strong>δύναται</strong></span> <span class='ocrx_word' id='word_1_507' title='bbox 1372 4980 1522 5034; x_wconf 60' lang='lat' dir='ltr'><strong>168b-</strong></span> <span class='ocrx_word' id='word_1_508' title='bbox 1544 4979 1661 5047; x_wconf 76' lang='grc' dir='ltr'><strong>τὴν</strong></span> <span class='ocrx_word' id='word_1_509' title='bbox 1684 4982 1803 5045; x_wconf 77' lang='grc' dir='ltr'><strong>,βα-</strong></span> 
     </span>
    </p>
   </div>
   <div class='ocr_carea' id='block_1_68' title="bbox 223 5057 1799 5131">
    <p class='ocr_par' dir='ltr' id='par_1_68' title="bbox 223 5057 1799 5131">
     <span class='ocr_line' id='line_1_69' title="bbox 223 5057 1799 5131; baseline 0 -15"><span class='ocrx_word' id='word_1_510' title='bbox 223 5060 472 5116; x_wconf 67' lang='grc' dir='ltr'><strong>σιλείαν</strong></span> <span class='ocrx_word' id='word_1_511' title='bbox 505 5057 612 5113; x_wconf 80' lang='grc' dir='ltr'><strong>τοῦ</strong></span> <span class='ocrx_word' id='word_1_512' title='bbox 647 5057 835 5121; x_wconf 76' lang='grc' dir='ltr'><strong>Θεοῦ;</strong></span> <span class='ocrx_word' id='word_1_513' title='bbox 874 5058 939 5111; x_wconf 85' lang='grc' dir='ltr'><strong>Εἰ</strong></span> <span class='ocrx_word' id='word_1_514' title='bbox 977 5060 1086 5129; x_wconf 84' lang='grc' dir='ltr'><strong>γὰρ</strong></span> <span class='ocrx_word' id='word_1_515' title='bbox 1118 5060 1277 5113; x_wconf 90' lang='grc' dir='ltr'><strong>τοῦτο</strong></span> <span class='ocrx_word' id='word_1_516' title='bbox 1328 5064 1560 5131; x_wconf 82' lang='grc' dir='ltr'><strong>ἐφεῖται,</strong></span> <span class='ocrx_word' id='word_1_517' title='bbox 1607 5063 1701 5116; x_wconf 78' lang='grc' dir='ltr'><strong>καὶ</strong></span> <span class='ocrx_word' id='word_1_518' title='bbox 1737 5064 1799 5116; x_wconf 82' lang='grc' dir='ltr'><strong>οὐ</strong></span> 
     </span>
    </p>
   </div>
   <div class='ocr_carea' id='block_1_69' title="bbox 223 5137 1800 5213">
    <p class='ocr_par' dir='ltr' id='par_1_69' title="bbox 223 5137 1800 5213">
     <span class='ocr_line' id='line_1_70' title="bbox 223 5137 1800 5213; baseline 0.003 -19"><span class='ocrx_word' id='word_1_519' title='bbox 223 5146 387 5210; x_wconf 78' lang='grc' dir='ltr'><strong>χρεία</strong></span> <span class='ocrx_word' id='word_1_520' title='bbox 423 5139 649 5212; x_wconf 87' lang='grc' dir='ltr'><strong>γνώμης</strong></span> <span class='ocrx_word' id='word_1_521' title='bbox 684 5139 786 5208; x_wconf 85' lang='grc' dir='ltr'><strong>τῆς</strong></span> <span class='ocrx_word' id='word_1_522' title='bbox 811 5137 904 5192; x_wconf 89' lang='grc' dir='ltr'><strong>τοῦ</strong></span> <span class='ocrx_word' id='word_1_523' title='bbox 936 5137 1321 5208; x_wconf 89' lang='grc' dir='ltr'><strong>λαμϐάνοντος,</strong></span> <span class='ocrx_word' id='word_1_524' title='bbox 1371 5145 1492 5198; x_wconf 67' lang='grc' dir='ltr'><strong>οὐδὲ</strong></span> <span class='ocrx_word' id='word_1_525' title='bbox 1523 5160 1800 5213; x_wconf 85' lang='grc' dir='ltr'><strong>συγκατα-</strong></span> 
     </span>
    </p>
   </div>
   <div class='ocr_carea' id='block_1_70' title="bbox 226 5221 1799 5299">
    <p class='ocr_par' dir='ltr' id='par_1_70' title="bbox 226 5221 1799 5299">
     <span class='ocr_line' id='line_1_71' title="bbox 226 5221 1799 5299; baseline 0.004 -24"><span class='ocrx_word' id='word_1_526' title='bbox 226 5222 433 5286; x_wconf 84' lang='grc' dir='ltr'><strong>θέσεως</strong></span> <span class='ocrx_word' id='word_1_527' title='bbox 468 5224 566 5295; x_wconf 82' lang='grc' dir='ltr'><strong>τῆς</strong></span> <span class='ocrx_word' id='word_1_528' title='bbox 604 5224 665 5277; x_wconf 85' lang='grc' dir='ltr'><strong>ἐν</strong></span> <span class='ocrx_word' id='word_1_529' title='bbox 696 5222 773 5294; x_wconf 85' lang='grc' dir='ltr'><strong>τῷ</strong></span> <span class='ocrx_word' id='word_1_530' title='bbox 809 5221 931 5294; x_wconf 75' lang='grc' dir='ltr'><strong>ζῇν.</strong></span> <span class='ocrx_word' id='word_1_531' title='bbox 962 5222 1015 5275; x_wconf 90' lang='grc' dir='ltr'><strong>τί</strong></span> <span class='ocrx_word' id='word_1_532' title='bbox 1048 5223 1246 5276; x_wconf 86' lang='grc' dir='ltr'><strong>κωλύει</strong></span> <span class='ocrx_word' id='word_1_533' title='bbox 1280 5227 1373 5278; x_wconf 62' lang='grc' dir='ltr'><strong>καί⁵</strong></span> <span class='ocrx_word' id='word_1_534' title='bbox 1407 5228 1674 5299; x_wconf 84' lang='grc' dir='ltr'><strong>Ἕλληνας</strong></span> <span class='ocrx_word' id='word_1_535' title='bbox 1702 5229 1799 5282; x_wconf 82' lang='grc' dir='ltr'><strong>καὶ</strong></span> 
     </span>
    </p>
   </div>
   <div class='ocr_carea' id='block_1_71' title="bbox 237 5302 1802 5382">
    <p class='ocr_par' dir='ltr' id='par_1_71' title="bbox 237 5302 1802 5382">
     <span class='ocr_line' id='line_1_72' title="bbox 237 5302 1802 5382; baseline 0.004 -27"><span class='ocrx_word' id='word_1_536' title='bbox 237 5302 531 5367; x_wconf 79' lang='grc' dir='ltr'><strong>Ἰουδαίους</strong></span> <span class='ocrx_word' id='word_1_537' title='bbox 556 5304 699 5359; x_wconf 76' lang='grc' dir='ltr'><strong>οὕτω</strong></span> <span class='ocrx_word' id='word_1_538' title='bbox 726 5304 980 5374; x_wconf 85' lang='grc' dir='ltr'><strong>γενέσθαι</strong></span> <span class='ocrx_word' id='word_1_539' title='bbox 1014 5305 1258 5368; x_wconf 78' lang='grc' dir='ltr'><strong>πιστοὺς,</strong></span> <span class='ocrx_word' id='word_1_540' title='bbox 1295 5307 1496 5378; x_wconf 77' lang='grc' dir='ltr'><strong>ἐτέρων</strong></span> <span class='ocrx_word' id='word_1_541' title='bbox 1536 5311 1675 5379; x_wconf 89' lang='grc' dir='ltr'><strong>μετά</strong></span> <span class='ocrx_word' id='word_1_542' title='bbox 1705 5311 1802 5382; x_wconf 80' lang='grc' dir='ltr'><strong>τὴν</strong></span> 
     </span>
    </p>
   </div>
   <div class='ocr_carea' id='block_1_72' title="bbox 227 5384 1801 5460">
    <p class='ocr_par' dir='ltr' id='par_1_72' title="bbox 227 5384 1801 5460">
     <span class='ocr_line' id='line_1_73' title="bbox 227 5384 1801 5460; baseline 0.006 -21"><span class='ocrx_word' id='word_1_543' title='bbox 227 5384 487 5453; x_wconf 67' lang='grc' dir='ltr'><strong>τελευτὴν</strong></span> <span class='ocrx_word' id='word_1_544' title='bbox 535 5386 759 5441; x_wconf 75' lang='grc' dir='ltr'><strong>ἐκείνων</strong></span> <span class='ocrx_word' id='word_1_545' title='bbox 809 5388 949 5460; x_wconf 73' lang='grc' dir='ltr'><strong>ὑπὲρ</strong></span> <span class='ocrx_word' id='word_1_546' title='bbox 994 5386 1219 5442; x_wconf 83' lang='grc' dir='ltr'><strong>ἐκείνων</strong></span> <span class='ocrx_word' id='word_1_547' title='bbox 1264 5387 1434 5441; x_wconf 86' lang='grc' dir='ltr'><strong>ταῦτα</strong></span> <span class='ocrx_word' id='word_1_548' title='bbox 1469 5390 1801 5460; x_wconf 86' lang='grc' dir='ltr'><strong>ποιούντων;</strong></span> 
     </span>
    </p>
   </div>
   <div class='ocr_carea' id='block_1_73' title="bbox 241 5465 1802 5540">
    <p class='ocr_par' dir='ltr' id='par_1_73' title="bbox 241 5465 1802 5540">
     <span class='ocr_line' id='line_1_74' title="bbox 241 5465 1802 5540; baseline 0.003 -18"><span class='ocrx_word' id='word_1_549' title='bbox 241 5467 381 5522; x_wconf 76' lang='grc' dir='ltr'><strong>Ἀλλ’</strong></span> <span class='ocrx_word' id='word_1_550' title='bbox 432 5465 520 5517; x_wconf 75' lang='grc' dir='ltr'><strong>ἵνα</strong></span> <span class='ocrx_word' id='word_1_551' title='bbox 558 5466 635 5536; x_wconf 76' lang='grc' dir='ltr'><strong>μη</strong></span> <span class='ocrx_word' id='word_1_552' title='bbox 678 5470 936 5523; x_wconf 78' lang='grc' dir='ltr'><strong>ἐπιπλέον</strong></span> <span class='ocrx_word' id='word_1_553' title='bbox 983 5471 1053 5524; x_wconf 88' lang='grc' dir='ltr'><strong>τά</strong></span> <span class='ocrx_word' id='word_1_554' title='bbox 1097 5468 1383 5540; x_wconf 85' lang='grc' dir='ltr'><strong>ἀραχνίδια</strong></span> <span class='ocrx_word' id='word_1_555' title='bbox 1417 5470 1802 5538; x_wconf 88' lang='grc' dir='ltr'><strong>διακόπτοντες</strong></span> 
     </span>
    </p>
   </div>
   <div class='ocr_carea' id='block_1_74' title="bbox 231 5546 1799 5624">
    <p class='ocr_par' dir='ltr' id='par_1_74' title="bbox 231 5546 1799 5624">
     <span class='ocr_line' id='line_1_75' title="bbox 231 5546 1799 5624; baseline -0.01 -1"><span class='ocrx_word' id='word_1_556' title='bbox 231 5546 704 5622; x_wconf 72' lang='grc' dir='ltr'><strong>ματαιοπονῶιηνι</strong></span> <span class='ocrx_word' id='word_1_557' title='bbox 759 5549 892 5619; x_wconf 72' lang='grc' dir='ltr'><strong>φέρε</strong></span> <span class='ocrx_word' id='word_1_558' title='bbox 937 5551 1039 5619; x_wconf 78' lang='grc' dir='ltr'><strong>τῆς</strong></span> <span class='ocrx_word' id='word_1_559' title='bbox 1075 5553 1285 5624; x_wconf 62' lang='lat' dir='ltr'><strong>Mam;</strong></span> <span class='ocrx_word' id='word_1_560' title='bbox 1321 5550 1525 5620; x_wconf 79' lang='grc' dir='ltr'><strong>ταύτης</strong></span> <span class='ocrx_word' id='word_1_561' title='bbox 1556 5554 1656 5624; x_wconf 80' lang='grc' dir='ltr'><strong>τὴν</strong></span> <span class='ocrx_word' id='word_1_562' title='bbox 1704 5554 1799 5609; x_wconf 87' lang='grc' dir='ltr'><strong>δύ-</strong></span> 
     </span>
    </p>
   </div>
   <div class='ocr_carea' id='block_1_75' title="bbox 227 5627 1810 5706">
    <p class='ocr_par' dir='ltr' id='par_1_75' title="bbox 227 5627 1810 5706">
     <span class='ocr_line' id='line_1_76' title="bbox 227 5627 1810 5706; baseline 0.003 -19"><span class='ocrx_word' id='word_1_563' title='bbox 227 5650 396 5702; x_wconf 83' lang='grc' dir='ltr'><strong>ναμιν</strong></span> <span class='ocrx_word' id='word_1_564' title='bbox 437 5627 593 5703; x_wconf 78' lang='lat'><strong>[379]</strong></span> <span class='ocrx_word' id='word_1_565' title='bbox 647 5629 782 5699; x_wconf 75' lang='grc' dir='ltr'><strong>ὑμῖν</strong></span> <span class='ocrx_word' id='word_1_566' title='bbox 826 5631 1249 5703; x_wconf 78' lang='grc' dir='ltr'><strong>ἀναπτύξωμεν.</strong></span> <span class='ocrx_word' id='word_1_567' title='bbox 1308 5630 1374 5686; x_wconf 86' lang='grc' dir='ltr'><strong>Τί</strong></span> <span class='ocrx_word' id='word_1_568' title='bbox 1426 5627 1519 5684; x_wconf 87' lang='grc' dir='ltr'><strong>οῦν</strong></span> <span class='ocrx_word' id='word_1_569' title='bbox 1574 5650 1743 5706; x_wconf 83' lang='grc' dir='ltr'><strong>φησιν</strong></span> <span class='ocrx_word' id='word_1_570' title='bbox 1780 5637 1810 5691; x_wconf 91' lang='grc' dir='ltr'><strong>ό</strong></span> 
     </span>
    </p>
   </div>
   <div class='ocr_carea' id='block_1_76' title="bbox 1898 1955 3478 2029">
    <p class='ocr_par' dir='ltr' id='par_1_76' title="bbox 1898 1955 3478 2029">
     <span class='ocr_line' id='line_1_77' title="bbox 1898 1955 3478 2029; baseline -0.003 -19"><span class='ocrx_word' id='word_1_571' title='bbox 1898 1958 1948 2010; x_wconf 90' lang='grc' dir='ltr'><strong>οί</strong></span> <span class='ocrx_word' id='word_1_572' title='bbox 1986 1958 2474 2029; x_wconf 85' lang='grc' dir='ltr'><strong>μυσταγωγοῦντες</strong></span> <span class='ocrx_word' id='word_1_573' title='bbox 2510 1956 2655 2027; x_wconf 79' lang='grc' dir='ltr'><strong>ὑμᾶς</strong></span> <span class='ocrx_word' id='word_1_574' title='bbox 2696 1955 2875 2023; x_wconf 88' lang='grc' dir='ltr'><strong>λέγειν</strong></span> <span class='ocrx_word' id='word_1_575' title='bbox 2904 1956 3207 2021; x_wconf 88' lang='grc' dir='ltr'><strong>κελεύουσι,</strong></span> <span class='ocrx_word' id='word_1_576' title='bbox 3238 1956 3332 2009; x_wconf 72' lang='grc' dir='ltr'><strong>καὶ</strong></span> <span class='ocrx_word' id='word_1_577' title='bbox 3355 1955 3478 2006; x_wconf 83' lang='grc' dir='ltr'><strong>τότε</strong></span> 
     </span>
    </p>
   </div>
   <div class='ocr_carea' id='block_1_77' title="bbox 1898 2034 3479 2111">
    <p class='ocr_par' dir='ltr' id='par_1_77' title="bbox 1898 2034 3479 2111">
     <span class='ocr_line' id='line_1_78' title="bbox 1898 2034 3479 2111; baseline -0.004 -18"><span class='ocrx_word' id='word_1_578' title='bbox 1898 2040 2009 2111; x_wconf 86' lang='grc' dir='ltr'><strong>ἐρῶ</strong></span> <span class='ocrx_word' id='word_1_579' title='bbox 2046 2040 2142 2094; x_wconf 74' lang='grc' dir='ltr'><strong>καὶ</strong></span> <span class='ocrx_word' id='word_1_580' title='bbox 2179 2039 2241 2093; x_wconf 79' lang='grc' dir='ltr'><strong>τὸ</strong></span> <span class='ocrx_word' id='word_1_581' title='bbox 2281 2039 2377 2093; x_wconf 89' lang='grc' dir='ltr'><strong>τοῦ</strong></span> <span class='ocrx_word' id='word_1_582' title='bbox 2418 2037 2667 2091; x_wconf 85' lang='grc' dir='ltr'><strong>Παύλου·</strong></span> <span class='ocrx_word' id='word_1_583' title='bbox 2705 2036 2849 2090; x_wconf 88' lang='grc' dir='ltr'><strong>οῦτω</strong></span> <span class='ocrx_word' id='word_1_584' title='bbox 2889 2040 3000 2107; x_wconf 83' lang='grc' dir='ltr'><strong>γὰρ</strong></span> <span class='ocrx_word' id='word_1_585' title='bbox 3033 2038 3162 2106; x_wconf 80' lang='grc' dir='ltr'><strong>ὑμῖν</strong></span> <span class='ocrx_word' id='word_1_586' title='bbox 3192 2034 3479 2090; x_wconf 76' lang='grc' dir='ltr'><strong>καὶτοῦτο</strong></span> 
     </span>
    </p>
   </div>
   <div class='ocr_carea' id='block_1_78' title="bbox 1899 2116 3476 2191">
    <p class='ocr_par' dir='ltr' id='par_1_78' title="bbox 1899 2116 3476 2191">
     <span class='ocr_line' id='line_1_79' title="bbox 1899 2116 3476 2191; baseline -0.004 -16"><span class='ocrx_word' id='word_1_587' title='bbox 1899 2123 2053 2175; x_wconf 78' lang='grc' dir='ltr'><strong>ἐσται</strong></span> <span class='ocrx_word' id='word_1_588' title='bbox 2083 2122 2436 2191; x_wconf 87' lang='grc' dir='ltr'><strong>σαφέστερον.</strong></span> <span class='ocrx_word' id='word_1_589' title='bbox 2483 2120 2638 2173; x_wconf 88' lang='grc' dir='ltr'><strong>Μετά</strong></span> <span class='ocrx_word' id='word_1_590' title='bbox 2686 2120 2795 2189; x_wconf 92' lang='grc' dir='ltr'><strong>γάρ</strong></span> <span class='ocrx_word' id='word_1_591' title='bbox 2841 2120 2909 2172; x_wconf 88' lang='grc' dir='ltr'><strong>τά</strong></span> <span class='ocrx_word' id='word_1_592' title='bbox 2938 2120 3069 2173; x_wconf 85' lang='grc' dir='ltr'><strong>άλλα</strong></span> <span class='ocrx_word' id='word_1_593' title='bbox 3103 2120 3280 2191; x_wconf 82' lang='grc' dir='ltr'><strong>πάντα</strong></span> <span class='ocrx_word' id='word_1_594' title='bbox 3316 2116 3476 2169; x_wconf 82' lang='grc' dir='ltr'><strong>τοῦτο</strong></span> 
     </span>
    </p>
   </div>
   <div class='ocr_carea' id='block_1_79' title="bbox 1900 2190 3476 2276">
    <p class='ocr_par' dir='ltr' id='par_1_79' title="bbox 1900 2190 3476 2276">
     <span class='ocr_line' id='line_1_80' title="bbox 1900 2190 3476 2276; baseline -0.004 -17"><span class='ocrx_word' id='word_1_595' title='bbox 1900 2190 2287 2276; x_wconf 88' lang='grc' dir='ltr'><strong>προστίθεμεν,</strong></span> <span class='ocrx_word' id='word_1_596' title='bbox 2328 2190 2487 2258; x_wconf 79' lang='grc' dir='ltr'><strong>δνῦν</strong></span> <span class='ocrx_word' id='word_1_597' title='bbox 2532 2206 2560 2255; x_wconf 94' lang='lat'><strong>6</strong></span> <span class='ocrx_word' id='word_1_598' title='bbox 2611 2202 2822 2265; x_wconf 88' lang='grc' dir='ltr'><strong>Παῦλος</strong></span> <span class='ocrx_word' id='word_1_599' title='bbox 2866 2202 3035 2271; x_wconf 86' lang='grc' dir='ltr'><strong>λέγει.</strong></span> <span class='ocrx_word' id='word_1_600' title='bbox 3071 2204 3180 2255; x_wconf 87' lang='lat' dir='ltr'><strong>Kal</strong></span> <span class='ocrx_word' id='word_1_601' title='bbox 3214 2190 3476 2269; x_wconf 80' lang='grc' dir='ltr'><strong>βούλομαι</strong></span> 
     </span>
    </p>
   </div>
   <div class='ocr_carea' id='block_1_80' title="bbox 1904 2281 3477 2358">
    <p class='ocr_par' dir='ltr' id='par_1_80' title="bbox 1904 2281 3477 2358">
     <span class='ocr_line' id='line_1_81' title="bbox 1904 2281 3477 2358; baseline -0.004 -17"><span class='ocrx_word' id='word_1_602' title='bbox 1904 2289 2004 2358; x_wconf 77' lang='grc' dir='ltr'><strong>μὶν</strong></span> <span class='ocrx_word' id='word_1_603' title='bbox 2031 2288 2218 2356; x_wconf 86' lang='grc' dir='ltr'><strong>σαφῶς</strong></span> <span class='ocrx_word' id='word_1_604' title='bbox 2244 2288 2375 2342; x_wconf 82' lang='grc' dir='ltr'><strong>αὐτὸ</strong></span> <span class='ocrx_word' id='word_1_605' title='bbox 2406 2290 2603 2351; x_wconf 74' lang='grc' dir='ltr'><strong>εἰπεῖν,</strong></span> <span class='ocrx_word' id='word_1_606' title='bbox 2632 2288 2692 2340; x_wconf 87' lang='grc' dir='ltr'><strong>ού</strong></span> <span class='ocrx_word' id='word_1_607' title='bbox 2720 2285 2902 2355; x_wconf 90' lang='grc' dir='ltr'><strong>τολμῶ</strong></span> <span class='ocrx_word' id='word_1_608' title='bbox 2926 2286 2983 2338; x_wconf 80' lang='grc' dir='ltr'><strong>δὲ</strong></span> <span class='ocrx_word' id='word_1_609' title='bbox 3006 2284 3095 2338; x_wconf 83' lang='grc' dir='ltr'><strong>διὰ</strong></span> <span class='ocrx_word' id='word_1_610' title='bbox 3121 2286 3244 2345; x_wconf 76' lang='grc' dir='ltr'><strong>τοὺς</strong></span> <span class='ocrx_word' id='word_1_611' title='bbox 3299 2281 3477 2351; x_wconf 81' lang='grc' dir='ltr'><strong>ἀμυή-</strong></span> 
     </span>
    </p>
   </div>
   <div class='ocr_carea' id='block_1_81' title="bbox 1900 2364 3475 2441">
    <p class='ocr_par' dir='ltr' id='par_1_81' title="bbox 1900 2364 3475 2441">
     <span class='ocr_line' id='line_1_82' title="bbox 1900 2364 3475 2441; baseline -0.004 -19"><span class='ocrx_word' id='word_1_612' title='bbox 1900 2385 2025 2430; x_wconf 87' lang='grc' dir='ltr'><strong>τους</strong></span> <span class='ocrx_word' id='word_1_613' title='bbox 2046 2386 2059 2399; x_wconf 88' lang='grc'><strong>·</strong></span> <span class='ocrx_word' id='word_1_614' title='bbox 2090 2365 2233 2423; x_wconf 86' lang='grc' dir='ltr'><strong>οῦτοι</strong></span> <span class='ocrx_word' id='word_1_615' title='bbox 2259 2370 2369 2441; x_wconf 83' lang='grc' dir='ltr'><strong>γὰρ</strong></span> <span class='ocrx_word' id='word_1_616' title='bbox 2392 2368 2803 2438; x_wconf 87' lang='grc' dir='ltr'><strong>δυσκολωτέραν</strong></span> <span class='ocrx_word' id='word_1_617' title='bbox 2846 2368 2978 2437; x_wconf 87' lang='grc' dir='ltr'><strong>ήμῖν</strong></span> <span class='ocrx_word' id='word_1_618' title='bbox 3010 2366 3223 2418; x_wconf 87' lang='grc' dir='ltr'><strong>ποιοῦσι</strong></span> <span class='ocrx_word' id='word_1_619' title='bbox 3260 2364 3361 2434; x_wconf 79' lang='grc' dir='ltr'><strong>τὴν</strong></span> <span class='ocrx_word' id='word_1_620' title='bbox 3388 2364 3475 2428; x_wconf 78' lang='grc' dir='ltr'><strong>ἐξ·</strong></span> 
     </span>
    </p>
   </div>
   <div class='ocr_carea' id='block_1_82' title="bbox 1900 2444 3479 2521">
    <p class='ocr_par' dir='ltr' id='par_1_82' title="bbox 1900 2444 3479 2521">
     <span class='ocr_line' id='line_1_83' title="bbox 1900 2444 3479 2521; baseline -0.004 -18"><span class='ocrx_word' id='word_1_621' title='bbox 1900 2450 2123 2520; x_wconf 83' lang='grc' dir='ltr'><strong>ήγησιν,</strong></span> <span class='ocrx_word' id='word_1_622' title='bbox 2153 2451 2557 2517; x_wconf 76' lang='grc' dir='ltr'><strong>ἀναγκάζοντες</strong></span> <span class='ocrx_word' id='word_1_623' title='bbox 2586 2450 2618 2521; x_wconf 79' lang='grc' dir='ltr'>ἢ</span> <span class='ocrx_word' id='word_1_624' title='bbox 2648 2452 2723 2521; x_wconf 77' lang='grc' dir='ltr'><strong>μὴ</strong></span> <span class='ocrx_word' id='word_1_625' title='bbox 2748 2448 2925 2517; x_wconf 89' lang='grc' dir='ltr'><strong>λέγειν</strong></span> <span class='ocrx_word' id='word_1_626' title='bbox 2955 2448 3162 2516; x_wconf 81' lang='grc' dir='ltr'><strong>σαφῶς,</strong></span> <span class='ocrx_word' id='word_1_627' title='bbox 3191 2447 3224 2516; x_wconf 79' lang='grc' dir='ltr'>ἢ</span> <span class='ocrx_word' id='word_1_628' title='bbox 3262 2446 3342 2507; x_wconf 90' lang='grc' dir='ltr'><strong>είς</strong></span> <span class='ocrx_word' id='word_1_629' title='bbox 3379 2444 3479 2497; x_wconf 81' lang='grc' dir='ltr'><strong>αύ-</strong></span> 
     </span>
    </p>
   </div>
   <div class='ocr_carea' id='block_1_83' title="bbox 1900 2522 3475 2602">
    <p class='ocr_par' dir='ltr' id='par_1_83' title="bbox 1900 2522 3475 2602">
     <span class='ocr_line' id='line_1_84' title="bbox 1900 2522 3475 2602; baseline -0.004 -18"><span class='ocrx_word' id='word_1_630' title='bbox 1900 2532 2027 2594; x_wconf 80' lang='grc' dir='ltr'><strong>τοὺς</strong></span> <span class='ocrx_word' id='word_1_631' title='bbox 2054 2532 2309 2601; x_wconf 74' lang='grc' dir='ltr'><strong>ἐκφέρειν</strong></span> <span class='ocrx_word' id='word_1_632' title='bbox 2330 2532 2400 2583; x_wconf 92' lang='grc' dir='ltr'><strong>τά</strong></span> <span class='ocrx_word' id='word_1_633' title='bbox 2420 2532 2730 2602; x_wconf 78' lang='grc' dir='ltr'><strong>ἀπόρρητα.</strong></span> <span class='ocrx_word' id='word_1_634' title='bbox 2763 2530 2909 2602; x_wconf 79' lang='grc' dir='ltr'><strong>Πλὴν</strong></span> <span class='ocrx_word' id='word_1_635' title='bbox 2936 2531 3047 2583; x_wconf 86' lang='grc' dir='ltr'>ἀλλ’</span> <span class='ocrx_word' id='word_1_636' title='bbox 3082 2529 3155 2591; x_wconf 87' lang='grc' dir='ltr'><strong>ώς</strong></span> <span class='ocrx_word' id='word_1_637' title='bbox 3182 2528 3247 2581; x_wconf 81' lang='grc' dir='ltr'><strong>ἀν</strong></span> <span class='ocrx_word' id='word_1_638' title='bbox 3267 2522 3381 2587; x_wconf 81' lang='grc' dir='ltr'><strong>οἷός</strong></span> <span class='ocrx_word' id='word_1_639' title='bbox 3415 2540 3475 2578; x_wconf 88' lang='grc' dir='ltr'><strong>τε</strong></span> 
     </span>
    </p>
   </div>
   <div class='ocr_carea' id='block_1_84' title="bbox 1902 2606 3480 2683">
    <p class='ocr_par' dir='ltr' id='par_1_84' title="bbox 1902 2606 3480 2683">
     <span class='ocr_line' id='line_1_85' title="bbox 1902 2606 3480 2683; baseline -0.005 -17"><span class='ocrx_word' id='word_1_640' title='bbox 1902 2606 1969 2677; x_wconf 81' lang='grc' dir='ltr'><strong>ῶ,</strong></span> <span class='ocrx_word' id='word_1_641' title='bbox 1996 2612 2475 2683; x_wconf 88' lang='grc' dir='ltr'><strong>συνεσκιασμένως</strong></span> <span class='ocrx_word' id='word_1_642' title='bbox 2507 2612 2639 2682; x_wconf 82' lang='grc' dir='ltr'><strong>ἐρῶ.</strong></span> <span class='ocrx_word' id='word_1_643' title='bbox 2686 2611 2842 2665; x_wconf 82' lang='grc' dir='ltr'><strong>Μετὰ</strong></span> <span class='ocrx_word' id='word_1_644' title='bbox 2879 2612 2982 2681; x_wconf 80' lang='grc' dir='ltr'><strong>γὰρ</strong></span> <span class='ocrx_word' id='word_1_645' title='bbox 3006 2612 3107 2681; x_wconf 77' lang='grc' dir='ltr'><strong>τὴν</strong></span> <span class='ocrx_word' id='word_1_646' title='bbox 3137 2607 3480 2678; x_wconf 74' lang='grc' dir='ltr'><strong>ἀπαγγελίαν</strong></span> 
     </span>
    </p>
   </div>
   <div class='ocr_carea' id='block_1_85' title="bbox 1902 2689 3480 2765">
    <p class='ocr_par' dir='ltr' id='par_1_85' title="bbox 1902 2689 3480 2765">
     <span class='ocr_line' id='line_1_86' title="bbox 1902 2689 3480 2765; baseline -0.006 -17"><span class='ocrx_word' id='word_1_647' title='bbox 1902 2694 2011 2748; x_wconf 89' lang='grc' dir='ltr'><strong>τῶν</strong></span> <span class='ocrx_word' id='word_1_648' title='bbox 2046 2694 2323 2765; x_wconf 86' lang='grc' dir='ltr'><strong>μυστικῶν</strong></span> <span class='ocrx_word' id='word_1_649' title='bbox 2368 2694 2630 2765; x_wconf 79' lang='grc' dir='ltr'><strong>ῥημάτων</strong></span> <span class='ocrx_word' id='word_1_650' title='bbox 2683 2692 2906 2745; x_wconf 80' lang='grc' dir='ltr'><strong>ἐκείνων</strong></span> <span class='ocrx_word' id='word_1_651' title='bbox 2947 2694 3042 2744; x_wconf 75' lang='grc' dir='ltr'><strong>καὶ</strong></span> <span class='ocrx_word' id='word_1_652' title='bbox 3081 2691 3348 2760; x_wconf 87' lang='grc' dir='ltr'><strong>φοϐερῶν,</strong></span> <span class='ocrx_word' id='word_1_653' title='bbox 3384 2689 3480 2742; x_wconf 78' lang='grc' dir='ltr'><strong>καὶ</strong></span> 
     </span>
    </p>
   </div>
   <div class='ocr_carea' id='block_1_86' title="bbox 1902 2773 3477 2847">
    <p class='ocr_par' dir='ltr' id='par_1_86' title="bbox 1902 2773 3477 2847">
     <span class='ocr_line' id='line_1_87' title="bbox 1902 2773 3477 2847; baseline -0.006 -16"><span class='ocrx_word' id='word_1_654' title='bbox 1902 2780 2030 2842; x_wconf 76' lang='grc' dir='ltr'><strong>τοὺς</strong></span> <span class='ocrx_word' id='word_1_655' title='bbox 2060 2780 2322 2847; x_wconf 77' lang='grc' dir='ltr'><strong>φρικτοὺς</strong></span> <span class='ocrx_word' id='word_1_656' title='bbox 2348 2779 2580 2840; x_wconf 82' lang='grc' dir='ltr'><strong>κανόνας</strong></span> <span class='ocrx_word' id='word_1_657' title='bbox 2607 2776 2717 2829; x_wconf 90' lang='grc' dir='ltr'><strong>τῶν</strong></span> <span class='ocrx_word' id='word_1_658' title='bbox 2746 2778 2812 2828; x_wconf 85' lang='grc' dir='ltr'><strong>ἐκ</strong></span> <span class='ocrx_word' id='word_1_659' title='bbox 2841 2774 2935 2828; x_wconf 91' lang='grc' dir='ltr'><strong>τοῦ</strong></span> <span class='ocrx_word' id='word_1_660' title='bbox 2958 2773 3188 2843; x_wconf 84' lang='grc' dir='ltr'><strong>ούρανοῦ</strong></span> <span class='ocrx_word' id='word_1_661' title='bbox 3215 2788 3477 2840; x_wconf 87' lang='grc' dir='ltr'><strong>κατενεχ-</strong></span> 
     </span>
    </p>
   </div>
   <div class='ocr_carea' id='block_1_87' title="bbox 1904 2853 3480 2929">
    <p class='ocr_par' dir='ltr' id='par_1_87' title="bbox 1904 2853 3480 2929">
     <span class='ocr_line' id='line_1_88' title="bbox 1904 2853 3480 2929; baseline -0.004 -18"><span class='ocrx_word' id='word_1_662' title='bbox 1904 2859 2105 2911; x_wconf 83' lang='grc' dir='ltr'><strong>θέντων</strong></span> <span class='ocrx_word' id='word_1_663' title='bbox 2140 2860 2445 2929; x_wconf 86' lang='grc' dir='ltr'><strong>δογμάτων,</strong></span> <span class='ocrx_word' id='word_1_664' title='bbox 2488 2860 2585 2914; x_wconf 81' lang='grc' dir='ltr'><strong>καὶ</strong></span> <span class='ocrx_word' id='word_1_665' title='bbox 2621 2859 2781 2913; x_wconf 90' lang='grc' dir='ltr'><strong>τοῦτο</strong></span> <span class='ocrx_word' id='word_1_666' title='bbox 2821 2857 2957 2928; x_wconf 80' lang='grc' dir='ltr'><strong>πρὸς</strong></span> <span class='ocrx_word' id='word_1_667' title='bbox 2984 2856 3061 2926; x_wconf 82' lang='grc' dir='ltr'><strong>τῷ</strong></span> <span class='ocrx_word' id='word_1_668' title='bbox 3085 2855 3228 2909; x_wconf 87' lang='grc' dir='ltr'><strong>τέλει</strong></span> <span class='ocrx_word' id='word_1_669' title='bbox 3254 2853 3480 2925; x_wconf 82' lang='grc' dir='ltr'><strong>προστί-</strong></span> 
     </span>
    </p>
   </div>
   <div class='ocr_carea' id='block_1_88' title="bbox 1904 2936 3475 3009">
    <p class='ocr_par' dir='ltr' id='par_1_88' title="bbox 1904 2936 3475 3009">
     <span class='ocr_line' id='line_1_89' title="bbox 1904 2936 3475 3009; baseline -0.004 -17"><span class='ocrx_word' id='word_1_670' title='bbox 1904 2940 2089 3008; x_wconf 88' lang='grc' dir='ltr'><strong>θεμεν,</strong></span> <span class='ocrx_word' id='word_1_671' title='bbox 2125 2940 2250 2993; x_wconf 76' lang='grc' dir='ltr'><strong>ὅταν</strong></span> <span class='ocrx_word' id='word_1_672' title='bbox 2279 2942 2562 3009; x_wconf 74' lang='grc' dir='ltr'><strong>μέλλωμεν</strong></span> <span class='ocrx_word' id='word_1_673' title='bbox 2593 2940 2901 3009; x_wconf 80' lang='grc' dir='ltr'><strong>βαπτίζειν,</strong></span> <span class='ocrx_word' id='word_1_674' title='bbox 2926 2938 3238 3000; x_wconf 89' lang='grc' dir='ltr'><strong>κελεύοντες</strong></span> <span class='ocrx_word' id='word_1_675' title='bbox 3272 2936 3475 3002; x_wconf 87' lang='grc' dir='ltr'><strong>λέγειν,</strong></span> 
     </span>
    </p>
   </div>
   <div class='ocr_carea' id='block_1_89' title="bbox 1904 3018 3480 3090">
    <p class='ocr_par' dir='ltr' id='par_1_89' title="bbox 1904 3018 3480 3090">
     <span class='ocr_line' id='line_1_90' title="bbox 1904 3018 3480 3090; baseline -0.004 -16"><span class='ocrx_word' id='word_1_676' title='bbox 1904 3023 1986 3075; x_wconf 83' lang='grc' dir='ltr'><strong>ὅτι</strong></span> <span class='ocrx_word' id='word_1_677' title='bbox 2013 3021 2261 3074; x_wconf 84' lang='grc' dir='ltr'><strong>Πιστεύω</strong></span> <span class='ocrx_word' id='word_1_678' title='bbox 2290 3023 2372 3083; x_wconf 81' lang='grc' dir='ltr'><strong>είς</strong></span> <span class='ocrx_word' id='word_1_679' title='bbox 2396 3020 2607 3090; x_wconf 88' lang='grc' dir='ltr'><strong>νεκρῶν</strong></span> <span class='ocrx_word' id='word_1_680' title='bbox 2631 3021 2949 3081; x_wconf 89' lang='grc' dir='ltr'><strong>ἀνάστασιν,</strong></span> <span class='ocrx_word' id='word_1_681' title='bbox 2975 3021 3070 3073; x_wconf 77' lang='grc' dir='ltr'><strong>καὶ</strong></span> <span class='ocrx_word' id='word_1_682' title='bbox 3094 3020 3188 3072; x_wconf 73' lang='grc' dir='ltr'><strong>ἐπὶ</strong></span> <span class='ocrx_word' id='word_1_683' title='bbox 3207 3022 3271 3089; x_wconf 79' lang='grc' dir='ltr'><strong>τῇ</strong></span> <span class='ocrx_word' id='word_1_684' title='bbox 3300 3018 3480 3069; x_wconf 87' lang='grc' dir='ltr'><strong>πίστει</strong></span> 
     </span>
    </p>
   </div>
   <div class='ocr_carea' id='block_1_90' title="bbox 1905 3100 3479 3177">
    <p class='ocr_par' dir='ltr' id='par_1_90' title="bbox 1905 3100 3479 3177">
     <span class='ocr_line' id='line_1_91' title="bbox 1905 3100 3479 3177; baseline -0.004 -20"><span class='ocrx_word' id='word_1_685' title='bbox 1905 3105 2077 3177; x_wconf 80' lang='grc' dir='ltr'><strong>ταύτῃ</strong></span> <span class='ocrx_word' id='word_1_686' title='bbox 2112 3103 2505 3174; x_wconf 78' lang='grc' dir='ltr'><strong>βαπτιζόμεθα.</strong></span> <span class='ocrx_word' id='word_1_687' title='bbox 2536 3102 2691 3156; x_wconf 87' lang='grc' dir='ltr'><strong>Μετά</strong></span> <span class='ocrx_word' id='word_1_688' title='bbox 2728 3102 2836 3173; x_wconf 84' lang='grc' dir='ltr'><strong>γὰρ</strong></span> <span class='ocrx_word' id='word_1_689' title='bbox 2864 3102 2923 3154; x_wconf 82' lang='grc' dir='ltr'><strong>τὺ</strong></span> <span class='ocrx_word' id='word_1_690' title='bbox 2961 3102 3292 3171; x_wconf 83' lang='grc' dir='ltr'><strong>ὁμολογῆσαι</strong></span> <span class='ocrx_word' id='word_1_691' title='bbox 3320 3100 3479 3153; x_wconf 88' lang='grc' dir='ltr'><strong>τοῦτο</strong></span> 
     </span>
    </p>
   </div>
   <div class='ocr_carea' id='block_1_91' title="bbox 1910 3182 3479 3258">
    <p class='ocr_par' dir='ltr' id='par_1_91' title="bbox 1910 3182 3479 3258">
     <span class='ocr_line' id='line_1_92' title="bbox 1910 3182 3479 3258; baseline -0.004 -18"><span class='ocrx_word' id='word_1_692' title='bbox 1910 3190 2051 3258; x_wconf 85' lang='grc' dir='ltr'><strong>μετὰ</strong></span> <span class='ocrx_word' id='word_1_693' title='bbox 2082 3188 2191 3241; x_wconf 90' lang='grc' dir='ltr'><strong>τῶν</strong></span> <span class='ocrx_word' id='word_1_694' title='bbox 2217 3188 2413 3249; x_wconf 80' lang='grc' dir='ltr'><strong>ἀλλων,</strong></span> <span class='ocrx_word' id='word_1_695' title='bbox 2447 3187 2567 3239; x_wconf 89' lang='grc' dir='ltr'><strong>τότε</strong></span> <span class='ocrx_word' id='word_1_696' title='bbox 2604 3186 2905 3255; x_wconf 89' lang='grc' dir='ltr'><strong>καθιέμεθα</strong></span> <span class='ocrx_word' id='word_1_697' title='bbox 2925 3186 3003 3248; x_wconf 81' lang='grc' dir='ltr'><strong>είς</strong></span> <span class='ocrx_word' id='word_1_698' title='bbox 3030 3184 3127 3256; x_wconf 82' lang='grc' dir='ltr'><strong>τὴν</strong></span> <span class='ocrx_word' id='word_1_699' title='bbox 3162 3184 3342 3253; x_wconf 85' lang='grc' dir='ltr'><strong>πηγὴν</strong></span> <span class='ocrx_word' id='word_1_700' title='bbox 3369 3182 3479 3235; x_wconf 89' lang='grc' dir='ltr'><strong>τῶν</strong></span> 
     </span>
    </p>
   </div>
   <div class='ocr_carea' id='block_1_92' title="bbox 1908 3266 3479 3339">
    <p class='ocr_par' dir='ltr' id='par_1_92' title="bbox 1908 3266 3479 3339">
     <span class='ocr_line' id='line_1_93' title="bbox 1908 3266 3479 3339; baseline -0.003 -19"><span class='ocrx_word' id='word_1_701' title='bbox 1908 3268 2069 3339; x_wconf 73' lang='grc' dir='ltr'><strong>ἱερῶν</strong></span> <span class='ocrx_word' id='word_1_702' title='bbox 2094 3269 2349 3337; x_wconf 86' lang='grc' dir='ltr'><strong>ναμάτων</strong></span> <span class='ocrx_word' id='word_1_703' title='bbox 2378 3267 2624 3319; x_wconf 86' lang='grc' dir='ltr'><strong>ἐκείνων.</strong></span> <span class='ocrx_word' id='word_1_704' title='bbox 2658 3268 2829 3320; x_wconf 87' lang='grc' dir='ltr'><strong>Τοῦτο</strong></span> <span class='ocrx_word' id='word_1_705' title='bbox 2848 3268 3028 3321; x_wconf 88' lang='grc' dir='ltr'><strong>τοίνυν</strong></span> <span class='ocrx_word' id='word_1_706' title='bbox 3048 3266 3479 3336; x_wconf 83' lang='grc' dir='ltr'><strong>ἀναμιμνήσκων</strong></span> 
     </span>
    </p>
   </div>
   <div class='ocr_carea' id='block_1_93' title="bbox 1905 3345 3477 3416">
    <p class='ocr_par' dir='ltr' id='par_1_93' title="bbox 1905 3345 3477 3416">
     <span class='ocr_line' id='line_1_94' title="bbox 1905 3345 3477 3416; baseline -0.002 -14"><span class='ocrx_word' id='word_1_707' title='bbox 1905 3350 1935 3401; x_wconf 88' lang='lat'><strong>6</strong></span> <span class='ocrx_word' id='word_1_708' title='bbox 1966 3348 2177 3412; x_wconf 88' lang='grc' dir='ltr'><strong>Παῦλος</strong></span> <span class='ocrx_word' id='word_1_709' title='bbox 2221 3348 2404 3416; x_wconf 77' lang='grc' dir='ltr'><strong>ἔλεγεν</strong></span> <span class='ocrx_word' id='word_1_710' title='bbox 2424 3362 2440 3378; x_wconf 88' lang='grc'><strong>·</strong></span> <span class='ocrx_word' id='word_1_711' title='bbox 2480 3349 2549 3400; x_wconf 82' lang='lat' dir='ltr'><strong>El</strong></span> <span class='ocrx_word' id='word_1_712' title='bbox 2574 3346 2661 3415; x_wconf 85' lang='grc' dir='ltr'><strong>μὴ</strong></span> <span class='ocrx_word' id='word_1_713' title='bbox 2689 3348 2863 3400; x_wconf 76' lang='grc' dir='ltr'><strong>ἔστιν</strong></span> <span class='ocrx_word' id='word_1_714' title='bbox 2888 3348 3242 3411; x_wconf 73' lang='grc' dir='ltr'><strong>ἀνάστασις.</strong></span> <span class='ocrx_word' id='word_1_715' title='bbox 3279 3348 3337 3399; x_wconf 86' lang='grc' dir='ltr'><strong>τί</strong></span> <span class='ocrx_word' id='word_1_716' title='bbox 3377 3345 3477 3399; x_wconf 75' lang='grc' dir='ltr'><strong>καὶ</strong></span> 
     </span>
    </p>
   </div>
   <div class='ocr_carea' id='block_1_94' title="bbox 1900 3428 3475 3500">
    <p class='ocr_par' dir='ltr' id='par_1_94' title="bbox 1900 3428 3475 3500">
     <span class='ocr_line' id='line_1_95' title="bbox 1900 3428 3475 3500; baseline -0.002 -14"><span class='ocrx_word' id='word_1_717' title='bbox 1900 3432 2158 3500; x_wconf 76' lang='grc' dir='ltr'><strong>,βαπτίζῃ</strong></span> <span class='ocrx_word' id='word_1_718' title='bbox 2188 3431 2337 3498; x_wconf 79' lang='grc' dir='ltr'><strong>ὑπὲρ</strong></span> <span class='ocrx_word' id='word_1_719' title='bbox 2357 3428 2476 3483; x_wconf 79' lang='grc' dir='ltr'><strong>τῶν</strong></span> <span class='ocrx_word' id='word_1_720' title='bbox 2492 3428 2719 3496; x_wconf 76' lang='grc' dir='ltr'><strong>νεκρῶν</strong></span> <span class='ocrx_word' id='word_1_721' title='bbox 2733 3445 2751 3492; x_wconf 90' lang='grc'><strong><em>;</em></strong></span> <span class='ocrx_word' id='word_1_722' title='bbox 2767 3429 3033 3491; x_wconf 82' lang='grc' dir='ltr'><strong>τουτέστι,</strong></span> <span class='ocrx_word' id='word_1_723' title='bbox 3058 3429 3167 3481; x_wconf 89' lang='grc' dir='ltr'><strong>τῶν</strong></span> <span class='ocrx_word' id='word_1_724' title='bbox 3186 3430 3475 3496; x_wconf 86' lang='grc' dir='ltr'><strong>σωμάτων.</strong></span> 
     </span>
    </p>
   </div>
   <div class='ocr_carea' id='block_1_95' title="bbox 1906 3509 3480 3584">
    <p class='ocr_par' dir='ltr' id='par_1_95' title="bbox 1906 3509 3480 3584">
     <span class='ocr_line' id='line_1_96' title="bbox 1906 3509 3480 3584; baseline -0.005 -16"><span class='ocrx_word' id='word_1_725' title='bbox 1906 3514 2017 3568; x_wconf 81' lang='lat' dir='ltr'><strong>Kal</strong></span> <span class='ocrx_word' id='word_1_726' title='bbox 2062 3513 2172 3584; x_wconf 89' lang='grc' dir='ltr'><strong>γάρ</strong></span> <span class='ocrx_word' id='word_1_727' title='bbox 2214 3515 2306 3566; x_wconf 76' lang='grc' dir='ltr'><strong>ἐπὶ</strong></span> <span class='ocrx_word' id='word_1_728' title='bbox 2342 3512 2517 3581; x_wconf 85' lang='grc' dir='ltr'><strong>τούτῳ</strong></span> <span class='ocrx_word' id='word_1_729' title='bbox 2572 3510 2827 3583; x_wconf 80' lang='grc' dir='ltr'><strong>βαπτίζῃ,</strong></span> <span class='ocrx_word' id='word_1_730' title='bbox 2862 3510 2957 3563; x_wconf 88' lang='grc' dir='ltr'><strong>τοῦ</strong></span> <span class='ocrx_word' id='word_1_731' title='bbox 2998 3510 3193 3583; x_wconf 89' lang='grc' dir='ltr'><strong>νεκροῦ</strong></span> <span class='ocrx_word' id='word_1_732' title='bbox 3229 3509 3480 3579; x_wconf 79' lang='grc' dir='ltr'><strong>σώματος</strong></span> 
     </span>
    </p>
   </div>
   <div class='ocr_carea' id='block_1_96' title="bbox 1906 3590 3482 3663">
    <p class='ocr_par' dir='ltr' id='par_1_96' title="bbox 1906 3590 3482 3663">
     <span class='ocr_line' id='line_1_97' title="bbox 1906 3590 3482 3663; baseline -0.004 -14"><span class='ocrx_word' id='word_1_733' title='bbox 1906 3596 2202 3649; x_wconf 85' lang='grc' dir='ltr'><strong>ἀνάστασιν</strong></span> <span class='ocrx_word' id='word_1_734' title='bbox 2244 3593 2532 3655; x_wconf 88' lang='grc' dir='ltr'><strong>πιστεύων,</strong></span> <span class='ocrx_word' id='word_1_735' title='bbox 2575 3594 2657 3645; x_wconf 81' lang='grc' dir='ltr'><strong>ὅτι</strong></span> <span class='ocrx_word' id='word_1_736' title='bbox 2704 3594 2887 3647; x_wconf 85' lang='grc' dir='ltr'><strong>οὐκέτι</strong></span> <span class='ocrx_word' id='word_1_737' title='bbox 2938 3594 3086 3663; x_wconf 91' lang='grc' dir='ltr'><strong>μένει</strong></span> <span class='ocrx_word' id='word_1_738' title='bbox 3125 3591 3336 3661; x_wconf 85' lang='grc' dir='ltr'><strong>νεκρόν.</strong></span> <span class='ocrx_word' id='word_1_739' title='bbox 3367 3590 3482 3644; x_wconf 88' lang='lat' dir='ltr'><strong>Kal</strong></span> 
     </span>
    </p>
   </div>
   <div class='ocr_carea' id='block_1_97' title="bbox 1908 3672 3475 3746">
    <p class='ocr_par' dir='ltr' id='par_1_97' title="bbox 1908 3672 3475 3746">
     <span class='ocr_line' id='line_1_98' title="bbox 1908 3672 3475 3746; baseline -0.004 -16"><span class='ocrx_word' id='word_1_740' title='bbox 1908 3679 1973 3729; x_wconf 83' lang='grc' dir='ltr'><strong>σὺ</strong></span> <span class='ocrx_word' id='word_1_741' title='bbox 2010 3678 2108 3746; x_wconf 76' lang='grc' dir='ltr'><strong>μὲν</strong></span> <span class='ocrx_word' id='word_1_742' title='bbox 2148 3676 2236 3728; x_wconf 78' lang='grc' dir='ltr'><strong>διά</strong></span> <span class='ocrx_word' id='word_1_743' title='bbox 2260 3674 2369 3727; x_wconf 89' lang='grc' dir='ltr'><strong>τῶν</strong></span> <span class='ocrx_word' id='word_1_744' title='bbox 2387 3675 2665 3745; x_wconf 56' lang='grc' dir='ltr'><strong>,ῥημάτων</strong></span> <span class='ocrx_word' id='word_1_745' title='bbox 2690 3673 2869 3742; x_wconf 83' lang='grc' dir='ltr'><strong>λέγεις</strong></span> <span class='ocrx_word' id='word_1_746' title='bbox 2910 3672 3119 3740; x_wconf 87' lang='grc' dir='ltr'><strong>νεκρῶν</strong></span> <span class='ocrx_word' id='word_1_747' title='bbox 3146 3675 3441 3729; x_wconf 75' lang='grc' dir='ltr'><strong>ἀνάστασιν</strong></span> <span class='ocrx_word' id='word_1_748' title='bbox 3461 3687 3475 3702; x_wconf 92' lang='grc'><strong>·</strong></span> 
     </span>
    </p>
   </div>
   <div class='ocr_carea' id='block_1_98' title="bbox 1906 3756 3479 3828">
    <p class='ocr_par' dir='ltr' id='par_1_98' title="bbox 1906 3756 3479 3828">
     <span class='ocr_line' id='line_1_99' title="bbox 1906 3756 3479 3828; baseline -0.003 -19"><span class='ocrx_word' id='word_1_749' title='bbox 1906 3760 1936 3809; x_wconf 92' lang='lat'><strong>6</strong></span> <span class='ocrx_word' id='word_1_750' title='bbox 1963 3759 2020 3812; x_wconf 87' lang='grc' dir='ltr'><strong>δὲ</strong></span> <span class='ocrx_word' id='word_1_751' title='bbox 2050 3758 2251 3828; x_wconf 78' lang='grc' dir='ltr'><strong>ἱερεὺς,</strong></span> <span class='ocrx_word' id='word_1_752' title='bbox 2280 3757 2468 3826; x_wconf 86' lang='grc' dir='ltr'><strong>ῶσπερ</strong></span> <span class='ocrx_word' id='word_1_753' title='bbox 2502 3759 2560 3809; x_wconf 86' lang='grc' dir='ltr'><strong>ἐν</strong></span> <span class='ocrx_word' id='word_1_754' title='bbox 2594 3757 2763 3810; x_wconf 86' lang='grc' dir='ltr'><strong>είκόνι</strong></span> <span class='ocrx_word' id='word_1_755' title='bbox 2796 3757 2923 3820; x_wconf 73' lang='grc' dir='ltr'><strong>τινὶ,</strong></span> <span class='ocrx_word' id='word_1_756' title='bbox 2966 3758 3111 3826; x_wconf 73' lang='grc' dir='ltr'><strong>ἅπερ</strong></span> <span class='ocrx_word' id='word_1_757' title='bbox 3152 3756 3479 3816; x_wconf 78' lang='grc' dir='ltr'><strong>ἐπίστευσας</strong></span> 
     </span>
    </p>
   </div>
   <div class='ocr_carea' id='block_1_99' title="bbox 1906 3835 3484 3909">
    <p class='ocr_par' dir='ltr' id='par_1_99' title="bbox 1906 3835 3484 3909">
     <span class='ocr_line' id='line_1_100' title="bbox 1906 3835 3484 3909; baseline -0.004 -17"><span class='ocrx_word' id='word_1_758' title='bbox 1906 3838 2003 3892; x_wconf 73' lang='grc' dir='ltr'><strong>καὶ</strong></span> <span class='ocrx_word' id='word_1_759' title='bbox 2042 3839 2129 3892; x_wconf 86' lang='grc' dir='ltr'><strong>διά</strong></span> <span class='ocrx_word' id='word_1_760' title='bbox 2156 3840 2265 3892; x_wconf 89' lang='grc' dir='ltr'><strong>τῶν</strong></span> <span class='ocrx_word' id='word_1_761' title='bbox 2298 3838 2558 3909; x_wconf 75' lang='grc' dir='ltr'><strong>ῥημάτων</strong></span> <span class='ocrx_word' id='word_1_762' title='bbox 2585 3837 2962 3906; x_wconf 84' lang='grc' dir='ltr'><strong>ὡμολόγησας,</strong></span> <span class='ocrx_word' id='word_1_763' title='bbox 2986 3835 3225 3891; x_wconf 88' lang='grc' dir='ltr'><strong>δείκνυσί</strong></span> <span class='ocrx_word' id='word_1_764' title='bbox 3271 3852 3353 3888; x_wconf 91' lang='grc' dir='ltr'><strong>σοι</strong></span> <span class='ocrx_word' id='word_1_765' title='bbox 3382 3835 3484 3888; x_wconf 75' lang='grc' dir='ltr'><strong>καὶ</strong></span> 
     </span>
    </p>
   </div>
   <div class='ocr_carea' id='block_1_100' title="bbox 1905 3916 3478 3991">
    <p class='ocr_par' dir='ltr' id='par_1_100' title="bbox 1905 3916 3478 3991">
     <span class='ocr_line' id='line_1_101' title="bbox 1905 3916 3478 3991; baseline -0.004 -18"><span class='ocrx_word' id='word_1_766' title='bbox 1905 3919 1995 3973; x_wconf 88' lang='grc' dir='ltr'><strong>διά</strong></span> <span class='ocrx_word' id='word_1_767' title='bbox 2031 3920 2140 3973; x_wconf 88' lang='grc' dir='ltr'><strong>τῶν</strong></span> <span class='ocrx_word' id='word_1_768' title='bbox 2184 3919 2523 3991; x_wconf 88' lang='grc' dir='ltr'><strong>πραγμάτων</strong></span> <span class='ocrx_word' id='word_1_769' title='bbox 2561 3919 2763 3973; x_wconf 80' lang='grc' dir='ltr'><strong>αὐτῶν.</strong></span> <span class='ocrx_word' id='word_1_770' title='bbox 2817 3920 2985 3972; x_wconf 86' lang='grc' dir='ltr'><strong>Ὅταν</strong></span> <span class='ocrx_word' id='word_1_771' title='bbox 3028 3918 3199 3988; x_wconf 76' lang='grc' dir='ltr'><strong>χωρὶς</strong></span> <span class='ocrx_word' id='word_1_772' title='bbox 3251 3916 3478 3987; x_wconf 80' lang='grc' dir='ltr'><strong>σημείου</strong></span> 
     </span>
    </p>
   </div>
   <div class='ocr_carea' id='block_1_101' title="bbox 1907 3997 3481 4072">
    <p class='ocr_par' dir='ltr' id='par_1_101' title="bbox 1907 3997 3481 4072">
     <span class='ocr_line' id='line_1_102' title="bbox 1907 3997 3481 4072; baseline -0.003 -18"><span class='ocrx_word' id='word_1_773' title='bbox 1907 4001 2188 4072; x_wconf 79' lang='grc' dir='ltr'><strong>πιστεύης,</strong></span> <span class='ocrx_word' id='word_1_774' title='bbox 2217 4001 2337 4054; x_wconf 89' lang='grc' dir='ltr'><strong>τότε</strong></span> <span class='ocrx_word' id='word_1_775' title='bbox 2377 4018 2457 4054; x_wconf 90' lang='grc' dir='ltr'><strong>σοι</strong></span> <span class='ocrx_word' id='word_1_776' title='bbox 2488 4002 2583 4054; x_wconf 72' lang='lat' dir='ltr'><strong>xal</strong></span> <span class='ocrx_word' id='word_1_777' title='bbox 2609 4001 2672 4053; x_wconf 83' lang='grc' dir='ltr'><strong>τὸ</strong></span> <span class='ocrx_word' id='word_1_778' title='bbox 2716 4003 2942 4071; x_wconf 89' lang='grc' dir='ltr'><strong>σημεῖον</strong></span> <span class='ocrx_word' id='word_1_779' title='bbox 2968 4000 3222 4069; x_wconf 86' lang='grc' dir='ltr'><strong>παρέχει·</strong></span> <span class='ocrx_word' id='word_1_780' title='bbox 3258 4000 3384 4051; x_wconf 77' lang='grc' dir='ltr'><strong>ὅταν</strong></span> <span class='ocrx_word' id='word_1_781' title='bbox 3412 3997 3481 4050; x_wconf 75' lang='grc' dir='ltr'><strong>τά</strong></span> 
     </span>
    </p>
   </div>
   <div class='ocr_carea' id='block_1_102' title="bbox 1909 4082 3477 4156">
    <p class='ocr_par' dir='ltr' id='par_1_102' title="bbox 1909 4082 3477 4156">
     <span class='ocr_line' id='line_1_103' title="bbox 1909 4082 3477 4156; baseline -0.003 -18"><span class='ocrx_word' id='word_1_782' title='bbox 1909 4084 2107 4138; x_wconf 87' lang='grc' dir='ltr'><strong>σαυτοῦ</strong></span> <span class='ocrx_word' id='word_1_783' title='bbox 2158 4087 2413 4156; x_wconf 79' lang='grc' dir='ltr'><strong>ποιήσῃς,</strong></span> <span class='ocrx_word' id='word_1_784' title='bbox 2455 4085 2576 4137; x_wconf 86' lang='grc' dir='ltr'><strong>τότε</strong></span> <span class='ocrx_word' id='word_1_785' title='bbox 2630 4084 2726 4137; x_wconf 73' lang='grc' dir='ltr'><strong>καὶ</strong></span> <span class='ocrx_word' id='word_1_786' title='bbox 2775 4086 2804 4137; x_wconf 95' lang='lat'><strong>6</strong></span> <span class='ocrx_word' id='word_1_787' title='bbox 2835 4083 2967 4146; x_wconf 87' lang='grc' dir='ltr'><strong>Θεός</strong></span> <span class='ocrx_word' id='word_1_788' title='bbox 3022 4100 3081 4135; x_wconf 90' lang='grc' dir='ltr'><strong>σε</strong></span> <span class='ocrx_word' id='word_1_789' title='bbox 3120 4082 3477 4152; x_wconf 86' lang='grc' dir='ltr'><strong>πληροφορεῖ.</strong></span> 
     </span>
    </p>
   </div>
   <div class='ocr_carea' id='block_1_103' title="bbox 1907 4162 3479 4237">
    <p class='ocr_par' dir='ltr' id='par_1_103' title="bbox 1907 4162 3479 4237">
     <span class='ocr_line' id='line_1_104' title="bbox 1907 4162 3479 4237; baseline -0.003 -19"><span class='ocrx_word' id='word_1_790' title='bbox 1907 4166 2031 4229; x_wconf 88' lang='grc' dir='ltr'><strong>Πῶς</strong></span> <span class='ocrx_word' id='word_1_791' title='bbox 2057 4168 2150 4220; x_wconf 78' lang='grc' dir='ltr'><strong>καὶ</strong></span> <span class='ocrx_word' id='word_1_792' title='bbox 2176 4168 2283 4219; x_wconf 90' lang='grc' dir='ltr'><strong>τίνι</strong></span> <span class='ocrx_word' id='word_1_793' title='bbox 2316 4166 2533 4237; x_wconf 79' lang='grc' dir='ltr'><strong>τρόπῳς</strong></span> <span class='ocrx_word' id='word_1_794' title='bbox 2559 4164 2655 4218; x_wconf 82' lang='grc' dir='ltr'><strong>Διά</strong></span> <span class='ocrx_word' id='word_1_795' title='bbox 2679 4164 2773 4218; x_wconf 90' lang='grc' dir='ltr'><strong>τοῦ</strong></span> <span class='ocrx_word' id='word_1_796' title='bbox 2806 4164 3015 4228; x_wconf 75' lang='grc' dir='ltr'><strong>ὕδατος.</strong></span> <span class='ocrx_word' id='word_1_797' title='bbox 3048 4165 3121 4216; x_wconf 89' lang='lat' dir='ltr'><strong>T6</strong></span> <span class='ocrx_word' id='word_1_798' title='bbox 3148 4164 3256 4233; x_wconf 77' lang='grc' dir='ltr'><strong>γὰρ</strong></span> <span class='ocrx_word' id='word_1_799' title='bbox 3284 4162 3479 4231; x_wconf 76' lang='grc' dir='ltr'><strong>βαπτίο</strong></span> 
     </span>
    </p>
   </div>
   <div class='ocr_carea' id='block_1_104' title="bbox 1907 4242 3480 4313">
    <p class='ocr_par' dir='ltr' id='par_1_104' title="bbox 1907 4242 3480 4313">
     <span class='ocr_line' id='line_1_105' title="bbox 1907 4242 3480 4313; baseline -0.004 -13"><span class='ocrx_word' id='word_1_800' title='bbox 1907 4248 2095 4311; x_wconf 75' lang='grc' dir='ltr'><strong>ζεσοαι</strong></span> <span class='ocrx_word' id='word_1_801' title='bbox 2140 4250 2234 4302; x_wconf 69' lang='grc' dir='ltr'><strong>καὶ</strong></span> <span class='ocrx_word' id='word_1_802' title='bbox 2289 4247 2675 4311; x_wconf 87' lang='grc' dir='ltr'><strong>καταδύεσθαι,</strong></span> <span class='ocrx_word' id='word_1_803' title='bbox 2729 4242 2850 4300; x_wconf 75' lang='grc' dir='ltr'><strong>εἶτα</strong></span> <span class='ocrx_word' id='word_1_804' title='bbox 2908 4246 3210 4306; x_wconf 88' lang='grc' dir='ltr'><strong>ἀνανεύειν,</strong></span> <span class='ocrx_word' id='word_1_805' title='bbox 3258 4245 3359 4313; x_wconf 82' lang='grc' dir='ltr'><strong>τῆς</strong></span> <span class='ocrx_word' id='word_1_806' title='bbox 3399 4244 3480 4305; x_wconf 87' lang='grc' dir='ltr'><strong>είς</strong></span> 
     </span>
    </p>
   </div>
   <div class='ocr_carea' id='block_1_105' title="bbox 1906 4325 3481 4399">
    <p class='ocr_par' dir='ltr' id='par_1_105' title="bbox 1906 4325 3481 4399">
     <span class='ocr_line' id='line_1_106' title="bbox 1906 4325 3481 4399; baseline -0.004 -18"><span class='ocrx_word' id='word_1_807' title='bbox 1906 4328 2033 4399; x_wconf 72' lang='grc' dir='ltr'><strong>ᾅδου</strong></span> <span class='ocrx_word' id='word_1_808' title='bbox 2078 4328 2433 4391; x_wconf 81' lang='grc' dir='ltr'><strong>καταϐάσεώς</strong></span> <span class='ocrx_word' id='word_1_809' title='bbox 2491 4330 2608 4381; x_wconf 82' lang='grc' dir='ltr'><strong>ἐστι</strong></span> <span class='ocrx_word' id='word_1_810' title='bbox 2658 4327 2927 4398; x_wconf 91' lang='grc' dir='ltr'><strong>σύμϐολον</strong></span> <span class='ocrx_word' id='word_1_811' title='bbox 2981 4327 3073 4379; x_wconf 72' lang='grc' dir='ltr'><strong>καὶ</strong></span> <span class='ocrx_word' id='word_1_812' title='bbox 3124 4328 3223 4395; x_wconf 75' lang='grc' dir='ltr'><strong>τῆς</strong></span> <span class='ocrx_word' id='word_1_813' title='bbox 3271 4325 3481 4377; x_wconf 75' lang='grc' dir='ltr'><strong>ἐκεῖθεν</strong></span> 
     </span>
    </p>
   </div>
   <div class='ocr_carea' id='block_1_106' title="bbox 1906 4407 3483 4479">
    <p class='ocr_par' dir='ltr' id='par_1_106' title="bbox 1906 4407 3483 4479">
     <span class='ocr_line' id='line_1_107' title="bbox 1906 4407 3483 4479; baseline -0.003 -17"><span class='ocrx_word' id='word_1_814' title='bbox 1906 4410 2117 4465; x_wconf 87' lang='grc' dir='ltr'><strong>ἀνόδου.</strong></span> <span class='ocrx_word' id='word_1_815' title='bbox 2164 4410 2255 4463; x_wconf 86' lang='grc' dir='ltr'><strong>Διδ</strong></span> <span class='ocrx_word' id='word_1_816' title='bbox 2299 4410 2394 4463; x_wconf 73' lang='grc' dir='ltr'><strong>καὶ</strong></span> <span class='ocrx_word' id='word_1_817' title='bbox 2420 4410 2592 4479; x_wconf 89' lang='grc' dir='ltr'><strong>τάφον</strong></span> <span class='ocrx_word' id='word_1_818' title='bbox 2618 4410 2679 4463; x_wconf 81' lang='grc' dir='ltr'><strong>τὸ</strong></span> <span class='ocrx_word' id='word_1_819' title='bbox 2714 4409 2995 4478; x_wconf 86' lang='grc' dir='ltr'><strong>βάπτισμα</strong></span> <span class='ocrx_word' id='word_1_820' title='bbox 3022 4409 3049 4460; x_wconf 91' lang='lat'><strong>6</strong></span> <span class='ocrx_word' id='word_1_821' title='bbox 3087 4407 3295 4469; x_wconf 89' lang='grc' dir='ltr'><strong>Παῦλος</strong></span> <span class='ocrx_word' id='word_1_822' title='bbox 3328 4407 3483 4458; x_wconf 86' lang='grc' dir='ltr'><strong>καλεῖ</strong></span> 
     </span>
    </p>
   </div>
   <div class='ocr_carea' id='block_1_107' title="bbox 1903 4490 3479 4563">
    <p class='ocr_par' dir='ltr' id='par_1_107' title="bbox 1903 4490 3479 4563">
     <span class='ocr_line' id='line_1_108' title="bbox 1903 4490 3479 4563; baseline -0.002 -16"><span class='ocrx_word' id='word_1_823' title='bbox 1903 4495 2100 4562; x_wconf 80' lang='grc' dir='ltr'><strong>λέγων·</strong></span> <span class='ocrx_word' id='word_1_824' title='bbox 2143 4494 2572 4563; x_wconf 74' lang='grc' dir='ltr'><strong>Συνετάφημεν</strong></span> <span class='ocrx_word' id='word_1_825' title='bbox 2612 4490 2725 4549; x_wconf 77' lang='grc' dir='ltr'><strong>οὖν</strong></span> <span class='ocrx_word' id='word_1_826' title='bbox 2771 4494 2931 4557; x_wconf 83' lang='grc' dir='ltr'><strong>αὐτῷ</strong></span> <span class='ocrx_word' id='word_1_827' title='bbox 2968 4493 3065 4545; x_wconf 82' lang='grc' dir='ltr'><strong>διὰ</strong></span> <span class='ocrx_word' id='word_1_828' title='bbox 3108 4492 3213 4545; x_wconf 85' lang='grc' dir='ltr'><strong>τοῦ</strong></span> <span class='ocrx_word' id='word_1_829' title='bbox 3256 4493 3479 4555; x_wconf 80' lang='grc' dir='ltr'><strong>βαπτί-</strong></span> 
     </span>
    </p>
   </div>
   <div class='ocr_carea' id='block_1_108' title="bbox 1904 4574 3481 4643">
    <p class='ocr_par' dir='ltr' id='par_1_108' title="bbox 1904 4574 3481 4643">
     <span class='ocr_line' id='line_1_109' title="bbox 1904 4574 3481 4643; baseline -0.001 -15"><span class='ocrx_word' id='word_1_830' title='bbox 1904 4590 2132 4642; x_wconf 81' lang='grc' dir='ltr'><strong>σματος</strong></span> <span class='ocrx_word' id='word_1_831' title='bbox 2168 4580 2256 4643; x_wconf 83' lang='grc' dir='ltr'><strong>εις</strong></span> <span class='ocrx_word' id='word_1_832' title='bbox 2283 4576 2390 4629; x_wconf 80' lang='grc' dir='ltr'><strong>τὸν</strong></span> <span class='ocrx_word' id='word_1_833' title='bbox 2424 4576 2701 4631; x_wconf 77' lang='grc' dir='ltr'><strong>θάνατον.</strong></span> <span class='ocrx_word' id='word_1_834' title='bbox 2744 4577 2877 4629; x_wconf 83' lang='grc' dir='ltr'><strong>Ἀπὸ</strong></span> <span class='ocrx_word' id='word_1_835' title='bbox 2903 4575 3093 4628; x_wconf 89' lang='grc' dir='ltr'><strong>τούτου</strong></span> <span class='ocrx_word' id='word_1_836' title='bbox 3125 4576 3219 4629; x_wconf 79' lang='grc' dir='ltr'><strong>καὶ</strong></span> <span class='ocrx_word' id='word_1_837' title='bbox 3258 4576 3319 4627; x_wconf 83' lang='grc' dir='ltr'><strong>τὸ</strong></span> <span class='ocrx_word' id='word_1_838' title='bbox 3350 4574 3481 4643; x_wconf 63' lang='grc' dir='ltr'><strong>μέλι</strong></span> 
     </span>
    </p>
   </div>
   <div class='ocr_carea' id='block_1_109' title="bbox 1904 4655 3480 4725">
    <p class='ocr_par' dir='ltr' id='par_1_109' title="bbox 1904 4655 3480 4725">
     <span class='ocr_line' id='line_1_110' title="bbox 1904 4655 3480 4725; baseline -0.001 -18"><span class='ocrx_word' id='word_1_839' title='bbox 1904 4655 1995 4708; x_wconf 92' lang='grc' dir='ltr'><strong>λον</strong></span> <span class='ocrx_word' id='word_1_840' title='bbox 2035 4656 2348 4720; x_wconf 80' lang='grc' dir='ltr'><strong>ἀξιόπιστον</strong></span> <span class='ocrx_word' id='word_1_841' title='bbox 2392 4660 2556 4721; x_wconf 87' lang='grc' dir='ltr'><strong>ποιεῖ,</strong></span> <span class='ocrx_word' id='word_1_842' title='bbox 2600 4657 2709 4709; x_wconf 88' lang='grc' dir='ltr'><strong>τῶν</strong></span> <span class='ocrx_word' id='word_1_843' title='bbox 2754 4660 3023 4725; x_wconf 89' lang='grc' dir='ltr'><strong>σωμάτων</strong></span> <span class='ocrx_word' id='word_1_844' title='bbox 3055 4658 3197 4724; x_wconf 90' lang='grc' dir='ltr'><strong>λέγω</strong></span> <span class='ocrx_word' id='word_1_845' title='bbox 3224 4656 3322 4725; x_wconf 76' lang='grc' dir='ltr'><strong>τὴν</strong></span> <span class='ocrx_word' id='word_1_846' title='bbox 3346 4655 3480 4725; x_wconf 79' lang='grc' dir='ltr'><strong>ἀνά-</strong></span> 
     </span>
    </p>
   </div>
   <div class='ocr_carea' id='block_1_110' title="bbox 1907 4723 3481 4807">
    <p class='ocr_par' dir='ltr' id='par_1_110' title="bbox 1907 4723 3481 4807">
     <span class='ocr_line' id='line_1_111' title="bbox 1907 4723 3481 4807; baseline -0.001 -17"><span class='ocrx_word' id='word_1_847' title='bbox 1907 4753 2112 4790; x_wconf 90' lang='grc' dir='ltr'><strong>στασιν.</strong></span> <span class='ocrx_word' id='word_1_848' title='bbox 2163 4736 2270 4789; x_wconf 89' lang='grc' dir='ltr'><strong>Τοῦ</strong></span> <span class='ocrx_word' id='word_1_849' title='bbox 2308 4736 2416 4807; x_wconf 86' lang='grc' dir='ltr'><strong>γὰρ</strong></span> <span class='ocrx_word' id='word_1_850' title='bbox 2452 4738 2609 4805; x_wconf 86' lang='grc' dir='ltr'><strong>σῶμα</strong></span> <span class='ocrx_word' id='word_1_851' title='bbox 2640 4723 2939 4806; x_wconf 69' lang='grc' dir='ltr'><strong>ἀναστῆσαι</strong></span> <span class='ocrx_word' id='word_1_852' title='bbox 2988 4723 3166 4805; x_wconf 89' lang='grc' dir='ltr'><strong>πολλῷ</strong></span> <span class='ocrx_word' id='word_1_853' title='bbox 3202 4723 3382 4806; x_wconf 73' lang='grc' dir='ltr'><strong>μεῖζον</strong></span> <span class='ocrx_word' id='word_1_854' title='bbox 3420 4723 3481 4788; x_wconf 76' lang='grc' dir='ltr'><strong>τὸ</strong></span> 
     </span>
    </p>
   </div>
   <div class='ocr_carea' id='block_1_111' title="bbox 1906 4817 3480 4893">
    <p class='ocr_par' dir='ltr' id='par_1_111' title="bbox 1906 4817 3480 4893">
     <span class='ocr_line' id='line_1_112' title="bbox 1906 4817 3480 4893; baseline -0.003 -19"><span class='ocrx_word' id='word_1_855' title='bbox 1906 4820 2277 4893; x_wconf 85' lang='grc' dir='ltr'><strong>ἁμαρτήματα</strong></span> <span class='ocrx_word' id='word_1_856' title='bbox 2305 4819 2588 4886; x_wconf 82' lang='grc' dir='ltr'><strong>ἀφανίσαι.</strong></span> <span class='ocrx_word' id='word_1_857' title='bbox 2619 4820 2729 4872; x_wconf 85' lang='lat' dir='ltr'><strong>Kal</strong></span> <span class='ocrx_word' id='word_1_858' title='bbox 2750 4817 2908 4871; x_wconf 90' lang='grc' dir='ltr'><strong>τοῦτο</strong></span> <span class='ocrx_word' id='word_1_859' title='bbox 2926 4820 2955 4871; x_wconf 91' lang='lat'><strong>6</strong></span> <span class='ocrx_word' id='word_1_860' title='bbox 2978 4818 3212 4889; x_wconf 74' lang='grc' dir='ltr'><strong>Χριστὸς</strong></span> <span class='ocrx_word' id='word_1_861' title='bbox 3239 4820 3480 4886; x_wconf 87' lang='grc' dir='ltr'><strong>ἀποφαι-</strong></span> 
     </span>
    </p>
   </div>
   <div class='ocr_carea' id='block_1_112' title="bbox 1899 4901 3476 4973">
    <p class='ocr_par' dir='ltr' id='par_1_112' title="bbox 1899 4901 3476 4973">
     <span class='ocr_line' id='line_1_113' title="bbox 1899 4901 3476 4973; baseline -0.001 -17"><span class='ocrx_word' id='word_1_862' title='bbox 1899 4903 2141 4973; x_wconf 89' lang='grc' dir='ltr'><strong>νόμενος,</strong></span> <span class='ocrx_word' id='word_1_863' title='bbox 2167 4903 2352 4970; x_wconf 74' lang='grc' dir='ltr'><strong>ἐλεγεν</strong></span> <span class='ocrx_word' id='word_1_864' title='bbox 2368 4917 2382 4934; x_wconf 90' lang='grc'><strong>·</strong></span> <span class='ocrx_word' id='word_1_865' title='bbox 2423 4902 2484 4955; x_wconf 86' lang='grc' dir='ltr'><strong>Τί</strong></span> <span class='ocrx_word' id='word_1_866' title='bbox 2509 4902 2620 4973; x_wconf 52' lang='grc' dir='ltr'><strong>γάρ</strong></span> <span class='ocrx_word' id='word_1_867' title='bbox 2640 4902 2811 4957; x_wconf 81' lang='grc' dir='ltr'><strong>ἐστιν</strong></span> <span class='ocrx_word' id='word_1_868' title='bbox 2834 4901 3245 4971; x_wconf 71' lang='grc' dir='ltr'><strong>εὐκοπώτερον·</strong></span> <span class='ocrx_word' id='word_1_869' title='bbox 3266 4901 3476 4966; x_wconf 59' lang='lat' dir='ltr'><strong>sarcir,</strong></span> 
     </span>
    </p>
   </div>
   <div class='ocr_carea' id='block_1_113' title="bbox 1911 4982 3481 5059">
    <p class='ocr_par' dir='ltr' id='par_1_113' title="bbox 1911 4982 3481 5059">
     <span class='ocr_line' id='line_1_114' title="bbox 1911 4982 3481 5059; baseline -0.004 -14"><span class='ocrx_word' id='word_1_870' title='bbox 1911 4989 2224 5059; x_wconf 75' lang='grc' dir='ltr'><strong>Ἀφέωνταί</strong></span> <span class='ocrx_word' id='word_1_871' title='bbox 2263 5003 2365 5043; x_wconf 87' lang='grc' dir='ltr'><strong>σοι</strong></span> <span class='ocrx_word' id='word_1_872' title='bbox 2410 4992 2470 5043; x_wconf 81' lang='lat' dir='ltr'><strong>al</strong></span> <span class='ocrx_word' id='word_1_873' title='bbox 2516 4989 2816 5058; x_wconf 76' lang='grc' dir='ltr'><strong>ἁμαρτίαι,</strong></span> <span class='ocrx_word' id='word_1_874' title='bbox 2843 4989 2882 5057; x_wconf 81' lang='grc' dir='ltr'><strong><em>ἧ</em></strong></span> <span class='ocrx_word' id='word_1_875' title='bbox 2917 4988 3129 5054; x_wconf 69' lang='grc' dir='ltr'><strong>εἰπεῖν,</strong></span> <span class='ocrx_word' id='word_1_876' title='bbox 3158 4982 3340 5054; x_wconf 75' lang='grc' dir='ltr'><strong>Ἀρον</strong></span> <span class='ocrx_word' id='word_1_877' title='bbox 3372 4985 3481 5039; x_wconf 73' lang='grc' dir='ltr'><strong>τὸν</strong></span> 
     </span>
    </p>
   </div>
   <div class='ocr_carea' id='block_1_114' title="bbox 1896 5068 3479 5140">
    <p class='ocr_par' dir='ltr' id='par_1_114' title="bbox 1896 5068 3479 5140">
     <span class='ocr_line' id='line_1_115' title="bbox 1896 5068 3479 5140; baseline -0.005 -14"><span class='ocrx_word' id='word_1_878' title='bbox 1896 5072 2230 5140; x_wconf 76' lang='grc' dir='ltr'><strong>κράϐϐατόν</strong></span> <span class='ocrx_word' id='word_1_879' title='bbox 2275 5088 2415 5139; x_wconf 88' lang='grc' dir='ltr'><strong>σου,</strong></span> <span class='ocrx_word' id='word_1_880' title='bbox 2462 5074 2563 5126; x_wconf 79' lang='grc' dir='ltr'><strong>καὶ</strong></span> <span class='ocrx_word' id='word_1_881' title='bbox 2602 5072 2943 5140; x_wconf 77' lang='grc' dir='ltr'><strong>περιπάτει;</strong></span> <span class='ocrx_word' id='word_1_882' title='bbox 3001 5071 3073 5121; x_wconf 89' lang='lat' dir='ltr'><strong>T6</strong></span> <span class='ocrx_word' id='word_1_883' title='bbox 3136 5069 3237 5138; x_wconf 69' lang='grc' dir='ltr'><strong>μὲν</strong></span> <span class='ocrx_word' id='word_1_884' title='bbox 3284 5068 3479 5119; x_wconf 65' lang='grc' dir='ltr'><strong>δυσκοο</strong></span> 
     </span>
    </p>
   </div>
   <div class='ocr_carea' id='block_1_115' title="bbox 1895 5148 3477 5226">
    <p class='ocr_par' dir='ltr' id='par_1_115' title="bbox 1895 5148 3477 5226">
     <span class='ocr_line' id='line_1_116' title="bbox 1895 5148 3477 5226; baseline -0.004 -20"><span class='ocrx_word' id='word_1_885' title='bbox 1895 5153 2133 5226; x_wconf 86' lang='grc' dir='ltr'><strong>λώτερον</strong></span> <span class='ocrx_word' id='word_1_886' title='bbox 2183 5155 2380 5216; x_wconf 84' lang='grc' dir='ltr'><strong>ἐκεῖνο,</strong></span> <span class='ocrx_word' id='word_1_887' title='bbox 2442 5154 2639 5224; x_wconf 86' lang='grc' dir='ltr'><strong>φησίν·</strong></span> <span class='ocrx_word' id='word_1_888' title='bbox 2698 5152 2885 5221; x_wconf 79' lang='grc' dir='ltr'><strong>ἐπειδὴ</strong></span> <span class='ocrx_word' id='word_1_889' title='bbox 2936 5151 2994 5204; x_wconf 76' lang='grc' dir='ltr'><strong>δὲ</strong></span> <span class='ocrx_word' id='word_1_890' title='bbox 3052 5151 3331 5203; x_wconf 88' lang='grc' dir='ltr'><strong>ἀπιστεῖτε</strong></span> <span class='ocrx_word' id='word_1_891' title='bbox 3380 5148 3477 5202; x_wconf 81' lang='grc' dir='ltr'><strong>ἀτε</strong></span> 
     </span>
    </p>
   </div>
   <div class='ocr_carea' id='block_1_116' title="bbox 1905 5231 3479 5305">
    <p class='ocr_par' dir='ltr' id='par_1_116' title="bbox 1905 5231 3479 5305">
     <span class='ocr_line' id='line_1_117' title="bbox 1905 5231 3479 5305; baseline -0.003 -18"><span class='ocrx_word' id='word_1_892' title='bbox 1905 5235 2083 5305; x_wconf 82' lang='grc' dir='ltr'><strong>ἀδήλῳ</strong></span> <span class='ocrx_word' id='word_1_893' title='bbox 2101 5237 2235 5297; x_wconf 83' lang='grc' dir='ltr'><strong>όντι,</strong></span> <span class='ocrx_word' id='word_1_894' title='bbox 2264 5234 2362 5287; x_wconf 75' lang='grc' dir='ltr'><strong>καὶ</strong></span> <span class='ocrx_word' id='word_1_895' title='bbox 2393 5235 2454 5287; x_wconf 76' lang='grc' dir='ltr'><strong>τὸ</strong></span> <span class='ocrx_word' id='word_1_896' title='bbox 2477 5235 2841 5302; x_wconf 83' lang='grc' dir='ltr'><strong>εὐκολώτερον</strong></span> <span class='ocrx_word' id='word_1_897' title='bbox 2873 5231 2994 5286; x_wconf 81' lang='grc' dir='ltr'><strong>ἀντὶ</strong></span> <span class='ocrx_word' id='word_1_898' title='bbox 3020 5232 3280 5286; x_wconf 87' lang='grc' dir='ltr'><strong>δυσκόλου</strong></span> <span class='ocrx_word' id='word_1_899' title='bbox 3310 5232 3479 5284; x_wconf 81' lang='grc' dir='ltr'><strong>ποιεῖο</strong></span> 
     </span>
    </p>
   </div>
   <div class='ocr_carea' id='block_1_117' title="bbox 1906 5313 3480 5387">
    <p class='ocr_par' dir='ltr' id='par_1_117' title="bbox 1906 5313 3480 5387">
     <span class='ocr_line' id='line_1_118' title="bbox 1906 5313 3480 5387; baseline -0.003 -18"><span class='ocrx_word' id='word_1_900' title='bbox 1906 5316 2001 5369; x_wconf 89' lang='grc' dir='ltr'><strong>σθε</strong></span> <span class='ocrx_word' id='word_1_901' title='bbox 2043 5318 2141 5385; x_wconf 88' lang='grc' dir='ltr'><strong>τῆς</strong></span> <span class='ocrx_word' id='word_1_902' title='bbox 2181 5317 2321 5387; x_wconf 74' lang='grc' dir='ltr'><strong>ἐμῆς</strong></span> <span class='ocrx_word' id='word_1_903' title='bbox 2346 5316 2628 5387; x_wconf 89' lang='grc' dir='ltr'><strong>δυνάμεως</strong></span> <span class='ocrx_word' id='word_1_904' title='bbox 2668 5314 2964 5380; x_wconf 81' lang='grc' dir='ltr'><strong>ἀπόδειξιν,</strong></span> <span class='ocrx_word' id='word_1_905' title='bbox 3000 5315 3122 5368; x_wconf 73' lang='grc' dir='ltr'><strong>οὐδὲ</strong></span> <span class='ocrx_word' id='word_1_906' title='bbox 3152 5313 3311 5367; x_wconf 89' lang='grc' dir='ltr'><strong>τοῦτο</strong></span> <span class='ocrx_word' id='word_1_907' title='bbox 3337 5330 3480 5380; x_wconf 88' lang='grc' dir='ltr'><strong>παρ-</strong></span> 
     </span>
    </p>
   </div>
   <div class='ocr_carea' id='block_1_118' title="bbox 1902 5394 3477 5469">
    <p class='ocr_par' dir='ltr' id='par_1_118' title="bbox 1902 5394 3477 5469">
     <span class='ocr_line' id='line_1_119' title="bbox 1902 5394 3477 5469; baseline -0.002 -20"><span class='ocrx_word' id='word_1_908' title='bbox 1902 5400 2199 5467; x_wconf 84' lang='grc' dir='ltr'><strong>αιτήσομαι</strong></span> <span class='ocrx_word' id='word_1_909' title='bbox 2273 5402 2577 5469; x_wconf 85' lang='grc' dir='ltr'><strong>παρασχεῖν</strong></span> <span class='ocrx_word' id='word_1_910' title='bbox 2630 5398 2759 5467; x_wconf 85' lang='grc' dir='ltr'><strong>ὑμῖν</strong></span> <span class='ocrx_word' id='word_1_911' title='bbox 2782 5396 2844 5449; x_wconf 76' lang='grc' dir='ltr'><strong>τὸ</strong></span> <span class='ocrx_word' id='word_1_912' title='bbox 2875 5396 3095 5467; x_wconf 86' lang='grc' dir='ltr'><strong>δεῖγμα.</strong></span> <span class='ocrx_word' id='word_1_913' title='bbox 3131 5397 3268 5450; x_wconf 79' lang='grc' dir='ltr'><strong>Τότε</strong></span> <span class='ocrx_word' id='word_1_914' title='bbox 3313 5394 3477 5462; x_wconf 74' lang='grc' dir='ltr'><strong>λέγει</strong></span> 
     </span>
    </p>
   </div>
   <div class='ocr_carea' id='block_1_119' title="bbox 1902 5472 3474 5550">
    <p class='ocr_par' dir='ltr' id='par_1_119' title="bbox 1902 5472 3474 5550">
     <span class='ocr_line' id='line_1_120' title="bbox 1902 5472 3474 5550; baseline 0.003 -18"><span class='ocrx_word' id='word_1_915' title='bbox 1902 5476 1984 5543; x_wconf 77' lang='grc' dir='ltr'><strong>τῷ</strong></span> <span class='ocrx_word' id='word_1_916' title='bbox 2004 5481 2411 5547; x_wconf 64' lang='grc' dir='ltr'><strong>παραλυτικῷ·</strong></span> <span class='ocrx_word' id='word_1_917' title='bbox 2455 5478 2750 5550; x_wconf 74' lang='grc' dir='ltr'><strong>Ἐγερθεὶς</strong></span> <span class='ocrx_word' id='word_1_918' title='bbox 2776 5472 2925 5548; x_wconf 76' lang='grc' dir='ltr'><strong>ἆρον</strong></span> <span class='ocrx_word' id='word_1_919' title='bbox 2954 5478 3072 5546; x_wconf 78' lang='grc' dir='ltr'><strong>τὴν</strong></span> <span class='ocrx_word' id='word_1_920' title='bbox 3089 5479 3308 5544; x_wconf 73' lang='grc' dir='ltr'><strong>κλίνην</strong></span> <span class='ocrx_word' id='word_1_921' title='bbox 3334 5492 3474 5536; x_wconf 77' lang='grc' dir='ltr'><strong>σου.</strong></span> 
     </span>
    </p>
   </div>
   <div class='ocr_carea' id='block_1_120' title="bbox 1896 5559 2812 5631">
    <p class='ocr_par' dir='ltr' id='par_1_120' title="bbox 1896 5559 2812 5631">
     <span class='ocr_line' id='line_1_121' title="bbox 1896 5559 2812 5631; baseline 0 -18"><span class='ocrx_word' id='word_1_922' title='bbox 1896 5562 1995 5614; x_wconf 69' lang='grc' dir='ltr'><strong>καί</strong></span> <span class='ocrx_word' id='word_1_923' title='bbox 2025 5561 2215 5631; x_wconf 73' lang='grc' dir='ltr'><strong>ὕπαγε</strong></span> <span class='ocrx_word' id='word_1_924' title='bbox 2250 5565 2336 5628; x_wconf 80' lang='grc' dir='ltr'><strong>είς</strong></span> <span class='ocrx_word' id='word_1_925' title='bbox 2362 5564 2468 5616; x_wconf 78' lang='grc' dir='ltr'><strong>τόν</strong></span> <span class='ocrx_word' id='word_1_926' title='bbox 2488 5559 2656 5615; x_wconf 77' lang='grc' dir='ltr'><strong>οἶκόν</strong></span> <span class='ocrx_word' id='word_1_927' title='bbox 2675 5576 2812 5617; x_wconf 81' lang='grc' dir='ltr'><strong>σου.</strong></span> 
     </span>
    </p>
   </div>
   <div class='ocr_carea' id='block_1_121' title="bbox 1977 5639 3474 5712">
    <p class='ocr_par' dir='ltr' id='par_1_121' title="bbox 1977 5639 3474 5712">
     <span class='ocr_line' id='line_1_122' title="bbox 1977 5639 3474 5712; baseline -0.005 -13"><span class='ocrx_word' id='word_1_928' title='bbox 1977 5641 2043 5712; x_wconf 85' lang='grc' dir='ltr'><strong>β’.</strong></span> <span class='ocrx_word' id='word_1_929' title='bbox 2070 5645 2180 5699; x_wconf 81' lang='lat' dir='ltr'><strong>Kal</strong></span> <span class='ocrx_word' id='word_1_930' title='bbox 2211 5644 2327 5707; x_wconf 86' lang='grc' dir='ltr'><strong>πῶς</strong></span> <span class='ocrx_word' id='word_1_931' title='bbox 2358 5643 2519 5699; x_wconf 88' lang='grc' dir='ltr'><strong>τοῦτο</strong></span> <span class='ocrx_word' id='word_1_932' title='bbox 2544 5642 2820 5710; x_wconf 89' lang='grc' dir='ltr'><strong>δύσκολον,</strong></span> <span class='ocrx_word' id='word_1_933' title='bbox 2842 5642 3027 5712; x_wconf 75' lang='grc' dir='ltr'><strong>φησὶν,</strong></span> <span class='ocrx_word' id='word_1_934' title='bbox 3049 5642 3180 5697; x_wconf 83' lang='grc' dir='ltr'><strong>ὅταν</strong></span> <span class='ocrx_word' id='word_1_935' title='bbox 3201 5639 3294 5694; x_wconf 72' lang='grc' dir='ltr'><strong>καὶ</strong></span> <span class='ocrx_word' id='word_1_936' title='bbox 3319 5643 3474 5712; x_wconf 77' lang='grc' dir='ltr'><strong>βασι-</strong></span> 
     </span>
    </p>
   </div>
   <div class='ocr_carea' id='block_1_122' title="bbox 229 5720 3475 5799">
    <p class='ocr_par' dir='ltr' id='par_1_122' title="bbox 229 5720 3475 5799">
     <span class='ocr_line' id='line_1_123' title="bbox 229 5720 3475 5799; baseline 0.002 -24"><span class='ocrx_word' id='word_1_937' title='bbox 229 5722 477 5789; x_wconf 85' lang='grc' dir='ltr'><strong>Παῦλος;</strong></span> <span class='ocrx_word' id='word_1_938' title='bbox 502 5720 802 5792; x_wconf 73' lang='grc' dir='ltr'><strong>Πρῶτονδέ</strong></span> <span class='ocrx_word' id='word_1_939' title='bbox 822 5722 1137 5794; x_wconf 77' lang='grc' dir='ltr'><strong>ἀναμνῆσαι</strong></span> <span class='ocrx_word' id='word_1_940' title='bbox 1162 5724 1427 5796; x_wconf 88' lang='grc' dir='ltr'><strong>βούλομαι</strong></span> <span class='ocrx_word' id='word_1_941' title='bbox 1446 5724 1575 5788; x_wconf 77' lang='grc' dir='ltr'><strong>τοὺς</strong></span> <span class='ocrx_word' id='word_1_942' title='bbox 1598 5742 1811 5799; x_wconf 75' lang='grc' dir='ltr'><strong>μεμνηο</strong></span> <span class='ocrx_word' id='word_1_943' title='bbox 1904 5723 2055 5778; x_wconf 90' lang='grc' dir='ltr'><strong>λεῦσι</strong></span> <span class='ocrx_word' id='word_1_944' title='bbox 2083 5729 2178 5779; x_wconf 78' lang='grc' dir='ltr'><strong>καὶ</strong></span> <span class='ocrx_word' id='word_1_945' title='bbox 2215 5727 2442 5797; x_wconf 72' lang='grc' dir='ltr'><strong>ἄρχουσι</strong></span> <span class='ocrx_word' id='word_1_946' title='bbox 2481 5724 2707 5781; x_wconf 82' lang='grc' dir='ltr'><strong>δυνατὸν</strong></span> <span class='ocrx_word' id='word_1_947' title='bbox 2736 5721 2806 5797; x_wconf 75' lang='grc' dir='ltr'>ᾖς</span> <span class='ocrx_word' id='word_1_948' title='bbox 2846 5726 2940 5778; x_wconf 77' lang='grc' dir='ltr'><strong>καὶ</strong></span> <span class='ocrx_word' id='word_1_949' title='bbox 2982 5723 3093 5795; x_wconf 76' lang='grc' dir='ltr'><strong>γὰρ</strong></span> <span class='ocrx_word' id='word_1_950' title='bbox 3124 5724 3345 5796; x_wconf 72' lang='grc' dir='ltr'><strong>μοιχοὺς</strong></span> <span class='ocrx_word' id='word_1_951' title='bbox 3378 5722 3475 5780; x_wconf 68' lang='grc' dir='ltr'><strong>καὶ</strong></span> 
     </span>
    </p>
   </div>
   <div class='ocr_carea' id='block_1_123' title="bbox 232 5804 3469 5891">
    <p class='ocr_par' dir='ltr' id='par_1_123' title="bbox 232 5804 3469 5891">
     <span class='ocr_line' id='line_1_124' title="bbox 232 5804 3469 5891; baseline -0.005 -19"><span class='ocrx_word' id='word_1_952' title='bbox 232 5817 433 5890; x_wconf 82' lang='grc' dir='ltr'><strong>μένους</strong></span> <span class='ocrx_word' id='word_1_953' title='bbox 471 5816 615 5887; x_wconf 71' lang='grc' dir='ltr'><strong>ὑμᾶς</strong></span> <span class='ocrx_word' id='word_1_954' title='bbox 650 5814 888 5888; x_wconf 79' lang='grc' dir='ltr'><strong>ρήσεως,</strong></span> <span class='ocrx_word' id='word_1_955' title='bbox 926 5813 993 5886; x_wconf 70' lang='grc' dir='ltr'><strong>ην</strong></span> <span class='ocrx_word' id='word_1_956' title='bbox 1020 5813 1163 5872; x_wconf 86' lang='grc' dir='ltr'><strong>κατά</strong></span> <span class='ocrx_word' id='word_1_957' title='bbox 1186 5816 1286 5889; x_wconf 75' lang='grc' dir='ltr'><strong>τήν</strong></span> <span class='ocrx_word' id='word_1_958' title='bbox 1317 5815 1558 5887; x_wconf 66' lang='grc' dir='ltr'><strong>ἑσπέραν</strong></span> <span class='ocrx_word' id='word_1_959' title='bbox 1590 5816 1811 5891; x_wconf 72' lang='grc' dir='ltr'><strong>ἐκείνην</strong></span> <span class='ocrx_word' id='word_1_960' title='bbox 1906 5807 2262 5878; x_wconf 79' lang='grc' dir='ltr'><strong>ἀνδροφόνους</strong></span> <span class='ocrx_word' id='word_1_961' title='bbox 2313 5809 2540 5879; x_wconf 72' lang='grc' dir='ltr'><strong>ἀφιᾶσιν</strong></span> <span class='ocrx_word' id='word_1_962' title='bbox 2592 5807 2814 5863; x_wconf 84' lang='grc' dir='ltr'><strong>ἐκεῖνοι.</strong></span> <span class='ocrx_word' id='word_1_963' title='bbox 2877 5804 3136 5873; x_wconf 78' lang='grc' dir='ltr'><strong>Παίζεις,</strong></span> <span class='ocrx_word' id='word_1_964' title='bbox 3192 5804 3469 5877; x_wconf 75' lang='grc' dir='ltr'><strong>ἄνθρωπε,</strong></span> 
     </span>
    </p>
   </div>
  </div>
