4060 6346
567 426 675 484 849

562 541 742 595 ταῦτα
771 538 964 607 λέγων·
993 542 1368 613 ἁμαρτήματα
1416 546 1515 613 μὲν
1563 545 1675 616 γάρ
1723 547 1939 615 ἀφεῖναι
1988 545 2136 615 μόνῳ

562 632 684 701 Θεῷ
724 632 947 685 δυνατόν
972 649 985 663 ·
1019 633 1279 703 ἄρχοντες
1318 634 1377 688 δὲ
1418 636 1516 689 καὶ
1554 635 1817 706 βασιλεῖς,
1862 636 1970 690 κάν
2018 653 2137 706 μοι·

561 722 713 789 χοῦς.
740 721 843 773 κάν
870 723 1230 793 ἀνδροφόνους
1250 726 1455 798 ἀφῶσι,
1478 727 1580 796 τῆς
1607 726 1708 797 μέν
1736 728 2007 791 κολάσεως
2038 727 2143 797 τῆς

562 809 847 878 παρούσης
867 811 1552 887 ἀπαλλάττουσι,[580]τὴν
1575 815 1633 869 δέ
1657 818 1935 887 ἁμαρτίαν
1957 817 2138 871 αὐτῶν

562 901 663 952 οὐκ
677 899 1085 971 ἐκκαθαίρουσι·
1104 903 1211 958 κᾶν
1223 908 1303 969 είς
1316 907 1491 977 ἀρχάς
1505 908 1753 977 ἀγάγωσι
1767 910 1894 973 τοὺς
1908 910 2139 979 ἀφεθέν-

574 1008 681 1053 τας,
708 992 814 1045 κάν
845 993 1017 1063 αὐτὴν
1050 995 1388 1065 περιϐάλωσι
1418 998 1516 1067 τὴν
1560 1000 1874 1071 ἁλουργίδα,
1929 1001 2033 1055 κάν
2075 1001 2139 1054 τὸ

558 1080 799 1151 διάδημα
845 1084 1133 1149 ἐπιθῶσιν,
1164 1085 1302 1139 ἀλλά
1332 1086 1587 1156 βασιλέας
1636 1090 1737 1159 μὲν
1777 1090 2042 1161 ἐποίησαν
2072 1091 2145 1144 ἀν

558 1168 726 1233 οὕτω,
760 1171 859 1239 τῆς
888 1171 946 1223 δέ
989 1173 1268 1242 ἀμαρτίας
1311 1176 1413 1230 οὐκ
1456 1177 1522 1232 ἂν
1573 1178 1975 1249 ἠλευθέρωσαν·
2006 1180 2140 1243 Θεὸς

559 1259 675 1328 γάρ
700 1260 862 1329 μόνος
892 1261 1052 1315 τοῦτο
1084 1266 1249 1317 ποιεῖ.
1281 1266 1346 1318 Ὀ
1371 1266 1441 1336 δὴ
1469 1268 1564 1321 καὶ
1602 1271 1661 1321 ἐν
1694 1253 1772 1339 τῶ
1800 1267 2010 1338 λουτρῷ
2038 1269 2139 1337 τῆς

561 1350 987 1418 παλιγγενεσίας
1035 1349 1353 1424 ἐργάζεται·
1400 1359 1574 1426 αὐτῆς
1617 1361 1729 1429 γὰρ
1774 1360 2005 1412 ἀπτεται
2036 1358 2139 1427 τῆς

559 1438 737 1509 ψυχῆς
874 1443 1055 1510 χάρις,
1108 1446 1365 1498 κάκεῖθεν
1417 1446 1717 1517 πρόρριζον
1774 1449 1992 1519 ἀνασπᾷ
2038 1450 2138 1517 τὴν

562 1529 857 1601 ἁμαρτίαν.
893 1534 992 1586 Διά
1023 1533 1088 1604 δὴ
1119 1534 1276 1587 τοῦτο
1306 1535 1398 1587 τοῦ
1439 1537 1538 1604 μὲν
1569 1536 1674 1589 ὑπὸ
1736 1538 2002 1607 βασιλέως
2034 1541 2142 1607 ἀφο

563 1617 774 1685 εθέντος
797 1622 1059 1692 ρυπῶοαν
1083 1622 1181 1693 τὴν
1202 1625 1383 1694 ψυχὴν
1430 1625 1581 1678 ἐστιν
1631 1627 1778 1694 ίδεῖν,
1824 1630 1924 1698 τὴν
1945 1629 2001 1681 δὲ
2041 1629 2140 1681 τοῦ

565 1707 955 1777 βαπτισθέντος
985 1712 1193 1778 οὐκέτι,
1225 1714 1339 1765 ἀλλ’
1366 1715 1546 1767 αὐτῶν
1576 1715 1691 1769 -τῶν
1715 1718 1957 1787 ἡλιακῶν
1986 1718 2139 1771 ἀκτί-

563 1814 671 1849 νων
697 1797 1111 1869 καθαρωτέραν,
1148 1802 1241 1853 καὶ
1270 1802 1360 1855 οἶα
1390 1803 1449 1867 ἐξ
1484 1805 1662 1873 ἀρχῆς
1692 1803 2014 1874 γεννηθεῖσα
2044 1803 2135 1875 ἦν,

565 1888 768 1957 μᾶλλον
788 1889 843 1941 δ)
870 1890 964 1942 καὶ
985 1892 1200 1960 ἐκείνης
1225 1893 1432 1962 ἀμείνω
1457 1895 1661 1963 πολλῷ·
1696 1896 2009 1965 Πνεύματος
2032 1897 2139 1967 γὰρ

563 1978 832 2031 ἀπολαύει
855 1980 956 2033 τοῦ
988 1979 1326 2051 πανταχόθεν
1355 1983 1526 2052 αὐτὴν
1556 1983 1855 2054 πυροῦντος
1903 1988 1999 2039 xal
2040 1988 2140 2057 τὴν

560 2070 873 2141 ἁγιωσύνην
942 2074 1331 2133 ἐπιτείνοντος.
1395 2074 1505 2127 Καὶ
1565 2074 1753 2145 ὥσπερ
1821 2076 2040 2147 σίδηρον
2104 2077 2138 2146 ἢ

562 2160 764 2229 χρυσὸν
810 2160 1197 2229 ἀναχωνεύων,
1253 2163 1491 2233 καθαρὸν
1542 2166 1636 2217 καὶ
1688 2167 1879 2221 καινὸν
1932 2167 2140 2219 ἀνωθεν

563 2254 756 2313 ποιεῖς·
785 2250 929 2305 οῦτω
963 2252 1032 2322 δὴ
1058 2254 1152 2305 καὶ
1190 2253 1250 2305 τὸ
1286 2255 1512 2326 Πνεῦμα
1551 2258 1614 2308 τὸ
1658 2257 1813 2319 ἀγιον
1865 2256 2053 2326 ὥσπερ
2084 2258 2141 2311 ἐν

563 2342 916 2413 χωνευτηρίῳ
952 2342 1029 2412 τῷ
1076 2343 1416 2415 βαπτίσματι
1445 2347 1789 2415 ἀναχωνεῦον
1819 2348 2013 2417 αὐτὴν,
2046 2350 2141 2401 καὶ

561 2433 815 2488 δαπανῶν
843 2435 912 2487 τά
941 2434 1350 2504 ἁμαρτήματα,
1386 2436 1609 2506 χρυσίου
1659 2438 1859 2500 παντὸς
1893 2441 2137 2511 καθαροῦ

563 2522 952 2593 καθαρώτερον
988 2522 1337 2575 ἀποστίλϐειν
1392 2528 1827 2596 παρασκευάζει.
1880 2529 1990 2582 Kal
2040 2532 2140 2599 τὴν

562 2611 673 2665 τῶν
707 2612 981 2681 σωμάτων
1023 2611 1084 2663 δὲ
1134 2612 1431 2666 ἀνάστασιν
1481 2615 1794 2679 ἀξιόπιστον
1844 2618 2140 2671 κάντεῦθεν

565 2716 645 2753 σοι
680 2700 1141 2755 πάλινδείκνυσιν
1165 2700 1355 2757 οὖσαν.
1396 2704 1615 2775 Ἐπειδὴ
1661 2707 1772 2776 γὰρ
1815 2709 1848 2776 ή
1896 2708 2141 2776 ἁμαρτία

562 2791 655 2843 τὸν
688 2790 919 2844 θάνατον
940 2794 1226 2861 εἰσήγαγε,
1254 2794 1355 2861 τῆς
1384 2795 1539 2864 ῥίζης
1577 2796 1955 2866 ξηρανθείσης,
1987 2798 2141 2849 οὐδὲν

563 2880 643 2931 δεῖ
692 2878 879 2932 λοιπὸν
933 2881 1299 2948 ἀμφιϐάλλειν
1333 2882 1473 2950 ὑπὲρ
1521 2881 1619 2951 τῆς
1659 2883 1752 2937 τοῦ
1784 2885 1999 2955 καρποῦ
2037 2888 2142 2938 ἀπ-

563 2968 779 3030 ωλείας.
806 2968 906 3020 Διά
935 2968 1092 3021 τοῦτο
1122 2971 1388 3040 πρότερον
1419 2971 1590 3024 είπὼν
1614 2973 1900 3044 ἁμαρτιῶν
1926 2976 2138 3042 ἄφεσιν,

564 3060 686 3111 τότε
718 3060 1001 3128 ὁμολογεῖς
1029 3060 1126 3112 καὶ
1148 3060 1360 3131 νεκρῶν
1390 3063 1706 3129 ἀνάστασιν,
1740 3065 1993 3118 ἐντεῦθεν
2042 3066 2138 3117 xal

560 3150 645 3211 είς
679 3150 853 3201 ἐκεῖνο
881 3152 1407 3221 χειραγωγούμενος.
1456 3146 1589 3203 Εἶτα
1617 3154 1802 3222 ἐπειδὴ
1844 3154 1944 3206 ούκ
1984 3156 2143 3225 ἀρκεῖ

564 3237 628 3292 τὸ
653 3236 827 3305 ὄνομα
855 3238 955 3306 τῆς
986 3237 1335 3299 ἀναστάσεως
1363 3237 1535 3301 δεῖξαι
1567 3238 1627 3291 τὺ
1654 3242 1761 3291 πᾶν
1800 3242 2005 3309 (πολλοὶ
2034 3242 2143 3311 γὰρ

568 3330 897 3391 ἀναστάντες
926 3328 1087 3382 πάλιν
1133 3328 1398 3397 ἀπῆλθον,
1430 3329 1505 3392 ὡς
1534 3333 1583 3382 οἱ
1612 3333 1672 3383 ὲν
1700 3334 1765 3401 τῇ
1798 3333 2033 3402 Παλαιᾷ,
2068 3333 2143 3395 ὠς

565 3417 840 3489 Λάζαρος,
863 3418 939 3481 ὡς
972 3418 1023 3470 οἱ
1062 3420 1120 3470 ἐν
1139 3419 1223 3489 τῷ
1254 3417 1429 3488 καιρῷ
1467 3418 1562 3471 τοῦ
1607 3420 1901 3490 σταυροῦ),
1931 3422 2144 3473 κελεύει

567 3508 773 3577 λέγειν,
807 3510 919 3563 Kal
950 3510 1029 3571 είς
1059 3506 1205 3577 ζωὴν
1237 3506 1478 3571 αἰώνιον,
1530 3508 1616 3562 ἴνα
1665 3514 1865 3581 μηκέτι
1912 3513 2145 3565 θάνατον

568 3600 890 3670 ῦποπτεύσῃ
915 3617 1002 3663 τις
1030 3599 1168 3668 μετά
1196 3600 1297 3668 τὴν
1330 3599 1629 3651 ἀνάστασιν
1660 3600 1898 3670 ἐκείνην.
1926 3602 2146 3655 Τούτων

567 3691 750 3745 τοίνυν
782 3690 892 3742 τῶν
919 3688 1179 3759 ῥημάτιον
1213 3690 1642 3757 ἀναμιμνήσκων
1677 3689 1710 3739 6'
1738 3689 1950 3752 Παῦλός
1987 3707 2141 3761 φησι.

574 3783 640 3836 Τί
662 3782 1032 3845 ποιήσουσιν
1048 3780 1107 3831 οἱ
1127 3777 1546 3845 βαπτιζόμενοι
1574 3778 1728 3846 ὑπὲρ
1746 3780 1863 3833 τῶν
1884 3780 2146 3849 νεκρῶν;

571 3872 635 3923 El
664 3870 772 3940 γὰρ
803 3869 878 3938 μὴ
911 3868 1057 3920 ἐστιν
1086 3868 1400 3935 ἀνάστασις,
1436 3868 1591 3937 φησὶ,
1627 3870 1799 3939 σκηνὴ
1831 3870 1899 3922 τά
1924 3873 2146 3941 ῥήματα

570 3960 765 4014 ταῦτα·
795 3962 843 4013 εί
877 3958 954 4029 μὴ
984 3958 1130 4011 ἔστιν
1155 3958 1476 4021 ἀνάστασις,
1507 3958 1625 4021 πῶς
1659 3961 1857 4025 αὐτοὺς
1888 3962 2148 4031 πείθομεν

571 4050 871 4113 πιστεύειν,
940 4048 1088 4119 ὅπερ
1149 4049 1213 4102 οὔ
1280 4049 1570 4119 διδόαμεν;
1624 4050 1814 4121 ὥσπερ
1862 4051 1929 4104 ἀν
1968 4053 2023 4105 ετ
2064 4069 2149 4115 τις

574 4140 813 4193 κελαιων
844 4140 1225 4209 γραμματεῖον
1255 4138 1512 4192 ἐκθέσθαι
1544 4140 1625 4192 ὅτι
1653 4139 1715 4192 τδ
1744 4141 1838 4193 καὶ
1870 4141 1930 4194 τὸ
1964 4142 2146 4207 ἔλαὸε,

578 4229 784 4298 μηκέτι
804 4228 914 4297 δῴη
946 4227 1015 4279 τά
1038 4228 1408 4296 ἐγγραφέντα,
1445 4224 1563 4281 εἶτα
1602 4229 1741 4297 μετά
1777 4230 1876 4297 τὴν
1908 4232 2151 4301 ὑπογρα-

575 4322 683 4391 φὴν
715 4322 972 4392 ἀπαιτοίη
1025 4320 1094 4373 τά
1142 4321 1595 4392 ἐγγεγραμμένα.
1649 4321 1714 4373 Τί
1767 4324 1875 4391 γάρ
1932 4324 2151 4392 ποιήσει

576 4411 765 4464 λοιπὸν
791 4412 821 4462 6
851 4412 1195 4480 ὑπογράψας,
1222 4410 1523 4464 ὃπεύθυνον
1556 4413 1657 4478 μὲν
1682 4411 1873 4461 ἐαυτὸν
1898 4412 2149 4479 ποιήσας,

577 4503 640 4554 ού
673 4499 854 4553 λαῦὼν
883 4500 939 4553 δέ
963 4501 1106 4569 άπερ
1136 4500 1491 4568 ὡμολόγησεν
1508 4498 1819 4566 είληφέναις
1848 4498 2018 4551 Τοῦτο
2042 4499 2152 4569 γὰρ

577 4591 672 4643 καὶ
703 4588 935 4644 ἐνταῦθα
962 4588 1114 4657 λέγει
1140 4589 1267 4658 περὶ
1292 4588 1399 4641 τῶν
1429 4586 1871 4658 βαπτιζομὲνων.
1899 4589 1964 4640 Τί
1998 4593 2153 4658 ποιή-

579 4698 763 4734 σουσιν
812 4682 861 4734 al
911 4680 1323 4751 βαπτιζόμενα,
1371 4681 1557 4752 φησιν,
1608 4678 2023 4751 ὑπογράψαντες
2056 4681 2153 4749 μὲν

576 4770 871 4825 ἀνάστασιν
928 4770 1196 4839 σωμάτων
1250 4771 1481 4841 νεκρῶν,
1536 4772 1599 4825 οὐ
1652 4771 2023 4841 λαμϐάνοντες
2072 4770 2149 4832 δὲ,

578 4859 693 4913 ἀλλ’
720 4857 1102 4928 ἀπατώμενοις
1133 4859 1186 4910 τί
1216 4860 1273 4911 δὲ
1302 4861 1439 4924 ὅλως
1463 4863 1557 4915 καὶ
1584 4862 1683 4931 τῆς
1708 4862 1999 4931 ὁμολογίας
2027 4860 2154 4914 ταύ-

578 4966 678 5018 της
709 4948 835 5012 ἐδει,
861 4951 909 5001 εί
929 4949 991 5001 τὸ
1014 4948 1176 5018 ἔργον
1202 4949 1278 5020 μὴ
1306 4952 1517 5017 εἷπε-τος
1546 4954 1611 5006 Τί
1630 4953 1727 5006 καί
1752 4952 1926 5021 ἡμεῖς
1949 4953 2151 5006 κινδυ-

580 5040 835 5109 νεύομεν
865 5038 1072 5093 πᾶσαν
1104 5038 1299 5107 ὢραν;
1334 5041 1472 5094 Καθ’
1501 5041 1731 5109 ἡμέραν
1760 5043 2151 5111 ἀποθνήσκω,

582 5131 657 5199 νὴ
718 5130 832 5193 τὴν
867 5129 1160 5200 ὑμετέραν
1193 5131 1516 5200 καύχησιν,
1550 5130 1631 5197 ἣν
1659 5133 1778 5203 ἐχω
1820 5134 1893 5187 ἐν
1924 5135 2155 5202 Χριστῷ

594 5221 823 5289 Ἰησοῦ.
857 5222 1001 5291 Ὅρα
1029 5222 1190 5275 πάλιν
1225 5223 1387 5279 πόθεν
1432 5224 1701 5293 ἐπιχειρεῖ
1741 5225 2153 5278 κατασκευάσαι

583 5311 645 5364 τὸ
673 5311 867 5380 δόγμα,
913 5312 1021 5367 ἀπὸ
1062 5313 1160 5382 τῆς
1185 5312 1396 5374 οἰκείας
1421 5313 1626 5381 ψήφου,
1660 5312 1861 5380 μᾶλλον
1891 5313 1947 5365 δὲ
1970 5314 2029 5365 ού
2058 5317 2157 5383 τῆς

584 5400 753 5455 αὐτοῦ
787 5402 969 5471 μόνον,
1016 5401 1152 5457 ἀλλά
1197 5403 1294 5457 καὶ
1320 5402 1420 5471 τῆς
1460 5400 1567 5453 τῶν
1591 5401 1793 5455 λοιπῶν
1821 5404 2156 5459 ἀποστόλων.

587 5495 664 5547 Οὐ
698 5492 891 5564 μικρὸν
917 5493 975 5546 δέ
1004 5493 1099 5546 καὶ
1128 5493 1285 5551 τοῦτο
1312 5494 1375 5547 τὸ
1396 5494 1521 5556 τοὺς
1541 5492 1895 5558 διδασκάλους
1917 5496 2157 5564 εἰσάγειν

593 5584 799 5655 σφόδρα
830 5582 1439 5655 πεπληροφορημένους,
1490 5584 1584 5637 καὶ
1634 5582 1795 5636 τοῦτο
1844 5586 2157 5651 δεικνύντας

589 5672 650 5723 οὐ
682 5673 772 5725 διά
802 5673 977 5741 λόγων
1008 5674 1189 5744 μόνον,
1223 5672 1361 5728 ἀλλά
1390 5675 1485 5727 καὶ
1520 5674 1588 5727 δι’
1621 5673 1804 5728 αὐτῶν
1855 5675 1965 5728 τῶν
2020 5694 2159 5745 πρα-

1296 427 1356 484 S.
1393 426 1679 485 JOANNIS
1716 424 2213 485 οηιιῖευετοιίι
2252 426 2574 486 ARCHIEP.
2596 429 3174 494 'CONSTANTINOP.

2240 547 2604 617 πεπείσμεθα·
2634 549 2755 603 οὐδὲ
2814 550 2965 623 [381]
3018 554 3127 625 γὰρ
3188 554 3351 625 ἤρκει
3406 554 3567 608 τοῦτο
3628 556 3820 608 πεῖσαι

2241 637 2423 706 μόνον·
2448 638 2585 692 ἀλλά
2611 641 2706 692 καὶ
2730 640 2830 709 τὴν
2859 640 2951 693 διά
2991 640 3101 693 τῶν
3154 643 3496 713 πραγμάτων
3542 642 3822 706 ἀπόδειξιν

2238 728 2559 797 παρέχεται·
2586 730 2660 792 ὡς
2687 730 2753 783 ἀν
2784 731 2833 782 ει
2862 730 3289 800 ἐλεγε,⁹Ρήμασι
3317 734 3495 787 ταῦτα
3522 736 3816 803 ὁμολογεῖν

2238 819 2390 872 οὐδὲν
2421 820 2551 882 ίσως
2574 821 2702 889 ὑμῖν
2732 820 2881 873 δοκεῖ
2909 820 3219 892 θαυμαστὸν
3248 818 3408 877 εἶναι·
3437 828 3487 878 ει
3509 825 3567 878 δέ
3599 829 3697 878 καὶ
3717 825 3820 896 τήν

2238 908 2345 962 ἀπὸ
2378 909 2487 961 τῶν
2513 909 2692 980 ἔργων
2719 911 2848 982 ὑμῖν
2882 913 3262 983 παράσχοιμεν
3309 914 3515 983 φωνὴν,
3567 923 3627 969 τί
3677 915 3819 986 πρὸς

2239 998 2394 1051 τοῦτο
2408 998 2601 1078 ὶὲχοιτε
2640 1003 2953 1066 ἀντειπεῖν;
3000 1002 3295 1056 ’Δκούσατε
3323 1004 3527 1066 τοίνυν.
3560 1006 3680 1068 πῶς
3716 1006 3816 1059 καὶ

2238 1086 2325 1140 διὰ
2346 1089 2455 1139 τῶν
2476 1088 2742 1142 κινδύνων
2787 1090 2962 1143 ταῦτα
3002 1090 3126 1144 καθ’
3172 1092 3411 1162 ἑκάστην
3438 1092 3819 1163 ὁμολογοῦμεν

2237 1177 2335 1246 τήν
2363 1179 2598 1247 ἡμέραν,
2631 1179 2745 1232 Kal
2770 1180 2871 1232 οὒκ
2898 1176 3256 1248 εῖπεν,Ἐγὼ,
3290 1180 3429 1245 ἀλλ’,
3459 1180 3673 1249 Ἡμεῖς,
3708 1197 3821 1233 πα-

2242 1268 2602 1337 ραλαμϐάνων
2652 1270 2863 1333 πάντας
2918 1271 3054 1341 ὁμοῦ
3117 1273 3243 1333 τοὺς
3304 1271 3659 1334 ἀποστόλους,
3721 1270 3820 1325 καὶ

2237 1356 2412 1428 ταύτῃ
2438 1359 2747 1428 μετριάζων
2770 1376 2830 1412 τε
2863 1361 2959 1415 καὶ
2988 1362 3300 1427 ἀξιόπιστον
3324 1363 3494 1417 ποιῶν
3514 1363 3604 1415 τὸν
3632 1362 3817 1428 λόγον.

2239 1443 2308 1495 Τί
2332 1444 2440 1514 γάρ
2471 1444 2537 1497 ἂν
2564 1444 2739 1515 ἔχοιτε
2774 1449 2985 1515 είπεῖν;
3017 1452 3099 1503 ὅτι
3122 1452 3428 1522 ἀπατῶμεν
3458 1453 3604 1523 ὑμᾶς
3634 1450 3816 1504 ταῦτα

2240 1533 2621 1603 κηρύττοντες,
2661 1538 2755 1589 καὶ
2798 1536 3105 1605 κενοδοξίας
3145 1541 3332 1594 ἕνεκεν
3370 1542 3821 1611 δογματίζομενς

2252 1623 2391 1676 Ἀλλ’
2421 1625 2521 1679 οὐκ
2567 1627 2698 1679 ἐῶσι
2748 1626 2921 1683 ταῦτα
2972 1631 3303 1699 ψηφίζεσθαι
3358 1634 3409 1685 οἱ
3446 1633 3699 1687 κίνδυνοι·
3734 1633 3822 1694 τίς

2240 1713 2349 1783 γάρ
2373 1714 2439 1768 ἀν
2462 1716 2633 1770 ἕλοιτο
2658 1718 2990 1773 κινδυνεύειν
3025 1720 3290 1789 διηνεκῶς
3327 1722 3449 1790 είκῆ
3475 1724 3571 1776 καὶ
3604 1724 3818 1792 μάτην;

2240 1805 2332 1855 Διὸ
2360 1805 2456 1857 καὶ
2497 1806 2672 1873 ἐλεγε-
2709 1808 2771 1860 Tt
2804 1810 2899 1860 καὶ
2938 1810 3110 1876 ἡμεῖς
3147 1811 3579 1879 κινδυνεύομεν
3609 1813 3823 1866 πᾶσαν

2238 1891 2432 1959 ὦραν;
2468 1895 2531 1946 Εἰ
2557 1895 2667 1963 γὰρ
2695 1897 2789 1947 καὶ
2824 1896 2997 1948 ἐλοιτό
3024 1914 3108 1959 τις
3156 1898 3244 1949 διὰ
3298 1901 3627 1966 κενοδοξίαν,
3669 1898 3828 1963 ἅπαξ

2240 1982 2334 2033 καὶ
2361 1981 2609 2051 δεύτερον
2634 1981 2792 2035 τοῦτο
2822 1984 3133 2053 αἱρήσεται,
3163 1985 3283 2055 οὐχὶ
3329 1990 3507 2040 πάντα
3538 1990 3631 2041 τὸν
3678 1991 3822 2058 βίον,

2242 2071 2493 2140 καθάπερ
2543 2073 2725 2141 ἡμεῖς·
2757 2074 2920 2141 ἡμεῖς
2970 2073 3081 2142 γάρ
3130 2075 3227 2144 τὴν
3285 2074 3429 2145 ζωην
3481 2077 3702 2131 ἀπασαν
3739 2081 3823 2141 είς

2240 2160 2400 2213 τοῦτο
2448 2160 2925 2230 κατεστησάμεθα.
2985 2164 3123 2216 Καθ’
3151 2161 3379 2230 ἡμέραν
3430 2165 3824 2230 ἀποθνήσκω,

2239 2249 2320 2319 νὴ
2351 2250 2467 2317 τὴν
2492 2249 2784 2319 ὑμετέραν
2833 2253 3158 2319 καύχησιν,
3190 2253 3271 2321 ἢν
3302 2254 3422 2321 ἔχω
3466 2255 3536 2307 ἐν
3585 2255 3823 2322 Χριστῷ

2254 2342 2479 2407 Ἰησοῦ·
2515 2345 2785 2411 καύχησιν
2816 2343 3051 2395 ἐνταῦθα
3080 2344 3179 2412 τὴν
3201 2343 3384 2396 αὐτῶν
3406 2346 3694 2412 προκοπὴν
3729 2343 3825 2396 λέ-

2239 2446 2373 2498 γων.
2414 2431 2631 2501 Ἐπειδὴ
2665 2431 2776 2499 γὰρ
2828 2431 3059 2494 πολλοὺς
3121 2432 3291 2496 ἔδειξε
3346 2434 3475 2495 τοὺς
3532 2433 3823 2495 κινδύνους

2240 2520 2418 2581 δντας,
2446 2519 2531 2571 ἵνα
2564 2520 2639 2587 μὴ
2674 2518 2801 2589 δόξῃ
2830 2524 2905 2580 ὡς
2934 2520 3339 2589 ἀποδυρόμενος
3380 2521 3556 2575 ταῦτα
3611 2522 3822 2590 λέγειν,

2241 2610 2317 2663 Οὐ
2345 2609 2505 2678 μόνον
2530 2610 2644 2662 οὐκ.
2658 2610 2828 2676 ἀλγῶ,
2854 2610 3041 2678 φησὶν,
3073 2609 3208 2662 ἀλλὰ
3258 2612 3352 2662 καὶ
3400 2614 3691 2683 καυχῶμαι
3740 2612 3825 2682 τῷ

2240 2698 2412 2751 ταῦτα
2439 2700 2670 2769 πάσχειν
2697 2700 2837 2769 ὑπὲρ
2872 2699 3048 2769 ὑμῶν.
3103 2699 3275 2769 Διπλῆ
3322 2700 3378 2751 δέ
3426 2702 3826 2771 ἐναϐρύνεσθαε

2243 2807 2395 2857 φησι,
2430 2792 2524 2842 καὶ
2578 2789 2659 2859 τῷ
2692 2790 2759 2842 δι’
2786 2791 2985 2853 αὐτοὺς
3037 2790 3392 2855 κινδυνεύειν,
3455 2792 3656 2862 καὶτῷ
3684 2795 3828 2864 ὁρᾷν

2240 2881 2437 2943 αὐτοὺς
2487 2880 2840 2941 ἐπιδιδόντας.
2875 2875 3008 2933 Εῖτα
3061 2882 3122 2933 τὸ
3156 2882 3303 2950 αὐτῷ
3361 2882 3588 2952 σύνηθες
3624 2885 3825 2947 ποιῶν,

2242 2970 2430 3039 ἐπειδὴ
2470 2970 2680 3039 μεγάλα
2706 2969 3031 3037 ἐφθέγξατο,
3065 2973 3353 3042 ἀμφότερα
3406 2972 3689 3039 ἀνατίθησι
3745 2973 3829 3039 τῷ

2242 3059 2479 3129 Χριστῷ.
2502 3060 2627 3121 Πῶς
2649 3060 2705 3112 δὲ
2722 3060 3059 3129 ἀποθνήσκει
3084 3060 3207 3113 καθ’
3226 3062 3463 3129 ἑκάστην
3480 3061 3717 3131 ήμέραν;
3742 3062 3825 3129 Τῇ

2243 3148 2521 3217 προθυμίᾳ.
2538 3149 2630 3200 καὶ
2646 3146 2723 3216 τῷ
2744 3147 3184 3216 παρεσκευάσθαι
3204 3147 3337 3215 πρὸς
3352 3147 3529 3199 τοῦτο.
3551 3146 3661 3198 Kal
3680 3145 3830 3207 τίνος

2243 3241 2427 3293 ἕνεκεν
2455 3239 2628 3293 ταῦτα
2662 3238 2839 3305 λέγει;
2878 3238 3045 3293 Πάλιν
3068 3238 3160 3292 τὸν
3194 3239 3322 3307 περὶ
3350 3238 3450 3307 τῆς
3475 3238 3831 3299 ἀναστάσεως

2244 3335 2338 3391 καὶ
2370 3332 2457 3384 διὰ
2491 3330 2698 3383 τούτων
2745 3327 3176 3391 κατασκευάζων
3227 3328 3405 3395 λόγον.
3456 3329 3553 3389 Τίς
3595 3329 3705 3397 γὰρ
3759 3328 3831 3379 ἂν

2244 3424 2439 3484 ἕλοιτο,
2466 3422 2617 3489 φησὶ,
2650 3421 2937 3481 τοσούτους
2968 3419 3259 3488 ὑπομένειν
3287 3418 3569 3478 θανάτους,
3591 3418 3837 3469 ἀναστάι

2248 3533 2383 3575 σεως
2435 3514 2535 3565 οὐκ
2567 3512 2733 3580 οὔσης
2779 3511 2901 3563 οὐδὲ
2958 3508 3104 3579 ζωῆς
3141 3511 3277 3579 μετὰ
3307 3509 3513 3574 ταῦτα;
3544 3510 3606 3560 El
3637 3510 3750 3577 γὰρ
3780 3510 3831 3560 ot

2246 3604 2594 3667 πιστεύοντες
2624 3606 2689 3673 τῇ
2715 3604 3035 3661 ἀναστάσει.
3075 3602 3227 3670 μόλις
3256 3601 3321 3655 ἀν
3342 3602 3483 3668 ὑπὲρ
3510 3601 3681 3669 αὐτῆς
3713 3619 3836 3653 κιν-

2245 3695 2581 3757 δυνεύσαιεν,
2611 3695 2659 3745 εί
2697 3692 2773 3762 μὴ
2808 3693 3013 3761 σφόδρα
3050 3688 3162 3745 εἶεν
3186 3694 3443 3758 γενναῖοι·
3473 3690 3653 3759 πολλῷ
3691 3690 3834 3757 μᾶλ-

2246 3787 2335 3839 λον
2380 3788 2409 3838 ό
2454 3784 2527 3855 μὴ
2559 3782 2852 3844 πιστεύων,
2889 3782 3074 3851 φησὶν,
3105 3782 3205 3835 οὐκ
3238 3782 3305 3834 ἀν
3330 3782 3505 3835 ἕλοιτο
3535 3781 3835 3843 τοσούτους

2247 3874 2539 3943 ὑπομένειν
2584 3870 2866 3933 θανάτους,
2920 3870 3015 3922 καὶ¹
3064 3870 3207 3922 οὕτω
3248 3870 3541 3939 χαλεπούς.
3574 3870 3684 3921 Καὶ
3717 3868 3836 3939 γάρ

2248 3966 2388 4020 κατά
2415 3964 2607 4035 μικρὸν
2638 3963 2738 4031 ὅρα
2768 3962 2942 4028 πόσην
2966 3963 3200 4012 ποιεῖται
3223 3960 3321 4028 τὴν
3350 3958 3599 4028 αὔξησιν.
3638 3955 3832 4023 Εἶπεν,

2248 4058 2331 4110 ὅτι
2357 4054 2821 4121 Κινδυνεύομεν,
2869 4050 3230 4119 προσέθηκεν,
3263 4051 3346 4102 ὅτι
3388 4046 3602 4103 Πᾶσαν
3641 4046 3834 4113 ὤραν,

2250 4143 2664 4209 εἵτα,δτιΚαθ’
2720 4142 2971 4209 ἡμέραν,
3025 4136 3165 4202 εἶτα,
3220 4141 3301 4192 οτι
3350 4140 3438 4203 οὐ,
3492 4138 3835 4201 Κινδυνεύω,

2252 4238 2434 4306 μόνον,
2476 4234 2665 4301 φησὶν,
2711 4229 2847 4281 ἀλλά
2890 4228 3007 4290 καὶ,
3044 4228 3423 4297 ’Δποθνήσκω.
3474 4228 3726 4281 Δείκνυσι
3767 4228 3839 4301 δὴ

2249 4324 2433 4376 λοιπὸν
2460 4323 2553 4374 καὶ
2580 4321 2858 4381 ποταποὺς
2886 4317 3170 4380 θανάτους.
3194 4316 3337 4370 οὕτω
3360 4318 3555 4385 λέγων·
3582 4321 3651 4371 El
3679 4320 3836 4371 κατὰ

2248 4414 2565 4481 ἄνθρωπον
2613 4409 3062 4480 ἐθηριομάχησα
3113 4410 3184 4463 ἐν
3232 4410 3483 4477 Ἐφέσῳ,
3514 4410 3574 4461 τί
3613 4426 3717 4476 μοι
3766 4409 3840 4462 τὸ

2252 4508 2473 4576 ὕφαλος
2488 4520 2509 4569 ;

2320 4610 2392 4668 γ’.
2433 4598 2500 4651 Τί
2531 4599 2700 4663 ἐστιν,
2742 4595 2813 4648 El
2849 4592 3001 4645 κατά
3045 4589 3397 4655 ἇνθρωπον;
3434 4590 3599 4643 Ὀσον
3635 4589 3696 4643 τὸ
3750 4591 3839 4652 είς

2253 4688 2574 4758 ἀνθρώπους
2600 4682 2755 4758 ἧκον,
2798 4680 3233 4751 ἐθηριομάχησα.
3263 4678 3329 4731 Τί
3368 4680 3497 4751 γὰρ,
3534 4682 3583 4733 εί
3626 4683 3655 4734 6
3698 4680 3838 4741 Θεδς

2254 4776 2530 4845 ἐξήρπασέ
2563 4792 2629 4845 με
2660 4772 2769 4824 τῶν
2797 4770 3091 4835 κινδύνων;
3134 4770 3295 4823 Ὠστε
3331 4773 3359 4823 6
3404 4770 3646 4840 μάλιστα
3692 4770 3835 4837 ὑπὲρ

2253 4867 2455 4917 τούτων
2502 4861 2729 4932 ὀφείλων
2781 4861 3074 4931 μεριμνᾷν,
3125 4858 3235 4927 ἐγώ
3291 4863 3408 4928 είμι
3459 4862 3489 4912 6
3543 4857 3837 4919 τοσούτους

2256 4953 2533 5014 κινδύνους
2560 4949 2866 5019 ὑπομένων,
2918 4952 3014 5005 καὶ
3068 4950 3339 5020 μηδεμιαν
3390 4948 3618 5017 μηδέπω
3649 4943 3838 4998 λαϐὼν

2256 5043 2512 5113 ἀμοιϐήν.
2546 5042 2609 5094 El
2644 5041 2752 5112 γάρ
2787 5041 2863 5113 μὴ
2904 5042 3266 5112 παραγίνεται
3296 5040 3327 5090 6
3365 5036 3469 5104 τῆς
3507 5035 3837 5098 ἀντιδόσεως

2257 5133 2466 5204 καιρὸς,
2492 5132 2627 5187 ἀλλά
2661 5133 2821 5204 μέχρι
2848 5132 2945 5186 τοῦ
2975 5131 3246 5201 παρόντος
3271 5126 3341 5180 τά
3358 5126 3608 5194 ἡμέτερα
3636 5127 3838 5193 συγκέ-

2257 5225 2521 5287 κλεισται,
2548 5226 2708 5295 ἡμεῖς
2729 5226 2788 5278 ἐν
2820 5222 3028 5293 μείζονι
3062 5217 3237 5288 ζημίᾳ
3262 5217 3448 5285 ἐσμέν.
3500 5214 3694 5286 Ὑμεῖς
3734 5218 3836 5287 μὲν

2257 5316 2364 5383 γὰρ
2393 5316 2689 5379 ἀκινδύνως
2738 5312 3117 5371 ἐπιστεύσατε,
3151 5309 3311 5379 ἡμεῖς
3349 5306 3409 5359 δὲ
3449 5307 3573 5361 καθ’
3594 5310 3838 5379 ἑκάστην

2259 5405 2605 5476 σφαττόμεθα
2636 5405 2736 5476 τὴν
2777 5402 3013 5473 ἡμέραν.
3055 5398 3243 5453 Ταῦτα
3272 5397 3328 5451 δὲ
3359 5399 3579 5453 ἃπαντα
3621 5401 3834 5467 ἔλεγεν.

2254 5499 2356 5552 οὐκ
2388 5495 2574 5565 ἐπειδὴ
2598 5497 2699 5549 οὐκ
2722 5490 2869 5563 εῖχεν
2890 5488 3081 5557 δφελος
3108 5490 3202 5542 καὶ
3223 5490 3280 5543 ἐν
3302 5490 3452 5562 αὑτῷ
3477 5490 3553 5561 τῷ
3578 5490 3836 5559 πάσχειν,

2258 5587 2391 5640 ἀλλά
2414 5586 2502 5639 διά
2526 5585 2627 5655 τὴν
2655 5583 2763 5638 τῶν
2792 5579 3004 5634 πολλῶν
3033 5580 3336 5648 ἀσθένειαν,
3360 5583 3454 5637 καὶ
3475 5581 3617 5636 ὥστε
3635 5578 3839 5640 αὐτοὺς

2260 5679 2339 5742 είς
2374 5676 2467 5729 τὸν
2493 5676 2621 5745 περὶ
2654 5673 2753 5743 τῆς
2804 5670 3153 5738 ἀναστάσεως
3369 5674 3621 5745 στηρίξαι
3648 5670 3832 5737 λόγον·

589 5764 833 5830 γμάτων.
855 5765 952 5820 Διά
975 5765 1040 5838 δὴ
1059 5764 1217 5819 τοῦτο
1250 5765 1310 5820 ού
1344 5764 1491 5834 λέγει
1521 5764 1727 5843 ἁπλῶς,
1757 5766 1839 5819 ὄτι
1860 5766 1968 5821 Kal
2000 5768 2162 5838 ἡμεῖς
2263 5767 2361 5822 οὐκ
2381 5768 2566 5839 ἐπειδὴ
2594 5763 2753 5829 αὐτὸς
2776 5762 2865 5817 ἐτιί
2888 5764 3065 5837 μισθῷ
3097 5765 3334 5839 ἔτρεχεν·
3357 5763 3601 5838 ἀρκοῦσα
3631 5760 3742 5831 γὰρ
3769 5757 3842 5833 ἦν
