4066 6348
181 420 303 479 ω

185 535 475 606 principes
494 541 673 589 autem
701 538 758 588 et
782 543 957 602 reges,
984 528 1194 586 etiamsi
1220 530 1491 585 dimittant
1517 536 1571 584 et
1594 530 1776 584 absol-

182 636 327 680 vant
346 624 620 679 adulteros
641 631 697 677 et
722 620 1018 677 homicidas
1035 661 1054 686 ,
1079 634 1110 674 a
1134 619 1383 689 prtesenti
1406 618 1618 688 quidem
1646 620 1779 673 libe-

179 724 321 770 rant
344 714 628 785 supplicio,
649 726 835 769 eorum
857 720 1036 767 autem
1062 719 1337 780 peccatmn
1359 723 1463 764 non
1485 709 1777 764 emundant

176 813 244 859 et
293 805 545 874 expiant;
592 810 649 859 et
689 803 735 858 si
780 802 1030 857 dimissos
1070 800 1283 870 quidem
1326 800 1667 868 provexerint
1707 797 1775 853 ad

175 896 569 965 magistratus,
600 904 655 948 et
677 893 762 949 vel
790 894 903 962 ipsa
933 891 1203 947 induerint
1231 902 1459 958 purpura
1484 929 1500 953 ,
1528 898 1582 943 et
1608 890 1777 957 impo-

176 985 404 1039 suerint
437 983 517 1040 eis
552 982 830 1046 diadema;
874 995 1029 1051 reges
1065 980 1280 1049 quidem
1319 978 1397 1033 sic
1434 977 1713 1042 fecerunt,
1742 992 1775 1033 a

176 1074 430 1143 peccatis
455 1082 633 1129 autem
660 1088 765 1128 non
795 1072 1087 1127 liberarunt
1116 1086 1130 1125 :
1159 1069 1305 1123 solus
1332 1069 1475 1123 enim
1506 1070 1643 1123 Deus
1672 1068 1774 1123 hoc

175 1164 338 1218 facit.
370 1163 521 1229 Quod
555 1162 769 1233 quidem
805 1168 1057 1228 operatur
1087 1159 1140 1212 in
1182 1157 1393 1211 lavacro
1415 1158 1775 1227 regeneratio-

177 1254 274 1308 nis
302 1270 317 1307 :
342 1254 512 1324 ipsam
540 1254 682 1308 enim
711 1252 943 1306 animam
974 1250 1139 1319 tangit
1167 1251 1333 1318 gratia
1352 1288 1369 1313 ,
1398 1258 1453 1303 et
1476 1248 1620 1304 illinc
1645 1262 1775 1318 pec-

175 1357 372 1399 catum
401 1344 585 1401 evellit
621 1343 895 1400 radicitus.
938 1342 1223 1411 Propterea
1253 1342 1371 1409 ejus
1398 1339 1611 1410 quidem
1636 1382 1652 1407 ,
1680 1341 1771 1412 qui

173 1448 270 1491 est
299 1438 553 1492 dimissus
578 1450 610 1489 a
641 1450 768 1505 rege
791 1476 807 1499 ,
837 1433 1106 1488 sordidam
1134 1431 1315 1486 videre
1346 1432 1469 1486 licet
1496 1432 1727 1486 animam
1753 1448 1767 1486 :

174 1527 308 1595 ejus
345 1536 522 1582 autem
560 1526 651 1596 qui
694 1536 775 1580 est
814 1525 1107 1593 baptizatus
1130 1561 1148 1585 ,
1176 1522 1434 1587 minime,
1463 1522 1557 1577 sed
1596 1523 1770 1592 ipsum

172 1618 319 1672 solis
340 1616 508 1672 radiis
531 1618 821 1685 puriorem,
843 1622 899 1668 et
918 1613 1087 1682 qualis
1110 1611 1205 1665 fuit
1225 1620 1478 1680 generata
1496 1613 1566 1667 ab
1585 1612 1767 1680 initio;

173 1705 297 1759 imo
327 1719 462 1758 vero
488 1704 577 1758 illa
615 1717 827 1772 quoque
863 1702 1022 1770 longe
1060 1701 1335 1755 meliorem
1364 1717 1379 1753 :
1405 1699 1599 1755 fruitur
1626 1702 1767 1756 enim

172 1795 390 1863 Spiritu
424 1795 517 1864 qui
558 1809 675 1849 eam
701 1793 849 1847 omni
876 1807 946 1846 ex
983 1797 1133 1861 parte
1174 1789 1501 1854 inflammat,
1529 1799 1583 1846 et
1609 1800 1770 1862 auget

170 1886 546 1941 sanctitatem.
575 1886 642 1940 Et
663 1886 803 1938 sicut
826 1899 1014 1938 aurum
1040 1891 1132 1937 aut
1154 1892 1431 1953 argentum
1456 1882 1766 1949 refundens,

174 1994 381 2049 purum
406 1987 462 2032 et
486 1992 681 2032 novum
710 1976 839 2030 facis
862 1975 1039 2030 denuo
1066 1989 1081 2027 :
1109 1974 1181 2027 ita
1204 1974 1363 2028 etiam
1391 1972 1619 2042 Spiritus
1644 1987 1769 2029 san-

169 2079 301 2124 ctus
326 2070 379 2123 in
409 2068 670 2137 baptismo
697 2076 961 2134 tamquam
990 2066 1043 2117 in
1069 2064 1285 2118 fornace
1309 2078 1427 2116 eam
1454 2062 1764 2129 refundens,

168 2174 231 2215 et
276 2170 494 2229 peccata
533 2172 857 2213 consumens
880 2196 896 2220 ,
938 2154 1099 2208 efﬁcit
1138 2164 1197 2207 ut
1236 2155 1427 2223 quovis
1459 2164 1596 2207 sum
1634 2167 1767 2222 puro

168 2251 371 2319 purius
420 2248 640 2317 fulgeat.
694 2246 931 2313 itemque
978 2256 1265 2313 corporum
1314 2243 1765 2297 resurrectionem

169 2340 309 2392 hinc
336 2352 549 2407 quoque
589 2349 774 2391 rursus
822 2334 914 2388 tibi
960 2334 1083 2388 facit
1122 2344 1242 2387 esse
1270 2331 1602 2387 credibilem.
1631 2332 1763 2385 Nam

168 2431 434 2496 quoniam
478 2438 753 2496 peccatum
793 2434 1016 2479 mortem
1046 2424 1264 2489 intulit,
1296 2423 1557 2477 exsiccata
1585 2424 1766 2478 radice

170 2526 288 2572 non
315 2528 403 2573 est
426 2518 655 2585 amplius
676 2514 1022 2570 dubitandum
1049 2513 1117 2568 de
1140 2512 1343 2568 fructus
1368 2513 1604 2567 interitu.
1632 2513 1767 2567 Pro-

170 2619 363 2677 pterea
391 2621 513 2660 cum
544 2607 690 2675 prius
718 2605 948 2659 dixisses
978 2604 1347 2657 remissionem
1383 2611 1720 2670 peccaton
1747 2644 1762 2669 ,

172 2709 309 2750 tunc
328 2693 606 2749 conﬁteris
625 2694 784 2747 etiam
808 2704 1138 2745 mortuorum
1160 2691 1622 2754 resurrectionem,
1645 2693 1767 2745 hinc

168 2788 242 2841 ad
275 2785 405 2839 illud
426 2784 706 2838 deductus.
733 2781 930 2835 Deinde
951 2782 1199 2850 quoniam
1226 2796 1332 2833 non
1354 2781 1548 2835 sufﬁcit
1569 2796 1763 2835 nomen

170 2875 593 2933 resurrectionis
612 2873 677 2927 ad
697 2874 1004 2926 universum
1022 2871 1408 2926 ostendendum
1428 2872 1598 2941 (multi
1619 2875 1761 2927 enim

169 2968 270 3035 qui
300 2973 706 3019 resurrexerant
730 2978 915 3017 rursus
941 2972 1307 3022 excesserunt,
1334 2972 1391 3015 ut
1414 2964 1500 3032 qui
1532 2979 1765 3018 resurre-

170 3066 379 3111 xeruut
409 3056 460 3109 in
487 3054 687 3117 Veteri,
716 3063 773 3107 ut
798 3054 1049 3117 Lazarus,
1080 3062 1136 3106 ut
1160 3057 1248 3121 qui
1282 3063 1520 3122 tempore
1545 3054 1761 3124 erucis),

169 3148 331 3216 jubet
353 3146 536 3200 dicere
558 3184 574 3209 ,
602 3145 669 3199 Et
696 3145 747 3197 in
777 3145 936 3196 vitam
969 3155 1223 3198 mtemam
1249 3184 1263 3206 ,
1298 3158 1363 3196 ne
1392 3146 1509 3212 quis
1538 3147 1765 3212 amplius

172 3238 484 3305 suspicetur
526 3242 752 3289 mortem
799 3246 920 3303 post
965 3235 1430 3289 resurrectionem.
1469 3235 1599 3289 Haec
1636 3253 1764 3306 ergo

173 3329 344 3382 verba
378 3328 429 3379 in
460 3328 769 3380 memoriam
802 3340 1058 3379 revocans
1089 3325 1283 3379 Paulus
1311 3326 1441 3380 dicit
1473 3345 1485 3378 :
1518 3328 1655 3393 Quid
1685 3335 1765 3398 fa-

175 3421 313 3471 cient
350 3419 437 3487 qui
474 3418 793 3485 baptizantur
828 3433 919 3484 pro
960 3417 1203 3468 mortuis?
1240 3416 1371 3469 Nam
1409 3416 1454 3470 si
1494 3432 1598 3471 non
1639 3428 1721 3473 est
1744 3461 1761 3486 ,

174 3508 356 3577 inquit
376 3548 391 3572 ,
423 3505 761 3568 resurrectio,
794 3505 905 3558 Ι)ωο
933 3506 1091 3558 verba
1125 3507 1279 3573 plane
1307 3517 1432 3559 sunt
1460 3507 1615 3561 ludus
1642 3523 1763 3564 sce-

177 3604 353 3655 nicos.
384 3600 441 3654 Si
469 3613 573 3652 non
597 3608 679 3651 est
704 3597 1055 3662 resurrectio,
1081 3597 1350 3665 quomodo
1374 3599 1452 3652 eis
1478 3598 1763 3654 suademus

177 3701 242 3746 ut
269 3688 496 3743 credant
522 3701 641 3755 qum
670 3701 775 3739 non
805 3686 1030 3740 damus?
1059 3695 1117 3739 ut
1145 3686 1189 3737 si
1226 3686 1346 3754 quis
1378 3688 1573 3755 jubens
1601 3689 1765 3744 edere

184 3778 497 3835 schedulam
551 3775 691 3845 quod
746 3775 848 3830 hoc
901 3785 957 3830 et
1009 3775 1139 3829 illud
1193 3778 1495 3844 acceperit,
1546 3779 1764 3834 minime

180 3870 393 3926 dederit
433 3884 554 3938 quas
597 3868 653 3921 in
696 3882 761 3921 ea
805 3868 1001 3937 scripta
1040 3876 1201 3933 sunt;
1248 3868 1439 3922 deinde
1486 3878 1763 3938 postquam

180 3961 487 4029 subscripta
530 3958 689 4013 fuerit
727 3957 1020 4024 schedula,
1064 3958 1247 4026 exigat
1288 3973 1406 4027 quae
1448 3958 1499 4011 in
1538 3973 1599 4012 ea
1641 3968 1765 4014 sunt

178 4050 401 4119 sc'ripta.
429 4048 565 4114 Quid
586 4049 729 4102 enim
750 4048 819 4102 de
837 4058 1034 4102 castero
1061 4047 1219 4101 faciet
1242 4048 1285 4101 is
1298 4049 1395 4118 qui
1417 4048 1761 4117 subscripsit,

178 4158 303 4196 cuin
332 4155 394 4195 se
418 4140 631 4210 quidem
659 4139 955 4193 debitorem
983 4140 1340 4203 constituerit,
1369 4155 1475 4194 non
1502 4142 1766 4210 acceperit

177 4241 361 4286 autem
388 4245 454 4284 ea
477 4245 597 4298 qua:
625 4228 903 4283 confessus
932 4237 1013 4282 est
1042 4244 1102 4281 se
1126 4230 1437 4297 accepisse?
1482 4229 1594 4284 Hoc
1623 4230 1761 4283 enim

180 4322 268 4377 hic
292 4334 507 4390 quoque
530 4319 659 4372 dicit
681 4319 749 4372 de
773 4320 837 4371 iis
860 4318 949 4386 qui
972 4319 1309 4386 baptizantur
1333 4335 1347 4370 :
1370 4319 1505 4385 Quid
1534 4320 1760 4386 facient,

179 4413 429 4483 inquies,
457 4410 546 4478 qui
572 4410 945 4478 baptizantur,
973 4407 1062 4476 qui
1092 4408 1521 4475 subscripserunt
1548 4410 1762 4476 quidem

179 4502 632 4559 resurrectionem
659 4509 988 4553 mortuorum
1018 4512 1303 4566 corporum
1322 4537 1339 4562 ,
1366 4513 1472 4551 non
1503 4500 1766 4569 recipiunt

179 4605 363 4649 autem
383 4634 400 4659 ,
432 4592 526 4647 sed
556 4591 929 4661 decipiuntur?
959 4588 1082 4659 quid
1112 4589 1330 4643 omnino
1357 4598 1472 4643 erat
1500 4605 1635 4658 opus
1664 4590 1764 4647 hac

178 4686 523 4743 confessione
541 4723 558 4749 ,
589 4685 634 4738 si
676 4698 765 4738 res
792 4697 898 4737 non
927 4680 1289 4751 sequebatur?
1314 4679 1403 4734 50.
1440 4680 1571 4745 Quid
1600 4691 1647 4735 et
1673 4699 1765 4738 nos

181 4777 533 4847 periclitamur
559 4775 697 4828 omni
735 4775 902 4827 liora?
943 4773 1034 4827 51.
1065 4770 1300 4835 Quotidie
1336 4770 1526 4823 πων-ἔον
1561 4782 1765 4841 prapter

180 4881 401 4921 uestram
441 4864 693 4934 gloriam,
721 4880 874 4934 quam
916 4863 1073 4915 habeo
1110 4863 1166 4913 ia
1209 4860 1407 4913 Christo
1444 4859 1590 4915 λεια.
1638 4863 1765 4917 Vide

182 4970 375 5012 rursus
403 4954 670 5009 undeuam
697 4954 893 5023 dogma
931 4952 1269 5024 aggrediatur
1310 4954 1536 5019 probare
1558 4993 1574 5017 ,
1605 4970 1636 5008 a
1665 4968 1766 5009 suo

183 5047 471 5118 suffragio;
496 5046 605 5099 imo
628 5060 754 5100 vero
778 5060 882 5099 non
908 5048 1078 5099 solum
1104 5058 1220 5110 suo,
1243 5043 1334 5098 sed
1356 5044 1516 5098 etiam
1540 5054 1764 5101 caetero-

184 5155 305 5196 rum
326 5138 710 5208 apostolorum.
736 5138 831 5191 Est
848 5146 1023 5193 mrtem
1045 5136 1145 5191 hoc
1164 5149 1373 5206 quoque
1394 5150 1496 5189 non
1522 5150 1761 5203 panum,

185 5230 459 5286 adducere
495 5230 743 5286 doctores
785 5230 875 5300 qui
914 5229 980 5283 de
1017 5242 1083 5283 eo
1110 5228 1263 5281 valde
1292 5234 1493 5280 certam
1536 5226 1768 5281 habeant

186 5318 591 5391 persuasionem
615 5359 632 5385 ,
662 5328 719 5374 et
750 5319 852 5373 hoc
889 5333 999 5373 non
1037 5319 1210 5372 solum
1236 5316 1417 5371 verbis
1441 5356 1457 5381 ,
1486 5316 1579 5369 sed
1602 5316 1765 5371 etiam

188 5411 353 5467 rebus
386 5409 693 5465 ostendant.
734 5411 1021 5480 Proper-ca
1052 5425 1157 5465 non
1185 5409 1321 5464 dicit
1352 5407 1595 5462 absolute
1616 5448 1632 5471 ,
1661 5408 1769 5464 Nos

187 5514 407 5572 quoque
448 5498 501 5554 id
550 5499 806 5555 habemus
848 5517 1190 5570 persuasum;
1234 5511 1409 5570 neque
1454 5500 1596 5555 enim
1640 5501 1771 5555 satis

186 5604 307 5650 erat
346 5593 451 5650 boc
475 5593 648 5648 solum
678 5592 1029 5662 persuadere;
1075 5595 1169 5650 sed
1198 5594 1357 5648 etiam
1385 5608 1481 5662 per
1508 5607 1597 5647 res
1626 5596 1767 5661 ipsas

186 5684 411 5741 exhibet
421 5684 930 5741 demonstrationem
951 5702 965 5737 :
989 5686 1213 5753 perinde
1237 5700 1300 5741 ac
1314 5685 1358 5738 si
1385 5685 1612 5739 diceret:
1633 5684 1768 5739 Ver-

190 5774 274 5833 bis
312 5775 430 5833 lucc
467 5776 711 5834 confiteri
746 5774 877 5832 nihil
910 5775 1060 5833 vobis
1098 5776 1235 5833 forte
1269 5777 1476 5833 videtur
1509 5792 1630 5834 esse
1660 5780 1764 5834 mi-

1250 416 1320 472 IN
1356 414 1570 474 EPIST.
1607 414 1632 472 l
1690 413 1785 473 AD
1817 410 1978 473 COR.
2018 415 2249 475 HOIIL
2284 412 2405 477 XL.

1881 530 2140 598 randum;
2178 536 2441 590 siautem
2479 534 2639 591 etiam
2673 550 2703 591 a
2740 530 2903 594 rebus
2928 539 3072 607 ipsis
3093 554 3282 601 vocem
3307 547 3460 606 vobis

1878 620 2267 689 exhibeamus,
2306 624 2433 694 quid
2479 624 2545 679 ad
2592 625 2708 682 hinc
2754 628 3001 697 poteritis
3049 633 3458 690 contradicere?

1879 706 2074 765 Audite
2094 726 2223 781 ergo
2242 714 2509 783 quomodo
2527 715 2685 769 etiam
2712 730 2806 784 per
2830 716 3064 787 pericula
3086 718 3201 777 haec
3217 724 3459 792 quotidie

1878 796 2248 856 conﬁteamur.
2275 803 2343 857 Et
2368 817 2477 859 non
2502 804 2671 870 dixit,
2701 804 2836 877 Ego,
2868 808 2993 873 sed,
3019 809 3150 875 Nos,
3179 826 3458 870 assumens

1878 902 2064 943 omnes
2092 891 2250 945 simul
2277 895 2570 962 apostolos,
2600 905 2655 951 et
2682 910 2743 951 ea
2775 900 2979 952 ratione
3002 901 3243 956 modeste
3268 917 3332 957 se
3359 920 3457 973 ge-

1878 991 2005 1032 rens
2026 1018 2042 1043 ,
2073 994 2137 1035 ac
2164 980 2269 1036 fide
2297 983 2513 1052 dignam
2554 987 2753 1041 faciens
2789 988 3107 1044 orationem.
3146 993 3280 1057 Quid
3311 996 3455 1049 enim

1875 1067 2056 1125 dicere
2095 1072 2417 1140 potueritis?
2444 1076 2583 1144 quod
2619 1090 2715 1131 vos
2750 1077 3080 1149 decipiemus
3116 1080 3231 1136 bare
3258 1085 3453 1152 pradi-

1876 1168 2095 1226 cantos,
2140 1171 2195 1216 et
2248 1170 2464 1233 propter
2518 1165 2729 1220 inanem
2770 1168 2994 1237 gloriam
3049 1168 3165 1225 haec
3205 1171 3453 1241 dogmata

1874 1253 2209 1308 statuamus?
2254 1254 2361 1310 Sed
2402 1255 2537 1310 hanc
2576 1258 2895 1312 sententiam
2933 1258 3078 1315 ferre
3120 1277 3228 1317 non
3272 1264 3454 1318 sinunt

1874 1342 2109 1409 pericula
2138 1361 2153 1396 :
2182 1345 2304 1413 quis
2340 1345 2481 1400 enim
2522 1360 2615 1401 sua
2659 1358 2849 1417 sponte
2887 1349 3118 1407 voluerit
3160 1353 3357 1409 frustra
3395 1367 3452 1410 et

1872 1439 2077 1487 temere
2103 1432 2252 1489 adire
2279 1436 2553 1504 pericula?
2584 1437 2652 1491 Et
2690 1438 2811 1493 ideo
2836 1440 3085 1504 dicebat,
3120 1442 3258 1510 Quid
3282 1456 3330 1499 et
3359 1462 3452 1507 nos

1872 1522 2218 1588 periclitetur
2243 1528 2380 1581 omni
2410 1527 2575 1583 hom!
2616 1528 2747 1583 Nam
2774 1539 2830 1586 et
2870 1533 2913 1586 si
2940 1534 3071 1602 quis
3088 1544 3307 1603 prepter
3334 1538 3451 1591 ina-

1871 1626 1993 1665 nem
2017 1613 2238 1681 gloriam
2259 1615 2369 1671 ltoc
2388 1626 2484 1671 sua
2509 1629 2701 1688 sponte
2724 1621 2965 1690 elegerit,
2992 1625 3157 1679 semel
3177 1636 3232 1680 et
3258 1627 3450 1683 iterum

1869 1702 1972 1756 hoc
2008 1702 2200 1769 faciet,
2233 1720 2341 1761 non
2383 1712 2527 1763 omni
2567 1718 2811 1780 tempore
2842 1714 2980 1767 sicut
3011 1730 3108 1770 nos
3135 1733 3151 1769 :
3179 1732 3277 1774 nos
3305 1722 3446 1775 enim

1870 1799 2035 1846 totam
2062 1793 2225 1847 vitam
2266 1795 2389 1850 huic
2427 1798 2504 1850 rei
2534 1798 2851 1855 addicimus.
2885 1803 3122 1869 Quotidie
3147 1809 3335 1861 morior
3361 1827 3453 1880 per

1868 1892 2079 1936 vestram
2116 1885 2468 1953 gloriatiouem
2491 1928 2505 1951 ,
2543 1905 2696 1959 quam
2740 1892 2897 1946 habeo
2939 1894 2993 1947 in
3037 1894 3236 1951 Christo
3277 1899 3448 1968 less;

1865 1972 2235 2041 gloriationem
2268 1976 2354 2029 hic
2377 1977 2561 2033 dicens
2586 1994 2774 2036 eorum
2804 1982 3119 2051 profectum.
3149 1986 3447 2060 Namqno-

1868 2063 2009 2117 niam
2037 2067 2199 2121 multa
2223 2068 2459 2124 ostendit
2485 2085 2605 2127 esse
2629 2074 2895 2142 pericula;
2922 2092 2991 2131 ne
3013 2078 3281 2135 videretur
3308 2092 3445 2136 tam-

1864 2167 2025 2221 quam
2066 2154 2271 2211 dellens
2298 2160 2424 2214 haec
2459 2160 2639 2217 dicere
2661 2202 2678 2229 ,
2706 2163 2821 2219 Non
2861 2167 3031 2222 solum
3052 2209 3065 2232 ,
3100 2169 3308 2240 inquit,
3338 2188 3447 2228 non

1865 2240 2024 2297 doleo
2041 2282 2057 2307 ,
2089 2244 2188 2299 sed
2216 2246 2376 2301 etiam
2404 2247 2604 2317 glorior
2627 2251 2767 2320 quod
2806 2269 2903 2320 pro
2928 2256 3078 2310 vobis
3111 2257 3226 2313 btec
3252 2262 3445 2329 patiar.

1866 2332 2071 2399 DtlpiiCl
2101 2342 2279 2390 autem
2311 2341 2515 2394 ratione
2543 2356 2603 2397 se
2629 2342 2757 2398 dicit
2781 2345 3030 2414 gloriari,
3063 2356 3117 2404 et
3146 2350 3286 2419 quod
3317 2368 3446 2422 pro-

1867 2431 1983 2489 pter
2012 2423 2155 2491 ipsos
2179 2430 2410 2494 pericula
2439 2431 2615 2495 adeat,
2645 2442 2698 2488 et
2722 2437 2862 2506 quod
2893 2438 3038 2506 ipsos
3066 2441 3243 2497 videat
3272 2444 3447 2500 incre-

1865 2523 2102 2568 mentum
2142 2515 2437 2585 suscipere.
2479 2520 2681 2578 Deinde
2719 2524 2919 2581 faciens
2961 2528 3013 2583 ld
3054 2533 3197 2600 quod
3234 2544 3316 2590 est
3344 2516 3445 2590 sibi

1866 2603 2101 2670 solitum,
2120 2606 2368 2673 quoniam
2392 2623 2578 2678 magna
2602 2620 2684 2667 est
2703 2613 2968 2683 loquutus,
2992 2630 3213 2691 utraque
3233 2624 3448 2680 Christo

1867 2693 2068 2748 tribuit.
2097 2695 2373 2762 Quomodo
2397 2710 2574 2753 autem
2599 2705 2823 2758 moritur
2842 2708 3112 2775 quotidie?
3138 2715 3311 2768 Animi
3334 2717 3448 2770 ala-

1864 2786 2073 2849 critate,
2104 2793 2157 2839 et
2183 2788 2323 2855 quod
2352 2788 2417 2842 ad
2445 2789 2544 2844 hoc
2568 2791 2635 2846 sit
2661 2803 2894 2861 paratus.
2929 2796 2995 2850 Et
3020 2812 3115 2853 cur
3143 2801 3257 2857 haec
3285 2804 3447 2859 dicit?

1864 2875 2070 2929 Rursus
2108 2890 2205 2943 per
2244 2878 2357 2930 huic
2386 2895 2600 2948 quoque
2640 2884 2962 2941 conﬁrmans
2991 2891 3131 2958 quod
3158 2893 3351 2948 dicitur
3378 2894 3447 2948 de

1866 2966 2278 3019 resurrectione.
2308 2966 2437 3032 Quis
2462 2964 2624 3037 enim,
2654 2973 2841 3043 inquit,
2872 2980 3090 3049 elegerit
3119 2992 3221 3036 tam
3253 2987 3445 3038 multas

1864 3058 2046 3111 subire
2089 3067 2325 3126 mortes,
2357 3061 2402 3114 si
2441 3076 2509 3115 ne
2536 3063 2615 3116 sit
2648 3066 2861 3133 quidem
2904 3082 3084 3137 postea
3124 3078 3445 3131 resurrectio

1864 3163 2038 3216 neque
2066 3150 2213 3203 vita?
2253 3150 2382 3205 Nam
2423 3153 2466 3206 si
2512 3154 2602 3223 qui
2632 3143 2873 3212 credunt
2908 3169 3283 3222 rcsurrcctioni
3310 3210 3323 3233 ,
3352 3169 3441 3223 vix

1864 3252 1964 3306 pro
1991 3252 2053 3293 ea
2084 3240 2318 3307 pericula
2348 3241 2576 3297 adierint
2604 3244 2704 3300 nisi
2734 3248 2839 3301 sint
2868 3249 3032 3307 fortes
3064 3269 3126 3309 ac
3154 3260 3397 3324 generosi
3425 3275 3438 3312 :

1865 3330 2036 3389 multo
2058 3332 2224 3399 magis
2250 3333 2295 3386 is
2318 3335 2406 3401 qui
2433 3350 2537 3388 non
2559 3335 2748 3400 credit,
2774 3354 2878 3394 non
2908 3350 3012 3397 tam
3039 3346 3232 3400 multas
3258 3357 3311 3401 et
3335 3358 3441 3402 tam

1862 3432 2052 3488 graves
2076 3436 2138 3475 ac
2160 3420 2405 3477 difﬁciles
2426 3435 2626 3479 mortes
2647 3427 2885 3496 elegerit.
2912 3431 3121 3488 Etenim
3144 3437 3261 3490 vide
3282 3452 3445 3506 quatt-

1867 3524 1975 3566 lmn
2000 3516 2246 3581 paulatim
2265 3515 2420 3569 faciat
2437 3518 2838 3575 incrementum.
2861 3522 3025 3589 Dixit,
3048 3524 3442 3596 Periclitemur;

1864 3604 2103 3671 addidit,
2148 3605 2299 3659 Omni
2340 3608 2502 3669 hora;
2536 3609 2729 3666 deinde
2752 3651 2767 3677 ,
2806 3613 3081 3681 Quotidie;
3120 3630 3299 3687 postea
3336 3640 3442 3679 non

1864 3698 2035 3751 solum
2075 3697 2241 3761 dicit,
2288 3699 2602 3766 Periclitor,
2646 3703 2741 3756 sed
2786 3706 3205 3771 etiam,bforior.
3244 3714 3445 3769 Deinde

1864 3785 2096 3838 ostendit
2119 3794 2172 3839 et
2199 3797 2326 3855 quot
2351 3800 2570 3852 mortes,
2598 3791 2676 3844 sic
2699 3792 2883 3847 dicens
2913 3812 2926 3848 :
2954 3797 3044 3851 52.
3079 3798 3139 3852 Si
3166 3805 3441 3857 secundum

1865 3876 2114 3929 hominem
2137 3878 2206 3929 ad
2231 3878 2412 3931 bestias
2434 3880 2653 3948 pugnavi
2678 3880 2886 3951 Ephesi,
2910 3886 3033 3953 quid
3056 3889 3181 3941 milii
3204 3893 3445 3958 prodest?

1934 3968 1987 4020 5.
2026 3967 2161 4034 Quid
2191 3977 2305 4035 est,
2336 3966 2397 4022 Si
2423 3971 2698 4025 secundum
2736 3974 3029 4031 hominem?
3055 3978 3209 4047 Quod
3236 3984 3301 4035 ad
3332 3983 3431 4036 lto-

1864 4059 2036 4113 'nines
2062 4060 2273 4123 attinet,
2320 4062 2545 4130 pugnavi
2590 4078 2710 4116 cum
2752 4066 2958 4119 bestiis.
3012 4068 3150 4133 Quid
3204 4074 3346 4127 enim
3395 4077 3443 4131 si

1864 4164 1953 4203 me
1984 4149 2121 4202 Deus
2150 4151 2345 4218 eripuit
2380 4166 2409 4203 a
2439 4153 2730 4220 periculis?
2766 4154 2945 4220 Quare
2969 4158 3057 4226 qui
3086 4175 3182 4227 pro
3210 4160 3292 4215 bis
3322 4180 3438 4217 ma-

1865 4240 2007 4294 xime
2034 4238 2205 4293 debeo
2231 4254 2352 4293 esse
2377 4241 2656 4305 sollicitus,
2703 4258 2804 4311 ego
2832 4258 2971 4309 sum,
3004 4249 3096 4315 qui
3130 4258 3234 4303 tam
3274 4254 3441 4311 multa

1865 4330 2104 4385 sustineo
2146 4330 2401 4399 pericula,
2445 4338 2501 4384 et
2537 4332 2712 4386 adhuc
2740 4335 2935 4389 nullam
2964 4340 3145 4409 accepi
3182 4356 3438 4399 remune.

1863 4421 2146 4473 rationem.
2190 4418 2321 4473 Nam
2350 4420 2395 4474 si
2422 4434 2526 4479 non
2556 4420 2777 4477 advenit
2811 4436 3019 4493 tempus
3048 4435 3439 4488 remuneratio-

1865 4511 1971 4575 nis,
1997 4510 2091 4564 sed
2121 4510 2257 4564 intra
2302 4527 2538 4580 pncsens
2566 4522 2774 4581 tempus
2805 4529 2893 4568 res
2936 4525 3133 4571 nostrzr
3163 4532 3297 4573 sunt
3313 4538 3442 4577 con-

1864 4602 2046 4665 clusze,
2074 4616 2174 4656 nos
2195 4601 2363 4669 majus
2393 4601 2645 4655 damnum
2672 4609 2918 4670 patimur.
2948 4605 3079 4661 Nam
3103 4624 3199 4662 vos
3226 4613 3439 4680 quidem

1865 4692 1995 4745 citra
2040 4690 2330 4758 periculum
2372 4689 2675 4744 credidistis
2720 4708 2733 4744 :
2778 4708 2875 4747 nos
2916 4706 3093 4751 autem
3146 4712 3440 4764 nmctamur

1865 4780 2118 4848 quotidie.
2152 4777 2279 4833 Haec
2298 4787 2473 4831 autem
2501 4782 2679 4833 omnia
2706 4781 2937 4849 dicebat,
2973 4802 3074 4840 non
3106 4792 3353 4857 quoniam
3384 4796 3436 4853 in

1867 4871 2115 4939 patiendo
2142 4870 2343 4925 nullam
2371 4870 2593 4925 haberet
2619 4872 2921 4940 utilitatem,
2953 4877 3045 4933 sed
3070 4890 3286 4947 propter
3312 4886 3441 4940 mul.

1868 4972 2041 5016 torum
2078 4961 2522 5023 imbecillitatem,
2550 4971 2606 5017 et
2630 4971 2690 5016 ut
2720 4964 2863 5031 ipsos
2900 4968 3246 5023 conﬁrmaret
3276 4972 3327 5025 in
3352 4991 3440 5027 ra.

1868 5054 2013 5118 tione
2040 5052 2446 5107 resurrectionis
2479 5070 2491 5103 :
2526 5066 2631 5104 non
2661 5052 2803 5120 quod
2830 5055 2945 5121 ipse
2965 5070 3205 5114 curreret
3227 5076 3444 5133 prepter

1868 5144 2168 5199 mercedem
2198 5161 2212 5197 :
2237 5149 2353 5197 erat
2394 5141 2535 5195 enim
2571 5142 2840 5197 sufﬁciens
2866 5147 2915 5198 ei
2948 5154 3339 5219 remuneratio,
3388 5156 3441 5215 id

1868 5234 2043 5290 facere
2070 5232 2209 5304 quod
2237 5233 2344 5285 Deo
2369 5231 2620 5299 placeret.
2666 5232 3019 5299 Quamobrem
3045 5239 3202 5292 etiam
3228 5246 3442 5311 quando

1869 5326 2017 5391 dicit,
2051 5324 2111 5377 Si
2130 5326 2182 5376 in
2207 5322 2303 5375 hac
2327 5323 2428 5375 vita
2454 5338 2715 5391 speramus
2739 5326 2792 5376 in
2821 5324 3017 5379 Christo
3046 5337 3260 5394 tantum,
3292 5323 3442 5386 mise-

1870 5414 2131 5468 rabiliores
2168 5413 2397 5466 omnibus
2425 5413 2709 5467 hominibus
2736 5429 2929 5467 sumus.
2969 5414 3141 5471 Etiam
3179 5420 3288 5475 illic
3328 5439 3447 5477 rur-

1872 5518 1965 5559 sus
1991 5512 2207 5572 propter
2230 5502 2373 5567 iilos,
2420 5509 2480 5557 ut
2521 5513 2664 5557 metu
2701 5502 2858 5571 hujus
2889 5505 3117 5561 miseria:
3146 5523 3335 5565 eorum
3374 5513 3445 5566 de

1872 5596 2265 5651 resurrectione
2306 5595 2539 5664 exagitet
2582 5594 3040 5661 incredulitatem,
3072 5606 3127 5652 et
3162 5601 3229 5654 ad
3260 5616 3444 5657 eorum

1872 5687 2283 5743 imbecillitatem
2309 5701 2369 5741 se
2394 5684 2714 5749 demittcns,
2744 5684 2823 5739 sic
2845 5686 3079 5755 loquitur
3108 5705 3122 5740 :
3158 5690 3255 5744 Est
3299 5694 3442 5746 enim

1872 5792 2057 5852 magna
2096 5789 2336 5843 merces,
2383 5774 2597 5830 Christo
2626 5772 2842 5845 placere
2881 5776 2934 5831 in
2962 5777 3211 5833 omnibus
3243 5780 3445 5839 :etiam
