4066 6348
573 447 779 516 absque
821 437 1286 503 remuneratione,
1326 449 1518 506 magna
1561 444 1646 489 est
1685 448 1892 488 merces
1929 439 2153 501 propter

576 539 749 606 ipsum
781 534 929 590 adire
953 531 1209 604 pericula.
1252 529 1313 584 Si
1339 527 1525 581 mortui
1550 542 1652 579 non
1675 534 1980 596 resurgunt,
2007 542 2155 577 man-

576 631 819 684 ducemus
854 636 901 683 et
937 627 1166 681 bibamus
1201 635 1224 677 :
1260 637 1375 675 cras
1401 621 1535 673 enim
1564 619 1852 671 moriemur.
1891 615 2004 673 [loc
2040 618 2151 685 jam

574 720 796 775 verbum
822 726 904 772 est
932 712 1221 769 irridentis.
1249 708 1605 778 Quamobrem
1628 719 1736 759 non
1762 704 1865 759 hoc
1884 719 1948 759 ex
1970 719 2029 759 se
2052 703 2152 757 ad-

576 809 750 875 dux‘it,
780 806 872 861 sed
900 799 1542 874 magniloquentissimum
1575 794 1885 864 prophetam
1906 793 2154 864 produxit

578 899 790 961 lsaiam,
817 897 905 966 qui
933 894 1002 951 de
1046 894 1112 946 iis
1133 933 1148 954 ,
1176 890 1264 959 qui
1288 901 1501 942 omnem
1524 900 1739 941 sensum
1763 884 1962 939 doloris
1990 898 2154 938 exue-

580 998 708 1044 runt
732 996 788 1042 et
814 993 941 1040 sunt
968 979 1251 1050 deplorati,
1274 977 1485 1032 dicebat
1519 975 1634 1029 haec
1668 973 1829 1029 verba
1863 990 1877 1027 :
1910 973 2011 1040 Qui
2039 989 2152 1025 ma-

578 1088 717 1133 ctant
744 1077 929 1131 situlos
952 1083 999 1127 et
1023 1071 1313 1138 sacriﬁcant
1347 1083 1481 1132 oues,
1526 1076 1582 1120 ut
1610 1080 1786 1119 carnes
1812 1064 2076 1119 comedunt
2105 1073 2153 1118 et

578 1173 748 1224 uinum
770 1169 937 1222 bibant
967 1182 986 1221 :
1010 1166 1096 1236 qui
1115 1164 1306 1229 dicunt,
1331 1160 1665 1217 Comedamus
1689 1168 1735 1213 et
1758 1158 2017 1221 bibamus;
2041 1172 2154 1209 cras

579 1262 714 1316 enim
742 1258 1033 1311 moriemur.
1072 1253 1197 1307 Hac
1235 1261 1353 1307 sunt
1386 1261 1562 1319 aperta
1598 1250 1654 1302 in
1698 1249 1907 1301 auribus
1946 1245 2153 1300 Domini

579 1348 810 1405 Sabaoth
839 1362 858 1400 :
891 1354 938 1399 et
963 1360 1064 1398 non
1093 1343 1375 1396 remittetur
1402 1338 1538 1391 vobis
1567 1338 1661 1390 hoc
1690 1347 1964 1406 peccatum,
1996 1336 2153 1387 donec

578 1438 777 1509 fueritis
824 1435 1009 1488 mortui
1048 1431 1223 1501 (lsai.
1245 1429 1337 1483 22.
1368 1428 1456 1482 15.
1492 1426 1623 1495 14).
1680 1424 1738 1480 Si
1775 1432 1953 1479 autem
1996 1424 2152 1478 venia

576 1540 704 1583 tunc
727 1526 941 1580 fuerunt
967 1520 1158 1592 privati
1183 1519 1273 1589 qui
1312 1518 1428 1572 haec
1464 1516 1746 1580 dicebant,
1776 1516 1947 1569 multo
1979 1513 2152 1584 magis

577 1620 631 1673 in
660 1617 853 1688 gratia.
886 1612 1087 1668 Deinde
1107 1626 1176 1666 ne
1195 1609 1522 1679 asperiorem
1552 1606 1800 1662 redderet
1828 1607 2148 1670 orationem,

577 1724 685 1762 non
708 1705 938 1774 amplius
968 1702 1285 1756 immoratur
1306 1698 1359 1753 in
1378 1696 1699 1751 adductione
1724 1695 1791 1750 ad
1820 1695 2149 1759 absurdum;

576 1798 674 1854 sed
718 1799 1016 1852 orationem
1058 1805 1246 1847 rursus
1283 1790 1548 1845 convertit
1592 1786 1658 1842 ad
1702 1787 2149 1851 exhortationem,

576 1890 800 1944 dicens:
833 1887 924 1943 55.
974 1884 1149 1939 Nolite
1170 1881 1346 1936 seduci
1373 1896 1391 1936 .'
1418 1888 1752 1949 corrumpunt
1789 1879 1945 1932 bonos
1988 1894 2152 1931 mores

576 1979 831 2046 colloquia
869 1989 1050 2045 praua.
1098 1971 1223 2026 Haec
1268 1978 1446 2024 autem
1486 1968 1719 2033 dicebat,
1750 1967 1907 2022 simul
1936 1966 2148 2036 quidem

578 2082 673 2122 eos
698 2067 974 2121 insectans
993 2070 1263 2131 tamquam
1289 2058 1627 2127 insipientes;
1661 2057 1829 2111 honos
1849 2055 1992 2110 enim
2010 2055 2154 2108 heni-

576 2171 679 2227 gna
722 2170 787 2209 ac
828 2154 943 2209 miti
982 2150 1340 2222 appellatione
1384 2147 1471 2202 hic
1492 2145 1831 2218 significavit,
1877 2146 1967 2214 qui
1997 2145 2152 2199 facile

580 2253 806 2316 possunt
829 2242 1005 2312 decipi
1031 2258 1046 2306 ;
1074 2241 1360 2309 simulque,
1384 2246 1639 2308 quantum
1671 2236 1860 2306 potuit,
1890 2250 1987 2306 pro
2013 2250 2155 2305 prte-

578 2336 893 2392 cedcntibus
954 2334 1083 2401 ipsis
1122 2330 1334 2385 veniam
1384 2327 1722 2392 concedens,
1766 2335 1822 2381 et
1866 2327 2149 2380 maximam

581 2437 784 2496 partem
811 2424 1095 2481 criminum
1119 2422 1187 2476 ab
1210 2420 1289 2475 eis
1318 2418 1630 2489 propulsans
1653 2424 1708 2471 et
1732 2418 1783 2471 in
1814 2417 1949 2471 alios
1980 2427 2151 2470 trans-

578 2515 781 2581 ferens,
832 2523 891 2568 ut
918 2513 1017 2567 hac
1038 2525 1251 2581 quoque
1279 2511 1487 2563 ratione
1511 2522 1605 2562 eos
1628 2506 1924 2561 attraheret
1944 2506 2009 2561 ad
2034 2521 2148 2575 pm-

579 2604 876 2661 nitentiam.
903 2602 1055 2670 Quod
1096 2601 1260 2655 etiam
1288 2601 1342 2654 in
1384 2598 1619 2668 Epistula
1647 2597 1716 2652 ad
1744 2598 1957 2654 Galatas
1988 2597 2148 2663 facit,

576 2696 764 2753 dicens
797 2712 811 2749 :
843 2694 942 2757 Qui
975 2701 1142 2744 autem
1170 2705 1254 2743 vos
1283 2687 1568 2748 conturbat,
1610 2686 1826 2757 portabit
1856 2687 2147 2757 judicium,

577 2785 805 2855 quisquis
831 2782 918 2836 ille
937 2780 1000 2835 sit
1020 2777 1164 2849 (Gal.
1188 2776 1374 2845 5.10).
1407 2776 1495 2831 δι.
1526 2774 1777 2845 Evigilate
1792 2777 1953 2846 juste,
1985 2786 2033 2829 et
2059 2793 2153 2829 no-

574 2879 667 2931 lite
693 2890 916 2944 peccare.
935 2872 1228 2941 Tamquam
1255 2869 1419 2924 ebriis
1447 2868 1577 2922 dicit
1605 2877 1660 2921 et
1685 2866 2003 2923 furentibus.
2020 2866 2149 2921 Nam

577 2967 758 3021 omnia
788 2963 945 3019 simul
990 2969 1046 3015 et
1090 2967 1307 3029 repente
1349 2973 1381 3012 e
1421 2957 1669 3012 manibus
1707 2957 1924 3025 ejicere,
1971 2958 2149 3012 ebrio-

576 3072 695 3113 rum
739 3062 855 3110 erat
892 3061 948 3107 et
980 3050 1289 3114 furentium,
1336 3062 1404 3102 eo
1456 3048 1597 3118 quod
1643 3062 1749 3101 non
1790 3049 2017 3117 amplius
2065 3048 2148 3101 vi-

577 3148 740 3202 deant
773 3159 893 3214 qute
932 3142 1215 3202 viderunt,
1249 3151 1420 3209 neque
1464 3139 1686 3193 credant
1732 3137 1799 3193 iis
1836 3153 1956 3207 qua:
2003 3138 2151 3207 prius

576 3237 808 3293 confessi
839 3242 982 3289 sunt.
1034 3232 1171 3298 Quid
1219 3240 1302 3285 est
1348 3238 1552 3288 autem.
1583 3229 1730 3283 Juste
1751 3230 1776 3281 Ρ
1808 3230 1889 3284 Ad
1926 3230 1977 3283 id
2007 3230 2148 3299 quod

574 3328 826 3384 conducit
863 3334 918 3379 et
960 3331 1039 3377 est
1074 3322 1222 3376 utile.
1272 3321 1367 3374 Est
1394 3320 1536 3373 enim
1568 3319 1765 3387 injuste
1802 3320 2053 3389 evigilare
2096 3328 2151 3374 et

576 3416 896 3488 expergisci,
941 3411 1151 3483 quando
1190 3411 1453 3480 quispiam
1482 3408 1640 3463 fuerit
1664 3410 1925 3465 excitatus
1952 3410 2015 3463 ad
2059 3410 2152 3463 de-

577 3511 887 3564 trimentum
916 3520 1027 3558 suae
1053 3503 1266 3555 animae.
1316 3501 1481 3555 Recte
1519 3511 1697 3555 autem
1737 3500 1942 3555 addidit
1980 3502 2106 3555 illud
2130 3542 2147 3569 ,

580 3598 755 3652 Nolite
787 3608 1029 3663 peccare,
1073 3589 1362 3644 ostendens
1407 3588 1549 3657 quod
1584 3589 1709 3643 hinc
1753 3590 1861 3643 sint
1904 3590 2032 3659 ipsis
2059 3606 2149 3645 se-

577 3690 718 3743 mina
751 3681 1153 3738 incredulitatis.
1189 3678 1299 3733 lioc
1332 3692 1543 3746 quoque
1582 3678 1706 3732 alibi
1747 3677 1905 3733 tacite
1942 3679 2150 3749 signiti-

576 3785 700 3841 cat,
739 3772 879 3842 quod
925 3773 1030 3824 vita
1067 3780 1316 3836 corrupta
1362 3768 1498 3820 mala
1546 3768 1728 3837 gignat
1769 3768 2017 3840 dogmata
2050 3786 2065 3853 ς
2096 3778 2152 3824 ut

575 3864 789 3935 quando
830 3861 995 3927 dicit,
1045 3859 1217 3913 Radix
1258 3859 1482 3911 omnium
1508 3860 1757 3912 malorum
1784 3870 1856 3913 est
1889 3858 2102 3913 avaritia
2125 3876 2149 3915 :

575 3972 726 4026 quam
752 3954 957 4024 quidam
985 3960 1271 4021 appetentes
1296 3951 1647 4004 aberraverunt
1680 3968 1712 4004 a
1740 3953 1841 4019 ﬁde
1886 3954 1903 4023 (
1927 3954 1978 4007 i.
2015 3952 2144 4006 Tim.

576 4047 632 4102 8.
669 4046 795 4115 10).
842 4043 989 4098 Multi
1037 4043 1179 4096 enim
1230 4041 1370 4095 male
1407 4042 1507 4096 sibi
1537 4043 1757 4105 conscii,
1787 4058 1885 4098 nec
1910 4045 2151 4105 volentes

577 4137 708 4192 dare
739 4148 942 4204 ptenas,
974 4133 1041 4186 ab
1082 4131 1183 4186 hoc
1216 4141 1360 4187 metu
1390 4130 1655 4185 laeduntur
1682 4132 1735 4186 in
1774 4132 1876 4188 fide
1905 4149 2149 4189 resurre-

575 4227 807 4288 ctionis;
839 4224 977 4278 sicut
1017 4221 1051 4275 ii
1088 4221 1299 4290 quidem
1329 4230 1476 4275 certe
1505 4222 1596 4289 qui
1623 4221 1787 4275 multa
1813 4233 1867 4277 et
1895 4226 2151 4291 praeclara

576 4326 723 4371 recte
749 4322 1048 4385 gesserunt,
1080 4312 1315 4382 quotidie
1341 4311 1564 4380 cupiunt
1599 4311 1780 4367 videre
1809 4313 1953 4368 illum
1983 4314 2147 4370 diem.

578 4404 933 4474 Ignorantiam
960 4403 1093 4454 enim
1127 4400 1224 4453 Dei
1249 4402 1455 4467 quidam
1485 4402 1701 4466 habent;
1736 4403 1805 4455 ad
1830 4404 2074 4473 pudorem
2097 4408 2151 4460 id

575 4496 713 4549 vobis
740 4492 871 4546 dico.
901 4489 1033 4545 Vide
1061 4490 1327 4558 quomodo
1361 4505 1548 4544 rursus
1568 4493 1789 4547 crimina
1820 4496 2070 4551 transfert
2098 4499 2151 4552 in

575 4587 729 4640 alios.
780 4581 895 4638 Non
941 4581 1082 4635 enim
1130 4578 1298 4644 dixit,
1346 4578 1563 4633 Habetis
1612 4579 1987 4651 ignorantiam,
2029 4588 2147 4649 sed,

577 4672 932 4743 Ignorantiam
959 4670 1165 4739 quidam
1192 4668 1393 4722 habent.
1443 4668 1573 4722 Nam
1600 4684 1704 4724 non
1734 4670 1953 4727 credere
1974 4688 2152 4730 resur-

579 4760 806 4816 rectioni
826 4800 842 4825 ,
868 4767 950 4813 est
974 4759 1089 4827 ejus
1113 4759 1204 4827 qui
1246 4774 1352 4813 non
1382 4759 1536 4814 valde
1560 4760 1662 4815 scit
1690 4760 2151 4833 inexpugnabilem

578 4854 675 4909 Dei
709 4853 955 4905 virtutem
987 4858 1043 4903 et
1074 4849 1143 4902 ad
1182 4851 1362 4903 omnia
1391 4851 1766 4908 sufficientem.
1799 4854 1927 4910 Nam
1957 4857 2003 4910 si
2032 4872 2153 4926 quas

577 4954 703 5000 sunt
737 4942 863 4999 fecit
885 4958 953 4998 ex
980 4942 1043 4995 iis
1072 4956 1191 5010 qua:
1218 4955 1325 4995 non
1356 4953 1528 5006 erant,
1570 4946 1740 4999 multo
1768 4948 1936 5017 magis
1956 4950 2153 5017 poterit

575 5036 812 5089 excitare
836 5042 890 5087 et
917 5031 1203 5101 restituere.
1223 5045 1285 5085 ea
1307 5046 1425 5099 quae
1465 5042 1590 5085 sunt
1616 5032 1893 5090 dissoluta.
1926 5037 1991 5090 Et
2013 5052 2151 5105 quo-

578 5125 722 5177 niam
751 5138 847 5177 eos
868 5122 1212 5177 vehementer
1250 5120 1423 5191 tetigit
1446 5131 1501 5177 et
1527 5138 1867 5195 summopere
1899 5140 1997 5181 eos
2028 5141 2152 5181 car-

577 5214 705 5285 psit,
732 5213 1132 5282 reprehendens
1159 5228 1255 5269 eos
1291 5213 1360 5268 de
1394 5214 1646 5283 ingluvie,
1673 5215 1740 5270 de
1764 5218 2060 5285 ignorantia
2098 5228 2153 5274 et

558 5317 837 5383 stupore:
881 5304 1131 5373 mitigans
1160 5321 1223 5360 ea
1255 5322 1377 5377 quae
1402 5305 1540 5359 dicta
1570 5316 1713 5372 sunt,
1738 5308 1868 5363 dicit
1895 5326 1910 5363 :
1940 5309 2021 5362 Ad
2047 5328 2160 5378 να-

577 5397 752 5449 dorem
777 5394 915 5450 nobis
943 5395 1153 5464 lequor;
1198 5396 1301 5452 hoc
1330 5405 1431 5462 est,
1484 5404 1541 5449 ut
1568 5397 1857 5467 corrigam,
1906 5408 1965 5452 ut
1992 5400 2153 5455 redo-

576 5502 715 5552 ram,
744 5498 804 5541 ut.
831 5501 928 5542 vos
967 5485 1167 5556 pudore
1210 5488 1385 5543 affecti
1435 5486 1734 5543 reddamini
1764 5489 2030 5546 meliores.
2061 5491 2151 5548 Ti-

577 5577 711 5629 muit
735 5577 877 5630 enim
916 5592 984 5634 ne
1005 5619 1019 5645 ,
1047 5576 1092 5632 si
1122 5576 1239 5646 plus
1260 5593 1419 5648 quam
1446 5593 1543 5649 par
1569 5586 1715 5636 esset
1736 5593 1827 5636 eos
1852 5582 2114 5639 secuisset
2132 5624 2147 5648 ,

575 5664 862 5723 resilirent.

1246 315 1307 373 8.
1340 314 1615 374 JOANNIS
1638 314 2113 372 CHRYSOS’I‘OMI
2149 312 2463 373 ARCBIEP.
2492 312 3029 381 CONSTANTINOP.

3729 335 3828 393 352

2325 432 2380 488 ι.
2424 432 2564 501 Quos
2604 434 2802 492 Paulus
2842 439 3102 510 increpare
3130 446 3417 502 intenderit.
3442 447 3596 503 Diues
3614 465 3685 504 ea:
3700 452 3821 505 alio-

2253 539 2368 575 rum
2385 525 2593 593 jactura
2623 526 2760 582 dives
2780 528 3006 597 eﬁcitur.
3042 531 3230 589 -H:ec
3257 546 3435 592 autem
3459 540 3824 598 existimemus

2252 630 2362 669 non
2394 616 2499 672 illis
2520 619 2673 685 solis,
2700 619 2796 674 sed
2825 636 2964 675 nunc
2987 638 3199 692 quoque
3226 626 3367 682 dicta
3396 644 3519 685 esse
3546 632 3822 699 omnibus,

2252 703 2343 773 qui
2372 705 2561 759 eodem
2604 707 2793 762 morbo
2819 710 3057 765 laborant
3080 753 3095 774 ,
3125 722 3179 767 et
3216 731 3439 785 quorum
3472 722 3577 774 vita
3606 732 3691 775 est
3712 737 3829 777 eor-

2254 804 2427 863 rupta.
2466 795 2581 849 Non
2612 799 2753 851 enim
2799 800 2832 852 ii
2862 801 3034 854 solum
3068 802 3156 871 qui
3198 805 3332 858 mala
3367 806 3567 863 habent
3602 810 3825 880 dogmav

2255 889 2306 933 ta
2324 923 2338 945 ,
2370 883 2465 937 sed
2497 883 2534 937 ii
2560 886 2720 939 etiam
2751 889 2839 956 qui
2864 890 3112 957 gravibus
3139 900 3385 947 tenentur
3409 899 3646 964 peccatis
3666 940 3682 963 ,
3707 909 3829 955 sunt

2253 973 2385 1028 ebrii
2434 982 2488 1027 et
2531 974 2817 1042 desipiunt.
2848 979 3202 1046 Quamobrem
3230 982 3336 1037 illis
3376 1000 3590 1056 quoque
3624 988 3825 1044 dictum

2253 1062 2413 1117 fuerit
2439 1062 2592 1129 illud,
2626 1064 2883 1135 Evigilate
2908 1084 3002 1124 seu
3028 1071 3489 1139 expergiscimini;
3515 1087 3573 1131 et
3597 1080 3828 1136 maxime

2253 1152 2320 1207 iis
2346 1155 2434 1223 qui
2462 1164 2588 1209 sunt
2612 1158 2813 1225 gravati
2840 1169 3061 1221 veterno
3082 1163 3433 1227 avaritianiis
3456 1167 3549 1234 qui
3583 1167 3830 1236 improbe

2254 1244 2490 1310 rapiunt.
2522 1243 2615 1299 Est
2647 1246 2788 1298 enim
2818 1246 2956 1301 bona
2984 1251 3187 1317 rapina,
3221 1267 3414 1321 nempe
3450 1255 3637 1324 rapina
3665 1258 3831 1312 caelo-

2254 1347 2372 1386 rum
2402 1348 2520 1401 qua:
2542 1334 2672 1387 nihil
2704 1334 2865 1388 laedit.
2893 1336 3026 1391 Nam
3053 1340 3105 1392 in
3136 1341 3374 1408 pecuniis
3396 1343 3610 1406 quidem
3645 1348 3833 1415 nequit

2220 1446 2231 1473 ι
2254 1422 2368 1475 fieri
2394 1431 2452 1475 ut
2480 1423 2741 1491 quispiam
2767 1424 2959 1480 evadat
2982 1427 3130 1482 dives
3149 1469 3162 1493 ,
3194 1430 3295 1484 nisi
3324 1431 3461 1486 alius
3484 1435 3631 1501 prius
3658 1433 3832 1490 factus

2253 1510 2322 1564 sit
2352 1524 2585 1579 pauper;
2636 1512 2688 1565 in
2731 1513 3093 1583 spiritualibus
3138 1528 3317 1574 autem
3364 1537 3469 1575 non
3499 1524 3569 1576 ita
3598 1534 3705 1588 est,
3735 1526 3830 1579 sed

2254 1606 2423 1652 totum
2453 1601 2781 1655 contrarium
2812 1618 2827 1653 :
2861 1602 2976 1657 fieri
3008 1617 3111 1658 non
3140 1617 3317 1675 potest
3347 1619 3404 1663 ut
3441 1612 3709 1682 quispiam
3742 1614 3834 1669 fiat

2251 1686 2401 1743 dives
2425 1728 2440 1753 ,
2488 1690 2592 1744 nisi
2632 1689 2858 1745 alterum
2902 1690 3093 1747 fecerit
3129 1696 3438 1763 opulentum
3485 1718 3500 1755 :
3549 1702 3757 1773 etenim
3785 1703 3832 1758 si

2251 1777 2447 1831 nemini
2490 1779 2786 1847 profueris,
2828 1796 2934 1835 non
2962 1784 3161 1851 poteris
3184 1784 3324 1839 eftici
3351 1789 3660 1855 opulentus.
3694 1792 3831 1847 Nam

2251 1865 2306 1920 in
2333 1869 2699 1935 corporalibus
2718 1870 2932 1939 quidem
2957 1875 3193 1942 erogatio
3212 1875 3375 1931 efﬁcit
3393 1878 3830 1949 diminutionem;

2252 1957 2306 2012 in
2336 1958 2705 2027 spiritualihus
2743 1971 2920 2016 autem
2963 1965 3201 2034 erogatio
3245 1978 3501 2033 operatur
3546 1971 3834 2026 abundan-

2254 2048 2380 2101 tiam
2402 2088 2417 2114 ,
2447 2056 2502 2103 et
2530 2064 2637 2104 non
2668 2050 2992 2120 impertiisse
3011 2092 3026 2119 ,
3080 2053 3181 2109 hoc
3206 2057 3426 2111 multam
3452 2061 3668 2113 conficit
3702 2077 3838 2130 pau-

2253 2145 2513 2207 pertatem
2552 2148 2607 2193 et
2643 2138 2804 2193 infert
2844 2141 3085 2197 ultimum
3119 2147 3457 2214 supplicium.
3506 2148 3619 2204 Hoc
3646 2162 3831 2208 autem

2251 2228 2486 2282 ostendit
2509 2229 2555 2283 is
2578 2230 2667 2299 qui
2697 2229 2885 2286 infodit
2912 2233 3187 2290 talentum.
3211 2236 3422 2291 Etenim
3447 2241 3537 2309 qui
3563 2244 3833 2297 rationem

2251 2318 2414 2374 habet
2452 2322 2747 2391 sapientiae,
2776 2331 2832 2377 et
2867 2323 2959 2378 alii
2992 2326 3266 2393 impertiit,
3307 2340 3471 2400 auget
3497 2334 3722 2400 copias,
3774 2344 3837 2389 ut

2252 2410 2342 2478 qni
2370 2410 2564 2464 multos
2591 2410 2778 2467 fecerit
2801 2414 3106 2482 sapientes:
3131 2417 3217 2486 qui
3242 2429 3419 2474 autem
3444 2419 3588 2475 domi
3610 2424 3829 2479 abscon-

2250 2501 2348 2565 dit,
2372 2504 2606 2571 seipsum
2635 2505 2861 2572 privavit
2888 2508 3079 2576 copiis,
3115 2517 3171 2562 ut
3198 2511 3287 2578 qui
3323 2526 3427 2564 non
3455 2514 3655 2581 pararit
3686 2517 3837 2570 mul-

2252 2600 2427 2647 torum
2478 2594 2782 2650 utilitatem.
2828 2596 3037 2652 Rursus
3084 2600 3171 2668 qui
3217 2600 3317 2653 alia
3365 2600 3525 2656 habet
3571 2602 3736 2670 dona,
3784 2609 3836 2661 si

2251 2685 2446 2739 multos
2484 2688 2779 2751 curaverit,
2832 2688 3175 2759 ampliﬁcavit
3221 2690 3561 2749 donationem
3590 2712 3604 2749 :
3632 2705 3687 2750 et
3732 2712 3840 2752 nec

2250 2776 2561 2845 erogatinne
2603 2776 2701 2830 fuit
2743 2778 2859 2846 ipse
2904 2780 3233 2843 exinanitus,
3278 2790 3335 2837 et
3364 2783 3560 2839 multos
3590 2785 3838 2853 implevit

2251 2865 2512 2933 spirituali
2544 2865 2853 2923 donatione.
2886 2868 2953 2923 Et
2980 2870 3032 2923 in
3065 2870 3315 2924 omnibus
3341 2873 3706 2940 spiritualihus
3737 2874 3837 2930 ﬂr-

2251 2970 2337 3009 ma
2367 2965 2418 3009 et
2445 2955 2653 3009 stabilis
2682 2966 2958 3024 permanet
2983 2958 3099 3013 btec
3122 2959 3324 3028 regula.
3358 2960 3432 3017 lta
3467 2962 3627 3018 etiam
3654 2966 3709 3018 in
3740 2981 3839 3022 re-

2250 3062 2378 3117 gno,
2406 3047 2498 3115 qui
2528 3045 2610 3100 sui
2639 3048 2783 3117 regni
2816 3048 3013 3103 multos
3038 3049 3211 3105 reddit
3238 3053 3519 3123 participes
3539 3095 3555 3120 ,
3587 3055 3682 3109 hac
3707 3072 3843 3111 rur-

2251 3151 2342 3191 sus
2364 3136 2569 3190 ratione
2597 3151 2662 3191 eo
2692 3138 2809 3206 ipse
2833 3139 3003 3209 magis
3022 3138 3228 3194 fruetur
3256 3158 3269 3192 :
3297 3144 3386 3212 qui
3413 3155 3588 3198 autem
3616 3146 3841 3203 nullum

2251 3228 2428 3283 studet
2458 3226 2657 3285 habere
2678 3230 2881 3283 socium
2903 3245 2965 3284 ac
2992 3231 3322 3301 participem,
3357 3233 3471 3303 ipse
3498 3250 3704 3305 quoque
3733 3252 3845 3293 ex—

2252 3317 2394 3373 cidet
2418 3332 2449 3371 a
2475 3320 2681 3388 magnis
2712 3318 2821 3373 illis
2842 3319 3016 3374 bonis.
3070 3320 3125 3375 Si
3156 3322 3297 3376 enim
3323 3324 3579 3392 sapientia
3608 3327 3842 3383 sensilia

2252 3422 2357 3461 non
2380 3407 2716 3461 consumitur
2742 3407 3216 3465 innumerabilibus
3240 3412 3602 3481 rapientibus,
3646 3431 3847 3487 neque

2251 3494 2442 3549 artifex
2470 3496 2669 3549 multos
2692 3495 2933 3551 efficiens
2959 3499 3189 3555 artifices
3218 3502 3391 3570 perdit
3414 3513 3583 3559 artem
3613 3523 3624 3557 :
3651 3510 3848 3562 multo

2251 3587 2421 3655 magis
2463 3587 2554 3655 qni
2607 3602 2826 3655 regnum
2876 3590 3048 3657 rapit,
3097 3592 3275 3645 minus
3300 3592 3430 3648 illud
3456 3610 3559 3648 non
3585 3594 3844 3664 efﬁciet,

2251 3676 2346 3731 sed
2376 3687 2501 3729 tunc
2526 3677 2679 3730 nobis
2706 3677 2938 3746 majores
2957 3689 3117 3734 erunt
3136 3681 3357 3749 divitiae,
3388 3685 3598 3755 quando
3620 3686 3848 3745 multos

2251 3767 2318 3821 ad
2350 3765 2402 3821 id
2443 3768 2829 3822 vocaverimus.
2856 3768 3145 3839 Rapiamus
3169 3788 3299 3843 ergo
3322 3790 3384 3832 ea
3410 3791 3527 3845 qua:
3554 3791 3653 3830 non
3680 3791 3843 3834 con—

2250 3864 2533 3911 sumuntur
2551 3897 2568 3922 ,
2608 3856 2701 3911 sed
2728 3856 2855 3911 dum
2884 3860 3162 3927 rapiuntur
3187 3864 3355 3933 magis
3379 3864 3685 3920 abundant:
3722 3881 3840 3923 η-

2252 3946 2462 4014 piamus
2485 3960 2547 4000 ea
2574 3961 2692 4015 quae
2718 3947 2921 4001 nullum
2949 3947 3149 4005 habent
3183 3952 3615 4009 calumniatorem
3634 3994 3649 4020 ,
3691 3958 3846 4013 nnb

2252 4037 2362 4093 lum
2402 4038 2491 4107 qui
2529 4038 2784 4093 invideat.
2816 4038 3029 4094 Etenim
3069 4041 3115 4095 si
3160 4042 3281 4095 auri
3330 4042 3480 4098 locus
3526 4052 3662 4098 esset
3688 4058 3825 4111 per--

2250 4143 2446 4183 ennem
2490 4127 2696 4182 habens
2745 4127 2945 4182 fontem
2992 4131 3392 4195 scaturientem,
3445 4142 3501 4186 et
3545 4147 3609 4187 eo
3649 4135 3843 4205 magis

2252 4220 2519 4284 afﬂueret,
2547 4234 2653 4288 quo
2683 4220 2849 4288 magis
2867 4219 3272 4288 exhauriretur;
3310 4223 3448 4277 alius
3474 4231 3646 4277 autem
3673 4234 3846 4282 esset

2252 4313 2402 4369 locus
2424 4313 2625 4367 habens
2652 4313 2958 4367 thesaurum
2990 4313 3247 4371 infossum
3271 4331 3286 4365 :
3313 4329 3381 4369 ex
3409 4324 3529 4369 utro
3554 4315 3705 4369 velles
3732 4315 3844 4373 di-

2254 4405 2503 4458 tescere?
2527 4417 2596 4455 an
2625 4418 2730 4457 non
2759 4417 2825 4457 ex
2851 4403 2981 4456 illo?
3014 4402 3113 4456 Est
3137 4411 3284 4457 certe
3312 4404 3664 4473 perspicuum.
3706 4405 3844 4464 Sed

2253 4508 2322 4547 ne
2348 4492 2524 4547 verbis
2553 4492 2654 4547 hoc
2677 4493 2850 4547 solum
2877 4490 3209 4560 emungamus.
3236 4492 3379 4560 quod
3400 4493 3599 4549 dictum
3627 4503 3703 4551 est
3722 4511 3845 4553 co-

2252 4584 2416 4654 gitate
2453 4586 2507 4639 in
2546 4599 2671 4639 aere
2695 4592 2751 4638 et
2771 4583 2824 4635 in
2854 4582 2969 4635 sole
3001 4599 3015 4635 :
3047 4596 3111 4636 ea
3136 4583 3279 4637 enim
3306 4586 3583 4656 rapiuntur
3606 4588 3670 4642 ah
3695 4600 3843 4643 om-

2253 4677 2433 4739 nibus,
2473 4684 2531 4731 et
2556 4687 2744 4729 omnes
2774 4673 3039 4741 implent:
3072 4673 3166 4729 sed
3203 4672 3319 4732 haec
3358 4678 3569 4748 quidem
3606 4688 3847 4737 manent

2253 4766 2469 4831 similia,
2496 4779 2527 4817 a
2554 4760 2852 4817 fruentibus
2877 4770 2933 4817 et
2952 4777 3057 4817 non
3082 4764 3379 4823 fruentibus
3412 4783 3519 4824 non
3546 4758 3842 4825 diminuta.

2254 4857 2407 4927 Quod
2433 4862 2611 4909 autem
2633 4852 2742 4908 dixi
2768 4861 2850 4908 est
2876 4855 3047 4913 multo
3071 4856 3263 4927 majus.
3301 4856 3417 4913 Non
3455 4858 3597 4913 enim
3643 4868 3847 4916 manet

2254 4946 2447 5003 similis
2494 4944 2785 5015 spiritualis
2832 4947 3128 5017 sapientia,
3178 4948 3225 5003 si
3263 4948 3609 5003 distribuatur
3634 4956 3843 5008 etnon

2254 5035 2625 5104 distribuatur,
2669 5035 2763 5092 sed
2812 5039 2982 5109 magis
3009 5045 3231 5108 augetur
3265 5037 3312 5092 si
3350 5036 3708 5094 distribuatur.
3770 5041 3875 5101 Si.

2255 5128 2375 5199 quis
2400 5136 2576 5183 autem
2606 5142 2715 5183 non
2742 5126 2883 5183 ferat
2910 5142 2974 5183 ea
3001 5142 3123 5197 quae
3148 5126 3293 5181 dicta
3332 5135 3497 5199 sunt,
3524 5128 3616 5183 sed
3650 5127 3847 5188 adhuc

2254 5237 2434 5278 rerum
2461 5220 2527 5277 ad
2556 5224 2758 5276 victum
2784 5218 3165 5290 pertinentium
3190 5214 3383 5273 afﬁxus
3407 5219 3479 5273 sit
3503 5220 3713 5293 inopiae,
3761 5238 3845 5291 es

2256 5326 2375 5382 qum
2398 5311 2660 5367 diminuta
2688 5317 2811 5364 sunt
2836 5307 3086 5377 rapiens;
3116 5304 3172 5359 iu
3198 5305 3302 5362 hoc
3328 5322 3542 5381 quoque
3565 5324 3747 5365 rursus
3775 5310 3847 5368 in

2256 5404 2569 5461 memoriam
2615 5407 2833 5457 revocet
2878 5410 3090 5451 manna
3135 5396 3481 5466 alimentum,
3550 5410 3605 5456 et
3647 5401 3849 5459 limem

2257 5495 2561 5565 exemplum
2590 5488 2857 5561 supplicii.
2877 5486 3030 5555 Quod
3057 5486 3199 5543 enim
3224 5489 3275 5545 in
3297 5490 3388 5545 illo
3412 5490 3707 5557 accidebat,
3730 5488 3847 5547 hoc

2257 5589 2420 5643 etiam
2464 5584 2645 5642 videre
2691 5582 2814 5637 licet
2856 5579 2909 5636 in
2952 5579 3018 5638 iis
3058 5581 3147 5651 qui
3187 5598 3329 5641 nunc
3374 5582 3842 5655 superabundant.
