4060 6346
237 361 335 421 351

235 473 384 544 αὐτῷ
413 475 682 542 ἀντίδοσις
705 476 768 532 τδ
794 480 1018 551 ποιῆσαι
1046 482 1108 537 τὸ
1140 483 1332 541 δοκοῦν
1354 488 1430 557 τῷ
1466 488 1605 560 Θεῷ.
1643 490 1805 545 Ὥστε

232 566 331 620 καὶ¹
352 568 481 621 ὅταν
520 567 675 639 λέγῃ,
701 570 769 623 Et
827 571 898 625 ἐν
951 572 1027 641 τῇ
1087 573 1199 643 ζωῇ
1250 579 1435 647 ταύτῃ
1487 580 1809 647 ἠλπικότες

230 654 421 724 ἐσμὲν
472 657 543 709 ἐν
577 658 807 726 Χριστῷ
856 663 1069 731 μόνον,
1121 665 1508 734 ἐλεεινότεροι
1566 671 1810 722 πάντων

229 745 557 813 ἀνθρώπων
598 748 823 817 ἐσμέν·
863 753 1025 805 κάκεῖ
1075 754 1236 807 πάλιν
1278 756 1345 809 δι’
1371 758 1629 822 ἐκείνους,
1664 758 1805 812 ὥστε

226 835 311 905 τῷ
342 837 489 907 φόϐῳ
515 838 617 908 τῆς
657 840 973 909 ἀθλιότητος
1004 843 1210 914 ταύτης
1259 848 1577 899 κατασεῖσαι
1623 848 1806 901 αὐτῶν

225 924 325 995 τὴν
360 927 614 980 ἀπιστίαν
642 927 741 999 τὴν
787 931 1040 1002 περὶτῆς
1095 934 1461 1001 ἀναστάσεως,
1516 936 1610 989 καὶ
1669 937 1805 1007 πρὸς

222 1015 327 1084 τὴν
346 1015 630 1070 ἀσθένειαν
652 1018 829 1071 αὐτῶν
856 1023 1321 1089 συγκαταϐαίνων,
1347 1024 1489 1077 οὕτω
1509 1026 1662 1093 φησί.
1696 1027 1804 1079 Kal

222 1103 338 1173 7&9
368 1104 399 1155 6
427 1104 601 1173 μέγας
628 1106 841 1175 μισθὸς,
870 1108 932 1160 τὸ
951 1110 1207 1181 ἀρέσκειν
1227 1112 1519 1176 διαπαντὸς
1552 1113 1629 1183 τῷ
1668 1115 1803 1184 Χρι-

225 1194 361 1262 στῷ·
395 1196 489 1247 καὶ
526 1197 695 1266 χωρὶς
718 1198 817 1267 τῆς
844 1198 1185 1262 ἀντιδόσεως,
1230 1201 1460 1272 μεγίστη
1508 1202 1710 1272 ἀμοιϐὴ
1738 1203 1800 1257 τὸ

222 1282 292 1335 δι’
314 1283 475 1336 αὐτὸν
500 1285 849 1340 κινδυνεύειν.
912 1290 983 1341 El
1032 1290 1232 1356 νεκροί
1287 1292 1399 1344 οὐκ
1449 1292 1795 1359 ἐγείρονται,

222 1371 505 1443 φάγωμεν
540 1375 640 1427 καὶ
669 1377 914 1444 πίωμεν·
944 1378 1154 1446 αὔριον
1180 1380 1288 1448 γὰρ
1311 1381 1793 1451 ἀποθνήσκομεν.

222 1463 397 1516 Τοῦτο
422 1464 608 1518 λοιπὸν
635 1466 696 1518 τὸ
742 1466 893 1537 ῥῆμα
929 1469 1023 1520 καὶ
1069 1470 1457 1539 κωμῳδοῦντός
1513 1472 1649 1526 ἐστι.
1706 1472 1799 1525 Διὸ

220 1553 346 1606 οὐδὲ
402 1554 611 1608 οἴκοθεν
666 1556 797 1609 αὐτὸ
845 1558 1187 1627 παρήγαγεν,
1224 1561 1358 1614 ἀλλὰ
1386 1562 1476 1614 τὸν
1512 1563 1799 1633 προφήτην

221 1643 492 1712 ἐπέστησε
544 1643 637 1697 τδν
694 1646 1210 1715 μεγαλοφωνότατον
1255 1650 1501 1716 Ἡσαΐαν,
1554 1651 1613 1714 ὃς
1669 1655 1796 1724 περί

219 1748 386 1786 τινων
426 1733 828 1804 ἀπηλγηκότων
859 1737 1241 1808 διαλεγόμενος
1294 1742 1389 1795 καὶ
1442 1742 1799 1812 ἀπεγνωσμέ-

219 1839 347 1883 νων,
368 1823 521 1892 ἔλεγε
538 1827 695 1877 ταυτὶ
714 1825 784 1879 τὰ
807 1829 1049 1898 ῥήματα·
1072 1834 1136 1883 Ol
1155 1831 1480 1899 σφάζοντες
1496 1836 1792 1902 μόσχους,

216 1912 321 1964 καὶ
344 1913 586 1979 θύοντες
618 1916 901 1982 πρόϐατα,
924 1918 1081 1972 ὥστε
1102 1920 1317 1989 φαγεῖν
1347 1922 1493 1990 κρέα
1510 1925 1609 1976 καί
1638 1925 1797 1977 πιεῖν·

215 1997 409 2056 οἶνον·
438 2006 493 2057 οἱ
521 2004 823 2073 λέγοντες·
858 2008 1140 2077 Φάγωμεν
1164 2011 1265 2063 καί
1297 2012 1543 2079 πίωμεν·
1582 2014 1797 2080 αὔριον

214 2090 331 2159 γὰρ
403 2093 889 2164 ἀποθνήσκομεν.
974 2098 1532 2168 Ἀνακεκαλυμμένα
1607 2102 1797 2156 ταῦτά

212 2182 388 2234 ἐστιν
444 2185 533 2248 είς
594 2185 668 2237 τὰ
727 2180 849 2243 ὦτα
912 2188 1135 2253 Κυρίου
1175 2188 1450 2244 Σαϐαὼθ·
1517 2190 1620 2243 καί
1679 2194 1792 2245 οὐκ

210 2270 583 2339 ἀφεθήσεται
646 2273 790 2342 ὑμῖν
848 2276 887 2341 ἠ
952 2276 1208 2343 ἁμαρτία
1267 2278 1419 2345 αὕτη
1455 2318 1470 2343 ,
1540 2280 1651 2345 ἕως
1715 2280 1795 2334 ἂν

209 2361 577 2430 ἀποθάνητε.
613 2364 677 2416 El
697 2364 753 2417 δέ
787 2364 907 2417 τότε
954 2367 1285 2439 συγγνώμης
1313 2366 1453 2439 ἦσαν
1481 2371 1792 2441 ἀπεστερη-

213 2450 370 2521 μένοι
394 2454 443 2505 οί
473 2453 647 2506 ταῦτα
676 2453 943 2521 λέγοντες,
975 2457 1155 2528 πολλῷ
1187 2459 1385 2528 μᾶλλον
1407 2460 1499 2513 ἐπὶ
1520 2465 1620 2531 τῆς
1639 2463 1793 2532 χάρι-

208 2556 328 2601 τος.
356 2536 488 2593 Εἶτα
523 2542 610 2594 ῐνα
647 2541 721 2612 μή
765 2544 1098 2614 τραχύτερον
1130 2550 1331 2617 ποιήσῃ
1362 2548 1453 2600 τὸν
1484 2548 1660 2616 λόγον,
1690 2550 1791 2602 οὐκ

207 2632 309 2685 ἐπὶ
340 2632 472 2683 πολὺ
494 2636 563 2702 τῇ
586 2634 666 2694 είς
692 2634 892 2686 ἄτοπον
918 2636 1186 2706 ἀπαγωγῇ
1220 2638 1486 2707 ἐπιμένει,
1516 2639 1651 2691 ἀλλά
1682 2641 1787 2693 πά-

205 2720 299 2773 λιν
331 2722 424 2774 ἐπὶ
477 2721 793 2791 παραίνεσιν
848 2724 1039 2794 τρέπει
1089 2726 1183 2778 τὸν
1236 2726 1415 2795 λόγον,
1467 2728 1658 2796 λέγων·
1688 2729 1786 2797 Μὴ

208 2810 547 2873 πλανᾶσθε.
570 2812 921 2880 φθείρουσιν
940 2815 1055 2882 ἢθη
1084 2818 1316 2883 χρηστὰ
1346 2820 1571 2886 ὁμιλίαι
1587 2820 1785 2875 κακαί.

208 2899 403 2954 Ταῦτα
431 2902 488 2953 δὲ
523 2901 730 2971 ἔλεγεν,
761 2904 892 2973 ὁμοῦ
923 2906 1023 2974 μὲν
1051 2906 1230 2959 αὐτῶν
1261 2908 1676 2979 καθαπτόμενος
1712 2909 1789 2971 ὡς

202 2990 477 3060 ἀνοήτων·
508 2995 721 3067 χρηστά
747 2994 856 3064 γὰρ
881 2996 1116 3050 ἐνταῦθα
1136 2998 1397 3067 εὐφήμως
1420 2998 1487 3051 τά
1517 2997 1788 3063 εὐεξαπά-

206 3096 355 3148 τητα
378 3082 653 3136 ἐκάλεσεν·
681 3066 818 3151 όμοῦ
844 3085 899 3137 δὲ
930 3085 1006 3148 ὼς
1028 3081 1138 3139 οἶόν
1165 3086 1227 3138 τέ
1264 3066 1385 3141 ἐστι
1417 3088 1513 3141 καὶ
1542 3088 1787 3157 συγγνὼ-

210 3188 327 3241 μης
353 3170 495 3241 ὑπὲρ
517 3173 628 3225 τῶν
651 3172 960 3245 ἔμπροσθεν
1004 3177 1190 3239 αὐτοῖς
1238 3179 1574 3247 μεταδιδοὺς,
1605 3182 1699 3233 καὶ
1726 3182 1787 3234 τὸ

206 3260 380 3314 πλέον
414 3261 523 3314 τῶν
556 3263 918 3333 ἐγκλημάτων
956 3267 1468 3337 ἀποσκευαζόμενος
1516 3271 1610 3323 ἀπ’
1638 3272 1781 3324 ἐκείο

204 3368 321 3406 νων
354 3354 446 3406 καὶ
470 3355 551 3417 είς
580 3355 803 3424 ἑτέρους
836 3358 1163 3426 μετατιθεὶς,
1198 3358 1338 3412 ὥστε
1366 3361 1461 3413 καὶ
1499 3361 1670 3432 ταύτῃ
1706 3363 1784 3424 είς

211 3444 505 3512 μετάνοιαν
548 3446 741 3508 αὐτοὺς
770 3447 1195 3515 ἐφελκύσασθαι.
1231 3453 1297 3503 Ὃ
1330 3453 1422 3506 καὶ
1451 3451 1509 3504 ἐν
1543 3455 1606 3523 τῇ
1648 3451 1785 3522 πρὸς

207 3532 458 3595 Γαλάτας
479 3535 768 3606 Ἐπιστολῇ
820 3539 966 3590 ποιεῖ
1015 3537 1206 3605 λέγων·
1244 3541 1305 3599 '0
1351 3541 1419 3593 δὲ
1465 3541 1786 3608 ταράσσων

204 3620 369 3690 ὑμᾶς
392 3624 691 3686 ,βαστάσει
722 3626 786 3678 τὸ
825 3626 1022 3693 κρῖμα,
1050 3626 1219 3691 ὅστις
1250 3627 1327 3680 ἂν
1450 3629 1784 3696 Ἐκνήψ-ατε

205 3712 471 3779 δικαίως,
516 3714 614 3767 καί
664 3713 749 3782 μὴ
798 3716 1183 3784 ἁμαρτάνετε·
1211 3718 1287 3781 ὼς
1313 3718 1447 3789 πρὸς
1486 3719 1783 3789 μεθύοντας

206 3802 307 3856 καὶ
338 3804 716 3873 μαινομένους.
773 3804 848 3857 Τὸ
900 3806 1010 3876 γὰρ
1051 3805 1246 3875 ἀθρόον
1277 3807 1455 3859 πάντα
1512 3807 1626 3883 ἀπο
1674 3807 1783 3861 τῶν

206 3893 409 3964 χειρῶν
443 3894 616 3965 ῥῖψαι,
660 3896 969 3965 μεθυόντων
1023 3899 1118 3951 καὶ
1175 3900 1513 3967 μαινομένων
1558 3896 1649 3971 ἦν,
1704 3899 1782 3970 τῷ

210 3983 410 4054 μηκέτι
443 3988 573 4056 ὁρᾷν
600 3986 636 4040 ἀ
659 3985 866 4056 ἐώρων.
895 3988 1027 4061 μηδὲ
1077 3990 1351 4042 πιστεύειν
1374 3986 1455 4053 οἷς
1475 3990 1782 4057 ἔμπροσθεν

204 4072 588 4144 ὡμολόγησαν.
620 4076 685 4128 Τί
716 4077 774 4129 δέ
805 4079 941 4131 ἐστι.
974 4080 1257 4144 Δικαὶως;
1302 4081 1424 4140 Ἐπὶ
1451 4080 1781 4151 συμφέροντι

204 4163 304 4216 καὶ
336 4166 609 4233 χρησίμῳ.
647 4165 802 4217 Ἔστι
844 4167 953 4239 γὰρ
1004 4168 1203 4230 ἀδίκως
1252 4171 1463 4239 νήφειν,
1516 4170 1647 4223 ὅταν
1689 4170 1781 4222 ἐπὶ

208 4252 383 4323 βλάϐῃ
414 4254 514 4323 τῆς
536 4254 729 4307 ἐαυτοῦ
752 4257 929 4327 ψυχῆς
950 4258 1369 4330 διεγηγερμένος
1389 4278 1473 4323 τις
1585 4260 1781 4323 Καλῶς

202 4342 265 4396 δὲ
294 4344 494 4405 καὶτὸ,
532 4344 627 4411 Μὴ
660 4345 1044 4413 ἁμαρτάνετε,
1082 4350 1410 4419 προσέθηκε,
1455 4349 1668 4410 δεικνὺς
1697 4350 1780 4402 ὅτι

203 4431 455 4485 ἐντεῦθεν
484 4433 668 4497 αὐτοῖς
718 4435 789 4487 τά
841 4437 1133 4507 σπέρματα
1182 4439 1280 4507 τῆς
1332 4439 1609 4502 ἀπιστίας.
1670 4440 1780 4493 Kal

203 4520 477 4592 πολλαχοῦ
501 4524 662 4576 τοῦτο
719 4525 1037 4587 αἰνίττεται,
1087 4528 1169 4580 ὅτι
1222 4530 1332 4598 βίος
1388 4529 1781 4599 διεφθαρμένος

202 4613 421 4682 πονηρά
447 4614 621 4667 τίκτει
650 4616 913 4685 δόγματα·
942 4617 1016 4681 ὠς
1037 4619 1162 4671 ὅταν
1189 4619 1514 4689 λέγῃ,⁹Ρίζα
1538 4619 1782 4672 πάντων

201 4702 328 4756 τῶν
350 4704 637 4774 κακῶν’ή
682 4712 1056 4777 φιλαργυρία,
1105 4704 1181 4778 ἧς
1225 4727 1384 4776 τινες
1420 4711 1773 4778 ὀρεγόμενοι,

199 4794 729 4862 ἀπεπλανήθησαν
754 4797 863 4865 τῆς
896 4799 1170 4864 πίστεως.
1195 4800 1304 4851 Kal
1327 4800 1435 4869 γὰρ
1460 4798 1644 4852 πολλοὶ
1669 4799 1779 4851 τῶν

202 4881 421 4954 πονηρά
478 4878 823 4939 συνειδότων
860 4891 1093 4951 ἑαυτοῖς,
1162 4890 1259 4941 καὶ
1315 4890 1377 4942 ού
1439 4889 1777 4959 βουλομένων

199 4974 389 5027 δοῦναι
417 4973 596 5043 δίκην.
624 4976 734 5030 ἀπὸ
754 4977 847 5031 τοῦ
876 4979 1041 5047 φόϐου
1077 4980 1267 5032 τούτου
1292 4981 1389 5033 καὶ
1418 4981 1500 5042 είς
1523 4980 1621 5049 τὴν
1649 4980 1778 5051 περὶ

200 5068 307 5134 τῆς
341 5066 692 5128 ἀναστάσεως
719 5070 1201 5140 παραϐλάπτονται
1235 5070 1436 5127 πίστιν·
1467 5070 1655 5139 ὥσπερ
1684 5066 1777 5122 οὖν

199 5155 253 5205 οἱ
314 5153 523 5222 μεγάλα
579 5155 966 5225 κατορθοῦντες
1023 5160 1120 5212 καὶ
1175 5158 1297 5211 καθ’
1326 5158 1562 5228 ἑκάστην
1607 5158 1777 5228 αὐτὴν

201 5243 530 5313 ἐπιθυμοῦσι
555 5244 656 5313 τὴν
684 5248 893 5316 ἡμέραν
923 5250 1069 5303 ἰδεῖν,
1118 5250 1444 5317 Ἀγνωσίαν
1476 5249 1588 5317 γὰρ
1625 5247 1775 5301 Θεοῦ

201 5349 363 5399 τινες
396 5332 610 5401 ἔχουσι
638 5349 653 5364 ·
689 5335 840 5401 πρὸς
890 5337 1190 5405 ἐντροπὴν
1239 5340 1382 5407 ὑμῖν
1423 5340 1595 5408 λέγω
1634 5339 1776 5409 Ὅρα

203 5420 507 5485 ετῶςπάλιν
539 5422 857 5493 μετατίθησι
908 5426 977 5507 τά
1028 5429 1349 5497 ἐγκλήματα
1399 5430 1480 5491 είς
1530 5427 1770 5497 ἐτέρους.

202 5511 282 5563 οὐ
343 5510 454 5582 γάρ
508 5508 680 5576 εἷπεν,
726 5513 808 5566 ὅτι
848 5514 1147 5583 ’Δγνωσίαν
1206 5518 1378 5587 ἔχετε,
1430 5519 1574 5590 [383]
1635 5519 1772 5585 ἀλλ’,

214 5598 538 5668 Ἅγνωσιαν
590 5604 751 5670 τινὲς
796 5604 1029 5675 ἔχουσι.
1059 5607 1133 5660 T6
1186 5608 1295 5679 γάρ
1357 5614 1423 5680 τῇ
1479 5611 1772 5665 ἀναστάσει

268 5701 299 5733 ⁸
324 5700 585 5764 Legebat"
605 5704 773 5755 ταῦτα.

1248 372 1318 455 IN
1354 373 1571 431 EPIST.
1613 374 1635 429 Ι
1688 374 1780 429 AD
1816 374 1977 433 COR.
2020 376 2261 436 HOMIL.
2302 381 2419 439 XL.

3371 404 3479 462 353

1914 495 2236 558 διαπιστεῖν,
2263 496 2324 548 οὐ
2351 497 2556 568 σφόδρα
2582 500 2784 567 είδότος
2822 504 2938 560 ἐστὶ
2966 508 3066 580 τήν
3096 513 3191 565 τοῦ
3222 512 3357 569 Θεοῦ
3385 516 3479 570 δύ-

1908 601 2073 655 ναμιν
2115 587 2215 655 τὴν
2239 588 2449 659 ἄμαχον
2503 592 2597 644 καὶ
2631 595 2768 662 πρὸς
2825 599 3002 654 πάντα
3026 614 3054 643 ι
3083 604 3379 674 ἀρκοῦσαν.
3412 607 3477 662 Εί

1907 678 2017 747 γὰρ
2044 678 2103 742 ἐξ
2126 680 2225 733 οὐκ
2253 681 2423 736 ὄντων
2448 683 2519 737 τά
2545 684 2674 739 ὄντα
2697 689 2939 760 ἐποίησε,
2973 694 3379 765 πολλῷ-μᾶλλον
3409 699 3478 752 τὰ

1905 766 2223 824 διαλυθέντα
2247 772 2535 843 δυνήσεται
2565 778 2890 847 ἀναστῆσαι.
2918 783 3028 834 Kal
3047 786 3233 855 ἐπειδὴ
3270 788 3477 858 σφόδρα

1905 858 2084 912 αὐτῶν
2125 860 2430 932 καθήψατο,
2461 866 2555 919 καὶ
2592 866 2711 936 μεθ’
2741 868 3046 942 ὑπερϐολῆς
3086 875 3473 947 ἐκωμῷδησεν,

1906 946 2507 1034 είςᾲγαστριμαργίαν,
2564 955 2644 1016 είς
2702 956 2906 1023 ἄνοιαν,
2956 962 3035 1023 είς
3092 946 3474 1034 παραπληξίαν

1903 1032 2240 1100 διαϐάλλων,
2300 1040 2793 1111 παραμυθούμενος
2846 1048 2915 1100 τὰ
2967 1032 3258 1118 είρημένα,
3317 1032 3471 1122 φησί·

1901 1123 2060 1209 Πρὸς
2088 1122 2391 1193 ἐντροπὴν
2420 1129 2561 1196 ὑμῖν
2593 1132 2768 1200 λέγω,
2818 1136 3118 1199 τουτέστιν,
3144 1138 3284 1190 ὥστε
3330 1140 3475 1209 διορ-

1903 1208 2096 1276 θῶσαι,
2152 1211 2293 1265 ὥστε
2328 1216 2717 1286 ἐπαναγαγεῖν,
2742 1220 2881 1274 ὥστε
2916 1224 3305 1291 αἰσχυνθέντας
3330 1208 3475 1296 ύμάς

1902 1296 2154 1363 γενέσθαι
2186 1298 2446 1368 βελτίους.
2478 1304 2693 1358 Δέδοικε
2728 1307 2835 1377 γάρ
2869 1309 2945 1381 μὴ
2977 1312 3119 1381 πέρα
3140 1312 3233 1365 τοῦ
3263 1313 3474 1378 δέοντος

1900 1385 2103 1455 τεμὼν,
2132 1388 2539 1462 ἀποσκιρτῑμται
2572 1397 2794 1466 ποιήσῃ.

1969 1477 2032 1531 δ’.
2066 1478 2251 1569 Ταῦτα
2277 1480 2333 1534 δὲ
2361 1484 2435 1553 μὴ
2455 1483 2591 1554 πρὸς
2616 1486 2856 1551 ἐκείνους
2883 1490 3132 1560 εἰρῆσθαι
3162 1496 3472 1569 νομίζωμεν

1902 1566 2085 1636 μόνον,
2115 1568 2251 1623 ἀλλά
2276 1571 2371 1624 καὶ
2404 1573 2499 1625 νῦν
2528 1575 2780 1644 είρῆσθαι
2813 1578 2951 1648 πρὸς
2976 1580 3225 1641 ἅπαντας
3250 1566 3383 1648 τοὺς*
3403 1586 3471 1639 τά

1898 1656 2038 1710 αύτά
2068 1657 2374 1724 νοσοῦντας,
2399 1663 2493 1714 καὶ
2523 1663 2648 1726 τοὺς
2670 1665 2783 1735 βίον
2813 1666 3202 1741 διεφθαρμένον
3228 1672 3467 1743 ἔχοντας.

1897 1747 2009 1799 Kal
2043 1750 2151 1820 γάρ
2181 1750 2277 1820 οὐχ
2323 1753 2372 1805 οί
2416 1752 2485 1805 τὰ
2520 1756 2729 1826 πονηρά
2766 1757 3008 1828 δόγματα
3042 1761 3257 1830 ἔχοντες
3286 1766 3467 1834 μόνον,

1897 1837 2032 1890 ἀλλά
2078 1840 2198 1892 »καὶ
2269 1842 2321 1893 οί
2400 1842 2692 1911 ἁμαρτίαις
2760 1849 3109 1919 κατεχόμενοι
3178 1853 3467 1922 χαλεπαῖς,

1900 1926 2155 1994 μεθύουσί
2179 1946 2239 1981 τε
2268 1930 2366 1982 καὶ
2401 1932 2796 2000 παραπαίουσι.
2845 1938 2936 1991 Διὸ
2962 1940 3056 1993 καὶ
3098 1944 3235 2011 πρὸς
3270 1944 3468 2009 αὐτοὺς

1898 2014 1964 2067 ἂν
1985 2016 2199 2101 λεχθείη
2223 2018 2443 2083 δικαίως
2460 2021 2540 2087 τὸ,
2578 2024 2928 2093 Ἐκνήψατε,
2952 2031 3047 2082 καὶ
3078 2032 3312 2099 μάλιστα
3333 2037 3468 2105 πρὸς

1893 2098 2018 2169 τοὺς
2072 2106 2149 2178 τῷ
2186 2110 2338 2180 κάρῳ
2373 2111 2472 2180 τῆς
2520 2112 2827 2179 πλεονεξίας
2867 2098 3295 2189 βεϐαρημένους.
3342 2098 3469 2188 τοὺς

1894 2194 2078 2259 κακῶς
2116 2198 2482 2268 ἁρπάζοντας.
2528 2203 2683 2255 Ἐστι
2714 2205 2821 2275 γὰρ
2855 2208 3075 2279 ἁρπαγή
3115 2210 3254 2281 καλὴ
3285 2214 3317 2282 ή
3356 2214 3469 2267 τῶν

1892 2282 2136 2375 οὐρανῶν
2160 2287 2403 2359 ἁρπαγή,
2452 2291 2485 2360 ή
2522 2290 2687 2361 μηδὲν
2716 2292 3045 2362 βλάπτουσα.
3090 2300 3178 2354 Ἐν
3220 2302 3319 2371 μὲν
3356 2306 3465 2375 γὰρ

1890 2374 2006 2433 τοῖς
2030 2373 2307 2443 χρήμασιν
2346 2378 2445 2429 οὐκ
2481 2378 2846 2451 ἐστιν’ἐτερον
2882 2387 3134 2452 γενέσθαι
3187 2373 3461 2457 πλούσιον,

1895 2461 1968 2530 μὴ
2000 2462 2186 2532 ἐτέρου
2224 2466 2485 2536 πρότερον
2520 2471 2811 2541 γενομένου
2853 2476 3113 2544 πένητος·
3149 2480 3241 2531 ἐπὶ
3277 2481 3331 2532 δὲ
3356 2481 3466 2535 τῶν

1891 2551 2278 2618 πνευματικῶν
2313 2554 2413 2606 οὐκ
2450 2555 2527 2607 ἔνι
2561 2558 2738 2625 τοῦτο,
2774 2561 2909 2615 ἀλλά
2947 2565 3255 2620 τούναντίον
3294 2570 3463 2636 ἅπαν,

1889 2638 1988 2689 οὐκ
2012 2638 2124 2691 ἐστι
2150 2640 2271 2693 τινά
2289 2642 2541 2708 γενέσθαι
2559 2644 2831 2711 πλούσιον,
2861 2649 2934 2720 μὴ
2954 2651 3139 2720 ἕτερον
3162 2657 3464 2729 ποιήσαντα
3488 2661 3507 2680 ⁸

1888 2722 2246 2794 εὔπορον-ἀν
2280 2729 2389 2799 γὰρ
2430 2730 2632 2800 μηδένα
2674 2732 2986 2807 ὠφελησῃς,
3031 2739 3091 2789 οὺ
3130 2722 3338 2813 δυνήσῃ
3370 2757 3465 2810 γε·

1888 2814 2070 2868 νέσθαι
2101 2815 2351 2888 εὔπορος.
2389 2819 2475 2873 Ἐν
2511 2822 2608 2890 μὲν
2636 2823 2743 2894 γὰρ
2778 2829 2889 2887 τοῖς
2921 2832 3254 2897 σωματικοῖς
3287 2833 3320 2900 ή
3366 2848 3465 2901 με·

1888 2906 2099 2969 τάδοσις
2139 2908 2366 2977 μείωσιν
2405 2914 2551 2964 ποιεῖ
2592 2929 2605 2943 ·
2642 2914 2700 2966 ἐν
2735 2915 2791 2967 δέ
2828 2919 2943 2980 τοῖς
2996 2923 3387 2991 πνευματικοῖς
3424 2926 3459 2994 ή

1890 3000 2173 3067 μετάδοσις
2217 3001 2553 3072 πλεονασμὸν
2595 3005 2918 3077 ἐργάζεται,
2960 3010 3055 3062 καὶ
3088 3009 3148 3063 τὸ
3184 3011 3257 3081 μὴ
3292 3029 3462 3081 μετα-

1884 3088 2086 3153 δοῦναι,
2115 3088 2270 3142 τοῦτο
2310 3092 2510 3162 πολλὴν
2538 3095 2731 3149 πενίαν
2780 3099 3201 3162 κατασκευάζει.
3242 3101 3337 3153 καὶ
3367 3101 3462 3155 x6-

1885 3178 2041 3231 λασιν
2070 3178 2304 3248 ἐσχάτην
2332 3180 2547 3250 ἐπάγει.
2596 3186 2707 3237 Kal
2742 3186 2978 3240 δείκνυσι
3024 3188 3181 3241 τοῦτο
3209 3192 3239 3243 6
3268 3191 3328 3245 τὸ
3360 3193 3462 3245 τά-

1884 3267 2075 3322 λαντον
2099 3270 2421 3339 κατορύξας.
2453 3273 2561 3325 Kal
2592 3274 2698 3343 7&9
2720 3276 2749 3327 6
2773 3276 2927 3345 λόγον
2951 3278 3092 3349 ἔχων
3117 3282 3331 3349 σοφίας,
3354 3300 3456 3353 μεν

1885 3355 2078 3417 ταδοὺς
2139 3356 2333 3427 ἑτέρῳ,
2393 3358 2596 3430 ηὔξησε
2669 3363 2768 3433 τὴν
2835 3368 3172 3435 περιουσίαν,
3230 3370 3458 3433 πολλοὺς

1887 3447 2118 3515 ποιήσας
2145 3448 2271 3508 τοὺς
2297 3450 2494 3516 σοφούς
2517 3466 2531 3481 ⁸
2561 3452 2697 3504 οῐκοι
2724 3454 2781 3505 δὲ
2812 3458 3190 3526 κατακρύψας,
3224 3459 3457 3512 ἀπεστέ-

1886 3550 2051 3604 ρησεν
2095 3535 2287 3587 ἐαυτὸν
2334 3536 2433 3605 τῆς
2481 3528 2819 3605 περιουσίας,
2870 3542 2932 3594 ού
2975 3545 3315 3613 κτησάμενος
3355 3546 3455 3617 τὴν

1882 3624 1990 3677 τῶν
2022 3624 2229 3677 πολλῶν
2250 3625 2536 3694 ὠφέλειαν.
2579 3628 2747 3683 Πάλιν
2777 3632 2804 3683 6
2829 3632 3141 3703 χαρίσματα
3169 3635 3309 3704 ἔχων
3339 3636 3455 3688 ἐτε-

1884 3730 1975 3783 ρα,
2030 3714 2256 3777 πολλοὺς
2306 3718 2598 3785 ίασάμενος
2638 3720 2869 3783 ἐξέτεινε
2922 3722 3020 3793 τὴν
3067 3724 3306 3793 δωρεάν·
3360 3728 3455 3777 καὶ

1880 3801 2005 3854 οὔτε
2051 3804 2211 3866 αὑτὸς
2270 3805 2571 3877 ἐξεκενώθη
2614 3811 2678 3879 τῇ
2731 3810 3047 3879 μεταδόσει,
3085 3815 3176 3865 καὶ
3226 3814 3455 3878 πολλοὺς

1882 3894 2099 3964 ἐτέρους
2130 3896 2392 3965 ἐνέπλησε
2426 3897 2526 3967 τῆς
2553 3902 2930 3972 πνευματικῆς
2955 3902 3181 3973 δωρεᾶς.
3222 3905 3331 3957 Kal
3359 3906 3453 3959 ἐπὶ

1883 3984 2101 4036 πάντων
2155 3984 2264 4037 τῶν
2306 3988 2690 4055 πνευματικῶν
2718 3989 2971 4060 ἀκίνητος
2999 3988 3152 4054 οὗτος
3187 3994 3214 4045 6
3273 3992 3452 4047 κανὼν

1881 4074 2141 4143 διαμένει.
2178 4074 2338 4127 Οὕτω
2365 4078 2460 4128 καὶ
2487 4078 2578 4129 ἐπὶ
2605 4079 2703 4147 τῆς
2744 4079 3038 4148 βασιλείας,
3069 4086 3097 4135 6
3123 4083 3221 4153 μὲν
3256 4102 3454 4138 κοινω-

1884 4164 2004 4226 νοὺς
2047 4164 2272 4227 πολλοὺς
2313 4167 2735 4232 κατασκευάζων
2782 4172 2959 4241 ἐαυτῷ
2992 4174 3088 4242 τῆς
3138 4173 3451 4243 βασιλείας,

1881 4254 2053 4325 ταύτῃ
2095 4254 2355 4325 μειζόνως
2386 4258 2553 4328 αὐτῆς
2579 4260 2942 4315 ἀπολαύσεται
2976 4262 3136 4317 πάλιν
3157 4280 3171 4294 ⁸
3196 4267 3223 4318 6
3250 4265 3305 4317 δὲ
3343 4282 3451 4334 μη-

1880 4345 2003 4398 δένα
2034 4347 2346 4410 σπουδάζων
2372 4348 2554 4401 λαϐεῖν
2589 4352 2861 4417 κοινωνὸν,
2891 4354 2984 4405 καὶ
3015 4354 3177 4417 αὐτὸς
3200 4357 3454 4407 ἐκπεσεῖ-

1879 4454 1970 4489 ται
1996 4436 2104 4490 τῶν
2138 4438 2347 4492 πολλῶν
2376 4440 2597 4507 ἀγαθῶν
2641 4442 2882 4496 ἐκείνων.
2927 4445 2990 4496 El
3023 4445 3130 4513 γὰρ
3158 4446 3189 4511 ή
3227 4449 3385 4512 σοφία
3419 4448 3453 4510 ή

1880 4529 2110 4599 αἰσθητή
2143 4530 2201 4583 ού
2235 4530 2561 4595 δαπανᾶται,
2593 4534 2801 4603 μυρίων
2839 4536 3212 4603 ἁρπαζόντων,
3258 4537 3379 4598 οὔτε
3426 4540 3454 4589 6

1879 4621 2130 4690 τεχνίτης
2156 4620 2383 4684 πολλοὺς
2412 4624 2535 4684 τοὺς
2570 4624 2818 4692 τεχνίτας
2858 4624 3025 4678 ποιῶν
3064 4626 3324 4679 ἀπόλλυσι
3354 4626 3453 4696 τὴν

1879 4708 2095 4778 τέχνην,
2119 4708 2308 4779 ’πολλῷ
2328 4711 2529 4779 μᾶλλον
2557 4714 2586 4765 6
2603 4713 2701 4782 τὴν
2726 4712 3001 4782 βασιλείαν
3026 4716 3286 4785 ἁρπάζων
3307 4716 3457 4769 ἐλάτ-

1878 4814 2011 4852 τονα
2061 4800 2161 4852 οὐκ
2218 4801 2507 4869 ἐργάζεται
2536 4841 2552 4867 ,
2608 4804 2747 4857 ἀλλά
2798 4805 2919 4857 τότε
2972 4805 3171 4857 πλείων
3223 4806 3376 4858 ἐσται
3423 4807 3455 4859 6

1879 4890 2105 4952 πλοῦτος
2124 4892 2278 4960 ήμῖν,
2308 4892 2435 4944 ὅταν
2458 4892 2682 4956 πολλοὺς
2700 4896 2795 4948 ἐπὶ
2824 4895 2981 4948 τοῦτο
3007 4896 3280 4963 καλῶμεν,
3323 4897 3454 4967 Ἀρ-

1881 4983 2144 5050 πάσωμεν
2174 4983 2352 5035 τοίνυν
2384 4983 2454 5035 τά
2489 4983 2564 5053 μὴ
2597 4984 3020 5056 ἀναλισκόμενα,
3050 4986 3188 5039 ἀλλά
3220 4985 3453 5040 πλεονά-

1878 5069 2039 5135 ζοντα
2061 5073 2120 5124 ἐν
2139 5072 2217 5142 τῷ
2244 5074 2605 5141 ἁρπάζεσθαι·
2631 5073 2783 5147 [584]
2802 5076 3138 5147 ἀρπάσωμεν
3159 5077 3227 5129 τά
3250 5075 3453 5145 μηδένα

1877 5163 2069 5229 ἔχοντα
2111 5161 2473 5229 συκοφάντην.
2526 5163 2729 5230 μηδένα
2770 5163 3055 5230 βάσκανον.
3101 5163 3213 5216 Καὶ
3249 5162 3359 5231 γάρ
3403 5163 3455 5216 εί

1876 5244 2101 5313 χρυσίου
2131 5239 2407 5313 τόπος’ἦν
2454 5246 2639 5315 πηγὴν
2681 5246 2821 5316 ἔχων
2862 5247 3272 5311 ἀναϐλύζουσαν
3324 5250 3453 5302 ἀέν-

1874 5351 2021 5398 ναον,
2061 5333 2156 5386 καὶ
2182 5333 2420 5403 τοσούτῳ
2448 5334 2607 5389 πλέον
2644 5337 2887 5408 ἐπέρρει,
2928 5339 3040 5409 ὅσῳ
3082 5339 3245 5393 πλέον
3290 5339 3450 5406 ἐξην-

1878 5426 2074 5489 τλεῖτο,
2109 5425 2292 5494 ἕτερος
2338 5425 2395 5478 δέ
2439 5428 2605 5490 τόπος
2633 5423 2702 5498 ἦν
2733 5429 3005 5501 θησαυρὸν
3041 5431 3181 5501 έχων
3210 5445 3451 5497 κατορω-

1881 5516 2166 5588 ρυγμένον,
2211 5515 2374 5569 πόθεν
2410 5516 2477 5570 ἀν
2517 5517 2787 5589 ἠθέλησας
2814 5524 3097 5587 πλουτείνς
3142 5519 3263 5587 οὐχὶ
3308 5519 3451 5570 ἐκεῖ·

1875 5606 2004 5671 θεν;
2044 5606 2231 5675 Δῆλον.
2286 5608 2445 5672 Ἀλλ’,
2495 5612 2581 5665 ἵνα
2615 5613 2688 5683 μὴ
2724 5611 2867 5682 λόγῳ
2897 5610 3055 5664 τοῦτο
3104 5609 3269 5679 μόνον
3311 5605 3443 5660 ἀνα-

1880 5698 2191 5768 πλάσωμεν,
2219 5698 2503 5768 λογίσασθε
2532 5702 2621 5755 ἐπὶ
2642 5702 2735 5755 τοῦ
2764 5702 2923 5773 ἀέρος
2953 5702 3012 5755 τὸ
3037 5700 3327 5773 εἰρημένον
3352 5698 3447 5753 καὶ
