4060 6346
562 490 661 543 ιπὶ
685 487 781 542 τοῦ
806 488 989 560 ἡλίου·
1020 483 1193 541 ταῦτα
1228 483 1338 555 γὰρ
1376 479 1678 553 ἀρπάζεται
1710 476 1863 547 παρὰ
1889 475 2131 536 πάντων,

562 594 659 633 και
686 577 893 641 πάντας
924 577 1121 646 πληροῖ
1145 591 1157 605 ο
1185 573 1326 626 ἀλλά
1352 570 1523 625 ταῦτα
1555 570 1673 639 μὲν,
1715 568 1810 621 καὶ
1837 564 2135 619 ἀπολαυόν-

558 685 671 722 των
700 672 796 723 καὶ
831 667 907 739 μὴ
951 665 1357 724 ἀπολαυόντων,
1391 662 1551 729 ὃμοια
1591 658 1741 729 μένει
1778 656 1852 727 μὴ
1887 652 2137 708 ἐλαττού-

562 776 721 826 μενα.
761 761 826 811 Ὃ
851 758 911 810 δὲ
938 756 1049 824 ἐγὼ
1076 750 1253 815 εἷπον,
1299 751 1477 819 πολλῷ
1512 750 1695 820 μεῖζόν
1725 750 1893 800 ἐστιν.
1922 747 1997 798 Οὐ
2027 745 2136 815 γὰρ

558 848 721 916 ὁμοία
752 849 900 916 μένει
931 848 965 916 η
998 845 1340 913 πνευματικὴ
1374 841 1530 908 σοφία
1562 838 1902 907 διαδιδομένη
1932 837 2027 887 καὶ
2059 835 2133 905 μὴ

559 937 925 1005 διαδιδομένη,
959 935 1072 987 ἀλλ’
1106 932 1327 995 αὒξεται
1357 931 1555 999 μᾶλλον
1579 926 1940 995 διαδιδομένη.
1987 922 2050 975 Εἰ
2075 923 2133 975 δέ

1277 368 1336 425 8.
1368 362 1655 423 JOANNIS
1689 354 2176 417 CHRYSOSTOIII
2215 355 2537 412 ARCHIEP.
2578 356 3113 413 CONSTANTINOP

3712 359 3812 417 σει

2240 470 2432 534 πόδας,
2481 472 2567 525 ῖνα
2612 472 2688 543 μὴ
2732 472 2978 542 δεώμεθα
3019 470 3261 525 οἰκετῶν.
3292 470 3425 524 Οὑδέ
3470 472 3578 543 γὰρ
3626 474 3814 544 χρείας

2236 559 2420 612 ἱνεκεν
2447 560 2508 612 τὸ
2555 560 2664 613 τῶν
2708 560 2909 613 δούλων
2950 560 3249 631 ἐπεισήχθη
3301 562 3491 629 γένος,
3527 564 3651 616 ἐπεὶ
3681 566 3814 629 μετά

2235 649 2329 704 τοῦ
2368 650 2546 723 »Ἀδάμ
2582 651 2825 722 ἐπλάσθη
2865 651 2932 704 ἂν
2973 652 3069 705 καὶ
3103 652 3289 716 δοῦλος
3328 668 3341 682 ·
3378 652 3494 706 ἀλλ’
3535 655 3815 727 ἁμαρτίας

2237 741 2354 792 ἐστί
2376 741 2436 793 τὸ
2466 742 2761 811 ἐπιτίμιον,
2798 742 2895 796 καὶ
2935 742 3034 812 τῆς
3075 742 3362 811 παρακοῆς
3392 745 3425 813 ἡ
3462 744 3706 808 κόλασις.
3758 746 3815 797 '0

2238 832 2293 884 δὲ
2324 833 2556 901 Χριστὸς
2598 833 3061 903 παραγενόμενος,
3094 832 3191 885 καὶ
3229 833 3385 886 τοῦτο
3427 832 3620 885 ἔλυσεν
3644 855 3657 865 -
3717 834 3817 887 Ἔν

2236 920 2349 988 γὰρ
2377 922 2606 989 Χριστῷ
2646 920 2852 989 Ἰησοῦ
2879 924 2991 975 οὐκ
3013 922 3146 975 ἐστι
3170 920 3391 987 δοῦλος
3419 921 3563 974 οὐδὲ
3579 922 3817 975 ἐλεύθε-

559 1045 649 1089 τις
681 1028 782 1079 οὐκ
814 1028 1066 1095 ἀνέχεται
1116 1026 1224 1076 τῶν
1270 1022 1593 1093 εἰρημένων,
1641 1019 1757 1073 ἀλλ’
1786 1019 1867 1071 ἔτι
1914 1019 1981 1086 τῇ
2029 1016 2141 1069 τῶν
2231 1026 2362 1075 ρος.
2390 1011 2551 1062 ’Ὥστε
2571 1010 2672 1063 οὐκ
2694 1012 2989 1078 ἀναγκαῖον
3018 1011 3080 1063 τὸ
3106 1009 3290 1063 δοῦλον
3321 1011 3464 1080 ἔχειν
3484 1028 3499 1042 ο
3540 1014 3590 1063 εἰ
3635 1013 3694 1065 δέ
3724 1011 3818 1065 καί⁵

562 1116 833 1185 βιωτικῶν
861 1115 1197 1184 προστέτηκε
1229 1114 1389 1181 πενία
1416 1110 1679 1180 ἁρπάζων
1709 1109 1777 1162 τὰ
1808 1106 2135 1175 ἐλαττούμε-

560 1222 648 1264 να.
683 1206 785 1257 κάν
842 1204 1017 1272 τούτῳ
1052 1203 1211 1255 πάλιν
1252 1198 1749 1269 ἀναμιμνησκέσθω
1791 1196 1893 1263 τῆς
1934 1196 2139 1265 τροφῆς

558 1294 655 1347 τοῦ
705 1295 897 1364 μάννα,
940 1295 1035 1345 καὶ
1074 1290 1344 1361 φοϐείσθω
1370 1291 1433 1341 τὸ
1464 1288 1811 1356 παράδειγμα
1849 1286 1946 1352 τῆς
1989 1285 2140 1337 κολά-

560 1399 719 1444 σεως.
758 1384 935 1451 Ὅπερ
985 1381 1092 1448 γὰρ
1136 1378 1221 1431 ἐπ’
1256 1377 1469 1443 ἐκείνης
1520 1375 1820 1436 συνέϐαινε,
1850 1372 2007 1425 τοῦτο
2048 1373 2141 1424 καὶ

558 1468 779 1522 ἐπὶτῶν
799 1466 1268 1519 πλεονεκτούντων
1283 1464 1378 1517 νῦν
1398 1462 1646 1515 ἐκϐαῖνον
1670 1462 1815 1513 ἐστιν
1835 1461 2053 1513 ίδείν.Τί
2081 1460 2138 1511 δέ

556 1548 680 1599 τότε
704 1548 982 1600 συνέϐαινε
999 1565 1012 1613 ;
1030 1546 1317 1614 Σκώληκες
1336 1545 1528 1609 ἔϐρυον
1551 1544 1656 1596 ἀπὸ
1674 1544 1767 1612 τῆς
1801 1542 2136 1607 πλεονεξίας.

629 1656 802 1708 Τοῦτο
847 1656 941 1706 καὶ
981 1653 1077 1705 νῦν
1120 1653 1329 1719 γίνεται
1370 1652 1461 1703 ἐπὶ¹
1501 1650 1723 1701 τούτων.
1759 1647 1844 1711 ,Τὸ
1891 1648 1989 1715 μὲν
2029 1646 2137 1715 γὰρ

562 1745 761 1816 μέτρον
785 1743 885 1811 τῆς
934 1741 1141 1811 τροφῆς
1180 1740 1238 1791 τὺ
1267 1739 1398 1791 αὐτὸ
1438 1737 1641 1791 ἅπασι·
1680 1734 1810 1803 μίαν
1854 1733 1961 1800 γὰρ
1997 1732 2138 1801 πλη-

561 1836 762 1906 ροῦμεν
782 1833 1026 1901 γαστέρα
1052 1848 1063 1861 ·
1094 1833 1126 1901 ἡ
1170 1830 1225 1882 δέ
1272 1830 1477 1897 κόπρος
1504 1826 1655 1894 παρά
1689 1827 1772 1877 σοὶ
1822 1823 2023 1875 πλείων
2059 1822 2138 1891 τῷ

555 1924 853 1995 τρυφῶντι.
891 1924 1000 1976 Kal
1051 1922 1301 1989 καθάπερ
1344 1922 1460 1971 ἐκεῖ
1500 1921 1557 1969 ἐν
1586 1920 1705 1977 ταῖς
1748 1916 1949 1975 οἰκίαις
1987 1915 2035 1965 οί
2078 1914 2138 1964 τὸ

558 2014 723 2067 πλέον
748 2012 859 2066 τοῦ
882 2010 1267 2082 νενομισμένου
1300 2007 1664 2072 συλλέγοντες,
1695 2004 1753 2055 οὐ
1798 2004 1975 2071 μάννα
2007 2019 2137 2052 συν-

555 2104 711 2171 ἦγον,
753 2103 887 2156 ἀλλὰ
933 2100 1219 2167 σκώληκας
1265 2098 1480 2158 πλείους
1526 2096 1617 2147 καὶ
1656 2094 1951 2162 σηπεδόνα·
1993 2093 2137 2144 οὕτω

559 2191 629 2259 δὴ
656 2191 752 2242 καὶ
773 2190 830 2240 ἐν
859 2206 922 2255 τιΔ
994 2187 1131 2253 ουφῇ
1171 2187 1265 2236 καί
1302 2187 1358 2234 ἐν
1403 2186 1469 2252 τῇ
1508 2180 1806 2249 πλεονεξίᾳ,
1837 2181 1895 2231 ού
1925 2178 2132 2248 τροφὴν

557 2280 795 2341 πλείονα,
826 2278 963 2330 ἀλλά
991 2296 1025 2345 φ
1142 2278 1196 2320 ³η)
1227 2275 1444 2328 πλείονα
1475 2275 1797 2339 συνάγουσιν
1827 2270 1876 2322 οἰ
1905 2287 2133 2339 γαστρι-

560 2370 777 2437 ζόμενοι
805 2370 896 2421 καὶ
925 2368 1233 2436 μεθύοντες.
1298 2366 1426 2418 ‘AM’
1455 2366 1601 2434 ὅμως
1646 2362 1887 2430 τοσούτῳ
1918 2362 2134 2431 χείρους

558 2455 785 2507 ἐκείνων
808 2456 855 2506 οἱ
877 2454 990 2520 νῦν,
1008 2457 1116 2523 ὅσῳ
1139 2456 1334 2505 ἐκεῖνοι
1369 2453 1465 2521 μὲν
1496 2450 1641 2511 ἅπαξ
1661 2450 1921 2509 παθόντες
1952 2446 2130 2510 τοῦτο,

557 2540 1069 2609 ἐσωφρονίσθησαν⁸
1106 2536 1249 2593 οὗτοι
1276 2539 1333 2591 δέ
1362 2536 1482 2588 καθ’
1518 2537 1755 2603 ἑκάστην
1795 2534 2006 2601 ἡμέραν
2042 2532 2134 2582 τὸν

558 2630 814 2700 σκώληκα
842 2629 1030 2683 τοῦτον
1061 2630 1267 2681 ἐκείνου
1306 2625 1483 2693 πολλῷ
1511 2623 1887 2693 χαλεπώτερον
1928 2624 2007 2681 εἰς
2035 2622 2134 2683 τὰς

555 2720 734 2781 οἰκίας
761 2720 859 2780 τὰς
880 2718 1089 2770 ἐαυτῶν
1116 2717 1445 2783 εἰσάγοντες.
1472 2715 1593 2765 οὗτε
1623 2713 1982 2776 αἰσθάνονται,
2011 2710 2133 2762 οὕτε

557 2808 928 2879 κορέννυνται.
968 2807 1089 2857 ὐτι
1123 2806 1229 2873 γὰρ
1266 2804 1439 2855 ταῦτα
1460 2804 1688 2864 ἐκείνοις
1709 2802 1850 2854 ἔοικε
1884 2802 2023 2853 κατά
2042 2801 2133 2852 τὸν

556 2901 658 2967 τῆς
698 2896 1085 2966 ματαιοπονίας
1135 2895 1290 2961 λόγον
1371 2897 1456 2963 (τῇ
1507 2893 1614 2963 γάρ
1665 2894 1903 2961 τιμωρία
1952 2890 2132 2959 πολλῷ

556 2990 729 3044 ταῦτα
764 2988 1159 3059 χαλεπώτερα),
1198 2987 1446 3042 ἐντεῦθεν
1480 2988 1691 3039 σκόπει.
1719 2988 1837 3038 Τίνι
1868 2986 1975 3055 γὰρ
2014 2986 2131 3037 δια-

558 3080 715 3149 φέρει
748 3082 776 3133 6
809 3080 1062 3141 πλούσιος
1107 3079 1199 3130 τοῦ
1241 3080 1497 3147 πένητος;
1542 3078 1637 3145 οὐχ
1680 3076 1737 3128 ἐν
1783 3076 1941 3143 σῶμα
1976 3092 2133 3143 περι-

555 3170 773 3235 ϐάλλει;
822 3172 881 3222 ού
926 3170 1056 3239 μίαν
1097 3168 1285 3238 τρέφει
1332 3167 1610 3237 γαστέρα;
1662 3166 1769 3218 τίνι
1813 3162 1905 3219 οὖν
1940 3164 2131 3217 πλεον-

466 3277 473 3281 ’
558 3270 703 3313 εκτεῐ
744 3301 757 3322 ,
808 3261 937 3322 Ταῖς
987 3259 1251 3329 φροντίσι,
1308 3256 1384 3325 τῷ
1435 3256 1794 3318 δαπανᾶσθαι,
1860 3255 1939 3323 τῷ
1994 3256 2135 3325 παρ-

558 3350 777 3403 ακούειν
806 3348 962 3412 Θεοῦ,
989 3348 1065 3415 τῷ
1104 3346 1437 3416 διαφθείρειν
1470 3346 1567 3416 τὴν
1596 3348 1794 3417 σάρκα,
1829 3346 1905 3413 τῷ
1936 3347 2134 3416 λυμαί-

558 3438 747 3490 νεσθαι
772 3436 869 3505 τὴν
900 3436 1099 3505 ψυχήν.
1132 3435 1318 3487 Ταῦτα
1360 3436 1467 3506 γάρ
1509 3438 1673 3497 ἐστιν,
1708 3431 1788 3497 οἷς
1818 3436 2135 3490 πλεονεκτεῖ

555 3527 649 3579 τὸν
677 3526 919 3595 πένητα·
974 3526 1048 3589 ὡς
1082 3526 1134 3577 εἴ
1168 3541 1230 3593 γε
1275 3526 1500 3587 πολλοὺς
1544 3526 1782 3595 ἐπλήρου
1836 3528 2130 3597 γαστέρας,

555 3619 695 3686 τάχα
727 3634 779 3669 τι
811 3618 903 3669 καὶ
945 3615 1124 3683 λέγειν
1169 3612 1333 3684 εἶχεν,
1380 3611 1489 3668 οἷον
1518 3617 1598 3667 ὅτι
1636 3615 1834 3668 πλείων
1884 3624 1917 3686 η
1954 3619 2130 3685 χρεία,

559 3710 653 3760 καὶ
685 3708 883 3777 μείζων
917 3708 950 3776 ἡ
990 3708 1087 3775 τῆς
1132 3708 1378 3775 δαπάνης
1414 3708 1647 3775 ἀνάγκη.
1703 3707 1865 3759 Ἀλλά
1900 3710 1994 3760 καὶ
2038 3709 2134 3761 νῦν

557 3797 761 3867 ἔχουσι,
790 3800 975 3867 φησὶν,
1006 3801 1199 3862 εἰπεῖν,
1235 3800 1316 3850 ὃτι
1342 3798 1543 3859 πολλὰς
1574 3797 1864 3866 πληροῦσι,
1888 3800 1986 3861 τὰς
2022 3799 2133 3851 τῶν

554 3890 803 3952 οἰκετῶν,
832 3889 931 3951 τάς
953 3889 1059 3941 τῶν
1093 3888 1509 3956 θεραπαινίδων.
1552 3887 1691 3938 Ἀλλ’
1721 3890 1781 3939 οὑ
1812 3889 1998 3957 χρείας
2028 3890 2135 3942 ἐνεο

560 3995 674 4042 κεν,
704 3979 829 4031 οὐδέ
875 3976 1283 4047 φιλανθρωπίας
1315 3976 1472 4029 τοῦτο
1513 3977 1717 4043 γίνεται
1745 4019 1759 4042 ,
1798 3977 1932 4029 ἀλλὰ
1966 3978 2132 4047 τύφου

559 4066 742 4140 μόνον.
764 4065 1009 4118 ὄθενούδ*
1026 4066 1091 4118 ἂν
1106 4066 1391 4135 ἀνάσχοιτό
1407 4082 1487 4128 τις
1502 4066 1600 4135 τῆς
1624 4066 1917 4135 ἀπολογίας
1931 4068 2131 4121 αὐτῶν.

629 4226 691 4273 ε’.
722 4218 822 4271 Διά
846 4218 899 4270 τί
930 4218 1038 4288 γὰρ
1060 4217 1286 4279 πολλοὺς
1310 4216 1420 4287 ἔχει
1442 4216 1655 4280 οἰκέτας
1675 4234 1689 4280 ;
1708 4218 1917 4289 Ὠσπερ
1939 4219 2047 4289 γὰρ
2076 4222 2134 4271 ἐν

560 4310 796 4379 ἱματίοις
821 4308 917 4377 τὴν
942 4311 1129 4378 χρείαν
1157 4308 1373 4360 διώκειν
1404 4307 1485 4359 δεῖ
1515 4307 1691 4370 μόνον,
1719 4310 1809 4361 καὶ
1840 4311 1898 4362 ἐν
1928 4310 2134 4377 τραπέ-

558 4400 650 4473 ζῃ,
680 4398 823 4452 οὕτω
851 4398 945 4450 καὶ
964 4401 1021 4451 ἐν
1050 4398 1309 4460 οἰκέταις.
1342 4399 1437 4460 Τίς
1469 4395 1561 4451 οὖν
1599 4400 1632 4469 ὴ
1664 4400 1859 4468 χρεία;
1889 4402 2003 4453 Οὐκ
2043 4400 2132 4452 ac-

556 4510 644 4547 τιν
668 4490 917 4561 οὐδεμία.
952 4490 1062 4543 Kal
1086 4490 1195 4562 γάρ
1233 4492 1314 4542 ἐνὶ
1345 4490 1435 4543 τὸν
1469 4491 1564 4542 ἕνα
1594 4491 1832 4561 χρῆσθαι
1867 4493 2134 4563 δεσπότην

554 4584 741 4652 οἰκέτῃ
771 4582 929 4652 μόνον
960 4583 1153 4652 ἐχρῆν·
1187 4582 1388 4650 μᾶλλον
1411 4581 1466 4635 δὲ
1495 4583 1589 4636 καί
1609 4584 1700 4636 δύο
1737 4585 1833 4638 καί⁵
1866 4589 2011 4656 τρεῖς
2047 4587 2134 4639 δε-

560 4675 763 4735 σπότας
796 4674 876 4725 ἐνὶ
902 4672 1107 4742 οἰκέτῃ.
1145 4674 1209 4726 Εἰ
1240 4672 1298 4724 δὲ
1344 4672 1481 4743 βαρὺ
1516 4673 1692 4739 τοῦτο,
1724 4676 1974 4745 ἐννόησον
2008 4678 2135 4742 τοὺς

555 4763 675 4816 οὐδὲ
709 4762 805 4815 ἕνα
829 4761 1071 4831 ἔχοντας,
1095 4763 1187 4817 καὶ
1222 4763 1595 4834 εὐκολωτέρας
1622 4766 1996 4830 ἀπολαύοντας
2048 4769 2135 4820 θε-

558 4855 787 4929 ραπείας
821 4869 835 4883 ο
865 4853 960 4906 καὶ
988 4854 1094 4921 γὰρ
1116 4854 1413 4924 αὐτάρκεις
1443 4857 1508 4926 τῇ
1538 4854 1783 4928 διακονίᾳ
1823 4861 1889 4929 τῇ
1920 4859 2132 4911 ἑαυτῶν

558 4944 811 5012 ἐποίησεν
850 4941 880 4994 6
919 4941 1075 5006 Θεὸς,
1116 4942 1315 5012 μᾶλλον
1344 4943 1401 4995 δὲ
1436 4944 1531 4996 καὶ
1556 4947 1621 5014 τῇ
1652 4946 1743 4998 τοῦ
1787 4947 2032 5017 πλησίον.
2069 4949 2132 5001 Εἰ

557 5030 901 5095 δὲάπιστείς,
935 5030 1099 5085 ἄκουε
1127 5031 1335 5084 Παύλου
1385 5032 1634 5100 λέγοντος
1671 5049 1687 5063 ”
1742 5036 1874 5099 Ταῖς
1906 5038 2133 5105 χρείαις

552 5137 693 5187 μου,
734 5120 834 5173 καί
863 5119 1014 5192 [585]
1055 5121 1177 5187 τοῖς
1204 5118 1346 5176 οὖσι
1378 5125 1505 5191 μετ’
1554 5125 1701 5193 ἐμοῦ
1742 5128 2136 5194 ὑπηρέτησαν

556 5212 617 5262 αἱ
645 5209 844 5277 χεῖρεξ
874 5208 1071 5269 αὗται.
1125 5210 1258 5268 Εἶτα
1300 5216 1328 5266 6
1366 5214 1464 5283 μὲν
1492 5217 1591 5285 τῆς
1624 5217 1948 5289 οἰκουμένης
1987 5220 2134 5273 διδάρ

558 5301 756 5364 σκαλος
781 5302 874 5354 καὶ
900 5302 1007 5355 τῶν
1031 5304 1274 5373 οὐρανῶν
1301 5305 1449 5371 ἀξιος
1482 5306 1583 5359 οὐκ
1631 5308 1892 5377 ᾐσχύνετο
1921 5310 2136 5380 μυρίοις

558 5391 845 5464 ὑπηρετῶν
874 5408 889 5422 ⁵
924 5393 988 5446 σὺ
1019 5392 1096 5458 δέ,
1139 5396 1186 5445 εἰ
1224 5394 1300 5463 μὴ
1328 5394 1529 5457 mm;
1569 5398 1887 5468 περιφέρεις
1933 5400 2135 5470 ἀνδραέ-

556 5484 735 5538 πόδων
760 5483 982 5551 ἀγέλας,
1007 5483 1231 5553 αἰσχρὸν
1262 5480 1397 5537 εἶναι
1432 5485 1689 5554 νομίζεις,
1730 5490 1829 5543 οὐκ
1864 5491 2020 5552 εἰδὼς
2050 5492 2131 5544 ὅτι

556 5574 713 5627 τοῦτο
739 5575 837 5645 μὲν
864 5569 957 5627 οὖν
982 5574 1218 5645 μάλιστά
1254 5576 1369 5627 ἐστι
1405 5575 1465 5628 τὸ
1507 5579 1863 5647 καταισχῦνόν
1890 5598 1977 5647 σε;
2024 5583 2133 5635 Καὶ

560 5665 667 5737 γὰρ
688 5664 777 5720 διὰ
815 5664 973 5723 τοῦτο
1013 5665 1105 5718 καί
1149 5666 1338 5738 χεῖρας
1383 5666 1517 5739 ἡμῖν
1563 5666 1759 5721 ἔδωκεν
1800 5671 1828 5721 ὁ
1869 5670 1999 5735 Θεὸς
2040 5672 2131 5727 καὶ

2238 1099 2557 1165 ἀναγκαῖον,
2587 1099 2685 1153 ἐνα
2709 1116 2811 1151 που
2848 1100 3029 1168 μόνον,
3066 1098 3097 1167 ἢ
3145 1099 3207 1151 τὸ
3243 1098 3378 1152 πολὺ
3425 1098 3708 1169 δεύτερον.
3753 1099 3816 1149 Τί

2242 1185 2487 1254 βούλεται
2515 1199 2585 1240 τα
2627 1189 2805 1259 σμήνη
2846 1188 2956 1240 τῶν
3002 1187 3262 1250 οἰκετῶν;
3306 1185 3572 1255 Καθάπερ
3615 1186 3726 1256 γάρ
3768 1188 3818 1239 οἰ

2242 1277 2657 1345 πρώατοώλαι
2697 1280 2791 1330 καί⁵
2812 1279 2862 1330 οἰ
2904 1275 3383 1346 σωματοκάπηλοι,
3412 1276 3585 1340 οὕτως
3629 1278 3691 1329 ἐν
3721 1276 3818 1344 βα-

2240 1364 2453 1433 λανείῳ,
2502 1365 2675 1427 οὕτως
2715 1367 2774 1419 ἐν
2813 1368 2993 1439 ἀγορᾷ
3024 1367 3301 1437 περιίασιν
3338 1367 3389 1417 οἰ
3435 1366 3815 1427 πλουτοῦντες.

2242 1452 2387 1521 Πλὴν
2415 1452 2529 1506 ἀλλ’
2549 1455 2701 1509 οὐδὲν
2738 1454 3203 1525 ἀκριϐολογοῦμαι
3230 1469 3245 1484 ο
3278 1455 3418 1508 ἔστω
3452 1471 3535 1507 σοι
3571 1455 3666 1509 καὶ
3707 1452 3819 1506 δεύ-

2239 1558 2394 1611 τερος
2422 1542 2638 1609 οἰκέτης
2669 1559 2683 1574 ο
2711 1543 2759 1595 εἰ
2785 1544 2842 1596 δέ
2866 1543 3092 1607 πολλοὺς
3117 1544 3391 1611 συνάγεις,
3419 1544 3480 1596 οὐ
3510 1543 3821 1613 φιλανθρω-

2195 1678 2207 1687 .
2240 1632 2372 1695 πίας
2396 1632 2581 1685 ’ἐνεκεν
2616 1633 2773 1686 τοῦτο
2814 1637 3009 1699 ποιεῖς,
3056 1635 3191 1688 ἀλλά
3227 1635 3603 1705 θρυπτόμενος
3625 1651 3640 1665 ·
3674 1636 3816 1696 ἐπεὶ,

2241 1725 2289 1775 εἰ
2327 1724 2644 1792 κηδόμενος.
2677 1724 2879 1793 μηδένα
2899 1725 2977 1786 εἰς
3004 1724 3279 1778 διακονίαν
3309 1725 3699 1795 ἀπασχολήσῃς
3724 1724 3819 1793 τὴν

2243 1812 2362 1879 σὴν,
2398 1810 2512 1862 ἀλλ’
2535 1812 2829 1880 ἀγοράσας,
2868 1812 2963 1864 καὶ
2983 1813 3177 1881 τέχνας
3209 1812 3427 1877 διδάξας
3452 1812 3594 1864 ὥστε
3624 1815 3816 1880 ἀρκεῖν

2241 1902 2474 1963 ἑαυτοῖς,
2502 1900 2636 1967 ἄφες
2674 1900 3011 1969 ἐλευθέρους.
3054 1904 3220 1955 Ὅταν
3265 1902 3322 1955 δὲ
3355 1903 3646 1971 μαστίξῃς,
3692 1903 3813 1953 ὅταν

2238 1988 2527 2057 δεσμεύῃς,
2574 1986 2755 2040 ούκέτι
2796 1989 3201 2059 φιλανθρωπίας
3235 1989 3292 2041 τὸ
3331 1988 3508 2057 ἔργον.
3548 1991 3658 2041 Καὶ
3706 1985 3813 2041 οἶδα

2240 2076 2339 2143 μὲν
2364 2076 2445 2127 ὅτι
2480 2077 2733 2143 φορτικός
2755 2079 2872 2144 εἰμι
2894 2080 3007 2138 τοῖς
3038 2076 3327 2130 ἀκούουσιν
3351 2095 3363 2108 ·
3390 2077 3524 2130 ἀλλὰ
3545 2077 3597 2129 τί
3624 2079 3816 2141 πάθω;

2238 2166 2329 2226 Εἰς
2360 2165 2514 2217 τοῦτο
2540 2169 2744 2234 κεῖμαι,
2786 2167 2881 2219 καί
2920 2168 2979 2219 ού
3011 2168 3289 2238 παύσομαι
3328 2168 3501 2220 ταῦτα
3525 2168 3723 2234 λέγων,
3757 2168 3819 2221 ἄν

2236 2273 2295 2309 τε
2323 2258 2543 2325 γένηταί
2563 2275 2614 2308 τι
2640 2256 2823 2318 πλέον,
2848 2258 2911 2310 ἄν
2937 2274 2996 2308 τε
3024 2258 3211 2326 μηδέν.
3240 2257 3305 2309 Τί
3327 2258 3433 2327 γάρ
3459 2274 3539 2309 σοι
3568 2256 3817 2325 βούλεται

2234 2349 2296 2399 τὸ
2335 2348 2512 2399 σοϐεῖν
2558 2349 2649 2399 ἐπὶ
2685 2348 2782 2417 τῆς
2835 2348 3072 2416 ἀγορᾶς;
3117 2349 3190 2417 μὴ
3232 2348 3339 2416 γὰρ
3376 2349 3580 2416 μεταξὺ
3611 2347 3818 2416 θηρίων

2238 2440 2581 2506 περιπατεῖς,
2612 2439 2693 2489 ὅτι
2728 2438 3053 2499 ἀπελαύνεις
3076 2440 3201 2499 τοὺς
3238 2438 3696 2506 ἐντυγχάνονταςς
3729 2437 3818 2507 Μὴ

2237 2528 2478 2597 φοϐηθῇς
2499 2544 2511 2557 ·
2542 2528 2715 2589 οὐδεὶς
2735 2530 2918 2581 δάκνει
2943 2528 3050 2581 τῶν
3076 2529 3432 2597 προσιόντων,
3464 2530 3557 2579 καὶ
3591 2527 3818 2596 πλησίον

2239 2634 2321 2669 σοι
2372 2617 2712 2686 βαδιζόντων.
2772 2618 2911 2670 Ἀλλ’
2952 2617 3107 2687 ὓϐριν
3152 2621 3258 2688 ἡγῇ
3312 2618 3372 2670 τὸ
3411 2619 3545 2687 μετά
3598 2619 3816 2670 πάντων

2239 2707 2621 2775 συμϐαδίζεινς
2658 2709 2769 2759 Kal
2806 2708 2976 2777 πόσης
3002 2708 3177 2761 ταῦτα
3214 2708 3428 2777 μανίας,
3459 2709 3628 2775 πόσης
3664 2725 3816 2776 τερα·

2234 2797 2483 2859 τωδείας,
2516 2798 2605 2848 τὸν
2654 2798 2752 2865 μὲν
2784 2798 2947 2849 ἱππον
2990 2798 3216 2867 πλησίον
3248 2800 3511 2867 ἑπόμενον
3545 2799 3619 2867 μὴ
3665 2799 3815 2868 νομί-

2237 2887 2350 2949 ζειν
2374 2887 2559 2957 φέρειν
2604 2886 2781 2958 ὓϐριν,
2812 2889 3095 2955 ἄνθρωπον
3140 2889 3220 2954 δέ,
3258 2889 3307 2940 εἰ
3341 2889 3413 2958 μὴ
3457 2889 3561 2941 ἀπὸ
3607 2891 3814 2959 μυρίων

2236 2977 2517 3030 ἐλαύνοιτο
2542 2978 2795 3044 σταδίων,
2824 2979 3202 3045 καταισχύνειν
3230 2978 3511 3049 ἡγεῖσθαι;
3553 2980 3617 3031 Τί
3646 2982 3699 3032 δὲ
3724 2982 3815 3033 καὶ

2236 3069 2430 3129 παῖδας
2467 3058 2795 3137 ῥαϐδούχους
2827 3068 2991 3137 ἔχεις,
3022 3077 3097 3130 ως
3115 3069 3320 3130 δούλοις
3347 3071 3684 3139 κεχρημένος
3704 3073 3817 3131 τοῖς

2238 3157 2562 3224 ἐλευθέροις,
2593 3159 2795 3226 μᾶλλον
2824 3158 2880 3210 δέ
2905 3158 3066 3220 αὐτὸς
3094 3158 3292 3220 παντὸς
3321 3160 3813 3229 ἀτιμότεροννοίκέ-

2238 3265 2329 3300 του
2353 3247 2460 3310 ζῶν
2484 3264 2499 3310 ς
2529 3250 2624 3300 καὶ
2640 3249 2747 3317 γὰρ
2772 3250 2969 3311 παντὸς
2987 3250 3365 3318 εὐτελέστερος
3396 3251 3606 3303 οἰκέτου
3637 3251 3665 3300 6
3688 3267 3815 3301 τοσ-

2237 3339 2396 3391 οῦτον
2452 3342 2763 3410 περιφέρων
2794 3338 2980 3407 τῦφον.
3015 3340 3112 3392 Διά
3143 3340 3299 3393 τοῦτο
3327 3340 3448 3392 οὺδέ
3471 3341 3690 3409 ὄψονται
3719 3341 3817 3409 τὴν

2236 3427 2407 3488 δντως
2444 3425 2755 3495 ἐλευθερίαν
2791 3428 2841 3478 οἰ
2874 3425 2952 3495 τῷ
3000 3426 3221 3495 χαλεπῷ
3252 3426 3427 3494 τούτῳ
3477 3427 3817 3479 καταδουλώ-

2239 3533 2429 3576 σαντες
2463 3516 2687 3579 ἑαυτοὺς
2718 3516 2898 3569 πάθει.
2936 3516 2997 3567 Εἰ
3022 3516 3130 3584 γὰρ
3162 3514 3484 3567 ἀπελαύνειν
3510 3515 3688 3583 βούλει
3720 3516 3819 3570 καὶ

2239 3606 2439 3668 σοϐεῖν,
2484 3607 2557 3674 μὴ
2578 3607 2705 3668 τοὺς
2739 3606 3079 3675 προσιόντας,
3116 3606 3249 3657 ἀλλὰ
3274 3604 3365 3657 τὸν
3406 3604 3574 3671 τῦφον
3605 3605 3817 3657 ἀπέλα-

2240 3714 2330 3749 σον
2353 3715 2366 3729 ο
2402 3697 2477 3766 μὴ
2513 3697 2601 3748 διὰ
2642 3695 2735 3748 τοῦ
2780 3696 2989 3759 παιδὸς,
3027 3696 3163 3748 ἀλλά
3192 3696 3279 3748 διὰ
3312 3696 3540 3750 σεαυτοῦ
3572 3711 3584 3723 °
3622 3696 3698 3765 μὴ
3744 3698 3811 3765 τῇ

2241 3788 2467 3855 μάστιγι
2495 3786 2687 3856 ταύτῃ,
2739 3785 2876 3838 ἀλλὰ
2906 3789 2971 3856 τῇ
3006 3788 3371 3854 πνευματικῇ.
3408 3784 3522 3837 Νῦν
3565 3786 3663 3855 μὲν
3706 3786 3814 3856 γάρ

2240 3894 2333 3930 σου
2380 3880 2409 3929 6
2460 3880 2589 3939 παῖς
2639 3876 2932 3929 ἀπελαύνει
2979 3878 3103 3938 τοὺς
3150 3876 3598 3943 συμϐαδίζοντας,
3649 3879 3710 3931 σέ
3756 3878 3814 3930 δέ

2238 3963 2442 4017 ἄνωθεν
2483 3965 2517 4031 ή
2557 3964 2785 4016 ἀπόνοια
2817 3964 3187 4033 αἰσχρότερον,
3225 3965 3256 4031 ἢ
3297 3966 3515 4035 οἰκέτης
3553 3967 3642 4018 τὸν
3678 3966 3818 4035 πλη-

2241 4054 2376 4106 σίον.
2413 4054 2509 4105 Ἂν
2535 4054 2592 4105 δὲ
2626 4054 2733 4106 ἀπὸ
2759 4054 2851 4106 τοῦ
2888 4054 3055 4107 ίππου
3094 4055 3356 4118 καταϐὰς.
3406 4056 3603 4126 ἐλάσῃς
3642 4058 3815 4128 αὐτὴν

2237 4142 2326 4195 διὰ
2356 4145 2454 4211 τῆς
2479 4144 3002 4215 ταπεινοφροσύνης,
3034 4145 3365 4215 ὑψηλότερον
3403 4146 3601 4216 καθεδῇ
3634 4146 3729 4198 καὶ
3756 4148 3815 4200 ἐν

2241 4233 2448 4301 μείζονι
2481 4234 2676 4286 σαυτὸν
2716 4235 3081 4302 καταστήσεις
3121 4236 3276 4303 τιμῇ,
3317 4233 3469 4286 οὐδὲν
3496 4233 3593 4285 τοῦ
3623 4234 3815 4297 παιδὸς

2237 4323 2319 4385 εἰς
2350 4322 2508 4375 τοῦτο
2539 4323 2809 4392 δεόμενος.
2842 4324 3008 4376 Ὅταν
3030 4321 3139 4392 γὰρ
3164 4323 3379 4393 μέτριος
3402 4324 3692 4393 γενόμενος
3715 4342 3815 4393 χα-

2241 4414 2340 4482 μαὶ
2376 4412 2619 4482 βαδίζῃς,
2646 4412 2735 4465 ἐπὶ
2760 4411 2855 4464 τοῦ
2888 4412 3163 4482 ὀχήματος
3197 4412 3394 4482 καθεδῇ
3420 4416 3520 4482 τῆς
3564 4428 3815 4465 ταπεινο-

2239 4503 2513 4572 φροσύνης
2537 4503 2631 4556 τοῦ
2660 4504 2820 4574 μέχρι
2850 4504 2960 4556 τῶν
2989 4505 3233 4573 οὐρανῶν
3266 4520 3326 4555 σε
3359 4504 3675 4571 ἀνάγοντος,
3718 4504 3812 4557 τοῦ

2238 4597 2473 4663 πτηνοὺς
2501 4595 2715 4664 ἔχοντος
2764 4596 2999 4660 ῐππους’
3038 4595 3104 4649 ἀν
3133 4596 3189 4647 δέ
3232 4596 3523 4648 ἀποπεσὼν
3576 4595 3809 4659 ἐκείνου,

2238 4685 2324 4749 εἰς
2342 4685 2402 4737 τὸ
2431 4686 2528 4755 τῆς
2555 4685 2704 4758 [386]
2728 4686 3048 4751 ἀλαζονείας
3081 4685 3343 4755 μεταϐῇς,
3370 4686 3477 4738 τῶν
3504 4686 3678 4755 χαμαὶ
3715 4703 3811 4737 συ-

2242 4774 2483 4842 ρομένων
2512 4776 2763 4847 ἑρπετῶν
2785 4776 2939 4830 οὐδὲν
2958 4777 3189 4844 ’ἄμεινον
3225 4775 3517 4838 διάκεισαι,
3550 4774 3685 4827 ἀλλὰ
3718 4777 3812 4827 καὶ

2238 4864 2563 4937 ἀθλιώτερον
2593 4866 2771 4937 πολλῷ
2796 4867 2892 4920 καὶ
2914 4864 3292 4935 ἐλεεινότερον.
3336 4865 3474 4927 Τοὺς
3499 4864 3597 4934 μὲν
3625 4866 3735 4934 γὰρ
3777 4867 3810 4933 ὴ

2238 4955 2333 5007 τοῦ
2365 4956 2616 5025 σώματος
2642 4959 2891 5027 πήρωσις
2920 4953 3063 5009 οὕτω
3092 4953 3494 5022 καταναγκάζει
3529 4954 3809 5025 σύρεσθαι,

2238 5045 2299 5101 σέ
2325 5047 2383 5100 δέ
2417 5047 2449 5115 ἡ
2482 5046 2581 5115 τῆς
2605 5046 2923 5111 ἀλαζονείας
2944 5045 3116 5109 νόσος.
3145 5046 3253 5099 Kal
3281 5046 3388 5115 γὰρ
3424 5045 3549 5111 Πᾶς
3576 5049 3609 5099 ὁ
3636 5045 3814 5113 ὑψῶν

2234 5136 2472 5200 ἑαυτὸν,
2509 5139 2664 5207 φησὶ,
2696 5137 3225 5202 ταπεινωθήσεται.
3270 5137 3367 5189 Ἵν’
3388 5132 3483 5190 οὖν
3511 5138 3587 5205 μὴ
3621 5152 3814 5186 ταπειρ

2236 5227 2517 5297 νωοῶμεν,
2541 5227 2677 5282 ἀλλά
2697 5227 3020 5297 ὑψωθῶμεν,
3049 5228 3140 5280 ἐπί
3164 5228 3223 5280 τὸ
3245 5226 3373 5295 ὕψος
3404 5225 3647 5294 ἔλθωμεν
3672 5225 3813 5276 ἐκεῖ·

2237 5335 2314 5372 νο.
2342 5320 2499 5373 Οὕτω
2521 5322 2629 5389 γὰρ
2661 5321 2753 5372 καὶ
2799 5320 3105 5373 ἀνάπαυσιν
3134 5319 3439 5389 εὑρήσομεν
3469 5319 3588 5377 ταῖς
3612 5313 3813 5382 ψυχαῖς

2237 5410 2392 5479 ἡμῶν
2422 5412 2561 5467 κατὰ
2579 5411 2670 5462 τὸν
2697 5409 2839 5463 θεῖον
2868 5407 3136 5479 χρησμὸν,
3183 5409 3276 5461 καὶ
3302 5407 3403 5476 τῆς
3436 5400 3671 5472 ἀληθοῦς
3719 5402 3813 5453 καὶ

2236 5499 2577 5569 ὑψηλοτάτης
2608 5496 3003 5567 ἐπιτευξόμεθα
3027 5500 3191 5567 τιμῆς
3214 5511 3226 5525 ·
3254 5491 3323 5565 ἦς
3355 5493 3563 5560 γένοιτο
3601 5491 3813 5551 πάντας

2236 5590 2384 5657 ἡμᾶς
2440 5590 2737 5660 ἐπιτυχεῖν,
2793 5588 2975 5659 χάριτι
3009 5590 3105 5642 καὶ
3158 5580 3564 5653 φιλανθρωπίᾳ,
3608 5580 3705 5634 xal
3746 5579 3812 5634 τὰ

2239 5678 2384 5747 ἑξῆς-
