4066 6348
288 375 401 435 353

292 484 436 555 Quid
462 491 639 538 autem
667 488 791 536 tunc
817 472 1128 532 accidebat?
1170 470 1252 526 Ex
1274 482 1341 525 eo
1360 464 1505 538 quod
1531 463 1870 536 superabun-

292 578 478 641 dabat,
506 570 781 630 scatebant
807 580 1038 623 vermes.

373 664 683 719 Deliciarum
735 662 931 730 (ructus
975 654 1229 721 corruptio
1279 657 1376 703 est.
1403 673 1480 688 ——
1505 646 1617 701 Hoc
1660 659 1875 715 quoque

292 769 443 811 nunc
456 754 509 808 in
530 752 614 807 bis
631 750 953 819 experimur.
977 739 1229 797 Alimenti
1250 743 1394 793 enim
1415 750 1667 791 mensura
1683 734 1874 789 eadem

291 856 384 901 est
410 844 691 906 omnibus;
718 852 883 894 unum
911 834 1055 891 enim
1083 840 1327 886 ventrem
1367 827 1655 895 implemus
1687 842 1701 879 :
1730 824 1874 893 apud

294 944 354 990 te
382 942 583 998 autem,
610 931 699 1001 qui
729 926 962 997 expleris
984 921 1213 986 deliciis,
1244 926 1324 973 est
1355 916 1474 987 plus
1492 913 1771 969 stercoris.
1804 911 1874 967 Et

293 1022 440 1076 sicut
464 1021 570 1076 illic
594 1020 647 1074 in
675 1016 925 1073 domibus
950 1013 1041 1082 qui
1066 1012 1186 1081 plus
1206 1006 1546 1077 colligebant,
1576 1018 1733 1073 quam
1760 1011 1878 1058 erat

292 1112 673 1176 constitutum,
719 1122 826 1163 non
865 1117 1061 1159 manna
1098 1096 1511 1169 congregabant,
1561 1095 1657 1150 sed
1696 1095 1879 1165 plures

294 1218 517 1258 vermes
539 1211 594 1256 et
619 1198 957 1270 .putredinem
985 1212 1000 1248 :
1024 1194 1097 1247 ita
1124 1191 1287 1245 etiam
1319 1189 1372 1243 in
1397 1184 1603 1243 deliciis
1630 1194 1690 1240 et
1707 1186 1758 1239 in
1787 1200 1881 1239 su-

294 1290 726 1361 perabundantia
748 1303 857 1342 non
878 1286 999 1354 plus
1023 1280 1283 1344 alimenti,
1305 1276 1401 1333 sed
1426 1278 1550 1346 plus
1574 1277 1878 1343 corruptio-

293 1384 387 1438 nis
413 1387 737 1452 congregant
775 1377 865 1447 qui
894 1373 1064 1429 ventri
1097 1370 1375 1438 indulgent
1422 1377 1476 1422 et
1522 1366 1878 1426 iuebriantur.

293 1476 411 1531 Sed
438 1483 614 1529 tamen
643 1472 733 1540 qui
777 1482 918 1523 nunc
961 1475 1105 1529 sunt,
1151 1472 1299 1517 tanto
1342 1468 1468 1515 sunt
1510 1459 1614 1513 illis
1647 1460 1880 1527 pejores,

292 1564 442 1632 quod
488 1564 562 1618 illi
591 1560 807 1631 quidem
848 1558 950 1612 hoc
987 1554 1157 1610 semei
1186 1552 1350 1623 passi,
1395 1549 1638 1619 castigati
1678 1549 1789 1602 sint
1826 1556 1881 1603 et

295 1656 404 1709 sini
444 1652 824 1721 temperat-int;
864 1648 952 1702 isti
978 1655 1156 1701 autem
1181 1643 1420 1714 quotidie
1460 1640 1602 1695 hunc
1638 1654 1882 1694 vermem

295 1745 395 1799 illo
425 1744 592 1797 multo
619 1740 942 1811 graviorem,
989 1736 1043 1789 in
1082 1735 1272 1789 domos
1299 1745 1423 1786 suas
1454 1730 1879 1794 introducentes,

294 1847 476 1901 neque
498 1831 735 1885 sentiunt
759 1841 932 1895 neque
959 1825 1239 1878 satiantur.
1270 1821 1403 1875 Nam
1431 1818 1575 1889 quod
1610 1820 1724 1872 haec
1774 1819 1883 1873 illis

292 1922 411 1975 sint
434 1920 649 1985 similia,
682 1916 826 1988 quod
851 1916 917 1969 ad
947 1913 1120 1969 inanis
1150 1911 1353 1966 lsboris
1395 1911 1585 1963 attinet
1617 1910 1881 1962 rationem

294 2010 592 2080 (supplicio
616 2008 761 2063 enim
785 2005 902 2060 inec
925 2011 1050 2059 sunt
1080 2000 1253 2056 multo
1273 1998 1573 2069 graviora),
1603 1998 1729 2051 hinc
1752 2012 1886 2052 con-

290 2101 498 2155 sidera.
529 2099 584 2154 In
614 2112 721 2167 quo
762 2096 910 2151 enim
938 2092 1117 2148 ditl‘ert
1142 2091 1294 2145 dives
1320 2102 1353 2143 a
1383 2088 1657 2158 paupere?
1704 2102 1884 2167 nonne

294 2204 465 2243 unum
494 2166 666 2242 induit
693 2198 913 2253 corpus,
964 2194 1145 2236 nonne
1189 2193 1353 2232 unum
1382 2178 1475 2231 alit
1502 2177 1784 2232 ventrem?
1807 2166 1886 2231 “in

290 2295 411 2348 quo
436 2292 565 2348 ergo
590 2278 706 2346 plus
725 2273 997 2330 abundat?
1021 2271 1077 2325 in
1108 2265 1579 2331 sollicitudinibus,
1598 2266 1652 2319 ia
1684 2280 1884 2320 consu-

294 2370 520 2434 mendo,
549 2369 603 2421 in
628 2382 693 2422 eo
718 2364 862 2435 quod
886 2364 997 2418 Deo
1025 2376 1133 2418 non
1164 2365 1350 2430 pareat
1383 2366 1437 2413 et
1460 2356 1701 2420 obediat,
1734 2356 1788 2409 in
1818 2370 1886 2410 eo

292 2458 448 2529 quod
474 2472 693 2513 carnem
723 2460 1053 2524 corrumpat,
1098 2451 1153 2505 in
1178 2463 1247 2506 eo
1268 2448 1413 2519 quod
1437 2447 1632 2502 animae
1659 2446 1883 2500 exitium

291 2548 512 2603 atl‘crat.
538 2546 665 2601 Haec
682 2546 824 2602 enim
844 2551 971 2598 sunt
997 2556 1081 2607 ea,
1106 2542 1159 2595 in
1184 2538 1379 2610 quibus
1402 2538 1517 2607 plus
1538 2534 1706 2591 habet
1723 2551 1880 2606 quam

292 2652 527 2709 pauper.
563 2635 697 2689 Nam
745 2634 791 2688 si
834 2632 1039 2686 inuitos
1081 2627 1330 2696 impleret
1373 2634 1617 2687 ventres,
1663 2625 1888 2679 haberet

296 2729 536 2783 fortasse
576 2723 779 2790 aliquid
808 2721 952 2792 quod
989 2720 1215 2785 diceret,
1256 2731 1449 2786 nempe
1488 2715 1733 2784 pluribus
1764 2729 1889 2770 esse

294 2832 464 2888 opus,
508 2826 566 2872 et
612 2824 857 2882 sumptus
894 2810 1156 2881 majorem
1204 2822 1328 2863 esse
1367 2807 1767 2862 necessitatem.
1820 2809 1889 2859 At

298 2922 452 2961 nunc
479 2919 711 2975 quoque,
738 2903 929 2973 inquit,
958 2901 1160 2955 habent
1184 2896 1328 2968 quod
1367 2897 1568 2961 dicant,
1597 2896 1740 2965 quod
1767 2894 1888 2964 plu-

299 3010 399 3051 res
427 2995 682 3065 impleant
715 3003 955 3057 ventres,
984 3003 1183 3058 netnpe
1207 2988 1528 3043 famulorum
1571 2994 1627 3041 et
1667 2986 1891 3039 ancilia-

302 3102 452 3141 rum.
480 3085 585 3140 Sed
614 3100 721 3139 non
748 3097 816 3138 ex
846 3080 1169 3137 necessitate
1194 3090 1368 3147 neque
1389 3085 1611 3147 propter
1647 3075 1888 3143 benigni-

303 3187 475 3231 tatem
522 3184 578 3231 et
623 3174 1008 3229 humanitatem
1054 3168 1158 3224 hoc
1196 3168 1276 3232 fit,
1320 3167 1417 3222 sed
1459 3166 1631 3220 solum
1676 3176 1893 3236 propter

303 3266 505 3321 fastum
536 3275 591 3319 et
613 3264 918 3334 superbiam
951 3278 965 3315 :
995 3259 1141 3314 unde
1170 3271 1270 3312 nec
1307 3255 1517 3311 admitti
1550 3265 1747 3325 potest.

382 3358 437 3411 5.
478 3356 749 3411 Serrorum
791 3353 1061 3406 multitudo
1085 3351 1416 3419 vituperatur.
1460 3349 1652 3402 Contra
1686 3363 1772 3401 eos
1802 3348 1890 3419 qui

304 3460 429 3499 cum
449 3445 760 3513 famulorum
787 3443 988 3513 agmine
1008 3438 1268 3494 incedat.
1293 3464 1370 3479 -—
1392 3437 1503 3491 Cur
1530 3437 1673 3491 enim
1699 3440 1894 3492 multos

305 3535 477 3589 habet
498 3532 803 3587 ministres?
826 3532 980 3586 Sicut
1002 3530 1147 3586 enim
1172 3528 1235 3583 in
1266 3528 1499 3583 vestibus
1524 3536 1580 3582 et
1607 3527 1660 3581 in
1708 3542 1894 3583 mensa

305 3627 464 3679 solus
506 3638 635 3677 usus
678 3632 760 3678 est
784 3618 1166 3684 attendendus,
1212 3619 1287 3671 ita
1322 3618 1482 3671 etiam
1513 3616 1567 3670 in
1608 3617 1889 3672 ministris.

306 3713 447 3780 Quis
491 3720 574 3767 est
610 3726 740 3779 ergo
780 3709 947 3764 usus?
974 3708 1162 3763 Nullus
1190 3707 1442 3775 penitus:
1472 3720 1582 3761 uno
1626 3707 1768 3761 enim
1814 3708 1896 3762 fa-

304 3806 463 3859 mulo
483 3818 646 3858 unum
674 3802 948 3856 dominum
973 3800 1153 3855 solum
1181 3799 1255 3853 uti
1276 3806 1579 3867 oporteret,
1606 3798 1692 3852 vel
1720 3798 1896 3867 potius

307 3895 455 3949 duos
480 3904 536 3948 et
559 3902 669 3948 tres
696 3892 941 3948 dominos
982 3905 1088 3945 uno
1118 3887 1336 3943 famulo.
1363 3886 1419 3943 Si
1463 3896 1640 3942 autem
1671 3888 1773 3942 hoc
1814 3896 1899 3943 est

308 3999 497 4054 grave,
527 3983 699 4053 cogita
728 3997 823 4038 eos
857 3982 948 4053 qui
974 3980 1180 4035 nullum
1212 3978 1434 4043 habent,
1465 3978 1689 4033 faciliori
1711 3985 1894 4032 autem

308 4083 373 4130 et
416 4073 734 4142 expeditiori
763 4072 1013 4127 fruuntur
1040 4069 1340 4125 ministerio
1368 4085 1383 4122 :
1411 4069 1553 4123 Deus
1595 4069 1740 4125 enim
1770 4068 1899 4125 fecit

311 4182 419 4223 eos
443 4167 533 4235 qui
559 4165 865 4220 sufficerent
892 4178 1011 4229 suo,
1035 4163 1145 4217 imo
1165 4175 1294 4216 vero
1318 4169 1373 4216 et
1397 4160 1627 4230 proximi
1659 4161 1901 4216 ministe-

310 4257 427 4312 rio.
465 4257 520 4311 Si
562 4263 740 4310 autem
778 4269 887 4309 non
925 4252 1123 4317 credis,
1162 4250 1290 4305 audi
1334 4250 1554 4305 Paulum
1590 4250 1896 4305 dicentem:

310 4344 722 4401 Necessitatibus
742 4345 885 4409 meis,
901 4353 956 4397 .st
981 4343 1044 4396 iis
1066 4342 1152 4410 qui
1174 4356 1365 4394 mecum
1386 4348 1525 4406 sunt,
1548 4341 1898 4394 ntinistrarunt

312 4438 409 4490 hae
440 4450 620 4487 unum
646 4434 783 4505 (Act.
812 4432 903 4489 20.
932 4432 1044 4500 δι).
1073 4430 1288 4486 Siccine
1318 4430 1482 4485 totius
1509 4429 1725 4500 quidem
1750 4430 1900 4485 orbis

310 4528 517 4582 doctor
552 4533 608 4579 et
635 4524 825 4594 dignus
860 4523 1006 4579 cells
1039 4536 1153 4577 non
1196 4519 1550 4575 erubescebat
1591 4520 1901 4574 ministram

312 4614 841 4678 innumerabilibus;
883 4622 940 4668 tu
968 4620 1147 4668 autem
1172 4621 1327 4681 turpe
1350 4624 1473 4665 esse
1500 4610 1673 4677 ducis,
1716 4610 1761 4664 si
1793 4625 1901 4665 nun

311 4703 675 4761 circumferas
724 4703 918 4757 multos
961 4717 1153 4773 greges
1198 4700 1610 4770 mancipiorum,
1654 4701 1902 4755 nesciens

312 4794 543 4864 quidem
583 4794 685 4849 hoc
709 4808 830 4848 esse
866 4793 1009 4861 quod
1047 4801 1102 4847 te
1127 4793 1360 4847 maximo
1402 4790 1570 4846 allicit
1596 4790 1906 4845 dedecere?

316 4885 618 4951 Propterea
643 4885 787 4938 enim
812 4885 960 4939 dedit
990 4883 1143 4937 nobis
1166 4884 1306 4938 Deus
1328 4891 1385 4939 et
1411 4896 1600 4937 manus
1640 4892 1694 4936 et
1720 4881 1906 4951 pedes,

319 4990 401 5029 ne
427 4987 561 5042 opus
589 4975 909 5030 haberemus
936 4973 1167 5028 famulis.
1208 4971 1393 5040 Neque
1437 4972 1583 5025 enim
1628 4986 1717 5035 eo,
1759 4974 1902 5040 quod

322 5072 479 5119 coact
506 5077 661 5131 opus,
690 5064 1051 5119 introductum
1074 5061 1174 5116 fuit
1197 5076 1365 5130 genus
1389 5059 1707 5115 famulorum
1730 5078 1743 5127 ;
1778 5075 1902 5116 nam

326 5153 532 5220 alioqui
559 5165 682 5207 cum
713 5155 918 5209 Adamo
946 5160 1158 5209 creatus
1192 5150 1377 5205 fuisset
1405 5150 1671 5211 famulus;
1703 5150 1798 5205 sed
1824 5158 1908 5203 est

328 5259 496 5320 paena
520 5245 723 5315 peccati
739 5254 801 5298 et
828 5246 1027 5302 mulcta
1044 5241 1438 5301 inobedientize.
1462 5238 1705 5299 Christus
1729 5247 1907 5295 autem

1342 349 1409 408 IN
1446 348 1666 407 EPIST.
1704 346 1727 403 l
1793 346 1887 402 AD
1922 344 2078 403 COB.
2119 343 2355 403 HOHIL.
2394 346 2510 402 XL.

3444 348 3556 408 δἐι

1975 475 2099 515 cum
2128 460 2452 525 advenisset,
2483 461 2585 515 hoc
2612 473 2826 531 quoque
2859 459 3021 515 solvit
3053 477 3068 514 :
3094 458 3232 515 Nam
3259 460 3315 515 in
3355 460 3561 518 Christo

1975 548 2105 605 Iesu
2126 567 2227 604 non
2255 561 2329 605 est
2367 567 2542 604 servus
2567 567 2725 619 neque
2748 551 2872 605 liber
2900 550 3098 621 (Colat.
3129 552 3184 608 3.
3213 551 3333 623 28).
3361 553 3562 620 Quam-

1979 639 2166 694 obrem
2197 655 2303 693 non
2330 648 2413 694 est
2436 653 2657 695 necesse
2682 639 2878 694 habere
2900 654 3115 695 servum
3140 659 3156 695 :
3182 642 3228 697 si
3256 652 3436 697 autem
3458 656 3563 703 ne-

1978 743 2134 785 cesse
2147 739 2250 795 est,
2273 745 2460 794 unum,
2488 738 2582 784 aut
2604 730 2891 799 plurimum
2907 730 3064 787 duos.
3086 731 3224 799 Quid
3248 731 3351 787 sibi
3371 731 3558 788 volunt

1979 821 2224 875 examina
2246 820 2647 875 ministrorum?
2668 819 2799 874 Nam
2825 822 2965 875 sicut
2988 822 3077 889 qui
3098 821 3334 876 vendunt
3351 835 3480 879 oves
3502 829 3562 877 et

1979 911 2069 977 qui
2097 923 2318 979 corpora
2362 920 2761 979 cauponantur;
2793 910 2864 969 ita
2906 910 2961 965 in
3004 912 3221 974 balneo,
3253 910 3324 965 ita
3357 911 3413 967 in
3440 912 3560 967 foro

1981 1002 2278 1070 procedunt
2320 1012 2373 1057 et
2417 994 2619 1057 obeunt
2645 1002 2860 1058 divites.
2902 1002 3011 1058 Sed
3050 1017 3262 1058 summo
3283 1002 3407 1072 jure
3450 1018 3561 1059 non

1980 1104 2081 1160 ago
2108 1107 2124 1147 :
2152 1092 2222 1146 sit
2246 1091 2337 1147 tibi
2358 1092 2516 1147 etiam
2538 1091 2807 1147 secundus
2832 1092 3112 1147 minister:
3142 1092 3187 1147 si
3211 1101 3391 1148 autem
3413 1092 3558 1147 mul-

1984 1192 2069 1238 tos
2093 1196 2410 1253 congregas,
2443 1198 2548 1237 non
2576 1183 2677 1238 hoc
2696 1182 2828 1238 facis
2854 1182 3193 1252 benignitatis
3222 1191 3278 1237 et
3306 1182 3560 1238 humani-

1984 1277 2106 1330 tatis
2145 1289 2327 1341 causa,
2371 1275 2467 1330 sed
2507 1276 2613 1330 tuis
2654 1275 2896 1331 serviens
2935 1274 3161 1329 deliciis.
3191 1274 3327 1329 Nam
3372 1274 3417 1329 si
3457 1274 3563 1330 hoc

1982 1365 2115 1422 facis
2134 1381 2320 1420 eorum
2341 1379 2525 1420 curam
2546 1378 2760 1437 gerens,
2785 1365 2839 1419 in
2861 1374 2952 1420 tuo
2977 1363 3274 1419 ministerio
3296 1364 3566 1420 neminem

1983 1472 2236 1529 occupes,
2266 1461 2362 1515 sed
2411 1475 2534 1515 cum
2580 1459 2779 1514 emeris
2815 1466 2870 1511 et
2910 1466 3054 1512 artes
3084 1457 3332 1512 docueris
3361 1465 3419 1510 ut
3462 1456 3567 1511 sibi

1984 1549 2253 1604 sufﬁciant
2282 1550 2349 1604 ad
2378 1550 2576 1604 victum
2608 1547 2924 1617 parandum,
2953 1561 3047 1601 eos
3071 1546 3407 1602 manumitte.
3434 1545 3566 1601 Cum

1979 1649 2161 1694 autem
2191 1638 2372 1709 ﬂagris
2412 1638 2611 1704 credas,
2659 1655 2781 1693 cum
2828 1640 2881 1693 in
2909 1637 3121 1692 vincula
3148 1637 3427 1706 conjicias,
3459 1652 3569 1692 non

1983 1739 2068 1785 est
2096 1730 2279 1799 utique
2304 1744 2439 1799 opus
2462 1729 2565 1784 hoc
2605 1727 2971 1782 humanitatis.
3002 1727 3073 1782 Et
3099 1729 3212 1781 scio
3238 1727 3455 1796 quidem
3483 1742 3572 1781 me

1984 1835 2107 1875 esse
2131 1822 2415 1875 molestum
2452 1820 2783 1875 auditoribus
2819 1838 2833 1873 :
2859 1818 2952 1874 sed
2981 1817 3110 1888 quid
3154 1818 3348 1888 agam?
3377 1819 3434 1873 In
3466 1820 3572 1875 boc

1986 1912 2190 1980 positus
2229 1926 2373 1977 sum,
2418 1927 2593 1982 neque
2639 1911 2863 1965 cessabo
2893 1910 3009 1965 haec
3044 1909 3250 1976 dicere,
3296 1910 3410 1965 sive
3439 1911 3571 1981 quid

1988 2003 2273 2072 profecere
2316 2004 2433 2059 sive
2462 2019 2592 2058 non.
2622 2001 2761 2069 Quid
2789 2002 2933 2057 enim
2963 2001 3066 2056 sibi
3096 2001 3209 2055 vult
3236 2002 3289 2056 in
3320 2002 3436 2055 foro
3476 2017 3571 2056 su-

1987 2096 2153 2165 perbe
2180 2095 2467 2151 incedere?
2491 2110 2617 2149 num
2642 2095 2784 2147 inter
2809 2093 2952 2147 feras
2992 2092 3259 2157 ambulas,
3288 2091 3432 2161 quod
3471 2093 3574 2147 ob-

1988 2187 2106 2242 vios
2132 2188 2410 2256 expelles?
2451 2187 2530 2242 Ne
2574 2186 2795 2249 timeas;
2844 2183 3021 2237 nullus
3054 2190 3106 2236 te
3136 2182 3346 2240 mordet
3385 2198 3574 2239 eorum

1987 2278 2077 2347 qui
2113 2277 2397 2341 accedunt,
2439 2285 2495 2331 et
2519 2291 2690 2345 prope
2731 2284 2782 2329 te
2823 2272 3163 2343 gradiuntur.
3207 2274 3279 2326 At
3324 2274 3574 2342 iniuriam

1988 2366 2266 2421 existimas
2291 2366 2451 2420 simul
2474 2365 2729 2420 incedere
2751 2380 2873 2418 cum
2900 2362 3188 2417 omnibus?
3215 2362 3285 2418 Et
3308 2378 3467 2434 quam
3493 2374 3578 2421 est

1990 2460 2094 2515 hoc
2150 2461 2420 2525 insanum,
2474 2475 2634 2531 quam
2680 2459 3068 2529 prodigiosum,
3110 2474 3306 2528 equum
3354 2459 3573 2529 quidem

1990 2566 2158 2620 prope
2199 2559 2513 2621 sequentem
2543 2565 2648 2603 non
2677 2550 2990 2603 existimare
3034 2547 3227 2603 afferre
3276 2548 3573 2619 iniuriam;

1992 2637 2263 2692 hominem
2292 2650 2493 2700 autem,
2523 2638 2626 2692 nisi
2656 2636 2837 2692 multis
2866 2637 3110 2706 abigatur
3134 2635 3345 2698 stadiis,
3378 2646 3575 2705 putare

1991 2728 2259 2783 dedecore
2283 2730 2534 2785 afﬁcere?
2560 2728 2697 2795 Quid
2726 2743 2854 2784 vero
2881 2727 3109 2783 famulos
3136 2726 3303 2783 habes
3332 2727 3573 2793 lictores,

1994 2817 2177 2872 liberis
2208 2828 2363 2872 utens
2409 2825 2685 2885 tamquam
2717 2818 2923 2881 servis;
2956 2818 3064 2871 imo
3087 2830 3218 2871 vero
3245 2817 3361 2885 ipse
3389 2816 3580 2887 quovis

1992 2922 2152 2961 servo
2179 2908 2363 2961 vivens
2406 2905 2849 2975 ignominiosius?
2892 2915 2977 2959 est
3016 2906 3159 2961 enim
3189 2907 3380 2975 quovis
3419 2921 3583 2961 servo

1994 2996 2152 3051 vilior
2190 3003 2247 3051 et
2296 2995 2702 3064 ignominiosior
2752 2995 2842 3063 qui
2894 3004 3097 3049 tantum
3145 2994 3454 3049 circumfert
3491 2994 3577 3050 fa-

1994 3096 2159 3140 stum.
2186 3086 2479 3155 Propterea
2506 3101 2608 3142 nec
2635 3101 2815 3140 veram
2838 3086 3095 3139 videbunt
3129 3085 3453 3149 libertatem,
3482 3086 3576 3155 qui

1994 3191 2055 3232 se
2096 3175 2221 3231 huic
2256 3176 2405 3246 gravi
2451 3175 2612 3230 animi
2645 3176 2775 3229 vitio
2802 3176 3192 3243 manciparunt.
3236 3176 3295 3231 Si
3321 3178 3464 3231 enim
3498 3179 3581 3232 vis

1995 3268 2286 3337 expellere,
2329 3265 2668 3336 superboque
2705 3272 2760 3319 et
2801 3264 3079 3331 magnifice
3131 3264 3401 3330 incedere,
3464 3281 3574 3320 non

1995 3357 2335 3423 accedentes,
2377 3355 2472 3411 sed
2506 3354 2701 3408 fastum
2744 3354 2987 3421 expelle;
3027 3368 3131 3407 non
3160 3370 3254 3423 per
3295 3354 3576 3423 famulum,

1996 3445 2091 3500 sed
2112 3460 2210 3514 per
2222 3446 2487 3514 teipsum;
2512 3458 2616 3498 non
2636 3443 2737 3497 hoc
2757 3443 2989 3511 ﬂagello.
3022 3442 3117 3498 sed
3140 3444 3425 3512 spirituali.
3450 3444 3581 3500 Nam

1999 3549 2142 3590 nunc
2172 3535 2389 3604 quidem
2419 3533 2647 3589 lautulus
2690 3542 2816 3587 tuus
2855 3532 3083 3601 expellit
3130 3546 3223 3586 eos
3268 3534 3359 3602 qui
3403 3543 3579 3589 tecum

1998 3627 2294 3692 incedunt;
2330 3634 2382 3680 te
2407 3635 2584 3680 autem
2613 3623 2682 3677 ab
2709 3623 2821 3678 aito
2845 3623 3146 3692 arrogantia
3173 3623 3327 3693 pellit
3355 3626 3579 3694 turpius,

1997 3733 2157 3788 quam
2187 3716 2416 3771 famulus
2442 3716 2767 3785 proximum.
2797 3714 2855 3767 Si
2882 3724 3062 3767 autem
3088 3715 3157 3768 ab
3185 3728 3326 3783 equo
3354 3716 3580 3770 descen-

1999 3808 2134 3863 dens
2158 3823 2274 3862 eam
2297 3805 2541 3875 abegeris
2568 3819 2665 3874 per
2695 3803 3072 3868 humilitatem,
3103 3804 3262 3858 altius
3288 3806 3499 3861 sedebis
3526 3816 3582 3863 et

1999 3900 2054 3954 in
2100 3898 2290 3968 majori
2334 3897 2542 3952 honore
2585 3897 2813 3963 teipsum
2859 3895 3173 3960 conStitues,
3225 3894 3291 3949 ad
3332 3895 3433 3950 hoc
3474 3913 3581 3952 non

2000 4003 2137 4059 opus
2179 3990 2383 4043 habens
2418 3986 2636 4043 famulo.
2667 3984 2893 4054 Quando
2934 3986 3081 4042 enim
3120 3987 3392 4041 modestus
3432 3987 3579 4041 humi

1996 4079 2242 4143 iucedes,
2267 4078 2480 4133 sedehis
2500 4077 2553 4131 in
2578 4091 2741 4130 curru
2769 4075 3102 4138 humilitatis,
3121 4076 3211 4144 qui
3240 4085 3292 4129 te
3321 4076 3372 4129 in
3394 4078 3583 4133 caelum

2002 4170 2164 4234 tollit,
2192 4168 2279 4239 qui
2311 4180 2478 4237 equos
2508 4165 2669 4219 habet
2693 4165 2865 4219 alatos
2899 4182 2914 4216 :
2945 4164 3027 4219 sin
3058 4175 3238 4219 autem
3279 4165 3347 4218 ab
3372 4166 3463 4219 illo
3488 4182 3579 4220 ee-

2002 4261 2219 4326 cideris,
2262 4269 2318 4315 et
2359 4260 2411 4313 in
2451 4258 2771 4327 arrogantia:
2812 4271 3028 4310 currum
3070 4256 3367 4322 transieris,
3414 4257 3586 4313 nibiio

2004 4351 2196 4405 melius
2223 4349 2472 4404 afﬁcieris
2498 4361 2658 4418 quam
2684 4354 2961 4415 serpentes
2996 4344 3141 4398 bumi
3173 4355 3443 4414 repentes,
3477 4346 3587 4401 imo

2002 4456 2138 4496 vero
2178 4440 2353 4494 multo
2378 4440 2539 4495 vilius
2565 4446 2620 4492 et
2650 4436 3027 4491 miserabilius.
3054 4433 3185 4489 Nam
3224 4435 3343 4488 illos
3372 4435 3583 4504 quidem

2005 4534 2083 4588 sic
2113 4541 2325 4603 reptare
2352 4530 2495 4600 cogit
2514 4528 2779 4584 mutiiatic
2798 4527 3062 4595 corporis,
3086 4534 3138 4580 te
3164 4533 3340 4578 autem
3367 4527 3589 4579 morbus

2008 4624 2347 4690 arrogantiae.
2382 4619 2562 4673 Omnis
2588 4619 2729 4674 enim
2758 4618 2844 4687 qui
2870 4634 2924 4671 se
2947 4616 3163 4681 extollit,
3196 4616 3386 4684 inquit,
3420 4616 3587 4669 humi-

2008 4712 2213 4765 iiabitur
2257 4710 2474 4779 (Matth.
2500 4708 2590 4763 25.
2624 4707 2740 4777 η).
2788 4706 2867 4761 Ne
2914 4722 3043 4775 ergo
3082 4705 3445 4771 humiliemur,
3490 4705 3584 4759 sed

2010 4804 2351 4870 extollantur,
2380 4803 2655 4857 veniamus
2680 4800 2745 4853 ad
2774 4800 2917 4853 illam
2942 4798 3296 4852 altitudinem.
3324 4799 3411 4853 Sic
3441 4799 3585 4852 enim

2012 4896 2344 4952 inveniemus
2398 4894 2594 4946 {1081!}:
2648 4891 2840 4945 animis
2900 4892 3154 4959 quietem,
3204 4890 3594 4943 convenienter

2014 4986 2195 5040 divino
2232 4983 2471 5049 oraculo,
2518 4997 2813 5050 verumque
2864 4990 2919 5034 et
2968 4980 3281 5034 altissimum
3330 4982 3589 5032 honorem

2014 5089 2443 5144 consequemur:
2473 5088 2633 5141 quem
2678 5073 2833 5125 detur
2874 5069 3030 5124 nobis
3070 5068 3318 5125 omnibus
3356 5070 3591 5137 assequi,

2013 5166 2182 5235 gratia
2208 5174 2262 5218 et
2286 5164 2632 5233 benignitate,
2661 5168 2766 5215 etc.
