4066 6348
589 351 700 410 855

1291 352 1351 409 S.
1391 351 1670 410 JOANNIS
1698 352 2173 413 CHRYSOSTOMI
2207 355 2526 414 ABCHIEP.
2564 360 3096 428 CONSTANTINOP.

3754 384 3852 449 358

2572 517 3851 559 -——__._____________

1897 581 2246 642 HOMILIA
2290 581 2452 644 XL].

585 719 712 777 Car.
744 722 831 778 l5.
862 738 914 777 v.
943 723 1033 779 55.
1058 723 1165 781 Sed
1184 724 1319 780 dicet
1354 726 1538 796 aliquis
1566 743 1584 781 :
1609 728 1873 796 Quomodo
1895 736 2165 800 resurgunt

656 815 843 867 mortui
858 815 885 869 2
905 816 1045 884 quali
1072 825 1239 870 autem
1265 833 1475 885 corpore
1498 820 1700 873 ueniunt
1717 820 1743 873 7
1764 818 1853 875 56.
1888 818 2161 890 lnsipiens,

655 912 711 957 tu
737 905 875 971 quod
898 906 1136 973 seminas,
1162 923 1263 961 non
1284 909 1584 976 viviﬁcatur,
1608 910 1707 963 nisi
1730 912 1872 976 prius
1899 912 2164 967 moriatur.

659 993 713 1049 1.
754 995 886 1049 Cum
914 996 1107 1067 ubique
1146 1000 1287 1053 mitis
1313 1009 1367 1055 et
1392 1000 1609 1055 humilis
1644 1002 1715 1058 sit
1737 1003 2047 1073 Apostolus,
2078 1004 2164 1061 hic

583 1083 778 1138 acriori
808 1086 972 1140 utitur
996 1089 1255 1153 oratione,
1287 1099 1505 1158 propter
1552 1091 1936 1148 absurditatem
1967 1108 2158 1148 eorum

583 1174 673 1241 qui
700 1174 1156 1229 contradicebant.
1183 1176 1369 1247 Neque
1397 1189 1572 1233 tamen
1614 1190 1698 1234 est
1722 1180 1824 1234 hoc
1851 1191 2161 1251 contentus,

584 1260 679 1315 sed
701 1270 755 1315 et
788 1267 1024 1318 rationes
1049 1265 1266 1320 adducit
1289 1276 1343 1321 et
1373 1269 1638 1338 exempla.
1665 1284 1733 1325 ea
1764 1272 1970 1325 ratione
1998 1274 2161 1327 etiam

579 1364 843 1419 quemque
868 1353 1025 1407 valde
1050 1355 1442 1409 contentiosum
1470 1359 1791 1426 reprimens.
1817 1359 1887 1414 Et
1914 1362 2161 1429 superius

579 1440 796 1509 quidem
826 1442 952 1495 dicit
985 1460 999 1496 :
1034 1443 1286 1509 Quoniam
1312 1462 1400 1513 per
1424 1447 1677 1501 hominem
1698 1465 1852 1513 mors,
1879 1460 1925 1504 et
1956 1468 2046 1519 per
2070 1452 2163 1505 Ito-

579 1528 767 1581 minem
803 1532 1102 1583 resurrectio
1129 1548 1148 1585 :
1178 1533 1262 1586 hic
1290 1549 1418 1588 vero
1462 1536 1623 1591 solvit
1650 1538 2009 1606 objectiouem
2037 1556 2159 1611 quas

579 1619 739 1672 fiebat
764 1634 793 1671 a
816 1621 1084 1688 gentibus.
1121 1622 1248 1675 Vide.
1274 1633 1452 1678 autem
1480 1641 1668 1682 rursus
1698 1629 1970 1698 quomodo
1998 1630 2158 1686 dimi-

576 1717 707 1761 nuat
732 1710 1123 1765 vehementiam
1175 1714 1631 1780 reprehensionis.
1663 1715 1777 1771 Non
1804 1717 1939 1773 dixit
1985 1721 2150 1786 enim,

582 1796 688 1852 Sed
717 1797 945 1854 fortasse
982 1800 1205 1866 dicetis;
1238 1802 1332 1856 sed
1359 1819 1479 1858 eum
1506 1806 1596 1874 qui
1626 1806 1948 1861 contradicit
1978 1810 2157 1877 posuit

577 1887 874 1957 indefinite,
907 1906 973 1944 ne
1002 1893 1171 1947 libere
1196 1903 1250 1947 et
1277 1896 1485 1949 acriore
1511 1905 1669 1951 utens
1694 1899 1959 1961 oratione,
1993 1899 2150 1953 audi-

578 1985 724 2033 tores
755 1980 912 2034 valde
938 1983 1275 2048 percelleret.
1310 1984 1466 2039 Ponit
1489 1995 1669 2040 autem
1691 1987 1826 2043 duas
1852 1989 2147 2043 dubitatio-

576 2082 691 2133 nes,
725 2071 867 2122 modi
907 2073 1318 2126 resurrectionis
1360 2082 1417 2127 et
1442 2076 1713 2143 qualitatis
1736 2091 2045 2148 corporum.
2078 2080 2154 2135 De

572 2159 817 2226 utrisque
839 2159 983 2213 enim
1020 2158 1333 2216 dubitabant
1360 2164 1602 2220 dicentes
1628 2181 1646 2221 :
1677 2167 1957 2232 Quomodo
1981 2172 2154 2226 susci-

572 2256 713 2302 tatur
735 2247 786 2302 id
804 2248 943 2317 quod
961 2258 1045 2303 est
1070 2249 1383 2306 dissolutum
1402 2254 1425 2307 f
1452 2263 1527 2322 et,
1556 2255 1669 2322 Quo
1686 2273 1898 2327 corpore
1913 2262 2114 2315 veniunt
2127 2262 2154 2315 Ρ

568 2338 707 2407 Quid
730 2350 812 2393 est
840 2347 1042 2406 autem,
1074 2341 1188 2407 Quo
1218 2346 1466 2413 corpore?
1486 2345 1688 2416 Nempe
1718 2348 1820 2403 hoc
1844 2351 1984 2420 quod
2014 2350 2153 2406 inte-

569 2428 679 2492 riit,
708 2428 849 2496 quod
877 2429 1052 2497 periit,
1095 2444 1163 2485 an
1205 2431 1386 2502 aliquo
1422 2434 1571 2489 alio?
1602 2437 1809 2493 Deinde
1853 2440 2150 2495 ostendens

571 2517 713 2588 quod
753 2531 859 2571 non
889 2526 1132 2586 quaerant
1159 2534 1243 2585 ea,
1277 2521 1346 2576 de
1375 2523 1566 2592 quibus
1604 2526 1895 2593 dubitatur,
1942 2529 2041 2583 sed
2084 2544 2149 2583 ea

567 2622 687 2678 quae
717 2608 769 2660 in
809 2608 1063 2661 confesso
1086 2618 1230 2675 sunt,
1275 2612 1452 2665 acrius
1480 2615 1716 2667 occurrit
1743 2615 1929 2670 dicens
1963 2634 1979 2669 :
2007 2616 2149 2670 Insi-

567 2698 731 2767 piens,
760 2706 814 2749 tu
841 2698 977 2766 quod
1004 2700 1246 2765 seminus,
1289 2717 1389 2754 non
1418 2703 1721 2771 uiviﬁcatur,
1751 2706 1851 2759 nisi
1891 2716 2149 2761 mortuum

568 2788 743 2858 fuerit.
773 2787 926 2853 Quod
957 2803 1055 2843 nos
1081 2804 1293 2859 quoque
1318 2792 1552 2848 solemus
1575 2794 1757 2851 facere
1780 2812 1907 2867 erga
1934 2814 2031 2854 eos
2056 2801 2147 2870 qui

567 2877 943 2933 contradicunt
969 2880 1037 2934 iis
1061 2880 1128 2934 de
1155 2881 1348 2949 quibus
1393 2894 1623 2939 constat.
1656 2887 1723 2941 Et
1759 2903 1857 2943 cur
1894 2905 2001 2944 non
2034 2899 2148 2945 sta-

569 2969 667 3023 tim
716 2970 955 3039 confugit
1000 2970 1068 3026 ad
1111 2972 1204 3027 Dei
1247 2977 1601 3041 potestatem?
1643 2977 1905 3046 Quoniam
1933 2981 2150 3037 disserit

569 3073 693 3113 cum
724 3059 1027 3114 infidelibus
1058 3079 1071 3114 :
1103 3077 1224 3115 nam
1255 3064 1468 3131 quando
1495 3068 1655 3122 verba
1684 3068 1812 3125 facit
1836 3072 1978 3141 apud
2007 3072 2145 3130 fide-

568 3151 668 3216 les,
720 3164 826 3203 non
867 3150 1159 3206 admodum
1207 3167 1343 3222 opus
1390 3155 1551 3211 habet
1593 3160 1906 3216 ratiociniis.
1952 3164 2147 3231 Quam-

565 3241 750 3297 obrem
771 3256 895 3295 cum
922 3242 1043 3297 alibi
1066 3242 1311 3310 dixisset,
1338 3245 1742 3319 Transﬁgurabit
1766 3268 1950 3323 corpus
1976 3256 2146 3311 humi-

566 3334 724 3387 litatis
760 3342 957 3400 vestrm,
987 3343 1043 3386 ut
1067 3336 1132 3388 sit
1158 3336 1479 3407 conﬁgurata
1515 3343 1721 3410 corpori
1759 3344 2006 3401 claritatis
2039 3363 2148 3402 sua:

566 3422 831 3491 (Philipp.
861 3425 917 3477 5.
946 3421 1062 3493 21),
1083 3432 1141 3479 et
1156 3427 1483 3484 ostendisset
1510 3431 1712 3500 aliquid
1732 3436 1964 3501 amplius
1984 3452 2145 3507 quam

561 3512 635 3566 sit
681 3512 1039 3577 resurrectio;
1072 3529 1177 3567 non
1209 3517 1388 3583 posuit
1412 3518 1681 3586 exempla,
1726 3521 1823 3575 sed
1851 3538 1949 3591 pro
1992 3526 2142 3580 omni

561 3602 1019 3658 demonstratione
1045 3604 1137 3659 Dei
1162 3614 1483 3673 potestatem
1531 3609 1760 3665 adduxit
1786 3612 1839 3666 in
1884 3602 2140 3682 medium,

564 3692 772 3747 addens
815 3700 871 3747 et
914 3692 1143 3748 dicens:
1173 3694 1465 3751 Secundum
1512 3702 1858 3767 operatione»:
1901 3707 2013 3777 ejus
2056 3713 2145 3779 qui

564 3782 722 3852 possit
744 3782 989 3852 subjicere
1009 3783 1106 3837 sibi
1130 3786 1321 3838 omnia.
1346 3786 1441 3841 llic
1462 3798 1639 3844 autem
1668 3791 1945 3849 ratiocinia
1968 3798 2139 3866 ponit.

560 3871 694 3928 Nam
740 3874 990 3941 quoniam
1041 3873 1142 3927 hoc
1180 3874 1514 3931 confirmavit
1560 3894 1625 3932 ex
1672 3880 1981 3951 Scripturis,
2025 3886 2143 3943 haec

562 3978 776 4033 quoque
798 3962 950 4018 addit
974 3978 1039 4017 ex
1066 3963 1391 4020 abundantia
1416 3983 1543 4037 erga
1574 3984 1667 4025 eos
1693 3975 1782 4047 qui
1815 3991 1919 4029 non
1947 3990 2141 4046 parent

563 4051 873 4121 Scripturis,
921 4061 975 4107 et
996 4052 1123 4107 dicit
1155 4072 1167 4107 :
1204 4053 1485 4125 Insipiens,‘
1500 4067 1552 4113 tu
1580 4064 1717 4130 quod
1758 4066 1997 4122 seminus.
2027 4068 2141 4124 Hoc

559 4151 661 4207 est,
692 4142 843 4211 Apud
870 4144 1094 4212 teipsum
1123 4145 1312 4199 horum
1340 4148 1505 4204 habes
1533 4153 1921 4222 probationem,
1954 4174 2050 4227 per
2077 4176 2139 4214 ea

562 4250 684 4307 qum
719 4234 849 4289 facis
873 4236 1131 4304 quotidie,
1174 4246 1227 4291 et
1257 4238 1434 4293 adhuc
1477 4243 1740 4313 ambigis?
1765 4246 2057 4318 Propterea
2089 4261 2140 4308 te

562 4340 697 4380 voco
742 4326 1105 4393 insipientem,
1138 4328 1278 4395 quod
1326 4329 1539 4397 ignores
1587 4347 1651 4387 ca
1689 4350 1811 4403 quas
1855 4352 1885 4389 a
1918 4347 1969 4393 te
2006 4341 2141 4395 fiunt

478 4476 481 4479 γ
563 4414 835 4485 quotidie;
880 4421 936 4466 et
962 4428 1082 4467 cum
1129 4414 1244 4483 ipse
1281 4418 1355 4470 sis
1382 4419 1560 4487 Opilex
1603 4426 2040 4494 resurrectionis,
2070 4429 2137 4484 de

562 4504 675 4560 Deo
712 4503 942 4557 dubitas.
982 4502 1268 4573 Propterea
1315 4521 1435 4562 cum
1466 4525 1655 4580 magna
1683 4512 1820 4569 dixit
1868 4518 2131 4588 emphasi,

564 4593 642 4648 Tu
662 4592 798 4663 quod
824 4593 1040 4646 seminas
1066 4609 1084 4647 :
1111 4603 1165 4647 tu
1197 4596 1285 4664 qui
1314 4612 1372 4653 es
1400 4603 1642 4657 mortalis
1668 4614 1721 4657 et
1742 4606 1903 4673 peris.
1930 4607 1995 4661 Et
2018 4610 2138 4666 vide

562 4684 831 4755 quomodo
862 4692 1040 4737 utatur
1065 4685 1385 4744 dictionibus
1410 4691 1648 4761 subjecto
1674 4707 1989 4766 argumento
2010 4714 2138 4755 con.

561 4772 896 4843 grueutihus.
938 4772 1059 4826 Non
1100 4776 1381 4842 viviﬁcatur
1425 4781 1592 4847 enim,
1626 4784 1815 4853 inquit,
1860 4788 1960 4841 nisi
1997 4806 2137 4842 mor-

561 4872 703 4914 tuum
731 4863 903 4929 fuerit.
938 4862 1174 4931 Propriis
1222 4868 1363 4921 enim
1394 4873 1657 4928 seminum
1705 4878 1910 4933 relictis
1940 4880 2135 4937 dictio-

560 4950 740 5012 nibus,
772 4964 962 5017 nempe
983 4954 1267 5021 germinat,
1296 4959 1533 5027 pullulat,
1566 4971 1829 5031 putrescit
1856 4979 1910 5023 et
1937 4970 2132 5026 dissol-

567 5041 746 5105 vitur;
792 5040 1060 5108 adaptavit
1089 5058 1179 5099 eas
1206 5062 1325 5115 quae
1352 5055 1498 5106 carni
1547 5069 1743 5111 nostra}
1789 5064 2131 5130 conveniunt,

562 5142 757 5195 nempe
793 5126 1089 5195 Vivi/icatur
1136 5134 1495 5193 et'Mortuum
1522 5145 1695 5211 fuerit,
1733 5150 1875 5215 quod
1917 5126 2133 5219 quidem

562 5234 669 5273 non
701 5219 783 5272 es!
809 5221 1078 5286 proprium
1119 5226 1403 5292 seminum,
1448 5232 1540 5285 sed
1580 5249 1887 5303 corporum.
1920 5242 1987 5296 Et
2028 5260 2132 5300 non

558 5308 741 5363 dixit:
777 5308 1063 5378 Postquam
1106 5324 1374 5369 mortuum
1423 5320 1600 5385 fuerit,
1634 5326 1796 5391 vivit;
1831 5332 1944 5397 sed,
1991 5336 2132 5403 quod

556 5407 643 5453 est
683 5398 878 5467 majus,
908 5411 1189 5469 pr0pterea
1215 5406 1363 5472 vivit,
1395 5412 1645 5478 quoniam
1692 5421 1935 5476 moritur.
1970 5398 2134 5482 Vides

556 5491 721 5561 quod,
760 5493 899 5546 sicut
941 5493 1249 5565 frequenter
1276 5500 1416 5565 dico,
1450 5506 1745 5563 orationem
1774 5527 1989 5584 semper
2013 5535 2135 5574 ver-

557 5593 635 5638 tat
679 5586 731 5638 in
780 5587 1126 5644 contrarium.
1177 5591 1328 5659 Quod
1357 5595 1502 5648 enim
1546 5598 1623 5654 illi
1670 5618 1776 5657 non
1817 5612 2134 5679 resurgendi

558 5674 862 5733 statuebant
888 5691 1009 5735 esse
1045 5679 1325 5754 indicium,
1372 5683 1475 5742 hoc
1500 5685 1627 5747 facit
1667 5705 1786 5750 esse
1814 5674 2015 5756 certam
2047 5716 2136 5757 rc-

2276 731 2527 801 surgendi
2553 734 3060 802 demonstrationem
3088 764 3105 805 :
3137 751 3386 812 dicebant
3430 757 3576 815 enim
3612 775 3722 822 non
3760 779 3847 821 re-

2274 831 2515 924 surgere,
2546 828 2799 894 quoniam
2826 842 2910 888 est
2938 847 3227 896 mortuum.
3255 845 3393 913 Quid
3418 857 3602 906 autem
3629 856 3848 924 opponit

2272 906 2406 963 ille?
2429 913 2589 983 Atqui
2610 917 2655 971 si
2674 933 2781 974 non
2803 934 2945 979 esset
2968 906 3395 1001 mortuuminon
3425 906 3844 1000 resurres‘isset:

2272 1008 2327 1053 et
2353 1013 2632 1072 propterea
2663 1014 2910 1083 resurgit,
2957 1021 3206 1087 quoniam
3249 1034 3334 1080 est
3373 1043 3675 1087 mortuum.
3700 1034 3849 1091 Sicut

2270 1093 2413 1197 enim
2454 1096 2700 1161 Christus
2744 1107 2981 1173 apertius
3028 1112 3082 1167 id
3122 1114 3299 1183 ipsum
3342 1125 3599 1189 ostendit,
3633 1128 3844 1197 dicens,

2271 1179 2502 1239 Granum
2527 1191 2789 1259 frumenti,
2828 1198 2873 1250 si
2911 1202 3096 1255 eadem
3132 1179 3186 1258 in
3218 1216 3402 1264 terram
3441 1229 3542 1267 non
3588 1179 3847 1275 mortuis;

2266 1275 2441 1341 fuerit,
2467 1277 2635 1345 ipsum
2663 1284 2826 1338 solum
2847 1300 3012 1343 manet
3038 1307 3059 1345 :
3086 1295 3166 1348 sin
3186 1307 3354 1352 autem
3377 1313 3636 1358 mortuum
3663 1284 3843 1375 fuerit,

2267 1364 2482 1455 multum
2521 1368 2739 1438 fructum
2781 1374 2931 1441 alfert
2978 1379 3155 1449 (Joan.
3200 1385 3289 1441 12.
3319 1389 3414 1455 24)
3442 1408 3458 1443 :
3482 1392 3634 1449 illinc
3663 1364 3843 1452 .etiani

2267 1451 2464 1511 Paulus
2510 1460 2731 1517 trahens
2774 1471 3115 1539 exemplum,
3164 1491 3270 1531 non
3318 1451 3638 1539 dixit:Non

2262 1726 2573 1783 universum
2601 1744 2875 1800 operatur.
2907 1740 2974 1795 Et
3012 1756 3108 1798 cur
3133 1762 3237 1801 non
3265 1750 3485 1807 adduxit
3519 1726 3572 1808 in
3600 1726 3839 1813 medium

2260 1812 2315 1866 id
2339 1817 2478 1883 quod
2509 1828 2625 1873 erat
2652 1828 3056 1885 convenientius
3098 1845 3153 1889 et
3198 1841 3366 1907 magis
3397 1846 3694 1913 proprium,
3747 1865 3839 1904 sev

2259 1916 2403 1966 men,
2447 1904 2684 1975 inquam,
2717 1912 3048 1974 humanum?
3076 1937 3197 1983 nam
3229 1904 3379 1984 ortus
3397 1904 3618 2001 quoque
3654 1904 3844 1994 noster

2260 1990 2448 2061 incipit
2470 2010 2500 2048 a
2531 2004 2876 2070 corruptione
2895 2008 3032 2064 sicut
3056 2022 3109 2068 et
3135 1990 3702 2090 frumenti.-Quoniam
3727 2044 3838 2085 non

2258 2091 2383 2177 sunt
2404 2083 2521 2177 haec
2549 2092 2719 2158 paria,
2758 2097 2855 2150 sed
2883 2099 2985 2154 hoc
3010 2112 3093 2157 est
3115 2106 3308 2177 majus.
3339 2083 3543 2177 Qua—irit
3567 2119 3711 2173 enim
3740 2083 3842 2175 ali;

2256 2172 2385 2240 quid
2417 2175 2698 2247 integrum,
2732 2188 2873 2253 quod
2900 2172 3307 2267 corrumpatur;
3340 2172 3469 2260 illud
3496 2217 3676 2264 autem
3707 2172 3833 2280 pars

2257 2271 2374 2317 erat
2405 2281 2418 2317 :
2445 2270 2793 2370 quamobrem
2835 2276 2937 2333 hoc
2985 2282 3137 2338 aliert
3183 2287 3237 2342 in
3284 2293 3545 2352 medium.
3587 2270 3839 2370 Alioquin

2255 2356 2601 2412 autemillud
2640 2362 2853 2429 quidem
2882 2372 3124 2435 procedit
3168 2390 3198 2428 a
3229 2379 3466 2448 vivente,
3511 2395 3567 2440 et
3621 2389 3675 2442 in
3703 2356 3840 2446 ven-

2255 2450 2392 2499 trem
2414 2446 2597 2503 incidit
2622 2452 2917 2513 viventem:
2948 2460 3033 2515 hic
3061 2474 3240 2521 autem
3261 2484 3367 2525 non
3394 2446 3711 2547 inﬁcarnem,
3742 2485 3838 2539 sed

2256 2534 2309 2589 in
2340 2543 2535 2593 ten-am
2562 2547 2819 2601 sementis
2846 2548 3111 2620 dejicitur,
3156 2567 3210 2613 et
3258 2561 3311 2616 in
3354 2578 3475 2620 eam
3502 2568 3837 2641 dissolvitur,

2254 2624 2393 2681 sicut
2420 2643 2613 2700 corpus
2642 2647 2935 2694 mortuum.
2977 2644 3336 2709 Quamobrem
3379 2654 3477 2711 hac
3504 2674 3720 2731 quoque
3750 2624 3841 2719 ra:

2254 2717 2398 2774 tione
2423 2731 2539 2775 erat
2561 2729 2864 2796 exemplum
2902 2738 3327 2799 convenientius.
3358 2746 3444 2802 37.
3566 2717 3655 2821 qui
3678 2759 3837 2810 semi-

2252 2819 2361 2875 nat,
2389 2828 2492 2865 non
2528 2830 2714 2884 corpus
2751 2821 2888 2888 quod
2913 2827 3142 2892 futurum
3171 2841 3245 2883 est
3286 2836 3516 2892 seminat.
3549 2819 3684 2896 Nam
3713 2861 3840 2914 quae

2256 2898 2402 2966 prius
2432 2902 2649 2968 quidem
2677 2905 2819 2962 dicta
2849 2920 2993 2978 sunt,
3024 2926 3269 2984 spectant
3291 2923 3357 2976 ad
3384 2925 3669 2986 dicendum

2253 2988 2412 3042 modo
2464 3004 2785 3063 resurgant;
2832 2998 2936 3056 hoc
2976 3014 3153 3061 autem
3195 3010 3262 3065 ad
3304 3011 3654 3074 dubitandum

2251 3080 2391 3148 quali
2418 3096 2642 3153 corpore
2666 3089 2905 3146 veniant.
2933 3093 3072 3161 Quid
3116 3108 3199 3153 est
3243 3112 3443 3172 autem,
3476 3108 3598 3164 Non
3642 3130 3834 3185 corpus

2250 3171 2384 3234 quod
2402 3171 2630 3235 futurum
2654 3188 2727 3232 est
2746 3182 3000 3238 seminas.’
3025 3186 3142 3243 Non
3167 3192 3370 3261 spicam
3400 3197 3687 3270 integram,
3723 3171 3835 3262 non

2252 3258 2574 3319 frumentum
2604 3281 2814 3325 recens.
2842 3272 2942 3327 Hic
2981 3278 3122 3332 enim
3154 3258 3260 3336 non
3286 3258 3621 3355 ampliusvad
3650 3309 3839 3350 resur-

2250 3352 2547 3406 rectionem
2573 3368 2781 3424 Spectat
2807 3363 2999 3430 oratio,
3023 3367 3117 3422 sed
3146 3370 3212 3424 ad
3236 3352 3448 3429 modum
3478 3387 3839 3441 resurrectio-

2250 3440 2354 3504 nis,
2381 3442 2679 3511 cujusmodi
2722 3458 2805 3523 est
2832 3465 3027 3521 corpus
3057 3458 3197 3526 quod
3237 3471 3320 3516 est
3358 3440 3833 3529 resurrecturum:

2250 3543 2444 3600 nempe
2480 3547 2551 3586 an
2578 3536 2705 3604 tale,
2744 3553 2811 3593 an
2842 3542 3034 3598 melius
3083 3556 3137 3601 et
3163 3548 3398 3619 clarius;
3448 3558 3599 3613 etab
3637 3564 3833 3621 eodem

2248 3621 2495 3690 exemplo
2526 3626 2689 3681 sumit
2718 3635 3023 3701 utrumque,
3052 3639 3344 3697 ostendens
3372 3645 3513 3715 quod
3556 3648 3609 3705 id
3638 3652 3712 3707 sit
3739 3669 3837 3711 re-

2247 3722 2610 3767 surrecturum
2636 3717 2804 3773 multo
2829 3722 3038 3777 melius.

2315 3802 2369 3855 2.
2404 3802 2592 3858 Contra
2620 3807 2879 3865 Iurreticos
2901 3816 2988 3885 qui
3014 3817 3245 3874 dicebant
3278 3824 3425 3879 aliud
3448 3844 3635 3898 corpus
3661 3850 3837 3889 resur-

2244 3907 2381 3960 gere.
2406 3922 2479 3933 —-
2502 3896 2609 3950 Sed
2636 3898 2873 3956 hmretici
2894 3904 3027 3959 nihil
3054 3906 3244 3963 horum
3271 3896 3635 3985 intelligentes
3664 3924 3837 3981 insul-

2246 3988 2391 4046 tant,
2439 3991 2495 4037 et
2536 3984 2719 4040 dicunt
2756 4004 2772 4039 :
2812 3992 3052 4049 Alterum
3082 4012 3276 4069 corpus
3303 3984 3480 4073 cadit,
3510 4019 3566 4064 et
3593 4013 3830 4072 alterum

2244 4072 2497 4143 resurgit.
2528 4074 2811 4141 Quomodo
2836 4096 2965 4152 ergo
2991 4092 3355 4147 resurrectio?
3377 4072 3492 4164 ejus
3516 4100 3663 4156 enim
3686 4108 3832 4173 quod

2246 4161 2438 4217 cecidit
2465 4173 2573 4228 (est
2610 4173 2953 4228 resurrectio.
3000 4175 3100 4232 Ubi
3147 4190 3231 4235 est
3272 4194 3449 4239 autem
3494 4189 3833 4252 admirabilis

2246 4252 2335 4306 illa
2356 4264 2410 4309 et
2434 4270 2551 4325 quae
2579 4260 2890 4327 opinionem
2916 4279 3135 4336 superat
3180 4272 3440 4331 adversus
3481 4292 3714 4338 mortem
3753 4289 3835 4341 vi-

2244 4347 2410 4400 ctoria
2437 4386 2454 4413 ,
2483 4350 2527 4402 si
2560 4351 2699 4406 aliud
2732 4354 2875 4409 cadit
2914 4366 2969 4412 et
3011 4359 3151 4415 aliud
3182 4368 3452 4436 resurgit?
3480 4385 3655 4441 neque
3685 4378 3830 4432 enim

2242 4433 2333 4489 illa
2356 4438 2534 4506 utique
2553 4451 2803 4497 cernetur
2823 4446 3119 4507 reddidisse
3137 4433 3404 4521 captivum
3428 4433 3585 4529 quod.
3599 4469 3826 4534 accepit.

2243 4524 2519 4591 Quomodo
2547 4540 2723 4585 autem
2754 4535 2819 4588 iis
2842 4552 2963 4604 qua:
2986 4538 3125 4595 dicta
3152 4553 3277 4598 sunt
3301 4524 3827 4609 conveneritexem-

2248 4626 2433 4693 plum?
2461 4642 2565 4681 non
2591 4629 2735 4683 enim
2757 4632 2857 4686 alia
2878 4636 3095 4702 quidem
3125 4642 3421 4699 seminatur
3439 4651 3696 4711 essentia,
3724 4654 3828 4708 alia

2242 4725 2419 4771 autem
2451 4720 2699 4790 resurgit,
2732 4722 2826 4777 sed
2868 4725 3053 4780 eadem
3082 4731 3285 4786 melior.
3331 4735 3437 4791 Sed
3466 4752 3643 4806 neque
3668 4739 3829 4797 Chri-

2242 4812 2357 4857 stus
2386 4805 2525 4861 idem
2555 4825 2748 4878 corpus
2776 4817 3090 4882 susceperit,
3117 4820 3206 4886 qui
3234 4820 3333 4876 fuit
3368 4805 3615 4892 primitiae
3642 4844 3828 4884 resuro

2241 4896 2479 4961 gentium
2504 4914 2519 4963 ;
2549 4901 2641 4956 sed
2664 4943 2679 4967 ,
2707 4905 2998 4960 secundum
3025 4922 3121 4962 vos
3143 4949 3159 4975 ,
3192 4911 3322 4968 illud
3346 4917 3559 4983 quidem
3589 4920 3787 4989 abjecit
3806 4964 3823 4989 ,

2242 4986 2451 5041 etiamsi
2481 4990 2612 5045 nihil
2641 5004 2954 5059 peccasset,
2988 5001 3195 5068 accepit
3239 5011 3417 5059 autem
3455 5008 3623 5064 aliud.
3655 4986 3827 5068 —Unde

2242 5090 2369 5144 ergo
2394 5078 2576 5133 aliud?
2603 5097 2725 5135 nam
2755 5082 2855 5137 hoc
2879 5085 3091 5152 quidem
3122 5103 3189 5143 es
3227 5092 3453 5162 virgine,
3486 5097 3614 5154 illud
3641 5110 3824 5155 autem

2242 5166 2416 5222 unde?
2447 5168 2629 5223 Viden’
2653 5170 2718 5222 ad
2753 5182 3003 5237 quantam
3032 5176 3415 5237 absurditatem
3451 5185 3699 5241 devoluta
3739 5200 3827 5245 est

2240 5258 2453 5311 oratio?
2480 5258 2588 5312 Cur
2612 5260 2755 5313 enim
2797 5264 3030 5318 ostendit
3059 5267 3254 5338 figuras
3277 5282 3332 5327 et
3373 5278 3597 5346 vestigia
3637 5278 3826 5332 clavo-

2241 5347 2400 5400 rum?
2428 5362 2605 5400 annon
2645 5346 2747 5402 hoc
2769 5351 2951 5407 volens
2978 5359 3265 5415 ostendere
3286 5402 3301 5427 ,
3335 5364 3465 5417 illud
3495 5367 3667 5431 ipsum
3700 5382 3825 5424 esse

2242 5438 2385 5505 quod
2413 5439 2555 5492 cruci
2583 5438 2681 5493 fuit
2703 5442 2947 5510 affixum,
2976 5457 3034 5503 et
3057 5452 3232 5520 ipsum
3259 5458 3660 5512 resurrexisse?
3682 5460 3825 5527 Quid

2241 5529 2340 5582 sibi
2371 5531 2483 5583 vult
2503 5546 2715 5601 quoque
2741 5533 2904 5604 figura
2930 5539 3114 5595 ,ιοηωῖ
3143 5559 3251 5599 non
3277 5547 3420 5600 enim
3441 5547 3578 5601 alius
3605 5552 3825 5620 quidem

2242 5620 2342 5673 fuit
2372 5621 2693 5690 absorptus',
2718 5626 2857 5682 alius
2890 5640 3069 5685 autem
3098 5634 3151 5687 in
3184 5644 3378 5689 terram
3400 5637 3610 5704 ejectus
3635 5642 3823 5701 Jonas.

2241 5708 2378 5776 Quid
2408 5709 2568 5767 etiam
2592 5710 2835 5785 dicebat,
2865 5716 3058 5777 Solvite
3087 5722 3331 5793 templum
3361 5724 3475 5792 hoc,
3513 5739 3559 5783 et
3589 5732 3642 5787 in
3663 5732 3825 5788 tribus
