4066 6348
297 394 411 450 357

297 508 476 559 diebus
504 504 728 561 excitabo
767 507 928 577 ipsum
961 508 1158 579 (Joan.
1183 508 1237 563 Ξ.
1275 510 1354 564 l‘J.
1384 510 1446 563 2f
1478 508 1543 577 )?
1572 524 1690 562 nam
1739 508 1877 575 quod

294 594 715 661 dissolvebatur,
741 598 790 651 id
818 599 1023 653 scilicet
1048 602 1318 655 excitavit.
1347 599 1706 664 Quamobrem
1735 598 1880 652 addi-

296 685 382 738 dit
418 688 740 756 evangelista
758 729 774 752 ,
807 688 903 741 Ille
932 702 1095 743 autem
1132 690 1324 743 dicebat
1354 691 1415 743 de
1443 691 1627 757 templo
1655 692 1734 743 sui
1761 707 1878 742 cor-

296 776 461 842 poris.
490 776 623 842 Quid
660 794 786 848 ergo
811 780 972 845 dicit,
1010 781 1130 834 Non
1157 797 1341 848 corpus
1367 781 1501 850 quod
1536 786 1765 850 futurum
1805 791 1879 834 est

290 866 555 918 seminus?
585 864 694 921 iloc
733 878 852 932 est,
893 886 998 923 non
1030 873 1230 939 spicam
1260 886 1274 922 :
1303 880 1387 924 est
1426 872 1565 923 enim
1590 870 1776 924 eadem
1824 880 1877 925 et

294 968 409 1006 non
436 955 623 1010 eadem
654 978 669 1014 :
694 958 881 1013 eadem
904 960 1140 1029 quidem,
1168 961 1419 1028 quoniam
1450 960 1637 1013 eodem
1667 969 1750 1015 est
1786 975 1846 1014 es

292 1042 499 1107 scntia;
529 1059 633 1097 non
657 1047 867 1107 eadem,
910 1049 1159 1116 quoniam
1187 1048 1301 1103 ba-c
1326 1059 1407 1103 est
1444 1049 1651 1109 melior,
1684 1050 1872 1103 eadem

289 1133 510 1201 quidem
536 1145 785 1192 manente
806 1140 1038 1192 essentia
1058 1180 1076 1205 ,
1105 1139 1293 1208 majori
1321 1148 1499 1194 autem
1530 1141 1663 1195 facta
1696 1141 1875 1207 specie

290 1237 359 1278 ac
386 1225 601 1290 decore.
631 1243 755 1284 cum
785 1246 917 1283 nova
944 1231 1015 1285 sit
1049 1250 1063 1286 :
1086 1233 1336 1301 quoniam
1362 1233 1469 1286 nisi
1488 1232 1590 1285 hoc
1617 1240 1777 1292 esset,
1804 1245 1874 1285 ne

289 1327 440 1372 esset
462 1321 675 1389 quidem
700 1325 1042 1390 resurrectio,
1073 1324 1174 1377 nisi
1204 1335 1347 1379 esset
1377 1324 1569 1377 melius
1596 1336 1871 1377 resurrec-

292 1414 437 1461 lnra.
483 1410 589 1464 Cur
626 1412 769 1465 enim
799 1412 1014 1466 domum
1042 1422 1186 1467 esset
1212 1413 1483 1466 diruturus
1502 1454 1517 1478 ,
1551 1413 1648 1465 nisi
1679 1413 1873 1481 Splen—

289 1495 556 1552 didior-em
584 1512 729 1554 esset
766 1502 1172 1558 :edifieatnrus?
1210 1504 1319 1558 lloc
1356 1505 1516 1573 igitur
1554 1504 1688 1557 dixit
1726 1504 1830 1555 illis
1854 1542 1871 1567 ,

290 1588 386 1654 qui
412 1590 787 1644 existimabant
815 1594 1061 1648 eumdem
1093 1608 1213 1648 esse
1243 1594 1516 1646 interitum
1567 1608 1629 1647 ac
1668 1608 1870 1645 corru—

293 1678 550 1743 ptiouem.
576 1680 779 1736 Deinde
808 1699 874 1738 ne
900 1686 1159 1753 quispiam
1187 1699 1368 1737 rursus
1385 1684 1716 1738 existimaret
1746 1683 1869 1736 hinc

210 1825 218 1831 ,
288 1765 492 1821 dictum
518 1784 639 1824 esse
681 1772 825 1826 aliud
866 1789 1059 1841 corpus
1085 1814 1100 1836 ,
1131 1773 1313 1827 datum
1356 1775 1581 1842 :enigma
1622 1774 1786 1837 lenit,
1812 1782 1870 1826 et

292 1858 677 1927 interpretatur
702 1864 845 1933 quod
877 1865 1076 1919 dictum
1115 1876 1219 1938 est,
1252 1880 1359 1919 non
1392 1865 1693 1918 concedens
1720 1863 1870 1916 audi-

287 1952 392 2005 turi
436 1964 495 2006 ut
538 1964 769 2008 mentem
816 1956 920 2009 alio
948 1957 1257 2012 transferat.
1307 1956 1443 2023 Quid
1498 1970 1627 2024 ergo
1672 1955 1868 2008 nostris

285 2054 426 2109 opus
454 2051 539 2095 est
562 2044 774 2097 verbis?
798 2046 929 2099 Audi
956 2048 1146 2114 ipsum,
1171 2049 1257 2114 qui
1286 2047 1354 2099 diu
1377 2048 1433 2110 it,
1454 2046 1579 2112 quid
1609 2046 1677 2099 sit
1706 2046 1868 2098 inter-

289 2142 586 2195 pretantem
627 2149 640 2185 :
676 2134 796 2187 Non
848 2152 1034 2204 corpus
1076 2138 1210 2203 quod
1242 2137 1467 2203 futurum
1513 2146 1583 2189 cst
1627 2137 1859 2189 seminus.

283 2222 475 2276 Statim
502 2226 643 2277 enim
672 2226 946 2294 subjuuxit
980 2245 992 2281 :
1019 2226 1122 2281 Sed
1159 2228 1352 2280 nudum
1384 2244 1596 2296 granum
1618 2264 1634 2291 ,
1667 2235 1717 2277 ut
1740 2242 1862 2293 puta

284 2314 462 2380 tritici,
488 2326 575 2367 aut
602 2317 821 2381 alicuius
860 2320 1151 2386 ltujusmodi
1190 2319 1451 2371 seminum.
1488 2317 1597 2371 lloc
1626 2326 1727 2381 est,
1758 2330 1860 2369 11011

278 2416 479 2472 corpus
508 2404 650 2474 quod
679 2414 763 2460 cst
801 2405 1035 2461 futurum
1056 2449 1070 2471 ,
1104 2422 1291 2475 nempe
1333 2425 1436 2463 non
1466 2410 1543 2460 sic
1572 2410 1816 2459 vestitqu
1843 2444 1858 2469 ,

281 2508 453 2562 neque
510 2496 742 2549 culmum
784 2496 987 2550 habens
1021 2506 1075 2550 et
1106 2498 1294 2551 aristas
1328 2514 1340 2549 :
1389 2499 1493 2550 Sed
1526 2499 1713 2549 nudum
1744 2512 1863 2565 gra-

278 2600 420 2648 num,
441 2596 497 2638 ut
518 2598 639 2654 puta
662 2588 851 2653 tritici,
881 2599 965 2640 aut
994 2591 1211 2657 alicujus
1238 2607 1299 2641 ex
1320 2591 1379 2641 iis
1406 2603 1517 2658 qua:
1537 2600 1650 2641 sunt
1676 2590 1857 2655 lmjtts-

276 2676 435 2728 modi.
487 2675 574 2731 58.
625 2676 759 2731 Deus
806 2688 977 2731 autem
1020 2679 1108 2731 dat
1158 2679 1235 2731 illi
1270 2695 1452 2748 corpus
1510 2681 1637 2731 sicut
1680 2680 1854 2731 voluit.

274 2764 434 2819 Certe
457 2806 472 2830 ,
506 2768 710 2836 inquit;
744 2768 837 2821 sed
872 2770 974 2822 illic
1000 2780 1080 2824 est
1117 2785 1251 2838 Opus
1282 2782 1504 2823 naturze.
1536 2770 1701 2838 Cujus
1725 2810 1739 2832 ,
1772 2769 1878 2826 dic,

276 2870 483 2927 quisse,
515 2860 757 2914 natura}?
802 2876 921 2915 nam
960 2863 1071 2917 illic
1112 2878 1323 2932 quoque
1372 2863 1513 2916 Deus
1570 2864 1857 2916 labricmur

276 2949 587 3003 universum
616 2990 630 3013 ,
673 2964 778 3004 non
819 2961 1006 3005 natura
1050 2965 1219 3019 neque
1263 2961 1401 3004 terra
1442 2967 1615 3020 neque
1655 2952 1848 3019 pluvia.

274 3037 633 3104 Quamobrem
683 3040 797 3107 ipse
828 3039 940 3095 iure
987 3042 1294 3110 significans
1318 3083 1332 3102 ,
1365 3044 1581 3095 dimissa
1610 3052 1748 3097 terra
1801 3053 1851 3097 et

274 3143 399 3185 aere
430 3142 485 3184 et
525 3131 702 3199 pluvia
730 3140 782 3184 et
809 3131 1158 3200 agricolarum
1200 3134 1440 3187 manibus
1469 3176 1484 3195 .
1517 3136 1787 3204 subjunxit
1835 3153 1849 3188 :

272 3214 411 3274 Deus
439 3221 527 3274 dat
559 3221 638 3274 illi
669 3238 852 3292 corpus
884 3224 1009 3278 sicut
1045 3226 1219 3279 voluit.
1259 3226 1376 3281 Noli
1418 3243 1546 3296 ergo
1581 3229 1852 3297 inquirere

269 3320 326 3365 ct
362 3311 612 3382 indagare
636 3315 901 3383 quomodo
927 3326 978 3370 et
1002 3332 1226 3385 quanam
1256 3321 1481 3384 ratione,
1512 3336 1633 3373 cum
1664 3321 1849 3375 audie-

271 3400 346 3454 ris
389 3400 480 3455 Dei
513 3405 799 3471 potentiam
844 3414 897 3459 et
924 3408 1269 3461 voluntatem.
1304 3406 1369 3461 Et
1412 3411 1678 3479 unicuith
1701 3414 1849 3465 semi-

270 3508 389 3543 num
436 3496 697 3560 proprium
740 3512 944 3563 corpus.
975 3498 1072 3553 Ubi
1120 3515 1247 3568 ergo
1277 3500 1544 3555 alienum?
1571 3504 1660 3557 dat
1704 3506 1845 3559 enim

269 3584 563 3652 proprium.
595 3588 950 3650 Quamobrem
982 3592 1193 3659 quando
1217 3592 1365 3657 dicit,
1401 3592 1517 3646 Non
1546 3596 1679 3663 quod
1703 3599 1843 3666 [utu-

271 3691 383 3726 ram
426 3685 496 3729 est
523 3678 772 3739 seminus,
804 3693 907 3732 non
957 3680 1057 3734 hoc
1084 3681 1244 3745 dicit,
1274 3683 1412 3752 quod
1453 3685 1555 3738 alia
1600 3701 1696 3753 pro
1740 3689 1845 3740 alia

270 3776 515 3834 resurgat
538 3768 792 3830 essentia,
816 3769 909 3821 sed
930 3772 1071 3838 quod
1098 3773 1302 3835 melior,
1332 3775 1471 3841 quod
1497 3775 1841 3843 splendidior.

270 3853 554 3925 Unicuique
589 3861 720 3911 enim
758 3862 1003 3914 seminum
1042 3866 1301 3932 prout-ium
1335 3882 1536 3935 corpus.
1575 3868 1708 3923 llinc
1732 3870 1843 3937 jam

266 3947 558 4003 introducit
587 3953 745 4005 etiam
775 3953 1127 4009 differentiam
1160 3960 1567 4016 resurrectioiiis
1612 3971 1734 4017 tunc
1765 3962 1845 4017 fu-

266 4052 423 4091 turae.
455 4037 533 4093 Ne
557 4041 697 4094 enim
718 4078 734 4105 ,
764 4045 1014 4112 quoniam
1046 4049 1339 4102 Sentinatur
1360 4063 1542 4105 semen
1569 4063 1623 4106 et
1658 4068 1844 4108 omnes

267 4131 563 4184 ascendunt
603 4134 762 4200 Spieae
787 4173 802 4199 ,
838 4146 1116 4206 propterea
1147 4142 1419 4195 existimes
1451 4159 1629 4212 parem
1680 4147 1840 4201 etiam

269 4220 527 4277 honorem
556 4224 743 4278 essein
768 4230 1175 4286 resurrectione.
1207 4228 1416 4286 Etenim
1451 4251 1516 4288 ne
1544 4237 1594 4289 in
1619 4239 1838 4292 semini-

268 4312 369 4365 bus
387 4314 598 4382 quidem
618 4329 752 4368 unus
773 4325 855 4369 est
878 4320 1010 4373 ordo
1029 4338 1041 4372 ;
1063 4321 1191 4375 Nam
1213 4324 1311 4375 alia
1329 4323 1541 4392 quidem
1563 4340 1685 4383 sunt
1708 4344 1843 4397 prte-

263 4406 519 4457 stantiora
535 4414 587 4459 et
603 4406 925 4470 honestiora,
939 4410 1041 4464 alia
1055 4428 1179 4466 vero
1196 4413 1457 4468 deteriora
1479 4434 1492 4470 :
1507 4434 1671 4486 quare
1682 4422 1839 4475 etiam

262 4494 582 4562 subjuuxit:
618 4497 684 4549 Et
725 4498 990 4563 unicuique
1030 4507 1294 4572 praprium
1339 4520 1540 4576 corpus.
1574 4507 1837 4567 C:eterum

261 4599 369 4639 non
392 4598 474 4641 est
498 4588 599 4642 hoc
624 4598 926 4655 contentus,
953 4593 1045 4646 sed
1068 4596 1224 4650 aliam
1246 4599 1435 4667 quaerit
1460 4597 1835 4669 differentiam,

261 4678 519 4745 majorem
549 4692 603 4735 et
633 4680 1071 4737 manifestiorem.
1103 4685 1231 4740 Nam
1263 4705 1328 4743 ne
1356 4702 1476 4744 cunt
1505 4690 1798 4749 audivisses
1819 4734 1835 4759 ,

258 4765 400 4819 sicut
420 4769 549 4833 dixi,
580 4772 717 4839 quod
743 4785 930 4824 omnes
956 4784 1252 4843 resurgant,
1285 4776 1621 4835 existimares
1648 4800 1836 4838 omnes

258 4855 448 4910 eadem
480 4862 729 4930 coasequi
759 4871 813 4915 et
841 4861 1024 4915 iisdem
1062 4861 1191 4931 frui,
1224 4865 1365 4933 prius
1386 4871 1598 4937 quidem
1625 4870 1754 4941 iecit
1784 4876 1836 4927 in

260 4950 684 5011 prmoedentibus
738 4955 941 5008 semina
996 4953 1152 5022 hujus
1203 4962 1523 5026 sententiae,
1577 4962 1763 5019 dicens
1817 4982 1832 5019 ε

262 5035 613 5111 Unusquisque
640 5055 806 5099 autem
831 5046 881 5099 in
903 5044 1108 5116 proprio
1134 5044 1325 5101 ordine.
1354 5046 1499 5103 Facit
1524 5063 1700 5107 autem
1734 5056 1830 5109 huc

255 5128 492 5194 apertius
520 5132 603 5186 hic
634 5148 846 5205 quoque
890 5150 1099 5204 rursus,
1125 5136 1309 5191 dicens
1336 5155 1348 5191 :
1381 5138 1469 5195 59.
1512 5138 1631 5195 Non
1671 5148 1831 5201 omnis

256 5235 378 5273 caro
400 5220 573 5275 eadem
601 5240 739 5280 caro.
767 5226 902 5293 Quid
930 5229 1071 5283 enim
1093 5269 1108 5295 ,
1154 5228 1323 5299 inquit
1341 5270 1356 5297 ,
1379 5231 1499 5287 dico
1527 5233 1577 5287 in
1610 5240 1801 5294 semini

258 5314 394 5365 bus?
423 5313 521 5364 hoc
564 5314 732 5382 ipsum
778 5317 1037 5388 agitemus
1080 5324 1240 5376 etiam
1284 5325 1336 5377 iu
1377 5324 1724 5393 corporibus,
1766 5332 1832 5385 de

251 5403 444 5468 quibus
485 5416 514 5453 a
553 5405 705 5456 nobis
740 5417 889 5462 uunc'
909 5411 1097 5478 agitur.
1133 5412 1487 5477 Quamobrem
1512 5412 1781 5486 subjungit
1809 5460 1824 5479 ,

251 5493 436 5547 dicens
467 5510 479 5545 :
515 5492 619 5547 Sed
648 5494 971 5565 alia'quidem
998 5517 1115 5553 caro
1141 5512 1211 5554 est
1237 5501 1512 5570 hominum,
1541 5506 1643 5559 alia
1664 5520 1829 5564 autem

251 5599 507 5647 pecorum,
548 5584 657 5637 alia
686 5584 977 5653 volucrum,
1010 5589 1115 5643 alia
1142 5603 1307 5645 autem
1346 5596 1577 5663 piscium.
1626 5599 1712 5650 40.
1763 5600 1828 5653 Et

248 5686 463 5737 corpora
492 5673 715 5727 crt'lcstia
732 5715 748 5737 ,
775 5684 820 5727 et
845 5693 1056 5742 corpora
1078 5684 1327 5735 terrestria
1357 5701 1373 5735 :
1401 5686 1489 5737 sed
1511 5687 1610 5738 alia
1631 5688 1825 5753 quith

245 5764 517 5816 cwlcs'ium
554 5766 716 5833 gloria
742 5806 754 5826 ,
802 5766 901 5817 alia
942 5776 1105 5819 autem
1135 5776 1439 5827 terrestrium
1470 5792 1485 5827 :
1513 5777 1598 5831 41.
1628 5777 1728 5830 alia
1754 5791 1826 5833 ml

587 5857 851 5917 PATROL.
902 5857 1014 5917 Gn.
1066 5862 1216 5923 LXI.

1328 396 1395 454 ΙΝ
1431 391 1643 454 ΕΜΞΤ.
1688 396 1705 451 l
1770 395 1861 451 AD
1896 394 2048 454 COR.
2095 397 2325 458 llOMlL.
2369 400 2505 460 XLI.

3454 419 3561 476 εδει

1988 511 2150 579 gloria
2176 514 2317 579 solis,
2347 525 2393 569 et
2431 518 2534 571 alia
2559 526 2630 572 est
2657 519 2820 590 gloria
2852 520 2985 577 luna:
3005 566 3017 589 ,
3049 534 3095 577 ct
3124 528 3225 579 alia
3256 531 3416 598 gloria
3448 540 3563 590 stel-

1988 601 2152 655 larum
2180 617 2199 655 :
2225 604 2371 657 stella
2401 607 2534 659 enim
2574 624 2604 660 α
2628 609 2772 663 stella
2801 611 2972 678 di/I‘crt
2998 616 3052 667 iu
3079 615 3263 684 gloria.

2056 691 2109 744 5.
2153 692 2217 745 Et
2277 695 2403 762 quid
2432 696 2531 750 sibi
2581 698 2764 755 volunt
2804 701 2918 757 lucc
2959 705 3165 760 verba?
3211 725 3441 777 quanam
3492 716 3560 771 de

1964 784 2140 833 causa
2168 796 2195 833 a
2226 787 2617 842 resurrectione
2644 802 2929 860 corporum
2957 796 3153 850 excidit
3180 798 3229 852 in
3258 803 3555 861 orationem

1983 870 2049 924 de
2079 872 2248 927 stellis
2275 884 2329 929 et
2370 876 2523 932 sole?
2551 879 2666 935 Non
2695 883 2928 951 excidit,
2963 903 3133 957 neque
3167 892 3424 951 abductus
3464 898 3557 954 fuit

1981 962 2048 1015 ab
2086 977 2399 1033 argumento
2419 1006 2435 1032 ,
2463 971 2631 1038 absit,
2659 975 2752 1033 sed
2797 975 2847 1029 in
2876 992 2942 1032 eo
2970 981 3144 1037 adhuc
3185 983 3368 1042 lueret.
3423 990 3553 1046 Nam

1981 1053 2231 1118 tluoniam
2258 1057 2503 1121 probavit
2529 1062 2670 1129 quod
2696 1063 2894 1119 dictum
2921 1077 3004 1123 est
3032 1070 3100 1125 de
3126 1080 3519 1137 resurrectione

1981 1143 2210 1197 ostendit
2244 1145 2387 1213 jam,
2435 1149 2575 1217 quod
2627 1161 2751 1206 tunc
2790 1154 2982 1211 futurae
3025 1160 3209 1228 gloria:
3252 1182 3443 1237 magna
3488 1175 3557 1226 sit

1978 1230 2273 1287 differentia
2298 1277 2313 1301 ,
2343 1239 2442 1291 etsi
2472 1254 2573 1293 una
2602 1251 2685 1296 est
2712 1249 3033 1303 resurrectio
3067 1268 3080 1304 :
3113 1258 3167 1306 et
3197 1256 3247 1308 in
3277 1258 3385 1312 duo
3413 1261 3554 1322 inte-

1979 1321 2077 1375 rim
2112 1324 2300 1379 dividit
2326 1328 2664 1397 universum,
2698 1350 2890 1405 nempe
2919 1338 2969 1393 iu
3011 1341 3245 1400 ca-lestia
3277 1356 3330 1401 et
3356 1359 3555 1408 terres-

1981 1410 2102 1463 tria.
2131 1411 2261 1467 Nam
2292 1417 2432 1485 quod
2479 1433 2703 1490 corpora
2732 1427 2947 1494 quidem
2979 1445 3259 1503 resurgant
3278 1479 3292 1499 ,
3322 1443 3556 1497 ostendit

1978 1513 2072 1567 per
2105 1502 2425 1560 frumentum
2478 1526 2492 1563 :
2535 1513 2674 1580 quod
2716 1525 2892 1571 autem
2936 1536 3039 1575 non
3072 1528 3246 1581 omnia
3286 1529 3335 1583 iu
3366 1534 3551 1588 eadem

1975 1590 2162 1658 gloria.
2184 1592 2304 1648 liiuc
2325 1599 2575 1652 ostendit.
2592 1602 2739 1657 Sicut
2754 1608 2894 1660 enim
2921 1626 3025 1665 non
3046 1616 3267 1672 credere
3284 1634 3553 1677 resurrec-

1977 1681 2127 1747 ti0ni,
2154 1686 2372 1752 supinos
2392 1688 2553 1743 facit:
2584 1692 2653 1746 ita
2675 1696 2833 1749 etiam
2859 1702 3184 1770 negligentes
3207 1712 3377 1764 reddit
3398 1724 3448 1765 et
3468 1730 3525 1766 so
3541 1747 3553 1755 -

1974 1772 2164 1827 eordes
2182 1812 2199 1839 ,
2224 1777 2529 1834 existimare
2566 1794 2754 1838 omnes
2779 1788 2964 1842 eadem
3002 1799 3253 1865 consequi
3282 1809 3336 1854 et
3362 1802 3547 1859 iisdem

1974 1859 2096 1914 frui.
2123 1863 2477 1930 Quamobrem
2515 1880 2793 1942 utrumque
2827 1879 3048 1950 corrigit
3074 1898 3087 1935 :
3111 1859 3300 1940 et'alia
3332 1892 3547 1957 quidem

1973 1950 2198 2007 absolvit
2219 1954 2269 2007 in
2293 1959 2732 2029 przrcedentibus,
2756 1966 2822 2020 ab
2848 1969 2947 2023 hoc
2966 1980 3138 2027 autem
3163 1991 3301 2031 mmc
3325 1950 3503 2049 incipit
3531 2003 3542 2037 :

1971 2055 2022 2099 et
2043 2061 2163 2102 cum
2187 2051 2321 2105 duos
2344 2051 2558 2110 fecisset
2578 2057 2793 2114 ordines
2809 2061 3072 2130 justorum
3091 2076 3144 2121 et
3163 2082 3503 2137 peccatorum
3527 2117 3543 2138 .

1972 2134 2067 2188 hos
2086 2138 2227 2205 ipsos
2249 2152 2432 2195 rursus
2453 2155 2598 2199 Secat
2613 2148 2662 2200 in
2678 2149 2860 2217 plures
2879 2164 3081 2221 partes:
3101 2134 3387 2215 ostendens
3403 2168 3541 2233 quod

1971 2240 2143 2295 neque
2161 2229 2310 2295 justi.
2333 2247 2503 2301 neque
2522 2249 2825 2304 peccatores
2844 2245 3029 2301 eadem
3051 2262 3421 2321 assequentur;
3451 2274 3544 2312 nc-

1965 2328 2070 2381 que
2091 2316 2213 2383 justi
2240 2334 2427 2375 orunes
2447 2325 2631 2380 eadem
2651 2331 2907 2401 quacjusti
2930 2337 3220 2409 alii,ncque
3236 2358 3545 2412 peccatores

1965 2404 2154 2458 cadent
2174 2420 2633 2477 qurepeecatores.
2660 2413 2948 2492 Facitergo
2967 2428 3195 2493 primum
3231 2404 3390 2489 unam
3419 2453 3539 2493 sec-

1964 2493 2159 2549 tionem
2172 2498 2434 2565 justorum
2448 2511 2497 2556 et
2512 2514 3311 2591 peccatorum,dieeiis:L‘orpora
3322 2528 3541 2583 ca'lestia
3578 2548 3581 2551 ’

1962 2595 2008 2636 et
2024 2601 2239 2655 corpora
2255 2595 2533 2659 terrestria;
2548 2611 2643 2666 per
2667 2605 2935 2658 terreSIria
2957 2608 3172 2676 quidem
3192 2612 3289 2669 hos
3301 2617 3415 2671 subi
3423 2621 3489 2675 nd
3500 2624 3539 2675 i-

1958 2687 2211 2743 cans,per
2226 2681 2459 2738 cmlestia
2476 2694 2652 2743 autem
2674 2691 2811 2748 illos.
2835 2695 3036 2754 Deinde
3056 2700 3123 2756 de
3144 2713 3342 2761 czctero
3368 2710 3536 2767 intro-

1957 2764 2104 2818 ducit
2130 2767 2481 2827 differentiam
2510 2789 2849 2844 peccatorum
2862 2800 2891 2838 a
2906 2794 3293 2860 peccatoribus,
3311 2795 3494 2857 dicens
3516 2820 3531 2858 :

1963 2853 2081 2909 Non
2108 2860 2270 2913 omnis
2293 2876 2413 2915 caro
2436 2866 2608 2918 eadem
2633 2882 2781 2938 caro,
2806 2874 2896 2927 sed
2916 2878 3019 2932 alia
3049 2884 3250 2948 quidem
3276 2889 3488 2955 piscium
3516 2935 3529 2957 ,

1957 2948 2059 3001 alia
2083 2960 2248 3004 autem
2269 2954 2525 3009 volucrum
2545 2966 2592 3011 et
2616 2976 2871 3028 pecorum.
2895 2967 3052 3038 Atqui
3073 2983 3195 3028 sunt
3215 2948 3390 3033 omnia
3413 2995 3538 3037 σοι·-

1956 3054 2106 3106 pora,
2130 3043 2222 3096 sed
2245 3045 2346 3098 alia
2375 3048 2588 3115 quidem
2632 3053 2815 3109 viliora
2837 3066 2891 3113 et
2926 3058 3237 3137 abjectiora,
3276 3065 3379 3123 alia
3406 3088 3531 3129 vero

1954 3131 2148 3183 minus.
2180 3131 2232 3185 lu
2258 3134 2360 3188 vita
2386 3151 2599 3208 quoque
2621 3141 2866 3200 similiter
2886 3158 2937 3202 et
2956 3147 3009 3202 in
3038 3131 3234 3210 eadem
3255 3164 3529 3217 constitu—

1955 3224 2114 3277 tione.
2145 3225 2346 3280 Etcum
2376 3229 2476 3283 hoc
2496 3228 2739 3298 dixisset,
2762 3238 3004 3295 ascendit
3025 3256 3211 3300 rursus
3236 3247 3288 3301 in
3310 3251 3525 3317 caelum,

1951 3313 2167 3369 dicens:
2194 3316 2307 3370 Alia
2330 3319 2491 3389 gloria
2506 3324 2646 3391 solis,
2673 3336 2719 3379 et
2742 3328 2846 3382 alia
2859 3332 3025 3399 gloria
3045 3336 3198 3391 laute.
3222 3334 3369 3395 Sicut
3384 3313 3526 3399 enim

1952 3406 2001 3457 iu
2023 3408 2361 3462 terrestribus
2394 3415 2706 3482 corporibus
2730 3428 2813 3472 est
2838 3418 3161 3492 dilferentia,
3192 3429 3259 3485 ita
3288 3432 3449 3488 etiam
3474 3438 3525 3491 iu

1948 3497 2245 3553 Caelestibus
2262 3510 2343 3554 est
2358 3501 2677 3573 differentia,
2690 3524 2857 3579 eaque
2872 3528 2974 3567 non
2988 3517 3239 3587 vulgaris,
3254 3524 3346 3578 sed
3366 3528 3525 3583 ctiam

1950 3602 2113 3656 usque
2130 3589 2194 3643 ad
2216 3600 2474 3651 extrema.
2494 3596 2606 3651 Non
2623 3600 2794 3656 solum
2812 3605 2953 3659 enim
2971 3618 3053 3662 est
3070 3607 3365 3670 differentia
3396 3620 3525 3675 solis

1947 3691 1975 3727 a
1993 3677 2134 3743 luna,
2156 3693 2327 3749 neque
2345 3683 2727 3754 lunteastellis,
2744 3694 2838 3747 sed
2856 3696 3015 3751 etiam
3044 3700 3315 3759 stellarum
3338 3722 3367 3760 a
3395 3711 3526 3765 stel-

1949 3767 2028 3820 lis.
2050 3767 2178 3822 Nam
2198 3772 2403 3828 etiamsi
2426 3778 2601 3831 omnia
2627 3781 2732 3834 sint
2763 3785 2814 3837 in
2838 3786 2991 3852 etelo,
3015 3789 3115 3844 alia
3149 3803 3324 3850 tamen
3353 3802 3522 3870 majo-

1946 3873 2078 3925 rem,
2094 3861 2195 3914 alia
2216 3879 2340 3917 vero
2358 3866 2614 3923 minorem
2633 3869 2827 3927 habent
2844 3876 3085 3944 gloriam.
3102 3881 3234 3949 Quid
3254 3902 3381 3958 ergo
3398 3861 3522 3946 him:

1944 3949 2235 4008 discimus?
2254 3954 2402 4020 Quod
2422 3959 2627 4015 etiamsi
2648 3978 2835 4019 omnes
2858 3967 2963 4021 sint
2994 3970 3043 4023 in
3076 3986 3258 4043 regno,
3278 3949 3383 4033 non
3406 3996 3522 4037 om-

1946 4056 2039 4094 nes
2065 4052 2239 4098 tamen
2275 4047 2461 4101 eadem
2490 4065 2890 4123 consequentur
2917 4069 2971 4113 et
2997 4061 3182 4119 iisdem
3236 4066 3514 4130 fruentur:

1943 4132 2150 4187 etiamsi
2194 4148 2382 4192 omnes
2427 4152 2734 4209 peccatores
2773 4148 2823 4201 in
2868 4150 3149 4219 gehenna,
3200 4174 3304 4214 non
3331 4177 3519 4221 omnes

1943 4224 2128 4277 eadem
2176 4222 2529 4285 sustinebunt.
2566 4230 2629 4287 Et
2688 4236 2809 4292 ideo
2864 4241 3136 4310 subjunxit
3183 4264 3195 4300 :
3229 4251 3315 4304 42.
3346 4252 3435 4307 Sic
3470 4267 3518 4309 et

1942 4318 2239 4370 resurrectio
2294 4328 2639 4381 mortuorum.
2702 4327 2819 4398 Sic,
2876 4340 3184 4404 quomodo?
3244 4345 3295 4398 in
3355 4347 3516 4400 multa

1942 4402 2264 4460 differentia.
2313 4405 2513 4468 Deinde
2563 4414 2664 4470 hac
2714 4402 2981 4488 tamquam
3030 4426 3247 4491 probata
3295 4432 3514 4490 dimissa

1940 4491 2199 4561 oratione,
2224 4514 2407 4553 rursus
2430 4506 2571 4558 venit
2596 4507 2662 4560 ad
2688 4508 3196 4572 demonstrationem
3220 4529 3274 4576 et
3298 4525 3512 4579 modum

1943 4586 2107 4655 ipsius
2161 4585 2856 4659 resurrectionis,dicens:
2893 4603 3189 4661 Seminatur
3233 4612 3284 4663 iu
3334 4629 3507 4665 corru-

1941 4676 2131 4744 ptione,
2166 4691 2332 4750 surget
2362 4683 2412 4734 in
2440 4683 2831 4751 incorruptione.
2884 4690 3013 4745 Vide
3050 4706 3224 4750 autem
3271 4703 3510 4768 pruden-

1940 4770 2065 4821 tiam
2098 4786 2111 4821 :
2146 4770 2198 4823 in
2230 4771 2523 4825 seminibus
2551 4774 2765 4841 quidem
2801 4793 2929 4833 usus
2954 4791 3038 4835 est
3069 4788 3289 4845 nomine
3317 4806 3511 4863 corpo-

1938 4872 2077 4921 rum,
2107 4858 2290 4914 diccns
2337 4878 2351 4913 :
2402 4857 2523 4914 Non
2553 4864 2831 4930 viviﬁcatur
2852 4910 2866 4933 ,
2900 4872 2999 4925 nisi
3038 4878 3189 4943 fuerit
3223 4892 3513 4947 mortuum;

1940 4946 1989 5001 in
2018 4951 2330 5018 corporibus
2353 4961 2529 5005 autem
2556 4957 2916 5024 appellatione
2937 4966 3200 5019 seminum
3228 5005 3243 5033 ,
3273 4970 3461 5028 dicens
3494 4994 3508 5028 :

1942 5039 2228 5095 Semiuatur
2252 5043 2305 5093 iu
2329 5046 2678 5111 corruptione,
2706 5053 2864 5120 surgit
2889 5054 2940 5105 in
2959 5055 3363 5127 incorruptione.
3393 5066 3506 5124 Non

1936 5131 2095 5196 .licit,
2124 5131 2387 5195 Nascitur,
2417 5150 2482 5189 ne
2511 5139 2783 5194 existimes
2825 5157 2943 5196 esse
2984 5160 3118 5214 opus
3151 5159 3305 5208 terrae
3326 5196 3340 5218 ,
3386 5160 3503 5224 sed,

1944 5224 2135 5293 Surgit.
2165 5221 2582 5281 Seminationcm
2604 5241 2783 5285 autem
2823 5232 2905 5286 hic
2933 5236 3094 5302 dicit,
3127 5258 3230 5297 non
3272 5257 3505 5302 nostram

1935 5314 1982 5364 iu
2028 5316 2243 5367 matrice
2271 5317 2700 5385 generationem,
2739 5320 2831 5374 sed
2859 5323 3231 5385 defunctorum
3275 5335 3326 5386 in
3365 5346 3504 5392 terra

1933 5405 2279 5473 sepulturam,
2320 5405 2762 5472 dissolutionem,
2821 5412 3077 5470 cinerem.
3147 5420 3502 5485 Quamobrem

1930 5512 2050 5550 cum
2078 5498 2331 5563 dixisset,
2366 5499 2657 5555 Seminatur
2685 5501 2737 5554 iu
2775 5509 3128 5574 corruptione,
3158 5516 3318 5581 surgit
3348 5518 3399 5569 iu
3426 5521 3500 5570 in:

1931 5588 2268 5656 corruptione,
2300 5588 2579 5658 subjunxit
2608 5608 2622 5645 :
2653 5592 2743 5646 45.
2774 5594 3066 5650 Semiuatur
3092 5600 3142 5651 iu
3170 5602 3498 5670 ignobilitate.

1930 5679 2064 5746 Quid
2093 5682 2232 5735 enini
2260 5691 2342 5737 est
2373 5683 2486 5737 visu
2512 5684 2713 5753 turpius
2737 5703 2893 5756 quam
2920 5703 3115 5757 Corpus
3144 5696 3283 5761 quod
3316 5698 3489 5751 diSSo.

1935 5781 2095 5828 ιιιιιιιιι
2124 5778 2237 5832 (~51?
2270 5777 2444 5850 sill-aii
2477 5775 2721 5843 ingloria
2752 5794 2767 5830 :
2801 5781 3075 5831 seminatur
3102 5783 3152 5834 iu
3188 5786 3488 5851 inﬁrmitate.

3051 5872 3126 5930 ‘23
