4066 6348
579 453 820 508 Nondutn
841 453 982 507 enim
1002 463 1131 508 sunt
1151 454 1362 522 triginta
1383 453 1521 514 dies.
1542 462 1594 506 et
1621 454 1775 520 periit
1795 452 2098 507 tmiversum
2124 469 2139 507 :

580 558 679 598 nec
725 554 898 611 petest
932 557 1165 598 caro.se
1193 543 1514 605 continere,
1574 556 1745 609 neque
1798 557 1957 595 unum
2000 542 2138 595 diem

576 634 788 690 ditare.
821 633 998 704 Surgit
1019 634 1073 686 is
1099 634 1295 688 virtute.
1327 632 1476 685 Tunc
1520 633 1665 690 enim
1710 631 1826 699 ejus
1870 632 1999 685 nihil
2054 646 2143 685 su-

577 727 777 793 pererit
833 725 1117 795 reliquum.
1183 724 1472 791 Propterea
1516 733 1572 777 et
1620 722 1724 777 illis
1774 739 1909 792 opus
1957 724 2141 776 habuit

574 816 857 885 esctnplis,
890 831 957 868 ne
986 814 1136 868 multi
1169 814 1285 866 hac
1311 812 1611 877 audientes,
1640 827 1832 879 nempe
1858 812 1997 881 quod
2026 827 2145 864 sur-

572 914 708 973 gunt
738 907 790 958 in
817 905 1213 972 incorruptione
1258 911 1315 955 et
1337 887 1505 971 gloria
1546 911 1599 955 et
1640 902 1833 955 virtute
1853 942 1867 965 ,
1899 910 2144 969 putarent

576 992 963 1061 resurgentium
994 991 1186 1044 nullam
1217 1005 1336 1044 esse
1365 990 1737 1044 dilferentiam.
1784 990 1915 1043 Nam
1956 1005 2143 1043 omnes

576 1081 788 1147 quidem
817 1091 1117 1150 resurgunt,
1143 1092 1197 1134 et
1222 1082 1273 1133 in
1302 1082 1493 1135 virtute
1514 1090 1567 1133 ot
1595 1082 1645 1133 in
1672 1080 2069 1148 incorruptione
2090 1089 2144 1132 et

578 1170 630 1221 in
661 1168 827 1238 gloria
859 1171 956 1222 hac
981 1168 1391 1236 incorruptionis
1412 1209 1427 1231 ,
1456 1184 1562 1221 non
1590 1178 1761 1221 tamen
1793 1182 1980 1219 outttes
2000 1166 2144 1233 ejus-

575 1256 697 1311 dem
721 1257 940 1311 honoris
964 1267 1018 1311 et
1036 1258 1357 1311 securitatis.
1384 1257 1476 1310 M.
1511 1256 1807 1309 Seminamr
1832 1271 2014 1323 corpus
2032 1257 2143 1307 ani.

575 1346 724 1409 male,
750 1348 910 1416 surgit
941 1362 1123 1403 corpus
1152 1344 1433 1412 spirituale.
1467 1343 1558 1396 Est
1584 1360 1767 1409 corpus
1801 1344 2051 1406 animale,
2096 1354 2143 1395 et

570 1446 646 1490 est
669 1451 853 1504 corpus
889 1434 1171 1500 spirituale.
1217 1432 1354 1500 Quid
1387 1432 1561 1485 dicis?
1591 1432 1691 1485 hoc
1740 1442 1916 1485 autem
1968 1447 2143 1486 nonne

577 1534 661 1579 est
685 1526 1003 1593 spirituale?
1044 1524 1331 1592 Spirituale
1373 1524 1586 1592 quidem
1606 1560 1627 1584 ,ν
1662 1523 1757 1576 sed
1799 1523 1925 1575 illud
1974 1523 2138 1576 multo

579 1614 765 1682 magis.
796 1612 925 1666 Nam
952 1628 1092 1666 nunc
1115 1612 1328 1681 quidem
1355 1626 1498 1679 saepe
1526 1612 1699 1665 avolat
1726 1611 1949 1678 Spiritus
1970 1610 2141 1666 sancti

576 1702 736 1755 multa
781 1702 948 1769 gratia
983 1702 1247 1771 aliquibus
1280 1715 1469 1768 magna
1503 1699 1853 1769 peccantibus
1873 1739 1888 1764 ,
1917 1708 1970 1752 et
2001 1714 2141 1767 prte-

558 1801 727 1845 -sente
752 1805 963 1860 quoque
990 1792 1179 1858 spiritu
1209 1789 1421 1849 animm,
1460 1788 1637 1840 avolat
1678 1788 1782 1841 uita
1823 1789 2036 1850 carnis;
2082 1796 2140 1839 et

573 1878 715 1947 quod
757 1887 839 1931 est
874 1876 1210 1945 huiusmodi,
1252 1877 1452 1945 absque
1491 1876 1591 1929 hoc
1635 1884 1718 1929 est
1768 1876 1923 1928 inane
1968 1884 2139 1926 :tunc

574 1975 751 2020 autem
786 1982 889 2019 non
921 1968 1024 2028 sic,
1049 1964 1140 2019 sed
1184 1973 1441 2033 perpetuo
1489 1971 1765 2031 permanet
1797 1964 1848 2014 in
1874 1976 2034 2015 carne
2053 1964 2141 2029 ju-

574 2066 805 2119 storum,
838 2065 890 2108 et
930 2056 1044 2123 ejus
1071 2056 1173 2109 erit
1202 2064 1438 2122 potestas
1463 2062 1516 2105 et
1556 2052 1833 2120 imperium
1885 2062 2145 2119 prteseute

573 2162 784 2214 quoque
812 2146 1007 2196 anima.
1038 2147 1142 2198 Aut
1169 2144 1311 2198 enim
1354 2143 1456 2196 tale
1483 2141 1606 2210 quid
1640 2142 2027 2207 subindicavit,
2064 2143 2142 2196 di-

580 2249 710 2287 cens
739 2235 1051 2302 Spirituate;
1076 2240 1168 2286 aut
1201 2232 1341 2301 quod
1379 2230 1611 2285 futurum
1639 2231 1709 2284 sit
1736 2233 1904 2286 levius
1931 2242 1984 2286 et
2010 2234 2140 2287 sub-

576 2322 738 2387 tilius,
762 2333 817 2375 et
842 2322 983 2391 quod
1016 2323 1177 2390 possit
1214 2322 1373 2375 etiam
1406 2321 1523 2374 vehi
1556 2321 1610 2375 in
1639 2336 1800 2384 aere;
1833 2322 1916 2376 vel
1963 2324 2140 2389 potius

576 2422 874 2480 utrumque.
909 2412 961 2464 Si
992 2425 1168 2465 autem
1198 2426 1302 2465 non
1329 2411 1503 2465 credis
1529 2411 1576 2464 ei
1607 2412 1747 2481 quod
1772 2412 1990 2474 dicitur,
2022 2411 2143 2465 vide

572 2516 796 2571 corpora
827 2501 1059 2554 ca-lestia
1102 2515 1221 2569 qua:
1250 2510 1369 2553 sunt
1394 2510 1498 2553 tam
1530 2500 1808 2567 splendida
1848 2510 1899 2554 et
1929 2500 2144 2554 durabi-

573 2592 662 2652 lia,
703 2600 756 2644 et
786 2599 1095 2658 permanent
1146 2594 1197 2642 in
1234 2589 1538 2643 conditione
1577 2604 1681 2641 non
1707 2592 2051 2654 senescendi;
2093 2600 2146 2645 et

575 2679 698 2731 hinc
725 2678 848 2733 cred
864 2694 913 2739 e,
947 2678 1084 2744 quod
1115 2678 1251 2730 Deus
1274 2687 1446 2745 potest
1467 2676 1638 2731 facere
1664 2678 1775 2733 hmc
1799 2693 2006 2749 quoque
2027 2695 2146 2735 cor-

573 2767 841 2835 ruptibilia
890 2766 1305 2836 incorruptibilia
1361 2766 1514 2830 ﬁeri,
1584 2776 1638 2820 et
1712 2770 1879 2823 multo
1925 2771 2143 2823 meliora

572 2860 639 2911 iis
664 2874 780 2926 quae
807 2868 1113 2911 cernuntur.
1147 2857 1240 2911 45.
1274 2858 1418 2910 Sicut
1444 2860 1686 2925 scriptum
1714 2870 1784 2910 est
1810 2873 1829 2910 :
1861 2859 2053 2912 Factus
2074 2870 2145 2914 cst

573 2946 760 3014 primus
783 2946 932 2999 homo
954 2949 1006 2998 in
1031 2946 1253 2997 animum
1279 2946 1559 3009 visentem,-
1584 2945 1880 3000 ttouissimus
1910 2948 2071 3001 Adam
2094 2950 2145 3002 in

576 3035 807 3100 spiritum
848 3034 1198 3101 viviﬁcantem.
1240 3035 1397 3101 Atqui
1451 3031 1579 3087 illud
1622 3035 1834 3103 quidem
1890 3038 2142 3105 scriptum

568 3133 653 3178 est
687 3122 837 3193 (Gen.
862 3121 917 3177 2.
945 3123 1034 3193 7),
1065 3124 1166 3176 hoc
1189 3127 1368 3176 autem
1398 3138 1502 3175 non
1524 3133 1608 3177 est
1657 3125 1909 3191 scriptum
1956 3142 1969 3177 :
2011 3140 2142 3193 quo-

581 3213 741 3265 modo
762 3226 891 3282 ergo
914 3210 1047 3265 dixit
1066 3250 1083 3275 ,
1111 3211 1369 3281 Scriptum
1397 3222 1465 3264 est
1483 3213 1508 3264 ?
1532 3213 1575 3264 Δ
1595 3228 1781 3265 rerum
1826 3225 2016 3268 eventu
2048 3216 2146 3270 hoc

579 3303 954 3369 interpretatus
985 3319 997 3352 :
1025 3300 1163 3369 quod
1197 3300 1334 3353 solet
1368 3299 1583 3353 assidue
1638 3299 1833 3355 facere.
1864 3302 1955 3356 Est
2002 3308 2144 3357 enim

580 3390 667 3443 hic
693 3405 807 3444 mos
836 3390 1109 3459 propheta:
1137 3405 1151 3440 τ
1180 3390 1377 3443 etenim
1412 3388 1709 3446 Jerusalem
1752 3391 2016 3446 civitatem
2055 3395 2142 3459 ju-

584 3480 743 3535 stitia:
777 3480 1071 3534 Vorattdam
1097 3481 1210 3533 fore
1240 3480 1371 3534 dixit
1402 3484 1657 3549 propheta
1690 3481 1871 3549 (Zuclt.
1900 3485 1952 3538 8.
1982 3485 2059 3553 3),
2092 3496 2145 3539 et

568 3584 683 3623 non
712 3580 791 3624 est
812 3578 1024 3624 vocatu
1052 3568 1187 3636 Quid
1203 3568 1375 3639 ergo?
1395 3569 1658 3624 falsumne
1687 3571 1817 3624 dixit
1851 3575 2144 3641 propheta?

577 3659 918 3728 Nequaquam
950 3673 965 3712 :
995 3673 1114 3711 nam
1143 3659 1282 3711 illam
1313 3659 1525 3726 quidem
1556 3660 1634 3713 sic
1668 3662 1961 3715 secandam
2010 3664 2143 3717 dixit

580 3763 675 3817 per
702 3763 877 3801 rerum
920 3756 1188 3801 eventum.
1218 3746 1485 3801 Christum
1526 3765 1737 3818 quoque
1774 3752 1906 3804 dixit
1948 3767 2132 3806 vocan-

576 3838 703 3891 dum
735 3837 1133 3891 Emmanuelem
1166 3833 1316 3903 (Isai.
1346 3836 1396 3889 7.
1432 3834 1552 3906 ii);
1580 3847 1634 3891 et
1673 3854 1770 3892 nec
1801 3840 1911 3908 ipse
1935 3858 2143 3911 quoque

577 3928 658 3980 sic
695 3935 781 3980 est
810 3936 1048 3985 vocatus,
1083 3924 1178 3978 sed
1198 3940 1293 3978 res
1325 3925 1451 3993 ipsae
1481 3925 1832 3996 hancvocem
1871 3932 2140 3985 emittunt.

580 4018 651 4071 Ita
670 4016 973 4085 hicquoque
986 4013 1038 4067 Ν
1043 4012 1343 4067 ωἱωὶηωεΑ
1351 4014 1466 4065 dam
1484 4014 1535 4066 in
1547 4017 1776 4082 spiritum
1794 4020 2137 4085 viviﬁcantem.

645 4107 698 4158 4.
725 4105 847 4157 llazc
884 4111 1058 4156 autem
1086 4102 1239 4168 dixit,
1272 4111 1329 4154 ut
1353 4103 1547 4166 discas,
1603 4105 1741 4173 quod
1772 4116 1821 4160 et
1854 4110 1971 4161 vit-.e
2001 4126 2139 4177 pne-

580 4193 748 4246 sentis
774 4201 827 4243 ct
851 4190 1040 4243 futuras
1064 4190 1173 4257 jam
1203 4199 1462 4243 venerunt
1488 4192 1637 4260 signa
1665 4202 1717 4245 et
1750 4195 1984 4263 pignora:
2018 4214 2143 4264 pnn-

581 4282 748 4333 st-utis
777 4279 989 4348 quidem
1039 4279 1226 4339 Adam.
1258 4277 1446 4332 futura:
1491 4288 1668 4333 autem
1711 4281 1971 4338 Christus.
2012 4286 2139 4340 Nam

581 4370 829 4437 quoniam
862 4383 979 4437 qua:
1027 4376 1150 4420 sunt
1201 4368 1422 4421 meliora
1474 4371 1623 4436 ponit
1657 4372 1707 4422 in
1745 4386 1869 4438 5pc,
1915 4379 2143 4430 ostendit

583 4458 896 4527 principium
922 4457 1030 4525 jam
1051 4458 1313 4518 evenisse,
1334 4470 1387 4511 et
1408 4460 1638 4515 radicem
1667 4473 1720 4515 et
1755 4463 1949 4519 fonlcm
1978 4483 2140 4537 appa—

588 4548 776 4599 ruisse.
801 4545 854 4599 Si
877 4554 1053 4597 autem
1068 4546 1219 4597 radix
1242 4555 1293 4598 et
1310 4545 1427 4599 fons
1449 4557 1531 4600 est
1547 4551 1789 4604 onmibus
1809 4555 2141 4626 manifestus,

585 4634 713 4688 nihil
731 4646 811 4687 est
832 4632 1179 4687 dubitandum
1202 4633 1268 4688 de
1290 4633 1565 4689 fructibus.
1583 4636 1650 4690 Et
1665 4638 1782 4693 ideo
1801 4642 1951 4709 dicit,
1970 4644 2146 4699 Novis-

579 4724 739 4776 simus
769 4722 930 4772 Adam
959 4724 1012 4772 in
1042 4723 1274 4789 spiritum
1322 4725 1651 4793 viviﬁcantem
1670 4741 1759 4784 :et
1778 4733 1901 4785 alibi
1932 4751 2143 4804 qu0que

580 4814 732 4869 dicit.
772 4810 1055 4877 Vivi/icabit
1084 4814 1315 4863 mortalia
1332 4831 1545 4883 corpora
1568 4830 1728 4871 vestra
1748 4839 1837 4889 per
1852 4826 2144 4881 inhabitan-

583 4913 681 4953 tem
709 4900 960 4969 Spiritum
987 4901 1044 4953 in
1072 4898 1209 4952 vobis
1230 4899 1404 4969 (Rom.
1425 4904 1477 4955 8.
1502 4904 1609 4971 ll).
1641 4907 1737 4959 Est
1764 4925 1890 4977 ergo
1916 4912 2145 4978 Spiritus

574 4989 872 5045 vivificare.
896 4990 1100 5044 Deinde
1123 5005 1190 5044 ne
1210 4992 1471 5059 quispiam
1498 4993 1733 5061 diceret,
1764 4998 1873 5052 Cur
1893 5014 2018 5055 sunt
2045 5020 2143 5057 an-

574 5080 809 5148 tiquiora
852 5093 911 5131 ea
953 5096 1071 5147 quae
1114 5092 1238 5134 sunt
1284 5083 1503 5149 pejora;
1541 5094 1595 5138 et
1631 5101 1749 5155 qua:
1777 5100 1900 5142 sunt
1933 5093 2143 5161 quidem

591 5168 854 5232 animalia,
872 5177 979 5220 tota
1011 5182 1322 5237 evenerunt,
1340 5184 1656 5230 nectantum
1678 5194 1842 5249 usque
1866 5182 1931 5236 ad
1960 5186 2165 5253 primi-r

580 5259 709 5321 tias,
730 5275 847 5326 qu:e
871 5266 1052 5311 autem
1074 5262 1389 5327 spiritualia,
1420 5278 1523 5315 non
1551 5266 1649 5320 nisi
1679 5282 1843 5339 usque
1870 5275 1935 5326 ad
1966 5279 2146 5342 primi-

584 5348 722 5398 tias?
746 5347 974 5402 ostendit
995 5347 1269 5422 utriu‘que
1290 5352 1543 5420 principia
1562 5354 1629 5406 ita
1656 5354 1819 5414 fuisse
1836 5366 2142 5423 constituta.

580 5435 671 5489 ιϐ.
703 5436 807 5488 Sed
850 5456 948 5491 non
995 5440 1173 5506 prius,
1218 5441 1408 5509 inquit,
1455 5444 1591 5511 quod
1646 5449 1909 5515 spiritualc
1934 5466 2024 5515 cst.
2055 5460 2144 5511 sed

581 5524 715 5589 quod
742 5525 961 5578 animale
985 5543 1003 5579 :
1043 5529 1223 5579 deinde
1265 5532 1400 5598 quod
1440 5534 1721 5600 spirituale.
1756 5538 1868 5593 Non
1899 5544 2027 5599 dicit
2050 5563 2141 5603 au-

583 5620 713 5677 tem,
737 5630 923 5684 quare,
966 5618 1061 5672 sed
1086 5628 1165 5673 est
1209 5631 1491 5677 contentus
1519 5624 1613 5680 Dei
1642 5628 1973 5691 ordinatione
1996 5679 2009 5702 ,
2047 5642 2139 5694 ha-

1279 340 1335 395 S.
1373 340 1645 397 JOANNIS
1678 341 2152 396 CHRYSOSTOMI
2193 343 2499 399 ARCIIIEP.
2541 349 3065 416 CONSTANTINOP.

2250 454 2379 545 bene
2424 464 2889 534 sententiamtqnte
2913 472 3151 537 procedit
3173 488 3204 527 a
3227 477 3387 532 rebus
3408 521 3422 545 ,
3449 483 3811 542 testimonium

2248 542 2502 601 ferentem
2542 552 2756 617 optimm
2801 556 2896 609 Dei
2938 542 3416 631 administrationi,
3436 581 3491 623 et
3519 575 3810 630 ostendens

2245 633 2384 728 quod
2400 650 2490 689 res
2507 649 2701 693 nostra:
2720 656 2932 712 semper
2952 648 3244 714 procedunt
3261 654 3328 707 ad
3346 657 3398 709 id
3420 660 3563 728 quod
3590 672 3677 715 est
3695 680 3805 719 me-

2246 721 2779 819 liusacpmstantius
2810 735 3002 787 :simul
3037 738 3199 792 etiam
3227 740 3347 796 hinc
3363 721 3577 815 quoque
3594 751 3642 803 ei
3667 756 3808 819 quod

2244 809 2369 909 dicit
2383 812 2775 909 fidemfacieus.
2797 821 2926 876 Nam
2939 826 2983 877 si
3004 841 3123 894 qua:
3138 839 3259 882 sunt
3273 809 3481 888 minora
3489 809 3808 909 evenerunt,

2246 902 2587 974 multomagis
2614 924 2732 977 quae
2758 922 2882 965 sunt
2912 915 3130 970 meliora
3158 929 3284 973 sunt
3302 929 3679 989 exspectanda.

2316 992 2506 1047 Μοτιαὶ
2526 1013 2624 1088 non
2646 1001 2793 1054 nimis
2817 1004 3039 1074 lugendi,
3060 1010 3150 1060 sed
3176 1011 3404 1078 precibus
3438 1017 3657 1071 «torris
3685 1036 3808 1088 ops-

2245 1080 2380 1133 ribas
2410 1085 2652 1151 iuvandi.
2700 1118 2769 1128 -
2812 1090 2944 1144 Cum
2988 1110 3117 1164 ergo
3151 1097 3385 1153 futurum
3424 1104 3495 1157 sit
3520 1114 3579 1158 ut
3616 1080 3812 1163 talibus

2246 1168 2482 1261 fruamur
2506 1174 2680 1241 bouis,
2707 1196 2807 1234 nos
2836 1184 2887 1235 in
2918 1183 3018 1240 hoc
3059 1188 3246 1243 ordine
3295 1191 3639 1261 collocemus,
3660 1207 3716 1250 et
3742 1214 3813 1253 ne

2245 1258 2534 1316 deﬂeamus
2555 1280 2647 1319 eos
2672 1270 2759 1336 qui
2786 1271 3067 1336 excedunt,
3095 1276 3188 1330 sed
3228 1293 3322 1333 eos
3357 1283 3445 1348 qui
3477 1258 3637 1336 vitam
3670 1288 3813 1339 male

2245 1348 2451 1407 finiunt.
2484 1354 2613 1408 Nam
2636 1366 2690 1409 et
2709 1361 2940 1427 agricola
2959 1376 3077 1416 cum
3107 1367 3301 1421 viderit
3323 1368 3539 1424 dissolvi
3571 1372 3813 1428 frumen—

2246 1448 2381 1506 tum,
2407 1456 2510 1494 uon
2536 1445 2875 1515 lamentatur,
2906 1451 2999 1505 sed
3023 1455 3275 1520 quamdiu
3305 1458 3519 1525 quidetu
3550 1462 3699 1516 videt
3722 1478 3816 1517 so-

2245 1526 2405 1582 lidum
2426 1546 2643 1588 manere
2666 1536 2715 1587 in
2741 1545 2901 1600 terra,
2926 1550 3141 1595 veretur
3166 1551 3631 1615 et’contremiscit;
3663 1561 3814 1621 poes-

2244 1631 2399 1683 quam
2427 1628 2601 1673 autem
2634 1622 2789 1675 fuerit
2812 1625 3149 1695 dissolutum,
3179 1632 3405 1686 laetatur.
3430 1636 3642 1691 Initium
3666 1641 3812 1692 enim

2248 1704 2434 1759 futura:
2460 1711 2715 1763 sementis
2739 1722 2819 1764 est
2848 1714 3147 1770 dissolutio.
3200 1720 3287 1774 Sic
3314 1737 3414 1776 nos
3440 1741 3651 1794 quoque
3684 1739 3814 1784 tunc

2248 1794 2507 1859 Imitemur.
2535 1802 2935 1856 cumceciderit
2968 1805 3157 1860 domus
3171 1807 3229 1860 in
3259 1824 3416 1878 quam
3459 1815 3604 1869 cadit
3630 1818 3817 1872 interi-

2246 1891 2374 1973 tus,
2426 1887 2635 1952 quando
2676 1890 2835 1944 homo
2866 1891 3033 1949 fuerit
3062 1899 3371 1953 semiustus.
3416 1902 3522 1957 Nec
3550 1908 3842 1980 mireris,

2248 1974 2289 2024 si
2312 1975 2633 2040 sepulturam
2663 1982 2862 2033 vocarit
2888 1994 3224 2051 sementem;
3256 2002 3317 2042 ea
3341 1990 3480 2043 enim
3510 2003 3592 2046 est
3620 1997 3816 2051 melior

2245 2065 2517 2118 sementis.
2544 2065 2674 2120 Nam
2698 2070 2769 2122 illi
2799 2073 3013 2141 quidem
3042 2077 3281 2130 succedit
3307 2094 3456 2136 mors
3479 2093 3535 2137 et
3554 2084 3806 2150 labores.

2247 2154 2478 2220 pericula
2504 2167 2559 2211 et
2578 2172 2719 2213 cura:
2752 2178 2766 2214 :
2797 2162 2918 2217 huic
2958 2174 3159 2230 autem,
3180 2168 3392 2224 sirecte
3422 2172 3695 2241 vitamus,
3723 2191 3816 2231 co-

2247 2257 2392 2295 ronm
2419 2253 2473 2299 et
2504 2254 2753 2313 ιιι·ωωὶυ
2787 2260 2841 2304 et
2864 2252 2939 2305 illi
2961 2253 3171 2321 quidem
3200 2262 3470 2326 corruptio
3488 2264 3817 2319 aeiuteritus

2247 2342 2303 2385 et
2332 2348 2505 2393 mors;
2536 2334 2659 2388 huic
2675 2346 2851 2391 autem
2882 2340 3099 2395 interitu
3142 2358 3349 2410 carere,
3395 2349 3728 2409 iueorruutio
3761 2368 3820 2411 et

2249 2422 2637 2490 immortalitas,
2657 2434 2713 2480 et
2741 2426 2876 2482 bona
2905 2429 3308 2489 innumerabilia
3339 2453 3355 2491 :
3387 2436 3438 2492 in
3467 2439 3559 2495 illa
3588 2447 3818 2500 semina-

2248 2510 2389 2565 tione
2438 2522 2561 2567 sunt
2590 2516 2918 2587 complexus,
2950 2528 3004 2573 et
3039 2522 3337 2591 voluptates
3381 2536 3433 2582 et
3470 2544 3731 2597 somnus;
3763 2536 3816 2590 ia

2249 2598 2345 2653 hac
2370 2609 2548 2655 autem
2579 2620 2679 2657 vox
2708 2606 2881 2661 solum
2910 2610 3113 2665 θοωΙὶι
3137 2612 3472 2671 descendens
3492 2659 3509 2683 ,
3540 2630 3596 2674 et
3633 2625 3816 2679 omnia

2246 2688 2399 2741 simul
2430 2702 2647 2758 repente
2676 2694 3039 2761 perficiuntur.
3069 2699 3133 2751 Et
3161 2702 3252 2767 qui
3278 2707 3531 2774 resurgit,
3556 2723 3665 2763 non
3696 2726 3815 2765 am-

2250 2778 2386 2844 plius
2409 2777 2657 2847 deinceps
2674 2781 2955 2837 adducitur
2974 2784 3041 2837 ad
3069 2786 3227 2845 vitam
3256 2789 3597 2859 laboriosam,
3625 2799 3722 2853 sed
3746 2802 3816 2855 ad

2248 2881 2365 2919 eam
2394 2867 2535 2920 unde
2566 2870 2745 2939 elfugit
2772 2870 2946 2937 dolor,
2980 2872 3153 2936 luetus
3178 2886 3233 2929 et
3260 2879 3510 2947 punitus.
3544 2883 3599 2937 Si
3630 2897 3815 2946 autem

2246 2955 2611 3012 defensionem
2662 2962 2890 3029 requiris
2910 2971 2966 3017 et
2995 2965 3365 3034 patrocinium,
3418 2981 3474 3025 et
3525 2985 3810 3043 propterea

2246 3045 2413 3097 virum
2434 3046 2625 3135 deﬂes,
2653 3050 2878 3120 confuge
2902 3052 2968 3106 ad
2998 3055 3235 3110 omnium
3260 3072 3608 3119 communem
3632 3078 3820 3135 patro-

2246 3150 2394 3225 num,
2411 3134 2765 3205 defensorem,
2782 3151 3103 3197 servatorem
3130 3154 3185 3198 et
3204 3147 3595 3207 benefactorem
3620 3134 3813 3225 licunt.

2246 3225 2313 3278 ad
2363 3224 2768 3296 inexpugnabile
2816 3232 3067 3285 auxilium
3086 3273 3109 3299 ,
3136 3234 3202 3288 ad
3247 3236 3403 3293 facile
3423 3249 3478 3294 et
3505 3224 3815 3313 promptum

2247 3313 2628 3406 adiumentum,
2661 3316 2727 3371 ad
2758 3328 3064 3387 perpetuam
3119 3339 3237 3393 qua
3288 3341 3507 3398 semper
3535 3342 3591 3386 et
3619 3337 3818 3406 ubique

2246 3404 2396 3458 adest
2425 3408 2828 3474 protectionem.
2856 3422 2955 3471 nos
2978 3414 3207 3489 undique
3228 3417 3575 3473 munientem.
3597 3428 3660 3475 At
3689 3404 3819 3481 cou-

2237 3496 2471 3553 suetudo
2498 3515 2583 3555 res
2610 3513 2690 3555 est
2714 3502 3081 3562 desiderabilis
3099 3519 3152 3563 et
3177 3511 3440 3567 amabilis.
3468 3511 3581 3583 Ego
3600 3530 3817 3586 quoque

2248 3588 2298 3640 id
2318 3590 2465 3653 scio;
2495 3591 2588 3644 sed
2613 3594 2656 3646 si
2686 3593 2876 3647 rationi
2908 3608 3109 3653 motum
3135 3601 3295 3655 animi
3350 3609 3694 3664 commiseris
3717 3652 3733 3675 ,
3762 3621 3818 3666 et

2248 3677 2388 3745 apud
2421 3689 2472 3732 te
2501 3684 2829 3749 reputaveris
2874 3687 2994 3753 quis
3014 3688 3084 3741 sit
3110 3690 3201 3758 qui
3235 3696 3480 3762 accepit,
3514 3707 3568 3749 et
3590 3678 3735 3766 quod
3768 3704 3817 3756 si

2242 3766 2367 3819 forti
2388 3768 2565 3822 animo
2593 3772 2797 3835 tuleris,
2829 3774 2936 3828 Deo
2964 3790 3197 3833 mentem
3229 3790 3394 3836 totam
3420 3784 3583 3839 oll'crs
3610 3794 3815 3845 sacriﬁ-

2246 3855 2383 3909 cium
2409 3873 2423 3922 ;
2452 3856 2597 3911 hunc
2624 3875 2833 3931 quoque
2888 3862 3102 3921 ﬂuctuat
3143 3870 3346 3937 poteris
3375 3872 3563 3937 vitare.
3589 3887 3649 3930 et
3675 3882 3816 3946 quod

2246 3953 2457 4015 tempus
2504 3948 2707 4014 efﬁcit,
2737 3951 2840 4007 hoc
2889 3953 3045 4011 faciet
3094 3960 3450 4029 philosophia.
3494 3963 3589 4018 Sin
3635 3980 3816 4024 autem

2245 4036 2423 4088 mollis
2464 4035 2625 4090 fueris
2644 4050 2692 4092 et
2720 4054 3025 4109 enervatus,
3080 4056 3320 4115 tempore
3366 4052 3578 4119 quidem
3607 4056 3816 4113 desinet

2244 4124 2407 4176 animi
2442 4128 2798 4195 perturbatio,
2833 4131 2924 4186 tibi
2955 4144 3131 4191 autem
3161 4138 3359 4192 nullam
3385 4142 3576 4197 aﬂ'eret
3615 4162 3823 4206 merce-

2246 4214 2390 4268 dem.
2422 4216 2553 4269 Cum
2577 4217 2663 4277 bis.
2689 4222 2982 4276 rationibus
3008 4225 3201 4295 collige
3227 4228 3388 4283 etiam
3419 4234 3667 4301 exempla
3702 4253 3824 4307 qua:

2248 4314 2372 4358 sunt
2396 4308 2446 4358 in
2471 4312 2715 4375 prmseoti
2747 4313 2873 4379 vita,
2899 4329 3017 4382 qua:
3044 4327 3163 4369 sunt
3186 4318 3237 4369 iu
3265 4317 3460 4376 divinis
3486 4322 3783 4393 Scripturis
3807 4348 3821 4382 :

2246 4396 2419 4487 cogita
2447 4398 2587 4464 quod
2618 4399 2883 4453 Abraham
2914 4418 3067 4456 suum
3087 4405 3347 4473 jugulavit
3366 4410 3617 4474 filium,et
3647 4432 3825 4487 neque

2250 4482 2397 4537 ﬂevit
2440 4501 2613 4554 neque
2641 4492 2857 4543 verbum
2889 4494 3067 4548 emisit
3112 4499 3363 4553 acerbum
3388 4501 3408 4569 (
3437 4500 3645 4556 Betui?
3682 4482 3826 4573 ).'At

2252 4574 2360 4631 ille.
2393 4576 2619 4643 inquies,
2667 4590 2781 4633 erat
2812 4582 3104 4638 Abraham.
3150 4588 3312 4657 Atqui
3339 4599 3396 4642 tu
3422 4602 3649 4646 Vocatus
3677 4611 3736 4649 es
3766 4612 3826 4653 ut

2253 4664 2449 4729 majora
2478 4676 2626 4733 septa
2652 4672 3017 4728 transcendas.
3042 4674 3144 4730 Job
3163 4686 3341 4730 autem
3377 4686 3579 4733 tantum
3602 4687 3822 4752 quidem

2252 4753 2440 4815 d-Jlttil,
2498 4768 2750 4823 quantum
2779 4773 2861 4815 est
2896 4777 3312 4820 consentaneum
3356 4781 3563 4835 patrem
3623 4778 3825 4835 liberos

2254 4851 2549 4909 amantem,
2578 4858 2629 4899 et
2661 4863 2900 4920 magnam
2945 4869 3125 4907 curam
3163 4867 3439 4923 gerentem
3487 4878 3678 4920 eorum
3731 4872 3824 4937 qui

2258 4944 2615 4988 excesserant.
2646 4938 2775 4991 Nam
2803 4955 2921 5009 qua:
2969 4956 3066 4994 nos
3110 4944 3322 5011 quidem
3368 4965 3505 5005 nunc
3548 4954 3778 5012 facimus
3806 4999 3823 5023 ,

2256 5030 2378 5116 sunt
2410 5023 2740 5080 inimicorum
2764 5040 2819 5082 et
2848 5030 3097 5082 hostium.
3147 5031 3327 5101 Neque
3363 5042 3528 5107 enim,
3564 5047 3608 5098 si
3639 5050 3829 5115 aliquo

2255 5114 2304 5158 in
2331 5114 2524 5179 regiam
2564 5115 2792 5168 abducto
2819 5124 2872 5168 et
2894 5131 3152 5173 coronato
3177 5126 3457 5195 plangi-res
3484 5143 3538 5184 et
3560 5134 3829 5191 lamenta-

2254 5199 2406 5265 reris,
2455 5210 2506 5254 te
2546 5203 2767 5256 dixerim
2795 5219 2911 5258 esse
2941 5212 3178 5266 coronati
3219 5218 3471 5283 amicum,
3527 5225 3622 5278 sed
3675 5226 3829 5281 valde

2255 5289 2523 5346 inimicum
2553 5306 2605 5347 et
2628 5296 2854 5347 hostem.
2903 5298 2969 5351 At
3000 5316 3102 5357 non
3144 5305 3288 5360 illum
3313 5349 3329 5371 ,
3360 5312 3587 5379 inquies,
3626 5315 3787 5383 lugeo
3809 5359 3827 5384 ,

2254 5382 2344 5433 sed
2380 5400 2463 5437 me
2508 5385 2699 5452 ipsum.
2730 5384 2835 5439 Sed
2860 5403 3031 5457 neque
3064 5392 3164 5447 hoc
3192 5406 3276 5450 est
3303 5403 3553 5466 amantis,
3589 5382 3726 5459 velle
3758 5382 3827 5463 il;

2255 5468 2361 5522 lum
2389 5484 2605 5541 propter
2630 5481 2679 5525 te
2701 5476 2819 5543 angi
2850 5488 2903 5531 et
2927 5484 3107 5536 vexari
3135 5494 3188 5539 et
3218 5488 3421 5542 incerto
3452 5490 3633 5545 futuro
3662 5498 3828 5566 subji-

2254 5561 2322 5622 ci,
2350 5576 2469 5614 cum
2501 5563 2638 5623 adsit
2667 5569 2909 5621 coronari
2936 5581 2995 5625 et
3022 5574 3086 5626 ad
3114 5588 3202 5642 pet
3215 5585 3325 5630 tum
3352 5578 3611 5643 tendere;
3656 5561 3826 5645 autin

2253 5652 2384 5703 mari
2402 5650 2611 5720 jactari,
2638 5668 2758 5708 cum
2786 5656 2940 5713 liceat
2966 5675 3085 5717 esse
3107 5663 3157 5716 in
3185 5675 3362 5734 portu.
3407 5667 3475 5722 At
3501 5672 3708 5743 nescio,
3740 5674 3831 5729 iu-
