4066 6348
94 419 182 472 act
1098 388 1164 446 ω
1204 383 1416 444 EPIST.
1459 386 1476 434 ι
1540 349 1708 434 ὡς

1817 410 1822 426 .
1865 369 2096 427 Βολιιι.
2137 364 2296 425 ωε.
3229 360 3334 416 36?.

101 545 262 600 ques,
314 538 424 598 quo
453 521 566 578 ivit.
619 515 730 572 Cur
786 504 1106 568 nescisidic
1155 499 1321 564 milii;
1372 509 1495 549 nam
1544 493 1658 544 sive

101 584 418 682 'vix'it,
442 615 555 669 sive
578 621 754 668 secus,
783 611 868 660 est
887 599 1224 657 manifestum
1255 605 1362 660 quo
1391 587 1460 640 sit
1481 584 1660 639 abitu-

101 677 202 769 rus.
229 677 459 779 Propter
491 704 593 758 hoc
623 701 821 767 ipsum,
850 691 1078 762 inquies,
1111 677 1506 779 plango,_qu.od
1533 687 1663 779 pec-

291 764 543 854 ex'cessit.
585 764 713 845 ﬂare
752 791 876 840 sunt
904 782 1192 849 pmtextus
1214 782 1264 826 et
1288 768 1500 837 eliugia.
1533 764 1665 819 Nam

105 895 143 946 si
189 896 472 958 propterea
493 895 616 936 cum
637 871 931 933 excesserit
957 870 1139 938 lugeas
1162 904 1177 928 ,
1223 862 1494 914 viventem
1541 867 1666 907 eum

106 945 480 1036 transformare
504 980 560 1026 et
577 968 900 1028 concinnare
929 969 982 1015 et
1010 968 1336 1024 componere
1361 945 1665 1017 oportebat.

103 1070 204 1126 Sed
229 1077 287 1122 tu
315 1080 434 1136 qua:
462 1069 549 1114 tua
570 1066 695 1113 sunt
720 1056 912 1122 ubique
932 1045 1240 1104 consideras
1267 1049 1323 1096 et
1349 1038 1440 1093 tibi
1473 1049 1670 1106 propo-

108 1161 206 1224 nis,
239 1169 348 1210 non
372 1167 491 1222 quas
521 1149 681 1203 illius.
709 1145 765 1200 Si
796 1150 973 1196 autem
1002 1136 1163 1192 etiam
1192 1138 1440 1202 peccator
1483 1137 1672 1179 exces-

108 1214 506 1318 stt,'pr0pterea
549 1239 708 1293 etiam
738 1231 905 1287 laetari
935 1233 1160 1297 Oportet,
1197 1219 1339 1292 quod
1365 1214 1672 1272 interscissa

109 1306 235 1393 sunt.
278 1306 492 1406 peccata
517 1339 571 1385 et
591 1328 721 1381 vitio
765 1323 893 1378 nihil
943 1317 1183 1388 adjecit;
1216 1323 1305 1377 et,
1334 1307 1512 1380 quoad
1559 1306 1677 1375 ejus

112 1431 222 1486 fieri
244 1397 448 1499 potest,
472 1423 520 1478 ei
549 1429 886 1476 succurrere,
919 1427 1024 1466 non
1064 1405 1341 1477 lacrymis,
1367 1400 1461 1456 sed
1503 1397 1678 1468 preci.

112 1523 228 1584 bus,
247 1489 265 1499 ’
282 1509 755 1586 supplicationibus
774 1546 801 1574 ,
833 1499 1192 1569 eieemosynis
1216 1506 1271 1551 et
1296 1489 1676 1586 oblationibus.

113 1612 225 1666 Non
251 1581 544 1662 suntvenim
577 1601 692 1655 lucc
721 1607 925 1651 temere
938 1589 1259 1659 excogitata,
1282 1597 1458 1651 neque
1485 1581 1684 1635 frustra

120 1713 304 1755 eorum
329 1696 419 1765 qui
450 1695 798 1747 excesserunt
825 1686 882 1738 in
901 1681 1094 1737 divinis
1129 1673 1400 1748 mysteriis
1439 1669 1684 1726 memini-

115 1802 246 1853 mus,
284 1795 338 1840 et
363 1799 460 1852 pro
481 1780 614 1851 ipsis
636 1775 954 1836 accedimus,
987 1777 1236 1839 rogantes
1251 1774 1461 1836 Agnum
1485 1772 1684 1830 pr0poo

118 1850 300 1939 situm,
351 1850 440 1943 qui
494 1850 677 1924 mundi
731 1873 1006 1937 peccatum
1055 1859 1209 1922 tulit;
1242 1855 1336 1910 sed
1380 1861 1438 1907 ut
1461 1851 1584 1906 inde
1612 1850 1689 1905 eis

117 1971 294 2038 aliqua
321 1940 392 2020 sit
417 1961 716 2018 consolatio
742 1977 755 2012 :
789 1970 961 2025 neque
991 1953 1087 2008 abs
1119 1965 1176 2005 re
1216 1949 1260 2002 is
1286 1946 1377 2016 qui
1412 1943 1586 1997 adstat
1607 1940 1690 1994 al-

120 2035 255 2123 tari,
286 2059 410 2112 dum
440 2051 741 2108 veneranda
787 2052 1110 2116 peraguntur
1138 2039 1412 2111 mysteria,
1440 2035 1682 2090 clamat:

120 2155 223 2208 Pro
248 2148 500 2205 omnibus
541 2143 632 2212 qui
665 2143 716 2195 in
745 2140 957 2195 Christo
1004 2133 1372 2192 dormierunt,
1402 2136 1460 2182 et
1511 2126 1575 2178 iis
1602 2123 1689 2192 qui

121 2257 216 2311 pro
239 2240 372 2308 ipsis
392 2234 664 2290 celebrant
706 2228 1008 2284 memorias.
1059 2222 1191 2276 Nam
1215 2221 1258 2273 si
1283 2233 1382 2287 pro
1421 2217 1550 2285 ipsis
1587 2228 1694 2266 non

124 2332 320 2386 tierent
345 2321 905 2384 commemorationes,
954 2331 1021 2370 ne
1049 2314 1162 2366 lucc
1189 2309 1404 2379 quidem
1435 2306 1571 2360 dicta
1611 2317 1699 2357 es-

124 2430 263 2475 sent.
291 2417 404 2472 Non
429 2423 555 2469 sunt
581 2413 722 2466 enim
755 2425 840 2464 res
872 2419 1067 2461 nostra:
1090 2403 1200 2458 ludi
1234 2399 1472 2464 scenici,
1513 2395 1696 2451 absit:

123 2511 241 2565 inec
269 2508 412 2563 enim
438 2508 568 2559 liunt
592 2501 928 2557 ordinatione
953 2495 1205 2565 Spiritus.

196 2604 251 2657 5.
283 2601 374 2654 Eis
399 2613 526 2666 ergo
554 2609 711 2665 opem
755 2593 986 2646 teramus
1008 2626 1024 2650 ,
1051 2596 1107 2640 et.
1135 2581 1703 2640 commemorationem

126 2705 318 2748 eorum
350 2699 684 2756 peragamus.
714 2682 768 2735 Si
792 2679 932 2732 enim
949 2675 1070 2730 .I-obi
1095 2676 1231 2728 iilios
1255 2673 1505 2741 expiabat
1535 2669 1700 2738 patris

128 2777 452 2836 sacrificium
483 2791 495 2826 :
527 2770 653 2840 quid
692 2768 902 2822 dubitas
924 2805 939 2824 .
968 2780 1034 2817 an
1081 2764 1234 2817 nobis
1261 2776 1356 2831 pro
1385 2761 1466 2814 eis
1489 2759 1579 2827 qui
1607 2772 1708 2810 ex-

129 2872 414 2926 cesserunt
440 2861 804 2922 offerentibus,
835 2857 962 2924 ipsis
988 2855 1144 2908 detur
1169 2854 1343 2921 aliqua
1369 2847 1710 2904 consolatio?

128 2959 285 3014 SOIet
312 2954 453 3010 enim
511 2952 651 3004 Deus
679 2949 842 3002 etiam
873 2945 994 2998 aliis
1021 2957 1119 3012 pro
1143 2941 1262 2995 aliis
1289 2939 1596 3010 gratiﬁcari.
1645 2937 1714 2990 Et

137 3048 246 3102 hoc
273 3043 591 3101 ostendebat
611 3040 807 3096 Pati-lus
825 3037 1010 3091 dicens
1041 3052 1054 3088 :
1097 3031 1163 3087 Ut
1186 3033 1239 3085 in
1268 3032 1438 3084 multis
1461 3028 1712 3097 personis,

131 3139 248 3206 eius
278 3150 390 3205 quae
413 3135 465 3186 in
483 3131 625 3185 nobis
649 3139 720 3182 est
747 3127 1033 3180 donationis
1057 3139 1145 3192 per
1165 3123 1348 3174 multos
1369 3120 1545 3190 gratia:
1566 3133 1717 3186 agan-

135 3239 222 3280 tur
263 3243 357 3294 pro
404 3224 540 3277 vobis
580 3221 600 3290 (
629 3222 682 3272 2.
712 3216 830 3273 Cor.
863 3217 916 3269 2.
949 3216 1010 3268 ii
1045 3216 1086 3282 ).
1117 3213 1195 3266 Ne
1223 3226 1321 3264 nos
1348 3211 1522 3279 pigeat
1560 3223 1717 3275 opem

134 3321 284 3373 ferre
317 3318 380 3368 iis
408 3314 496 3383 qui
527 3318 876 3366 excesserunt
903 3347 918 3370 ,
945 3315 1000 3360 et
1028 3314 1124 3374 pro
1153 3303 1230 3357 eis
1260 3301 1451 3355 oil'erre
1481 3311 1667 3368 preces
1699 3314 1714 3348 :

135 3418 224 3462 est
251 3408 394 3462 enim
419 3402 748 3472 propesitum
770 3399 917 3452 orbis
944 3407 1099 3451 terrae
1128 3408 1411 3447 commune
1434 3391 1717 3460 piaculum.

138 3503 435 3566 Propterea
469 3495 694 3547 fidenter
729 3504 824 3560 pro
845 3489 979 3543 orbe
1012 3496 1168 3540 terra:
1198 3493 1320 3538 lllltc
1366 3495 1636 3551 rogamus,
1668 3487 1723 3534 et

137 3607 270 3645 eum
327 3586 648 3656 martyribus
676 3598 768 3636 eos
792 3593 1044 3635 vocamus
1070 3618 1085 3639 ,
1114 3592 1235 3629 eum
1283 3572 1680 3628 coniessoribus
1704 3611 1721 3634 ,

139 3698 274 3736 cum
293 3676 681 3733 sacerdotibus.
702 3671 906 3724 Etenim
926 3683 1093 3723 unum
1111 3681 1307 3733 corpus
1322 3678 1508 3717 omnes
1518 3675 1721 3723 sumus,

141 3769 364 3825 etiamsi
392 3766 502 3819 sint
543 3761 780 3816 membra
811 3758 1064 3811 membris
1107 3755 1469 3822 splendidiora
1497 3770 1510 3806 :
1535 3763 1586 3806 et
1614 3750 1727 3804 ﬁeri

145 3867 331 3929 potest
353 3865 412 3910 ut
440 3855 647 3909 veniam
680 3852 760 3904 eis
793 3849 936 3901 onmi
985 3863 1047 3901 ex
1093 3857 1240 3914 parte
1282 3845 1627 3898 conciliemus
1651 3883 1666 3906 ,
1699 3856 1726 3892 a

149 3945 428 4019 precibus,
459 3961 488 3997 a
516 3942 674 3996 donis
705 3956 820 4010 qua:
855 3953 949 4006 pro
971 3937 1049 3990 eis
1077 3936 1392 3993 otiernntur,
1437 3933 1503 3985 ab
1549 3934 1612 3984 iis
1641 3930 1728 3998 qui

147 4056 279 4094 cum
304 4037 432 4105 ipsis
468 4041 746 4086 vocantur.
775 4028 878 4082 Cur
898 4043 1025 4096 ergo
1048 4025 1238 4079 doles?
1279 4039 1372 4077 cur
1404 4024 1550 4092 luges
1577 4032 1630 4072 et
1659 4021 1734 4072 la—

149 4129 452 4191 mentaris,
488 4125 700 4194 quando
738 4123 990 4176 defuncto
1039 4129 1210 4185 potest
1260 4129 1402 4172 tanta
1450 4115 1729 4170 conciliari

151 4222 319 4276 venia
345 4221 368 4271 ?
400 4221 467 4270 At
489 4218 656 4284 luges,
689 4212 939 4282 quoniam
969 4225 1026 4262 es
1055 4209 1262 4261 deserta
1294 4223 1357 4260 ac
1384 4207 1658 4268 destituta,
1683 4215 1736 4258 et

149 4311 445 4385 perdidisti
477 4319 759 4377 patronum
788 4318 852 4358 ac
883 4303 1229 4356 defensorem
1259 4302 1282 4350 ?
1312 4300 1413 4352 Sed
1447 4313 1732 4364 numquam

153 4407 266 4457 hoc
319 4401 552 4462 dixeris;
603 4412 775 4465 neque
829 4396 969 4447 enim
1023 4393 1185 4445 Deum
1247 4389 1540 4459 perdidisti.
1619 4389 1741 4441 Ideo

149 4490 422 4562 quamdiu
450 4502 570 4542 eum
600 4485 764 4538 hach
789 4525 804 4549 ,
839 4484 949 4551 ipse
995 4481 1092 4536 erit
1125 4482 1214 4532 tibi
1265 4479 1437 4547 major
1468 4487 1518 4530 ct
1546 4477 1738 4529 marito

152 4596 211 4639 et
247 4592 405 4650 patre
427 4589 480 4633 et
509 4577 614 4629 tilio
645 4583 948 4628 ctsocero:
993 4587 1114 4625 nam
1144 4582 1194 4623 et
1225 4570 1326 4621 illis
1376 4567 1671 4620 viventibus
1699 4566 1742 4618 is

153 4685 282 4729 erat
318 4670 405 4737 qui
436 4667 662 4720 iaciebat
706 4664 906 4717 omnia.
944 4663 1068 4714 llaec
1096 4676 1224 4727 ergo
1255 4659 1452 4725 cogita,
1485 4667 1537 4708 et
1565 4657 1647 4708 dic
1674 4655 1744 4706 si-

155 4775 254 4820 cut
288 4759 476 4821 David,
508 4758 752 4810 Dominus
785 4754 1088 4806 iilnutinntio
1112 4770 1220 4803 mea
1247 4760 1290 4802 et
1319 4751 1540 4802 salvator
1567 4764 1705 4798 meus
1723 4785 1737 4809 ,

152 4871 318 4924 quem
349 4849 524 4903 timebo
547 4846 716 4918 (l’sul.
745 4846 836 4897 9.6.
870 4846 920 4910 i)
943 4845 964 4895 ?
984 4844 1088 4903 dic,
1123 4844 1198 4894 'l'u
1225 4857 1284 4894 es
1316 4851 1462 4906 pater
1488 4839 1745 4906 orpltano-

158 4962 318 5007 limi,
353 4940 583 5008 etjudex
609 4937 924 4996 viduarum;
954 4945 1005 4985 et
1035 4934 1148 4998 ejus
1193 4933 1401 4984 attrahe
1440 4934 1688 4983 amiiium
1727 4971 1736 4991 ,

154 5026 1183 5053 _________________.___._._.—

1193 5011 2364 5036 ____________________.____.__————-

1766 516 1820 562 et
1867 505 2088 560 habebis
2113 517 2238 559 eum
2272 515 2414 558 nunc
2437 501 2605 572 magis
2635 499 2729 555 tibi
2758 499 3127 570 providentem
3175 513 3333 568 quam

1769 600 1931 667 prius,
1975 612 2080 666 quo
2128 598 2181 649 in
2224 594 2482 663 majorem
2519 592 2731 648 redacta
2759 605 2820 647 es
2850 591 3101 660 inopiam.
3130 592 3193 644 At
3217 605 3336 659 pcr-

1769 687 1948 741 didisti
1982 686 2147 753 (ilium
2172 683 2332 739 iNon
2363 669 2664 753 perdidisti,
2697 697 2766 736 ne
2787 681 2934 736 dicas
2963 698 2978 735 :
3005 695 3092 735 res
3122 679 3235 735 inec
3257 687 3342 734 cst

1771 792 2011 843 somnus,
2041 793 2146 832 non
2179 790 2362 840 mors;
2399 784 2482 831 est
2511 775 2788 845 migratio,
2826 790 2930 828 non
2958 773 3225 843 perditio;
3260 783 3344 828 est

1773 869 2130 940 peregrinatio
2158 884 2188 922 a
2217 867 2576 923 deterioribus
2597 866 2663 921 ad
2687 866 2926 920 meliora.
2973 864 3050 920 Ne
3078 866 3243 920 Deum
3268 865 3340 919 ir-

1775 960 1926 1024 rites,
1970 957 2064 1013 sed
2108 958 2286 1026 places
2313 966 2369 1012 et
2395 957 2590 1012 reddas
2630 958 2939 1026 propitium.
2989 957 3120 1012 Nam
3144 957 3187 1011 si
3217 957 3344 1010 forti

1776 1047 1954 1101 animo
1983 1048 2190 1112 tuleris,
2221 1047 2324 1102 erit
2375 1047 2498 1102 hinc
2519 1055 2574 1102 et
2609 1046 2860 1102 defuncto
2884 1055 2939 1101 et
2965 1047 3057 1101 tibi
3105 1047 3343 1116 qnazdam

1776 1139 2071 1193 consolatio
2106 1157 2120 1192 :
2163 1139 2245 1192 sin
2276 1147 2462 1192 contra
2489 1178 2505 1202 ,
2535 1139 2668 1192 iram
2711 1137 2809 1192 Dei
2860 1138 3029 1207 magis
3077 1136 3343 1191 accendis.

1779 1229 1910 1283 Nam
1941 1229 1986 1282 si
2011 1243 2169 1283 servo
2193 1243 2222 1281 a
2248 1228 2469 1282 domino
2500 1228 2679 1297 ﬂagris
2714 1241 2856 1283 cazso
2883 1239 2937 1281 tu
2965 1226 3185 1282 adstans
3209 1241 3352 1296 aegre

1783 1319 1968 1373 tuleris
1991 1359 2008 1385 ,
2056 1317 2330 1372 dominum
2361 1318 2529 1387 magis
2576 1326 2760 1372 contra
2791 1328 2843 1373 te
2865 1317 3182 1372 irritaveris.
3230 1317 3350 1369 Noli

1768 1408 1886 1461 ’hoc
1912 1408 2107 1473 facere,
2133 1407 2224 1461 sed
2249 1422 2346 1476 age
2366 1407 2586 1476 gratias,
2601 1415 2657 1460 ut
2675 1407 2765 1460 tibi
2791 1412 3000 1474 quoque
3027 1407 3127 1460 hac
3147 1408 3354 1460 ratione

1785 1497 2106 1552 discutiatur
2146 1498 2316 1552 nubes
2355 1498 2521 1551 animi
2574 1496 2940 1567 argritudinis:
2969 1498 3055 1550 dic
3080 1497 3216 1551 sicut
3264 1498 3354 1552 ille

1788 1590 1992 1651 beatus,
2014 1588 2260 1640 Dominus
2288 1587 2448 1654 dedit,
2481 1587 2724 1640 Dominus
2750 1587 2952 1639 abstulit
2973 1605 2987 1642 :
3009 1586 3179 1654 cogita
3195 1601 3353 1655 quam

1791 1677 1941 1731 multi
1970 1677 2138 1746 magis
2193 1677 2302 1729 Deo
2347 1676 2617 1745 placentes
2644 1691 2710 1730 ne
2735 1677 2952 1728 omnino
3004 1675 3213 1744 quidem
3260 1675 3359 1727 lia-

1791 1769 1960 1822 buerc
1984 1768 2142 1831 ﬁlios,
2164 1781 2334 1834 neque
2360 1767 2533 1820 vocati
2555 1776 2679 1820 sunt
2704 1765 2900 1834 patres.
2926 1765 3106 1835 Neque
3127 1781 3245 1836 ego,
3277 1767 3361 1819 in-

1793 1859 1926 1928 quit,
1952 1858 2145 1912 vcliem
2179 1858 2430 1912 habuisse
2462 1874 2475 1910 :
2532 1857 2720 1911 melius
2751 1857 2893 1911 enim
2921 1857 3109 1910 fuisset
3137 1874 3238 1912 non
3265 1858 3362 1910 lia-

1796 1950 1973 2003 buisse
1996 1948 2399 2016 experientiam,
2429 1963 2584 2016 quam
2613 1955 2885 2017 postquam
2910 1949 3142 2017 gustaris
3172 1950 3363 2017 volup.

1801 2050 1980 2104 tatem,
2014 2043 2080 2094 ab
2107 2056 2166 2093 ea
2191 2040 2466 2094 excidisse.
2484 2037 2744 2108 Ne-,rogo,
2772 2055 2837 2092 ne
2864 2039 2975 2094 lucc
3000 2040 3163 2103 dicas,
3197 2056 3263 2095 ne
3289 2042 3366 2094 sic

1800 2146 2011 2201 quoque
2063 2130 2340 2182 Dominum
2372 2129 2436 2182 ad
2485 2131 2616 2182 iram
2672 2144 2966 2198 provoces;
3017 2130 3110 2183 sed
3159 2146 3254 2195 pro
3303 2131 3368 2184 iis

1801 2222 2012 2289 quidem
2044 2237 2161 2291 quze
2184 2221 2435 2290 accepisti
2468 2237 2564 2290 age
2593 2227 2808 2290 gratias,
2835 2237 2928 2290 pro
2955 2223 3018 2274 iis
3049 2231 3220 2275 autem
3249 2238 3367 2290 qua:

1804 2321 2063 2380 perpetuo
2085 2328 2189 2365 non
2217 2313 2398 2377 habes,
2432 2312 2692 2381 gloriﬁea.
2717 2313 2828 2366 Non
2866 2313 3148 2379 dixitJob,
3183 2314 3368 2367 Melius

1805 2402 1996 2456 fuisset
2027 2417 2128 2454 non
2159 2402 2472 2469 accepisse;
2502 2403 2643 2471 quod
2672 2413 2724 2457 tu
2756 2404 3069 2472 insipienter
3093 2414 3146 2460 et
3170 2405 3376 2474 ingrato

1810 2495 1988 2552 animo
2018 2493 2152 2546 dicis
2179 2511 2191 2546 :
2221 2493 2320 2547 sed
2344 2494 2505 2547 etiam
2536 2509 2632 2561 pro
2665 2495 2764 2549 iliis
2798 2495 2986 2564 agebat
3017 2497 3214 2563 gratias
3235 2538 3261 2556 .i
3298 2498 3378 2551 di-

1809 2600 1937 2638 cens
1964 2602 1976 2636 :
2015 2583 2257 2636 Dominus
2278 2583 2450 2648 dedit;
2477 2594 2530 2636 et
2555 2598 2648 2651 pro
2675 2583 2756 2638 liis
2785 2585 3134 2640 benedicebat
3154 2588 3337 2643 dicens
3363 2606 3376 2641 :

1814 2672 2062 2726 Dominus
2088 2672 2293 2725 abstulit
2315 2689 2332 2724 :
2357 2673 2419 2726 sit
2441 2689 2619 2726 nomen
2639 2673 2843 2728 Domini
2872 2675 3183 2729 benedictum
3203 2679 3256 2731 in
3277 2694 3377 2732 sat-

1813 2765 1949 2817 cula.
1991 2763 2152 2818 Uxori
2197 2779 2409 2832 quoque
2445 2765 2523 2818 sic
2544 2781 2605 2819 os
2630 2766 2940 2821 obstruebat
2969 2769 3107 2836 apud
3136 2785 3252 2824 eam
3292 2773 3383 2840 ju-

1816 2865 1926 2908 stas
1955 2853 2182 2907 aii‘erens
2201 2854 2458 2917 rationes,
2479 2865 2530 2907 et
2559 2856 2891 2912 admirabilia
2915 2858 3000 2911 illa
3027 2861 3180 2913 verba
3213 2875 3388 2915 euuno

1823 2947 1957 3000 tians
1995 2965 2008 2997 :
2042 2944 2102 2999 Si
2122 2943 2252 2998 bona
2272 2945 2470 3013 quidem
2497 2947 2781 3013 accepimus
2809 2965 2840 2999 tt
2865 2948 3102 3015 Domino,
3135 2952 3268 3004 mala
3294 2969 3390 3004 au-
3455 2945 3461 2952 ’

1823 3047 1920 3090 tem
1971 3053 2071 3090 non
2116 3036 2511 3090 sustinebimus?
2541 3036 2694 3102 Atqui
2726 3038 2937 3106 gravior
2967 3048 3085 3106 post
3123 3041 3237 3096 inec
3281 3040 3383 3096 fuit

1825 3130 2047 3183 tentatio
2071 3144 2086 3193 ;
2118 3128 2212 3182 sed
2241 3129 2330 3182 ille
2357 3143 2424 3181 ne
2451 3129 2529 3182 sic
2558 3127 2768 3196 quidem
2813 3127 3010 3182 fractus
3048 3141 3130 3184 est
3157 3141 3210 3185 et
3237 3147 3394 3186 ener-

1824 3230 1997 3285 vatus,
2027 3219 2120 3273 sed
2164 3220 2411 3273 similiter
2437 3219 2638 3272 ferebat
2674 3219 2792 3274 forti
2817 3221 3015 3286 animo,
3042 3231 3097 3275 et
3133 3223 3397 3291 gloritica‘

1830 3313 1935 3366 bat.
1977 3310 2057 3364 Tu
2087 3325 2297 3379 quoque
2323 3309 2425 3362 hoc
2458 3311 2554 3373 fac,
2587 3319 2639 3363 et
2662 3311 2800 3378 apud
2825 3322 2874 3365 te
2899 3322 3103 3378 reputa,
3127 3314 3264 3380 quod
3291 3330 3395 3368 non

1829 3401 1989 3454 homo
2013 3403 2238 3468 accepit,
2268 3401 2360 3453 sed
2388 3401 2525 3453 Deus
2543 3401 2630 3467 qui
2656 3399 2800 3468 fecit,
2831 3403 2920 3470 qui
2947 3403 3110 3471 magis
3137 3420 3293 3472 quam
3343 3414 3396 3458 tu

1830 3493 1944 3560 ejus
1969 3506 2148 3545 curam
2179 3493 2336 3560 gerit,
2360 3500 2412 3544 et
2439 3493 2539 3545 scit
2574 3493 2694 3557 quid
2719 3494 2766 3546 ei
2809 3495 3071 3558 conferat,
3105 3513 3212 3550 non
3237 3499 3403 3553 hostis

1831 3582 2022 3650 aliquis
2051 3597 2221 3649 neque
2251 3581 2550 3636 insidiator.
2584 3582 2711 3635 Vide
2735 3598 2889 3651 quam
2936 3586 3081 3637 multi
3117 3589 3356 3642 viventes
3385 3633 3401 3654 ,

1836 3677 1995 3727 vitam
2049 3691 2152 3726 non
2201 3675 2414 3726 vitalem
2472 3674 2708 3726 ieCerunt
2737 3677 3062 3741 parentibus.
3097 3678 3403 3730 Generosos

1835 3776 2009 3816 autem
2037 3804 2048 3823 ,
2083 3763 2288 3828 inquies
2311 3805 2324 3825 ,
2367 3771 2419 3814 et
2453 3763 2648 3830 probos
2678 3779 2782 3815 non
2817 3764 2963 3815 vides
2990 3765 3010 3816 ?
3057 3765 3162 3819 Eos
3191 3783 3404 3834 quoque

1837 3855 1992 3907 video
2030 3872 2042 3916 ;
2077 3854 2170 3906 sed
2212 3867 2298 3905 res
2345 3868 2552 3919 quoque
2599 3869 2780 3904 eorum
2830 3856 3004 3908 minus
3048 3866 3169 3909 sunt
3209 3858 3258 3909 iu
3294 3869 3406 3913 tuto

1839 3961 1997 4014 quam
2029 3961 2113 3998 res
2143 3945 2213 3996 tui
2248 3944 2361 3996 Iiii'i.
2426 3944 2554 3996 Nam
2585 3946 2682 3997 etsi
2734 3946 2783 3998 in
2817 3946 2948 3999 bona
2973 3957 3096 4001 sunt
3133 3949 3402 4002 existima-

1843 4037 2006 4097 tione,
2040 4035 2158 4086 finis
2190 4044 2363 4086 tamen
2386 4050 2570 4087 eorum
2599 4046 2678 4088 cst
2709 4039 2938 4090 incertus
2965 4058 2975 4091 :
3009 4041 3073 4092 de
3103 4040 3191 4094 illo
3230 4053 3436 4095 autem.

1851 4128 1901 4180 in
1936 4127 2193 4190 reliquum
2229 4140 2331 4176 non
2370 4125 2521 4176 times
2551 4140 2722 4192 neque
2755 4130 3141 4192 contremiscis,
3179 4147 3242 4183 nc
3285 4133 3407 4199 quid

1843 4220 1890 4270 ei
1923 4216 2129 4269 accidat
2156 4258 2168 4277 ,
2203 4224 2294 4268 aut
2322 4215 2552 4280 aliquam
2604 4215 2855 4283 suscipiat
2885 4226 3253 4272 mulatmnent.
3286 4221 3411 4274 llaec

1845 4308 2018 4360 etiam.
2056 4307 2226 4374 cogita
2257 4306 2324 4359 de
2356 4305 2566 4372 pulchra
2599 4321 2760 4359 uxore
2782 4350 2794 4370 ,
2827 4317 2879 4359 et
2926 4309 3055 4360 bona
3101 4309 3292 4364 domus
3323 4328 3416 4365 eu-

1846 4397 2031 4460 stode;
2067 4408 2118 4450 ct
2146 4413 2236 4462 pro
2251 4395 2496 4448 omnibus
2527 4397 2633 4446 Deo
2654 4412 2748 4464 age
2777 4399 2989 4465 gratias,
3021 4409 3074 4452 et
3104 4403 3144 4453 si
3173 4404 3417 4470 perditio-

1849 4490 1919 4542 ris
1946 4504 2163 4540 uxorem
2192 4528 2206 4548 ,
2235 4488 2434 4555 gratias
2460 4503 2573 4555 age.
2608 4488 2852 4542 Fortasse
2880 4497 2928 4542 te
2950 4492 3060 4544 vult
3092 4494 3226 4546 Deus
3251 4497 3418 4549 addu-

1847 4597 1969 4635 cere
1996 4581 2061 4633 ad
2089 4581 2490 4642 continentiam,
2528 4580 2590 4630 ad
2623 4580 2822 4646 majora
2853 4595 3004 4636 vocat
3032 4602 3248 4652 cperunt
3284 4603 3407 4649 sep.

1851 4685 1922 4736 ta,
1967 4685 2015 4726 te
2043 4673 2204 4724 voluit
2229 4673 2451 4725 liberare
2477 4688 2504 4723 a
2535 4673 2762 4724 vinculo.
2796 4675 2849 4726 Si
2872 4675 2949 4729 sic
2971 4678 3417 4746 nliilosOpliemur,

1857 4777 1908 4818 et
1937 4765 2261 4816 lucrabimur
2287 4774 2604 4830 pra'setttem
2658 4766 2824 4818 animi
2881 4772 3336 4838 tranquillitatem,
3367 4785 3424 4827 et

1853 4859 2052 4909 iuturus
2083 4871 2427 4921 assequemur
2453 4871 2697 4917 coronas,
2726 4867 2828 4912 etc.

2367 5011 3428 5036 -Ἢ

1483 5073 1820 5133 llOMlLlA
1870 5066 2063 5128 XLII.

154 5207 301 5262 CAP.
354 5204 438 5256 i5.
469 5219 518 5254 v.
550 5202 637 5255 47.
689 5199 889 5250 Primus
924 5196 1069 5244 homo
1095 5193 1156 5243 de
1183 5202 1338 5254 terra,
1375 5200 1598 5242 terrenus
1627 5205 1643 5246 .'
1670 5205 1750 5242 se-

137 5277 143 5286 .
511 5293 704 5343 cundus
727 5293 896 5350 homo,
924 5285 1169 5337 Dominus
1190 5281 1251 5332 de
1270 5281 1412 5332 cwlo.

242 5388 299 5438 Ι.
338 5381 620 5446 Postquam
637 5379 918 5430 animalem
943 5375 1076 5428 dixit.
1097 5373 1402 5441 pritnumet
1425 5367 1752 5436 Spiritualem

159 5473 494 5532 secundum,
527 5481 707 5519 rursus
732 5468 888 5518 aliam
913 5465 1061 5533 ponit
1081 5459 1457 5522 diiierentiam,
1487 5467 1755 5510 terrenum

162 5570 367 5620 dicens
397 5571 451 5614 et
478 5558 764 5609 cmlestem.
784 5554 912 5606 Nam
939 5557 1105 5621 prima
1135 5553 1346 5620 quidem
1369 5557 1451 5601 est
1481 5549 1594 5599 vita:
1619 5563 1754 5613 prm-

167 5657 353 5711 sentis
395 5662 447 5706 et
497 5650 682 5702 intum:
714 5663 726 5706 ;
759 5644 873 5698 hmc
905 5653 1078 5696 autem
1107 5655 1185 5696 est
1218 5643 1333 5709 ejus
1377 5642 1464 5708 qui
1513 5639 1610 5692 iuit
1640 5655 1760 5691 ante

169 5746 432 5816 gratiam,
469 5753 521 5797 ct
557 5736 801 5809 ejus-qui
834 5741 910 5788 est
944 5742 1059 5801 post
1087 5731 1329 5799 gratiam.
1366 5731 1544 5783 i'osuit
1581 5739 1758 5780 nutent

1858 5188 2004 5240 illam
2030 5183 2094 5236 ad
2118 5191 2317 5234 rectum
2347 5180 2467 5230 vita:
2494 5179 2785 5232 institutum
2810 5181 3014 5237 dicens.
3034 5186 3162 5240 Nam
3183 5207 3270 5256 ne,
3292 5195 3428 5246 sicut

1867 5276 1998 5338 dixi,
2043 5271 2263 5324 ﬁdentes
2293 5267 2670 5321 resurrectioni
2697 5310 2712 5334 ,
2739 5269 2898 5325 vitam
2925 5288 2990 5328 ex
3020 5278 3212 5332 virtute
3238 5292 3292 5334 et
3320 5299 3430 5349 per.

1864 5365 1997 5419 fecte
2024 5360 2281 5429 agendam
2326 5359 2657 5428 negligercnt
2681 5401 2695 5425 ,
2726 5377 2909 5418 rursus
2950 5383 3042 5421 eos
3071 5387 3279 5438 quoque
3309 5373 3434 5428 hinc

1867 5452 2038 5508 reddit
2081 5459 2290 5520 paratos
2317 5449 2381 5502 ad
2407 5450 2805 5516 decertandum,
2835 5465 2888 5509 et
2914 5454 3152 5511 hortatur
3179 5460 3243 5512 ad
3272 5464 3438 5516 virtu.

1872 5559 1997 5608 tem,
2029 5544 2211 5597 dicens
2239 5560 2250 5592 :
2289 5541 2493 5594 Primus
2519 5543 2666 5593 homo
2706 5544 2766 5597 de
2793 5555 2945 5612 terra,
2973 5560 3195 5602 terrenus
3221 5568 3235 5615 ;
3263 5569 3441 5607 secun-

1872 5638 1967 5690 dus
2016 5636 2163 5688 homo
2189 5677 2202 5694 ,
2241 5634 2483 5686 Dominus
2524 5633 2584 5684 de
2612 5636 2774 5699 cwlo;
2825 5640 3124 5693 universum
3170 5645 3440 5710 appellans

1873 5729 2143 5780 ltonnuem
2175 5742 2182 5786 ε
2221 5736 2271 5778 et
2302 5725 2436 5776 hunc
2465 5723 2678 5792 quidem
2707 5729 2983 5782 nominans
3013 5732 3077 5783 ab
3103 5749 3164 5785 eo
3196 5735 3332 5802 quod
3360 5743 3441 5790 est

3997 69 4012 108 ὅ

4005 129 4014 170 ξ

4007 175 4014 228 i

4007 235 4018 396 ἓ

4031 64 4066 108 if

4019 117 4064 192 ,ἓ

4031 415 4052 480 .i

4031 483 4066 568 ξς.

4019 709 4064 764 ἓξὲξ

4009 405 4016 432 2

4007 459 4016 504 ἰ

4009 509 4018 540 ξ

4009 541 4018 570 :

4011 591 4018 620 ι

4005 629 4018 672 1

4015 837 4022 856 ι

4013 873 4022 896 1

4015 903 4020 934 ἶ

4031 873 4038 890 ι

4037 857 4054 883 κζ

4049 901 4060 910 ..

4013 945 4024 1006 ἓ

4015 1081 4026 1148 ἓ

4033 2723 4066 2830 Ξ

4035 2835 4066 3104 ξ
