4066 6348
651 370 758 432 δϋξῑ

655 484 847 543 melius
895 497 957 536 ac
993 487 1359 549 prmstantnts,
1397 475 1542 529 illum
1570 483 1748 527 autem
1776 473 1844 525 ab
1871 487 1939 525 co
1977 470 2118 541 quod
2146 478 2231 523 est

653 574 909 630 deterius.
931 571 1020 626 48.
1052 571 1228 637 Qualis
1257 578 1503 630 terrenus,
1525 565 1651 617 tales
1671 574 1716 616 et
1743 564 1943 617 terreni.
1975 562 2064 615 Sic
2092 560 2232 630 peri-

656 676 787 722 tsuut
829 676 882 720 et
912 663 1225 717 morientur.
1259 658 1440 725 Qualis
1467 657 1679 711 cctestis
1699 696 1715 719 ,
1748 655 1873 707 tates
1911 664 1959 707 et
1988 652 2230 707 csclestes.

652 757 741 811 Sic
786 754 1073 809 manebunt
1102 747 1433 804 immortales
1469 754 1524 799 et
1568 744 1850 813 fulgentes.
1896 740 2035 808 Quid
2078 755 2227 803 vero,

655 862 832 903 annon
866 844 911 897 is
935 856 1149 913 quoque
1176 850 1257 892 est
1287 847 1529 890 mortuus
1558 835 1580 886 2
1621 833 1858 887 Mortuus
1884 831 2099 900 quidem
2126 839 2230 895 est,

654 935 748 993 sed
779 934 906 992 inde
937 931 1067 985 nihll
1117 930 1213 984 fuit
1260 929 1456 986 laesus,
1507 924 1601 977 sed
1644 923 1722 976 sic
1767 937 1979 990 quoque
2004 930 2233 973 mortem

655 1023 921 1080 dissolvit.
952 1016 1199 1076 \‘idistin‘
1220 1014 1489 1088 quotnodo
1513 1014 1636 1066 hinc
1656 1026 1870 1081 quoque
1891 1027 1983 1080 per
2006 1020 2231 1064 mortem

650 1116 931 1173 constituit
953 1113 1142 1182 dogma
1174 1110 1239 1164 de
1269 1104 1707 1163 resurrectione?
1739 1104 1951 1157 [labens
1977 1102 2145 1163 enim,
2176 1108 2234 1153 ut

656 1206 803 1281 prius
825 1203 957 1264 dtxi.
987 1201 1300 1271 principium
1328 1206 1382 1252 et
1410 1203 1591 1265 caput,
1620 1192 1726 1247 noli
1757 1192 2007 1281 dubitare
2025 1190 2090 1243 de
2118 1197 2230 1242 toto

654 1278 900 1363 corpore.
931 1288 1036 1346 Sed
1080 1298 1134 1343 et
1173 1288 1297 1341 hinc
1338 1298 1555 1355 quoque
1596 1289 1813 1335 exercet
1855 1278 2111 1347 Optimam
2168 1291 2232 1332 ac

656 1380 1150 1457 praestantissimant
1216 1377 1336 1428 vita:
1387 1372 1606 1443 agenda:
1658 1371 1961 1469 rationem,
1998 1379 2234 1469 .ponens

651 1472 897 1544 exempla
923 1483 1046 1527 t'ttm
1068 1468 1297 1523 excelsae
1324 1479 1389 1521 ac
1414 1460 1795 1557 philosophicm
1821 1498 1839 1523 ,
1882 1466 1937 1511 et
1963 1460 2076 1557 ejus

654 1578 761 1625 non
790 1572 871 1616 cst
900 1558 1226 1627 huiusmodi,
1259 1564 1315 1610 ct
1345 1554 1621 1619 utriusque
1648 1549 1918 1602 adducens
1951 1549 2229 1614 principia,

654 1655 802 1712 illius
848 1652 1063 1721 quidem
1110 1649 1402 1710 Christum,
1436 1643 1590 1713 hujus
1619 1657 1750 1696 vero
1776 1641 2059 1694 Adamutn.
2108 1637 2238 1691 Pro-

656 1752 839 1814 pterea
869 1756 965 1797 nec
994 1738 1238 1794 absolute
1257 1736 1410 1798 dixit,
1445 1735 1485 1787 E
1522 1742 1685 1796 terra,
1710 1729 1804 1786 sed
1829 1729 2102 1793 Terrouus,
2136 1727 2239 1783 hoc

655 1846 761 1899 est,
788 1843 1027 1894 crassus,
1051 1828 1242 1883 :thltS
1268 1824 1623 1893 pnesentibus
1653 1841 1668 1877 :
1694 1832 1746 1876 et
1776 1834 1960 1875 rursus
1984 1819 2051 1873 de
2078 1818 2239 1913 fibri-

656 1936 740 1979 διο
782 1921 1107 1981 contrarium
1135 1960 1149 1983 ,
1187 1916 1431 1970 Dominus
1459 1930 1486 1967 e
1530 1913 1674 1966 calo.
1726 1910 1782 1965 Si
1813 1919 1990 1965 autem
2018 1910 2237 1979 quidam

659 2014 779 2070 idco
801 2013 982 2066 dicant
1023 2007 1304 2065 Dominum
1334 2020 1438 2059 non
1484 2002 1682 2055 habere
1718 2014 1935 2069 corpus,
1983 1996 2126 2067 quod
2153 1997 2236 2051 di-

652 2114 795 2161 ctum
822 2103 911 2166 sit,
945 2099 992 2158 E
1015 2100 1160 2162 ccio,
1188 2097 1464 2152 sufficiunt
1490 2092 1703 2163 quidem
1746 2107 1865 2159 qua:
1890 2090 2003 2161 jam
2028 2088 2236 2159 pridem

654 2192 796 2249 dicta
824 2201 951 2248 sunt
979 2187 1046 2242 ad
1091 2201 1184 2239 ora
1229 2198 1416 2239 eorum
1463 2180 1830 2244 obsn-uenda;
1879 2179 2010 2233 nihil
2052 2186 2235 2233 autem

656 2290 823 2345 vetat,
849 2278 1137 2350 quominus
1163 2274 1286 2329 hinc
1305 2287 1517 2343 quoque
1538 2285 1634 2325 ora
1662 2284 1851 2325 eorum
1870 2270 2231 2324 obstruamus.

654 2371 793 2441 Quid
818 2380 902 2424 est
923 2374 1089 2433 enim,
1118 2364 1368 2421 Dominus
1389 2379 1416 2417 o
1439 2362 1563 2417 calo
1589 2361 1618 2416 Ρ
1640 2369 1961 2414 naturatnne
1986 2358 2138 2421 dicit,
2167 2373 2235 2412 an

654 2461 912 2532 optimam
940 2458 1062 2515 vitae
1089 2453 1425 2511 instituunt-te
1455 2453 1714 2507 rationem
1745 2452 1768 2504 2
1797 2451 1979 2549 (iuit-is
2007 2458 2093 2549 est
2117 2463 2238 2517 pcr-

657 2550 942 2621 spieuum,
992 2547 1135 2617 quod
1182 2544 1441 2615 optimam
1493 2542 1615 2596 vitae
1664 2538 1884 2637 agenda:
1928 2538 2236 2637 rationem:

659 2653 713 2700 ct
758 2641 881 2697 ideo
924 2639 1243 2709 subiungit:
1288 2634 1376 2693 49.
1424 2634 1568 2688 Sicut
1619 2631 1930 2700 portavimus
1973 2627 2241 2696 imaginem

656 2730 884 2794 terreni;
928 2728 1031 2784 hoc
1068 2736 1188 2790 est,
1233 2725 1373 2779 sicut
1417 2713 1552 2775 mitia
1595 2720 1853 2783 fecimus;
1898 2726 2159 2785 portemus
2194 2724 2241 2770 et

654 2822 929 2894 inopiam
962 2815 1177 2873 celestis
1194 2830 1215 2879 ;
1243 2812 1346 2868 hoc
1370 2820 1476 2875 est,
1506 2809 1762 2864 faciamus
1788 2808 2011 2876 optima.
2040 2805 2241 2860 Prmter

661 2913 781 2969 tunc
804 2920 987 2965 autem
1009 2944 1029 2975 ,
1055 2920 1119 2961 ex
1153 2913 1205 2958 te
1230 2901 1461 2958 libenter
1484 2898 1792 2955 sciscitarer
1823 2916 1838 2953 :
1882 2898 1955 2953 De
1981 2905 2244 2951 naturane

658 3002 860 3058 dictum
891 3006 975 3053 est
999 3032 1019 3060 τ
1068 2993 1170 3065 Qui
1211 3009 1274 3048 es
1319 3001 1453 3047 terra
1475 3036 1487 3052 .
1539 3000 1763 3044 terrenus
1786 3030 1805 3053 ,
1834 2997 1913 3055 et,
1943 2987 2193 3042 Dominus
2215 3001 2244 3040 e

661 3091 789 3147 ccio
816 3089 843 3143 il
870 3087 1100 3144 Maxime
1124 3126 1142 3153 ,
1187 3084 1373 3155 inquit.
1419 3082 1554 3149 Quid
1587 3086 1754 3151 ergo?
1797 3091 2043 3135 terrenus
2066 3078 2242 3132 solum

662 3190 779 3236 erat
809 3177 976 3233 Adam
1002 3215 1019 3243 ,
1045 3190 1115 3228 an
1146 3174 1381 3244 aliquam
1407 3173 1568 3228 etiam
1600 3172 1755 3227 aliam
1787 3169 2015 3224 habebat
2055 3182 2245 3222 essen-

664 3270 793 3323 tiam
825 3271 1108 3337 cognatam
1140 3262 1395 3332 supernis
1421 3272 1475 3316 et
1516 3260 1849 3327 incorporeis
1870 3298 1884 3321 ,
1913 3273 2072 3326 qnam
2097 3257 2245 3311 Scri-

664 3365 821 3428 ptura
845 3360 1000 3408 vocat
1024 3351 1258 3405 animam
1303 3359 1359 3404 et
1396 3348 1640 3418 spiritum
1667 3348 1690 3400 ἲ
1723 3347 1816 3401 Est
1843 3346 2012 3400 cuivis
2040 3346 2244 3414 perspi-

661 3460 847 3509 eumn,
876 3441 1019 3512 quod
1048 3440 1185 3495 hanc
1211 3453 1447 3512 quoque.
1478 3437 1619 3507 Ergo
1648 3453 1821 3508 neque
1852 3437 2106 3491 Dominus
2131 3446 2248 3494 erat

664 3532 839 3590 solum
869 3544 938 3587 ex
966 3530 1174 3600 superis
1199 3569 1217 3595 ,
1244 3527 1455 3583 etiamsi
1482 3528 1690 3583 dicatur
1720 3543 1750 3583 e
1776 3529 1930 3592 certo,
1955 3527 2051 3582 sed
2078 3528 2239 3581 etiam

663 3640 879 3688 omnem
902 3631 1229 3693 susceperat.
1253 3621 1406 3689 Quod
1430 3630 1603 3676 autem
1627 3622 1775 3686 dicit,
1805 3632 1887 3677 est
1904 3622 2243 3692 hujusntodi:

671 3716 817 3772 Sicut
840 3714 1151 3786 portavimus
1180 3713 1448 3785 imaginem
1489 3714 1755 3777 terrestris,
1788 3713 1955 3768 malas
1980 3716 2243 3780 actiones,

669 3808 925 3879 portemus
971 3815 1016 3860 et
1060 3806 1329 3873 imaginem
1366 3806 1576 3859 celestis
1601 3847 1617 3870 ,
1648 3819 1837 3874 nempe
1875 3808 1999 3859 vita:
2025 3808 2247 3877 agendae

668 3899 928 3953 mtioncm
972 3910 1091 3967 qua:
1134 3904 1220 3950 est
1264 3895 1316 3948 in
1354 3894 1521 3950 cmlis.
1555 3894 1609 3947 Si
1638 3904 1817 3948 autem
1849 3895 2158 3965 loqueretur
2180 3898 2249 3952 de

668 3996 878 4051 statura,
907 4001 1014 4040 non
1059 3984 1435 4038 adhortatione
1468 3998 1642 4053 neque
1670 3986 1897 4040 consilio
1924 4002 2011 4041 res
2042 3999 2245 4057 egeret.

668 4076 1029 4145 Quamobrem
1064 4071 1148 4127 vcl
1195 4072 1320 4128 hinc
1350 4073 1687 4143 perspicuum
1714 4084 1820 4140 est,
1847 4076 1988 4146 quod
2019 4078 2086 4132 de
2126 4080 2250 4135 vitm

668 4163 890 4231 agenda:
935 4162 1141 4218 ratione
1170 4172 1252 4216 cst
1280 4163 1329 4216 id
1371 4163 1514 4233 quod
1547 4162 1759 4220 dicitur.
1807 4165 1873 4219 Et
1912 4166 2031 4221 ideo
2058 4182 2250 4223 consu-

672 4253 835 4310 lendo
875 4251 1078 4307 inducit
1123 4251 1442 4317 orationem,
1489 4260 1545 4306 et
1572 4253 1805 4320 appellat
1852 4256 2157 4325 imaginem,
2185 4272 2250 4312 ea

673 4343 885 4401 ratione
907 4354 1091 4396 rursus
1116 4341 1428 4406 υςιειιύριιε,
1460 4342 1602 4409 quod
1630 4343 1926 4399 tle‘actione
1953 4347 2114 4413 dicat,
2146 4364 2248 4403 non

675 4433 745 4489 de
791 4441 998 4487 natura.
1054 4429 1345 4500 Propterea
1384 4432 1526 4487 enim
1575 4432 1749 4487 effecti
1800 4451 1983 4491 sumus
2031 4439 2249 4502 terreni,

672 4525 925 4597 quoniam
948 4522 1085 4579 mala
1112 4521 1335 4580 fecimus
1368 4541 1382 4578 :
1412 4539 1515 4577 non
1534 4526 1784 4593 quoniam
1808 4530 1875 4581 ab
1904 4528 2053 4583 initio
2074 4528 2249 4584 eﬂ‘ecti

678 4629 866 4671 sumus
912 4615 1144 4677 terreni,
1185 4611 1279 4669 scd
1332 4614 1582 4684 quoniam
1629 4621 1987 4686 peccavimus.
2045 4621 2253 4678 Etenim

682 4712 956 4778 peccatum
990 4704 1219 4774 primum
1256 4714 1309 4758 et
1357 4714 1480 4759 tunc
1510 4720 1653 4761 mors
1677 4749 1692 4772 ,
1721 4719 1775 4763 et
1802 4708 1951 4773 illud,
1981 4709 2140 4763 Terra
2176 4728 2252 4778 es,

680 4804 728 4850 et
749 4797 803 4850 its
824 4807 1010 4849 terram
1038 4798 1293 4849 reverteris
1319 4795 1469 4864 (Gen.
1498 4797 1550 4850 5.
1583 4795 1672 4870 l9)
1699 4816 1711 4851 :
1745 4811 1867 4855 tunc
1894 4802 2055 4857 etiam
2087 4802 2253 4858 intra-

680 4884 759 4945 vit
782 4897 1006 4941 exanten
1036 4884 1195 4940 animi
1228 4895 1469 4941 motuum
1495 4894 1549 4939 et
1571 4890 2049 4955 perturbationum.
2072 4892 2254 4963 Neque

676 4974 822 5030 enim
849 4988 913 5028 ex
943 4983 1080 5028 terra
1111 4990 1231 5031 esse
1261 4976 1499 5046 genitum
1529 4976 1653 5032 facit
1677 4979 1918 5038 absolute
1946 4992 2252 5053 lenonum;

675 5082 800 5123 nam
836 5065 1091 5120 Dominus
1117 5082 1329 5145 quoque
1356 5076 1470 5123 erat
1507 5083 1575 5123 ex
1606 5070 1793 5126 eadem
1835 5088 2010 5129 massa
2035 5086 2089 5131 et
2113 5091 2247 5131 con-

673 5154 953 5226 spersione
983 5172 997 5218 ;
1038 5155 1131 5209 sed
1163 5165 1369 5213 terrena
1397 5173 1557 5228 agere
1597 5176 1613 5212 :
1642 5161 1779 5217 sicut
1813 5164 1980 5221 etiam
2002 5168 2218 5225 caeleste
2238 5209 2254 5232 ,

678 5261 840 5321 agere
867 5261 986 5316 qua:
1014 5255 1138 5300 sunt
1156 5246 1314 5317 digna
1337 5250 1502 5303 cmlis.
1531 5249 1639 5305 Sed
1668 5253 1792 5321 quid
1811 5255 1878 5309 ad
1900 5255 2004 5312 hoc
2024 5259 2255 5327 proban-

680 5340 811 5399 dum
838 5352 973 5407 opus
1001 5348 1084 5392 est
1111 5338 1356 5394 laborare
1374 5345 1805 5411 supervacaneo?
1834 5348 1947 5415 ipse
1966 5350 2109 5403 enim
2134 5366 2255 5419 pro-

678 5429 880 5489 cedens
908 5430 1064 5484 nebis
1096 5445 1310 5486 sensum
1336 5432 1528 5503 aperit.
1558 5433 1740 5489 dicens
1770 5452 1785 5489 :
1817 5438 1907 5492 50.
1942 5437 2056 5493 Hoc
2085 5454 2256 5495 autem

680 5516 815 5583 dico,
850 5521 1053 5589 fratres.
1100 5522 1235 5591 quod
1278 5539 1396 5576 caro
1443 5534 1490 5577 et
1524 5526 1731 5594 sanguis
1773 5543 1983 5598 regnum
2015 5530 2113 5584 Dei
2154 5549 2255 5586 non

677 5612 1020 5677 possidebunt.
1044 5612 1292 5668 Vidistiu‘
1319 5615 1587 5689 quomodo
1615 5632 1799 5671 rursus
1822 5618 2056 5685 seipsum
2083 5623 2252 5677 inter-

679 5712 937 5770 pretetur,
970 5719 1066 5759 nos
1090 5705 1319 5761 liberans
1346 5722 1375 5760 a
1406 5709 1630 5777 negotiis
1659 5712 1684 5762 ’ρ
1708 5710 1851 5779 quod
1882 5713 2095 5784 quidem
2127 5717 2251 5774 facit

1372 362 1429 417 s.
1468 360 1743 418 somnus
1780 350 2247 413 cuuvsosrout
2287 352 2604 412 ARCIIIEP.
2644 356 3171 420 CONSTAN’I‘INOP.
3810 376 3903 433 δα

2339 468 2501 522 etiam
2535 470 2589 524 in
2629 472 2811 527 multis
2846 474 2997 529 locis.
3045 491 3268 532 urncm
3298 479 3439 534 enim
3476 481 3564 537 hic
3594 499 3745 546 vocat
3775 494 3905 546 mala

2336 571 2521 630 opera,
2543 562 2685 629 quod
2710 572 2765 616 et
2786 563 2912 618 alibi
2934 566 3077 631 fecit,
3106 577 3165 620 ut
3185 569 3395 637 quando
3419 570 3551 628 dicit
3574 592 3590 627 :
3624 574 3725 632 Vos
3746 592 3911 635 autem

2338 665 2439 703 non
2459 652 2576 703 es!t's
2599 651 2652 704 in
2671 668 2853 715 carne;
2878 665 2931 707 et
2958 670 3169 721 rursus,
3197 656 3299 723 Qui
3315 669 3478 714 autem
3500 674 3627 717 sunt
3648 666 3702 719 in
3726 683 3908 735 eam,

2339 736 2448 793 Deo
2473 745 2671 804 placere
2697 757 2798 795 non
2829 754 3038 810 possunt
3058 744 3080 814 (
3094 744 3242 799 Rom.
3264 747 3325 801 8.
3347 748 3399 803 9.
3438 750 3471 805 8
3486 751 3529 822 ).
3553 753 3913 820 thmourcsu

2338 831 2550 900 quando
2565 833 2715 899 dicit,
2742 833 2855 887 llos
2881 844 3049 889 autem
3073 838 3225 901 dico;
3251 840 3379 894 nihil
3409 843 3549 899 aliud
3574 845 3724 915 dicit,
3752 864 3914 917 qua.

2339 935 2399 975 se
2429 934 2708 989 propterea
2754 924 2856 979 hoc
2904 925 3124 993 dixisse,
3158 939 3216 983 ut
3257 929 3435 986 discas
3477 937 3643 990 malas
3672 940 3919 996 actiones

2341 1009 2397 1062 in
2428 1000 2647 1079 regnum
2699 1027 2803 1065 non
2848 1013 3204 1070 introducere.
3228 1016 3360 1073 Nam
3400 1032 3517 1088 post
3562 1030 3917 1083 resurrectio-

2342 1112 2462 1151 nem
2506 1100 2688 1154 statim
2728 1101 2795 1155 de
2842 1118 3008 1171 regno
3059 1105 3260 1160 inducit
3303 1123 3645 1178 sermonem;
3692 1126 3746 1170 et
3796 1119 3921 1173 ideo

2340 1190 2607 1257 subiunxit
2661 1209 2678 1245 :
2716 1191 2893 1262 Neque
2918 1197 3175 1263 corruptio
3198 1198 3591 1267 incorruptelam
3621 1208 3920 1269 possidebit.

2342 1278 2454 1334 Hoc
2478 1289 2592 1345 est,
2632 1283 2815 1337 vitium
2858 1302 2962 1338 non
2991 1288 3225 1355 possidet
3257 1290 3479 1359 gloriam
3524 1293 3669 1349 illam
3702 1305 3757 1351 et
3790 1314 3921 1361 peh

2341 1372 2641 1436 ceptionem
2700 1387 2764 1427 ac
2814 1372 3118 1431 finitionem
3177 1377 3654 1449 incorruptibilium
3711 1400 3921 1440 rerum.

2348 1457 2558 1512 Etenim
2590 1463 2771 1516 multis
2803 1463 2854 1516 in
2896 1464 3028 1519 locis
3067 1481 3251 1521 rursus
3282 1483 3409 1523 usus
3436 1480 3521 1524 est
3560 1473 3658 1528 bac
3682 1477 3926 1543 appella-

2346 1547 2511 1611 tione,
2538 1548 2721 1605 dicens
2749 1568 2763 1604 :
2795 1550 2895 1621 Qui
2918 1554 3131 1608 seminat
3167 1557 3220 1608 in
3246 1571 3467 1622 comem,
3497 1576 3559 1613 ex
3581 1578 3735 1616 came
3774 1574 3927 1619 metet

2343 1639 2713 1720 corruptionem
2734 1641 2876 1709 (Gut.
2903 1644 2956 1697 6.
2982 1644 3059 1714 8).
3078 1645 3133 1701 Si
3159 1656 3335 1703 autem
3358 1649 3562 1704 diceret
3585 1652 3653 1706 de
3668 1668 3924 1723 corpore,

2343 1742 2453 1781 non
2474 1738 2653 1783 autem
2690 1732 2759 1786 de
2786 1734 2923 1787 mala
2953 1736 3184 1803 actione,
3227 1752 3330 1792 non
3358 1739 3579 1797 dixisset
3604 1747 3919 1814 corruptio—

2343 1831 2513 1883 nem;
2554 1836 2815 1890 nusquam
2859 1825 3004 1878 enim
3046 1839 3243 1896 corpus
3276 1838 3430 1883 vocat
3473 1838 3928 1902 corruptionem;

2342 1924 2516 1979 neque
2540 1912 2683 1966 enim
2713 1916 2986 1983 corruptio
3027 1925 3149 1982 est,
3176 1918 3267 1972 sed
3304 1924 3670 1991 corruptibile.
3720 1927 3924 1993 Quam-

2343 2000 2527 2057 obrem
2569 2005 2891 2074 procedens,
2936 2016 2991 2061 et
3021 2008 3088 2063 de
3122 2024 3188 2064 eo
3210 2011 3519 2081 disserens,
3562 2029 3667 2070 non
3700 2016 3754 2070 id
3791 2019 3930 2077 dixit

2342 2095 2761 2164 corruptionem,
2786 2097 2884 2152 sed
2908 2100 3275 2169 corruptibile,
3304 2102 3491 2157 dicens
3515 2122 3528 2160 :
3564 2104 3783 2175 Oportet
3815 2124 3930 2162 eor-

2342 2184 2580 2251 ruptibite
2608 2185 2704 2239 hoc
2747 2186 2958 2242 induero
2984 2187 3431 2260 incorruptionem.
3460 2192 3664 2250 Deinde
3704 2212 3830 2252 cum
3860 2199 3930 2255 de

2344 2277 2469 2330 vitae
2494 2276 2715 2346 agenda:
2740 2278 3279 2338 rationeabsotvisset
3302 2284 3754 2353 admonitionem;
3781 2292 3928 2358 quod

2343 2378 2558 2433 semper
2573 2366 2709 2421 solet
2724 2366 2925 2433 facere,
2947 2380 3315 2439 argumentum
3337 2388 3651 2443 argumento
3669 2382 3932 2436 continuo

2342 2454 2661 2518 admiscens,
2688 2463 2972 2513 revertitur
3007 2476 3190 2516 rursus
3215 2462 3281 2516 ad
3305 2464 3627 2534 loquendum
3644 2468 3711 2522 de
3738 2484 3931 2525 resur-

2344 2546 2617 2613 rectione,
2646 2550 2725 2603 sic
2760 2550 2948 2605 dicens
2979 2568 2993 2605 :
3025 2552 3114 2606 5|.
3145 2552 3275 2607 Ecce
3309 2560 3600 2625 menum
3626 2559 3764 2613 vobis
3789 2561 3928 2615 dico.

2412 2635 2469 2690 3.
2499 2636 2873 2694 Venerandum
2894 2640 3162 2711 quidpiam
3186 2652 3242 2697 et
3264 2659 3539 2710 arcanum,
3568 2656 3624 2701 et
3644 2650 3792 2716 quod
3822 2666 3928 2705 non

2343 2737 2533 2781 omnes
2568 2738 2798 2795 norunt,
2831 2738 2916 2786 est
2951 2731 3193 2787 dicturus
3222 2750 3237 2787 :
3276 2734 3418 2802 quod
3471 2737 3633 2792 etiam
3691 2742 3932 2797 ostendit

2344 2829 2593 2885 magnum
2629 2816 2893 2874 honorem
2923 2836 3031 2890 quo
3056 2837 3153 2876 eos
3180 2822 3366 2887 anteit,
3397 2842 3593 2898 nempe
3622 2831 3703 2885 eis
3729 2848 3929 2888 arcana

2344 2904 2544 2961 dicere.
2584 2908 2721 2974 Quid
2752 2909 2855 2965 hoc
2882 2920 3062 2965 autem
3090 2921 3173 2966 est
3192 2913 3218 2966 τ
3241 2912 3366 2967 Non
3394 2933 3566 2971 omnes
3590 2920 3793 2987 quidem
3823 2940 3932 2975 mo-

2345 2995 2553 3060 riemur,
2587 3006 2632 3050 et
2673 3014 2845 3053 omnes
2885 3000 3279 3056 immutabimur.
3326 3003 3439 3059 Hoc
3465 3016 3546 3061 est
3573 3018 3753 3064 autem
3784 3015 3931 3081 quod

2346 3085 2516 3141 dicit:
2544 3086 2662 3142 Non
2692 3102 2885 3145 omnes
2920 3090 3132 3160 quidem
3164 3094 3476 3159 moriemur,
3519 3111 3709 3154 omnes
3749 3112 3933 3157 autem

2348 3178 2772 3247 immutabimur,
2814 3182 2975 3237 etiam
3025 3183 3114 3252 qui
3160 3200 3261 3239 non
3313 3188 3615 3243 moriuntur
3645 3207 3658 3242 :
3687 3207 3810 3246 nam
3859 3195 3935 3248 illi

2347 3284 2560 3340 quoque
2606 3280 2734 3325 sunt
2772 3273 3042 3328 mortales.
3085 3274 3162 3330 Ne
3188 3291 3316 3345 ergo
3357 3279 3610 3347 quoniam
3657 3282 3932 3348 morieris,

2349 3370 2627 3428 propterea
2648 3398 2665 3424 ,
2698 3360 2901 3430 inquit,
2932 3363 3119 3417 timeas
3147 3373 3415 3434 tamquam
3451 3382 3556 3421 non
3588 3384 3935 3426 resurrectu-

2350 3463 2442 3502 rus
2475 3465 2488 3501 :
2518 3458 2644 3505 sunt
2669 3450 2833 3515 enim,
2864 3461 2989 3505 sunt
3014 3452 3174 3505 etiam
3205 3454 3367 3524 aliqui
3392 3458 3480 3525 qui
3512 3458 3614 3512 hoc
3640 3459 3939 3530 effugient;

2348 3546 2404 3591 et
2430 3546 2606 3592 tanien
2625 3538 2724 3594 hoc
2748 3541 2827 3594 eis
2854 3555 2961 3594 non
2987 3542 3182 3597 sufﬁcit
3200 3544 3269 3598 ad
3292 3545 3436 3600 illam
3456 3550 3940 3617 resurrectionem,

2350 3629 2443 3684 sed
2471 3640 2680 3699 oportet
2709 3632 2795 3686 illa
2826 3648 3037 3702 quoque
3066 3648 3295 3704 corpora
3318 3651 3439 3707 qua:
3468 3652 3574 3692 non
3602 3640 3938 3708 moriuntur,

2350 3720 2619 3776 immutari
2646 3734 2701 3776 et
2728 3723 2957 3778 transire
2984 3724 3051 3778 ad
3082 3726 3558 3795 incorruptionem.
3588 3730 3680 3786 52.
3712 3730 3786 3786 In
3816 3745 3936 3788 suo.

2349 3821 2537 3877 mento,
2578 3814 2633 3866 in
2658 3814 2761 3866 ictu
2787 3815 2943 3881 oculi,
2964 3816 3017 3869 in
3040 3818 3309 3871 novissimo
3336 3820 3480 3873 tuba.
3502 3819 3767 3889 Quoniam
3799 3828 3941 3880 mul-

2352 3912 2461 3957 tutn
2505 3905 2793 3972 disputavit
2840 3907 2905 3961 de
2960 3909 3392 3975 resurrectione,
3448 3920 3575 3966 tunc
3623 3925 3939 3983 opportune

2351 3993 2589 4049 ostendit
2616 3993 2668 4048 id
2694 3995 2833 4063 quod
2864 4006 2946 4050 est
2991 4000 3043 4051 in
3082 4004 3145 4051 e'a
3175 3998 3489 4055 admirabile
3514 4012 3570 4056 et
3600 4015 3801 4072 praeter
3825 4009 3940 4076 opi-

2352 4081 2590 4136 nionem.
2639 4082 2755 4137 Non
2793 4093 2876 4138 est
2922 4086 3064 4139 enim
3111 4085 3214 4141 hoc
3257 4088 3430 4141 solum
3478 4091 3745 4156 mirabile,
3793 4098 3939 4165 quod

2355 4172 2582 4239 primum
2602 4180 2907 4241 putrescunt
2931 4190 3154 4245 corpora
3180 4184 3238 4233 et
3252 4186 3381 4233 tunc
3398 4191 3703 4251 resurgunt,
3727 4185 3902 4255 inquit
3922 4203 3939 4251 ;

2352 4269 2407 4314 et
2432 4262 2572 4330 quod
2602 4264 2685 4325 iis,
2710 4281 2826 4334 qum
2858 4281 2997 4320 nunc
3020 4275 3173 4338 sunt,
3207 4269 3432 4324 meliora
3462 4284 3527 4324 ac
3556 4278 3937 4340 praestantiora

2352 4366 2472 4421 quae
2497 4356 2777 4424 resurgunt
2804 4372 2819 4421 ;
2843 4367 2897 4411 et
2920 4358 3061 4427 quod
3081 4358 3146 4413 ad
3168 4358 3325 4430 longe
3352 4360 3628 4415 meliorem
3659 4372 3941 4421 transeant

2354 4442 2747 4509 conditionem,
2793 4460 2965 4516 neque
3018 4447 3160 4517 quod
3205 4450 3569 4521 unusquisque
3616 4454 3765 4521 quod
3821 4472 3941 4525 pro-

2356 4534 2529 4602 prium
2557 4545 2639 4589 est
2660 4537 2907 4607 accipiat,
2934 4549 2989 4593 et
3016 4539 3193 4595 nullus
3219 4541 3360 4611 quod
3388 4541 3608 4599 alterius
3633 4566 3647 4601 :
3671 4547 3769 4601 sed
3797 4550 3939 4618 quod

2358 4634 2463 4677 tam
2494 4626 2658 4680 multa
2681 4668 2697 4692 ,
2742 4638 2884 4681 tanta
2927 4639 2984 4685 et
3020 4632 3142 4685 talis
3162 4672 3177 4697 ,
3206 4641 3263 4687 et
3290 4648 3408 4702 quae
3432 4648 3649 4691 omnem
3677 4652 3939 4708 superant

2358 4717 2621 4771 rationem
2644 4728 2697 4773 et
2720 4730 2973 4788 tuentem,
2996 4722 3191 4777 fiantin
3220 4735 3510 4780 momento.
3542 4726 3609 4781 Et
3634 4733 3738 4785 hoc
3768 4732 3935 4802 signi-

2359 4808 2523 4863 ficans
2546 4811 2900 4879 manifestius,
2932 4812 2997 4868 In
3031 4816 3133 4868 ictu
3161 4817 3316 4882 oeuli,
3344 4817 3494 4883 dicit,
3521 4818 3575 4872 id
3604 4831 3707 4884 est,
3735 4836 3941 4893 quattto

2360 4906 2599 4967 tempore
2624 4902 2887 4957 clauditur
2910 4903 3116 4961 cilium.
3148 4905 3351 4961 Deinde
3377 4908 3629 4977 quoniam
3658 4910 3797 4965 dixit
3825 4930 3939 4967 rem

2358 5003 2601 5059 magnam
2631 5001 2685 5045 et
2714 5002 2934 5061 stupore
2976 4995 3186 5063 plenam
3206 5037 3222 5061 ,
3250 4998 3293 5050 si
3325 5013 3414 5053 res
3440 5007 3516 5053 tot
3539 5009 3594 5053 et
3624 5010 3791 5056 tanta
3830 5014 3938 5057 tam

2358 5091 2577 5147 repente
2621 5082 2780 5148 fiant,
2808 5084 3090 5154 subiungit
3128 5084 3196 5139 ad
3242 5086 3939 5156 demonstratimtem,rcd-

2358 5169 2491 5225 deus
2521 5174 2775 5229 credibile
2796 5174 2938 5243 quod
2966 5174 3193 5238 dicitur:
3218 5176 3374 5231 Const
3393 5180 3527 5233 enim
3557 5180 3694 5246 tuba,
3722 5194 3775 5236 et
3800 5202 3939 5239 mos-

2360 5265 2434 5314 tui
2468 5274 2727 5335 resurgant
2776 5265 3079 5335 incorrupti,
3123 5274 3170 5320 et
3213 5284 3306 5322 nos
3349 5269 3748 5327 immutabinwr.
3783 5275 3937 5341 Illud,

2363 5348 2495 5416 Nos,
2524 5367 2627 5405 non
2658 5354 2783 5407 dicit
2799 5353 2867 5407 de
2894 5356 3092 5424 sequo,
3116 5356 3209 5411 sed
3232 5355 3300 5412 de
3322 5356 3388 5413 iis
3403 5360 3491 5428 qui
3515 5371 3637 5416 tunc
3662 5363 3940 5418 invenien-

2362 5452 2447 5497 tur
2474 5444 2736 5499 viventes.
2767 5447 2856 5501 55.
2888 5443 3098 5515 Oportet
3113 5448 3245 5502 enim
3268 5450 3593 5520 corruptibite
3610 5453 3706 5505 hoc
3730 5453 3941 5506 indan

2362 5534 2806 5603 incorruptionem.
2848 5536 2926 5591 Ne
2951 5538 3093 5592 enim
3114 5580 3129 5603 ,
3157 5555 3277 5594 cum
3307 5542 3540 5597 audieris
3567 5542 3707 5612 quod
3735 5557 3866 5597 caro
3888 5556 3939 5601 et

2363 5629 2578 5694 sanguis
2607 5644 2827 5699 regnum
2878 5630 2971 5685 Dei
3014 5646 3119 5688 non
3150 5634 3462 5703 possidebit,
3491 5634 3771 5689 existimes
3824 5652 3938 5690 cor-

2367 5733 2492 5789 pora
2525 5735 2631 5775 non
2663 5735 2940 5792 resurgere
2960 5761 2977 5790 ,
3024 5723 3297 5796 subiunxit
3325 5740 3338 5780 :
3372 5722 3579 5793 Oportet
3617 5728 3938 5798 corruptibite
