4066 6348
201 329 325 384 365

199 444 312 498 hoc
339 443 546 496 induere
573 439 1016 508 incorruptionem,
1038 445 1083 490 et
1110 434 1321 489 mortale
1341 434 1433 488 hoc
1462 436 1670 488 induere
1697 435 1792 487 im-

197 534 596 588 mortalitatem.
618 528 974 598 Corruptibilc
1001 536 1178 580 autem
1201 536 1282 580 est
1307 540 1501 594 corpus
1521 565 1538 590 ,
1560 533 1613 579 et
1648 540 1791 577 mor-

197 624 347 678 tale.
399 620 524 674 Ideo
565 635 760 690 corpus
806 627 1024 673 manet:
1054 624 1251 686 corpus
1290 615 1436 670 enim
1483 625 1564 669 est
1609 614 1792 681 subje-

194 725 362 770 Ctum
395 712 656 767 iuduens:
685 711 982 766 mortalitas
1009 717 1184 763 autem
1215 717 1269 761 et
1290 711 1558 776 corruptio
1584 706 1792 759 aeletur

195 812 259 856 et
322 801 617 866 evanescit,
661 800 728 854 ad
771 799 944 869 ipsum
986 796 1273 852 accedente
1313 794 1710 848 immortalitate
1738 803 1793 847 et

196 893 636 962 incorruptione.
664 892 783 947 Noli
825 907 952 961 ergo
978 892 1229 958 deinceps
1256 888 1498 942 dubitare
1523 885 1791 953 quomodo

194 984 380 1037 vitam
407 982 546 1038 vivet
577 982 838 1036 infinitam
859 1021 876 1046 ,
908 995 1028 1036 cum
1062 977 1296 1032 audieris
1327 977 1466 1046 quod
1496 976 1587 1029 liat
1610 975 1790 1028 incor-

195 1075 469 1144 ruptibilc
493 1083 549 1129 et
585 1073 820 1128 iuteritui
848 1087 952 1126 non
990 1070 1302 1124 obnoxium.
1345 1070 1432 1124 54.
1473 1066 1599 1122 Cum
1623 1075 1790 1120 autem

193 1165 542 1231 corruptibile
578 1164 669 1218 hoc
713 1163 930 1216 induerit
973 1160 1433 1229 incorruptionem,
1484 1168 1531 1212 et
1577 1156 1790 1209 mortale

198 1258 306 1306 hoc
327 1255 546 1307 induerit
572 1253 1020 1315 immortalitatem,
1037 1260 1154 1304 tunc
1172 1253 1258 1318 [iet
1283 1265 1446 1303 sermo
1466 1248 1552 1318 qui
1572 1247 1790 1316 scriptus

196 1353 302 1406 est,
322 1343 576 1412 Absorpta
604 1355 677 1398 est
699 1360 833 1396 mors
855 1343 906 1396 in
933 1343 1158 1396 victoria.
1181 1341 1311 1396 Nam
1329 1341 1577 1409 quoniam
1601 1354 1787 1408 magna

195 1435 345 1488 dixit
370 1445 425 1488 et
451 1449 644 1488 arcana
665 1475 680 1498 ,
716 1449 897 1487 rursus
934 1432 985 1487 id
1008 1432 1150 1501 quod
1177 1433 1308 1485 dicit
1332 1429 1586 1484 credibile
1610 1437 1663 1483 et
1687 1429 1790 1483 title

194 1525 428 1594 dignum
451 1525 576 1578 facit
591 1540 655 1578 ex
681 1522 954 1592 prophetia
973 1539 985 1572 :
1001 1522 1252 1590 Absorpta
1271 1532 1364 1585 est,
1380 1520 1568 1587 inquit,
1582 1535 1716 1570 mors
1736 1519 1788 1571 in

194 1616 438 1667 victoria.
463 1613 572 1667 lloc
595 1621 697 1678 est,
722 1611 775 1665 in
803 1612 989 1676 linem;
1015 1625 1081 1664 ne
1115 1619 1328 1663 manent
1341 1609 1575 1677 quidem,
1596 1608 1789 1676 inquit,

196 1703 326 1772 ejus
379 1702 621 1771 reliquiae
647 1741 662 1766 ,
694 1716 867 1769 neque
912 1714 1035 1767 spes
1079 1709 1162 1752 est
1190 1698 1412 1760 reditus,
1458 1712 1575 1750 eum
1609 1696 1782 1750 incor-

197 1795 387 1862 ruptio
424 1791 813 1861 consumpserit
846 1791 1240 1859 corruptionem
1280 1799 1334 1843 et
1363 1789 1652 1870 interitum.
1693 1786 1782 1840 55.

200 1884 306 1939 Ubi
345 1894 441 1948 est,
478 1899 630 1946 mors,
663 1883 868 1936 victoria
907 1888 996 1934 tua
1023 1882 1048 1934 ?
1077 1880 1162 1933 ubi
1189 1890 1282 1946 est,
1311 1880 1525 1949 inferne,
1553 1875 1789 1930 stimulus

195 1985 321 2029 tuus
354 1975 379 2027 ?
418 1974 602 2028 Vidisti
651 1973 838 2028 fortem
886 1981 943 2027 et
981 1986 1298 2041 generosam
1343 1970 1574 2023 animam
1605 1970 1628 2021 ‘t
1654 1966 1787 2021 Nam

197 2076 481 2131 tamquam
521 2079 616 2131 pro
645 2063 863 2115 victoria
893 2062 1220 2124 sacriﬁcans,
1255 2069 1310 2114 et
1341 2060 1447 2112 Deo
1470 2058 1698 2123 alllattls,
1729 2066 1785 2112 et

199 2156 384 2209 futura
413 2154 598 2207 videns
628 2153 775 2221 quasi
797 2152 906 2220 jam
935 2151 1094 2216 facta,
1129 2152 1296 2203 insilit
1321 2158 1374 2203 et
1395 2150 1592 2216 jaconti
1623 2150 1784 2202 morti

197 2245 450 2309 insultat,
477 2255 529 2298 et
561 2243 612 2296 in
635 2251 793 2311 caput
819 2243 1137 2311 ejusjacens
1162 2242 1228 2294 de
1265 2240 1482 2293 victoria
1510 2239 1785 2293 exsultau-

196 2344 316 2388 tcm
360 2333 557 2388 emittit
584 2348 790 2397 vocem,
812 2332 1049 2386 clamans
1076 2339 1129 2385 et
1155 2330 1361 2394 dicens,
1388 2329 1485 2382 Ubi
1505 2340 1597 2393 est,
1626 2344 1782 2392 mors,

195 2426 444 2479 stimulus
473 2424 630 2477 tuus?
657 2423 739 2476 ubi
783 2432 855 2476 est
883 2423 1092 2476 t'ictoria
1133 2433 1240 2486 tua,
1280 2421 1476 2490 inferne
1495 2420 1521 2473 .’
1549 2419 1708 2473 l‘et‘iit
1731 2427 1786 2472 ct

197 2517 420 2585 penitus
462 2516 710 2579 evanuit,
739 2525 792 2568 et
833 2525 1032 2568 temere
1077 2513 1246 2568 iecisti
1295 2513 1383 2566 illa
1425 2511 1625 2564 omnia.
1670 2510 1784 2564 Non

195 2607 379 2660 solum
409 2605 548 2659 enim
574 2619 690 2657 eam
719 2606 878 2657 armis
908 2604 1051 2656 exuit
1079 2612 1132 2656 ct
1161 2603 1325 2666 vicit,
1357 2601 1452 2655 scd
1481 2603 1639 2654 etiam
1665 2614 1784 2668 per-

195 2696 342 2751 didit
363 2734 379 2757 ,
406 2703 460 2749 et
485 2707 551 2746 eo
589 2691 792 2760 redegit
831 2701 887 2744 ut
916 2707 982 2744 ne
1007 2702 1150 2745 esset
1178 2690 1658 2758 quidempenitus.
1687 2689 1781 2744 56.

199 2785 458 2841 Stimulus
478 2791 644 2835 autem
665 2781 836 2834 mortis
857 2790 1111 2850 peccatum
1128 2790 1198 2832 est
1222 2795 1240 2832 :
1262 2779 1415 2832 virtus
1436 2793 1549 2831 vero
1571 2781 1780 2847 peccati,

199 2879 309 2931 lex.
347 2873 531 2927 Viden’
560 2871 830 2941 quomodo
872 2872 1116 2939 loquatur
1151 2870 1218 2924 de
1264 2880 1436 2923 morte
1475 2868 1782 2936 corporali?

200 2966 352 3034 Ergo
382 2963 616 3031 IOquitur
640 2963 797 3016 etiam
843 2961 910 3014 de
936 2961 1323 3014 resurrectione
1360 2960 1618 3028 corporis.
1652 2958 1783 3012 Nam

199 3060 252 3112 si
281 3059 395 3111 haec
422 3070 526 3108 non
567 3063 872 3121 resurgunt,
902 3055 1171 3120 quomodo
1212 3061 1294 3104 est
1324 3064 1468 3103 mors
1495 3051 1783 3117 absorpta?

201 3146 318 3201 Nec
356 3145 455 3197 hoc
484 3144 692 3206 solum,
736 3143 830 3194 sed
874 3142 1030 3194 etiam
1076 3140 1345 3209 quomodo
1387 3139 1584 3215 peccati
1619 3141 1785 3193 virtus

201 3247 291 3291 est
330 3237 410 3289 lex
440 3234 463 3287 ’ἒ
491 3232 620 3289 Nam
654 3232 794 3299 quod
824 3241 1095 3300 peccatum
1127 3234 1194 3284 sit
1223 3231 1468 3284 stimulus
1497 3231 1703 3291 mortis.
1731 3241 1786 3285 et

200 3328 295 3382 illa
322 3325 554 3394 gravius,
578 3334 630 3377 et
653 3323 766 3377 lucc
793 3325 842 3377 in
867 3324 980 3392 ipso
1008 3325 1110 3375 vim
1136 3324 1344 3388 habeat,
1365 3323 1413 3375 id
1448 3324 1782 3376 manifestum

201 3430 289 3474 est
321 3435 336 3470 :
369 3416 634 3484 quomodo
672 3425 846 3469 autem
895 3416 1012 3482 ejus
1049 3429 1258 3483 quoque
1307 3414 1475 3467 virtus
1519 3427 1603 3468 est
1646 3415 1726 3468 lex
1761 3416 1785 3467 ?

202 3508 469 3572 Quoniam
497 3506 693 3573 absque
724 3520 784 3558 ea
827 3515 942 3559 erat
973 3504 1318 3565 imbecillum,
1353 3514 1408 3555 ut
1448 3504 1588 3571 quod
1631 3506 1781 3559 lieret

204 3598 447 3667 quidem,
472 3611 578 3648 non
618 3606 794 3663 posset
819 3606 994 3647 autem
1021 3593 1240 3662 perinde
1259 3594 1791 3648 cendemnare.Nant

208 3691 371 3744 liebat
391 3688 603 3756 quidem
631 3686 849 3751 malum,
877 3702 980 3738 non
1008 3691 1074 3739 ita
1102 3697 1276 3738 autent
1299 3695 1482 3753 aperte
1511 3686 1782 3740 iudicaba-

208 3789 316 3832 tur.
334 3776 690 3843 Quamobrem
711 3777 791 3829 lex
806 3792 908 3828 non
927 3791 1110 3840 parum
1127 3776 1348 3828 contulit
1386 3774 1448 3826 ad
1467 3790 1785 3843 cognoscen-

207 3873 336 3921 dum
361 3877 632 3936 peccatum
657 3905 670 3926 ,
701 3866 806 3917 imo
829 3880 952 3916 vero
980 3865 1137 3916 etiam
1162 3865 1227 3916 ad
1257 3864 1552 3931 augendum
1581 3866 1780 3932 suppli—

208 3959 370 4012 cium.
396 3957 450 4010 Si
475 3965 650 4008 autem
674 3954 796 4007 dum
818 3954 978 4007 vellet
1008 3954 1312 4022 prohibere,
1331 3954 1380 4005 id
1411 3954 1641 4006 reddidit
1665 3971 1784 4022 gra-

209 4048 346 4112 vius,
365 4063 467 4100 nou
483 4047 727 4114 estculpa
749 4046 798 4098 iu
826 4045 1085 4098 medicum
1107 4045 1449 4107 conferenda,
1471 4045 1564 4098 sed
1590 4047 1638 4097 in
1660 4061 1781 4097 eum

209 4141 297 4209 qui
321 4139 452 4191 male
481 4153 610 4191 usus
639 4145 719 4189 est
739 4135 1149 4189 medicamento.
1182 4134 1534 4196 Nameristi
1562 4147 1776 4203 quoque

211 4234 472 4288 adventus
517 4228 693 4296 gravis
732 4226 827 4276 fuit
869 4240 930 4278 ac
981 4227 1236 4278 molestus
1272 4225 1506 4287 Judmis;
1539 4227 1631 4279 sed
1677 4243 1780 4278 non

217 4323 336 4376 ideo
361 4334 482 4371 eum
513 4314 947 4384 vituperabimus,
979 4314 1071 4366 sed
1107 4330 1225 4366 cum
1254 4315 1464 4380 quidem
1497 4317 1654 4367 etiam
1690 4317 1784 4368 atl-

213 4412 540 4474 mirabimur,
569 4407 686 4461 illos
723 4413 899 4458 autem
944 4404 1110 4470 magis
1143 4404 1264 4456 odio
1304 4403 1617 4456 habebimus
1641 4446 1654 4466 ,
1690 4409 1781 4475 qui

218 4506 326 4559 lwsi
369 4513 494 4557 sunt
538 4517 630 4570 per
668 4514 728 4554 ea
759 4514 877 4567 qua:
906 4496 1171 4549 debebant
1217 4499 1291 4547 eis
1327 4495 1600 4562 prodesse.
1652 4499 1780 4552 Nam

216 4592 354 4663 quod
380 4593 488 4657 ipsa
515 4590 596 4642 lex
630 4590 735 4641 vim
768 4604 870 4642 non
897 4586 1103 4641 dederit
1135 4593 1384 4653 peccato,
1416 4585 1661 4640 Christus
1704 4588 1783 4656 ip-

217 4699 326 4738 sum
349 4689 511 4735 totam
535 4680 789 4748 implevit,
815 4690 869 4734 et
885 4689 998 4733 erat
1021 4687 1167 4733 extra
1197 4686 1486 4746 peccatum.
1504 4679 1580 4732 Tu
1607 4692 1784 4736 autem

224 4773 344 4826 mihi
371 4768 668 4832 considera,
699 4769 964 4837 quomodo
996 4770 1116 4823 hinc
1138 4783 1348 4838 quoque
1372 4768 1491 4820 facit
1523 4769 1678 4823 ﬁdem
1702 4789 1784 4826 re-

223 4861 556 4919 surrectioni.
581 4844 711 4913 Nam
739 4859 783 4911 si
809 4860 978 4926 ipsum
1009 4875 1228 4928 peccare
1254 4868 1362 4912 erat
1391 4874 1546 4911 causa
1577 4863 1781 4926 mortis,

221 4952 456 5007 Christus
481 4958 654 5004 autem
685 4963 804 5002 cum
835 4949 1065 5003 venisset
1089 4951 1246 5004 solvit
1276 4960 1571 5021 peccatum,
1604 4960 1658 5004 et
1690 4969 1785 5007 nos

223 5046 286 5098 ab
314 5043 429 5111 ipso
466 5041 710 5096 liberavit
737 5056 830 5104 per
857 5040 1198 5108 baptismum,
1228 5051 1281 5094 et
1308 5057 1428 5095 cmn
1461 5051 1675 5108 peccato
1713 5045 1786 5096 le-

222 5149 334 5204 gem
362 5150 572 5204 quoque
611 5133 768 5187 solvit
806 5147 868 5186 ac
905 5132 1058 5201 fregit
1081 5172 1095 5195 ,
1138 5148 1255 5201 qua:
1294 5133 1419 5187 dum
1464 5133 1688 5186 violatur
1725 5149 1788 5187 ac

227 5224 513 5280 transilitur
533 5264 550 5289 ,
593 5225 762 5291 ipsum
803 5225 1046 5277 consistit
1074 5241 1086 5276 :
1115 5223 1241 5291 quid
1283 5224 1456 5278 adhuc
1483 5223 1692 5279 dubitas
1719 5225 1786 5279 de

228 5317 651 5374 resurrectione?
678 5314 946 5384 quomodo
977 5317 1118 5368 enim
1151 5329 1295 5369 mors
1322 5327 1506 5384 postea
1537 5317 1784 5370 domina-

229 5419 332 5462 tum
352 5405 650 5460 obtinebit?
675 5420 798 5458 num
832 5418 927 5472 per
953 5403 1120 5472 legem
1151 5406 1171 5457 ’ἒ
1197 5405 1302 5460 Sed
1330 5420 1389 5459 ea
1418 5415 1498 5459 est
1528 5406 1702 5459 soluta
1733 5415 1786 5460 ct

229 5500 488 5566 abrogata.
517 5496 584 5548 At
617 5512 709 5563 per
738 5504 1011 5566 [meatum
1039 5495 1060 5546 ?
1090 5495 1192 5550 Sed
1221 5496 1269 5548 id
1301 5504 1380 5549 est
1412 5497 1620 5564 penitus
1642 5496 1787 5550 dele~

231 5601 351 5641 tum.
381 5588 467 5641 57.
500 5583 609 5638 Deo
637 5596 798 5638 autent
831 5586 1040 5656 gratias,
1075 5586 1158 5652 qui
1195 5586 1329 5637 dedit
1352 5587 1492 5638 nobis
1528 5587 1782 5640 t'it'torimn

235 5693 312 5731 iter
342 5677 606 5732 Dominum
640 5686 858 5729 nostrum
886 5676 1058 5729 Iesum
1087 5673 1355 5729 Christum.

1242 321 1308 376 IN
1351 320 1566 378 EPIST.
1606 322 1626 376 l
1690 323 1781 378 AD
1819 322 1970 379 COR.
2016 322 2243 379 llOMlL.
2287 323 2447 381 XLII.

3363 330 3466 389 366

1970 435 2021 488 '5.
2045 434 2176 489 Nam
2205 444 2459 505 tropteum
2485 437 2698 507 quidem
2732 439 2845 509 ipse
2870 440 3076 506 erexit,
3109 442 3323 497 coronis
3367 457 3467 498 auo

1901 533 2003 578 tvm
2044 541 2142 580 nos
2170 543 2380 597 quoque
2406 527 2507 582 frui
2529 530 2774 596 curavit,
2805 530 2963 598 idque
2990 547 3094 584 non
3130 547 3196 586 ex
3247 533 3430 590 debito
3450 575 3467 601 ,

1898 615 1991 668 sed
2018 616 2131 670 sola
2152 632 2248 671 sua
2275 618 2619 688 benignitate.
2653 621 2742 676 58.
2772 620 2981 690 Itaque,
3010 623 3232 690 fratres,
3270 626 3472 681 stabiles

1897 715 2052 759 estote
2069 718 2117 760 et
2142 707 2436 764 immobiles.
2471 711 2616 766 Justa
2633 711 2742 782 jam
2769 722 2852 768 cst
2877 721 2931 767 et
2954 723 3252 783 opportuna
3281 717 3471 772 adhor-

1898 800 2043 850 tatio.
2077 797 2215 852 Nihil
2243 801 2384 854 cnim
2411 801 2547 856 adeo
2592 802 2872 858 labclactat
2911 803 3140 875 facitque
3178 805 3429 862 vacillare
3452 848 3468 873 ,

1895 894 2053 954 atque
2097 887 2407 944 existimare
2452 903 2511 945 se
2559 899 2762 948 temere
2803 891 2962 961 afﬂigi
3012 903 3066 948 et
3107 893 3224 949 sine
3277 909 3464 949 causa.
3528 946 3530 949 .

1902 973 2217 1029 Abundantes
2241 976 2295 1029 in
2324 993 2474 1047 apere
2498 968 2699 1034 Domini
2723 998 2961 1051 semper;
3006 982 3107 1038 hoc
3127 991 3210 1038 est
3232 1024 3247 1050 ,
3277 983 3330 1039 iu
3359 985 3468 1040 vita

1895 1063 2109 1115 munda.
2139 1063 2246 1119 Nec
2270 1064 2429 1132 dixit,
2458 1066 2661 1121 Bonum
2690 1081 2995 1140 operantes,
3013 1071 3466 1138 sedAbundantes,

1896 1161 1953 1206 ut
1981 1153 2080 1208 hoc
2109 1155 2362 1210 faciamus
2389 1171 2510 1211 cum
2537 1158 2860 1214 abundantia
2905 1172 2959 1215 et
3003 1173 3153 1232 septa
3177 1158 3467 1218 'transilia-

1895 1257 2036 1298 mus.
2064 1244 2294 1298 Scientes
2316 1248 2449 1314 quod
2470 1248 2610 1300 labor
2634 1260 2793 1303 vester
2819 1267 2921 1304 non
2957 1262 3033 1324 est
3069 1254 3235 1309 inanis
3267 1256 3321 1308 in
3363 1253 3469 1308 Do-

1895 1333 2052 1386 mino.
2077 1333 2213 1401 Quid
2239 1335 2409 1390 dicis?
2440 1353 2620 1393 rursus
2646 1338 2832 1394 labor?
2859 1340 3034 1397 Labor
3067 1343 3280 1410 quidem
3305 1383 3322 1408 ,
3370 1345 3466 1399 sed

1891 1421 1980 1490 qui
2006 1421 2166 1477 habet
2189 1439 2432 1490 coronas,
2465 1437 2519 1481 et
2544 1428 2831 1497 suscipitur
2857 1444 2953 1499 pro
2972 1429 3136 1485 caelis.
3166 1430 3297 1486 Nam
3321 1434 3471 1502 prior-

1892 1510 2128 1576 quidem,
2153 1514 2241 1580 qui
2264 1514 2358 1568 fuit
2384 1523 2501 1583 post
2527 1516 2830 1584 paradisum
2855 1559 2870 1584 ,
2897 1527 2981 1573 est
3011 1534 3163 1588 paena
3215 1530 3464 1588 peccato-

1893 1613 2010 1651 rum
2036 1599 2424 1666 admissorum;
2458 1603 2545 1658 hic
2571 1615 2750 1660 autem
2776 1618 2857 1661 est
2888 1607 3286 1664 fundamentum
3318 1609 3466 1664 futu-

1895 1705 2075 1743 rorum
2125 1692 2486 1758 prarmiorum.
2536 1696 2894 1763 Quamobrem
2959 1715 3058 1755 nec
3107 1701 3208 1756 hac
3262 1703 3467 1763 ratione

1894 1780 2052 1835 fuerit
2094 1781 2244 1836 labor
2268 1825 2284 1849 ,
2331 1795 2385 1838 et
2427 1785 2568 1854 quod
2593 1794 2825 1854 superne
2854 1806 3102 1859 magnum
3131 1792 3284 1846 nobis
3312 1792 3467 1846 detur

1891 1872 2144 1925 auxilium
2189 1887 2203 1922 :
2252 1882 2306 1928 et
2361 1873 2479 1929 ideo
2531 1877 2810 1946 subjunxit
2853 1895 2868 1931 :
2912 1879 2977 1933 In
3038 1881 3276 1935 Domino.
3333 1883 3466 1936 Nam

1893 1960 2037 2028 prior
2059 1961 2270 2030 quidem
2299 1963 2394 2017 fuit
2424 1973 2482 2018 ut
2509 1965 2757 2020 daremus
2787 1983 2972 2037 ptenas
2995 2010 3012 2035 ,
3046 1969 3133 2024 hic
3179 1983 3357 2026 autem
3407 1982 3465 2026 ut

1890 2049 2028 2104 bona
2062 2051 2233 2106 l‘utura
2270 2067 2683 2124 consequamur.
2713 2057 2790 2112 Ne
2814 2075 2942 2129 ergo
2977 2060 3340 2126 dormiamus,
3378 2062 3465 2118 di—

1892 2141 2034 2196 lecti.
2062 2143 2243 2212 Neque
2269 2147 2411 2199 enim
2452 2147 2565 2201 ﬂeri
2611 2159 2815 2217 petest,
2859 2160 2959 2215 ut,
3007 2153 3052 2207 si
3107 2153 3239 2222 pigri
3282 2168 3466 2208 sumus

1889 2241 1942 2284 et
1971 2231 2140 2300 ignavi
2164 2274 2181 2299 ,
2211 2251 2429 2305 regnum
2456 2239 2708 2293 etclorum
2737 2254 3156 2309 consequamur,
3205 2259 3379 2314 neque
3420 2247 3464 2300 si

1891 2320 1941 2372 in
1987 2322 2196 2376 deliciis
2234 2342 2455 2392 agamus
2504 2329 2798 2399 mollesque
2841 2331 3008 2385 simus
3049 2343 3104 2386 et
3149 2333 3464 2390 cﬂ'emiuati.

1892 2410 2151 2466 Prteclare
2177 2415 2320 2468 enim
2345 2417 2619 2472 nobiscum
2643 2431 2848 2488 agetur,
2876 2422 2922 2474 si
2948 2417 3141 2492 corpus
3165 2422 3466 2492 alﬂigeutes

1889 2511 1942 2554 et
1968 2503 2308 2572 castigantes,
2337 2515 2390 2558 et
2415 2506 2828 2564 innumerabiles
2844 2512 3160 2567 suﬂ'erentcs
3175 2528 3462 2578 aerumnas,

1887 2595 2228 2652 diﬂieultatcs
2253 2606 2308 2653 et
2333 2598 2543 2654 labores
2565 2640 2580 2663 ,
2614 2603 2873 2668 possimus
2902 2603 3036 2656 bona
3063 2605 3153 2658 illa
3183 2606 3462 2674 consequi.

1888 2687 2078 2741 Annon
2112 2688 2303 2743 videtis
2332 2699 2587 2759 quantum
2617 2692 2754 2746 inter
2778 2693 2967 2746 escium
2995 2703 3050 2747 et
3079 2702 3272 2748 terram
3301 2695 3461 2749 inter-

1887 2776 2122 2829 medium
2149 2779 2217 2831 sit
2247 2781 2517 2847 Spatium?
2545 2791 2598 2834 et
2626 2792 2882 2850 quantum
2912 2784 3107 2837 bellum
3149 2783 3460 2851 imntiueatr,

1886 2877 1940 2921 ct
1968 2882 2125 2935 quam
2159 2869 2228 2921 sit
2259 2871 2417 2923 homo
2449 2887 2743 2939 propensus
2769 2873 2840 2926 ad
2867 2876 3088 2941 vitium,
3121 2887 3174 2931 et
3194 2878 3463 2946 quomodo

1888 2972 1987 3012 nos
2009 2959 2313 3012 circumstet
2344 2971 2616 3029 peceatum
2642 3003 2658 3026 ,
2699 2973 2752 3016 et
2785 2980 2942 3032 quam
2991 2967 3142 3020 multi
3190 2969 3243 3022 in
3291 2969 3467 3023 medio

1889 3049 1995 3102 sint
2022 3049 2240 3119 laquei?
2269 3052 2374 3107 Cur
2403 3061 2508 3106 tam
2539 3054 2734 3109 multas
2777 3071 2904 3125 ergo
2946 3072 3104 3110 curas
3147 3061 3465 3115 attrabimus

1889 3146 2040 3192 extra
2069 3142 2330 3195 naturalia
2369 3152 2421 3197 et
2466 3144 2622 3197 nobis
2667 3145 2813 3212 plura
2861 3147 3176 3203 exhibemus
3217 3151 3463 3217 negotia,

1890 3231 2193 3298 majoraquc
2225 3231 2548 3300 imponimus
2575 3237 2776 3288 onera?
2810 3254 2912 3290 non
2946 3240 3137 3292 sufﬁcit
3165 3242 3364 3295 ventris
3412 3251 3468 3296 et

1890 3321 2116 3373 vestium
2139 3330 2192 3375 et
2217 3323 2409 3377 domus
2435 3340 2617 3378 curam
2646 3328 2876 3394 gerere?
2909 3345 3011 3380 non
3041 3330 3234 3382 sullicit
3261 3332 3464 3386 sollici-

1891 3412 2016 3465 tudo
2043 3412 2108 3465 de
2139 3413 2204 3466 iis
2229 3399 2350 3481 quze
2375 3425 2499 3469 sunt
2540 3417 2882 3470 necessaria?
2924 3420 3252 3485 Quamquam
3301 3423 3464 3474 etiam

1887 3503 1956 3553 ab
1987 3503 2048 3555 iis
2077 3519 2173 3557 nos
2196 3506 2414 3558 abduxit
2441 3506 2702 3571 Christus,
2735 3509 2918 3562 dicens
2953 3529 2965 3562 :
3004 3509 3084 3563 Ne
3112 3512 3312 3564 solliciti
3355 3513 3467 3567 sitis

1887 3595 2071 3647 animo;
2095 3607 2268 3648 vestra:
2293 3597 2413 3663 quid
2441 3598 2714 3651 comedatis
2741 3639 2753 3660 ,
2808 3615 2962 3666 neque
3009 3601 3210 3666 corpori
3258 3614 3419 3656 vestro
3445 3645 3460 3667 ,

1887 3685 2008 3749 quid
2029 3686 2310 3740 induamini
2346 3687 2569 3756 (Matth.
2605 3693 2654 3745 6.
2683 3690 2810 3758 9.5).
2839 3690 2891 3743 Si
2923 3699 3098 3742 autem
3120 3698 3188 3744 de
3215 3691 3464 3745 alimento

1889 3777 2190 3828 necessario
2212 3786 2266 3829 et
2286 3776 2598 3830 indumento
2629 3794 2732 3831 non
2759 3789 2969 3846 oportet
3008 3795 3128 3832 esse
3165 3781 3420 3835 sollicitos
3446 3823 3460 3845 ,

1889 3881 2060 3934 neque
2087 3868 2151 3918 de
2178 3867 2263 3920 die
2289 3869 2529 3935 sequenti
2577 3883 2593 3919 :
2637 3869 2723 3935 qui
2776 3879 2879 3921 tam
2932 3871 3147 3922 multam
3192 3871 3465 3923 attrahunt

1889 3955 2202 4024 farraginem
2234 3973 2293 4008 ac
2322 3957 2623 4024 congeriem
2651 3999 2664 4017 ,
2694 3969 2748 4010 et
2777 3959 2981 4025 seipsos
3003 3959 3255 4023 obruunt,
3288 3974 3457 4027 quan-

1887 4046 1954 4098 do
1981 4057 2228 4112 potcrunt
2253 4049 2569 4115 etnergere?
2600 4049 2705 4099 Bon
2759 4048 2964 4100 audiisti
3013 4049 3229 4101 l'aulum
3279 4051 3463 4103 dicen-

1889 4146 1992 4190 tcnt
2028 4155 2038 4188 :
2074 4138 2233 4188 Nemo
2286 4140 2508 4191 militans
2555 4141 2844 4207 implicatur
2894 4143 3044 4208 ltttjtts
3089 4143 3202 4193 vita:
3252 4143 3461 4210 negotiis

1889 4229 1977 4294 (ἓξ.
2009 4228 2140 4278 'l'im.
2168 4229 2217 4278 ‘2.
2254 4229 2286 4280 4
2309 4228 2360 4292 )‘t
2382 4226 2488 4279 Nos
2518 4237 2697 4281 autem
2729 4240 2782 4282 et
2813 4230 3015 4282 deliciis
3042 4247 3254 4297 operam
3273 4232 3460 4283 damus

1887 4329 1940 4373 et
1970 4320 2136 4371 ventri
2177 4319 2508 4386 indulgemus
2551 4329 2602 4371 ct
2647 4320 3006 4384 incbriamur,
3053 4331 3106 4374 et
3159 4336 3252 4388 pro
3302 4323 3462 4374 rebus

1888 4409 2099 4475 quidem
2134 4410 2368 4463 externis
2405 4408 2708 4477 afﬂigimur,
2746 4410 2797 4462 in
2840 4410 2996 4463 rebus
3028 4419 3202 4464 autem
3233 4411 3474 4463 etclestio-

1889 4499 1986 4552 bus
2013 4501 2202 4552 molles
2231 4516 2413 4553 sumus
2442 4511 2490 4554 et
2522 4501 2832 4553 eﬂ'eminati.
2866 4505 2943 4554 An
2976 4503 3192 4555 neseitis
3210 4503 3350 4570 quod
3373 4517 3462 4555 Stt-

1889 4605 1981 4658 pra
2013 4589 2279 4644 hominem
2307 4601 2387 4642 cst
2417 4591 2742 4656 promissio?
2773 4591 2885 4643 Non
2917 4593 3041 4643 licet
3089 4592 3232 4643 bumi
3282 4593 3459 4658 ingrc~

1889 4684 2050 4736 dicnti
2077 4682 2190 4735 Ca'li
2221 4680 2480 4748 fastigium
2511 4681 2798 4735 ascendere
2828 4699 2839 4732 :
2875 4698 2970 4735 nos
2993 4695 3169 4736 autem
3203 4698 3305 4735 non
3353 4694 3462 4736 stu-

1889 4773 2074 4826 demus
2123 4772 2302 4823 vivere
2358 4771 2646 4823 secundum
2701 4771 3004 4838 hominem,
3053 4774 3145 4827 sed
3189 4783 3244 4827 et
3293 4774 3463 4828 brutis

1888 4861 2166 4916 evadimus
2212 4860 2525 4914 deteriores.
2571 4860 2794 4916 Nescitis
2839 4879 3017 4918 coram
3067 4880 3172 4931 quo
3211 4865 3459 4917 sistcmur

1892 4950 2182 5005 tribunali?
2208 4966 2384 5003 annon
2412 4953 2656 5019 cogitatis
2682 4953 2819 5022 quod
2853 4963 2907 5008 et
2933 4955 3212 5007 verborum
3242 4963 3295 5007 et
3317 4956 3459 5021 cogi-

1892 5043 2145 5095 tationum
2172 5056 2199 5093 a
2229 5041 2382 5094 nobis
2409 5042 2650 5110 exigetur
2685 5044 2818 5096 ratio
2841 5083 2856 5107 ,
2904 5052 2957 5096 et
2997 5058 3064 5094 ne
3109 5057 3198 5096 res
3244 5043 3457 5110 quidem

1889 5133 2174 5186 curamus?
2208 5132 2306 5197 Qui
2333 5133 2473 5185 enim
2504 5135 2700 5201 aspexit
2727 5133 2985 5185 mulierem
3013 5133 3080 5185 ad
3103 5133 3461 5201 concupiscen-

1891 5221 2009 5272 dum
2035 5238 2161 5284 eam,
2184 5223 2294 5289 jam
2314 5231 2386 5274 est
2414 5223 2687 5276 moechatus
2717 5223 2734 5291 (
2763 5221 2946 5276 Matth.
2975 5224 3027 5277 5.
3049 5223 3179 5292 28).
3222 5223 3327 5278 Sed
3370 5225 3461 5276 ἰιι-

1893 5327 2012 5364 tuen
2043 5311 2128 5378 qui
2158 5310 2318 5363 etiam
2363 5313 2561 5366 curiosi
2603 5322 2846 5380 aspectus
2890 5313 3120 5367 reddunt
3163 5314 3454 5377 rationem,

1893 5414 1996 5452 neu
2023 5409 2268 5452 recusant
2292 5401 2375 5454 vel
2400 5401 2449 5453 in
2480 5402 2594 5468 ipso
2623 5411 2926 5470 putrescere
2967 5412 3206 5471 peccato.
3252 5402 3348 5468 Qui
3373 5403 3457 5455 di-

1893 5491 1956 5542 cit
1980 5488 2127 5561 fratri
2162 5507 2274 5556 suo,
2305 5493 2490 5556 Stulte,
2518 5493 2862 5546 deturbabitur
2890 5494 2942 5546 in
2970 5495 3247 5562 gehennam
3274 5496 3291 5558 (
3319 5493 3455 5546 Ibid.

1893 5596 1939 5632 υ.
1970 5581 2040 5633 2'2.
2065 5580 2103 5646 ).
2134 5580 2240 5634 Nos
2269 5593 2443 5636 autem
2470 5583 2872 5636 innumerabilia
2904 5583 3174 5652 probra-in
3205 5600 3298 5637 eos
3344 5593 3457 5637 tor-

1894 5689 2057 5744 quere
2079 5713 2094 5739 ,
2125 5684 2178 5728 et
2206 5675 2348 5729 varie
2377 5679 2454 5732 cis
2477 5675 2712 5731 insidiari
2742 5694 2846 5730 non
2879 5675 3204 5731 desistimus.
3232 5674 3330 5739 Qui
3360 5677 3462 5730 di—
