4066 6348
636 338 747 395 36'!

637 451 755 524 liglt
775 451 1082 523 diligentem
1107 491 1122 514 ,
1153 465 1258 505 non
1287 451 1406 521 plus
1431 451 1590 505 habet
1616 463 1777 519 quam
1802 448 2083 503 ethnicus:
2118 462 2217 502 nos

638 553 820 599 autem
858 543 940 599 eis
968 558 1179 614 quoque
1206 542 1526 598 invidemus.
1565 541 1863 607 Quamnam
1907 555 2035 609 ergo
2082 554 2213 593 con-

637 646 931 701 eequemnr
958 636 1165 688 veniam
1186 674 1203 699 ,
1236 632 1451 704 quando
1477 642 1657 686 vetera
1683 629 1816 699 jussi
1840 639 1988 698 septa
2027 630 2219 683 transi-

644 721 776 786 lire,
805 730 1041 775 nostram
1082 723 1204 776 vita:
1249 721 1469 790 agenda:
1496 720 1759 774 rationem
1791 719 1951 773 etiam
2002 719 2215 772 illorum

642 825 891 865 mensura
920 812 1254 867 couteximus
1288 811 1549 864 minorem
1573 808 1596 861 τ
1618 822 1859 877 quaenam
1890 822 1988 861 nos
2027 808 2217 876 eripiet

642 901 853 954 oratio?
878 900 1000 967 quis
1022 900 1178 954 nobis
1204 900 1376 953 aderit
1399 940 1415 963 ,
1448 908 1503 953 et
1527 914 1685 966 opem
1723 896 1863 953 feret
1892 898 2020 951 dum
2058 896 2220 950 casti-

640 989 870 1062 gamur‘l
891 988 1118 1054 Nullus,
1146 988 1240 1043 sed
1268 1003 1493 1042 necesse
1526 982 1611 1042 ést
1650 989 1871 1041 omnino
1922 982 2214 1055 ejulsntes,

644 1081 907 1150 lugentes,
931 1078 1182 1132 dentibus
1203 1077 1495 1132 frementes
1518 1118 1534 1141 ,
1582 1076 1859 1130 tormentis
1907 1076 2169 1129 cruciatos
2198 1113 2215 1140 ,

640 1170 833 1225 abduci
858 1157 918 1223 in'
936 1169 1055 1223 illas
1078 1168 1192 1223 luce
1217 1178 1465 1222 carentes
1498 1167 1766 1231 tenebras,
1792 1167 1842 1219 in
1870 1165 2083 1220 dolores
2106 1166 2214 1219 iue-

638 1260 906 1325 vitabiles,
934 1261 986 1313 in
1016 1274 1200 1328 paruas
1246 1257 1631 1313 intolerabiles.
1685 1256 2040 1322 Quamobrem
2087 1270 2217 1324 rogo

639 1359 695 1406 et
719 1352 963 1413 obsecro.
994 1360 1049 1404 et
1078 1358 1255 1403 vestra
1283 1348 1693 1417 apprehendens
1717 1362 1887 1415 genua
1934 1345 2176 1413 supplico
2195 1386 2213 1410 ,

639 1441 814 1495 donec
839 1440 1097 1495 habemus
1124 1443 1225 1494 hoc
1275 1453 1496 1507 parvum
1546 1438 1667 1490 vita:
1714 1437 1997 1500 viaticum,
2048 1445 2102 1487 ut
2151 1435 2215 1488 iis

638 1546 758 1601 qua:
777 1530 921 1585 dicta
942 1540 1067 1585 sunt
1089 1544 1514 1599 compungamur
1531 1568 1547 1592 ,
1580 1536 1958 1583 convertamur
1974 1568 1989 1589 ,
2022 1525 2214 1580 redda-

643 1638 764 1679 mur
790 1623 1041 1678 meliores
1065 1639 1080 1674 τ
1111 1636 1198 1685 ne,
1227 1620 1366 1674 sicut
1388 1620 1477 1673 ille
1504 1619 1673 1683 dives,
1704 1618 1957 1670 inutiliter
1985 1617 2093 1670 illic
2138 1616 2217 1669 la-

644 1724 948 1769 mentemur
966 1727 1088 1767 cum
1117 1711 1541 1774 excesserimus,
1597 1719 1650 1763 ct
1688 1707 2012 1769 defleamus;
2057 1706 2211 1759 ﬂetus

638 1822 720 1842 —

643 1993 767 2049 Car.
800 1992 886 2047 l6.
922 2008 972 2046 ν.
1005 1992 1056 2047 l.
1090 1991 1169 2046 De
1204 1989 1428 2044 collectis
1475 1996 1641 2041 autent
1683 2002 1795 2053 quae
1830 1987 1957 2054 [inut
1996 1987 2047 2038 in
2096 2002 2220 2039 san-

713 2095 841 2148 ctos,
864 2084 991 2137 sicut
1008 2081 1238 2136 ordinanti
1264 2079 1501 2133 Ecclesiis
1521 2077 1737 2133 Galatia
1754 2119 1769 2143 ,
1794 2080 1866 2130 ita
1891 2087 1939 2129 ct
1964 2091 2046 2128 vos
2074 2077 2224 2141 facile

713 2190 804 2246 per
828 2188 986 2226 unum
1009 2170 1227 2226 sabbati.

717 2268 774 2319 1.
802 2262 1058 2318 Absoluta
1084 2261 1326 2315 oratione
1350 2259 1419 2313 de
1452 2255 1795 2327 dogmatibus
1815 2295 1831 2320 ,
1878 2267 2227 2323 aggressurus

648 2370 767 2409 eam
792 2368 913 2423 quae
938 2354 1106 2421 magis
1136 2358 1342 2418 spectat
1367 2346 1433 2402 ad
1461 2361 1657 2409 mores,
1691 2344 1869 2398 missis
1900 2345 2225 2411 aliis,proce-

648 2444 728 2498 dit
755 2442 822 2497 ad
846 2455 1115 2495 summm
1145 2439 1437 2498 bonorum,
1466 2436 1625 2490 verba
1665 2434 1863 2489 faciens
1890 2434 1957 2489 de
1986 2435 2223 2489 elecmoo

648 2549 802 2606 qua.
855 2531 962 2585 Sed
1010 2545 1129 2585 cum
1177 2530 1245 2584 de
1290 2544 1359 2583 eo
1401 2528 1518 2582 solo
1565 2527 1943 2587 disseruisset,
1990 2525 2223 2589 desinit;

652 2637 973 2693 quamquam
998 2635 1258 2689 nusquam
1289 2620 1390 2673 hoc
1422 2621 1545 2674 feeit
1567 2658 1583 2681 ,
1619 2618 1713 2671 sed
1749 2617 1818 2671 de
1844 2617 2180 2684 eleemosyna
2206 2654 2223 2678 ,

652 2712 720 2767 de
750 2712 1123 2781 temperantia,
1155 2711 1222 2764 de
1252 2708 1660 2763 mansuetudine
1688 2748 1705 2773 ,
1752 2706 1819 2759 de
1870 2701 2121 2769 lenitate,
2160 2704 2230 2759 de

655 2804 905 2874 patientia
926 2804 1101 2872 deque
1130 2802 1249 2855 aliis
1280 2801 1526 2853 nnmibus
1554 2797 1768 2852 disserit
1796 2797 1847 2850 in
1878 2796 1998 2851 aliis
2019 2796 2227 2865 Episto-

655 2895 720 2947 lis
746 2896 799 2946 in
831 2894 954 2947 line.
979 2893 1156 2957 Quare
1182 2907 1308 2959 ergo
1350 2892 1468 2959 ejus
1515 2888 1655 2959 quod
1694 2897 1897 2956 spectat
1939 2886 2004 2941 ad
2048 2902 2229 2941 mores

656 2982 791 3035 hanc
821 2980 988 3034 solam
1038 2979 1124 3033 hic
1175 2988 1365 3032 tractat
1410 2976 1655 3045 partem?
1702 2976 1961 3041 Quoniam
2000 2990 2184 3029 eorum
2211 3016 2227 3037 ,

651 3088 770 3141 qua:
800 3072 944 3141 prius
973 3072 1114 3125 dicta
1135 3082 1279 3134 sunt,
1308 3070 1453 3137 plura
1481 3069 1648 3137 magis
1679 3068 2007 3135 pertinebant
2028 3065 2091 3117 nd
2117 3080 2229 3119 mo-

658 3177 745 3216 res
768 3202 783 3225 ,
820 3178 915 3231 per
968 3176 1089 3230 quae
1130 3161 1405 3229 castigavit
1435 3161 1805 3214 fornicatorem
1832 3198 1847 3222 ,
1879 3174 1970 3227 per
1995 3174 2113 3227 qua:
2138 3173 2231 3210 cos

657 3254 937 3307 admonuit
973 3252 1062 3322 qui
1106 3252 1236 3307 furis
1266 3252 1467 3322 judicio
1506 3251 1932 3313 contendebant,
1982 3265 2077 3316 per
2114 3264 2233 3316 quae

661 3345 853 3397 terruit
890 3344 1131 3399 ebriosos
1154 3353 1209 3397 et
1233 3359 1330 3397 eos
1358 3344 1447 3413 qui
1494 3342 1665 3395 ventri
1717 3340 2090 3409 indulgebant,
2140 3355 2233 3407 per

659 3449 780 3502 qua:
799 3449 894 3487 eos
919 3432 1297 3487 condemnavit
1323 3433 1413 3501 qui
1440 3432 1757 3487 seditionem
1784 3430 2081 3499 agitabant,
2106 3444 2235 3482 con-

662 3523 994 3588 tendebant,
1043 3518 1514 3593 magistratumqne
1564 3534 1619 3578 et
1662 3524 1881 3591 imperia
1923 3522 2233 3583 ambibaut,

666 3628 760 3681 pt-r
790 3627 909 3680 qua:
939 3626 1053 3676 eos,
1083 3613 1172 3683 qui
1208 3614 1423 3682 indigne
1452 3612 1779 3667 accedebant
1826 3611 1892 3663 ad
1940 3611 2192 3681 mysteria
2218 3650 2233 3674 ,

664 3702 737 3755 illi
768 3702 1104 3758 in'olernndo
1131 3704 1349 3757 tradidit
1379 3703 1643 3772 supplicio
1665 3745 1677 3764 ,
1708 3718 1802 3771 per
1834 3717 1953 3769 qum
1986 3701 2241 3753 disseruit

663 3790 732 3845 de
775 3792 1017 3844 caritate.
1058 3792 1344 3861 Propterea
1372 3792 1487 3859 ejus
1517 3792 1691 3845 solum
1719 3790 1959 3843 meminit
1987 3805 2100 3857 quo
2124 3802 2239 3841 rna-

667 3878 810 3933 xime
852 3895 987 3948 opus
1028 3880 1285 3945 habebat,
1333 3896 1528 3949 nempe
1577 3882 1694 3945 Opis
1743 3879 1975 3933 ferenda:
2018 3878 2239 3931 sanctis.

667 3969 804 4023 Vide
847 3980 1026 4024 autem
1070 3970 1189 4039 ejus
1231 3970 1506 4023 solertiam
1536 3985 1551 4024 :
1584 3969 1796 4037 quando
1847 3972 1926 4022 eis
1982 3968 2244 4037 persuasit

671 4062 1142 4123 resurrectionem,
1175 4076 1371 4129 eosque
1402 4062 1525 4113 fecit
1558 4061 1916 4126 promptiores
1964 4069 2018 4113 et
2065 4058 2244 4111 animo

667 4151 980 4215 alacriores,
1008 4161 1131 4204 ttmc
1158 4150 1373 4205 demum
1402 4150 1468 4203 de
1490 4166 1557 4204 eo
1583 4164 1793 4219 quoque
1822 4149 2052 4205 disserit.
2089 4148 2243 4213 Atqui

667 4240 735 4294 de
765 4239 849 4293 his
884 4255 1096 4309 quoque
1140 4249 1297 4292 antea
1338 4238 1618 4301 disseruit,
1651 4238 1864 4307 quando
1892 4237 2104 4291 dicebat
2136 4254 2147 4286 :
2183 4236 2244 4289 Si

671 4347 761 4383 nos
785 4330 920 4383 vobis
950 4330 1235 4398 spiritantia
1260 4329 1643 4391 seminavimus,
1672 4342 1911 4397 magnum
1942 4336 2009 4380 est
2028 4368 2044 4389 ,
2071 4326 2114 4379 si
2157 4341 2247 4377 nos

671 4429 832 4473 vestra
856 4420 1085 4472 carnalia
1112 4420 1341 4471 metimus
1381 4419 1473 4485 (Ι.
1521 4418 1638 4470 Cor.
1681 4419 1737 4471 9.
1786 4419 1843 4469 ll
1870 4418 1924 4481 );
1974 4426 2067 4477 et,
2124 4415 2250 4479 Quis

673 4510 871 4577 plantat
904 4512 1097 4564 vineam
1118 4550 1130 4571 ,
1164 4519 1208 4561 el
1233 4510 1294 4560 de
1320 4509 1487 4575 fructu
1514 4507 1621 4575 ejus
1649 4522 1750 4558 non
1772 4505 1871 4559 edit
1895 4504 2055 4573 (Ibid.
2088 4520 2135 4557 υ.
2162 4505 2252 4563 7)?

670 4601 776 4656 Sed
803 4600 1055 4669 quoniam
1085 4599 1353 4667 praeclarae
1371 4597 1527 4665 hujus
1556 4595 1780 4650 actionis
1802 4604 2017 4649 noverat
2045 4593 2249 4663 magni-

676 4689 912 4743 tudinem
930 4729 947 4754 ,
975 4703 1082 4741 non
1106 4699 1313 4740 recusat
1345 4688 1444 4740 hoc
1468 4702 1677 4755 quoque
1709 4686 1905 4740 addere
1932 4685 2020 4738 lini
2051 4686 2252 4753 episto‘

677 4782 762 4834 Ite.
795 4789 972 4845 Δηιαν
996 4789 1174 4832 autem
1206 4776 1484 4831 collectam
1532 4786 1723 4841 vocat,
1771 4779 1950 4831 statim
1993 4779 2061 4831 ab
2102 4780 2251 4833 initio

678 4886 791 4924 rem
822 4870 1021 4924 faciens
1050 4872 1221 4923 levem
1255 4885 1270 4921 :
1301 4883 1422 4922 nam
1455 4866 1669 4936 quando
1712 4868 1778 4919 ab
1824 4868 2070 4921 ornatibus
2118 4884 2251 4921 cou-

682 4960 877 5023 fcrtnr,
911 4960 1027 5013 leve
1052 4960 1276 5027 singulis
1304 4972 1385 5012 est
1412 4959 1551 5028 quod
1591 4956 1950 5011 constituitur.
1991 4956 2123 5009 Cum
2160 4973 2253 5011 au-

680 5061 784 5104 tem
812 5049 1036 5103 dixisset
1056 5048 1124 5101 de
1149 5048 1368 5101 collecta
1388 5089 1401 5110 ,
1431 5064 1536 5101 non
1557 5047 1733 5101 statim
1764 5047 1894 5100 dixit
1921 5062 1935 5099 :
1959 5045 2253 5115 Unusquis-

682 5154 788 5207 que
812 5148 1049 5193 vestrum
1078 5137 1215 5205 apud
1237 5151 1296 5191 se
1320 5146 1499 5205 ponat,
1532 5136 1828 5190 recondens
1854 5135 1992 5204 quod
2018 5136 2112 5203 ipsi
2137 5137 2248 5203 pla-

683 5227 891 5287 cuerit;
920 5240 1236 5293 quamquam
1287 5226 1387 5280 hoc
1430 5234 1544 5279 erat
1573 5238 1945 5293 consequens;
1994 5224 2087 5277 sed
2132 5239 2254 5278 com

680 5316 828 5385 ,ηἰιιι
854 5314 1110 5379 dixisset,
1139 5315 1281 5369 Sicut
1306 5316 1540 5368 constitui
1567 5313 1806 5369 Ecclesiis
1837 5314 2053 5368 Galatia
2073 5355 2089 5379 ,
2134 5325 2256 5366 tunc

684 5405 786 5457 hoc
816 5404 1121 5471 subjunxit,
1153 5419 1213 5457 ea
1262 5405 1530 5459 narrando
1569 5420 1687 5473 qua:
1746 5406 1813 5458 ab
1860 5405 1979 5459 aliis
2028 5404 2253 5465 fiebant,

681 5493 915 5547 Studium
942 5493 1074 5561 ipsis
1102 5494 1432 5557 accendens,
1464 5494 1621 5562 idque
1666 5507 1868 5561 ponens
1912 5495 2029 5549 loco
2070 5512 2254 5551 narra-

682 5581 857 5637 tionis.
890 5581 1039 5647 Quod
1065 5584 1224 5637 etiam
1253 5580 1377 5636 fecit
1406 5584 1646 5637 scribens
1686 5583 1753 5636 ad
1796 5583 2079 5638 Rtitnanos.
2127 5586 2254 5640 Ete-

684 5676 793 5728 nim
822 5689 943 5729 cum
986 5674 1090 5729 illis
1119 5674 1387 5729 videretur
1417 5690 1668 5742 narrare,
1700 5690 1795 5729 cur
1834 5675 2256 5744 proﬁcisceretur

1383 333 1442 391 3.
1478 333 1754 392 JOANNIS
1786 334 2253 392 CIIRYSOSTOMI
2296 335 2604 392 MlCHlEP.
2645 338 3168 397 CONSTANTINOP.

2322 458 2501 502 autem
2522 449 2650 503 nihil
2680 450 2836 504 nobis
2866 452 3085 505 remedii
3117 453 3321 509 aﬂ'crat.
3352 453 3482 509 Nam
3529 455 3643 510 sive
3688 465 3881 523 patrati

2323 535 2557 603 habeas,
2590 539 2702 590 sive
2735 538 2938 603 filium,
2969 540 3083 594 sive
3128 546 3365 609 quemvis
3409 542 3573 597 alium
3621 545 3713 609 qui
3760 544 3885 609 apud

2322 627 2489 681 Deum
2526 629 2717 682 habeat
2743 629 3009 695 tiduciam,
3038 647 3194 685 nemo
3220 642 3270 685 te
3298 634 3507 702 eripiet,
3538 649 3659 688 cum
3685 634 3887 701 propria

2323 725 2409 770 tua
2443 717 2578 771 facta
2610 728 2661 771 te
2690 720 2935 786 prodant.
2969 720 3101 774 Tale
3125 732 3205 774 est
3244 724 3382 774 enim
3415 723 3542 776 illud
3586 723 3845 791 judicium
3872 738 3885 773 :

2318 806 2518 876 judicat
2537 811 2711 864 solum
2734 826 2798 864 cx
2824 812 3247 879 operationibus,
3279 828 3375 866 nec
3398 815 3550 869 aliter
3564 816 3671 869 illic
3691 816 3891 868 salvum

2322 914 2441 953 esse
2465 901 2605 954 licet.
2636 901 2759 955 ll;cc
2781 912 2957 955 autem
2986 902 3128 965 dico,
3159 918 3263 956 non
3294 912 3351 955 ut
3397 904 3488 955 tibi
3531 904 3775 959 dolore.
3819 905 3892 957 in-

2321 990 2508 1055 feram,
2536 1007 2639 1045 non
2664 1003 2720 1045 ut
2744 993 2975 1061 injiciam
3005 993 3057 1047 in
3088 994 3535 1060 desperationem,
3563 995 3656 1047 sed
3681 1010 3753 1047 ne
3780 998 3891 1046 ina-

2324 1081 2374 1132 ni
2400 1090 2453 1134 et
2473 1081 2657 1150 frigida
2680 1098 2775 1150 spe
2799 1084 3002 1149 nutriti,
3031 1094 3087 1138 et
3112 1085 3237 1137 huic
3278 1092 3334 1138 et
3378 1083 3449 1137 illi
3490 1084 3717 1137 ﬁdentes
3744 1126 3760 1147 ,
3806 1100 3899 1139 no-

2323 1182 2485 1225 stram
2510 1175 2838 1240 negligatuus
2855 1173 3125 1228 virtutem.
3142 1174 3273 1227 Nam
3303 1174 3347 1226 si
3369 1174 3621 1227 socordes
3644 1172 3900 1227 fuerimus

2321 1277 2383 1315 ac
2409 1264 2765 1331 negligentes,
2805 1278 2909 1316 non
2935 1265 3134 1332 justus,
3165 1280 3271 1319 non
3301 1265 3555 1331 propheta
3580 1305 3595 1327 ,
3622 1278 3731 1318 non
3779 1278 3903 1330 apo-

2323 1353 2492 1405 stolus
2516 1393 2530 1415 ,
2573 1368 2729 1406 nemo
2772 1355 2927 1407 nobis
2964 1355 3176 1407 aderit:
3206 1357 3250 1409 si
3281 1370 3407 1408 vero
3445 1354 3676 1409 studium
3719 1362 3777 1406 et
3819 1353 3902 1406 di-

2320 1442 2588 1510 ligentiam
2616 1441 3041 1507 adhibuerimus,
3072 1460 3139 1497 ex
3162 1446 3411 1513 operibus
3433 1445 3784 1497 suilicientetn
3821 1444 3908 1495 ha-

2320 1531 2510 1584 bentes
2526 1531 2915 1596 defensionem,
2939 1548 3057 1586 cum
3085 1534 3327 1587 liberate
3353 1548 3414 1586 ac
3442 1532 3629 1586 fiducia
3674 1532 3909 1585 fruemur

2320 1620 2480 1671 etiam
2548 1620 2739 1684 bonis,
2794 1637 2911 1690 qua:
2977 1632 3099 1675 sunt
3171 1624 3402 1690 reposita
3454 1623 3520 1675 iis
3585 1622 3673 1690 qui
3728 1622 3896 1675 Deum

2285 1702 2289 1707 ’
2320 1708 2547 1775 diligunt
2592 1726 2605 1762 :
2643 1727 2760 1775 qua:
2800 1712 2956 1764 detur
3002 1712 3153 1766 nobis
3192 1713 3439 1766 omnibus
3476 1713 3774 1781 consequi,
3800 1723 3906 1765 etc.

1944 1818 2557 1929 ΗΟΜΠΔΑ-Χῇἶῐ

2329 1986 2717 2058 Jerosolymam
2740 2030 2757 2053 ,
2788 1992 2866 2045 sic
2896 2005 3200 2047 sermonem
3232 1994 3400 2061 injicit
3427 1994 3495 2047 de
3524 1994 3866 2064 elecmosyna
3896 2012 3908 2047 :

2331 2075 2485 2129 Nunc
2529 2088 2697 2130 autem
2745 2081 2873 2133 uado
2918 2080 3295 2152 Jcrosolgmant
3350 2084 3642 2137 ministram
3700 2085 3909 2136 sanctis.

2342 2164 2513 2219 Visum
2538 2178 2609 2221 est
2636 2170 2768 2221 enim
2800 2170 3113 2226 Macedonia
3147 2184 3195 2227 st
3236 2175 3446 2229 Achaia?
3486 2176 3911 2228 communicatio-

2330 2270 2441 2307 nem
2463 2262 2734 2324 quamdam
2757 2259 2922 2327 [σεεν-ε
2946 2262 2996 2313 in
3024 2279 3265 2331 pauperes
3284 2274 3568 2317 sanctorum
3602 2264 3789 2334 (Rom.
3824 2266 3908 2319 15.

2327 2343 2417 2397 25.
2448 2344 2519 2398 26
2540 2346 2578 2411 ).
2608 2346 2710 2400 Sed
2742 2348 2859 2401 illos
2886 2349 3099 2417 quidem
3128 2366 3221 2417 per
3249 2350 3568 2404 Macedones
3612 2362 3667 2405 et
3716 2352 3913 2405 Corin—

2332 2434 2491 2497 thios,
2523 2435 2618 2487 bos
2644 2447 2819 2489 autem
2850 2442 3009 2490 etiam
3039 2455 3133 2506 per
3156 2439 3369 2493 Galatas
3390 2441 3723 2493 adhortatur.
3760 2441 3911 2494 Sicut

2330 2523 2587 2586 constitui,
2621 2524 2808 2591 iuqttit,
2841 2524 3079 2580 Εεοιειϋε
3104 2526 3358 2591 Galatia,
3401 2530 3471 2579 ita
3514 2539 3558 2579 ct
3603 2544 3691 2581 ros
3738 2530 3909 2598 facile.

2334 2611 2685 2667 Erubuissent
2709 2616 2853 2668 enim
2884 2617 3052 2671 videri
3087 2617 3365 2672 inferiores
3387 2618 3609 2673 Calatis.
3641 2618 3759 2673 Non
3782 2619 3917 2672 dixit

2330 2713 2531 2768 autem,
2564 2704 2717 2759 Suasi
2746 2716 2800 2761 et
2824 2709 3103 2762 consilium
3135 2708 3282 2774 dedi,
3309 2710 3423 2772 sed,
3451 2708 3701 2764 Constitui
3730 2724 3750 2763 :
3776 2710 3917 2777 quod

2332 2792 2544 2859 quidem
2577 2795 2832 2863 majorem
2866 2797 3099 2850 ostendit
3143 2802 3536 2852 auctoritatem.
3586 2799 3774 2869 Neque
3820 2800 3916 2852 ad.

2334 2886 2480 2936 ducit
2512 2900 2670 2937 unam
2689 2927 2703 2950 ,
2735 2895 2828 2939 aut
2853 2887 2983 2941 duas
3008 2899 3100 2941 aut
3140 2901 3249 2943 tres
3276 2892 3521 2945 civitates
3541 2933 3556 2953 ,
3610 2892 3704 2945 sed
3752 2902 3916 2944 totam

2334 2981 2543 3041 gentem
2574 2990 2586 3026 :
2616 2976 2754 3043 quod
2798 2977 3011 3044 quidem
3061 2979 3180 3031 facit
3229 2981 3393 3033 etiam
3440 2981 3490 3033 in
3542 2980 3916 3049 dogmatibus,

2336 3064 2517 3117 dicens
2548 3083 2561 3115 :
2594 3066 2739 3119 Sicut
2765 3078 2811 3120 et
2859 3068 2910 3120 in
2948 3070 3177 3122 ontuilms
3218 3070 3461 3124 Ecclesiis
3506 3082 3825 3124 sanctorum.
3867 3072 3921 3123 Si

2297 3155 2439 3229 'ltnc
2467 3158 2611 3210 enim
2639 3159 2710 3211 ad
2743 3160 2898 3211 lidctn
2943 3160 3235 3214 faciendam
3280 3162 3621 3230 dogmatibus
3665 3173 3749 3216 cst
3795 3164 3919 3215 vali-

2336 3245 2461 3298 dum
2482 3284 2498 3309 ,
2532 3248 2695 3299 multo
2728 3249 2895 3316 magis
2921 3249 2986 3301 ad
3012 3250 3428 3304 :emulationem.
3460 3251 3597 3316 Quid
3626 3267 3759 3321 ergo
3784 3292 3799 3315 ,
3842 3252 3924 3305 die

2338 3351 2519 3403 qumso
2542 3377 2557 3401 ,
2587 3339 2949 3392 constituisti?
2974 3339 3029 3392 2.
3066 3338 3167 3392 Per
3187 3357 3344 3392 unam
3367 3339 3594 3405 sabbati,
3650 3344 3753 3396 hoc
3804 3351 3887 3396 est
3908 3383 3923 3405 ,

2338 3426 2425 3479 die
2454 3426 2743 3492 Dominieo,
2775 3431 3112 3498 unusquisque
3136 3440 3355 3483 oestrum
3379 3430 3519 3499 apud
3543 3445 3596 3483 sc
3616 3441 3924 3499 seponatre-

2339 3519 2557 3570 condens
2594 3520 2733 3587 quod
2758 3522 2804 3572 ei
2828 3523 2964 3575 -benc
3004 3523 3269 3581 placuerit.
3297 3522 3432 3576 Vide
3461 3522 3737 3591 quomodo
3766 3523 3927 3577 etiam

2342 3609 2653 3665 adhortatur
2682 3626 2711 3664 a
2757 3622 2996 3679 tempore
3027 3629 3039 3664 :
3072 3612 3188 3667 dies
3234 3613 3379 3667 enim
3422 3622 3539 3667 erat
3586 3613 3816 3667 idoneus
3866 3613 3931 3665 ad

2342 3715 2435 3754 eos
2460 3700 2800 3755 adducendos
2816 3702 2880 3755 ad
2906 3701 3323 3773 eleenmsynam.
3349 3702 3729 3757 Rccordemini
3759 3702 3928 3765 enim,

2345 3789 2513 3856 inquit
2537 3828 2551 3852 ,
2596 3806 2845 3859 quaenam
2870 3807 2935 3846 eo
2962 3792 3050 3845 die
3078 3793 3394 3861 consequuti
3422 3793 3575 3847 estis.
3607 3792 3756 3846 Bona
3788 3793 3931 3845 enim

2347 3877 2651 3941 incﬁ'nbilia,
2686 3888 2740 3933 et
2770 3880 2917 3933 radix
2952 3889 3009 3933 ct
3046 3881 3251 3934 initium
3298 3881 3421 3934 vita:
3462 3892 3664 3935 nostra:
3712 3881 3803 3934 illa
3847 3881 3934 3935 die

2348 3968 2481 4021 facta
2511 3979 2655 4022 sunt.
2687 3970 2800 4022 Non
2835 3971 2932 4024 hac
2960 3981 3138 4024 autem
3166 3974 3340 4024 solum
3369 3972 3581 4025 ratione
3625 3980 3811 4039 aptum
3856 3984 3935 4025 est

2349 4066 2563 4124 tempus
2593 4059 2658 4110 ad
2720 4059 3097 4128 benignitatem
3146 4070 3393 4129 prompto
3437 4070 3493 4113 et
3541 4060 3706 4113 alacri
3757 4064 3938 4115 animo

2349 4147 2736 4210 exercendam,
2765 4148 2857 4201 sed
2886 4158 2939 4201 et
2970 4149 3109 4217 quod
3137 4149 3331 4202 habeat
3356 4152 3593 4217 quietem
3643 4166 3708 4205 ac
3745 4153 3934 4204 remis-

2350 4237 2552 4290 sionem
2586 4240 3078 4307 immunitatetnque
3108 4251 3158 4293 et
3186 4240 3519 4294 vacationem
3566 4258 3594 4293 a
3641 4242 3933 4294 laboribus.

2349 4323 2479 4378 Nam
2506 4327 2679 4379 anima
2712 4342 2741 4379 a
2770 4327 3040 4382 laboribus
3066 4329 3227 4382 libcn
3254 4330 3498 4383 redditur
3538 4330 3848 4398 expeditior
3888 4338 3939 4382 et

2352 4417 2525 4481 aptior
2553 4416 2618 4468 ad
2648 4417 3030 4471 misereudum.
3068 4419 3147 4471 Ad
3194 4420 3309 4471 haec
3354 4428 3565 4482 autem,
3617 4420 3940 4473 venerandis

2353 4518 2563 4573 quoque
2610 4521 2673 4560 ac
2728 4507 3118 4561 immortalibus
3182 4510 3581 4562 communicare
3632 4512 3936 4581 mysteriis.

2355 4609 2597 4663 magnam
2642 4598 2798 4651 affert
2841 4610 2895 4652 et
2944 4598 3182 4653 immittit
3220 4600 3570 4652 alacritatem.
3603 4598 3670 4653 In
3716 4618 3776 4653 ea
3826 4613 3939 4666 ergo

2355 4688 2690 4755 unusquisque
2713 4698 2931 4741 vestrum
2955 4728 2971 4753 ,
3001 4703 3104 4741 non
3136 4688 3380 4743 absolute
3408 4690 3494 4745 hic
3531 4702 3623 4745 aut
3667 4692 3758 4743 illo
3783 4729 3800 4751 ,
3849 4686 3939 4740 sed

2357 4776 2710 4843 unusquisque,
2740 4778 2851 4831 sive
2881 4778 2949 4830 sit
2974 4793 3194 4847 pauper,
3221 4779 3335 4833 sive
3361 4779 3533 4851 di’es,
3556 4782 3671 4834 sive
3693 4778 3796 4839 vir,
3828 4776 3942 4828 sive

2359 4868 2571 4929 mulier,
2606 4867 2722 4921 sive
2751 4882 2935 4923 servus
2960 4909 2975 4932 ,
3006 4874 3118 4923 sive
3154 4871 3286 4925 liber
3305 4913 3322 4936 ,
3352 4875 3492 4940 apud
3524 4888 3577 4924 sc
3606 4880 3822 4937 reportat
3864 4884 3940 4921 re-

2358 4958 2596 5011 condens.
2628 4957 2739 5011 Non
2771 4958 2922 5023 dixit,
2956 4959 3114 5014 Ferat
3141 4961 3190 5013 in
3238 4962 3526 5015 ecclesiam
3549 4997 3563 5019 ,
3608 4974 3677 5011 ne
3726 4968 3943 5025 propter

2360 5046 2674 5115 paucitatem
2702 5048 3052 5112 erubescant;
3098 5048 3191 5104 sed
3237 5064 3361 5102 cum
3409 5061 3472 5099 ea
3521 5061 3641 5113 qua:
3688 5047 3941 5115 paulatim

2361 5137 2617 5188 accedunt
2647 5137 2698 5190 in
2725 5138 3132 5192 collectionibus
3154 5137 3399 5201 auxerit,
3449 5150 3573 5187 cum
3621 5150 3907 5194 accessero
3926 5178 3941 5201 ,

2364 5236 2484 5277 tunc
2509 5226 2777 5280 ostendat.
2811 5226 3023 5282 Interim
3054 5236 3233 5278 autem
3256 5264 3272 5287 ,
3325 5225 3533 5293 inquit,
3576 5226 3721 5295 apud
3770 5240 3825 5283 te
3868 5243 3947 5283 se-

2362 5329 2517 5382 pone,
2552 5326 2606 5369 et
2632 5315 2847 5369 domum
2871 5325 3011 5369 tuam
3044 5312 3127 5365 fac
3156 5313 3438 5367 ecclesiam
3460 5356 3474 5379 ,
3502 5318 3742 5370 arculam
3786 5332 3943 5385 gazo-

2362 5403 2660 5473 phylacium
2697 5425 2709 5459 :
2741 5414 2855 5458 este
2884 5411 3063 5457 custos
3111 5416 3277 5455 sacra;
3322 5408 3603 5473 pecunias,
3657 5423 3686 5460 a
3736 5418 3789 5460 te
3833 5406 3945 5473 ipso

2362 5493 2633 5549 ordinatus
2662 5495 2998 5561 dispensator
3029 5506 3339 5559 pauperum.
3391 5495 3701 5564 Beuignitas
3746 5504 3802 5546 et
3854 5492 3942 5546 hn-

2366 5586 2589 5639 manitas
2615 5585 2705 5637 dat
2737 5584 2826 5635 tibi
2859 5582 2958 5635 hoc
2987 5583 3365 5637 sacerdotium.
3408 5584 3577 5651 llujus
3615 5592 3698 5643 est
3726 5582 3943 5651 symbo-

2368 5678 2472 5730 lum
2501 5694 2560 5731 ac
2592 5675 2799 5741 signum
2827 5671 2966 5740 quod
3012 5688 3149 5728 nunc
3194 5684 3275 5729 est
3322 5673 3788 5744 gazophylacium.
3847 5671 3945 5729 Sed
