4060 6346
574 281 684 339 369

566 392 754 465 σύνην.
788 394 987 448 Τούτου
1022 394 1290 466 σύμεολόν
1339 398 1457 451 ἐστι
1502 400 1595 453 καὶ
1632 400 1694 453 τὸ
1742 402 2137 473 γαζοφυλάκιον

562 484 680 539 νῦν.
728 486 888 536 Ἀλλὰ
916 484 976 536 τὸ
1018 483 1117 553 μὲν
1148 484 1416 553 σύμϐολον
1449 487 1623 557 μένει,
1665 489 1725 542 τὸ
1754 490 1809 542 δὲ
1839 491 1999 561 ἔργον
2041 495 2129 546 οὐ·

562 576 757 646 δαμοῦ.
785 575 894 628 Καὶ
918 572 1033 628 οῖδα
1076 576 1175 644 μὲν
1219 577 1302 630 ὅτι
1346 577 1531 631 πολλοὶ
1562 579 1673 632 τῶν
1702 581 2131 652 συνεδρευόντων

562 668 724 721 πάλιν
757 669 886 735 ἡμῖν
919 666 1326 733 ἐγκαλέσωσιν,
1359 667 1489 721 ὅταν
1521 669 1662 739 ὑπὲρ
1706 669 1911 725 τούτων
1952 672 2131 725 διαλε-

562 755 787 825 γώμεθα
816 755 1067 823 λέγοντες
1092 773 1107 788 ·
1139 756 1231 826 Μὴ
1252 795 1268 820 ,
1306 758 1631 827 παρακαλῶ,
1662 759 1738 831 μὴ
1768 762 1919 826 γίνου
1948 778 2133 829 φορτι-

565 846 658 909 κὸς
690 847 781 899 καὶ
806 847 1049 918 ἐπαχθὴς
1076 850 1190 909 τοῖς
1219 848 1507 901 ἀκούουσιν
1530 865 1549 879 ο
1576 850 1870 919 ἐπίτρεψον
1898 854 1963 922 τῇ
1998 869 2131 922 προ-

562 934 790 1004 αιρέσει,
820 935 907 997 δὸς
939 939 1007 1006 τῇ
1046 937 1237 1007 γνώμη
1282 936 1390 990 τῶν
1432 937 1736 991 ἀιωυόντων
1760 955 1775 969 ο
1811 939 1887 1002 ώς
1929 940 2024 993 νῦν
2062 956 2129 1008 γε

564 1026 942 1095 καταισχύνεις
983 1028 1165 1096 ἡμᾶς,
1210 1028 1465 1099 ἐρυθριᾷν
1498 1033 1672 1092 ποιεῖς
1697 1047 1708 1058 ·
1748 1031 1864 1083 ἀλλ’
1910 1032 2011 1085 οὐκ
2038 1032 2132 1083 ἀν-

561 1113 757 1182 έχομαι
776 1113 981 1166 τούτων
995 1114 1102 1167 τῶν
1130 1115 1322 1182 λόγων.
1355 1116 1488 1169 Οὐδὲ
1502 1116 1618 1187 ’γὰρ
1640 1118 1846 1182 Παῦλος
1868 1118 2133 1189 ᾐσχύνετο

564 1206 705 1276 ὑπὲρ
734 1205 992 1260 τοιούτων
1017 1206 1254 1275 συνεχῶς
1284 1206 1538 1277 ἐνοχλῶν,
1568 1207 1665 1261 καὶ
1695 1207 2134 1275 προσαιτούντων

561 1296 935 1364 φθεγγόμενος
965 1297 1209 1367 ῥήματα.
1257 1298 1322 1350 Εἰ
1355 1298 1454 1367 μὲν
1480 1298 1589 1368 γὰρ
1615 1298 1772 1350 τοῦτο
1808 1296 2019 1365 έλεγον,
2051 1300 2134 1351 ὃτι

576 1385 728 1454 Ἐμοὶ
761 1384 847 1448 δδς
878 1387 973 1440 καὶ
1000 1389 1081 1449 εἰς
1116 1387 1214 1456 τὴν
1246 1388 1387 1457 ἐμὴν
1418 1387 1653 1448 κατάθες
1674 1387 1873 1453 οἰκίαν,
1913 1388 2040 1450 ἴσως
2067 1388 2137 1441 ἂν

560 1478 823 1547 αἰσχύνης
847 1475 916 1549 ἦν
943 1479 1003 1532 τδ
1036 1480 1331 1548 λεγόμενον
1350 1495 1365 1510 ο
1401 1479 1601 1547 μᾶλλον
1634 1480 1691 1533 δὲ
1728 1480 1848 1531 οὐδέ
1881 1479 2001 1531 τότε
2028 1494 2043 1508 ο
2069 1481 2133 1532 θί

561 1568 672 1638 γὰρ
714 1567 794 1633 τῷ
831 1570 1260 1637 θυσιαστηρίῳ,
1303 1569 1458 1639 φησι,
1494 1569 2019 1639 προσεδρεύοντες,
2053 1568 2134 1633 τῷ

562 1660 972 1725 θυσιαστηρίῳ
993 1660 1447 1727 συμμερίζονται

633 1768 700 1837 β’·
732 1768 878 1837 Πλὴν
897 1768 1011 1822 ἀλλ’
1037 1769 1164 1832 ἴσως
1182 1771 1246 1823 ἀν
1273 1788 1356 1833 τις
1376 1772 1819 1842 ἐπετίμησεν,ώς
1836 1773 1977 1841 ὑπὲρ
2005 1774 2133 1824 ἐαυ-

562 1851 657 1905 τοῦ
687 1853 993 1923 ποιουμένῳ
1022 1854 1113 1906 τὸν
1129 1856 1314 1923 λόγον’
1350 1858 1444 1910 νῦν
1474 1859 1529 1910 δὲ
1563 1859 1704 1929 ὑπὲρ
1730 1860 1837 1911 τῶν
1866 1860 2136 1929 δεομένων

562 1942 661 2012 τὴν
696 1944 971 2011 ἱκετηρίαν
996 1944 1204 2013 τίθημι,
1240 1948 1440 2014 μᾶλλον
1467 1948 1521 1999 δὲ
1547 1950 1643 2017 οὐχ
1674 1940 1814 2017 ὺπέρ
1840 1950 1949 2001 τῶν
1976 1948 2136 2017 δεομέ

564 2050 689 2099 νων,
716 2035 831 2087 ἀλλ’
870 2035 1011 2104 ὑπὲρ
1032 2034 1189 2104 ὐμῶν
1214 2037 1322 2088 τῶν
1357 2038 1703 2105 παρεχόντων
1721 2054 1735 2067 ·
1764 2037 1846 2090 διδ
1865 2038 1961 2090 καὶ
1990 2040 2134 2108 παῤ-

564 2126 913 2195 ρησιάζομαι.
942 2126 1217 2194 Ποία-γὰρ
1238 2126 1467 2195 αἰσχύνη
1499 2128 1693 2193 εἰπεῖν,
1721 2127 1817 2189 Δὸς
1848 2127 1925 2196 τῷ
1947 2128 2138 2199 Κυρίῳ

564 2217 840 2281 πεινῶντι,
872 2216 1091 2269 ἑνδυσον
1123 2217 1284 2268 αὐτὸν
1306 2216 1512 2286 γυμνὸν
1540 2220 1841 2288 περιιόντα,
1882 2221 2135 2285 ὑπόδεξαι

564 2305 712 2369 ξένον
735 2306 898 2370 δντα;
947 2305 1006 2357 'O
1031 2305 1307 2373 Δεσπότης
1338 2323 1430 2358 σου
1458 2309 1558 2359 οὐκ
1586 2308 1898 2377 αἰσχύνεται
1926 2311 2020 2361 ἐπὶ
2038 2311 2135 2379 τῆς

561 2394 888 2465 οἰκουμένης
919 2393 1091 2447 ταῦτα
1110 2394 1283 2462 λέγων
1302 2410 1317 2423 ο
1359 2396 1705 2461 Ἐπείνασα,
1735 2398 1829 2449 καί
1854 2400 1965 2451 οὐκ
1991 2398 2137 2451 ἐδώ-

564 2486 708 2539 κατέ
731 2503 833 2553 μοι
876 2485 1117 2553 φαγεῖνο
1162 2489 1190 2538 ό
1224 2485 1474 2555 ἀνενδεὴς
1506 2488 1598 2538 καὶ
1629 2488 1857 2558 μηδενὸς
1886 2476 2131 2557 χρῄζων·

565 2578 659 2629 καὶ
705 2576 816 2643 ἐγὼ
859 2575 1220 2647 αἰσχυνοῦμαι
1262 2579 1355 2632 καὶ
1385 2579 1637 2647 όκνήσω;
1677 2580 1922 2646 Ἀπαγε’
1956 2578 2135 2630 διαϐο-

564 2666 720 2733 λικῆς
749 2663 1039 2734 ἐπιϐουλῆς
1072 2665 1212 2733 αῦτη
1251 2666 1561 2736 ήαίσχύνη,
1598 2665 1670 2715 Οὐ
1702 2666 1881 2715 τοίνυν
1914 2668 2133 2735 αἰσχυν-

564 2755 819 2824 θήσομαι,
853 2754 988 2807 άλλά
1033 2754 1125 2806 καὶ
1171 2753 1310 2821 μετά
1352 2754 1663 2821 παρρησίας
1704 2754 1831 2823 ἐρῶ·
1873 2754 2000 2805 Δότε
2026 2758 2136 2817 τοῖς

560 2845 853 2915 δεομένοις,
889 2845 981 2897 καὶ
1011 2843 1148 2913 μετά
1185 2844 1448 2906 πλείονος,
1478 2844 1511 2913 ἢ
1556 2846 1606 2895 οἱ
1635 2844 1896 2910 δεόμενοι,
1927 2846 2133 2914 φωνῆς.

564 2935 626 2986 Εἰ
655 2935 753 3002 μὲν
777 2933 886 3002 γὰρ
909 2932 1020 3000 ἔχει
1056 2948 1141 2993 τις
1166 2931 1333 2995 δεῖξαι
1365 2933 1459 2985 καὶ¹
1486 2933 1723 3000 ἐλέγξαι,
1746 2936 1827 2987 ὅτι
1854 2936 2023 2988 ταῦτα
2053 2936 2136 2989 λέ-

563 3040 772 3090 γοντες,
806 3023 939 3091 πρὸς
962 3023 1188 3085 ἑαυτοὺς
1207 3022 1350 3091 ὑμᾶς
1374 3022 1628 3092 ἕλκομεν,
1662 3025 1754 3076 καὶ
1788 3029 2138 3095 προσχήματι

562 3113 670 3165 τῶν
705 3115 951 3183 πενήτων
982 3114 1134 3165 αὐτοί
1177 3113 1549 3183 κερδαίνομεν,
1585 3116 1685 3167 οὐκ
1718 3117 1979 3187 αἰσχύνης
2012 3118 2138 3181 ἄξια

562 3204 734 3257 ταῦτα
765 3205 943 3273 μόνον,
986 3203 1123 3256 ἀλλά
1160 3206 1251 3255 καὶ
1309 3204 1516 3273 μυρίων
1558 3208 1861 3273 κεραυνῶν,
1893 3213 1985 3260 καὶ
2016 3210 2138 3263 οὐδέ

564 3294 662 3366 ζῇν
708 3297 855 3360 ἄξιον
888 3296 1011 3357 τοὺς
1040 3295 1107 3347 τὰ
1140 3294 1363 3345 τοιαῦτα
1397 3295 1687 3359 ποιοῦντας
1708 3312 1722 3326 ο
1760 3299 1807 3348 εἰ
1842 3298 1896 3348 δέ
1943 3301 2007 3367 τῇ
2043 3299 2137 3350 τοῦ

561 3385 698 3437 Θεοῦ
752 3386 932 3454 χάριτι
979 3384 1127 3437 οὐδὲν
1177 3384 1315 3453 ὑπὲρ
1370 3384 1579 3437 ἐαυτῶν
1628 3387 1971 3454 ἐνοχλοῦμεν,
2022 3390 2140 3441 ἀλλ’

542 3477 836 3530 ,ἀδάπανον
866 3476 991 3542 ὑμῖν
1035 3474 1093 3525 τὸ
1128 3475 1457 3541 Εὐαγγέλιον
1504 3474 1803 3545 ἐθήκαμεν,
1848 3481 2139 3545 πονοῦντες

568 3566 667 3632 μὲν
698 3562 946 3631 οὐδαμῶς
974 3561 1221 3630 καθάπερ
1258 3561 1408 3632 1402]
1439 3561 1668 3624 Παῦλος,
1696 3566 1807 3623 τοῖς
1841 3564 1898 3614 δὲ
1918 3566 2139 3628 οἰκείοις

564 3655 913 3725 ἀρκούμενοι,
957 3653 1094 3720 μετά
1130 3654 1440 3722 παρρησίας
1489 3654 1669 3723 πάσης
1700 3655 1832 3722 ἐριῖν
1867 3658 1995 3708 Δότε
2028 3661 2137 3720 τοῖς

564 3746 859 3813 δεομένοις,
906 3746 997 3797 καὶ
1036 3746 1095 3796 οὐ
1148 3746 1419 3814 παύσομαι
1467 3746 1624 3797 τοῦτο
1670 3747 1864 3813 λέγων,
1930 3751 2022 3800 καὶ
2064 3750 2136 3819 μὴ

567 3836 815 3887 διδόντων
860 3836 1051 3904 ἔσομαι
1098 3834 1330 3904 χαλεπὸς
1386 3838 1709 3904 κατήγορος.
1772 3838 1882 3888 Καὶ
1930 3839 2036 3907 γάρ
2091 3841 2137 3890 εἰ

571 3926 873 3995 στρατηγὸς
940 3927 1085 3992 ἢμην
1135 3926 1228 3975 καὶ
1287 3924 1621 3992 στρατιώτας
1689 3922 1853 3993 εἶχον,
1915 3928 2014 3978 οὐκ
2073 3930 2137 3980 ἂν

569 4015 841 4083 ᾐσχύνθην
878 4017 987 4075 τοῖς
1036 4012 1393 4080 στρατιώταις
1442 4014 1646 4082 τροφὰς
1691 4018 1875 4073 αἰτῶν,
1930 4019 2139 4089 Σφόδρα

571 4104 679 4171 γὰρ
721 4104 828 4172 ἐρῶ
852 4100 961 4171 τῆς
1004 4104 1275 4171 σωτηρίας
1302 4105 1401 4173 τῆς
1432 4105 1721 4174 ὑμετέρας.
1765 4108 1904 4159 Ἀλλ’
1934 4111 2017 4160 ἵνα
2046 4112 2139 4161 καὶ

570 4192 952 4259 ἐνεργέστερος
988 4194 1013 4243 ὁ
1048 4190 1201 4257 λόγος
1232 4194 1454 4261 γένηται
1486 4194 1579 4244 καὶ
1626 4196 1951 4267 δραστήριος
2000 4199 2136 4266 μάλ-

570 4279 679 4341 λον,
730 4279 939 4330 Παῦλον
992 4278 1345 4345 παραστάτην
1396 4278 1595 4342 λαϐὼν,
1629 4284 1743 4347 μετ’
1773 4285 1979 4335 ἐκείνου
2022 4286 2136 4337 δια-

570 4369 789 4436 λέξομαι
812 4368 1009 4433 λέγων’
1035 4368 1336 4432 ’Ἕκαστος
1358 4370 1523 4435 ὑμῶν
1548 4373 1680 4435 παρ’
1699 4373 1885 4437 ἑαυτῲ
1916 4378 2136 4440 τιθέτω,

570 4459 940 4525 θησαυρίζων
985 4458 1017 4510 ὅ
1052 4476 1103 4509 τι
1134 4456 1209 4510 ἂν
1254 4460 1555 4511 εὐοδῶται.
1601 4461 1796 4513 Σκόπει
1835 4465 1941 4534 γὰρ
1973 4470 2136 4520 αὐτοῦ

573 4550 862 4599 καντεῦθεν
907 4548 967 4599 τὸ
1016 4547 1350 4615 (Ξινεποιχθές⁸
1385 4549 1483 4597 οὐκ
1526 4544 1667 4609 εἶπε,
1719 4552 1940 4604 Τοτόνδε
1992 4557 2140 4624 ἢτο-

574 4634 739 4695 σόνδε,
775 4637 893 4687 ἀλλ’
922 4638 992 4687 "0
1023 4652 1072 4688 τι
1120 4635 1195 4687 ἂν
1230 4634 1533 4688 εὐοδῶται.
1563 4636 1669 4687 εἴτε
1710 4639 1861 4701 πολὺ,
1897 4644 2002 4693 εἴτε
2032 4645 2139 4695 ὀλί-

570 4742 693 4791 γον·
720 4727 812 4776 κα“ι
843 4727 941 4777 οὐκ
968 4721 1139 4788 εἶπεν,
1175 4724 1237 4776 Ὄ
1264 4742 1313 4776 τι
1342 4726 1405 4777 ἄν
1430 4743 1511 4787 τις
1542 4727 1794 4796 κερδάνῃ,
1824 4730 1958 4793 ἀλλ’,
1992 4736 2060 4785 "0
2086 4752 2139 4786 τι

568 4816 647 4867 ᾶν
683 4814 967 4882 εὐοδωθῇ,
1002 4816 1212 4878 δεικνὺς
1238 4817 1318 4867 ὅτι
1351 4817 1498 4886 παρά
1522 4817 1614 4869 τοῦ
1658 4819 1791 4869 Οεοῦ
1825 4823 1859 4889 ἡ
1885 4826 2135 4893 χορηγία.

570 4903 646 4957 Οὐ
676 4904 846 4972 ταύτῃ
874 4905 929 4955 δὲ
948 4906 1127 4972 μόνον,
1154 4905 1287 4957 ἀλλά
1311 4908 1404 4959 καὶ
1434 4907 1512 4975 τῷ
1545 4906 1619 4976 μὴ
1646 4909 1723 4959 ἐνὶ
1745 4912 1917 4981 χρόνῳ
1939 4913 1998 4965 τὸ
2032 4919 2138 4968 πᾶν

570 4992 825 5045 κελεῦσαι
850 4991 1195 5055 καταϐαλεῖν,
1240 4995 1427 5062 ῥᾳδίαν
1457 4998 1600 5047 ποιεῖ
1640 4998 1736 5066 τὴν
1761 5001 2069 5069 συμῦουλὴν
2090 5015 2135 5042 a-

569 5081 648 5151 τῷ
688 5081 795 5150 γὰρ
849 5079 989 5131 κατά
1048 5080 1238 5147 μικρὸν
1286 5082 1639 5150 συλλέγεσθαι
1681 5087 2137 5158 ἀνεπαίσθητοςὴ

570 5169 881 5239 λειτουργία
925 5166 1077 5235 καὶὴ
1110 5167 1342 5236 δαπάνη.
1376 5171 1473 5221 Διά
1496 5171 1559 5240 δὴ
1592 5174 1748 5225 τοῦτο
1774 5174 1893 5227 οὐδέ
1939 5177 2137 5241 εὐθέως

573 5260 782 5313 κελεύει
818 5260 896 5321 είς
933 5258 1098 5327 μέσον
1136 5257 1387 5325 ἀγαγεῖν,
1424 5262 1557 5311 ἀλλά
1595 5264 1791 5331 πολλὴν
1824 5265 2004 5317 δίδωσι
2042 5267 2139 5336 τὴν

575 5350 934 5419 προθεσμίαν,
970 5346 1063 5401 καὶ
1098 5347 1201 5415 τὴν
1241 5348 1420 5399 αἰτίαν
1446 5349 1612 5409 τιθείς
1643 5368 1831 5418 φησιν’
1868 5356 1999 5407 Ἵνα
2028 5356 2135 5423 μὴ,

573 5433 716 5487 ὅταν
744 5436 919 5498 ἔλθω,
947 5436 1078 5487 τότε
1112 5434 1309 5501 λογίαι
1347 5436 1646 5501 γίνωνται.
1680 5438 1988 5505 Τουτέστιν,
2024 5445 2139 5498 Ἵνα

578 5523 651 5591 μὴ
698 5524 853 5595 ἐντῷ
896 5527 1073 5597 καιρῷ
1097 5528 1198 5595 τῆς
1256 5527 1532 5596 εἰσφοράς,
1586 5527 1702 5577 τότε
1760 5529 2137 5599 ἀναγκάζησθε

578 5613 864 5681 συλλέγειν.
902 5619 1009 5669 Καὶ
1036 5620 1191 5671 τοῦτο
1218 5619 1273 5671 δὲ
1304 5621 1399 5687 οὐχ
1436 5618 1509 5680 ώς
1545 5618 1727 5685 ἔτυχεν
1754 5620 1946 5680 αὐτοὺς
1982 5623 2138 5675 πάλιν

579 5702 903 5772 προέτρεψεν
926 5723 935 5733 ·
959 5710 989 5775 ὴ
1019 5708 1123 5777 γὰρ
1152 5711 1440 5779 προσδοκία
1464 5709 1669 5763 Παύλου
1706 5709 2134 5779 προθυμοτέρους

1279 283 1337 339 S.
1376 281 1659 341 JOANNIS
1696 286 2173 347 CHRYSOSTOMI
2214 294 2538 352 ARCIIIEP.
2578 294 3128 358 CONSTANTINOP.

3716 304 3826 361 27"

2241 413 2437 478 αὐτοὺς
2482 418 2674 473 ἐποίει.
2728 420 2917 473 ’Ὀταν
2960 416 3033 470 δὲ
3072 417 3247 478 ἔλθω,
3283 415 3392 480 οὓς
3426 415 3531 470 ἐὰν
3575 415 3826 485 δοκιμά-

2240 518 2408 569 σητε,
2447 506 2523 557 δι’
2560 508 2902 562 ἐπιστολῶν
2942 508 3193 572 τούτους
3225 504 3440 575 πέμψω
3463 505 3826 574 ἀπενεγκεῖν

2240 592 2355 659 τὴν
2387 594 2561 661 χάριν
2596 596 2765 664 ὑμῶν
2811 599 2896 662 εις
2935 595 3356 663 Ἰερουσαλήμ.
3390 596 3506 648 Οὐκ
3534 592 3708 658 εἶπεν,
3760 595 3825 650 Ὀ

2238 678 2384 731 δεῖνα
2414 683 2507 733 καὶ
2531 684 2558 734 ό
2578 682 2747 749 δεῖνα,
2776 684 3061 749 ἀλλ’,ηοῦς
3090 682 3200 735 ἐὰν
3227 682 3399 751 ὑμεῖς
3424 683 3823 753 δοκιμάσητε,

2238 762 2333 829 οὒς
2376 767 2471 820 ἐὰν
2500 768 2719 838 ἐλησθε,
2764 769 2906 822 ὥστε
2955 768 3265 822 ἀνύποπτον
3306 769 3529 836 ποιῆσαι
3561 767 3661 836 τὴν
3704 767 3823 818 λει-

2236 855 2522 925 τουργίαν.
2577 857 2669 910 Διὸ
2714 856 2895 909 αὐτῶν
2943 858 3177 910 ποιεῖται
3229 856 3327 925 τὴν
3356 854 3535 922 ψῆφον
3569 856 3669 923 τῆς
3707 853 3827 905 τῶν

2238 943 2685 1015 ἀποκομιζόντων
2730 948 3018 1017 αἱρέσεως.
3062 946 3137 999 Οὐ
3171 946 3279 1016 γὰρ
3324 946 3498 1013 δήπου
3527 945 3709 1011 φησίν·
3752 945 3824 996 Ἦ

2242 1031 2342 1100 μὲν
2385 1033 2615 1104 εἰσφορά
2657 1035 2831 1105 ὐμῶν,
2890 1037 2929 1105 ἡ
2970 1034 3271 1099 δέςέξουσία
3313 1032 3415 1102 τῆς
3447 1031 3680 1100 ἐκλογῆς
3707 1032 3827 1084 τῶν

2238 1120 2705 1190 ἀποκομιζόντων,
2731 1124 2831 1193 οὐχ
2869 1124 3043 1193 ὐμῶν.
3081 1118 3216 1176 Εἶτα
3242 1122 3332 1175 ἶνα
3364 1122 3437 1191 μὴ
3468 1122 3650 1181 αὐτοῖς
3682 1121 3826 1171 ἅπτου

2238 1210 2604 1279 λιμπάνεσθαι
2635 1214 2783 1285 δόξῃ,
2809 1215 2882 1267 τὰ
2906 1216 3211 1286 γράμματα
3246 1211 3591 1282 προστίθησι,
3620 1210 3821 1276 λέγων’

2243 1296 2497 1366 Οὒξ”ἐὰν
2528 1302 2919 1372 δοκιμάσητε,
2959 1304 3032 1356 δι’
3070 1300 3412 1356 ἐπιστολῶν
3443 1300 3674 1368 πέμψω.
3728 1300 3825 1360 Ὠς

2238 1390 2373 1443 am
2417 1390 2625 1460 ἔλεγεν,
2674 1394 2755 1445 ὅτι
2795 1393 2967 1462 Κάγὼ
2994 1394 3288 1462 συνέσομαι
3330 1392 3535 1451 αὐτοῖς,
3568 1389 3661 1441 καὶ
3702 1403 3824 1440 κοι-

2238 1479 2463 1548 νωνήσω
2496 1480 2596 1549 τῆς
2641 1481 2983 1551 λειτουργίας
3025 1480 3114 1533 διὰ
3140 1481 3250 1533 τῶν
3303 1478 3668 1549 γραμμάτων,
3709 1475 3829 1528 Καὶ

2238 1569 2338 1621 οὐκ
2377 1566 2519 1633 εἷπε,
2554 1572 2791 1634 Τούτους
2833 1573 3035 1641 πέμψω
3068 1574 3393 1639 ἀπενεγκεῖν
3434 1572 3529 1639 τὴν
3588 1569 3829 1637 ἐλεημοσ

2242 1656 2405 1726 σύνην
2428 1658 2599 1727 ὐμῶν,
2622 1660 2779 1723 ἀλλὰ,
2798 1662 2916 1728 Τὴν
2934 1660 3109 1728 χάριν
3128 1659 3314 1729 ὑμῶν,
3335 1660 3420 1711 ῖνα
3439 1658 3587 1729 δείξῃ
3612 1655 3829 1727 μεγάλα

2240 1752 2662 1821 ἐργαζομένους,
2693 1757 2781 1810 ἵνα
2827 1757 2976 1827 δείξῃ
3014 1758 3211 1819 αὐτοὺς
3255 1755 3654 1825 κερδαίνοντας.
3699 1751 3825 1803 Ἀλ-

2239 1842 2403 1912 λαχοῦ
2434 1844 2490 1895 δὲ
2530 1847 2624 1898 καὶ
2669 1846 2920 1913 εὐλογίαν
2967 1847 3059 1898 καὶ
3090 1847 3371 1898 κοινωνίαν
3401 1844 3574 1895 καλεί’
3600 1842 3661 1893 τὸ
3698 1840 3825 1909 μὲν,

2244 1931 2331 1983 ἵνα
2365 1932 2439 2001 μὴ
2470 1935 2874 2005 ρᾳθυμοτέρους
2914 1938 3134 2006 ποιήσῃ,
3165 1935 3225 1986 τὸ
3270 1934 3347 1998 δὲ,
3382 1934 3469 1985 ἳνα
3498 1930 3576 2001 μὴ
3603 1931 3789 1999 ἐπάρῃ
3811 1945 3824 1959 ’

2242 2023 2478 2092 οὐδαμοῦ
2511 2025 2691 2092 μέντοι
2731 2042 2795 2090 γε
2836 2024 3204 2094 ἐλεημοσύνην
3247 2022 3550 2091 ὠνόμασεν.
3584 2019 3729 2072 Ἐὰν
3751 2017 3844 2070 δὲ.

2241 2108 2282 2182 ᾖ
2317 2112 2489 2176 ἄξιον
2518 2114 2623 2167 τοῦ
2662 2114 2813 2183 κάμὲ
2850 2116 3236 2181 πορεύεσθαι,
3266 2112 3389 2165 σὺν
3431 2110 3562 2180 ἐμοὶ
3608 2108 3827 2174 πορεύ-

2241 2220 2475 2256 σονται.
2535 2205 2801 2257 Ἐνταῦθα
2831 2206 2993 2259 πάλιν
3021 2205 3099 2267 εἰς
3129 2204 3409 2272 δαψίλειαν
3454 2202 3653 2262 αὐτοὺς
3682 2215 3827 2268 προ-

2240 2294 2452 2361 τρέπει.
2492 2294 2617 2347 Ἐὰν
2638 2295 2747 2364 γὰρ
2771 2294 3023 2346 τοσοῦτον
3044 2291 3101 2362 ᾗ,
3127 2293 3311 2362 φησὶν,
3333 2292 3406 2353 ὡς
3430 2292 3525 2342 καὶ
3551 2290 3653 2357 τῆς
3682 2290 3826 2357 ἐμῆς

2243 2382 2440 2433 δεῖσθαι
2482 2384 2801 2453 παρουσίας,
2834 2384 2957 2435 οὐδὲν
2996 2381 3155 2434 τοῦτο
3198 2382 3633 2451 παραιτήσομαι.
3680 2377 3825 2429 Ἀλλῗ

2244 2470 2446 2533 εὐθέως
2506 2473 2604 2540 μὲν
2646 2472 2802 2524 τοῦτο
2864 2473 2963 2525 οὐκ
3014 2470 3409 2541 ἐπηγγείλατο,
3464 2468 3589 2521 οὐδὲ
3642 2465 3824 2531 εἶπεν,

2242 2558 2505 2611 Ἐπειδὰν
2544 2562 2961 2630 παραγένωμαι,
3001 2559 3111 2627 ἐγὼ
3148 2558 3497 2627 ἀποκομίζω’
3552 2556 3673 2608 οὐδέ
3712 2555 3827 2626 γὰρ

2243 2646 2309 2699 ἂν
2347 2649 2516 2711 οὕτως
2537 2650 2675 2701 ἀὐτὸ
2705 2649 2967 2719 ηὔξησεν,
2994 2650 3044 2701 εί
3082 2648 3143 2711 ἐξ
3167 2648 3342 2717 ἀρχῆς
3375 2646 3505 2698 αὐτὸ
3542 2646 3785 2697 τέθεικεν
3806 2660 3823 2675 ·

2245 2737 2467 2807 ὕστερον
2494 2740 2678 2806 μέντοι
2699 2739 2878 2801 καλῶς
2900 2740 2996 2791 καὶ
3018 2740 3289 2807 εὐκαίρως
3316 2737 3446 2789 αὐτὸ
3470 2736 3823 2806 προστίθησι.

2244 2830 2340 2880 Διὰ
2370 2828 2434 2896 δὴ
2462 2829 2617 2879 τοῦτο
2645 2829 2745 2879 οὐκ
2780 2828 2980 2890 εὐθέως
3023 2827 3172 2897 [405]
3214 2826 3500 2895 ὑπέσχετο,
3532 2825 3657 2876 οὔτε
3688 2824 3827 2876 καθ-

2244 2918 2391 2981 άπαξ
2436 2917 2568 2969 αὐτὸ
2615 2917 3024 2987 ἀπεσιώπησεν,
3076 2916 3191 2969 ἀλλ’
3242 2916 3433 2979 εἰπὼν,
3464 2916 3546 2967 ὅτι
3577 2914 3825 2982 Πέμψον,

2243 3008 2365 3059 τότε
2416 3008 2512 3060 καὶ
2556 3008 2749 3060 ἐαυτὸν
2777 3007 3121 3077 προστίθησι.
3154 3007 3267 3060 Καὶ
3307 3006 3547 3058 ἐνταῦθα
3579 3005 3829 3083 δέῖπάλιν

2246 3093 2467 3161 κυρίους
2527 3094 2721 3156 αὐτοὺς
2772 3095 3027 3161 ἐποίησεν
3084 3096 3143 3146 ἐν
3194 3095 3270 3164 τῷ
3338 3094 3534 3146 είπείν·
3595 3095 3737 3146 Ἐὰν

2245 3182 2419 3246 ἄξιον
2438 3184 2543 3235 τοῦ
2578 3183 2729 3251 κάμὲ
2766 3185 3127 3251 πορεύεσθαι
3149 3199 3163 3214 ·
3197 3171 3355 3236 τοῦτο
3392 3184 3447 3235 δέ
3475 3185 3563 3235 ἐπ’
3594 3183 3829 3245 ἐκείνοις

2246 3272 2443 3333 ἔκειτο,
2470 3274 2527 3325 τὸ
2557 3274 2687 3326 πολὺ
2717 3274 2941 3342 ποιῆσαι
2970 3274 3029 3326 τὸ
3063 3274 3474 3343 συλλεγόμενον,
3508 3274 3601 3326 καὶ
3634 3273 3829 3325 τοσοῦ-

2245 3382 2356 3427 τον,
2405 3366 2478 3425 ὡς
2530 3364 2850 3432 δυσωπῆσαι
2895 3365 2988 3416 καὶ
3031 3366 3194 3418 αὐτὸν
3253 3364 3570 3433 ἀναστῆναι.
3621 3364 3829 3416 Ἐλεύ-

2246 3472 2423 3522 σομαι
2472 3454 2539 3504 δὲ
2595 3454 2743 3520 πρὸς
2797 3454 2971 3521 ὑμᾶς,
3025 3457 3212 3524 φησὶν,
3258 3455 3403 3507 ὅταν
3446 3454 3829 3507 Μακεδονίαν

2246 3545 2475 3597 διέλθω.
2532 3540 2663 3595 Εῖπε
2719 3546 2811 3598 καὶ
2850 3546 3107 3614 ἀνωτέρω
3162 3545 3341 3609 τοῦτο,
3384 3545 3522 3597 άλλά
3554 3548 3674 3597 τότε
3725 3546 3830 3614 μὲν

2251 3636 2388 3704 μετά
2441 3634 2642 3703 ουμοῦ’
2696 3636 3007 3705 προσέθηκε
3043 3636 3193 3703 γοῦνο
3236 3637 3344 3689 Καὶ
3396 3635 3698 3705 γνώσομαι
3752 3638 3827 3689 οὐ

2248 3727 2353 3777 τὸν
2388 3728 2573 3794 λόγον
2620 3726 2736 3778 τῶν
2769 3728 3260 3794 πεφυσιωμένων,
3291 3728 3451 3780 ἀλλὰ
3497 3727 3610 3793 τὴν
3641 3726 3827 3779 δύνα-

2243 3833 2380 3885 μινε
2416 3816 2649 3868 ἐνταῦθα
2684 3817 2740 3867 δὲ
2774 3818 3229 3885 προσηνέστερον,
3262 3817 3349 3868 ἵνα
3381 3816 3475 3867 καὶ
3514 3816 3827 3882 ποθήσωσιν

2248 3907 2411 3959 αὐτοῦ
2447 3908 2543 3977 τὴν
2576 3910 2901 3978 παρουσίαν.
2945 3905 3097 3969 Εἶτα,
3142 3909 3229 3959 ἵνα
3272 3909 3344 3975 μὴ
3382 3906 3601 3973 λέγωσι’
3632 3906 3697 3956 Τί
3731 3906 3827 3957 οὐν

2248 3996 2565 4057 Μακεδόνας
2607 3996 2763 4063 ἡμῶν
2830 3996 3137 4062 προτιμᾷςς
3186 3994 3285 4044 οὐκ
3337 3990 3509 4053 εἶπεν,
3573 3989 3828 4042 Ἐπειδὰν

2248 4086 2488 4147 ἀπέλθω,
2524 4086 2661 4147 ἀλλ’,
2706 4085 2980 4137 Ἐπειδὰν
3012 4084 3222 4136 διέλθω
3266 4083 3660 4136 Μακεδονίαν.
3698 4084 3827 4133 Μα-

2249 4174 2527 4227 κεδονίαν
2564 4177 2671 4242 γὰρ
2698 4176 3098 4241 διελεύσομαι.
3131 4174 3284 4241 Πρὸς
3328 4170 3481 4239 ὑμᾶς
3528 4171 3595 4222 δὲ
3637 4172 3829 4237 τυχὸν

2248 4269 2587 4334 Πιιριιμενῶ,
2642 4266 2679 4331 ἢ
2721 4267 2817 4317 καὶ
2869 4265 3311 4331 παραχειμάσω.
3367 4262 3499 4312 Οὐδὲ
3554 4262 3662 4329 γάρ
3702 4260 3827 4312 ὀδοῦ

2251 4356 2508 4426 βούλομαι
2537 4357 2867 4424 ποιήσασθαι
2900 4355 3173 4422 πάρεργον
3214 4354 3377 4420 ὑμᾶς,
3412 4351 3525 4402 ἀλλ’
3557 4350 3829 4418 ἐνδιατρί-

2247 4450 2345 4515 Qa:
2390 4448 2483 4498 καὶ
2512 4449 2869 4515 παραμεῖναι.
2904 4446 3033 4495 ’Ὅτε
3058 4445 3165 4509 γὰρ
3191 4442 3359 4493 ταῦτα
3391 4440 3733 4503 ἐπέστελλεν,
3767 4443 3829 4491 ἐν

2262 4540 2468 4605 Ἐφέσῳ
2504 4535 2589 4606 ἦν,
2623 4537 2886 4605 χειμῶνος
2921 4536 3091 4595 ὄντος.
3136 4533 3297 4599 Λέγει
3320 4533 3519 4595 τοίνυν,
3554 4534 3634 4582 ὅτι
3674 4533 3828 4596 Ἕως

2248 4628 2668 4694 Πεντηλιοστῆς
2712 4629 2777 4678 ἐν
2817 4626 3046 4693 Ἐφέσῳ
3080 4623 3363 4690 ἐπιμενῶ·
3404 4624 3540 4690 μετὰ
3566 4622 3622 4673 δὲ
3654 4622 3826 4674 ταῦτα

2248 4720 2616 4787 ἀπελεύσομαι
2669 4722 2746 4780 εἰς
2787 4716 3149 4776 Μακεδονίαν,
3201 4716 3295 4766 καὶ
3356 4713 3581 4766 διελθὼν
3634 4714 3825 4780 αὐτὴν,

2247 4812 2362 4880 ἥξω
2417 4810 2550 4879 πρὸς
2598 4810 2739 4877 ὑμᾶς
2793 4810 2887 4859 τοῦ
2939 4808 3167 4875 οἑρους’
3229 4806 3485 4864 πολλάκις
3518 4804 3696 4856 δὲκαὶ
3733 4806 3827 4856 τὸν

2248 4902 2488 4971 χειμῶνα
2516 4900 2650 4968 πρὸς
2679 4901 2819 4966 ὑμᾶς
2850 4901 3077 4966 ποιήσω.

2319 4990 2385 5057 γ’.
2420 4991 2574 5050 Τίνος
2608 4989 2663 5039 δὲ
2698 4988 2879 5039 ἕνεκεν
2918 4984 3060 5047 εἷπε,
3117 4986 3327 5053 Τυχόν,
3358 4985 3451 5035 καὶ
3481 4986 3580 5035 οὐκ
3610 4987 3824 5054 άπεφὴο

2247 5097 2408 5141 νατο;
2441 5080 2561 5131 ’Ὀτι
2594 5080 2651 5129 οὐ
2690 5077 2866 5129 πάντα
2894 5077 3115 5145 προῄδει
3139 5074 3371 5134 Παῦλος,
3393 5073 3487 5125 καὶ
3518 5075 3824 5143 συμφερόν-

2246 5188 2370 5233 τως.
2396 5168 2496 5221 Διά
2517 5169 2674 5221 τοῦτο
2694 5168 2811 5220 οὐδέ
2838 5167 3023 5227 ἁπλῶς
3052 5165 3436 5232 ἀποφαίνεται,
3468 5167 3577 5229 ἵνα,
3608 5168 3711 5217 κᾶν
3748 5167 3825 5236 μὴ

2248 5263 2493 5330 γένηται,
2517 5260 2615 5328 ἔχῃ
2645 5257 2998 5324 καταφυγὴν,
3024 5256 3143 5307 τότε
3172 5255 3487 5325 ἀδιορίστως
3515 5259 3821 5325 προειπεῖν,

2247 5352 2341 5404 καὶ
2396 5348 2493 5419 τὴν
2542 5348 2634 5399 τοῦ
2686 5346 2997 5415 Πνεύματος
3054 5344 3303 5409 ἐξουσίαν
3346 5346 3584 5411 ἄγουσαν
3640 5344 3821 5405 αὐτὸν,

2245 5442 2492 5506 ὅπουπερ
2531 5435 2799 5495 ἐϐούλετο,
2830 5435 2929 5486 οὐκ
2975 5433 3102 5485 ἔνθα
3143 5436 3304 5497 αὐτος
3348 5435 3644 5503 ἐπεθυμει·
3673 5433 3699 5481 ὃ
3728 5430 3823 5482 καὶ

2246 5534 2303 5582 ἐν
2354 5534 2419 5599 τῇ
2470 5528 2699 5597 δευτέρᾳ
2743 5526 2954 5595 τίθησιν
2996 5527 3306 5595 Ἐπιστολῇ,
3348 5528 3447 5593 τῆς
3512 5523 3820 5592 μελλήσεως

2311 5661 2851 5719 “Sn-Niuslogcndum
2892 5663 3169 5723 suspicatur
3187 5662 3272 5715 τὴν
3313 5654 3571 5717 σνμέὗοὶ-ἥν,
3616 5659 3665 5701 τι
3702 5654 3812 5701 [nec

2254 5725 2555 5784 utique/Vera
2578 5723 2723 5769 lectio
2751 5730 2839 5771 est.
