4066 6348
328 454 440 512 $69

325 572 510 619 manet
531 560 745 630 quidem
770 561 1099 631 symbolum,
1142 568 1227 609 res
1265 563 1440 609 autem
1487 566 1745 622 nusquam
1793 557 1894 604 est.

330 656 398 710 Et
424 655 537 710 scio
557 651 796 722 quidem,
820 645 962 719 quod
983 645 1135 701 multi
1162 655 1229 701 ex
1256 646 1319 699 iis
1339 685 1354 710 ,
1381 646 1470 715 qui
1489 658 1597 696 una
1622 641 1897 704 assident,

327 757 429 798 nos
450 755 637 797 rursus
677 736 1113 809 reprehendent,
1163 750 1286 790 eum
1332 734 1398 788 de
1440 732 1525 786 bis
1575 730 1903 784 disseramus

321 831 573 888 dicentes
601 829 745 892 :Ne,
786 842 939 898 rogo,
967 842 1036 882 ne
1061 826 1134 881 sis
1158 825 1332 895 gravis
1355 833 1410 878 et
1452 821 1708 876 molestus
1753 817 1902 873 audi-

321 921 553 985 toribus,
584 918 677 974 sed
708 917 956 990 permitte
981 916 1148 972 libero
1179 913 1404 969 arbitrio
1431 921 1484 967 et
1505 909 1766 966 voluntati
1805 923 1902 962 au-

320 1012 596 1075 ditorum;
643 1024 765 1064 nam
819 1022 960 1063 nunc
1003 1005 1219 1076 quidem
1267 1018 1366 1058 nos
1403 1001 1608 1072 pudore
1656 998 1824 1054 efficis
1847 1006 1901 1052 et

320 1104 643 1160 erubescere
670 1101 818 1170 cogis
846 1117 859 1153 :
894 1099 988 1154 sed
1017 1098 1132 1152 haec
1171 1096 1331 1152 verba
1361 1110 1468 1150 non
1499 1094 1687 1149 feram.
1718 1090 1899 1159 Neque

315 1196 468 1252 enim
485 1194 704 1250 Paulum
721 1191 948 1263 pudebat
965 1189 1155 1260 probis
1165 1187 1382 1260 assidue
1397 1201 1515 1240 esse
1529 1185 1827 1245 molestum,
1846 1188 1901 1236 et

316 1287 737 1342 mendicantium
755 1298 904 1339 more
916 1282 1080 1352 loqui.
1098 1280 1229 1335 Nam
1245 1277 1403 1333 si'hoc
1418 1274 1756 1340 diceretn,Da
1769 1271 1898 1327 mihi

316 1385 375 1431 ct
397 1375 669 1444 depoueiu
699 1373 832 1427 meis
856 1371 1084 1435 sedibus,
1101 1367 1404 1439 pudendum
1433 1365 1570 1420 forte
1593 1373 1736 1418 esset
1753 1362 1896 1432 quod

313 1467 589 1532 dicerem;
620 1465 726 1519 imo
753 1478 880 1518 vero
908 1476 976 1516 ne
1005 1470 1132 1515 tunc
1155 1458 1368 1527 quidem
1400 1473 1412 1507 :
1441 1469 1563 1509 nam
1595 1453 1694 1521 Qui
1723 1452 1893 1515 altari,

314 1559 509 1628 inquit,
531 1547 774 1619 assident,
796 1555 974 1608 altaris
995 1561 1107 1605 sunt
1138 1549 1410 1620 participes
1444 1547 1520 1615 (l.
1546 1544 1664 1598 Cor.
1696 1545 1747 1599 9.
1781 1544 1891 1605 l3).

387 1651 440 1704 2.
470 1651 731 1705 Caeterum
771 1645 999 1700 fortasse
1043 1641 1309 1713 quispiam
1336 1653 1423 1693 me
1449 1634 1891 1705 reprehenderet,

312 1754 377 1800 ut
401 1743 491 1813 qui
518 1757 615 1811 pro
649 1755 736 1795 me
758 1737 922 1793 verba
953 1736 1182 1790 facerem
1211 1750 1225 1787 :
1275 1744 1415 1785 nunc
1451 1737 1626 1782 autem
1653 1724 1894 1793 supplico

310 1835 533 1906 quidem
562 1848 660 1903 pro
687 1830 968 1902 egentibus
994 1845 1008 1892 ;
1038 1828 1147 1881 imo
1172 1839 1304 1880 vero
1329 1837 1435 1875 non
1468 1835 1565 1889 pro
1591 1817 1891 1887 egentibus,

308 1926 411 1981 scd
447 1940 545 1995 pro
587 1923 738 1978 vobis
784 1922 874 1994 qui
919 1918 1210 1992 praebetis:
1254 1926 1308 1971 et
1342 1913 1461 1968 ideo
1487 1914 1675 1982 loquor
1703 1911 1889 1966 libere.

309 2015 446 2083 Quis
487 2026 569 2069 est
609 2014 751 2069 enim
789 2010 960 2082 pudor
997 2008 1201 2072 dicere,
1235 2008 1306 2059 Da
1350 2004 1578 2058 Domino
1612 2001 1890 2063 esurienti,

310 2109 476 2163 indue
501 2107 649 2161 illum
673 2104 871 2159 nudum
903 2101 1267 2163 oberrantem,
1301 2098 1493 2164 excipe
1521 2091 1892 2163 peregrinum?

308 2202 430 2256 Non
459 2197 726 2254 erubescit
760 2195 1015 2250 Dominus
1046 2202 1168 2248 tuus
1193 2192 1308 2243 haec
1337 2189 1517 2244 dicere
1545 2187 1595 2239 in
1620 2185 1749 2239 orbe
1780 2194 1890 2238 ter-

307 2306 515 2353 rarum,
569 2288 788 2350 Esuritn',
839 2296 885 2340 et
911 2303 1010 2340 non
1039 2284 1248 2338 dedistis
1270 2281 1393 2334 mihi
1421 2280 1554 2346 quod
1584 2277 1891 2330 comedercm

307 2380 526 2453 (Matth.
556 2378 647 2432 25.
685 2377 776 2446 42)
809 2393 825 2442 ;
867 2375 955 2445 qui
997 2390 1102 2428 non
1135 2380 1249 2426 erat
1280 2369 1538 2439 indigens,
1570 2382 1666 2421 nec
1697 2366 1798 2420 ulla
1830 2378 1890 2420 re

305 2486 447 2540 opus
476 2469 706 2524 habebat
731 2488 742 2522 :
773 2479 826 2525 et
852 2482 953 2537 ego
979 2467 1294 2522 erubescam
1317 2472 1372 2518 et
1396 2460 1688 2516 dubitabo?
1713 2458 1886 2513 Absit:

305 2561 694 2616 diaboliearum
735 2559 1050 2614 insidiarum
1090 2565 1174 2611 est
1221 2556 1305 2608 hic
1359 2553 1550 2622 pudor.
1600 2551 1715 2604 Non
1760 2565 1888 2620 ergo

303 2651 650 2714 erubescam,
673 2648 768 2702 sed
799 2648 962 2700 libere
983 2646 1189 2699 dicam:
1222 2646 1354 2696 Date
1375 2643 1676 2712 egentibus,
1701 2650 1753 2694 et
1776 2654 1888 2691 ma-

306 2741 412 2809 jori
451 2754 583 2794 voce
620 2751 778 2808 quam
824 2737 915 2806 qui
954 2744 1135 2805 egent.
1180 2733 1313 2787 Nam
1339 2733 1382 2784 si
1414 2732 1673 2799 quispiam
1707 2737 1888 2797 posset

306 2831 593 2888 ostendere.
637 2838 691 2884 et
733 2827 997 2898 probare,
1047 2825 1188 2894 quod
1223 2824 1339 2878 haec
1368 2822 1636 2887 dicentes,
1683 2820 1748 2873 ad
1788 2833 1886 2874 nos

295 2923 457 2991 ipsos
485 2921 840 2985 traheremus,
882 2928 936 2973 ct
963 2923 1223 2986 praetextu
1258 2927 1548 2983 pauperum
1581 2911 1682 2979 ipsi
1715 2910 1886 2964 lucra-

297 3027 508 3074 rentur,
529 3025 633 3066 non
663 3010 834 3064 solum
862 3008 1056 3076 probro
1082 3020 1143 3059 ac
1168 3004 1431 3058 dedecore
1454 3002 1597 3071 (ligni
1621 3014 1882 3064 essemus,

291 3103 404 3158 .sed
434 3103 520 3173 qui
550 3101 634 3155 vel
659 3115 688 3153 a
719 3100 865 3153 mille
889 3097 1198 3152 fulminibus
1226 3095 1532 3159 feriremur,
1577 3103 1629 3147 et
1651 3093 1740 3162 qui
1771 3094 1884 3146 lucc

304 3202 528 3263 agerent
566 3206 634 3246 ne
660 3200 992 3246 mererentur
1018 3188 1228 3258 quidem
1254 3187 1440 3240 vivere
1473 3205 1485 3240 :
1514 3187 1558 3239 si
1582 3194 1756 3238 autem
1789 3184 1883 3237 Dei

305 3283 478 3351 gratia
521 3296 620 3351 pro
668 3282 823 3335 nobis
872 3279 1091 3333 minime
1134 3277 1343 3331 molesti
1391 3290 1604 3340 sumus,
1643 3275 1735 3329 sed
1767 3275 1884 3328 sine

303 3380 526 3442 sumptu
555 3371 704 3426 vobis
735 3371 1010 3440 posuimus
1036 3367 1365 3438 evangelium
1386 3407 1400 3432 ,
1453 3381 1556 3420 non
1581 3367 1884 3421 laborantes

303 3463 523 3534 quidem
553 3463 690 3515 sicut
715 3461 910 3516 Paulus
935 3500 951 3526 ,
994 3460 1087 3515 sed
1114 3460 1348 3513 contenti
1397 3457 1625 3527 pr0priis
1645 3498 1659 3519 ,
1709 3457 1881 3510 dicam

299 3568 430 3607 eum
469 3553 613 3606 omni
650 3551 838 3606 fiducia
868 3568 880 3604 :
914 3552 1043 3605 Date
1070 3551 1368 3619 egentibus,
1401 3563 1498 3601 nec
1524 3546 1748 3600 cessabo
1775 3547 1876 3602 hoc

304 3641 511 3706 dicere,
539 3651 595 3695 et
620 3655 803 3696 eorum
836 3640 922 3709 qui
955 3654 1058 3692 non
1085 3640 1232 3704 dant,
1263 3652 1358 3693 ero
1379 3638 1552 3707 gravis
1579 3647 1879 3691 accusator.

304 3731 364 3785 Si
409 3731 551 3799 enim
600 3744 773 3784 essem
816 3728 921 3783 dux
974 3730 1240 3784 exercitus
1283 3738 1337 3782 et
1367 3729 1564 3783 milites
1607 3727 1878 3792 haberem,

302 3836 415 3875 non
443 3837 527 3876 me
555 3822 775 3892 puderet
802 3823 1048 3876 alimenta
1080 3831 1261 3890 petere
1290 3837 1384 3890 pro
1411 3822 1686 3876 militibus.
1715 3821 1882 3876 Valde

242 3971 250 3975 _
302 3913 454 3966 enim
483 3927 604 3966 amo
627 3921 854 3968 vestram
882 3912 1128 3966 salutem.
1171 3912 1273 3966 Sed
1320 3911 1375 3964 ut
1417 3912 1578 3965 etiam
1615 3909 1882 3965 efficacior

305 4004 381 4056 sit
421 4004 612 4066 oratio,
661 4017 934 4062 assessore
959 4011 1178 4071 accepto
1206 4002 1390 4062 Paulo,
1433 4016 1551 4055 cum
1583 4002 1672 4054 illo
1702 4001 1880 4055 vobis.

302 4107 429 4145 cum
455 4107 604 4162 agam
634 4093 859 4148 dicens:
897 4091 1249 4161 Unusquisque
1293 4102 1507 4144 vestram
1552 4091 1691 4158 apud
1715 4108 1768 4144 se
1804 4107 1883 4144 se-

306 4194 483 4250 ponat,
513 4185 786 4236 recondens
811 4183 944 4251 quod
968 4184 1062 4244 sibi
1088 4182 1351 4235 videbitur.
1384 4181 1672 4235 Considera
1702 4190 1878 4236 autem

307 4275 434 4328 hinc
468 4290 678 4344 quoque
723 4290 878 4344 quam
912 4290 1017 4328 non
1046 4275 1111 4327 sit
1140 4274 1238 4327 hoc
1265 4290 1423 4342 grave
1470 4285 1522 4328 et
1551 4273 1877 4328 molestum:

307 4379 418 4418 non
445 4365 607 4430 dixit,
632 4365 856 4419 Tantum
889 4366 970 4419 vel
992 4373 1216 4430 tantum,
1236 4365 1348 4429 sed,
1373 4366 1522 4430 Quod
1551 4365 1798 4428 videatur,
1828 4375 1882 4419 et

303 4465 453 4509 recte
476 4456 688 4520 habeat,
707 4457 815 4510 sive
833 4457 898 4510 sit
915 4456 1158 4521 multum,
1175 4457 1284 4509 sive
1299 4455 1561 4509 modicum
1583 4471 1596 4507 :
1615 4470 1709 4508 nec
1724 4454 1877 4519 dixit,

300 4545 458 4611 Quod
508 4549 625 4614 quis
665 4546 901 4600 lucratus
945 4545 1118 4607 fuerit,
1163 4544 1279 4609 sed,
1327 4545 1479 4611 Quod
1530 4545 1773 4598 videatur
1827 4554 1880 4598 et

302 4647 453 4690 recte
482 4638 688 4702 habeat,
722 4637 1007 4692 ostendens
1034 4652 1064 4690 a
1096 4639 1200 4692 Deo
1227 4652 1346 4691 esse
1376 4637 1876 4704 suqipeditationem.

301 4726 422 4780 Non
466 4728 563 4780 hac
596 4737 770 4781 autem
801 4727 974 4780 solum
1011 4727 1243 4790 ratione,
1293 4727 1385 4779 sed
1418 4726 1575 4778 «tiam
1606 4741 1670 4776 co
1691 4766 1704 4786 ,
1736 4723 1877 4793 quod

301 4829 413 4870 non
428 4831 531 4868 uno
550 4826 784 4884 tempore
805 4827 968 4869 totum
982 4816 1158 4882 julteal
1181 4816 1432 4883 pendere,
1454 4816 1746 4885 symbolam
1761 4815 1879 4868 red-

299 4907 382 4959 dt
412 4903 613 4959 facilem
644 4923 656 4958 :
690 4922 754 4961 eo
782 4907 922 4961 enim
949 4905 1088 4974 quod
1112 4906 1356 4973 paulatim
1385 4907 1682 4974 colligatur,
1703 4907 1881 4960 insen-

301 4997 421 5049 silis
445 5003 528 5047 est
556 5009 713 5061 Opera
741 5007 795 5051 et
821 4995 1197 5065 suppeditatio.
1254 4994 1540 5061 Propterea
1573 5010 1670 5048 nec
1699 4996 1876 5048 statim

299 5088 451 5157 jubet
478 5086 527 5137 iu
558 5084 788 5139 medium
831 5088 1126 5152 adducere,
1176 5085 1268 5138 sed
1307 5084 1396 5137 dat
1427 5084 1640 5152 longqu
1670 5094 1877 5151 tempus

300 5177 675 5235 constitutum,
704 5184 758 5227 et
783 5189 999 5231 causam
1031 5177 1284 5238 atferens,
1307 5175 1436 5228 dicit
1469 5191 1482 5226 ε
1519 5173 1586 5226 Ut
1613 5191 1735 5237 non,
1764 5191 1876 5226 cum

303 5282 504 5328 venero,
539 5274 658 5316 tunc
686 5263 912 5317 collecta:
955 5268 1096 5327 ﬁant.
1132 5267 1241 5320 Hoc
1264 5277 1367 5331 est,
1419 5265 1495 5319 Ne
1542 5265 1591 5318 in
1637 5273 1877 5333 tempore

303 5356 558 5412 illationis
574 5354 684 5407 sive
704 5363 946 5422 sumptus
960 5369 1177 5412 necesse
1193 5356 1428 5411 habeatis
1448 5356 1716 5424 colligere.
1735 5355 1796 5408 Et
1811 5354 1876 5408 ad

305 5449 408 5500 hoc
433 5459 617 5500 rursus
640 5459 732 5497 eos
760 5458 864 5498 non
887 5444 1074 5498 leviter
1097 5457 1178 5500 est
1204 5448 1545 5501 adhortatus:
1572 5447 1712 5500 Pauli
1735 5446 1875 5500 enim

302 5536 634 5602 exSpectatio
653 5547 746 5588 eos
773 5532 997 5588 faciebat
1027 5539 1382 5603 promptiores
1407 5549 1460 5592 et
1489 5539 1794 5591 alacriores.
1819 5539 1874 5592 5.

305 5630 432 5683 Cum
459 5638 629 5682 autent
660 5641 880 5705 praesens
905 5629 1068 5696 fuero,
1098 5642 1222 5694 quos
1264 5630 1608 5690 probaueritis,
1653 5647 1741 5697 per
1770 5631 1873 5692 epi-

304 5718 460 5772 stolas
489 5720 582 5772 Itos
599 5721 790 5772 mittam
812 5715 1007 5790 deferre
1027 5718 1241 5786 gratiam
1257 5730 1470 5771 vestram
1497 5722 1547 5772 in
1567 5719 1871 5773 Jerusalem.

310 5809 419 5866 Non
449 5809 599 5876 dixit,
628 5810 778 5866 Ilunc
803 5819 858 5866 et
881 5809 1048 5875 illum,
1071 5807 1185 5872 sed,
1218 5809 1354 5873 Quos
1376 5803 1460 5864 vos
1507 5812 1830 5878 probaverim
1856 5855 1869 5877 ,

1352 438 1659 498 IN‘EPIST.
1704 439 1721 494 ι
1788 437 1877 492 an
1912 434 2071 492 con.
2115 439 2342 498 uentu.
2385 443 2565 500 mu.
2765 409 2778 418 ’
3477 450 3581 506 370

2006 565 2139 620 quos
2177 554 2467 625 elcgeritis,
2510 565 2568 611 ut
2613 557 2968 614 ministerium
3025 568 3205 616 careat
3255 563 3581 632 suSpicionc.

2003 643 2362 710 Quamobrem
2392 658 2546 704 curat
2571 659 2627 704 ut
2652 650 2750 720 ipsi
2779 649 2954 706 ferant
3005 653 3316 724 suffragium
3357 658 3581 712 electio-

2006 738 2106 808 nis
2126 750 2313 791 eorum
2339 740 2430 808 qui
2457 740 2614 795 laturi
2644 749 2788 796 sunt.
2816 743 2932 796 Non
2962 745 3103 798 enim
3130 744 3297 810 dicit,
3349 747 3586 804 Collatto

2003 823 2218 892 quidem
2243 836 2326 881 est
2356 839 2552 894 vestra,
2597 830 2826 900 eligendi
2871 841 3048 887 autem
3080 842 3318 903 potestas
3359 846 3443 891 est
3482 853 3582 892 eo-

2002 929 2119 968 rum
2145 917 2234 985 qui
2266 927 2497 986 portant,
2521 935 2625 975 non
2656 932 2855 977 vestra.
2904 923 3128 990 Deinde,
3155 941 3224 979 ne
3247 926 3375 994 ipsis
3400 927 3584 981 vidca-

2003 1011 2088 1058 tur
2116 1005 2325 1069 abesse,
2354 1008 2534 1064 literas
2559 1011 2708 1065 addit
2741 1012 2926 1067 dicens
2972 1031 2985 1068 :
3032 1014 3169 1080 Quos
3211 1015 3538 1084 probaueritis
3560 1056 3578 1084 ,

2001 1111 2091 1164 per
2127 1096 2365 1163 epistolas
2390 1100 2605 1154 mittam.
2639 1101 2799 1167 Quasi
2831 1102 3043 1159 diceret
3069 1123 3082 1157 :
3115 1106 3227 1175 Ego
3255 1121 3465 1177 quoque
3485 1123 3580 1161 ero

2003 1180 2316 1254 vehiscum,
2355 1197 2410 1242 et
2439 1193 2676 1246 muneris
2705 1193 2940 1248 obeundi
2971 1211 3067 1249 ero
3099 1199 3366 1268 particeps
3398 1213 3490 1267 per
3514 1202 3576 1254 li-

2002 1284 2163 1331 teras.
2201 1278 2383 1349 Neque
2425 1280 2577 1346 dixit,
2618 1283 2724 1338 Eos
2750 1286 2956 1340 mittam
2988 1297 3042 1341 ut
3075 1297 3302 1342 vestram
3333 1283 3579 1345 deferant

2002 1367 2422 1439 eleemosynam,
2450 1372 2810 1434 sed,Vestram
2840 1377 3090 1446 gratiam,
3118 1387 3177 1432 ut
3203 1380 3446 1433 ostendat
3482 1395 3577 1436 eos

1997 1475 2184 1528 magna
2212 1465 2446 1530 operari,
2477 1476 2532 1518 et
2565 1466 2687 1520 inde
2719 1469 2934 1525 lucrum.
2959 1471 3234 1538 consequi.
3287 1471 3424 1524 Alibi
3472 1486 3571 1524 au-

1998 1557 2102 1602 tem
2149 1553 2382 1620 appellat
2429 1555 2851 1612 benedictionem
2884 1569 2938 1613 et
2977 1561 3512 1615 communicationem
3557 1580 3570 1615 :

1996 1638 2121 1694 illud
2151 1643 2386 1710 quidem,
2435 1661 2501 1699 ne
2529 1648 2772 1703 redderet
2817 1651 3111 1720 pigriores;
3158 1652 3260 1718 hoc
3308 1669 3455 1718 vero,
3505 1671 3587 1716 ne,

1996 1730 2152 1784 nimis
2178 1731 2427 1787 efferret:
2459 1752 2717 1803 nusquam
2756 1748 2931 1794 autem
2961 1741 3063 1794 hoc
3105 1744 3399 1796 nominavit
3425 1744 3573 1798 elec-

1993 1828 2348 1895 mosynamJ.
2380 1831 2527 1894 Quod
2552 1834 2593 1884 si
2618 1834 2824 1902 dignum
2852 1837 2998 1904 fuerit
3022 1846 3076 1889 ut
3099 1853 3189 1907 ego
3218 1854 3349 1903 eam,
3379 1825 3571 1893 meatui

1995 1915 2156 1970 ibunt.
2187 1918 2283 1972 llic
2304 1935 2488 1975 rursus
2518 1938 2610 1977 eos
2639 1925 2880 1979 hortatur
2923 1927 2988 1980 ad
3038 1928 3333 1997 largitatem
3374 1941 3428 1983 et
3454 1946 3572 1992 mu-

1996 2007 2334 2062 nificentiam.
2367 2011 2500 2064 Nam
2531 2014 2575 2066 si
2603 2023 2745 2067 tanta
2775 2030 2859 2069 res
2885 2018 2975 2082 sit,
3001 2018 3191 2088 inquit,
3219 2029 3275 2071 ut
3299 2034 3411 2072 mea
3437 2033 3571 2086 opus

1993 2098 2063 2150 sit
2091 2103 2392 2167 praisentia,
2423 2118 2490 2156 ne
2522 2104 2621 2157 hoc
2647 2106 2860 2173 quidem
2896 2109 3178 2163 recusabo.
3213 2109 3340 2175 Sed
3389 2111 3567 2164 statim

1993 2202 2098 2240 non
2146 2199 2227 2242 cst
2257 2191 2355 2245 hoc
2391 2193 2677 2260 pollicitus,
2709 2211 2882 2265 neque
2909 2198 3063 2260 dixit,
3095 2199 3379 2268 Postquam
3411 2202 3571 2255 adre-

1992 2292 2145 2340 uero,
2189 2280 2302 2346 ipse
2353 2281 2519 2336 feram
2551 2303 2562 2336 :
2595 2301 2765 2354 neque
2803 2288 2945 2339 enim
2972 2288 3071 2340 hoc
3091 2289 3224 2342 adeo
3249 2292 3568 2358 aniplilicasp

1990 2370 2149 2429 set,si
2179 2371 2245 2422 ab
2265 2371 2480 2425 iuitioid
2512 2376 2775 2442 posuisset
2801 2394 2812 2427 :
2848 2387 3027 2445 postea
3057 2387 3235 2432 autem
3269 2380 3486 2448 pulchre
3516 2391 3571 2435 et

1991 2469 2290 2525 opportune
2320 2461 2369 2514 id
2397 2463 2561 2515 addit.
2596 2465 2879 2535 Propterea
2924 2484 3028 2521 non
3067 2469 3247 2522 statim
3293 2471 3562 2538 promisit,

1996 2563 2172 2616 neque
2203 2554 2420 2605 omnino
2453 2554 2502 2606 id
2528 2553 2704 2618 siluit,
2762 2557 2854 2609 sed
2886 2573 3005 2610 cum
3035 2559 3260 2614 dixisset
3283 2574 3344 2615 se
3376 2561 3567 2614 missu-

1989 2656 2128 2704 rtun,
2163 2651 2284 2696 tunc
2312 2659 2520 2712 quoque
2550 2646 2695 2700 addit
2728 2648 2984 2713 seipsutn.
3018 2649 3114 2702 llic
3144 2664 3355 2718 quoque
3379 2666 3563 2705 rursus

1990 2731 2248 2785 ineorum
2283 2737 2424 2801 ponit
2453 2746 2744 2816 potestate,
2786 2738 2915 2792 dum
2943 2738 3075 2791 dixit
3106 2757 3118 2791 :
3147 2740 3206 2792 Si
3243 2756 3415 2807 operte
3449 2758 3565 2809 pre-

1988 2823 2112 2874 tium
2142 2827 2292 2893 fuerit
2323 2835 2373 2876 ut
2400 2843 2491 2896 ego
2533 2845 2641 2880 eam
2668 2845 2688 2890 ;
2736 2829 2837 2882 hoc
2862 2845 2987 2884 Vero
3029 2830 3078 2883 in
3124 2831 3226 2884 illis
3264 2832 3420 2884 situm
3451 2841 3566 2885 erat

1989 2915 2212 2968 multum
2239 2915 2416 2971 facere
2454 2919 2593 2986 quod
2622 2920 2988 2989 colligebatur,
3031 2933 3084 2975 et
3116 2931 3317 2976 tantum
3347 2931 3402 2976 ut
3472 2935 3568 2973 eos

1985 3003 2228 3062 ﬂecteret
2283 3010 2459 3078 ipsum
2514 3022 2752 3077 surgere.
2821 3011 2873 3065 5.
2907 3010 3110 3062 Veniam
3149 3021 3311 3064 autent
3354 3013 3421 3063 ad
3459 3027 3560 3073 vos,

1987 3115 2100 3151 cum
2128 3099 2480 3153 Macedoniam
2503 3103 2859 3170 pertransiero.
2891 3103 3028 3155 Dixit
3056 3103 3155 3156 hoc
3181 3118 3390 3170 quoque
3407 3119 3567 3171 supe-

1988 3190 2132 3253 rius,
2165 3190 2257 3245 sed
2289 3189 2652 3258 llllleIUitiem
2688 3192 2970 3256 iracunde;
3020 3192 3224 3246 addidit
3265 3192 3438 3256 enim,
3501 3192 3566 3244 Ιίί

1987 3296 2288 3349 cognoscam
2345 3297 2445 3333 non
2496 3298 2776 3334 sermonem
2828 3283 3143 3349 inﬂatorum,
3197 3282 3284 3334 sed
3329 3282 3564 3333 virtutem

1987 3370 2064 3438 (l.
2094 3369 2210 3422 Cor.
2239 3370 2291 3423 4.
2321 3371 2408 3438 19)
2436 3389 2449 3424 :
2484 3371 2568 3424 hic
2594 3381 2767 3425 autem
2796 3371 2996 3432 mitius,
3030 3381 3085 3424 ut
3113 3372 3229 3439 ejus
3257 3371 3562 3425 desiderent

1992 3461 2347 3528 prmseutiam.
2380 3463 2579 3517 Deinde
2609 3479 2674 3517 ne
2704 3464 2881 3516 dicant
2914 3480 2924 3515 :
2950 3463 3059 3517 Cur
3083 3479 3210 3531 ergo
3248 3464 3400 3517 nobis
3433 3479 3566 3530 prm-

1988 3551 2094 3604 l'ers
2123 3550 2474 3604 Macedones?
2515 3567 2616 3604 non
2657 3552 2809 3617 dixit,
2842 3553 3124 3620 Postquam
3171 3551 3387 3614 abiero,
3433 3552 3559 3612 sed,

1985 3642 2110 3696 Cum
2143 3642 2492 3696 Macedonian:
2515 3644 2869 3712 pertransiero.
2903 3642 3037 3696 Nam
3070 3642 3416 3694 tllacctlonium
3448 3658 3561 3709 per-

1987 3733 2229 3784 transibo.
2261 3733 2314 3786 6.
2340 3733 2491 3802 Apud
2514 3749 2599 3786 vos
2625 3742 2790 3785 autent
2815 3734 3025 3802 forsitan
3052 3731 3258 3783 manebo
3275 3771 3290 3793 ,
3320 3733 3393 3783 rel
3415 3733 3564 3786 etiam

1993 3821 2242 3874 hiemabo.
2271 3821 2452 3890 Neque
2480 3823 2622 3875 enim
2658 3823 2780 3875 volo
2809 3836 2901 3874 vos
2930 3822 3159 3876 invisere
3191 3829 3457 3889 tamquam
3509 3821 3562 3872 in

1987 3913 2233 3974 transitu,
2267 3914 2360 3967 sed
2389 3914 2662 3967 vobiscum
2693 3914 2893 3967 versari
2934 3926 2986 3967 et
3021 3913 3157 3980 apud
3191 3926 3282 3965 vos
3327 3927 3559 3963 manere.

1986 4003 2118 4056 Nam
2145 4004 2358 4071 quando
2388 4005 2522 4058 hanc
2557 4004 2824 4058 scribebat
2849 4004 3151 4073 epistolam,
3200 4012 3312 4056 erat
3357 4001 3555 4069 Ephesi

1989 4095 2179 4149 hiemis
2245 4104 2504 4164 tempore.
2558 4095 2686 4147 Dicit
2720 4110 2856 4164 ergo
2898 4111 2911 4147 :
2952 4095 3005 4149 8.
3041 4094 3348 4146 Permanebo
3391 4102 3558 4144 autem

1991 4185 2182 4252 Ephesi
2207 4201 2362 4252 usque
2397 4186 2464 4237 ad
2501 4185 2825 4237 l’eutecosten
2859 4200 2877 4237 :
2906 4193 3084 4253 postea
3113 4192 3288 4236 autem
3320 4183 3476 4235 ahiho
3508 4183 3558 4234 iu

1989 4275 2370 4335 Macedoniam,
2398 4286 2588 4329 etcum
2612 4291 2728 4329 eam
2749 4276 3127 4344 pertransicro,
3151 4276 3353 4327 veniam
3381 4272 3444 4325 ad
3466 4285 3558 4325 vos

1986 4375 2171 4420 a‘state
2201 4385 2214 4420 :
2262 4367 2397 4419 forte
2426 4376 2602 4420 autem
2632 4375 2684 4418 et
2716 4367 2941 4421 hiemem
2964 4364 3102 4433 apud
3127 4380 3217 4417 vos
3241 4364 3549 4429 transigam.

2056 4460 2110 4512 3.
2154 4457 2261 4512 Cur
2304 4465 2481 4511 autem
2522 4455 2656 4510 dixit
2704 4456 2976 4518 Forsitan,
3007 4467 3058 4510 et
3091 4472 3193 4508 non
3233 4454 3560 4507 affirmavit?

1986 4546 2248 4612 Quoniam
2280 4562 2384 4600 non
2411 4547 2587 4600 omnia
2615 4546 2927 4614 prtescicbat
2959 4546 3152 4600 Paulus
3179 4561 3193 4608 ;
3226 4544 3381 4611 idque
3409 4544 3556 4596 utili-

1987 4647 2084 4690 ter.
2119 4639 2401 4706 Propterea
2430 4653 2599 4706 neque
2632 4639 2871 4690 absolute
2896 4635 3156 4698 affirmat,
3190 4645 3247 4690 tit
3275 4636 3316 4688 si
3350 4650 3454 4689 non
3483 4633 3559 4687 fa-

1986 4738 2130 4781 ctum
2160 4727 2316 4781 fuerit
2342 4769 2356 4790 ,
2393 4728 2583 4780 haheat
2613 4726 2892 4794 effugium,
2923 4727 3061 4795 quod
3093 4738 3215 4779 tunc
3237 4726 3430 4778 dixerit
3471 4727 3549 4776 in-

1985 4817 2223 4881 definite,
2252 4827 2305 4871 et
2329 4816 2555 4884 Spiritus
2583 4825 2898 4884 potestatem
2941 4833 3056 4884 qua:
3097 4831 3218 4868 eum
3257 4830 3363 4882 quo
3404 4813 3562 4865 vellet

1985 4907 2223 4967 duceret,
2254 4923 2358 4961 non
2389 4923 2494 4976 quo
2525 4907 2638 4975 ipse
2671 4907 2934 4975 Cupiebat.
2958 4907 3107 4973 Quod
3140 4908 3294 4959 etiam
3326 4903 3472 4970 ponit
3504 4903 3554 4955 in

1985 4999 2215 5050 secunda
2263 4999 2501 5064 Epistula
2548 4998 2615 5050 de
2661 5013 2809 5049 mora
2855 5013 2912 5050 se
2946 5013 3202 5050 excusans
3231 5010 3284 5048 et
3322 4995 3508 5048 dicens
3544 5014 3556 5047 :

1988 5086 2084 5137 Aut
2113 5100 2224 5153 quia
2250 5086 2442 5153 cogito,
2471 5086 2745 5136 secundum
2769 5101 2971 5136 carnem
3012 5084 3199 5151 rogito,
3248 5094 3302 5138 ut
3328 5085 3391 5135 sit
3422 5086 3560 5156 apud

1989 5193 2066 5228 me
2089 5186 2160 5228 est
2185 5183 2276 5239 est,
2302 5183 2464 5227 etnon
2486 5189 2583 5226 non
2613 5173 2690 5240 (‘2.
2725 5173 2844 5226 Cor.
2878 5174 2962 5226 Η.
2998 5174 3106 5240 l7).
3158 5174 3224 5227 Ut
3263 5190 3346 5227 vos
3369 5192 3444 5226 me
3468 5175 3556 5225 tle-

1986 5266 2183 5319 ducatis
2212 5280 2521 5335 quocumque
2547 5265 2670 5318 iero.
2720 5264 2831 5317 Hoc
2875 5279 3087 5331 quoque
3123 5278 3205 5321 est
3243 5268 3474 5318 caritatis
3506 5273 3554 5316 et

1987 5359 2169 5411 nmltze
2199 5358 2518 5412 dilectionis.
2561 5357 2612 5410 7.
2651 5357 2786 5410 Nolo
2817 5358 2948 5411 enim
2981 5375 3064 5410 eos
3099 5360 3244 5410 modo
3269 5359 3318 5407 in
3344 5357 3556 5407 transitu

1983 5448 2151 5500 videre
2192 5463 2208 5498 :
2237 5464 2383 5514 spero
2406 5448 2536 5499 enim
2567 5463 2644 5499 me
2677 5448 3047 5514 aliquantulam:
3079 5445 3313 5510 temporis
3358 5461 3560 5498 manere

1985 5537 2124 5605 apud
2153 5553 2257 5598 vos,
2292 5539 2334 5589 si
2364 5539 2607 5592 Dominus
2632 5540 2932 5606 perndserit.
2966 5539 3085 5589 llaec
3111 5549 3284 5588 autem
3309 5537 3515 5591 dicebat
3543 5579 3556 5600 ,

1985 5629 2142 5683 simul
2190 5637 2244 5681 et
2286 5633 2559 5685 caritatem
2605 5632 2918 5690 ostendens,
2952 5640 3005 5682 et
3042 5644 3133 5682 eos
3162 5629 3248 5698 qni
3277 5642 3556 5699 peccarcnt

1986 5730 2211 5781 terrens,
2261 5735 2366 5772 non
2413 5732 2586 5773 tamen
2634 5730 2835 5787 aperte,
2886 5719 2978 5772 sed
3009 5719 3256 5774 amicitia:
3297 5721 3553 5773 nomine:

1991 5809 2301 5864 Permauebo
2334 5823 2499 5866 autem
2534 5810 2717 5880 Ephesi
2750 5827 2906 5881 usque
2948 5813 3014 5865 ad
3042 5811 3388 5867 Pentecoste».
3445 5816 3549 5868 ilco
