4066 6348
572 339 669 398 371

577 460 685 504 mo
712 450 795 506 eis
819 451 999 508 omnia
1026 448 1154 503 dicit
1182 459 1386 513 exacte,
1414 450 1693 506 declarans
1718 459 1983 519 lamqttam
2012 452 2150 505 ami-

576 538 677 594 cis.
700 538 831 594 Nam
859 549 913 594 et
938 539 1042 595 hoc
1067 547 1153 593 est
1176 533 1444 605 amicitiae,
1473 541 1655 596 dicere
1683 554 1897 594 causam
1923 556 2019 595 cur
2041 557 2146 595 non

579 633 875 699 advenerit,
903 642 1126 702 propter
1153 648 1309 702 quam
1341 632 1571 698 dill'erat,
1603 642 1659 687 et
1683 633 1770 688 ubi
1800 642 2063 687 versetur.
2088 632 2145 688 9.

578 725 775 777 Ostium
803 725 936 779 enim
980 725 1105 777 mihi
1136 735 1370 793 riparum
1407 736 1481 779 est
1512 741 1749 795 maguum
1775 734 1823 779 et
1849 725 2068 787 evidens,
2100 732 2150 777 et

575 814 850 866 adversarii
899 815 1066 868 stulti.
1110 813 1199 879 Et,
1231 815 1277 869 si
1308 830 1576 885 magnum,
1607 815 1875 885 quomodo
1899 815 2151 870 adversa-

574 902 677 956 rii?
707 903 931 971 Propter
972 902 1073 957 hoc.
1114 904 1284 972 ipsum
1317 905 1465 959 multi
1499 915 1628 959 sunt
1654 905 1971 969 adversarii.
2013 918 2150 972 quo-

575 996 719 1048 niam
747 1008 934 1064 magna
963 1004 1044 1048 est
1070 994 1217 1060 fides,
1270 1005 1324 1048 et
1361 997 1499 1051 latus
1544 996 1835 1065 ingressus.
1886 994 2023 1061 Quid
2069 1003 2154 1049 est

575 1097 779 1148 autem,
822 1086 1019 1141 Ostium
1044 1089 1326 1157 magnust?
1371 1089 1516 1144 Multi
1546 1099 1673 1144 sunt
1699 1091 1867 1158 parati
1894 1089 1961 1145 ad
1992 1089 2149 1144 ﬁdem

575 1175 995 1243 suscipiendam,
1028 1178 1181 1231 nmlti
1220 1178 1419 1234 debent
1447 1179 1707 1235 accedere
1747 1189 1802 1235 et
1842 1180 2082 1235 converti
2130 1196 2148 1233 :

575 1264 717 1325 latus
739 1266 867 1319 mihi
911 1277 1057 1336 patet
1096 1269 1272 1323 aditus
1295 1309 1310 1333 ,
1360 1280 1639 1325 crescente
1663 1279 1718 1325 et
1742 1270 1953 1340 vigente
1992 1284 2149 1325 acce-

574 1353 811 1413 dentium
837 1367 1017 1413 mente
1045 1358 1110 1411 ad
1140 1358 1492 1414 obedientium
1523 1360 1663 1415 fidei.
1683 1361 1968 1430 Propterea
1992 1363 2154 1417 vehe-

574 1454 782 1510 menter
823 1447 1059 1515 spirabat
1098 1448 1378 1514 diabolus,
1433 1452 1683 1519 quoniam
1714 1452 1922 1507 videbat
1954 1454 2154 1509 multos

572 1551 601 1589 a
629 1551 689 1591 se
718 1538 1034 1593 desciscere.
1069 1540 1427 1606 Quamobrem
1458 1552 1677 1611 propter
1718 1556 2003 1615 utrumque
2039 1559 2154 1597 ma-

576 1639 704 1681 nere
731 1629 1031 1695 oportebat,
1060 1637 1115 1682 et
1151 1631 1293 1698 quod
1325 1631 1550 1685 nmltum
1579 1643 1725 1688 esset
1754 1634 1909 1699 lucri,
1934 1644 1988 1689 et
2008 1634 2151 1705 quod

574 1732 822 1787 magnum
865 1729 1157 1773 certamen.
1208 1719 1321 1775 Hoc
1364 1731 1542 1777 autem
1568 1738 1784 1793 quoque
1810 1724 1916 1779 illis
1943 1725 2152 1781 animos

573 1808 820 1872 addebat,
844 1810 985 1879 quod
1011 1810 1208 1865 dixerit
1227 1812 1449 1868 verbum
1473 1814 1585 1883 jam
1617 1814 1812 1885 ubique
1838 1817 2071 1885 operari,
2098 1824 2153 1870 et

574 1897 730 1954 facile
746 1902 1063 1969 germinare.
1085 1902 1138 1957 Si
1161 1914 1338 1958 autem
1357 1909 1482 1959 Sunt
1512 1904 1661 1959 multi
1690 1908 1779 1975 qui
1812 1907 2151 1975 insidiantur,

574 1986 676 2042 hoc
708 2004 921 2058 quoque
951 1991 1161 2059 signum
1214 2002 1297 2047 est
1341 1993 1610 2061 profectus
1653 1996 1933 2064 evangelii.
1989 1997 2151 2051 Num-

571 2091 729 2145 quam
747 2078 889 2131 euim
914 2079 1083 2149 magis
1102 2081 1252 2133 sazvit
1271 2096 1332 2135 ac
1354 2082 1481 2135 furit
1502 2084 1793 2139 sceleratus
1814 2085 1903 2139 ille
1918 2085 2150 2152 daemon,

576 2182 733 2233 quam
756 2184 877 2222 cum
896 2184 961 2223 ex
987 2170 1100 2224 suis
1121 2172 1259 2225 vasis
1281 2181 1334 2225 et
1358 2173 1724 2229 instrumentis
1741 2175 1903 2230 multa
1926 2176 2064 2231 videt
2080 2177 2152 2232 di-

574 2258 697 2327 ripi.
730 2257 797 2311 Et
829 2273 925 2311 nos
951 2273 1081 2328 ergo
1101 2259 1315 2329 quando
1346 2276 1592 2332 magnum
1620 2263 1829 2334 aliquod
1857 2274 1911 2320 et
1929 2268 2151 2334 pra‘cla-

574 2360 693 2399 rum
746 2360 883 2414 opus
922 2362 1107 2411 gerere
1150 2350 1503 2415 voluerimus,
1533 2367 1601 2407 ne
1624 2352 1726 2408 hoc
1750 2354 2153 2410 consideremus

575 2434 714 2503 quod
739 2438 911 2505 magni
935 2437 1005 2491 sit
1021 2438 1238 2505 laboris,
1253 2440 1347 2493 sed
1364 2441 1429 2494 ad
1450 2441 1654 2497 lucrum
1675 2444 2154 2512 aspiciamusﬂide

577 2538 806 2593 namque
824 2525 1041 2580 Paulum
1063 2542 1165 2580 non
1193 2538 1474 2599 propterea
1496 2533 1667 2586 vereri
1696 2547 1758 2585 ac
1775 2516 2037 2597 dubitare,
2054 2550 2153 2592 nec

575 2623 852 2683 propterea
898 2614 1171 2685 refugere,
1199 2619 1451 2684 quoniam
1497 2620 1647 2673 multi
1691 2631 1815 2675 sunt
1838 2621 2149 2692 adversarii,

572 2704 668 2757 sed
699 2705 949 2773 quoniam
979 2719 1225 2770 magnum
1254 2715 1369 2760 erat
1392 2709 1616 2776 ostium,
1636 2710 1837 2766 instare
1860 2720 1915 2767 et
1944 2727 2153 2781 perma-

578 2809 727 2847 nere.
753 2794 882 2847 Nam
898 2794 1035 2848 sicut
1052 2794 1181 2851 dixi.
1205 2796 1305 2851 hoc
1329 2798 1665 2868 eratsignnm
1694 2802 1835 2871 quod
1862 2804 2154 2861 nudaretur

577 2893 629 2939 et
653 2884 972 2953 spoliaretur
990 2885 1248 2942 diabolus.
1282 2888 1397 2944 Non
1438 2900 1520 2945 est
1547 2892 1691 2945 enim
1712 2892 1829 2962 ejus
1854 2894 1945 2964 qui
1991 2910 2152 2963 parva

577 2983 729 3043 gerat
757 2984 808 3031 et
837 2976 973 3031 mala
995 3018 1010 3041 ,
1043 2978 1237 3032 malam
1268 2980 1411 3033 illam
1437 2980 1661 3035 bestiam
1693 2981 1922 3038 irritare.
1952 2982 2153 3051 Quam—

575 3066 759 3120 obrem
781 3064 993 3135 quando
1013 3067 1207 3121 videris
1232 3068 1433 3137 justum
1464 3085 1653 3140 magna
1686 3086 1749 3126 ac
1778 3075 2031 3142 prmclara
2061 3092 2153 3147 ge-

576 3169 698 3210 rere
741 3163 796 3209 et
836 3155 975 3209 mala
1029 3156 1132 3226 pati
1174 3156 1599 3223 innumerabilia,
1633 3175 1700 3215 ne
1744 3163 1975 3220 mireris.
2018 3164 2151 3223 Nam

576 3253 758 3297 contra
791 3245 971 3298 mirari
998 3255 1302 3315 oporteret,
1322 3249 1368 3303 si
1396 3248 1642 3306 diabolus
1666 3254 1861 3309 multas
1886 3257 2152 3327 accipiens

579 3334 758 3403 plagas
799 3334 1099 3403 quiesceret
1140 3344 1195 3390 et
1240 3338 1459 3392 vulnera
1491 3339 1696 3407 placide
1738 3340 1923 3397 ferret.
1970 3345 2154 3417 Neque

578 3425 718 3478 enim
740 3464 755 3485 ,
796 3425 840 3479 si
872 3439 1093 3495 serpens
1124 3435 1350 3494 pnnctus
1376 3429 1631 3483 continuo
1658 3429 1909 3486 eﬂ'eratur
1934 3443 1990 3488 et
2020 3450 2155 3505 pun-

579 3507 754 3585 gendo
778 3511 1022 3579 insultet,
1046 3517 1237 3574 mirari.
1260 3528 1487 3587 Oportet.
1513 3520 1712 3584 Quovis
1731 3522 1874 3577 enim
1904 3536 2154 3594 serpente

583 3606 795 3681 mritis,
815 3607 983 3676 serpit
1007 3605 1271 3673 diabolus,
1303 3609 1552 3664 omnibus
1581 3611 1841 3667 insultans
1860 3653 1877 3679 ,
1904 3623 1959 3669 et
1985 3620 2154 3687 surgit

581 3698 719 3751 sic-ut
743 3696 984 3767 scorpius
1014 3696 1067 3752 in
1095 3698 1260 3755 altum
1301 3709 1483 3756 erecto
1524 3702 1763 3761 stimulo.
1816 3704 1893 3759 Ne
1917 3706 2028 3768 hoc
2056 3722 2152 3762 vos

580 3790 862 3844 conturbet
894 3805 909 3840 :
941 3804 1063 3843 eum
1104 3789 1280 3854 enim,
1327 3792 1416 3859 qui
1446 3805 1475 3844 a
1514 3792 1660 3846 bello
1696 3801 1755 3848 et
1780 3809 1809 3848 a
1839 3795 2061 3850 victoria
2101 3806 2158 3853 et

580 3878 727 3933 caede
757 3879 1061 3947 revertitur,
1092 3893 1311 3935 necesse
1340 3892 1422 3935 est
1452 3880 1617 3937 fuisse
1656 3895 2023 3955 cruentatum,
2056 3906 2157 3943 sa:-

584 3982 755 4037 peque
774 3968 932 4022 etiam
963 3970 1182 4024 vulnera
1203 3969 1479 4027 exhibere.
1515 3970 1580 4026 Et
1611 3981 1665 4027 tu
1694 3988 1822 4045 ergo
1849 3990 1971 4031 cum
2002 3979 2159 4035 vide-

583 4059 660 4113 ris
686 4059 914 4129 aliquem
944 4060 1315 4132 eleemosynas
1339 4064 1642 4131 facientem,
1671 4075 1722 4120 et
1753 4068 2156 4125 innumerabilia

583 4148 684 4201 alia
714 4147 851 4201 bona
883 4158 1233 4218 operantem,
1282 4159 1337 4206 et
1375 4152 1455 4207 sic
1484 4154 1623 4207 vires
1666 4154 1860 4210 diaboli
1904 4156 2155 4227 frangen-

584 4247 690 4291 tem
713 4279 730 4303 ,
756 4238 949 4293 deinde
976 4240 1211 4295 incidere
1243 4242 1293 4294 in
1322 4243 1641 4297 tentationes
1672 4252 1726 4297 et
1763 4247 1996 4313 pericula
2023 4290 2037 4313 ,
2091 4264 2158 4304 ne

586 4328 863 4397 propterea
893 4330 1235 4385 conturberis
1261 4348 1276 4386 :
1308 4331 1429 4386 ideo
1451 4332 1592 4385 enim
1623 4334 1805 4388 incidit
1832 4336 1885 4389 in
1919 4340 2159 4392 lentatio-

584 4431 703 4484 nes,
728 4417 870 4487 quod
898 4409 1165 4479 diabolum
1198 4421 1548 4477 vehementer
1580 4423 1801 4479 ferierit.
1846 4427 1911 4481 Et
1935 4443 2159 4497 quomo-

579 4507 673 4572 do,
699 4507 925 4577 inquies,
952 4506 1003 4562 id
1024 4510 1264 4578 permisit
1293 4512 1467 4566 Deus?
1492 4511 1562 4567 Ut
1587 4514 1755 4583 magis
1774 4528 2077 4580 coronetur,
2104 4527 2157 4571 et

582 4597 836 4665 majorem
885 4597 1129 4653 diabolus
1174 4599 1379 4668 plagam
1432 4602 1679 4671 accipiat.
1726 4603 1858 4658 Nam
1906 4607 2154 4675 quando,

584 4695 862 4754 postquam
907 4686 1044 4740 bona
1093 4685 1313 4753 fecerit,
1360 4692 1543 4759 gravia
1592 4701 1644 4745 et
1680 4707 1869 4761 aSpcra
1918 4697 2152 4763 patiens,

582 4788 842 4845 perpetuo
862 4778 969 4847 agit
996 4779 1213 4847 gratias,
1249 4790 1375 4834 tunc
1403 4781 1589 4836 feritur
1616 4784 1882 4840 diabolus.
1909 4786 2153 4855 Magnum

583 4868 794 4934 quidem
831 4877 913 4923 est
953 4870 1113 4923 etiam
1146 4869 1305 4924 rebus
1334 4872 1582 4927 secundis
1612 4885 1665 4927 et
1692 4890 1946 4944 prospere
1986 4868 2190 4929 alien?

583 4955 745 5018 tibus,
773 4965 829 5009 et
847 4958 1084 5012 misereri
1111 4967 1165 5013 et
1185 4960 1429 5014 virtutem
1463 4964 1746 5032 amplecti;
1778 4967 1942 5020 multo
1976 4977 2154 5019 autem

583 5057 667 5101 est
710 5046 915 5115 majus,
942 5048 1073 5103 dura
1110 5059 1164 5104 et
1206 5052 1387 5120 gravia
1417 5055 1705 5120 patientem
1728 5096 1741 5120 ,
1767 5072 1871 5109 non
1898 5057 2156 5111 desistere

580 5138 648 5191 ab
697 5139 794 5191 hac
838 5136 973 5191 bona
1014 5141 1344 5206 operatione.
1395 5141 1444 5195 ls
1478 5144 1621 5196 enim
1664 5152 1775 5205 est,
1821 5146 1909 5212 qui
1943 5155 2157 5213 propter

584 5228 747 5283 Deum
781 5229 893 5280 haec
921 5228 1148 5281 maxime
1173 5227 1318 5282 facit.
1348 5230 1707 5299 Quamobrem
1736 5234 1944 5287 etiamsi
1982 5236 2034 5288 in
2065 5250 2157 5302 pe-

582 5318 807 5371 riculum
839 5317 1135 5380 veniamus,
1178 5317 1379 5381 dilecti,
1408 5328 1464 5374 et
1490 5321 1701 5389 quidvis
1729 5324 2010 5388 patiamur.
2033 5338 2153 5377 cum

582 5406 771 5477 majori
807 5407 970 5462 animi
1010 5407 1284 5462 alacritate
1310 5423 1407 5478 pro
1433 5409 1629 5465 virtute
1654 5410 1863 5465 labores
1893 5412 2156 5479 suscipia-

581 5511 723 5551 mus.
751 5495 865 5551 Non
892 5509 976 5553 est
1006 5498 1148 5552 enim
1171 5496 1259 5553 hic
1286 5506 1495 5567 tempus
1522 5499 1783 5555 mercedis
1815 5515 1879 5554 ac
1905 5516 2155 5556 remune-

581 5586 823 5643 rationis.
854 5586 932 5643 Ne
967 5587 1053 5642 hic
1078 5602 1206 5659 ergo
1225 5602 1455 5644 coronas
1483 5589 1758 5659 exigamus
1776 5630 1790 5655 ,
1839 5605 1907 5645 ne
1932 5592 1984 5644 in
2017 5600 2156 5646 tem-

584 5685 715 5742 pore
760 5690 1075 5734 coronarum
1118 5680 1294 5735 minor
1339 5681 1410 5735 sit
1451 5694 1658 5737 merces
1684 5694 1746 5735 ac
1772 5683 2152 5737 remuneratio.

1307 341 1361 398 S.
1401 341 1676 397 JOANNIS
1712 334 2177 399 CIIRYSOSTOMI
2214 343 2522 403 ARCIIIEP.
2563 348 3087 413 CONSTANTINOP.

3724 365 3825 423 37!.

2254 455 2707 549 Quemadmodum
2736 464 2878 518 enim
2908 466 2961 520 in
2992 468 3280 525 artificibus
3299 513 3313 536 ,
3358 473 3455 542 qui"
3474 476 3684 545 seipsos
3708 482 3825 549 qui-

2254 545 2375 599 dem
2402 547 2585 611 alunt,
2618 552 2876 619 majorem
2905 559 3175 628 accipiunt
3210 564 3551 632 mercedem;
3599 570 3693 637 qui
3727 545 3823 624 -ευ-
3850 621 3852 623 .

2254 644 2363 690 tem
2423 638 2640 730 aluntur
2664 642 2823 698 abiis
2863 648 2952 715 qui
2991 649 3402 721 conduxerunt,
3450 673 3558 712 non
3609 674 3829 730 parvam

2255 735 2457 794 partem
2482 728 2551 783 de
2573 733 2824 788 mercede
2847 735 3140 794 detrahunt
3165 757 3181 796 :
3213 742 3284 795 ita
3310 744 3469 799 etiam
3510 748 3565 801 in
3606 728 3827 814 sanctis,

2253 818 2341 886 qui
2380 818 2517 874 hona
2546 823 2760 892 quidem
2788 817 2917 883 facit
2945 828 3353 890 innumerabilia
3378 845 3433 890 et
3460 838 3825 895 innumerabi-

2254 908 2322 963 lia
2345 912 2548 1003 patitur
2575 914 2712 968 mala
2731 955 2749 981 ,
2781 917 3043 989 integram
3073 920 3235 980 habet
3261 929 3564 984 mercedem
3590 940 3649 986 et
3675 932 3831 1003 longe

2254 999 2509 1091 majorem
2546 1007 3049 1077 remunerationem,
3082 1027 3188 1066 non
3219 1028 3314 1082 pro
3340 1015 3495 1071 bonis
3514 1020 3689 1073 solum
3711 999 3830 1091 qu'a

2254 1088 2398 1157 fecit,
2428 1094 2523 1148 sed
2549 1094 2711 1150 etiam
2741 1112 2839 1166 pro
2863 1100 3020 1155 malis
3058 1118 3177 1173 qua:
3218 1120 3406 1175 passus
3451 1118 3538 1165 est
3566 1129 3580 1164 :
3606 1113 3701 1181 qui
3728 1088 3824 1167 au-

2256 1190 2361 1235 tem
2393 1182 2479 1238 hic
2507 1185 2696 1240 fruitur
2727 1190 2905 1257 quiete
2931 1200 2985 1245 et
3016 1192 3241 1263 deliciis,
3270 1211 3373 1251 non
3413 1208 3517 1254 tam
3546 1202 3832 1269 praelatos

2255 1269 2363 1324 illic
2393 1270 2554 1327 habet
2585 1289 2833 1331 coronas.
2875 1278 2951 1334 Ne
2980 1280 3069 1335 hic
3094 1297 3223 1353 ergo
3247 1301 3548 1354 quaeramus
3575 1306 3834 1347 remune-

2254 1360 2536 1427 rationem,
2584 1365 2680 1418 sed
2724 1376 2847 1421 tunc
2881 1373 3110 1425 maxime
3136 1373 3397 1441 lmtemur,
3428 1381 3641 1447 quando
3683 1381 3823 1437 bona

2253 1463 2414 1517 Opera
2461 1463 2681 1521 agentes
2729 1458 2867 1513 male
2915 1461 3168 1529 patimur.
3212 1464 3328 1519 Non
3378 1469 3548 1523 solum
3578 1474 3723 1526 enim
3762 1488 3829 1529 ex

2252 1549 2398 1595 recte
2428 1544 2603 1608 factas,
2642 1546 2736 1600 sed
2780 1549 2940 1603 etiam
2979 1566 3046 1607 ex
3095 1556 3477 1612 tentationibus
3506 1560 3643 1615 Deus
3675 1564 3832 1619 nobis

2255 1628 2361 1684 illic
2387 1633 2623 1687 rec0ndit
2651 1637 2970 1693 mercedem.

2324 1719 2377 1772 4.
2422 1718 2488 1775 Ut
2523 1730 2699 1776 autem
2725 1727 2866 1793 quod
2896 1729 3016 1783 dico
3047 1730 3135 1784 flat
3172 1735 3506 1792 manifestius
3527 1778 3542 1802 ,
3584 1741 3690 1794 sint
3721 1741 3831 1795 duo

2252 1806 2453 1864 divites
2494 1813 2905 1879 misericordes,
2952 1829 3007 1873 et
3050 1820 3178 1876 dent
3225 1828 3584 1894 pauperibus:
3634 1832 3831 1887 deinde

2253 1912 2441 1954 eorum
2484 1903 2621 1957 alter
2661 1906 2875 1973 quidem
2920 1920 3132 1966 maneat
3176 1915 3229 1967 in
3281 1911 3513 1981 divitiis,
3570 1930 3623 1973 et
3649 1925 3831 1976 omnia

2253 2002 2508 2058 prospere
2533 1992 2585 2045 ei
2604 1996 2891 2050 succedant
2913 2015 2928 2059 ;
2950 2001 3088 2056 alter
3102 2014 3277 2058 autem
3298 2006 3497 2061 incidat
3528 2010 3578 2062 iu
3600 2026 3829 2081 pauper-

2254 2087 2415 2134 tatem
2438 2089 2491 2136 et
2518 2086 2733 2139 morbos
2770 2096 2822 2140 et
2850 2090 3202 2157 calamitates,
3230 2105 3284 2150 et
3312 2097 3424 2153 Deo
3458 2110 3580 2168 agat
3607 2108 3826 2171 gratias.

2252 2169 2382 2226 Cum
2414 2187 2543 2242 ergo
2581 2175 2614 2227 ii
2657 2176 2781 2231 hinc
2827 2180 2953 2234 illuc
2995 2187 3364 2251 excesserint,
3410 2191 3529 2258 quis
3570 2169 3829 2261 majorem

2252 2259 2479 2328 accipiet
2515 2266 2854 2320 mercedem?
2884 2285 3059 2323 annon
3094 2275 3429 2341 perspicuum
3458 2292 3540 2333 est
3568 2259 3709 2350 quod
3736 2286 3831 2352 qui

2253 2357 2478 2415 aegrotat
2519 2360 2575 2405 et
2614 2352 2904 2423 afﬂigitur,
2940 2361 3200 2426 quoniam
3251 2374 3305 2417 et
3345 2366 3481 2421 bene
3527 2366 3731 2424 faciens
3774 2384 3833 2427 et

2254 2437 2393 2491 male
2424 2440 2666 2507 patiens,
2699 2443 2834 2496 nihil
2862 2460 3049 2513 passus
3086 2460 3171 2504 est
3212 2451 3498 2510 humanum
3520 2457 3551 2507 τ
3582 2458 3638 2513 Id
3682 2472 3832 2518 certa

2255 2526 2427 2595 palam
2455 2530 2706 2585 omnibus
2734 2542 2836 2587 est.
2865 2533 2960 2592 Hic
2984 2540 3126 2591 enim
3156 2550 3241 2594 est
3266 2551 3439 2598 statua
3466 2547 3829 2616 adamantina,

2254 2618 2343 2673 hic
2387 2629 2472 2674 est
2516 2635 2703 2678 servus
2745 2636 2927 2692 gratus
2952 2638 3007 2682 et
3048 2630 3355 2689 benevolus.
3395 2636 3452 2691 Si
3493 2650 3669 2695 autem
3723 2656 3829 2697 non

2252 2718 2473 2777 propter
2502 2724 2651 2777 spem
2684 2716 2829 2783 regni
2855 2728 3068 2785 oportet
3094 2720 3294 2790 aliquid
3321 2717 3444 2779 boni
3472 2717 3650 2783 facere
3672 2771 3689 2795 ,
3736 2731 3830 2787 sed

2255 2808 2471 2890 propter
2498 2800 2551 2854 id
2578 2802 2719 2871 quod
2748 2802 2860 2860 Deo
2886 2807 3100 2862 videtur
3123 2825 3187 2865 ac
3214 2812 3417 2879 placet;
3443 2820 3583 2887 quod
3611 2822 3831 2890 quidem

2252 2897 2336 2941 est
2364 2887 2536 2981 majus
2564 2892 2754 2961 quovis
2786 2907 2952 2965 regno
2976 2912 2991 2961 ;
3021 2898 3147 2967 quid
3177 2914 3414 2959 meretur
3438 2908 3531 2975 qui
3558 2887 3657 2973 eoi,
3684 2912 3828 2981 quod

2255 2991 2359 3031 non
2392 2978 2479 3034 hic
2508 2980 2733 3049 accipiat
2761 2988 3275 3056 remunerationem,
3309 2992 3362 3047 in
3389 3000 3686 3054 exercenda
3705 2978 3832 3056 “vir-

2254 3076 2367 3123 tute
2391 3079 2474 3124 est
2502 3070 2737 3140 pigriori
2780 3073 2856 3129 Ne
2892 3088 3024 3146 ergo
3051 3082 3461 3149 conturbemur.
3505 3090 3723 3158 quando
3750 3094 3831 3146 vi-

2252 3158 2515 3250 derimus,
2544 3161 2684 3227 quod
2717 3162 2802 3217 hic
2830 3174 2923 3220 aut
2948 3167 3039 3222 ille
3065 3169 3336 3228 advocans
3360 3175 3573 3241 viduas,
3604 3192 3657 3233 et
3696 3196 3832 3250 pau-

2254 3264 2411 3319 peres
2473 3249 2845 3321 frequentibus
2896 3257 3169 3327 excipiens
3217 3264 3508 3331 conviviis,
3582 3249 3834 3325 incendio

2255 3346 2498 3393 exustam
2534 3339 2753 3395 dotnum
2783 3343 2982 3412 amisit,
3019 3357 3113 3401 aut
3145 3349 3376 3420 aliquam
3413 3354 3577 3410 aliam
3600 3359 3831 3414 similem

2257 3443 2447 3498 passus
2484 3440 2569 3487 est
2605 3433 2967 3490 calamitatem
3010 3454 3024 3489 :
3078 3431 3362 3509 propterea
3411 3446 3555 3502 enim
3604 3450 3836 3517 accipiet

2255 3521 2576 3576 mercedem.
2622 3522 2805 3593 Neque
2847 3530 2990 3581 enim
3037 3527 3141 3583 Job
3187 3531 3239 3585 in
3288 3541 3434 3588 tanta
3477 3537 3836 3595 admiratione

2257 3609 2555 3668 habebatur
2597 3628 2816 3684 propter
2854 3617 3228 3691 eleemosynas
3250 3663 3267 3687 ,
3308 3624 3364 3679 in
3387 3636 3586 3693 quanta
3612 3639 3835 3699 propter

2256 3713 2318 3753 ea
2362 3715 2478 3770 qua:
2520 3717 2707 3773 passus
2748 3715 2951 3772 postea.
2997 3708 3282 3778 Propterea
3331 3722 3388 3773 et
3437 3716 3836 3784 vilipenduntur

2257 3788 2374 3859 ejus
2416 3790 2608 3853 amici,
2641 3801 2697 3845 et
2740 3794 2937 3847 nullius
2975 3806 3262 3857 censentur
3296 3815 3418 3862 esse
3448 3805 3601 3871 pretii
3624 3846 3639 3867 ,
3690 3809 3833 3875 quod

2258 3892 2548 3950 prmscnws
2590 3898 2893 3951 qttmrerent
2939 3890 3439 3958 remunerationes,
3492 3904 3546 3947 et
3597 3895 3720 3951 ideo
3780 3899 3834 3953 in

2254 3976 2455 4045 justum
2485 3976 2718 4046 iniquam
2747 3977 2950 4033 ferrent
2978 3984 3316 4037 sententiam.
3346 3986 3421 4040 Ne
3443 4000 3574 4055 ergo
3595 3987 3682 4041 hic
3697 4006 3837 4058 qna:-

2258 4082 2437 4121 ramus
2477 4069 2996 4133 remunerationem,
3026 4071 3120 4125 sed
3151 4071 3449 4128 efficiamur
3476 4091 3741 4145 pauperes
3781 4088 3836 4134 et

2258 4160 2510 4213 mendici.
2553 4158 2666 4213 Hoc
2695 4161 2835 4213 enim
2880 4170 3023 4215 esset
3058 4172 3310 4218 extremae
3339 4166 3557 4221 vilitatis
3594 4178 3651 4222 et
3688 4170 3836 4237 abje-

2257 4250 2480 4314 ctionis,
2521 4265 2645 4304 cum
2682 4252 2868 4304 carlum
2910 4252 2982 4305 sit
3022 4256 3387 4323 propositum,
3426 4266 3480 4311 et
3512 4273 3631 4326 qua:
3674 4275 3833 4329 supra

2257 4342 2465 4404 caelum,
2497 4356 2615 4408 qua:
2648 4340 2733 4395 hic
2762 4350 2887 4394 sunt
2910 4352 3176 4409 spectare.
3200 4343 3278 4397 Ne
3297 4345 3376 4398 sic
3400 4360 3528 4415 ergo
3555 4345 3833 4412 faciamus,

2257 4431 2350 4484 scd
2380 4430 2754 4499 quodcumque
2786 4432 3205 4500 inexspectatum
3250 4436 3404 4490 nobis
3429 4437 3636 4503 iussum
3676 4440 3837 4495 adve-

2258 4524 2436 4584 nerit,
2480 4537 2577 4575 nos
2619 4524 2782 4576 Deum
2821 4524 3034 4579 assidue
3076 4526 3356 4591 colamus,
3398 4538 3453 4581 et
3482 4529 3641 4582 beato
3670 4530 3836 4583 Paulo

2260 4629 2573 4682 pareamus,
2622 4604 3021 4684 pauperuiuquc
3062 4618 3294 4673 arculam
3345 4620 3490 4674 domi
3535 4620 3834 4688 faciamus,

2257 4720 2374 4769 qua:
2391 4705 2543 4772 juxta
2574 4704 2749 4757 lorum
2780 4705 2829 4757 in
2856 4719 2962 4772 quo
2988 4715 3098 4761 stas
3117 4722 3277 4762 orans
3297 4709 3395 4762 sita
3422 4710 3488 4762 sit
3514 4728 3525 4761 :
3552 4721 3607 4765 et
3627 4722 3837 4780 quoties

2256 4796 2319 4848 ad
2347 4796 2606 4849 orandum
2641 4795 2803 4849 fueris
2850 4797 3123 4866 ingressus
3143 4839 3156 4859 ,
3188 4799 3395 4868 depone
3431 4803 3658 4871 primum
3689 4804 3835 4857 elee-

2257 4902 2532 4957 mosynam
2556 4928 2570 4948 ,
2603 4896 2658 4942 et
2684 4898 2809 4941 tunc
2834 4891 3020 4945 emitte
3047 4894 3405 4958 precationem
3432 4912 3446 4947 :
3479 4904 3534 4947 et
3558 4894 3698 4950 sicut
3736 4911 3834 4946 no-

2259 4976 2417 5030 lueris
2458 4978 2703 5033 mambus
2740 4979 2902 5032 illotis
2931 4980 2996 5033 ad
3023 4981 3281 5034 orandum
3307 4982 3570 5037 accedere
3610 4984 3725 5054 (a),
3757 4986 3835 5039 sic

2256 5080 2426 5135 neque
2468 5068 2669 5135 absque
2711 5068 3073 5139 eleemosyna.
3122 5068 3305 5137 Neque
3346 5072 3486 5124 enim
3534 5074 3712 5127 minus
3753 5082 3834 5128 est

2256 5156 2650 5228 eleemosynam
2681 5159 2748 5211 ibi
2777 5159 3074 5226 depositam
3109 5174 3265 5225 esse,
3307 5177 3466 5230 quam
3492 5166 3830 5233 evangelium

2251 5246 2397 5314 juxta
2451 5250 2644 5303 lectum
2694 5264 2987 5317 appensum
3030 5264 3172 5305 esse.
3222 5250 3351 5306 Nam
3402 5252 3448 5307 si
3498 5254 3828 5323 evangelium

2256 5341 2468 5408 quidem
2499 5342 2843 5409 suspenderis
2872 5341 2999 5395 nihil
3028 5340 3249 5406 faciens,
3284 5358 3389 5397 non
3420 5346 3560 5399 adeo
3589 5354 3828 5410 titagnam

2256 5429 2484 5497 accipies
2530 5431 2853 5483 utilitatem:
2906 5429 3043 5485 hanc
3085 5442 3261 5486 autem
3310 5432 3513 5487 habens
3556 5430 3826 5490 arculam,

2256 5516 2419 5573 habes
2460 5536 2604 5574 arma
2645 5520 2900 5575 adversus
2924 5521 3215 5586 diabolum,
3248 5524 3611 5593 precationem
3653 5520 3829 5575 reddis

2256 5608 2471 5670 alutam,
2506 5619 2743 5663 sanctam
2772 5610 2989 5664 domum
3020 5613 3325 5675 constituis,
3357 5624 3481 5679 qua:
3526 5609 3716 5665 habeat
3740 5611 3828 5664 in-

2328 5717 2400 5778 (a)
2424 5721 2549 5771 Ante
2574 5727 2899 5782 [u'ecattoncm
2930 5734 3101 5772 manus
3116 5721 3456 5771 abluebantur.
