4066 6348
301 338 414 396 573

299 483 393 528 tus
452 475 706 530 alimenta
758 471 901 542 regis
952 459 1248 522 recondita.
1311 461 1436 515 Ideo
1488 468 1542 512 et
1596 457 1743 527 iuxta
1801 454 1878 508 le-

300 580 452 622 (tum
501 565 601 620 sita
644 564 715 620 sit
765 559 964 624 arcula,
1009 570 1219 626 noxque
1271 551 1428 605 nullis
1481 546 1877 620 perturbabitur

300 659 438 713 visis
475 665 530 710 et
569 652 892 710 insomniis:
939 657 1143 702 tantum
1169 643 1318 717 “nihil
1363 643 1415 695 in
1457 655 1574 694 eam
1620 625 1883 708 injiciatur

301 762 376 803 ex
407 745 680 814 iniustitia.
710 739 1066 809 Eleemosyna
1092 734 1234 789 enim
1263 746 1350 786 res
1387 738 1508 784 est:
1549 727 1660 781 fieri
1701 733 1876 778 autem

301 853 414 893 non
449 844 621 906 potest
653 843 713 888 ut
739 832 1077 901 eleemosyua
1109 839 1356 894 umquam
1383 821 1644 892 germinet
1665 833 1730 873 ex
1760 831 1883 870 cru-

302 928 548 984 delitate.
575 923 751 979 Vultis
786 930 843 977 et
871 919 1022 975 vobis
1055 918 1228 972 dicam
1268 912 1537 969 uudeuam
1579 906 1887 978 impendere

301 1030 364 1076 et
409 1017 584 1086 largiri
614 1022 890 1086 oporteat,
933 1019 993 1065 ut
1032 1008 1132 1062 hac
1175 1019 1388 1076 quoque
1426 1003 1633 1056 ratione
1679 998 1885 1058 facilem

303 1125 426 1165 eam
457 1105 663 1161 faciatis
709 1097 1094 1158 collationem?
1124 1093 1314 1164 Opifex
1336 1132 1351 1156 ,
1399 1091 1542 1145 velut
1583 1087 1880 1142 calceorum

302 1197 730 1255 consarcinator,
758 1199 851 1246 aut
873 1187 1157 1250 coriarius,
1185 1192 1278 1239 aut
1322 1182 1474 1236 faber
1516 1177 1767 1241 aerarius,
1797 1181 1888 1228 aut

302 1289 481 1360 quivis
508 1288 643 1342 alius
663 1282 876 1347 artifex,
895 1295 1014 1335 cum
1046 1276 1242 1347 aliquid
1267 1272 1565 1328 vendiderit
1592 1284 1659 1324 ex
1686 1269 1750 1322 iis
1769 1281 1888 1335 qua:

302 1395 404 1436 sua
431 1391 548 1434 arte
577 1377 739 1441 ﬁunt,
771 1375 862 1428 det
888 1373 997 1426 Deo
1026 1367 1286 1439 primitias
1315 1363 1509 1435 pretii,
1556 1361 1627 1416 ibi
1668 1373 1884 1430 parvam

304 1481 516 1542 partem
546 1467 758 1538 deiiciat
777 1507 792 1532 ,
821 1472 876 1520 ct
901 1479 967 1519 ex
997 1460 1192 1516 minori
1219 1467 1369 1529 parte
1394 1471 1514 1510 cum
1548 1454 1657 1508 Deo
1684 1450 1853 1520 partia
1871 1477 1886 1489 ο

304 1573 415 1620 tur.
457 1563 637 1632 Neque
679 1557 820 1612 enim
863 1569 1110 1623 magnum
1150 1549 1277 1621 quid
1323 1557 1487 1618 peto,
1536 1542 1635 1599 Sed
1684 1549 1885 1632 tantum

303 1630 564 1724 quantum
603 1648 914 1705 Iudaeorum
955 1643 1220 1706 infantes,
1249 1648 1303 1695 et
1330 1638 1477 1693 mille
1519 1633 1676 1690 malis
1702 1630 1884 1724 pleni,

307 1722 517 1802 tantum
550 1757 648 1797 nos
676 1741 764 1812 qui
803 1738 991 1795 caelum
1016 1744 1413 1803 exspectamus,
1441 1728 1718 1798 iaciamus.
1761 1722 1888 1778 lianc

304 1845 490 1890 autem
520 1833 640 1887 dico
675 1846 782 1886 non
829 1830 999 1899 legem
1034 1826 1213 1881 ferens
1233 1864 1249 1888 ,
1281 1835 1452 1891 neque
1483 1816 1772 1888 prohibens
1820 1826 1889 1867 ne

307 1927 430 1995 plus
457 1937 662 1994 erogas,
692 1921 787 1976 sed
810 1933 1020 1990 aequum
1048 1929 1277 1974 censens
1301 1924 1357 1968 ut
1383 1927 1490 1966 non
1516 1909 1693 1964 minus
1721 1905 1885 1973 depo-

1322 327 1385 384 lN
1427 323 1636 381 EPIST.
1682 323 1698 377 1
1765 321 1852 376 AD
1893 318 2049 376 COB.
2091 318 2322 374 HOMIL.
2363 315 2543 372 XLIV.

3464 319 3567 372 τ’»τὸ

1986 467 2080 505 nas
2106 466 2264 520 quam
2281 460 2497 522 partem
2514 451 2797 507 decimam.
2822 453 2934 508 Hoc
2958 462 3135 509 autem
3159 453 3242 508 fac
3265 468 3371 527 non
3395 453 3564 508 solum

1983 545 2241 610 vendens,
2261 544 2354 598 sed
2384 545 2543 599 etiam
2570 545 2940 601 emens.Hanc
2969 548 3139 617 legem
3168 550 3328 602 etiam
3353 556 3568 601 servent

1986 637 2074 705 qui
2107 635 2303 704 prmdia
2337 635 2613 705 possident
2640 637 2691 690 in
2718 637 3100 706 proventibus:
3129 652 3246 692 eam
3273 650 3463 692 omnes
3477 637 3566 705 qui

1985 725 2162 794 iustos
2186 726 2448 796 colligunt
2475 729 2786 795 preventus.
2813 727 2893 782 Ad
2919 743 3012 782 eos
3041 727 3204 794 enim,
3235 727 3324 798 qui
3352 742 3568 782 usuram

1988 816 2212 886 exigunt
2229 858 2244 881 ,
2274 832 2303 869 a
2327 832 2414 871 me
2439 817 2602 873 verba
2629 833 2735 872 non
2765 819 2932 882 fiunt;
2963 835 3136 888 neque
3162 826 3230 874 ad
3255 819 3452 873 milites
3476 818 3567 887 qui

1989 907 2122 961 alios
2178 908 2535 970 concutiunt,
2593 917 2648 962 et
2685 909 2805 963 aliis
2857 920 3145 979 procurant
3192 909 3566 964 calamitates:

1991 995 2133 1050 Deus
2176 998 2320 1050 enim
2362 998 2496 1051 nihil
2542 998 2664 1052 inde
2708 999 2821 1052 vult
2843 999 3131 1070 accipere:
3163 998 3255 1053 sed
3295 998 3411 1052 hzec
3448 997 3573 1052 dico

1991 1087 2092 1150 eis,
2121 1087 2213 1157 qui
2242 1101 2307 1141 ex
2331 1086 2490 1156 iustls
2518 1088 2790 1143 laboribus
2819 1088 3101 1144 facultates
3125 1089 3399 1159 colligunt.
3439 1087 3571 1143 Nam

1993 1177 2037 1231 si
2082 1193 2182 1233 nos
2229 1178 2374 1248 ipsos
2412 1178 2477 1233 ad
2522 1194 2640 1233 eam
2682 1179 3062 1235 deduxerimus
3091 1179 3530 1235 consuetudinem
3556 1219 3572 1242 ,

1994 1281 2092 1322 nos
2117 1268 2374 1339 deinceps
2418 1279 2619 1340 punget
2644 1271 2970 1326 conscientia
2988 1312 3002 1328 .
3031 1271 3077 1325 si
3104 1271 3240 1326 hanc
3265 1270 3577 1325 deseramus

1994 1359 2202 1426 legem;
2245 1375 2420 1430 neque
2460 1376 2574 1415 rem
2618 1362 3041 1417 existimabimus
3071 1377 3308 1432 gravem,
3339 1371 3394 1416 et
3440 1376 3578 1429 pau-

1993 1448 2141 1503 latim
2171 1452 2450 1506 veniemus
2486 1452 2551 1506 ad
2579 1452 2781 1522 majora
2801 1495 2817 1520 ,
2864 1463 2919 1508 et
2948 1453 3186 1508 meditati
3230 1461 3579 1508 contemnere

1993 1540 2266 1608 pecunias,
2297 1556 2417 1595 cum
2447 1543 2714 1598 malorum
2741 1543 2976 1599 radicem
3002 1543 3379 1608 evulserimus,
3410 1552 3465 1598 et
3492 1543 3581 1598 hic

1992 1632 2151 1684 vitam
2182 1646 2372 1687 secure
2398 1641 2450 1687 et
2489 1635 2773 1702 tranquille
2800 1649 3018 1704 agemus
3039 1675 3054 1699 ,
3085 1644 3142 1690 et
3179 1633 3342 1688 vitam
3383 1647 3578 1688 conse-

1992 1739 2219 1793 quemur
2245 1723 2475 1780 futuram
2500 1743 2513 1780 :
2541 1741 2700 1796 quam
2731 1726 2890 1781 detur
2918 1727 3074 1783 nobis
3099 1727 3349 1782 omnibus
3381 1741 3578 1782 conse-

1996 1816 2084 1884 qui
2102 1855 2117 1880 ,
2146 1825 2249 1871 etc.

305 2014 3569 2054 mw

1651 2039 1996 2130 HOMILIA
2033 2070 2254 2130 xuv.

304 2193 446 2248 Car;
475 2192 561 2246 16.
602 2205 656 2242 v.
699 2187 786 2243 10.
832 2186 891 2241 Si
926 2193 1091 2238 autem
1128 2179 1309 2234 venerit
1339 2175 1631 2232 Timotheus
1660 2171 1727 2224 ad
1767 2184 1886 2232 vos,

539 2258 542 2261 '
616 2279 775 2333 videte
807 2287 861 2330 ut
891 2275 999 2330 sine
1026 2276 1203 2327 timore
1227 2272 1292 2324 sit
1322 2267 1457 2338 apud
1484 2279 1589 2318 eos.

389 2372 439 2426 l.
483 2370 765 2423 Existimet
815 2367 1041 2420 fortasse
1082 2361 1344 2431 quispiam
1387 2357 1524 2410 hanc
1569 2349 1894 2408 exhortatio-

311 2476 438 2517 nem
467 2475 585 2515 esse
630 2457 902 2528 indignam
941 2454 1138 2508 virtute
1176 2447 1479 2511 Timothei;
1513 2443 1605 2499 sed
1646 2457 1749 2496 non
1793 2438 1896 2492 hoc

309 2550 514 2606 dictum
530 2559 613 2602 est
629 2555 847 2616 propter
866 2541 1228 2603 Timotheum,
1359 2544 1572 2605 prepter
1595 2531 1892 2592 audientes,

313 2655 386 2694 ne
415 2653 510 2708 per
535 2652 628 2692 eas
648 2650 767 2706 qua:
785 2635 884 2704 ipsi
913 2638 1226 2702 pararentur
1260 2619 1478 2680 insidias
1503 2624 1708 2691 seipsos
1734 2619 1894 2675 laede-

313 2741 470 2788 rent:
497 2728 587 2781 ille
611 2728 753 2782 etum
776 2737 992 2793 semper
1012 2730 1127 2776 erat
1150 2716 1399 2788 proclivis
1424 2730 1485 2769 ac
1510 2727 1803 2784 propensus
1829 2710 1894 2765 ad

312 2817 558 2874 adeunda
579 2813 967 2887 pericula.Nam
986 2812 1263 2880 Tamquam
1283 2808 1417 2866 ﬁlius
1431 2806 1583 2876 patri,
1599 2819 1788 2858 mecum
1800 2817 1898 2856 scr-

313 2912 456 2975 sicit,
477 2910 664 2979 inquit,
682 2908 735 2960 in
751 2905 1006 2973 evangelio
1023 2901 1281 2971 (Philipp.
1297 2899 1347 2951 2.
1363 2897 1477 2968 2‘2).
1493 2895 1599 2951 Sed
1625 2909 1690 2948 ne
1713 2908 1778 2948 ex
1797 2909 1893 2946 au-

315 3002 473 3057 dacia
499 3002 551 3054 in
583 2999 904 3069 discipulum
922 3038 937 3063 ,
966 2993 1032 3049 ad
1061 2993 1372 3063 magistrum
1398 3002 1608 3059 quoque
1637 2983 1896 3055 procede-

319 3104 442 3148 rent
483 3106 538 3146 et
585 3094 773 3146 tierent
811 3086 1144 3148 deteriores,
1199 3096 1294 3137 eos
1344 3081 1553 3136 eminus
1595 3075 1900 3146 comprimit

317 3196 376 3240 et
403 3192 646 3248 coercet,
677 3180 861 3235 dicens
889 3195 904 3232 :
939 3176 1005 3232 Ut
1039 3177 1146 3230 sine
1182 3175 1357 3227 timore
1383 3173 1448 3225 sit
1474 3170 1610 3238 apud
1642 3184 1726 3223 vos
1751 3183 1768 3221 :
1797 3166 1899 3221 huc

318 3290 427 3342 est,
459 3291 525 3330 ne
551 3273 812 3343 quispiam
846 3285 911 3324 ex
944 3269 1008 3322 iis
1035 3268 1123 3337 qui
1152 3273 1274 3319 sunt
1299 3262 1557 3332 deplorati
1586 3260 1638 3314 in
1666 3272 1787 3314 eum
1815 3258 1896 3311 i'n-

318 3377 522 3437 surgat.
573 3365 702 3420 Erat
733 3363 929 3432 quippe
960 3359 1185 3413 fortasse
1210 3370 1304 3411 eos
1337 3355 1701 3423 increpaturus
1740 3350 1806 3404 de
1838 3351 1900 3404 iis

319 3476 441 3530 quae
471 3456 735 3512 scribebat
759 3452 986 3508 Paulus:
1008 3448 1350 3503 denuntiarat
1376 3447 1516 3500 enim
1545 3458 1602 3498 se
1619 3451 1900 3512 propterea

319 3552 499 3621 ipsum
531 3547 764 3600 mittere.
791 3541 914 3596 Misi
939 3541 1103 3603 enim,
1131 3538 1320 3607 inquit,
1349 3538 1418 3590 ad
1446 3554 1531 3590 vos
1565 3534 1898 3597 Timotheum,

320 3642 410 3711 qui
437 3641 572 3694 vobis
599 3639 654 3691 in
689 3635 983 3689 memoriam
1013 3631 1265 3685 revocabit
1293 3629 1400 3682 vias
1429 3643 1565 3680 meas
1593 3627 1645 3678 in
1672 3625 1897 3686 Christo,

317 3732 453 3785 sicut
484 3731 670 3797 ubique
688 3727 741 3780 in
781 3725 919 3779 omni
956 3721 1179 3776 Ecclesia
1221 3719 1374 3773 doceo
1400 3717 1482 3786 (l.
1526 3714 1642 3768 Cor.
1685 3714 1738 3768 4.
1776 3714 1899 3781 i7).

320 3823 405 3879 Ne
433 3837 560 3891 ergo
607 3819 866 3876 nobilitati
910 3827 962 3872 et
1006 3814 1205 3871 divitiis
1243 3821 1299 3869 et
1335 3810 1514 3883 pepuli
1561 3807 1903 3864 commenda-

322 3918 457 3972 tioni
488 3926 541 3970 et
566 3926 801 3970 externa:
826 3909 1104 3980 sapientiae
1131 3907 1481 3972 conﬁdentes,
1513 3903 1824 3958 invaderent
1851 3910 1906 3954 et

324 4012 689 4076 couspuercnt
735 4011 788 4058 et
831 4001 1247 4062 insidiarentur,
1288 3997 1533 4051 dolentes
1579 4008 1637 4047 se
1680 3992 1748 4045 ab
1790 3993 1905 4059 ipso

323 4099 499 4166 argui,
526 4104 615 4150 aut
648 4102 924 4163 propterea
954 4089 1094 4160 quod
1126 4089 1379 4157 magister
1405 4085 1524 4139 illos
1552 4082 1906 4153 reprehende-

329 4198 457 4252 ret,
501 4201 682 4257 poenas
712 4185 989 4252 exigerent
1029 4182 1200 4249 ipsum
1245 4179 1596 4242 ulciscentes,
1629 4175 1906 4244 prepterea

327 4282 464 4336 dicit
492 4298 505 4333 :
544 4277 611 4333 Ut
639 4278 746 4331 sine
772 4276 950 4329 timore
978 4277 1041 4328 sit
1071 4272 1208 4341 apud
1236 4287 1342 4324 vos.
1375 4269 1449 4323 Ne
1478 4269 1605 4320 mihi
1634 4267 1773 4319 enim
1804 4280 1905 4318 ex-

330 4385 516 4428 ternos
553 4369 752 4423 dixeris
778 4367 996 4422 Grtecos
1025 4374 1079 4418 et
1111 4361 1379 4423 infideles;
1409 4375 1468 4414 ea
1498 4376 1528 4412 a
1559 4358 1707 4411 vobis
1731 4355 1902 4424 exigo,

332 4479 435 4533 pro
464 4462 654 4531 quibus
694 4469 804 4514 tota
835 4457 1137 4524 conscripta
1167 4463 1250 4508 est
1292 4454 1512 4522 epistola
1539 4493 1552 4514 ,
1586 4465 1719 4521 quos
1748 4449 1906 4503 etiam

332 4554 551 4610 ininitio
566 4553 751 4606 terruit
776 4558 830 4604 et
856 4550 906 4601 in
937 4547 1225 4614 prooemiis.
1248 4545 1531 4612 Propterea
1556 4543 1693 4596 dixit
1718 4558 1730 4593 :
1759 4541 1911 4607 Apud

330 4663 444 4702 vos.
501 4644 696 4699 Deinde
739 4657 769 4696 a
802 4639 1096 4694 minister-io
1125 4653 1246 4690 eum
1277 4636 1398 4689 lacTt
1446 4635 1544 4686 ﬁde
1576 4633 1790 4700 dignum
1828 4632 1908 4684 di-

331 4753 508 4792 cens:
546 4734 685 4802 Opus
732 4733 865 4785 enim
912 4727 1116 4782 Domini
1165 4735 1417 4794 speratur.
1471 4723 1544 4776 fit:
1590 4722 1690 4775 hoc
1733 4729 1907 4775 autem

332 4835 574 4895 spectes,
607 4823 811 4892 inquit,
841 4822 881 4874 si
916 4835 1019 4873 non
1048 4819 1116 4870 sit
1145 4817 1325 4879 div—es,
1358 4817 1400 4867 si
1435 4829 1535 4866 Itur:
1568 4813 1836 4876 eruditus,
1865 4811 1909 4864 si

336 4934 445 4970 non
501 4930 699 4976 senex;
748 4911 842 4966 sed
887 4909 1011 4978 quid
1050 4909 1232 4976 jussus
1278 4906 1370 4969 sit,
1414 4912 1466 4958 et
1510 4902 1634 4972 (ξυῐεὶ
1678 4901 1906 4955 efﬁciat:

336 5007 484 5071 Opus
508 5008 635 5056 enim
669 5002 869 5054 Domini
900 5009 1155 5068 Oper-alar.
1183 4995 1292 5048 Hoc
1319 5005 1494 5048 autem
1516 4995 1562 5046 Ci
1595 4992 1786 5046 sufficit
1816 5006 1910 5058 pro

334 5098 484 5151 oximi
517 5104 568 5149 et
601 5094 874 5147 nobilitate
913 5099 966 5144 ct
1011 5089 1208 5143 divitiis
1235 5097 1289 5141 et
1329 5094 1584 5141 :c'.ate.ct
1629 5084 1907 5153 sapientia.

335 5189 448 5241 Nec
493 5187 592 5238 hoc
632 5185 723 5237 fuit
761 5192 1076 5241 contentus,
1120 5179 1212 5233 sed
1256 5177 1492 5240 addidit,
1537 5178 1679 5231 Sicut
1705 5185 1749 5226 et
1780 5192 1911 5244 ego;

335 5288 393 5328 ut
440 5277 717 5341 superius,
764 5275 860 5339 Qui
893 5281 965 5324 est
1007 5272 1128 5322 mihi
1162 5271 1299 5337 filius
1328 5269 1536 5320 dilectus
1577 5277 1619 5320 et
1653 5267 1816 5333 ﬁdelis
1862 5268 1913 5317 in

336 5364 601 5425 Domino;
641 5366 750 5430 ipse
769 5362 912 5426 ,vobis
941 5367 992 5412 in
1031 5361 1320 5412 memoriam
1349 5358 1592 5410 revocabit
1637 5359 1741 5409 vias
1781 5373 1915 5407 meas

337 5457 394 5509 in
413 5453 608 5507 Christo
631 5453 709 5515 (1.
738 5453 855 5505 Cor.
887 5455 939 5504 4.
965 5453 1074 5517 17).
1097 5450 1356 5516 Quoniam
1391 5464 1514 5514 ergo
1542 5448 1749 5513 juvenis
1778 5458 1910 5505 erat,

339 5554 396 5597 et
421 5543 517 5610 ipsi
536 5542 836 5595 concredita
858 5543 1026 5593 fuerat
1056 5541 1184 5593 tanti
1211 5541 1384 5606 populi
1413 5538 1691 5599 correctio,
1714 5547 1913 5590 utrum-

344 5648 449 5698 que
478 5641 651 5685 autem
681 5631 848 5696 ipsum
882 5630 931 5680 in
963 5640 1322 5696 contemptum
1355 5629 1680 5690 adducebat;
1727 5638 1912 5679 menti;-

343 5725 612 5792 subiungit
643 5742 655 5775 :
689 5723 771 5775 li.
807 5719 885 5773 Nc
915 5723 1026 5788 quis
1051 5738 1166 5790 ergo
1194 5724 1337 5774 illum
1365 5735 1582 5789 spernat.
1612 5722 1786 5776 Nam;
1816 5723 1842 5773 li.
1874 5741 1912 5776 γε

671 5820 933 5881 ΡΑτῐωι.
970 5819 1082 5876 Gu.
1133 5822 1284 5879 LXI.

1994 2169 2166 2223 solum
2196 2171 2396 2242 exigit,
2425 2173 2518 2226 sed
2560 2173 2720 2226 etiam
2764 2173 3021 2242 majorem
3056 2173 3356 2228 bonorcm:
3390 2190 3580 2245 quam-

1998 2260 2183 2315 obrem
2210 2264 2372 2317 etiam
2400 2263 2552 2330 dicit,
2580 2264 2825 2318 Deducite
2848 2273 3025 2318 autem
3051 2265 3194 2319 illum
3225 2267 3278 2320 in
3308 2283 3451 2336 pace.
3473 2269 3584 2323 Hoc

2010 2360 2108 2418 :st,
2137 2353 2252 2408 siue
2279 2354 2509 2409 timore:
2553 2370 2657 2410 non
2688 2371 2890 2426 pugnas
2916 2355 3205 2411 inferentes
3243 2366 3298 2412 et
3337 2369 3579 2414 conten-

2003 2441 2201 2509 tiones,
2232 2458 2339 2498 non
2369 2443 2490 2499 odia
2521 2454 2577 2499 et
2602 2445 2941 2512 inimicitias,
2981 2447 3076 2503 sed
3105 2448 3496 2518 subiectionem
3526 2462 3581 2505 et

2010 2536 2255 2588 ionorem
2282 2575 2299 2600 ,
2346 2535 2684 2590 attendentes
2728 2537 2830 2605 ipsi
2862 2546 3130 2607 tamquam
3180 2541 3453 2610 magistro.
3514 2541 3584 2596 Ut

1999 2625 2162 2677 veniat
2189 2624 2259 2678 ad
2284 2641 2396 2692 me;
2435 2637 2668 2697 exspecto
2698 2628 2831 2681 enim
2871 2627 3021 2681 illuni
3060 2645 3174 2682 cum
3206 2631 3470 2702 fratribus.
3519 2632 3588 2687 Et

2001 2716 2101 2770 hoc
2127 2728 2243 2772 erat
2274 2720 2529 2774 terrentis
2571 2739 2586 2774 :
2637 2735 2760 2775 nam
2790 2731 2848 2775 ut
2891 2736 3013 2775 cum
3051 2722 3246 2776 scirent
3276 2725 3454 2778 omnia
3484 2727 3588 2780 sibi

1998 2805 2219 2861 dicenda
2275 2824 2395 2877 quae
2451 2825 2643 2877 passus
2705 2821 2886 2877 esset,
2951 2811 3141 2867 ﬁerent
3188 2812 3540 2870 modestiores
3568 2858 3585 2881 ,

2001 2905 2283 2966 propterea
2327 2898 2535 2953 addidit
2578 2918 2590 2952 :
2652 2898 2909 2970 Exspecto
2945 2903 3080 2956 enim
3118 2903 3288 2958 illum.
3333 2903 3583 2975 Alioquin

2000 2993 2176 3040 autem
2207 3002 2329 3042 eum
2359 3004 2571 3059 quoque
2598 2989 2721 3046 hinc
2756 2990 2882 3045 facit
2912 2992 3018 3046 fide
3047 2993 3285 3062 dignum.
3317 2994 3586 3065 Siquidem

2001 3078 2245 3132 exiturus
2287 3079 2457 3149 ipsum
2497 3091 2810 3150 exspectat,
2853 3089 2908 3136 et
2946 3096 3096 3135 suam
3141 3082 3194 3136 iu
3242 3084 3366 3138 illos
3403 3094 3586 3140 osten-

2004 3170 2081 3225 dit
2118 3173 2395 3228 caritatem
2422 3214 2438 3239 ,
2472 3175 2683 3243 quando
2725 3191 2848 3230 eum
2891 3175 2981 3246 qui
3024 3183 3168 3231 esset
3215 3176 3351 3232 adeo
3400 3179 3542 3233 utilis
3569 3221 3588 3244 ,

2004 3269 2222 3330 pr0pter
2251 3262 2396 3331 ipsos
2425 3264 2637 3320 misisse
2667 3276 2998 3320 cerneretur.
3047 3267 3134 3322 12.
3179 3265 3259 3320 De
3283 3268 3466 3336 Apollo
3492 3286 3590 3323 au—

2002 3361 2100 3404 tem
2124 3352 2285 3418 fratre
2308 3354 2443 3408 vobis
2471 3366 2647 3408 notum
2680 3357 2836 3427 facio,
2855 3356 2990 3425 quod
3012 3358 3229 3412 multum
3253 3359 3425 3429 rogavi
3451 3376 3586 3426 eum,

2004 3453 2059 3498 ut
2101 3446 2169 3498 ad
2198 3463 2286 3500 vos
2315 3449 2500 3501 veniret
2538 3465 2651 3503 cum
2681 3449 2944 3518 fratribus.
2988 3450 3086 3505 Hic
3115 3451 3326 3506 videtur
3369 3466 3488 3507 csse
3531 3462 3589 3507 et

2005 3539 2141 3592 bene
2179 3539 2442 3606 eruditus,
2485 3548 2542 3595 et
2584 3539 2754 3610 major
2795 3548 2954 3595 aetate
2994 3541 3300 3595 Timotheo.
3347 3543 3423 3597 Ne
3461 3559 3589 3612 ergo

2006 3629 2287 3683 dicerent:
2347 3629 2455 3685 Cur
2494 3630 2666 3684 virum
2707 3631 2920 3700 quidem
2976 3646 3082 3685 non
3135 3632 3315 3695 misit,
3353 3633 3448 3687 sed
3494 3649 3590 3701 pro

2007 3719 2100 3774 illo
2135 3720 2430 3788 iuvenem?
2463 3721 2585 3775 vide
2613 3723 2883 3791 quomodo
2913 3723 3072 3777 etiam
3104 3722 3206 3779 hoc
3247 3723 3420 3789 levet,
3466 3739 3588 3778 eum

2007 3818 2062 3863 et
2101 3809 2317 3864 fratrem
2360 3825 2594 3875 vocans,
2625 3820 2680 3866 et
2719 3813 2906 3867 dicens
2936 3827 2995 3867 se
3037 3814 3261 3867 multum
3308 3815 3452 3868 illum
3499 3830 3591 3868 ro-

2007 3915 2162 3969 gasse
2189 3909 2246 3954 ut
2271 3902 2499 3956 veniret.
2541 3901 2616 3957 Ne
2655 3903 2796 3958 enim
2829 3904 3097 3958 videretur
3125 3906 3483 3975 prmposuisse
3511 3907 3589 3960 illi

2008 3991 2369 4057 Timotheum,
2407 4001 2462 4048 et
2497 3993 2698 4049 idcirco
2741 4010 2861 4050 eum
2903 4011 3009 4051 non
3057 3997 3271 4052 misisse
3301 4039 3317 4065 ,
3365 3999 3591 4066 hincque

2010 4085 2264 4153 maiorem
2311 4087 2630 4142 accenderet
2670 4087 2962 4156 invidiam,
3007 4091 3316 4159 subiunxit:
3369 4091 3592 4146 Multum

2009 4176 2157 4228 illaut
2196 4178 2372 4246 rogavi
2395 4219 2410 4242 ,
2454 4189 2509 4231 ut
2549 4179 2757 4233 veniret.
2791 4180 2928 4245 Quid
2958 4182 3126 4250 ergo?
3169 4198 3273 4236 non
3305 4185 3465 4237 cessit
3504 4185 3591 4240 ille

2011 4282 2183 4337 neque
2203 4270 2413 4334 annuit,
2434 4269 2529 4324 sed
2550 4270 2746 4324 restitit
2765 4280 2820 4325 et
2843 4272 3284 4328 contendit?Non
3315 4273 3414 4328 hoc
3442 4275 3588 4340 dicit,

2011 4361 2103 4414 sed
2145 4369 2203 4414 ut
2242 4377 2413 4430 neque
2445 4362 2594 4416 illum
2632 4364 3070 4432 reprehenderet,
3106 4377 3158 4420 et
3187 4383 3244 4420 se
3270 4379 3548 4422 excusaret
3573 4411 3589 4431 ,

2013 4451 2180 4505 dicit:
2215 4451 2280 4504 Et
2319 4452 2490 4520 utique
2530 4469 2629 4506 non
2672 4454 2770 4524 fuit
2807 4455 3039 4509 voluntas
3077 4461 3188 4526 ejus
3231 4468 3284 4509 ut
3331 4474 3462 4510 nunc
3509 4474 3594 4512 ue-

2015 4542 2162 4594 niret.
2222 4540 2424 4596 Deinde
2479 4559 2545 4597 ne
2596 4543 2838 4598 dicerent
2876 4545 2990 4600 haec
3043 4562 3162 4601 esse
3216 4549 3494 4601 obtentum
3542 4559 3596 4602 et

2014 4632 2420 4702 stibterfugium,
2443 4633 2714 4702 subiunxit
2740 4654 2748 4684 :
2780 4634 2948 4688 Veniet
2970 4646 3155 4702 autem,
3179 4653 3294 4690 cum
3319 4639 3365 4691 ei
3385 4653 3595 4692 uacuum

2017 4723 2188 4790 fuerit.
2209 4723 2299 4776 Sic
2330 4731 2383 4776 et
2400 4723 2546 4777 illum
2571 4725 2804 4779 defendit
2824 4741 2890 4780 ac
2911 4730 3204 4794 excusavit,
3228 4719 3279 4782 et
3300 4743 3481 4782 eorum
3505 4731 3595 4798 qui

2018 4815 2187 4882 ipsum
2243 4814 2615 4869 desiderabant
2662 4819 2772 4886 spei
2821 4817 3097 4872 satisfecit.
3155 4819 3354 4874 Deinde
3409 4832 3595 4876 osten-

2015 4907 2148 4960 dens
2196 4907 2339 4975 ipsos
2384 4922 2488 4960 non
2531 4908 2580 4961 in
2629 4909 2931 4979 magistris,
2978 4910 3072 4964 sed
3103 4912 3154 4964 in
3183 4911 3370 4980 seipsis
3400 4912 3597 4967 debere

2018 5012 2164 5066 Spem
2196 4999 2379 5052 salutis
2411 4998 2626 5064 habere,
2659 5001 2790 5054 dicit
2816 5022 2827 5056 :
2855 5003 2939 5055 15.
2976 5000 3211 5072 Vigilate,
3244 5011 3370 5055 state
3398 5003 3452 5055 in
3473 5005 3594 5070 ﬁde.

2017 5088 2128 5142 Non
2164 5090 2216 5141 in
2254 5098 2472 5143 extenta
2501 5091 2926 5158 sapientia;'non
2972 5101 3053 5145 est
3100 5093 3242 5146 enim
3293 5092 3402 5145 illic
3430 5103 3595 5156 stare,

2018 5182 2108 5234 sed
2136 5183 2291 5245 ferri,
2315 5183 2450 5235 sicut
2468 5184 2677 5250 quidem
2696 5193 2838 5238 certe
2857 5194 2996 5238 stare
3017 5185 3068 5237 in
3093 5184 3197 5239 ﬁde
3218 5186 3485 5239 convenit.
3516 5184 3598 5236 γέ.

2017 5275 2176 5325 riliter
2205 5276 2336 5342 agite
2373 5283 2418 5326 et
2450 5276 2823 5337 confortamini.
2859 5277 2942 5328 H.
2977 5275 3162 5328 Omnia
3192 5287 3351 5329 vestra
3380 5277 3432 5327 in
3471 5280 3596 5327 cari-

2022 5373 2118 5416 tate
2160 5365 2312 5430 ﬁant.
2357 5363 2480 5417 "(eo
2510 5376 2684 5416 autem
2718 5366 2900 5417 dicens
2932 5366 3139 5418 videtur
3166 5365 3380 5433 quidem
3412 5366 3597 5418 admo-

2023 5471 2184 5514 nere;
2219 5454 2338 5506 illos
2363 5465 2539 5506 autem
2571 5456 2733 5521 tangit
2765 5464 3032 5522 tamquam
3068 5455 3244 5523 pigros
3282 5467 3332 5508 et
3364 5455 3596 5508 desides.

2027 5544 2088 5595 Et
2121 5545 2237 5597 ideo
2268 5544 2419 5606 dicit,
2467 5544 2710 5615 Vigilatc,
2743 5554 3008 5614 tamquam
3052 5548 3128 5599 nis
3169 5545 3596 5608 dormientibus;

2029 5637 2200 5700 State,
2237 5646 2498 5701 tamquam
2544 5638 2873 5699 labantibus;
2928 5639 3150 5690 Viriliter
3185 5643 3314 5706 agite
3356 5649 3400 5687 ει
3448 5639 3601 5696 fortes

2032 5738 2199 5784 estme,
2237 5737 2290 5778 ut
2327 5729 2411 5794 qui
2444 5737 2619 5780 essent
2659 5730 2884 5790 molles;
2924 5730 3101 5781 Omnia
3131 5741 3288 5778 ιιιεςηγι
3318 5731 3364 5781 in
3397 5734 3605 5782 caritate

3171 5818 3246 5876 :21.
