4066 6348
544 336 652 389 375

543 448 707 516 ﬁant,
749 454 808 501 ut
850 445 943 517 qui
981 443 1297 501 seditionem
1343 444 1563 514 agitent.
1618 440 1689 500 Et
1728 440 1984 497 adversus
2027 453 2125 496 eos

542 536 880 608 quidemqui
909 533 1215 603 decipiunt,
1244 544 1328 589 est
1358 534 1488 588 illud
1509 573 1529 602 ,
1568 531 1807 603 Vigilare,
1840 541 1998 594 state;
2025 531 2124 586 ad-

542 640 736 681 versus
761 640 856 681 eos
883 635 1061 681 autem
1092 627 1181 696 qui
1218 625 1566 689 insidiantur,
1607 635 1692 681 est
1733 625 1864 691 hoc,
1904 623 2125 678 Viriliter

547 717 724 787 agite;
756 716 1019 773 adversus
1048 732 1142 773 eos
1176 732 1308 771 vero
1332 715 1423 786 qui
1464 715 1782 772 seditionem
1824 716 2025 786 agitant
2070 725 2127 769 et

547 816 810 862 conantur
851 806 1109 863 divellere
1142 823 1204 862 ac
1245 807 1579 870 distrahere,
1610 816 1693 863 est
1734 807 1899 872 illud,
1939 806 2127 862 Omnis

536 909 705 955 uestra
733 900 1038 954 inturitate
1081 901 1243 965 (iant;
1287 900 1425 959 quod
1470 899 1681 969 quidem
1727 908 1812 955 est
1853 899 2123 953 vinculum

538 989 921 1058 perfectionis,
964 1000 1020 1045 et
1059 990 1207 1045 radix
1251 988 1475 1059 fonsque
1511 995 1801 1047 bonorum.
1856 990 1991 1056 Quid
2041 999 2125 1044 est

537 1092 718 1136 autem
749 1081 918 1147 illud,
958 1080 1145 1135 Omnia
1172 1082 1226 1134 in
1268 1082 1519 1137 caritate?
1560 1082 1685 1139 Sive
1727 1083 1990 1153 quispiam
2036 1082 2121 1137 in-

538 1182 724 1242 crepat
753 1213 769 1240 ,
818 1173 1027 1243 inquit,
1077 1174 1191 1227 sive
1227 1173 1489 1242 imperat,
1532 1174 1646 1229 sive
1682 1182 1834 1243 paret
1873 1173 2119 1243 imperio,

535 1266 651 1319 sive
698 1263 888 1327 discit,
932 1264 1047 1321 sive
1086 1264 1278 1331 docet,
1311 1265 1491 1321 omnia
1530 1279 1655 1319 cum
1695 1264 1935 1319 caritate.
1987 1263 2121 1317 Nam

535 1366 591 1411 et
628 1366 819 1415 cuncta
848 1372 969 1427 quae
1011 1357 1152 1411 dicta
1194 1366 1353 1421 sunt,
1395 1357 1518 1412 ideo
1559 1356 1925 1426 contigerant,
1975 1355 2120 1424 quod

532 1449 731 1507 caritas
767 1450 1007 1520 neglecta
1040 1448 1244 1508 luisset.
1293 1447 1426 1503 Nam
1463 1447 1509 1503 si
1538 1461 1601 1502 ea
1633 1461 1738 1505 non
1766 1456 1911 1502 esset
1938 1447 2121 1517 negle-

530 1550 640 1607 cta,
679 1556 793 1599 non
820 1539 1050 1597 fuissent
1083 1540 1251 1595 inﬂati
1273 1581 1287 1603 ,
1326 1554 1433 1594 non
1460 1538 1750 1605 dixissent,
1782 1537 1894 1608 Ego
1918 1537 2119 1607 quidem

533 1647 645 1686 sum
689 1629 882 1693 Pauli,
918 1646 1009 1700 ego
1047 1646 1163 1684 vero
1194 1630 1377 1700 Apollo
1412 1630 1498 1701 (1.
1528 1630 1645 1687 Cor.
1680 1629 1728 1688 l.
1758 1627 1861 1702 12)
1886 1646 1901 1683 :
1931 1628 1974 1683 si
2004 1629 2115 1699 ipsa

532 1722 831 1788 adfuisset,
865 1736 971 1777 non
1012 1720 1139 1775 foris
1174 1721 1379 1791 judicio
1418 1720 1846 1786 contendissent,
1894 1721 2003 1775 imo
2048 1735 2118 1775 ne

529 1813 933 1869 contendissent
964 1812 1175 1882 quidem
1203 1830 1217 1866 :
1266 1814 1310 1866 si
1342 1812 1454 1883 ipsa
1483 1811 1758 1875 adfuisset,
1784 1811 1872 1867 ille
1893 1826 2113 1866 uxorem

531 1906 701 1974 putris
742 1918 849 1959 non
878 1904 1207 1973 accepisset,
1240 1918 1344 1957 non
1387 1902 1579 1958 fratres
1609 1903 1849 1957 inﬁrmos
1877 1912 2116 1957 contem-

530 1996 784 2065 psissent,
813 1994 1046 2049 hmreses
1074 2010 1181 2049 non
1209 1994 1541 2058 habuissent,
1562 2006 1781 2063 propter
1794 1991 2116 2047 charismata

531 2088 743 2140 inanem
784 2086 1007 2156 gloriam
1052 2102 1159 2140 non
1202 2084 1596 2153 concepissent.
1628 2083 1915 2153 Propterea
1946 2082 2113 2150 dicit,

528 2178 718 2239 Omnia
748 2195 869 2235 cum
901 2182 1123 2235 caritate
1150 2178 1301 2233 ﬁant.
1327 2178 1412 2232 15.
1440 2176 1657 2232 Obsecro
1682 2185 1847 2230 autem
1871 2192 1976 2240 vos,
2006 2180 2116 2248 fra-

531 2279 668 2335 tres,
715 2272 875 2324 nostis
926 2270 1129 2323 domum
1176 2268 1493 2338 Steplmnc,
1537 2268 1674 2337 quod
1710 2278 1827 2321 sunt
1876 2267 2115 2335 primitiae

528 2363 758 2427 deludis,
776 2375 822 2417 et
842 2365 898 2417 in
920 2365 1198 2418 ministerio
1215 2374 1503 2418 sanctorum
1519 2363 1878 2418 ordinaverunt
1897 2364 2108 2429 seipsos.

605 2453 662 2507 2.
696 2453 870 2508 Etiam
903 2455 953 2509 in
1002 2456 1154 2509 initio
1204 2456 1358 2526 hujus
1387 2456 1629 2510 meminit
1667 2456 1883 2519 dicens,
1930 2453 2113 2522 Bapti-

528 2545 641 2598 ιιαυί
667 2554 835 2599 autem
878 2554 925 2598 et
952 2544 1230 2616 Stephano
1276 2546 1479 2602 domum
1520 2547 1539 2615 (
1569 2546 1618 2601 i.
1650 2544 1769 2600 Cor.
1796 2546 1847 2599 l.
1874 2544 1962 2614 16)
2006 2561 2019 2597 :
2060 2551 2116 2597 et

534 2649 676 2690 nunc
699 2650 815 2689 eam
842 2636 974 2690 dicit
1001 2650 1122 2690 esse
1150 2636 1411 2705 primitias
1435 2676 1451 2701 ,
1492 2650 1598 2691 non
1633 2635 1805 2688 solum
1834 2633 2111 2699 Corinthi,

530 2725 625 2780 sed
675 2736 731 2781 et
780 2729 943 2781 totius
981 2726 1228 2782 Graeciaa.
1260 2726 1376 2781 Non
1416 2734 1500 2781 est
1538 2735 1716 2781 autem
1756 2726 1857 2781 hoc
1898 2740 2111 2794 quoque

528 2830 750 2885 parvum
778 2818 1101 2882 encomium,
1133 2818 1427 2872 accessisse
1455 2818 1683 2887 primum
1711 2817 1775 2870 ad
1809 2816 2108 2871 Christum.

527 2909 883 2975 Quamobrem
914 2909 1081 2980 etiam
1129 2910 1180 2963 in
1234 2908 1470 2980 Epistola
1500 2910 1567 2964 ad
1616 2911 1887 2964 Romanos
1933 2924 1998 2963 ex
2046 2924 2113 2963 eo

527 2998 788 3067 quosdam
812 2998 1036 3053 laudans
1066 2976 1325 3054 dicebat:
1358 3001 1461 3068 Qui
1496 3001 1646 3053 etiam
1696 3008 1812 3053 ante
1855 3016 1933 3053 me
1957 3001 2112 3067 geniti

426 3100 433 3123 ί
528 3089 717 3142 suntin
746 3088 949 3144 Christo
984 3091 1158 3161 (Rom.
1192 3091 1279 3145 16.
1310 3090 1387 3163 7).
1430 3090 1539 3145 Nec
1586 3091 1719 3145 dixit
1772 3106 1865 3146 eos
1910 3092 2111 3161 primos

532 3178 847 3247 credidisse,
872 3180 967 3235 sed
991 3180 1154 3235 fuisse
1185 3182 1471 3250 primitias,
1502 3181 1812 3245 ostendens,
1845 3196 1964 3235 cum
2009 3180 2113 3235 ﬁde

535 3269 697 3324 vitam
720 3272 880 3326 etiam
901 3272 1157 3341 Optimam
1175 3272 1501 3336 exhibuisse,
1525 3280 1792 3340 tamquam
1824 3286 1889 3325 es
1924 3270 2111 3324 fructi-

537 3362 658 3427 bus,
673 3379 734 3418 se
756 3365 905 3419 enini
923 3380 989 3418 ex
1012 3374 1161 3433 parte
1182 3364 1368 3433 dignos
1390 3364 1709 3433 prmbentes.
1731 3362 1953 3434 Oportet
1971 3365 2112 3418 enim

532 3456 798 3525 primitias
814 3470 935 3510 esse
951 3456 1200 3511 meliores
1219 3456 1447 3519 cmteris,
1463 3471 1685 3525 quorum
1702 3465 1826 3513 sunt
1847 3456 2111 3525 primitias:

532 3546 675 3617 quod
707 3546 792 3602 his
817 3562 1029 3617 quoque
1068 3563 1164 3617 per
1194 3548 1330 3603 hanc
1367 3548 1654 3603 dictionem
1684 3562 1782 3601 suo
1813 3548 2114 3602 testimonio

536 3638 719 3695 tribuit
750 3638 963 3694 Paulus.
987 3638 1099 3693 Non
1133 3642 1276 3695 enim
1310 3639 1480 3694 solum
1502 3682 1517 3705 ,
1542 3640 1682 3693 sicut
1710 3638 1817 3693 dixi
1845 3680 1859 3699 ,
1890 3654 2015 3693 vere
2060 3650 2113 3695 et

534 3730 742 3785 sincene
772 3731 1136 3797 crediderunt,
1162 3731 1254 3785 sed
1286 3732 1445 3785 etiam
1498 3731 1719 3785 multam
1763 3730 2115 3786 ostenderunt

537 3824 807 3892 pietatem,
829 3836 1175 3894 vegetamque
1196 3824 1465 3887 virtutem,
1480 3833 1537 3878 et
1551 3823 1603 3876 in
1617 3824 1972 3893 eleemosynis
1992 3822 2113 3877 dan-

530 3914 613 3969 dis
636 3914 1076 3969 tuunilicentiam.
1100 3915 1214 3969 Non
1262 3915 1433 3968 solum
1452 3924 1629 3968 autem
1650 3914 1802 3981 hinc,
1834 3914 1927 3968 sed
1955 3921 2112 3969 etiam

532 4004 750 4060 aliunde
793 4020 978 4059 eorum
1009 4005 1239 4059 ostendit
1263 4005 1509 4075 pietatem
1530 4045 1547 4071 ,
1578 4021 1640 4059 ex
1684 4020 1749 4060 eo
1784 4005 1924 4076 quod
1951 4016 2113 4061 totam

531 4096 747 4150 domum
775 4096 967 4164 pietate
984 4096 1505 4165 impleverint.Quod
1529 4107 1707 4151 autem
1732 4099 1878 4153 bonis
1904 4114 2116 4168 quoque

530 4187 783 4256 operibus
807 4198 860 4243 et
887 4198 1031 4242 recte
1060 4187 1210 4242 factis
1235 4197 1415 4243 essent
1440 4189 1631 4253 ornati,
1658 4190 1920 4259 signiﬁcat
1941 4206 2034 4259 per
2052 4206 2114 4247 ea

532 4292 654 4347 quin
670 4276 922 4347 deinceps
949 4286 1263 4347 sequuntur,
1284 4279 1465 4333 dicens
1490 4295 1504 4331 :
1526 4277 1589 4331 In
1620 4280 1894 4333 ministerio
1912 4291 2115 4335 saneto-

540 4389 655 4426 rum
710 4372 1067 4425 ordinaverunt
1134 4373 1344 4439 seipsos.
1402 4372 1691 4427 Audivistis
1745 4370 2116 4441 hospitalitatis

533 4472 726 4533 quanta
756 4464 862 4517 sint
882 4464 1164 4517 encomia?
1184 4462 1297 4517 Non
1316 4466 1457 4517 enim
1481 4463 1635 4529 dixit,
1660 4463 1978 4532 Ministrant,
1998 4466 2112 4532 sed,

543 4555 924 4609 Ordinaverunt
948 4556 1138 4623 seipsos
1155 4567 1175 4602 :
1191 4553 1329 4608 hanc
1355 4555 1517 4608 vitam
1544 4564 1800 4623 perpetuo
1817 4557 2111 4622 elegerunt,

541 4648 593 4700 in
624 4646 723 4702 hac
753 4662 811 4701 se
837 4654 1091 4700 exercent
1112 4645 1476 4700 meditatione.
1507 4646 1592 4700 16.
1626 4644 1694 4701 Ut
1719 4656 1765 4699 et
1812 4663 1900 4700 vos
1928 4648 2116 4701 subditi

534 4738 646 4791 sitis
676 4737 945 4802 ejusmodi.
977 4736 1089 4791 lloc
1133 4746 1234 4801 est,
1270 4746 1326 4791 ut
1350 4738 1485 4792 alter
1513 4738 1663 4791 alteri
1708 4753 1864 4807 opem
1899 4738 2112 4806 feratis,

536 4836 592 4880 et
620 4825 687 4880 ad
718 4827 983 4896 impensas
1004 4827 1243 4898 pecunia:
1259 4838 1313 4882 et
1338 4828 1403 4882 ad
1430 4829 1732 4883 obeundum
1760 4829 2113 4885 ministerium

535 4918 801 4985 corporis,
831 4927 887 4971 ut
913 4919 1342 4973 communicetis.
1362 4917 1493 4973 Nam
1523 4919 1628 4974 illis
1657 4919 1808 4973 labor
1836 4921 1939 4974 erit
1961 4921 2113 4988 levis,

544 5006 761 5076 quando
805 5006 1090 5063 habuerint
1135 5010 1344 5075 socios,
1373 5019 1427 5063 et
1470 5010 1537 5065 ad
1584 5013 1765 5081 plures
1809 5014 2116 5067 transiverit

539 5097 880 5153 beneficium.
917 5098 984 5151 Et
1009 5116 1113 5155 non
1135 5102 1271 5165 dixit
1296 5103 1559 5172 absolute,
1588 5102 1961 5172 Cooperamini
1984 5145 1997 5167 ,
2021 5104 2115 5159 sed

546 5192 708 5245 ctiam
750 5191 803 5244 in
832 5189 899 5256 iis
928 5206 1045 5259 qua!
1066 5191 1323 5259 jusserint
1350 5202 1530 5261 parete
1548 5234 1562 5255 ,
1589 5204 1892 5248 accuratam
1938 5203 2115 5248 osten-

535 5282 670 5335 dens
697 5279 1078 5335 obedientiam.
1112 5281 1175 5334 Et
1202 5296 1271 5335 ne
1300 5283 1379 5335 eis
1418 5282 1660 5337 rideatur
1682 5282 1988 5351 gratiﬁcari,
2023 5284 2115 5337 ad-

539 5371 670 5427 didit
695 5388 711 5427 :
735 5371 804 5426 Et
829 5372 968 5427 omni
987 5372 1279 5441 cooperanti
1306 5370 1783 5426 etlabomntiJlmc
1805 5373 1893 5432 sit,
1922 5373 2111 5443 inquit,

543 5467 625 5519 les
678 5464 1024 5521 communis:
1070 5477 1245 5533 neque
1290 5465 1431 5518 enim
1474 5463 1719 5532 privatim
1762 5478 1825 5518 ac
1874 5478 2114 5519 seorsum

543 5557 665 5611 dico
692 5558 760 5613 de
784 5558 889 5612 illis
908 5600 923 5623 ,
965 5556 1059 5612 sed
1088 5556 1131 5611 si
1162 5556 1282 5627 quis
1308 5566 1383 5611 est
1414 5556 1519 5610 illis
1545 5555 1774 5622 similis,
1796 5556 1881 5611 his
1904 5573 2116 5628 quoque

540 5647 764 5703 fruatur.
812 5650 1098 5720 Propterea
1149 5658 1204 5704 et
1245 5662 1341 5703 eos
1388 5647 1647 5717 incipiens
1699 5648 2071 5703 commendare
2096 5689 2112 5715 ,

540 5740 691 5807 ipsos
725 5754 938 5809 quoque
965 5749 1154 5797 evocat
1199 5750 1390 5806 testes,
1440 5738 1626 5797 dicens
1654 5756 1667 5792 :
1699 5736 1916 5795 Obsecro
1950 5754 2117 5796 autem

1200 329 1258 387 Β.
1295 328 1571 387 JOANNIS
1604 323 2076 386 CHRYSOSTOMI
2121 324 2438 384 ARCHIEP.
2475 325 3005 389 CONSTANTINOP.

3712 334 3819 390 δτι

2233 454 2321 493 nos
2339 483 2354 504 ,
2384 440 2542 495 nostis
2570 443 2774 498 domum
2822 444 3119 515 Stephants.
3142 444 3303 503 Scitis
3333 490 3348 513 ,
3400 450 3571 523 inquit
3589 496 3605 517 ,
3634 463 3691 521 et
3722 470 3818 511 vos

2230 532 2499 599 quomodo
2527 529 2793 602 laborant,
2828 551 3007 607 neque
3032 553 3169 609 opus
3195 550 3279 597 est
3304 551 3362 598 ut
3382 558 3424 597 -a
3454 544 3613 600 nobis
3635 544 3815 601 disca-

2231 622 2317 676 tis.
2350 624 2434 678 l7.
2463 622 2681 681 Gavisus
2707 642 2822 681 sunt
2844 637 3013 683 autent
3067 631 3120 684 in
3151 635 3423 701 prtesentia
3452 634 3742 706 Stepluuw
3767 648 3814 692 et

2231 711 2501 768 Fortunati
2544 725 2592 772 et
2636 715 2847 773 Achaici
2868 758 2884 785 ,
2915 722 3156 789 quoniam
3184 723 3240 776 id
3292 726 3429 794 quod
3456 727 3594 791 nobis
3638 726 3815 781 deerat

2228 803 2328 871 ipsi
2355 806 2753 876 suppleverunt:
2776 808 2863 865 18.
2892 814 3177 881 refecerunt
3201 815 3335 867 enim
3375 832 3541 871 meum
3566 818 3811 888 spiritum

2229 900 2276 945 et
2300 902 2535 949 oestrum.
2587 897 2850 966 Quoniam
2897 910 3014 956 erat
3059 903 3349 960 verisimile
3407 920 3501 961 eos
3548 905 3811 963 adversus

2229 982 2375 1055 ipsos
2410 1002 2533 1044 esse
2576 990 2845 1058 irritatos;
2887 993 2923 1047 ii
2948 993 3095 1050 enim
3136 1008 3289 1055 erant
3319 998 3405 1068 qui
3452 1010 3714 1057 venerant
3755 1010 3812 1057 et

2226 1076 2545 1134 seditionem
2575 1082 2624 1135 ei
2660 1082 3131 1153 signiﬁcaverant;
3160 1100 3257 1156 per
3286 1088 3429 1158 ipsos
3456 1092 3598 1144 enim
3647 1098 3809 1146 etiam

2226 1168 2554 1238 scripserant
2589 1172 2657 1227 de
2687 1174 2984 1244 virginibus
3011 1185 3065 1231 et
3092 1178 3433 1236 matrimonio
3458 1182 3760 1251 conjunctis
3791 1202 3805 1237 :

2224 1258 2346 1314 vide
2379 1262 2650 1330 quomodo
2674 1279 2769 1320 eos
2791 1266 3018 1338 mitigat,
3046 1269 3098 1323 in
3142 1270 3405 1343 principio
3429 1274 3645 1343 quidem
3686 1276 3806 1345 epi-

2223 1350 2375 1407 stola
2398 1352 2585 1411 dicens
2612 1376 2627 1412 :
2651 1355 3013 1429 Signiﬁcatunt
3040 1370 3115 1417 est
3134 1363 3279 1417 enim
3302 1406 3317 1429 ,
3356 1365 3559 1435 inquit,
3590 1368 3716 1426 mihi
3744 1369 3811 1423 de

2221 1440 2359 1496 vobis
2382 1443 2445 1497 ab
2487 1444 2551 1499 iis
2593 1449 2683 1516 qui
2714 1459 2847 1503 sunt
2890 1448 3074 1507 Chloes
3108 1451 3183 1526 (1.
3212 1454 3330 1509 Cor.
3358 1456 3561 1528 1.“);
3608 1469 3664 1514 et
3706 1458 3809 1514 hos

2221 1537 2404 1593 celans
2430 1549 2486 1594 et
2512 1541 2633 1596 illos
2662 1543 2717 1597 in
2742 1543 2975 1599 medium
3001 1546 3309 1611 adducens;
3340 1559 3457 1604 erat
3484 1552 3628 1613 enim
3658 1552 3807 1606 reri-

2222 1628 2399 1684 simile
2426 1631 2553 1687 illos
2584 1647 2680 1703 per
2706 1632 2805 1690 hos
2828 1635 3137 1693 declarasse
3161 1655 3174 1692 :
3201 1638 3289 1695 hic
3316 1650 3494 1696 autem
3514 1684 3529 1706 ,
3572 1640 3643 1696 Id
3667 1644 3811 1712 quod

2220 1721 2357 1775 vobis
2403 1723 2610 1789 deerat,
2668 1726 2770 1796 ipsi
2811 1729 3206 1799 suppleverunt,
3237 1741 3285 1786 et
3324 1736 3603 1805 refecerunt
3637 1751 3807 1788 utentur

2219 1814 2457 1879 spiritum
2482 1825 2529 1869 et
2559 1830 2813 1882 vestrum;
2839 1820 3133 1876 ostendens
3153 1836 3247 1877 eos
3274 1824 3484 1879 venisse
3513 1839 3609 1893 pro
3630 1826 3808 1881 omni-

2220 1901 2341 1969 bus,
2356 1912 2410 1959 et
2425 1918 2518 1959 sua
2537 1915 2729 1976 sponte
2751 1916 2950 1967 tantam
2968 1911 3269 1979 suscepisse
3292 1914 3801 1984 peregrinationem.

2221 1990 2502 2059 Quomodo
2526 2010 2656 2065 ergo
2683 1998 2825 2067 quod
2846 2008 2929 2054 est
2966 2002 3235 2070 proprium
3268 2001 3358 2057 fiet
3393 2005 3713 2061 commune?
3741 2005 3804 2061 Si

2223 2083 2360 2153 quod
2386 2086 2540 2142 vobis
2569 2087 2741 2141 defuit
2770 2093 3029 2159 reparetis
3059 2107 3155 2161 per
3183 2104 3414 2149 vestram
3441 2096 3494 2150 in
3519 2111 3613 2150 eos
3638 2097 3807 2154 bene-

2219 2173 2529 2241 volentiam,
2562 2175 2607 2231 si
2629 2192 2723 2231 eos
2754 2177 3054 2248 honoretis,
3088 2182 3133 2235 si
3180 2183 3481 2253 excipiatis,
3507 2184 3552 2240 si
3593 2184 3801 2241 beneﬁ-

2217 2265 2408 2319 centia:
2436 2269 2845 2324 communicetis
2870 2287 2887 2325 :
2917 2271 3145 2342 ideoque
3170 2274 3328 2339 dicit,
3354 2274 3654 2346 Cognoscite
3677 2295 3802 2351 ergo

2214 2355 2303 2424 qui
2340 2358 2590 2425 ejusmodi
2620 2370 2755 2413 sunt.
2792 2360 2859 2414 Et
2889 2362 3109 2423 laudans
3133 2380 3229 2420 eos
3266 2366 3353 2435 qui
3384 2380 3746 2423 convenerant
3769 2410 3788 2435 ,

2214 2458 2312 2498 eos
2338 2460 2547 2515 quoque
2577 2461 2697 2503 cum
2726 2448 2882 2505 laude
2907 2453 3182 2523 coniungit
3210 2455 3297 2524 qui
3342 2456 3491 2510 missi
3531 2465 3717 2523 erant,
3744 2468 3801 2512 et

2216 2534 2307 2601 qui
2335 2534 2630 2604 miserant,
2655 2538 2841 2594 dicens
2883 2538 3229 2610 :Refecerunt
3273 2561 3435 2598 meum
3478 2547 3715 2613 spiritum
3752 2558 3801 2603 et

2216 2633 2455 2679 vestrum.
2486 2625 2781 2697 Cognoscite
2817 2646 2938 2700 ergo
2978 2633 3066 2701 qui
3088 2643 3206 2687 sunt
3234 2635 3481 2703 ejusmodi
3501 2677 3514 2699 ,
3544 2637 3798 2707 quoniam

2214 2725 2435 2784 propter
2490 2732 2609 2773 vos.
2646 2721 2868 2788 patriam
2913 2730 2969 2776 et
3016 2722 3235 2778 domum
3293 2724 3643 2796 reliquerunt.
3694 2726 3792 2783 Vi-

2214 2805 2393 2861 distin’
2417 2808 2756 2878 prudentiam
2781 2812 2807 2864 ῗ
2834 2829 2940 2867 non
2970 2814 3144 2873 solum
3177 2816 3361 2883 Paulo,
3390 2818 3486 2873 sed
3513 2819 3618 2875 illis
3636 2820 3803 2876 etiam

2215 2912 2311 2951 eos
2337 2900 2574 2953 ostendit
2597 2915 2719 2956 esse
2756 2903 3082 2970 gratiﬁcatos
3104 2946 3119 2968 ,
3162 2906 3305 2976 quod
3337 2916 3499 2962 totam
3528 2910 3800 2967 civitatem

2218 2988 2272 3043 in
2314 3004 2375 3043 se
2416 2988 2799 3045 circumferant
2831 3012 2844 3047 :
2878 2994 3019 3064 quod
3057 3011 3151 3050 eos
3199 2997 3358 3052 etiam
3388 2998 3648 3057 reddebat
3694 3001 3801 3060 ﬁde

2215 3082 2439 3150 dignos,
2469 3093 2524 3137 et
2561 3099 2667 3140 non
2715 3086 2923 3143 sinebat
2976 3102 3070 3143 eos
3099 3088 3168 3143 ab
3199 3090 3307 3143 illis
3343 3090 3587 3147 abscindi
3608 3135 3623 3157 ,
3655 3103 3798 3148 tam-

2214 3187 2371 3242 quam
2401 3173 2493 3240 qui
2536 3190 2632 3244 per
2668 3176 2811 3245 ipsos
2852 3178 2919 3233 ad
2967 3178 3184 3234 Paulum
3232 3192 3415 3236 essent
3442 3183 3677 3239 adducti.
3709 3186 3797 3241 l9.

2217 3262 2460 3318 Salutant
2480 3279 2566 3317 vos
2606 3283 2778 3320 omnes
2826 3268 3071 3323 Ecclesia:
3097 3270 3251 3325 Asia.
3279 3270 3507 3343 Semper
3549 3278 3694 3346 cogit
3743 3289 3798 3333 et

2215 3358 2545 3427 conglutinat
2591 3360 2829 3413 membra
2879 3376 2973 3430 per
3002 3363 3404 3419 salutationem.
3432 3349 3675 3420 Salutant
3712 3386 3800 3423 sos

2215 3452 2268 3503 in
2321 3450 2543 3505 Domino
2596 3452 2812 3506 multum
2856 3453 3043 3523 Aquila
3092 3466 3137 3509 et
3194 3456 3456 3510 Priscilla.
3500 3458 3655 3526 Apud
3704 3475 3797 3516 eos

2215 3541 2356 3595 enim
2390 3542 2657 3603 manebat.
2684 3558 2801 3598 cum
2830 3555 2972 3599 esset
3000 3554 3281 3602 contextor
3310 3548 3795 3607 tabernaculorum.

2217 3631 2339 3687 Cum
2385 3632 2657 3687 domestica
2713 3651 2804 3687 sua
2847 3636 3076 3691 ecclesia.
3109 3638 3222 3693 Hoc
3249 3654 3463 3710 quoque
3490 3656 3599 3696 non
3629 3658 3793 3712 parva

2218 3733 2299 3777 est
2342 3725 2547 3792 virtus,
2597 3724 2737 3794 quod
2786 3725 3002 3781 domum
3062 3728 3318 3784 fecissent
3362 3732 3667 3787 ecclesiam.
3701 3733 3793 3791 20.

2218 3816 2459 3871 Salutant
2487 3833 2572 3871 vos
2595 3833 2765 3870 omnes
2786 3820 2990 3889 fratres.
3022 3821 3255 3875 Salutate
3290 3823 3499 3877 invicem
3530 3825 3582 3877 in
3623 3829 3797 3881 osculo

2216 3918 2410 3963 sancto.
2434 3908 2544 3962 Hoc
2575 3910 2741 3962 sancti
2773 3912 2939 3965 osculi
2966 3909 3052 3965 hic
3082 3912 3254 3966 solum
3281 3914 3431 3982 ponit
3460 3914 3799 3972 additamen-

2218 4010 2350 4054 tum.
2376 3999 2779 4069 Quamobrem?
2830 4002 2997 4057 Valde
3040 4004 3180 4057 inter
3222 4018 3280 4058 se
3318 4004 3680 4072 dissidebant,
3734 4024 3799 4063 eo

2218 4093 2361 4162 quod
2411 4092 2653 4146 dicerent
2685 4109 2698 4145 :
2730 4091 2842 4162 Ego
2886 4093 3085 4160 quidem
3125 4110 3236 4147 sum
3270 4093 3464 4162 Pauli,
3495 4113 3583 4167 ego
3628 4109 3800 4153 autem

2218 4182 2424 4251 Apollo,
2440 4197 2530 4252 ego
2555 4193 2721 4236 autem
2738 4183 2941 4251 Cephea,
2956 4200 3046 4254 ego
3063 4201 3177 4237 vero
3191 4184 3376 4239 Christi
3390 4186 3436 4255 (1
3455 4224 3472 4238 .
3484 4186 3761 4258 60121.12)
3780 4208 3793 4244 :

2217 4290 2283 4329 eo
2296 4272 2438 4344 quod
2456 4273 2588 4326 alius
2604 4275 2814 4342 quidem
2843 4278 3090 4343 esuriret,
3118 4276 3254 4331 alius
3270 4293 3399 4331 vero
3419 4288 3563 4337 esset
3578 4279 3760 4335 ebrius
3781 4300 3796 4337 :

2217 4382 2284 4423 eo
2310 4365 2450 4437 quod
2482 4364 2738 4421 haberent
2778 4382 2980 4437 pugnas
3009 4379 3061 4422 et
3107 4370 3476 4442 aemulationes
3506 4380 3562 4425 et
3588 4372 3707 4428 lites
3736 4388 3797 4427 ac

2215 4461 2451 4532 judicia,
2497 4469 2549 4513 et
2596 4475 2661 4514 es
2710 4460 2864 4513 donis
2915 4476 3105 4530 magna
3149 4470 3261 4516 erat
3310 4462 3547 4528 invidia,
3604 4478 3796 4535 magna

2217 4552 2463 4624 Superbia
2490 4562 2543 4605 et
2570 4553 2891 4623 arrogantia.
2918 4553 3208 4623 Postquam
3246 4569 3374 4624 ergo
3399 4569 3494 4610 eos
3522 4556 3797 4624 conjunxit

2221 4659 2315 4713 per
2338 4641 2789 4708 exhortationem,
2817 4644 3008 4698 merito
3031 4644 3193 4698 etiam
3229 4644 3382 4713 jubet
3406 4645 3663 4716 conjungi
3696 4661 3790 4715 per

2218 4735 2463 4793 osculum
2500 4746 2763 4790 sanctum.
2798 4735 2909 4791 Hoc
2935 4736 3078 4791 enim
3107 4737 3256 4801 imit,
3302 4747 3356 4791 et
3384 4753 3549 4791 unum
3595 4752 3792 4807 corpus

2220 4826 2343 4881 facit
2371 4844 2383 4878 :
2410 4823 2511 4880 hoc
2549 4835 2633 4881 est
2661 4834 2903 4880 sanctum
2928 4866 2944 4892 ,
2972 4825 3115 4896 quod
3154 4840 3260 4881 non
3290 4835 3370 4881 est
3416 4842 3535 4881 cum
3578 4826 3705 4882 dolo
3744 4836 3797 4882 et

2219 4913 2575 4970 simulatione.
2601 4916 2691 4969 21.
2728 4915 2983 4970 Salatatio
3006 4932 3117 4969 mea
3162 4932 3316 4970 manu
3346 4915 3524 4972 Pauli.
3551 4917 3796 4972 Ostendit

2221 5022 2415 5076 magno
2442 5007 2617 5063 studio
2661 5009 3012 5077 compositam
3045 5009 3210 5063 fuisse
3239 5009 3521 5078 epistolam
3547 5026 3562 5061 :
3590 5017 3645 5061 et
3676 5006 3796 5061 ideo

2220 5100 2322 5153 hoc
2349 5097 2540 5166 adjecit
2579 5098 2707 5154 δεῖ.
2730 5100 2791 5154 Si
2813 5102 2926 5169 quis
2964 5115 3066 5154 non
3086 5109 3224 5153 amat
3253 5098 3529 5154 Dominum
3572 5108 3794 5153 nostrum

2218 5188 2394 5244 Iesum
2420 5188 2693 5253 Christum,
2711 5190 2777 5244 sit
2795 5189 3086 5244 anathema.

2290 5282 2345 5335 5.
2377 5281 2565 5337 Festus
2599 5292 2719 5349 quat
2762 5283 3012 5337 uictorum
3054 5297 3229 5335 causa.
3252 5278 3444 5335 --Pcr
3486 5295 3653 5335 unum
3694 5280 3793 5336 hoc

2218 5375 2437 5429 verbum
2486 5390 2676 5430 omnes
2723 5376 2945 5438 terruit,
2995 5376 3084 5443 qui
3126 5374 3363 5427 membra
3390 5388 3485 5428 sua
3530 5374 3795 5430 iaciebant

2220 5466 2461 5521 membra
2484 5467 2822 5529 meretricis;
2852 5481 2947 5520 eos
2976 5467 3067 5535 qui
3110 5465 3301 5520 fratres
3330 5466 3676 5521 ollendebant
3703 5481 3793 5534 per

2221 5556 2489 5612 immolata
2512 5558 2693 5621 idolis,
2718 5572 2813 5612 eos
2833 5558 2923 5627 qui
2945 5556 3355 5613 nominabantur
3374 5573 3444 5612 es
3469 5555 3791 5619 hominibus,

2221 5660 2315 5702 eus
2366 5648 2457 5717 qui
2506 5662 2613 5702 non
2663 5646 2952 5702 credebant
3006 5646 3410 5702 resurrectioui.
3460 5643 3579 5701 Non
3621 5644 3791 5701 solum

2229 5749 2405 5793 autem
2438 5739 2665 5805 terruit,
2697 5738 2790 5794 sed
2822 5741 2980 5795 etiam
3010 5738 3242 5796 ostendit
3283 5738 3421 5792 viam
3451 5735 3663 5791 virtutis
3683 5778 3699 5802 ,
3739 5742 3792 5788 et
