4060 6346
667 372 786 428 377

680 484 929 551 λίζοντας
944 484 1068 551 τοὺς
1083 488 1346 557 ἀδελφοὺς
1362 491 1451 544 διὰ
1468 492 1575 546 τῶν
1598 493 1985 560 εἰδωλοθύτων,
2009 495 2135 555 τοὺς
2153 495 2247 547 ἀπ’

679 573 982 645 ανθρώπων
1008 577 1464 648 ὀνομαζομένους,
1494 581 1621 645 τοὺς
1651 585 1716 653 τῇ
1746 584 2039 637 ἀναστάσει
2066 583 2246 637 διαπι-

680 666 956 732 στοῦντας.
994 668 1107 722 οὐκ
1131 669 1363 740 ἐφόϐησε
1386 671 1444 723 δὲ
1471 672 1649 740 μόνον,
1676 672 1812 725 ἀλλά
1842 673 1935 727 καὶ
1960 672 2129 737 ἐδειξε
2151 673 2250 743 τῆς

676 756 877 828 ἀρετῆς
900 759 999 829 τήν
1028 759 1165 823 ὀδὸν,
1196 764 1291 814 καὶ
1316 762 1417 831 τῆς
1445 763 1642 826 κακίας
1670 763 1768 834 τὴν
1801 764 2007 836 πηγήν.
2042 765 2250 833 Ὥσπερ

675 848 783 919 γάρ
822 849 1027 921 σφοδρά
1074 851 1206 921 περὶ
1242 850 1404 904 αὐτὸν
1438 854 1471 923 ή
1506 852 1693 924 ἀγάπη
1740 854 2026 924 γενομένη,
2071 853 2248 906 πάντα

674 938 782 991 τῶν
818 941 1236 1011 ἁμαρτημάτων
1256 942 1323 997 τά
1348 942 1461 1013 εἴδη
1494 945 1889 999 κατασϐέννυσι
1912 946 2006 999 καὶ
2034 943 2243 1009 ἐξωθεῖ·

671 1031 847 1095 οὕτως
884 1033 1015 1086 ὅταν
1040 1033 1402 1103 ἀσθενεστέρα
1443 1031 1500 1107 ᾖ,
1528 1037 1847 1106 βλαστάνειν
1877 1037 2049 1091 ταῦτα
2079 1037 2244 1091 ποιεῖ.

673 1122 1016 1189 Μαραναθά.
1057 1124 1216 1187 Τίνος
1249 1124 1434 1179 ἕνεκεν
1469 1126 1627 1180 τοῦτο
1672 1129 1928 1198 εῖρηται;
1962 1129 2016 1179 τί
2046 1127 2246 1197 δήποτε

672 1212 768 1264 καὶ
828 1213 1064 1283 Ἐϐραΐδι
1098 1220 1284 1287 φωνῇς
1338 1218 1557 1288 Ἐπειδὴ
1602 1220 1822 1271 πάντων
1864 1218 1974 1271 τῶν
2002 1217 2188 1271 κακῶν
2219 1219 2247 1269 6

671 1301 838 1371 τῦφος
866 1305 1037 1369 αἴτιος
1177 1307 1367 1361 τοῦτον
1399 1309 1456 1361 δέ
1486 1309 1576 1360 τὸν
1603 1308 1771 1375 τῦφον
1796 1310 1829 1378 ἡ
1859 1308 2057 1372 ἔξωθεν
2086 1309 2245 1376 σοφία

671 1392 866 1456 ἐποίει,
914 1395 1007 1447 καὶ
1056 1396 1212 1449 τοῦτο
1251 1396 1312 1448 τὸ
1354 1397 1649 1465 κεφάλαιον
1691 1396 1802 1450 τῶν
1840 1397 2024 1451 κακῶν
2076 1395 2165 1471 ἦν,
2217 1398 2246 1449 δ

668 1483 911 1553 μάλιστα
952 1486 1054 1557 τὴν
1100 1486 1363 1556 Κόρινθον
1399 1486 1690 1540 διέσπασε·
1729 1488 2108 1542 καταστέλλων
2148 1490 2244 1542 αὑ·

668 1575 777 1631 τῶν
805 1578 898 1631 τὸν
928 1576 1117 1647 τῦφον,
1149 1578 1270 1631 οὐδὲ
1316 1578 1525 1633 Ἐλλάδι
1554 1580 1816 1651 κέχρηται
1843 1581 2083 1652 γλώσσῃ,
2109 1583 2244 1642 ἀλλά

667 1672 734 1741 τῇ
769 1668 1031 1740 Ἐϐραΐδι,
1058 1670 1272 1733 δεικνὺς
1294 1672 1374 1725 ὅτι
1406 1673 1465 1724 οὐ
1495 1671 1655 1741 μόνον
1680 1673 1780 1725 ούκ
1808 1672 2120 1743 αἰσχύνεται
2146 1675 2243 1743 τὴν

669 1758 956 1825 ἰδιωτείαν,
1004 1762 1142 1815 ἀλλά
1195 1764 1291 1816 καὶ
1346 1764 1484 1833 μετὰ
1539 1763 1742 1831 πολλῆς
1791 1763 2095 1829 ἀσπάζεται
2142 1765 2243 1834 τῆς

669 1852 1021 1925 θερμότητος.
1048 1853 1115 1906 Τί
1137 1853 1194 1907 δέ
1213 1856 1329 1907 ἐστι
1350 1852 1714 1921 Μαραναθά;
1745 1852 1807 1905 '0
1838 1854 2051 1920 Κύριος
2076 1851 2249 1921 ἡμῶν

664 1937 833 2012 ἦλθε.
866 1946 1023 2011 Τίνος
1072 1944 1164 2003 οὖν
1214 1950 1398 2003 ἕνεκεν
1437 1950 1568 2002 αὐτὸ
1596 1950 1754 2002 τοῦτό
1794 1968 1964 2020 φησι;
2005 1950 2108 2001 Τὸν
2142 1948 2242 2018 τῆς

665 2039 976 2108 οἰκονομίας
1014 2039 1249 2110 βεϐαιῶν
1279 2040 1456 2109 λόγον,
1496 2041 1554 2106 ἐξ
1578 2034 1654 2095 ὧν
1697 2042 1933 2112 μάλιστα
1961 2041 2029 2095 τά
2078 2041 2243 2111 σπέρ-

669 2146 812 2198 ματα
831 2130 930 2201 τῆς
956 2132 1308 2195 ἀναστάσεως
1329 2133 1689 2188 συντέθεικεν·
1714 2134 1775 2186 ού
1801 2133 1961 2187 τοῦτο
1980 2133 2037 2187 δὲ
2060 2133 2239 2205 μόνον,

665 2220 803 2274 ἀλλά
851 2223 941 2275 καὶ
979 2222 1221 2286 ἐκείνους
1265 2224 1565 2295 ἐντρέπων,
1595 2226 1672 2287 ὡς
1718 2225 1785 2278 ἂν
1824 2226 1873 2278 εί
1919 2224 2137 2292 ελεγεν·
2183 2226 2241 2277 '0

664 2310 847 2375 κοινὸς
890 2311 1109 2389 πάντων
1149 2315 1426 2385 Δεσπότης
1470 2314 1778 2384 καταϐῆναι
1815 2313 2071 2367 τοσοῦτον
2112 2332 2244 2368 κατ-

664 2402 885 2469 ηξίωσε,
911 2403 1003 2456 καὶ
1028 2404 1189 2474 ὑμεῖς
1214 2404 1274 2455 ἐν
1300 2407 1414 2467 τοῖς
1444 2405 1630 2468 αὐτοῖς
1658 2406 1804 2470 ἐστε,
1829 2405 1923 2459 καὶ
1952 2404 2241 2477 έπιμένετε

664 2491 1107 2563 ἀμαρτάνοντεςς
1162 2492 1258 2546 καὶ
1306 2493 1367 2548 οὐ
1414 2494 1667 2565 φρίττετε
1719 2495 1817 2567 τῆς
1872 2494 2093 2565 ἀγάπης
2142 2494 2241 2565 τὴν

664 2579 990 2653 ὑπερϐολὴν,
1015 2580 1124 2635 τῶν
1144 2582 1365 2651 ἀγαθῶν
1383 2583 1444 2635 τὸ
1465 2582 1761 2653 κεφάλαιον
1778 2600 1796 2648 ;
1831 2582 2113 2653 Ἐννόησον
2133 2584 2241 2652 γάρ

664 2671 822 2725 τοῦτο
842 2671 1023 2743 μόνον,
1059 2675 1215 2744 φησὶ,
1242 2674 1335 2736 καὶ
1362 2674 1590 2744 ἀρκέσει
1620 2690 1703 2726 σοι
1726 2675 1807 2737 εις
1831 2673 2013 2744 πάσης
2040 2672 2242 2743 ἀρετῆς

656 2764 968 2834 προκοπὴν,
994 2765 1088 2818 καὶ
1126 2750 1307 2817 πᾶσαν
1340 2763 1545 2836 δυνήσῃ
1578 2764 1911 2818 κατασϐέσαι
1944 2763 2237 2835 ἁμαρτίαν.

674 2852 749 2906 Ἠ
774 2862 946 2920 παρις
972 2854 1079 2906 τοῦ
1110 2854 1333 2926 κυρίου
1362 2852 1531 2923 ἡμῶν
1574 2854 1767 2923 Ἰησοῦ
1805 2852 2065 2923 Χριστοῦ
2108 2854 2241 2922 μεθ’

659 2942 851 3011 ὑμῶν.
884 2943 1056 2998 Τοῦτο
1088 2945 1435 3007 διδασκάλου,
1466 2945 1528 2997 τὸ
1567 2945 1643 3014 μὴ
1695 2944 1857 3014 μόνον
1884 2944 2239 3014 συμϐουλαῖς,

665 3031 803 3086 ἀελλά
834 3034 936 3086 καὶ
958 3034 1146 3103 εὐχαῖς
1175 3031 1412 3101 βοηθεῖν.
1454 3032 1522 3086 Ἦ
1551 3031 1751 3101 ἀγάπη
1774 3049 1893 3100 μου
1918 3032 2071 3102 μετὰ
2088 3018 2240 3085 κᾶν-

664 3142 785 3178 των
814 3124 982 3194 ὑμῶν
1008 3126 1078 3179 ἐν
1104 3126 1334 3195 Χριστῷ
1374 3125 1595 3193 Ἰησοῦ.
1642 3124 1836 3194 Ἀμήν.
1875 3126 1991 3179 ἰνα
2020 3125 2128 3197 7&9
2166 3124 2242 3196 μὴ

665 3216 982 3285 νομίσωσιν,
1011 3217 1092 3269 ὅτι
1123 3216 1432 3270 κολακεύων
1454 3217 1649 3277 αὐτοὺς
1675 3217 1755 3277 είς
1776 3215 1931 3268 τοῦτο
1953 3216 2239 3285 κατέληξε,

669 3303 835 3374 φησίν
854 3319 869 3333 θ
910 3305 1007 3357 Ἑν
1037 3303 1267 3374 Χριστῷ
1318 3305 1541 3372 Ἰησοῦ.
1574 3305 1740 3358 Οὐδὲν
1769 3306 1877 3377 γάρ
1905 3305 2243 3377 ἀνθρώπινον

670 3396 783 3465 ἔχει
827 3396 947 3449 οὐδὲ
983 3397 1267 3467 σαρκικὺν,
1304 3397 1439 3450 ἀλλά
1477 3399 1819 3467 πνευματική
1868 3396 1952 3459 τίς
1990 3399 2128 3450 ἐστι·
2164 3397 2244 3449 διδ

672 3486 876 3559 σφόδρα
902 3490 1123 3557 γνησία·
1144 3489 1238 3540 καὶ
1260 3489 1369 3559 γὰρ
1394 3488 1600 3559 σφόδρα
1629 3487 1860 3558 ἐρῶντος
1885 3487 1947 3541 τδ
1975 3488 2127 3559 ῥῆμα
2152 3482 2239 3558 ἧν.

669 3576 783 3630 Καὶ
808 3577 916 3648 γὰρ
944 3578 1130 3649 ἐπειδὴ
1156 3578 1454 3648 διειστήκει
1482 3577 1559 3648 τῷ
1584 3578 1755 3647 τόπῳ,
1788 3579 2042 3649 καθάπερ
2067 3578 2245 3644 δεξιάς

666 3685 813 3730 τινος
844 3669 1085 3731 ἐκτάσει,
1122 3671 1244 3732 ταῖς
1270 3670 1369 3739 τῆς
1402 3669 1620 3739 ἀγάπης
1655 3670 1854 3732 αὐτοὺς
1895 3670 2054 3740 χερσὶ
2087 3685 2245 3739 περι-

670 3760 936 3829 λαμϐάνει
971 3759 1120 3832 [ιιι]
1155 3761 1348 3828 λέγων,
1398 3762 1462 3814 Ἠ
1503 3761 1705 3829 ἀγάπη
1732 3778 1852 3829 μου
1889 3763 2019 3830 μεθ’
2054 3761 2241 3829 ὑμῶν,

668 3850 746 3913 ῶς
786 3851 850 3903 ἂν
894 3852 942 3903 ει
996 3851 1167 3919 ἔλεγε·
1211 3850 1365 3904 Μετά
1414 3851 1628 3904 πάντων
1680 3852 1835 3919 ὑμῶν
1881 3852 2010 3921 ἐγώ.
2046 3854 2124 3906 Δι’
2170 3847 2245 3906 ὧν

668 3940 961 4005 δείκνυσιν,
991 3942 1071 3995 ὅτι
1102 3943 1163 3995 ού
1192 3941 1361 4011 θυμοῦ
1389 3943 1508 3996 οὐδὲ
1540 3942 1713 4013 ὀργῆς
1747 3939 1815 4013 ἦν
1844 3944 1911 3997 τὰ
1945 3944 2243 4015 γραφέντα,

669 4030 808 4085 ἀλλά
834 4031 1180 4102 κηδεμονίας,
1205 4033 1339 4085 ὅπου
1361 4050 1422 4101 γε
1454 4036 1593 4103 μετά
1618 4034 1885 4103 τοσαύτην
1911 4037 2245 4107 κατηγορίαν

669 4122 770 4175 οὐκ
801 4121 1228 4192 ἀποστρέφεται,
1257 4122 1391 4175 ἀλλά
1427 4124 1521 4177 καὶ
1552 4125 1696 4193 φιλεῖ
1729 4127 1821 4178 καὶ
1849 4125 2243 4196 περιλαμϐάνει

670 4212 953 4283 πόρρωθεν
977 4214 1173 4277 αὐτοὺς
1201 4213 1379 4277 ὄντας,
1410 4214 1497 4268 διά
1526 4216 1636 4268 τῶν
1668 4216 2002 4270 Ἐπιστολῶν
2025 4217 2245 4271 καὶτῶν

669 4304 1011 4371 γραμμάτων
1038 4306 1245 4358 τούτων
1269 4306 1450 4370 αὐτοῖς
1478 4308 1811 4377 περιχυθείς.
1842 4306 2001 4361 Οὕτω
2022 4310 2132 4376 γὰρ
2156 4309 2246 4361 τὸν

668 4391 983 4463 διορθοῦντα
1028 4394 1106 4446 δεῖ
1143 4398 1336 4446 ποιεῖν·
1376 4395 1453 4458 ώς
1496 4397 1524 4448 ὃ
1558 4414 1619 4464 γε
1666 4396 1802 4467 ὀργῇ
1845 4397 2003 4466 μόνον
2040 4398 2206 4451 ποιῶν
2230 4438 2246 4463 ,

670 4486 866 4538 οἰκεῖον
905 4484 1075 4549 πάθος
1109 4485 1339 4557 πληροῖ·
1386 4490 1413 4541 6
1453 4488 1509 4541 δὲ
1553 4487 1691 4557 μετά
1722 4487 1781 4539 τὸ
1820 4488 2109 4558 διορθῶσαι
2155 4489 2247 4541 τὸν

671 4576 1054 4646 ἁμαρτάνοντα
1077 4617 1093 4642 ,
1124 4579 1218 4641 καὶ
1260 4578 1325 4633 τά
1354 4583 1454 4651 τῆς
1502 4581 1724 4653 ἀγάπης
1768 4579 2208 4651 ἐπιδεικνύμενος
2230 4623 2242 4646 ν

669 4666 935 4721 δείκνυσιν
963 4670 1045 4723 δτι
1070 4671 1298 4724 κάκεῖνα
1324 4672 1708 4741 φιλοστοργίας
1737 4668 1824 4742 ἦν,
1854 4673 1953 4726 ὅσα
1984 4675 2248 4745 ἐπιπλήτ-

667 4776 776 4813 των
796 4759 1003 4827 ἐλεγεν.
1028 4760 1184 4814 υῦτω
1206 4764 1269 4833 δὴ
1291 4764 1387 4817 κα)⁵
1408 4765 1571 4832 ἡμεῖς
1592 4764 1853 4832 ἀλλήλους
1885 4765 2239 4835 παιδεύωμεν,

668 4851 765 4904 καὶ
804 4854 939 4922 μήτε
972 4854 999 4904 6
1038 4851 1273 4922 ἐλέγχων
1306 4854 1643 4923 όργιζέσθω·
1675 4854 1734 4903 οὐ
1770 4854 1879 4923 γὰρ
1907 4854 2247 4921 διορθώσεως

671 4940 850 5004 τοῦτο,
878 4942 1013 4997 ἀλλά
1047 4942 1281 5006 πάθους·
1329 4946 1465 5014 μήτε
1493 4946 1521 4996 6
1553 4943 1909 5013 ἐλεγχόμενος
1959 4945 2243 5015 δυσχεραι·

678 5030 829 5083 νέτω·
865 5032 1071 5100 ἰατρεία
1102 5032 1209 5104 γὰρ
1232 5034 1293 5086 τὸ
1331 5034 1635 5105 γινόμενον,
1660 5037 1759 5089 οὐκ
1786 5036 2073 5105 ἀπέχθεια.
2104 5038 2165 5088 Et
2191 5036 2247 5090 δὲ

677 5122 876 5190 ίατρῶν
900 5122 1087 5186 παῖδες
1113 5125 1328 5179 καίουοι
1347 5126 1440 5178 καὶ
1460 5126 1560 5178 ούκ
1586 5126 1967 5195 ἐγκαλοῦνται,
1990 5125 2246 5186 πολλάκις

673 5214 769 5267 καὶ
800 5215 1256 5285 διαμαρτάνοντες
1287 5216 1379 5270 τοῦ
1412 5217 1620 5282 τέλους,
1653 5220 1787 5273 ἀλλά
1828 5220 1923 5272 καὶ
1954 5216 2247 5285 ἀλγοῦντες

673 5306 721 5357 οί
770 5306 1047 5375 καιόμενοι
1077 5309 1169 5360 καὶ
1194 5311 1537 5380 τεμνόμενοι,
1584 5312 1876 5379 εὐεργέτας
1909 5305 2048 5363 εἶναι
2093 5309 2246 5378 νομί-

673 5393 824 5457 ζουτι
856 5398 979 5460 τοὺς
1004 5396 1103 5467 τὴν
1131 5398 1401 5467 ἀλγηδόνα
1422 5400 1625 5468 ταύτην
1656 5399 2041 5469 διεγείροντας·
2070 5398 2248 5469 πολλῷ

677 5484 878 5551 μᾶλλον
908 5486 999 5538 τὸν
1028 5487 1315 5558 δεχόμενον
1348 5490 1566 5558 ἔλεγχον
1602 5488 1745 5542 οὕτω
1775 5488 2076 5543 διακεῖσθαι
2106 5490 2209 5560 χρὴ
2230 5530 2242 5552 ,

674 5574 771 5627 καὶ
799 5574 872 5637 ὼς
901 5576 1067 5647 ἰατρῷ
1097 5580 1386 5649 προσέχειν
1427 5581 1502 5651 τῷ
1529 5579 1851 5651 διορθοῦντι,
1887 5580 1998 5633 ἀλλ’
2044 5584 2140 5651 οὐχ
2173 5583 2245 5642 ὡς

674 5664 871 5738 ἐχθρῷ.
905 5669 1010 5719 Καὶ
1043 5671 1199 5738 ἡμεῖς
1232 5672 1281 5723 Σὲ
1308 5672 1357 5723 οἱ
1384 5673 1743 5737 ἐπιτιμῶντες
1773 5671 2084 5742 προσίωμεν
2112 5672 2246 5741 μετὰ

679 5752 877 5815 πολλῆς
905 5755 1004 5823 τῆς
1038 5756 1371 5827 ἡμερότητος
1394 5802 1406 5824 ,
1442 5761 1574 5830 μιτά
1608 5758 1803 5830 πολλῆς
1830 5760 1926 5830 τῆς
1960 5761 2242 5823 συνέσεως,

1352 378 1408 434 S.
1450 377 1732 438 JOANNIS
1767 379 2243 437 CHRYSOSTOMI

2351 379 2608 436 RCHIEP.
2643 378 2915 440 CONSTA
2924 378 3195 439 ΝΤῙΝΟΡ.

3837 380 3935 436 δῖε

2357 494 2460 547 κᾶν
2486 493 2600 567 ἴδῃς
2633 493 2723 547 τὸν
2757 494 2991 563 ἀδελφὸν
3026 491 3455 564 πλημμελοῦντα
3476 532 3491 557 ,
3531 491 3608 557 ὡς
3642 493 3673 547 ὀ
3702 494 3933 564 Χριστὸς

2355 585 2641 650 ἐκέλευσε,
2674 583 2760 656 μὴ
2791 583 3085 654 δημοσίευε
3126 581 3219 634 τὸν
3262 582 3509 653 ἔλεγχον,
3552 583 3693 636 ἀλλά
3731 583 3931 661 μεταξὺ

2358 673 2453 727 σοῦ
2476 674 2571 728 καὶ
2602 672 2768 727 αὑτοῦ
2796 673 2983 742 μόνον,
3012 671 3112 724 ούκ
3137 670 3411 735 ὀνειδίζων
3436 672 3558 726 οὑδέ
3582 672 3933 742 ἐπεμϐαίνων

2355 763 2611 833 κειμένῳ,
2644 764 2779 817 ἀλλά
2809 765 2903 817 καλ⁸
2922 762 3109 832 ἀλγῶν
3134 762 3231 816 καὶ
3249 763 3568 833 τηκόμενος·
3600 765 3694 818 καὶ
3719 764 3937 835 ετοιμον

2356 854 2551 909 σαυτὸν
2583 855 2788 926 πάρεχε
2825 854 2922 909 καὶ
2956 854 3091 927 πρὸς
3126 855 3186 908 τὸ
3229 854 3578 923 ἐλέγχεσθαι,
3622 856 3678 909 εῖ
3718 874 3777 909 τι
3821 857 3938 908 διαο

2358 945 2674 1016 μαρτάνοις.
2710 946 2829 998 Ἰνα
2855 945 2911 999 δὲ
2940 947 3035 999 καὶ
3069 944 3405 1014 σαφέστερον
3433 944 3462 997 δ
3498 945 3643 1013 λέγω
3666 936 3939 1017 γένηται.

2353 1035 2476 1088 καθ’
2508 1035 2766 1089 ὑπόθεσιν
2802 1035 2895 1087 τὸν
2928 1035 3086 1104 λόγον
3135 1036 3545 1104 γυμνάσωμεν·
3593 1035 3671 1105 μὴ
3718 1036 3837 1107 γὰρ
3876 1036 3941 1106 δή

2352 1127 2564 1194 γένοιτο
2602 1127 2698 1181 ἐπὶ
2749 1126 2849 1197 τῆς
2888 1127 3146 1198 ἀληθείας
3187 1127 3360 1197 αὐτῆς
3402 1128 3707 1198 εὐπορῆσαι
3753 1145 3939 1198 παρα·

2352 1217 2643 1288 δείγματος
2692 1218 2959 1273 τοιούτου·
3018 1220 3201 1273 Ἔστω
3253 1237 3341 1282 τις
3394 1218 3623 1287 ἀδελφὸς
3675 1217 3940 1287 παρθένῳ

2355 1309 2639 1375 συνοικῶν,
2670 1311 2900 1382 κόσμιος
2931 1310 3031 1381 μέν
3058 1311 3147 1365 καὶ
3179 1312 3433 1384 σώφρων,
3462 1310 3603 1381 πλὴν
3628 1309 3771 1362 ἀλλὰ
3804 1310 3939 1378 μηδὲ

2351 1400 2496 1455 οὓτω
2539 1402 2876 1472 διαφευγέτω
2926 1403 3027 1474 τὴν
3078 1404 3325 1475 πονηρὰν
3367 1405 3547 1471 δόξαν.
3599 1404 3702 1456 1’Δν
3756 1402 3940 1455 τοίνυν

2350 1491 2593 1565 ἀκούσης
2638 1494 3041 1566 θρυλλουμένην
3090 1495 3189 1563 τὴν
3227 1494 3541 1565 συνοίκησιν
3581 1493 3829 1562 ταύτην,
3867 1492 3941 1561 μὴ

2351 1589 2773 1658 καταφρονήσῃς
2815 1588 2951 1659 μηδὲ
3000 1588 3194 1660 εἴπῃς·
3226 1585 3397 1648 Αύτὺς
3422 1588 3531 1657 7&9
3571 1586 3631 1639 οὒ
3666 1586 3937 1654 κέκτηται

2349 1675 2507 1743 νοῦν;
2531 1677 2689 1740 αὐτὸς
2717 1678 2825 1748 γάρ
2847 1680 2946 1732 οὐκ
2966 1673 3074 1731 οἶδε
3096 1679 3149 1731 τί
3170 1678 3229 1731 τὸ
3257 1676 3568 1747 συμφέρον;
3598 1678 3725 1748 εἰκῆ
3754 1675 3936 1746 φιλοῦ,

2350 1766 2444 1817 καὶ
2488 1766 2563 1837 μὴ
2597 1766 2756 1836 μισοῦ
2797 1768 2943 1837 εικῆ·
2996 1767 3049 1819 τί
3083 1766 3191 1837 γάρ
3237 1782 3329 1837 μοι
3372 1766 3524 1834 μέλει
3566 1765 3775 1837 ἔχθραν
3809 1768 3936 1819 ἀνα·

2348 1856 2603 1923 δέξασθαι
2661 1858 2957 1928 περιττήνς
3012 1856 3200 1911 Ταῦτα
3258 1855 3476 1926 ληρώδη
3543 1858 3768 1927 ῥήματα
3828 1858 3936 1911 τῶν

2351 1948 2576 2019 θηρίων,
2612 1948 2811 2019 μᾶλλον
2843 1949 2900 2001 δὲ
2932 1948 3041 2003 τῶν
3064 1948 3355 2019 δαιμόνων.
3390 1948 3467 2000 Οὐ
3494 1946 3603 2016 γάρ
3628 1947 3782 2001 εστιν
3811 1951 3937 2018 είκῆ

2352 2038 2628 2110 μισεῖσθαι
2652 2040 2742 2093 τὸν
2773 2040 2865 2092 ἐπὶ
2898 2040 3182 2112 διορθώσει
3205 2038 3363 2093 τοῦτο
3391 2038 3670 2103 ποιοῦντα,
3697 2039 3820 2093 ἀλλ’
3843 2042 3937 2092 ἐπὶ

2352 2130 2609 2201 μεγάλοις
2642 2130 2871 2199 ἀγαθοῖς
2908 2130 3004 2185 καὶ
3032 2131 3317 2201 στεφάνοις
3360 2131 3714 2201 ἀπορρήτοις.
3764 2131 3830 2183 Ei
3880 2132 3935 2183 δὲ

2348 2220 2547 2289 λέγοις,
2591 2221 2657 2274 Τί
2684 2222 2817 2292 7&9,
2848 2222 3010 2286 αὐτὸς
3054 2222 3157 2275 οὐκ
3194 2224 3305 2293 ἔχει
3337 2219 3499 2288 νοῦν;
3540 2220 3754 2291 ἀκούσῃ
3804 2222 3935 2287 παρ’

2348 2309 2527 2379 ἡμῶν,
2567 2309 2649 2363 δτι
2676 2310 2777 2363 οὐκ
2822 2311 2955 2381 εχει·
2994 2312 3185 2382 μεθύει
3220 2313 3329 2384 7&9
3370 2310 3448 2383 τῷ
3484 2312 3666 2366 πάθει.
3710 2311 3777 2364 Εί
3826 2311 3933 2379 7&9

2347 2397 2575 2452 ἐπὶτῶν
2609 2397 2807 2463 ἔξωθεν
2847 2401 3217 2472 δικαστηρίων
3259 2404 3308 2455 οῖ
3345 2402 3695 2473 ἀδικούμενοι
3726 2402 3837 2455 οὐκ
3871 2405 3933 2455 ἂν

2346 2489 2597 2543 δύναιντο
2624 2490 2797 2542 εἰπεῖν
2822 2474 3205 2560 ύπέρέαυτῶν
3232 2489 3443 2554 ζέοντες
3463 2493 3530 2562 τῇ
3558 2492 3723 2563 ὀργῇ,
3751 2492 3932 2547 καίτοι

2346 2594 2410 2647 γε
2437 2579 2537 2632 οὐκ
2562 2577 2709 2632 ἐστιν
2730 2578 2983 2652 ἐγκλημα
3012 2583 3045 2652 ἡ
3074 2579 3391 2651 συμπάθεια
3414 2579 3577 2653 αὕτη·
3604 2584 3763 2654 πόσῳ
3799 2582 3929 2637 udi-

2346 2669 2437 2721 λον
2458 2670 2507 2723 οἱ
2531 2670 2793 2742 συνηθείᾳ
2815 2672 3030 2747 πονηρᾷ
3054 2670 3413 2742 κατεχόμενοι
3438 2688 3453 2737 ;
3474 2673 3573 2726 Διά
3592 2674 3755 2728 τοῦτο
3767 2674 3933 2744 Ηγω,

2346 2760 2427 2813 δτι
2460 2760 2561 2815 κάν
2596 2762 2854 2833 μυριάκις
2947 2762 3229 2835 φρόνιμος,
3258 2763 3358 2817 οὐκ
3390 2761 3503 2832 ἔχει
3532 2763 3657 2817 νοῦν
3678 2765 3929 2836 ἐγρηγο-

2349 2852 2497 2923 ρότα.
2524 2852 2591 2904 Τί
2628 2852 2736 2924 γὰρ
2764 2852 2860 2909 τοῦ
2896 2854 3059 2906 Δαυῖδ
3097 2854 3461 2925 συνετώτερον
3496 2848 3588 2923 ἦν,
3636 2854 3932 2925 ἀνθρώπου

2346 2943 2617 3012 λέγοντος,
2653 2943 2729 2999 Τὰ
2751 2943 2949 3011 ἄδηλα
2970 2944 3065 2998 καὶ
3095 2944 3167 2998 τὰ
3193 2947 3412 3015 κρύφια
3432 2945 3543 3013 τῆς
3562 2946 3793 3014 σοφίας
3817 2963 3932 3000 σου

2346 3031 2665 3101 ἐδήλωσας
2692 3050 2827 3103 μου
2872 3034 2985 3088 ἀλλ’
3023 3034 3113 3087 ὅτε
3149 3034 3245 3105 τὴν
3274 3035 3368 3088 τοῦ
3400 3035 3741 3107 στρατιώτου
3780 3034 3947 3107 [8121

2348 3128 2581 3195 γυναῖκα
2619 3122 2759 3194 οἶδεν
2785 3126 3085 3197 ὀφθαλμοῖς
3106 3127 3333 3191 ἀδίκοις,
3359 3128 3503 3191 τότε,
3532 3128 3672 3200 ὅπερ
3698 3130 3797 3181 ἐπὶ
3835 3128 3932 3197 τῆς

2349 3218 2622 3289 θαλάττης
2657 3224 2756 3287 τῆς
2790 3218 3123 3289 μαινομένης
3160 3219 3286 3280 τοὺς
3318 3219 3660 3287 ἐμπλέοντας
3696 3222 3935 3290 πάσχειν

2351 3306 2527 3373 ἔλεγε,
2555 3306 2730 3360 Πᾶσα
2763 3306 2800 3373 ἡ
2831 3306 3019 3374 σοφία
3039 3305 3228 3359 αὐτοῦ
3256 3307 3581 3373 κατεπόθη·
3604 3309 3702 3362 καὶ
3728 3310 3935 3380 ἐτέρων

2351 3397 2519 3449 ἐδεῖτο
2567 3394 2676 3449 τῶν
2725 3396 3153 3467 διορθωσόντων,
3198 3397 3293 3449 καὶ
3337 3398 3461 3449 οὐδὲ
3498 3398 3771 3467 ᾐσθάνετο
3806 3402 3938 3455 οἴων

2350 3486 2537 3540 κακῶν
2564 3482 2632 3556 ἦν
2659 3486 2829 3549 ἐντός.
2866 3488 2957 3540 Διὸ
2980 3488 3072 3541 καὶ
3098 3488 3313 3560 θρηνῶν
3337 3489 3407 3543 τὰ
3432 3490 3817 3560 ἁμαρτήματα
3839 3494 3935 3543 αὑ-

2343 3577 2443 3631 ποῦ
2488 3572 2691 3645 ἔλεγεν·
2742 3578 2901 3632 Ὠσεὶ
2927 3580 3173 3647 φορτίον
3200 3580 3361 3648 βαρὺ
3387 3580 3817 3649 ἐϐαρύνθησαν
3842 3582 3937 3634 ἐπ’

2350 3667 2473 3738 ἐμέ.
2498 3668 2894 3733 Προσώζεσιιν
2922 3671 3019 3723 καὶ
3050 3669 3377 3737 ἐσάπησαν
3403 3673 3456 3724 οἱ
3490 3670 3788 3739 μώλωπες
3816 3690 3937 3742 μου

2350 3760 2469 3819 ἀπὸ
2497 3759 2822 3829 προσώπου
2858 3761 2969 3831 τῆς
3000 3761 3354 3831 ἀφροσύνης
3386 3777 3526 3831 μου.

2420 3940 2483 3993 δ’.
2519 3940 2593 3992 Οὐ
2636 3938 2817 3991 τοίνυν
2851 3938 2962 4009 ἔχει
3004 3938 3131 3992 νοῦν
3156 3938 3184 3990 ὀ
3208 3936 3569 4007 ἁμαρτάνων·
3600 3936 3796 4007 μεθύει
3831 3938 3937 4008 γάρ

2352 4032 2446 4085 καὶ
2488 4030 2831 4090 ἐσκότωταιη
2855 4032 2946 4102 Μὴ
2981 4030 3043 4101 δὴ
3078 4029 3251 4083 ταῦτα
3292 4029 3440 4097 λέγε,
3484 4030 3618 4100 μηδέ
3653 4032 3936 4098 προστίθει

2352 4126 2546 4188 ἐκεῖνο,
2572 4125 2651 4175 ὅτι
2676 4122 2839 4175 Οὐδέν
2873 4140 2961 4192 μοι
3002 4122 3171 4192 μέλει·
3203 4122 3507 4186 Ἕκαστος
3534 4118 3646 4188 γὰρ
3681 4118 3749 4173 τὸ
3778 4120 3936 4174 lator

2351 4218 2564 4285 φορίον
2586 4215 2905 4278 βαστάσει.
2930 4214 3032 4265 Καὶ
3050 4214 3158 4283 γὰρ
3179 4211 3273 4265 καὶ
3292 4210 3374 4263 σοὶ
3398 4209 3652 4279 μέγιστον
3676 4208 3936 4280 ἔγκλημα

2353 4307 2568 4376 φύεται,
2589 4306 2668 4359 ὅτι
2692 4303 3107 4374 πεπλανημένον
3129 4301 3251 4355 ίδὼν
3272 4304 3372 4355 οὐκ
3395 4300 3723 4370 ἀνέστησας.
3749 4302 3815 4353 Et
3832 4301 3936 4369 7&9

2351 4400 2412 4451 τὸ
2447 4398 2738 4467 ὑποζύγιον
2771 4397 2863 4450 τοῦ
2904 4395 3099 4466 ἐχθροῦ
3140 4394 3285 4448 κατά
3318 4394 3408 4447 τὸν
3449 4392 3723 4446 Ἰουδαίων
3773 4391 3934 4459 νόμον

2354 4490 2599 4559 παρορᾷν
2631 4489 2691 4539 οὐ
2723 4486 2847 4557 χρὴ,
2874 4489 2899 4538 6
2937 4486 3012 4555 μὴ
3036 4484 3327 4552 ὑποζύγιον
3368 4483 3503 4554 μηδέ
3530 4480 3727 4552 ἐχθροῦ
3757 4480 3935 4551 ψυχὴν

2355 4580 2731 4649 ἀπολλυμένην
2762 4578 3055 4648 περιορῶν,
3088 4576 3224 4629 ἀλλά
3258 4576 3434 4645 φίλου,
3467 4574 3621 4626 ποίαν
3659 4571 3775 4636 ἐξει
3810 4588 3938 4639 συγ-

2354 4670 2613 4739 γνώμην;
2644 4669 2775 4722 Οὐδὲ
2805 4670 2911 4739 γὰρ
2940 4670 3101 4738 ἀρκεῖ
3124 4670 3203 4729 είς
3233 4664 3533 4731 ἀπολογίαν
3563 4662 3695 4730 ἡμῖν
3722 4662 3784 4714 τὸ
3813 4663 3937 4716 νοῦν

2356 4760 2499 4829 ἔχειν
2530 4762 2755 4813 ἐκεῖνον·
2792 4761 2917 4813 ἐπεὶ
2942 4761 3034 4813 καὶ
3062 4762 3222 4829 ἡμεῖς
3251 4755 3421 4811 πολλά
3439 4752 3710 4817 ’πολλάκις
3744 4773 3935 4825 1:194:-

2354 4854 2639 4918 νέσαντες,
2668 4854 2880 4914 ἑαυτοῖς
2924 4854 3022 4906 οὐκ
3076 4852 3416 4923 ὴρκέσαμεν,
3464 4846 3584 4900 οὐδὲ
3633 4848 3933 4919 ἐγενόμεθα

2356 4944 2632 5010 χρήσιμοι.
2665 4940 2833 4994 Τοῦτο
2862 4942 3040 4995 τοίνυν
3081 4941 3174 4993 καὶ
3214 4936 3341 5005 περὶ
3370 4937 3578 4993 ἐκείνου
3608 4938 3805 4990 σκόπει
3840 4935 3932 4987 τοῦ

2356 5030 2821 5099 πλημμελοῦντος,
2856 5034 2937 5085 ὅτι
2972 5031 3117 5090 εἰκὸς
3146 5027 3307 5080 αὐτὸν
3338 5028 3489 5097 παρά
3524 5027 3617 5080 σοῦ
3646 5026 3868 5095 μᾶλλον,
3900 5027 3931 5094 ἦ

2356 5122 2480 5190 παρ’
2521 5122 2713 5175 ἑαυτοῦ
2757 5122 3011 5186 δέξασθαι
3058 5116 3389 5185 συμϐουλίαν
3434 5118 3687 5188 ἀρίστην,
3729 5116 3830 5193 καλ
3862 5116 3933 5185 μὴ

2354 5209 2499 5275 λέγε·
2534 5211 2598 5261 Τί
2620 5212 2673 5262 δέ
2709 5228 2797 5279 μοι
2829 5209 2979 5279 μέλει
3011 5205 3251 5272 τούτων;
3290 5206 3560 5277 Φοϐήθητι
3585 5204 3678 5255 τὸν
3720 5204 3933 5273 πρῶτον

2356 5300 2617 5369 εἰρηκότα
2644 5300 2704 5351 τὸ
2728 5300 2881 5370 ῥῆμα
2906 5295 3082 5348 τοῦτο·
3112 5296 3172 5349 τὸ
3194 5299 3321 5368 7&9,
3349 5296 3445 5360 Μὴ
3469 5291 3673 5363 φύλαξ
3690 5294 3806 5362 ειμι
3828 5294 3934 5347 τοῦ

2356 5389 2459 5442 ἀδε
2476 5390 2619 5459 ῖφοῦ
2646 5407 2797 5459 μου,
2832 5388 2909 5449 εἰς
2940 5386 3133 5439 ταυτὸν
3169 5390 3325 5458 φέρει
3350 5384 3548 5451 τούτῳ·
3585 5384 3836 5437 ἐντεῦθεν
3868 5386 3932 5435 τά

2356 5483 2501 5534 κακά
2534 5483 2773 5534 τίκτεται
2811 5479 2984 5530 πάντα
3004 5517 3017 5542 ,
3045 5480 3127 5530 ὅτι
3156 5480 3225 5531 τὰ
3255 5476 3350 5529 τοῦ
3383 5473 3634 5541 σώματος
3669 5475 3761 5527 τοῦ
3797 5477 3932 5544 ἡμε-

2354 5575 2513 5643 τέρου
2543 5572 2796 5639 ἀλλότρια
2837 5572 3115 5642 ἡγούμεθα
3164 5567 3321 5621 εἶναι.
3365 5565 3430 5617 Τί
3473 5568 3615 5635 φής;
3665 5566 3820 5618 οὐδέν
3854 5584 3931 5619 σοι

2360 5666 2509 5731 μέλει
2540 5662 2632 5714 τοῦ
2662 5661 2923 5728 ἀδε).φοῦ;
2974 5664 3133 5715 ’Λλλά
3170 5662 3275 5709 τίνι
3312 5656 3532 5727 μελήσει
3558 5676 3571 5721 ;
3597 5655 3673 5725 τῷ
3697 5656 3930 5725 ἀπίστῳ,

2356 5755 2435 5824 τῷ
2491 5752 2832 5821 ἐπιχαίροντι
2898 5754 2989 5805 καὶ
3048 5748 3358 5809 ὀνειδίζοντι
3408 5747 3501 5799 καὶ
3550 5745 3929 5816 ἐναλλομένῳ;
