4066 6348
160 378 286 432 δτι

161 500 384 554 fontem
415 493 548 549 vitii.
566 494 713 549 Sicut
738 488 879 545 enim
905 484 1332 560 qutvehemens
1360 482 1517 537 fuerit
1535 479 1750 542 caritas,

158 585 471 655 exstinguit
500 591 554 638 et
582 582 798 653 expellit
828 594 1016 635 omnes
1043 583 1385 647 peccatorum
1408 570 1654 639 species:
1680 570 1750 623 ita

158 677 345 730 etiam
371 673 583 744 quando
613 672 771 727 fuerit
795 668 1140 732 imbecillior,
1168 664 1292 719 facit
1334 677 1397 717 ea
1425 662 1747 731 germinare.

165 765 514 818 Haranstha.
546 762 783 830 Quanam
832 760 901 815 de
948 770 1105 813 causa
1150 755 1251 808 hoc
1289 752 1489 807 dictum
1531 750 1653 806 est?
1697 758 1753 805 et

155 870 274 909 cur
327 870 457 909 voce
513 852 829 909 Hebraica?
878 848 1137 917 Quoniam
1186 844 1428 900 omnium
1485 842 1748 896 malorum

159 962 341 1002 causa
370 955 486 1001 erat
518 946 685 1000 fastus
715 944 877 1015 (hunc
902 948 1076 994 autem
1120 938 1311 992 fastum
1363 934 1625 990 efﬁciebat
1651 947 1747 986 ex-

158 1047 329 1092 terna
358 1037 615 1107 sapientia
660 1053 673 1088 :
706 1044 758 1088 et
788 1034 885 1087 hoc
931 1031 1031 1085 fuit
1075 1036 1234 1098 caput
1263 1029 1522 1082 malorum
1546 1065 1560 1090 ,
1606 1023 1747 1094 quod

157 1129 407 1181 maxime
424 1127 639 1182 divulsit
660 1140 721 1178 ac
744 1122 924 1177 divisit
943 1116 1279 1189 Corinthum)
1299 1134 1313 1180 ;
1346 1133 1530 1173 eorum
1552 1116 1744 1169 fastum

154 1218 531 1288 comprimens
552 1258 565 1279 ,
597 1232 664 1271 ne
693 1214 878 1271 Grzcca
901 1211 1138 1282 quidem,
1170 1212 1261 1265 sed
1311 1209 1535 1265 Hebrtea
1566 1209 1743 1278 lingua

157 1326 303 1365 usus
330 1319 432 1375 est,
459 1308 748 1364 ostendens
778 1321 835 1360 se
864 1321 968 1359 non
999 1305 1159 1358 modo
1185 1319 1291 1358 non
1324 1303 1523 1373 pudere
1544 1302 1747 1371 simpli-

154 1401 350 1454 citatis
379 1408 432 1455 et
477 1398 754 1466 imperitiae
780 1437 795 1462 ,
826 1396 918 1450 sed
947 1410 1064 1449 eam
1089 1396 1251 1450 etiam
1278 1392 1745 1448 vehementissime

154 1500 220 1545 et
250 1489 622 1544 ardentissime
639 1487 938 1557 complecti.
959 1484 1095 1552 Quid
1112 1496 1195 1540 est
1213 1494 1386 1538 autem
1411 1481 1744 1536 Marciiet/ia?

155 1578 420 1632 Dominus
463 1588 629 1632 noster
676 1579 830 1633 venit.
859 1578 1098 1644 Quanam
1143 1590 1272 1643 ergo
1314 1573 1382 1627 de
1426 1585 1588 1643 causa
1641 1570 1743 1625 hoc

156 1670 343 1737 ipsum
364 1669 536 1723 dicit?
568 1669 989 1738 Dispensationis
1021 1664 1228 1720 Domini
1267 1677 1567 1717 sermonem
1612 1676 1740 1715 coa-

158 1746 409 1825 tirmans,
441 1775 507 1815 eo
537 1760 676 1830 quod
701 1776 765 1815 ex
799 1761 862 1814 iis
888 1759 1117 1813 maxime
1137 1755 1498 1823 composuerit
1536 1756 1738 1809 semina

155 1851 606 1916 resurrectionis;
635 1866 734 1905 nec
752 1850 852 1903 hoc
874 1848 1067 1913 solum,
1088 1846 1183 1902 sed
1207 1846 1332 1901 illos
1355 1846 1515 1901 etiam
1540 1845 1740 1916 pudore

152 1943 407 1997 afﬁciens
452 1943 649 2012 :quasl
703 1941 911 1995 diceret
957 1940 1315 1995 :Commuuis
1360 1940 1596 1994 omnium
1638 1940 1741 1994 Do-

152 2036 345 2087 minus
376 2043 579 2086 tantum
629 2034 875 2102 dignatus
915 2042 995 2087 est
1021 2031 1345 2086 descendere
1377 2049 1389 2084 :
1419 2047 1514 2086 vos
1560 2041 1735 2084 autem

150 2126 211 2179 in
248 2126 440 2179 iisdem
468 2127 627 2191 estis,
673 2135 725 2179 et
750 2140 974 2196 peccare
998 2123 1401 2195 perseverantis?
1450 2140 1556 2177 non
1584 2140 1733 2177 sum-

149 2230 306 2268 mam
353 2216 1057 2285 caritatcm‘obstupescitis
1103 2224 1156 2270 et
1199 2214 1564 2278 admiramini,
1592 2215 1732 2285 quod

148 2316 243 2361 est
290 2318 448 2375 caput
488 2307 787 2362 bonorum?
820 2308 929 2361 Hoc
972 2306 1143 2361 solum
1171 2347 1185 2371 ,
1216 2305 1413 2377 inquit,
1442 2305 1613 2375 cogita
1634 2347 1648 2370 ,
1680 2314 1735 2360 et

147 2398 250 2452 tibi
278 2399 507 2455 sufficiet
535 2400 600 2452 ad
643 2400 934 2468 profectum
966 2400 1018 2453 in
1058 2399 1202 2454 omni
1232 2401 1424 2453 virtute
1444 2440 1459 2465 ,
1491 2408 1544 2453 et
1573 2413 1732 2452 omne

145 2497 435 2559 peccatum
490 2492 691 2561 poteris
743 2492 1101 2561 exstinguere.
1156 2492 1250 2550 23.
1295 2490 1472 2544 Gratia
1527 2489 1733 2543 Domini

146 2584 318 2635 nostri
338 2581 462 2635 Iesu
489 2581 677 2635 Christi
720 2582 991 2634 vobiscum.
1023 2581 1133 2635 Hoc
1175 2591 1259 2636 est
1301 2582 1536 2636 doctoris
1559 2622 1573 2645 ,
1622 2598 1728 2636 non

144 2672 328 2724 solum
358 2671 596 2724 consiliis
626 2686 781 2739 opem
810 2670 953 2725 ferre
972 2712 985 2734 ,
1015 2671 1107 2727 sed
1152 2670 1311 2726 etiam
1347 2674 1483 2725 votis
1512 2686 1575 2725 ac
1606 2689 1728 2740 pre-

142 2762 327 2816 cibus.
358 2760 449 2815 24.
478 2762 675 2816 Caritas
713 2780 822 2815 mea
868 2780 979 2817 cum
1006 2762 1234 2816 omnibus
1261 2763 1395 2817 vobis
1438 2763 1491 2816 in
1529 2763 1727 2818 Christo

142 2852 298 2906 λεια.
330 2855 507 2907 Amen.
537 2854 666 2909 Nam
709 2871 778 2911 ne
829 2857 1236 2920 existimarent,
1270 2856 1409 2925 quod
1435 2857 1513 2911 eis
1540 2872 1727 2911 assen-

144 2956 273 2998 taus
323 2945 376 2999 in
417 2946 518 3001 hoc
566 2946 820 3012 desierit,
866 2947 1033 3002 dicit:
1065 2946 1130 3000 In
1170 2946 1369 3001 Christo
1418 2947 1562 3001 Jesu.
1586 2948 1725 3001 Nihil

142 3038 296 3091 enim
318 3037 474 3093 habet
491 3039 778 3093 humanum
808 3052 978 3106 neque
1002 3037 1233 3101 carnale,
1254 3036 1347 3091 sed
1374 3046 1455 3091 est
1483 3036 1725 3106 qumdam

142 3128 370 3183 dilectio
395 3130 705 3198 spiritualis.
732 3129 1088 3193 Quamobrem
1114 3142 1176 3183 ea
1196 3136 1280 3183 est
1302 3126 1456 3182 valde
1472 3143 1725 3197 germana

141 3228 200 3273 et
232 3220 483 3282 sincera;
536 3234 658 3272 nam
698 3218 854 3272 valde
883 3218 1112 3273 amantis
1156 3227 1273 3274 erat
1319 3218 1561 3273 verbum.
1590 3218 1722 3285 Quia

141 3310 297 3363 enim
337 3310 453 3364 loco
480 3310 740 3375 distabat,
772 3318 1038 3379 tamquam
1084 3309 1309 3378 alicujus
1352 3310 1587 3365 dexterae
1633 3325 1725 3364 ex-

145 3400 416 3465 tensione,
445 3402 683 3455 caritatis
707 3401 950 3455 manibus
973 3414 1067 3455 eos
1090 3401 1478 3470 complectitur,
1500 3401 1681 3456 dicens
1704 3418 1720 3455 :

144 3489 351 3545 Caritas
404 3508 514 3545 mea
566 3492 819 3546 vobiscum
866 3509 883 3544 :
936 3491 1087 3560 quasi
1131 3490 1378 3545 diceret:
1421 3489 1550 3545 Sum
1602 3506 1721 3545 cum

145 3582 302 3637 vobis
326 3583 597 3636 omnibus.
636 3582 737 3636 Per
761 3597 878 3650 quae
908 3580 1163 3647 ostendit,
1198 3596 1303 3636 non
1335 3596 1455 3637 esse
1482 3580 1724 3651 indigna-

148 3675 313 3728 tionis
332 3682 389 3727 et
414 3675 507 3727 irae
536 3688 657 3739 quae
680 3673 878 3741 scripta
901 3680 1039 3740 sunt,
1074 3672 1170 3728 sed
1196 3688 1339 3727 cura:
1359 3688 1517 3743 quam
1536 3688 1721 3728 eorum

147 3765 309 3833 gerit,
337 3779 457 3818 cum
483 3773 602 3833 post
626 3772 824 3817 tantam
873 3762 1269 3818 accusationem
1298 3779 1392 3820 eos
1432 3779 1538 3817 non
1564 3779 1721 3819 aver-

146 3865 315 3921 setur,
352 3855 446 3909 sed
472 3864 615 3909 amet
645 3864 698 3909 et
724 3855 1141 3923 complectatur,
1174 3869 1295 3908 cum
1322 3863 1499 3911 essent
1537 3857 1721 3923 procul

146 3948 363 4013 remoti,
397 3962 490 4016 per
516 3946 769 4015 epistolas
799 3956 856 4001 et
880 3947 975 4000 has
1000 3946 1185 4001 literas
1214 3947 1293 4001 eis
1318 3947 1467 4017 quasi
1489 3946 1715 4000 circum-

149 4039 322 4094 fusus.
352 4040 442 4095 Sic
470 4023 694 4108 ‘oportet
731 4038 904 4092 facere
934 4054 1053 4092 eum
1083 4038 1171 4107 qui
1203 4039 1440 4109 corrigit.
1464 4038 1591 4091 Nam
1630 4041 1719 4109 qui

148 4131 225 4184 ira
253 4132 501 4185 incitatus
530 4130 703 4184 solum
736 4130 881 4196 facit,
930 4130 1114 4198 implet
1140 4144 1290 4183 suam
1323 4130 1490 4183 animi
1512 4140 1722 4198 pertur-

148 4221 416 4276 bationem
443 4239 455 4275 :
482 4220 571 4290 qui
600 4230 778 4275 autem
803 4229 1081 4289 postquam
1112 4222 1349 4274 correxit
1378 4229 1716 4289 peccantem,

148 4316 425 4369 caritatem
466 4327 676 4381 quoque
698 4312 948 4375 exhibet,
974 4311 1205 4366 ostendit
1245 4311 1332 4365 illa
1363 4326 1574 4380 quoque
1603 4326 1724 4367 esse

151 4404 559 4468 benevolentiae,
587 4418 706 4472 qua:
728 4404 939 4458 dicebat
963 4404 1260 4470 increpans.
1292 4402 1378 4457 Sic
1398 4416 1494 4455 nos
1512 4416 1721 4471 quoque

150 4497 289 4550 alter
334 4496 560 4548 alterum
606 4494 913 4548 erudiamus
942 4502 995 4547 et
1032 4492 1351 4561 castigemus
1397 4510 1409 4545 :
1454 4500 1509 4546 et
1550 4507 1721 4561 neque

151 4590 237 4654 qui
269 4586 482 4656 arguit,
516 4586 811 4649 irascatur;
847 4600 951 4639 non
981 4590 1063 4636 est
1108 4582 1250 4635 enim
1285 4585 1383 4637 hoc
1426 4586 1721 4638 correctio-

152 4680 268 4742 nis,
297 4676 391 4731 sed
414 4676 576 4729 animi
610 4675 1023 4744 perturbationis
1050 4689 1065 4738 ;
1116 4688 1287 4742 neque
1332 4674 1417 4743 qui
1448 4675 1716 4743 arguitur,

151 4782 291 4836 :cgre
318 4767 453 4822 ferat
478 4785 492 4819 :
521 4767 661 4837 quod
687 4767 744 4821 fit
768 4769 929 4830 enim,
955 4773 1036 4820 est
1062 4764 1319 4818 medicina
1338 4805 1352 4828 ,
1396 4781 1501 4819 non
1542 4765 1719 4819 odium

151 4867 204 4911 et
228 4859 541 4912 inimicitiae.
574 4857 630 4913 Si
658 4867 836 4912 autem
866 4856 1054 4911 medici
1084 4864 1263 4920 urunt,
1295 4865 1349 4912 et
1390 4872 1495 4910 non
1536 4872 1722 4926 reprc-

153 4944 499 5010 henduntur,
550 4948 761 5002 etiamsi
790 4964 931 5017 smpe
980 4947 1232 5002 aberrent
1276 4962 1307 5000 a
1355 4948 1497 5013 fine;
1531 4949 1623 5002 sed
1670 4958 1726 5003 et

150 5040 236 5105 qui
288 5040 497 5103 dolent,
528 5038 653 5091 dum
686 5048 912 5092 uruntur
956 5048 1008 5094 et
1051 5047 1331 5102 secantur,
1369 5038 1631 5093 beneficio
1662 5054 1723 5093 se

152 5124 291 5179 allici
320 5130 626 5182 existimant
666 5127 733 5183 ab
764 5128 827 5183 iis
857 5130 945 5198 qui
989 5127 1130 5181 hunc
1158 5125 1419 5187 dolorem,
1444 5130 1677 5183 excitant
1705 5146 1718 5180 :

154 5214 321 5269 multo
349 5219 516 5288 magis
542 5233 696 5284 eum,
727 5220 817 5289 qui
847 5220 1069 5288 suscipit
1110 5217 1582 5287 reprehensionem
1602 5261 1617 5287 ,
1652 5222 1719 5275 ita

153 5304 293 5359 afﬁci
317 5318 550 5374 oportet,
578 5319 771 5364 uteum
800 5311 887 5377 qui
914 5310 1125 5381 corrigit
1155 5325 1250 5380 pro
1275 5309 1483 5365 medico
1508 5311 1719 5377 habeat,

158 5412 256 5450 non
286 5410 383 5464 pro
415 5399 653 5456 inimico.
688 5399 855 5455 Porro
882 5417 980 5455 nos
1006 5417 1217 5471 quoque
1245 5402 1333 5471 qui
1364 5401 1719 5471 increpamus,

153 5486 467 5542 accedamus
504 5503 625 5542 cum
656 5490 818 5544 multa
858 5492 1267 5547 mansuetudine
1307 5502 1360 5545 et
1408 5506 1527 5545 cum
1558 5496 1721 5548 multa

160 5578 429 5641 prudentia
456 5593 471 5640 ;
503 5586 559 5630 et
586 5579 631 5631 si
664 5580 859 5635 videris
886 5580 1101 5636 fratrem
1136 5593 1279 5636 tuum
1305 5581 1717 5651 delinquentem,

156 5667 290 5721 sicut
313 5666 558 5723 Christus
579 5665 773 5735 jussit,
804 5672 909 5725 noli
956 5670 1008 5723 in
1058 5671 1325 5740 publicum
1370 5672 1607 5742 proferre
1632 5690 1720 5730 re-

164 5756 593 5828 prehensionem,
619 5757 711 5814 sed
738 5774 858 5817 eum
882 5763 1212 5833 reprehende
1234 5764 1369 5820 inter
1394 5774 1444 5821 te
1472 5774 1525 5821 ct
1549 5766 1721 5835 ipsum

1205 363 1272 423 IN
1312 364 1524 421 EPIST.
1568 364 1588 418 ι
1650 362 1740 416 ΔΙ)
1778 360 1932 417 COR.
1973 362 2203 422 HOMII'...
2246 364 2430 421 XLIV.

3331 370 3442 425 378i

1862 477 2078 533 solum:
2114 494 2218 562 non
2245 478 2576 548 exprobrans
2620 494 2719 535 nec
2756 480 2958 550 jacenti
3008 482 3296 551 insultans,
3337 487 3440 540 sed

1858 568 2059 623 docens
2107 580 2162 624 et
2189 586 2331 640 aegre
2358 569 2535 626 ferens
2568 591 2584 628 :
2615 580 2669 626 et
2698 582 2748 626 te
2778 574 2951 642 ipsum
2994 590 3211 646 quoque
3238 576 3433 632 exhibe

1857 670 2102 729 paratum
2133 670 2189 716 ut
2218 661 2646 732 reprehenderis,
2679 664 2724 718 si
2758 664 2883 733 quid
2914 680 3123 734 pecces.
3154 666 3222 722 Ut
3249 676 3433 725 autent

1854 752 1994 819 quod
2020 752 2140 807 dico
2181 753 2283 817 fiat~
2315 755 2549 822 apertius
2568 794 2584 819 ,
2634 770 2727 825 per
2753 754 3091 827 hypotbesim
3122 756 3266 827 quod
3289 757 3428 815 dici-

1853 857 1970 896 mus
2024 859 2374 899 exerceamus
2416 862 2429 898 :
2475 845 2612 900 absit
2655 846 2800 902 enim
2848 855 2909 901 ut
2955 847 3007 902 in
3054 848 3277 905 veritate
3321 850 3435 905 hoe

1852 930 2006 986 nobis
2065 934 2368 1002 exemplum
2422 935 2812 1005 suppeditetur.
2872 936 2955 991 Sit
3019 938 3180 994 frater
3231 940 3425 1009 aliquis

1851 1023 2098 1078 habitans
2123 1040 2242 1079 cum
2275 1026 2500 1095 virgine,
2533 1026 2790 1082 honestus
2817 1029 3031 1098 quidem
3061 1042 3115 1084 et
3163 1030 3421 1101 pudicus;

1848 1114 2035 1169 sedne
2079 1115 2157 1169 sic
2207 1114 2419 1185 quidem
2470 1117 2662 1170 malam
2692 1116 2909 1187 effugiat
2948 1122 3423 1178 existimationem.

1848 1204 1903 1259 Si
1931 1221 2060 1276 ergo
2088 1206 2317 1262 audieris
2346 1207 2480 1261 hanc
2508 1208 2560 1262 in
2594 1224 2689 1263 ore
2715 1209 2853 1279 vulgi
2873 1225 2993 1266 esse
3020 1210 3430 1278 babitatioae’m,.

1848 1314 1916 1353 ne
1959 1297 2303 1368 despexeris,
2351 1316 2526 1370 neque
2572 1301 2771 1356 dixeris
2800 1321 2814 1358 :
2843 1302 3032 1357 Annon
3078 1304 3191 1373 ipse
3237 1308 3422 1375 sapit?

1845 1403 2020 1444 annon
2073 1392 2220 1444 novit
2262 1392 2388 1461 quid
2416 1390 2707 1462 expediat?
2740 1393 2857 1448 sine
2895 1408 3053 1447 causa
3091 1397 3320 1462 ameris,
3354 1414 3420 1453 ne

1845 1480 1918 1534 sis
1945 1480 2069 1535 odio
2098 1483 2215 1535 sine
2243 1497 2403 1537 causa
2434 1501 2449 1535 :
2476 1483 2601 1554 quid
2628 1484 2772 1539 enim
2796 1483 2928 1541 mihi
2949 1500 3089 1539 curae
3119 1496 3201 1539 est
3226 1503 3419 1555 super-

1842 1584 2104 1625 vacaneas
2160 1572 2433 1640 suscipere
2483 1574 2842 1629 inimicitias?
2891 1575 3015 1629 ﬂare
3080 1585 3205 1630 sunt
3256 1577 3431 1633 verba

1841 1660 2005 1715 delira
2037 1660 2331 1717 bestiarum
2360 1703 2375 1729 ,
2406 1666 2489 1719 vel
2537 1667 2711 1734 potius
2741 1667 3067 1727 damonum.
3093 1669 3209 1725 Non
3242 1680 3417 1738 potest

1842 1755 1983 1809 enim
2034 1753 2171 1822 fieri,
2203 1764 2260 1809 ut
2293 1764 2492 1811 temere
2516 1767 2571 1811 et
2621 1758 2739 1812 sine
2783 1775 2945 1814 causa
2994 1761 3119 1819 odio
3156 1762 3417 1819 habeatur

1840 1845 1929 1914 qui
1956 1845 2057 1900 hoc
2083 1845 2208 1900 facit
2248 1846 2319 1900 ob
2344 1847 2733 1902 correctionem
2754 1887 2769 1911 ,
2799 1850 2893 1903 sed
2928 1859 2983 1904 ut
3025 1867 3214 1922 magna
3242 1853 3411 1920 bona,

1840 1949 2064 1989 coronas
2116 1935 2409 1991 ineffabiles
2481 1948 2853 2007 consequatur.
2883 1939 2940 1994 Si
2988 1952 3166 1996 autem
3215 1942 3410 2001 dicas:

1839 2030 1974 2097 Quid
2007 2047 2155 2099 vero,
2186 2050 2291 2087 non
2318 2034 2432 2105 ipse
2458 2034 2636 2104 sapit?
2666 2036 2848 2092 audies
2902 2054 2928 2090 a
2960 2039 3112 2093 nobis
3157 2057 3277 2098 eum
3305 2058 3411 2098 non

1838 2139 2065 2192 sapere;
2098 2135 2181 2180 est
2202 2126 2345 2180 enim
2372 2126 2564 2182 affectu
2593 2128 2796 2184 ebrius.
2829 2130 2883 2185 Si
2914 2133 3057 2186 enim
3087 2132 3138 2188 in
3170 2138 3410 2190 externis

1833 2213 2047 2281 judiciis
2078 2215 2147 2281 ii,
2182 2217 2273 2284 qui
2330 2217 2518 2286 injuria
2549 2210 2884 2285 afﬁciuntur,
2916 2233 3020 2277 non
3068 2236 3286 2292 possunt
3311 2242 3416 2289 pro

1834 2320 1892 2358 se
1917 2305 2094 2360 dicere
2114 2347 2129 2371 ,
2155 2316 2212 2360 ut
2254 2309 2342 2377 qui
2394 2310 2468 2363 ira
2497 2309 2771 2377 ferveant,
2802 2327 3122 2382 quamquam
3175 2331 3278 2371 non
3323 2329 3409 2372 est

1834 2396 2017 2448 vitium
2081 2396 2195 2451 hac
2255 2399 2650 2455 commiseratio
2694 2418 2707 2454 :
2756 2403 2921 2456 multo
2974 2406 3139 2474 magis
3182 2407 3250 2470 ii,
3309 2411 3400 2477 qui

1833 2488 1970 2541 mala
2003 2498 2248 2543 tenentur
2264 2492 2674 2546 consuetudine.
2705 2494 2991 2563 Propterea
3019 2496 3157 2559 dico,
3179 2500 3407 2557 etiamsi.

1833 2579 2027 2633 millies
2055 2580 2125 2633 sit
2153 2581 2396 2650 sapiens.
2436 2590 2667 2635 mentem
2712 2598 2817 2639 non
2868 2586 3030 2643 habet
3072 2588 3398 2657 vigilantem.

1830 2669 1965 2735 Quid
1993 2672 2133 2725 enim
2160 2682 2275 2727 erat
2302 2673 2499 2729 Davide
2515 2675 2808 2745 sapientius
2829 2678 3176 2746 quiidicebat,
3203 2682 3403 2737 Incerta

1828 2772 1876 2814 et
1926 2765 2121 2817 occulta
2174 2766 2434 2833 sapientia:
2480 2777 2580 2821 tua
2635 2769 2965 2838 manifestasti
3018 2772 3141 2826 nti/ti
3205 2772 3401 2843 (Psal.

1827 2852 1916 2908 50.
1946 2852 2053 2923 8)?
2103 2852 2209 2908 Sed
2260 2856 2476 2925 quando
2527 2857 2737 2926 injustis
2779 2860 2951 2916 oculis
3000 2862 3130 2917 vidit
3178 2880 3399 2921 uxorem

1827 2949 2035 3011 militis,
2072 2956 2223 3014 tunc,
2259 2951 2313 3004 id
2361 2953 2502 3021 quod
2545 2956 2651 3023 pati
2694 2956 2831 3009 dixit
2865 2972 2962 3013 eos
3005 2960 3099 3029 qui
3138 2963 3390 3030 navigant

1826 3040 1880 3092 in
1915 3038 2053 3092 mari
2099 3038 2319 3107 furenti,
2354 3044 2521 3097 omnis
2571 3046 2827 3114 sapientia
2866 3048 2981 3114 ejus
3020 3059 3097 3103 est
3145 3054 3393 3121 absorpta

1826 3129 1999 3199 (Psal.
2033 3131 2154 3185 106.
2180 3131 2300 3203 27);
2335 3142 2386 3188 et
2421 3149 2557 3203 opus
2593 3136 2823 3190 habebat
2856 3138 2979 3193 aliis
3014 3142 3106 3208 qui
3154 3142 3393 3212 corrige-

1823 3226 1963 3282 reut,
1995 3232 2095 3273 nec
2117 3221 2382 3274 sentiebat
2414 3222 2630 3289 quidem
2664 3224 2718 3277 itt
2746 3224 2946 3292 quibus
2974 3234 3029 3279 et
3055 3229 3277 3295 quantis
3302 3231 3389 3283 in-

1820 3315 1906 3361 tus
1942 3315 2254 3362 versaretur
2288 3309 2465 3363 malis.
2502 3312 2861 3376 Quamobrem
2902 3330 2998 3369 sua
3030 3315 3234 3373 deflens
3267 3335 3391 3389 pec-

1821 3405 1945 3450 cata
1973 3397 2186 3451 dicebat
2216 3408 2233 3449 z'
2261 3396 2408 3452 Sicut
2443 3417 2574 3453 onus
2612 3418 2767 3470 graue
2809 3415 3040 3471 gravata:
3079 3416 3199 3460 sunt
3236 3426 3391 3478 super

1828 3501 1925 3539 me.
1959 3486 2301 3552 Putruerunt,
2334 3499 2381 3540 et
2417 3501 2675 3557 σοι-παρίω
2711 3502 2832 3544 sunt
2876 3495 3145 3551 cicatrices
3193 3516 3316 3553 mare
3356 3519 3395 3555 α.

1826 3579 1961 3645 facie
1994 3579 2305 3645 iusipientice
2343 3596 2468 3635 mete
2506 3579 2681 3651 (Psal.
2711 3583 2799 3637 57.
2830 3584 2882 3639 5.
2913 3584 2989 3653 6).

1892 3678 1945 3732 4.
1977 3678 2090 3731 Non
2133 3679 2271 3744 sapit
2296 3691 2424 3747 ergo
2452 3692 2549 3730 nec
2590 3686 2821 3731 mentem
2855 3678 3015 3733 habet
3044 3678 3131 3748 qui
3164 3688 3387 3749 peccat;

1823 3777 1906 3823 est
1932 3768 2076 3823 enim
2101 3767 2298 3832 ebrius,
2331 3774 2388 3822 et
2414 3768 2532 3836 ejus
2557 3766 2786 3837 caligant
2813 3768 2972 3822 oculi.
3005 3769 3092 3824 Ne
3117 3770 3230 3826 htcc
3260 3786 3393 3842 ergo

1824 3860 1990 3925 dicas,
2022 3874 2194 3929 neque
2223 3857 2351 3932 illud
2376 3857 2577 3913 addas:
2607 3857 2721 3912 Non
2751 3866 2834 3913 est
2859 3858 2989 3913 mihi
3020 3874 3194 3925 curm;
3227 3859 3399 3916 Unus-

1822 3953 2028 4021 quisque
2055 3951 2187 4005 snim
2212 3966 2360 4004 suum
2389 3966 2515 4004 onus
2546 3948 2763 4020 portabit
2793 3949 2936 4020 (Gal.
2968 3950 3021 4005 6.
3052 3951 3132 4021 5).
3182 3951 3403 4005 Etenim

1825 4047 1905 4100 vel
1940 4046 2229 4100 maximum
2255 4043 2349 4097 tibi
2378 4044 2578 4099 crimen
2610 4044 2803 4107 oritur,
2831 4044 2973 4113 quod
3003 4059 3124 4099 cum
3170 4043 3397 4100 vidisses

1823 4145 2114 4200 errantem,
2143 4136 2194 4188 in
2216 4135 2355 4188 viam
2384 4150 2491 4188 non
2521 4133 2817 4190 reduxeris.
2849 4134 2906 4189 Si
2934 4135 3074 4189 enim
3094 4134 3406 4204 jumentum.

1826 4228 2023 4282 inimici
2052 4228 2103 4281 in
2132 4226 2438 4282 Judaaorum
2472 4226 2589 4295 lege
2616 4239 2721 4279 non
2751 4226 2875 4279 licet
2898 4226 3176 4293 deSpicere
3204 4225 3395 4294 (Deut.

1822 4320 1913 4374 22.
1948 4318 2036 4391 t);
2066 4320 2154 4389 qui
2181 4334 2288 4373 non
2329 4318 2648 4387 iumentum,
2680 4332 2853 4387 neque
2896 4317 3097 4371 inimici
3140 4317 3402 4381 animam,

1825 4412 1919 4466 sed
1962 4410 2119 4465 amici
2170 4409 2419 4479 despicit,
2462 4423 2745 4478 quamnam
2791 4417 3103 4478 assequetur
3156 4409 3400 4467 veniam?

1824 4502 2009 4571 Neque
2035 4500 2176 4556 enim
2206 4500 2271 4554 ad
2304 4508 2539 4554 nostram
2567 4497 2762 4553 sufficit
2793 4499 3224 4562 excusationem,
3251 4497 3404 4567 quod

1824 4593 1911 4646 ille
1934 4600 2167 4645 mentem
2196 4590 2409 4645 habeat.
2442 4588 2572 4642 Nam
2602 4603 2700 4641 nos
2726 4602 2938 4657 quoque
2968 4588 3056 4656 qui
3086 4602 3231 4655 saepe
3258 4587 3395 4639 mul-

1828 4691 1911 4735 tas
1935 4680 2182 4734 dedimus
2209 4678 2620 4742 admonitiones,
2648 4677 2804 4731 nobis
2830 4693 2935 4733 non
2958 4677 3269 4741 sufficimus,
3300 4690 3397 4733 nec

1826 4788 2010 4827 sumus
2036 4772 2210 4825 utiles.
2243 4770 2316 4824 De
2346 4770 2435 4824 illo
2465 4785 2592 4840 ergo
2624 4779 2875 4839 peccante
2903 4769 3003 4822 hoc
3032 4782 3240 4837 quoque
3264 4781 3397 4823 con-

1824 4863 2019 4926 sidera,
2048 4861 2189 4932 quod
2216 4861 2631 4917 cbnsentaneum
2654 4862 2721 4914 sit
2745 4875 2865 4913 eum
2895 4870 3010 4914 ate
3039 4861 3210 4930 magis
3237 4876 3394 4929 quam

1823 4956 2057 5023 aseipso
2085 4955 2343 5023 optimum
2385 4954 2630 5020 accipere
2671 4949 2988 5015 consilium;
3021 4965 3195 5018 neque
3224 4950 3390 5013 dicas,

1828 5043 1964 5110 Quid
2015 5044 2131 5098 hazc
2174 5052 2299 5096 sunt
2326 5042 2453 5096 mihi
2495 5040 2672 5094 curat?
2720 5040 2871 5095 Time
2917 5054 3037 5093 cum
3080 5039 3171 5107 qui
3197 5040 3398 5107 primus

1828 5134 1966 5187 dixit
1992 5134 2095 5187 hoc
2134 5132 2392 5186 verbum:
2436 5146 2557 5185 nam
2600 5131 2750 5196 illud,
2794 5128 3052 5198 Numquid
3091 5145 3201 5183 sum
3235 5142 3400 5186 custos

1824 5227 1999 5295 fratris
2028 5225 2123 5278 mei
2149 5222 2299 5296 (Gen.
2332 5224 2386 5278 6.
2420 5223 2504 5296 9)?
2530 5224 2717 5279 eodem
2747 5236 2851 5290 quo
2881 5221 2980 5276 hoc
3010 5221 3227 5276 recidit:
3270 5223 3396 5277 hinc

1828 5318 1964 5373 mala
1992 5325 2280 5371 nascuntur
2304 5317 2503 5381 omnia,
2534 5314 2674 5386 quod
2700 5329 2816 5383 qua:
2845 5323 2970 5368 sunt
2997 5315 3162 5368 nostri
3198 5328 3394 5383 corpo-

1827 5408 1902 5460 ris
1938 5410 2111 5463 aliena
2150 5422 2270 5463 esse
2297 5407 2557 5463 ducimus.
2603 5404 2738 5473 Quid
2765 5406 2931 5459 dicis?
2960 5406 3122 5459 frater
3162 5421 3266 5460 non
3312 5416 3399 5461 est

1828 5499 1921 5552 tibi
1948 5499 2121 5571 curae?
2148 5500 2256 5553 Sed
2280 5500 2364 5554 cui
2390 5500 2498 5553 erit
2517 5498 2694 5552 curae?
2725 5497 2995 5551 inﬁdeline
3020 5497 3109 5564 qui
3138 5498 3253 5565 ejus
3278 5514 3395 5551 ma-

1830 5588 1897 5641 lis
1922 5588 2148 5652 Iaatatur,
2189 5589 2579 5657 exprobratque
2604 5596 2659 5641 et
2700 5585 2954 5641 insultat?
2974 5601 3042 5641 an
3059 5585 3272 5641 diabolo
3298 5586 3389 5654 qui

1830 5677 2051 5746 impedit
2087 5686 2144 5733 et
2166 5677 2499 5748 supplantat?
2546 5679 2611 5734 Et
2641 5678 2904 5731 undenam
2934 5676 3069 5730 hoc?
3109 5674 3259 5741 Quod
3289 5690 3393 5732 non

1830 5767 2099 5839 proficiam
2122 5769 2303 5825 dicens
2329 5777 2381 5826 et
2403 5770 2688 5827 consulens
2712 5783 2831 5838 qua:
2859 5774 3087 5839 oportet.
3120 5765 3396 5825 Undenam
