4060 6346
277 360 389 415 3"!)

280 475 420 531 ἀλλά
466 476 544 548 τῷ
570 468 825 544 διαϐόλῳ,
876 480 955 552 τῷ
993 481 1235 537 ὠθοῦντι·
1271 480 1367 539 καὶ
1412 486 1857 552 ὑποσκελίζοντις

282 569 396 620 Καὶ
428 566 593 622 πόθεν
628 568 822 635 τοῦτο;
858 571 982 627 Ὅτι
1015 574 1115 627 οὐκ
1146 576 1315 642 ἀνύω,
1352 577 1487 648 φησί
1508 616 1524 640 ,
1558 578 1732 647 λέγων
1760 579 1855 632 καὶ

281 656 668 725 συμϐουλεύων
719 660 789 713 τά
841 660 1047 717 δέοντα.
1100 665 1272 718 Πόθεν
1310 666 1368 719 δέ
1421 667 1580 737 δῆλον
1626 670 1707 722 ὅτι
1755 672 1856 723 οὑκ

278 745 531 812 ἀνύσεις;
581 748 673 801 καὶ
716 749 827 822 γάρ
858 752 1018 806 τοῦτο
1060 756 1221 809 πάλιν
1272 757 1510 828 ἐσχάτης
1547 760 1753 825 ἀνοίας,
1798 762 1856 812 ἐν

277 838 459 910 ἀδήλῳ
481 840 573 894 τοῦ
599 840 789 906 τέλους
815 848 1090 914 κειμένου,
1127 847 1400 918 ῥᾳθυμίας
1423 850 1855 922 ὡμολογημένης

274 929 596 1000 ἐγκλήματα
646 930 921 1002 δέχεσθαι.
975 936 1167 989 Καίτοι
1216 937 1246 989 ό
1298 938 1433 1002 Οεὸς
1474 939 1547 994 τά
1591 940 1855 1010 μέλλοντα

274 1022 575 1089 προειδὼς,
604 1024 867 1088 πολλάκις
899 1020 1045 1093 εἶπε,
1092 1028 1188 1080 καὶ
1226 1030 1328 1082 οὐκ
1360 1030 1524 1101 ήνυσε
1548 1071 1564 1096 ,
1599 1035 1695 1087 καὶ
1733 1034 1852 1087 οὐδέ

271 1110 334 1164 οἱ
345 1127 448 1176 τως
465 1114 703 1187 ἀπέστη,
725 1120 821 1175 καὶ
835 1116 1010 1172 ταῦτα
1025 1118 1203 1185 εἰδὼς,
1222 1122 1306 1174 ὅτι
1328 1122 1389 1175 οὐ
1415 1122 1602 1192 μέλλει
1619 1124 1850 1179 πείθειν.

272 1201 338 1255 Εἰ
365 1202 420 1256 δέ
458 1206 487 1259 ό
520 1206 785 1277 προειδὼς
809 1210 891 1262 ὅτι
919 1209 1072 1262 ούδέν
1109 1211 1275 1265 πλέον
1309 1214 1551 1284 ποιήσει,
1581 1214 1676 1267 τοῦ
1707 1214 1853 1285 διορ-

270 1292 402 1347 θοῦν
430 1296 531 1351 οὐκ
559 1298 881 1368 ἀφίσταται,
913 1300 1042 1355 τίνα
1080 1302 1225 1368 ἕξεις
1256 1303 1553 1372 ἀπολογίαν
1584 1305 1613 1358 ό
1640 1305 1851 1373 ἀγνοῶν

268 1386 332 1438 τὸ
378 1388 570 1459 μέλλον
601 1392 905 1461 παντελῶς,
952 1395 1049 1449 καὶ
1080 1396 1409 1468 ἐκλυόμενος
1448 1398 1542 1452 καὶ
1589 1396 1847 1467 ναρκῶν;

268 1480 380 1533 Καὶ
405 1481 513 1555 γάρ
541 1482 799 1549 πολλάκις
819 1487 1271 1560 ἐπιχειρήσαντες
1296 1490 1500 1561 ήνυσαν
1524 1489 1727 1543 πολλοί·
1754 1491 1849 1543 καί⁵

265 1568 356 1621 δτε
388 1570 620 1639 μάλιστα
647 1573 994 1641 ἀπέγνωσαν,
1018 1578 1143 1630 τότε
1176 1577 1412 1647 μάλιστα
1438 1577 1723 1648 ἐπέτυχον.
1746 1578 1848 1631 ι’Δν

261 1655 323 1710 δέ
352 1657 447 1712 καὶ
490 1660 661 1732 μηδὲν
694 1664 929 1736 ποιήσῃς
971 1667 1159 1732 πλέον,
1188 1668 1250 1721 τὸ
1284 1667 1485 1723 σαυτοῦ
1517 1670 1843 1741 πεποίηκας.

263 1749 358 1821 Μὴ
386 1751 568 1806 τοίνυν
600 1754 971 1825 ἀπάνθρωπος
1008 1758 1160 1828 γίνου
1179 1801 1195 1825 ,
1235 1760 1371 1832 μήτε
1401 1759 1659 1833 ἀνηλεής,
1707 1763 1845 1832 μήτε

258 1838 546 1914 ὀλίγωρος.
585 1844 705 1898 Ὅτι
737 1846 846 1917 γάρ
874 1847 1157 1921 ὠμότητος
1186 1850 1361 1905 ταῦτα
1400 1852 1470 1905 τά
1504 1853 1726 1925 ῥήματα
1752 1853 1847 1906 καὶ

262 1929 565 2001 ῥᾳθυμίας,
596 1934 756 2007 δῆλον
782 1936 1013 1992 ἐκεῖθεν.
1044 1940 1201 2005 Τίνος
1223 1941 1333 2013 γάρ
1359 1942 1570 2005 ἕνεκεν,
1600 1943 1718 2006 ἐνὸς
1738 1942 1845 1995 τῶν

219 2096 225 2101 .
262 2022 444 2094 μελῶν
490 2025 585 2079 τοῦ
629 2025 882 2098 σώματός
913 2046 1012 2084 σου
1062 2029 1384 2100 κάμνοντος,
1422 2032 1484 2084 οὐ
1532 2030 1743 2100 λέγεις·
1778 2032 1844 2085 Τί

261 2132 356 2185 μοι
403 2115 576 2187 μέλει,
613 2118 709 2172 καὶ
754 2118 922 2172 πόθεν
946 2120 1127 2191 δῆλον,
1162 2122 1246 2174 ὅτι
1278 2123 1328 2174 εἰ
1366 2122 1681 2192 ἐπιμελείας
1712 2138 1844 2190 τυγ-

257 2209 433 2277 χάνει,
470 2208 745 2277 ὑγιαίνεις
790 2210 928 2264 ἀλλά
970 2211 1151 2265 πάντα
1181 2215 1380 2278 ποιεῖς,
1414 2213 1503 2266 ίνα
1533 2213 1639 2267 κάν
1674 2213 1842 2284 μηδέν

254 2298 570 2371 ὼφελήτῃς,
608 2300 683 2371 μή
713 2284 845 2374 ιχῂς
871 2301 1124 2370 ἐγκαλεῖν
1159 2302 1402 2373 σεαυτῷ,
1435 2304 1518 2357 δτι
1548 2302 1659 2357 τῶν
1686 2302 1839 2372 ὀφει-

254 2390 462 2445 λόντων
504 2390 756 2461 γενέσθαι
795 2408 849 2446 τι
896 2392 1255 2465 παρελείφθη.
1292 2388 1431 2448 Εἶτα
1465 2394 1574 2449 τῶν
1605 2396 1704 2464 μὲν
1741 2394 1837 2448 τοῦ

253 2479 515 2550 σώματος
563 2480 707 2536 οὕτω
753 2481 903 2554 [M3]
958 2484 1320 2555 φροντιοῦμεν
1373 2484 1580 2555 μελῶν,
1620 2486 1728 2539 τῶν
1783 2486 1839 2539 δέ

249 2571 352 2625 τοῦ
390 2572 625 2637 Χριστοῦ
658 2573 1045 2644 ἀμελήσομεν;
1086 2576 1183 2628 καί⁵
1222 2575 1326 2629 ποῦ
1364 2575 1538 2629 ταῦτα
1591 2576 1841 2645 συγγνώο

253 2679 370 2735 μης
422 2662 578 2731 ἀξίνας
611 2664 676 2717 Εἰ
726 2664 837 2735 γάρ
864 2682 921 2717 σε
970 2666 1047 2736 μὴ
1075 2667 1459 2737 κατακάμπτω
1506 2666 1703 2735 λέγων,
1754 2669 1835 2722 δτι

249 2753 365 2808 Τοῦ
406 2755 601 2825 μέλους
632 2771 727 2809 σου
756 2757 1077 2829 φρόντισον,
1129 2758 1217 2811 ῐνα
1260 2757 1365 2812 κᾶν
1406 2757 1487 2830 τῷ
1520 2760 1672 2831 φόϐῳ
1704 2759 1837 2834 γένῃ

252 2845 503 2916 βελτίων,
531 2846 628 2901 τοῦ
653 2846 905 2918 σώματος
930 2848 1336 2919 ἀναμιμνήσκω
1362 2866 1423 2902 σε
1451 2848 1545 2903 τοῦ
1570 2850 1833 2922 Χριστοῦ.

252 2938 384 3003 Πῶς
436 2938 545 3011 γάρ
594 2940 656 2993 οὐ
700 2939 906 3012 φρίκης
955 2940 1108 3005 ἀξιον
1156 2942 1477 3013 σηπομένην
1524 2942 1691 2996 αὐτοῦ
1739 2941 1836 3014 τὴν

250 3033 439 3102 σάρκα
464 3035 617 3105 όρᾷν,
647 3034 745 3087 καὶ
779 3034 1077 3105 πριορᾷνς
1108 3032 1220 3085 Καὶ
1241 3035 1290 3086 εἰ
1324 3032 1423 3103 μὲν
1451 3033 1667 3104 οἰκέτην
1692 3033 1837 3103 ἐχοις

251 3122 289 3192 ἦ
321 3122 440 3179 δνον
474 3124 741 3195 σηπεδόνα
769 3124 982 3196 έχοντα,
1011 3126 1112 3179 οὑκ
1146 3124 1211 3179 ἀν
1239 3124 1495 3196 ἀνάσχοιο
1530 3125 1796 3195 περιιδεῖν
1816 3140 1831 3156 ·

249 3218 318 3269 τὸ
335 3216 393 3269 δέ
423 3218 582 3288 σῶμα
601 3216 696 3272 τοῦ
716 3216 955 3289 Χριστοῦ
982 3219 1172 3291 ψώρας
1192 3218 1336 3289 ὀρῶν
1356 3217 1833 3291 ἐμπεπλησμένον,

242 3308 625 3378 ⁷σιιεςιρατρέχεις
648 3325 664 3375 ;
687 3309 793 3363 υκαι
817 3311 916 3381 οὐχ
951 3311 1058 3381 ἡγῇ
1085 3311 1259 3365 ταῦτα
1291 3310 1503 3382 μυρίων
1532 3310 1658 3379 ἀξια
1696 3305 1835 3363 εἶναι

248 3398 538 3467 κεραυνῶν
564 3413 578 3463 ;
618 3398 717 3452 Διά
744 3397 903 3453 τοῦτο
942 3400 1120 3453 πάντα
1171 3400 1284 3455 ἀνω
1314 3403 1408 3454 καὶ
1440 3402 1591 3455 κάτω
1620 3400 1831 3469 γέγονε,

245 3487 344 3541 διὰ
374 3488 474 3559 τὴν
503 3489 902 3561 ἀπανθρωπίαν
928 3489 1156 3561 ταύτην,
1187 3491 1276 3543 διά
1303 3491 1402 3563 τὴν
1433 3492 1735 3563 ρᾳθυμίαν.

328 3580 421 3633 Διὸ
433 3579 520 3651 δὴ,
544 3581 871 3651 παρακαλῶ,
888 3580 1095 3651 ταύτην
1109 3582 1427 3653 ἐκϐάλωμεν
1440 3584 1539 3654 τὴν
1554 3584 1833 3654 ὠμότητα·

249 3671 523 3741 πρόσελθε
572 3674 766 3743 ἐκείνῳ
808 3673 885 3742 τῷ
917 3674 1253 3728 συνοικοῦντι
1301 3678 1368 3747 τῇ
1414 3676 1689 3747 παρθένῳ,
1740 3676 1835 3728 καὶ

248 3762 378 3815 είπέ
418 3760 611 3833 μικρὸν
644 3762 921 3834 ἐγκώμιον
957 3764 1050 3817 τοῦ
1082 3764 1335 3833 ἀδελφοῦ,
1364 3766 1471 3819 ἀπὸ
1517 3767 1625 3819 τῶν
1659 3766 1833 3821 ἀλλων

244 3848 330 3908 ὧν
359 3854 468 3925 ἔχει
496 3855 988 3925 πλεονεκτημάτων
1018 3856 1149 3909 αὐτὸ
1186 3856 1456 3921 συντιθείς
1477 3874 1490 3887 ·
1520 3858 1617 3911 καὶ
1643 3858 1834 3928 ῶσπερ

247 3947 409 4001 ῦδατι
430 3946 619 4019 θερμῷ
641 3946 984 4017 περικλύζων
1004 3952 1116 4012 τοῖς
1139 3949 1381 4012 ἐπαίνοις
1398 3991 1411 4013 ,
1435 3949 1576 4002 οὕτω
1598 3950 1833 4020 χάλασον

247 4038 417 4092 αὐτοῦ
440 4039 529 4091 τὸν
544 4038 708 4106 δγκον
725 4036 818 4090 τοῦ
834 4038 1168 4109 τραύματος·
1186 4040 1473 4094 ταλάνισον
1496 4042 1592 4093 καὶ
1615 4044 1827 4107 σαυτὸν,

247 4130 630 4201 κατηγόρησον
690 4131 785 4183 τοῦ
841 4130 1025 4184 κοινοῦ
1088 4132 1197 4185 τῶν
1250 4132 1553 4203 ἀνθρώπων
1603 4134 1827 4203 γένους,

241 4223 424 4288 δεῖξον
445 4224 528 4276 ὅτι
548 4225 747 4286 πάντες
770 4225 826 4275 ἐν
849 4224 1209 4295 ἁμαρτήμασι
1225 4227 1587 4295 τυγχάνομεν,
1606 4226 1829 4296 αἴτησον

242 4315 610 4387 συγγνώμην,
656 4314 849 4380 εἰπὼν,
880 4318 963 4369 ὅτι
1016 4317 1227 4385 μείζοσι
1269 4316 1467 4369 σαυτοῦ
1510 4319 1830 4388 πράγμασιν

241 4409 567 4479 ἐπιχειρεῖς,
588 4408 704 4461 ἀλλ’
738 4409 770 4479 ή
797 4409 988 4479 ἀγάπη
1016 4410 1197 4463 πάντα
1224 4410 1399 4463 πείθει
1437 4410 1665 4481 τολμᾷν.
1696 4407 1831 4466 Εἶτα

242 4497 656 4569 συμϐουλεύων,
687 4500 763 4570 μὴ
798 4499 1183 4562 ἐπιτακτικῶς,
1209 4501 1325 4553 ἀλλ’
1348 4499 1651 4569 ἀδελφικῶς
1672 4500 1829 4554 τοῦτο

228 4591 410 4653 ποίει·
459 4590 555 4643 καί⁵
601 4589 813 4652 τούτοις
866 4592 1000 4643 πᾶσι
1050 4590 1292 4661 χαλάσας
1336 4590 1439 4660 τὴν
1494 4592 1826 4663 φλεγμονὴν,

222 4684 342 4745 ¹καὶ
363 4682 907 4753 παραμυθησάμενος
928 4684 1027 4751 τὴν
1047 4681 1316 4752 ἀλγηδόνα
1338 4682 1434 4755 τὴν
1456 4685 1519 4736 ἐκ
1536 4683 1635 4753 τῆς
1653 4685 1828 4753 τομῆς

238 4772 651 4841 συμϐαίνουσαν
688 4770 782 4823 τοῦ
824 4769 1111 4841 μέλλοντος
1144 4771 1368 4841 ἐλέγχου
1414 4770 1705 4841 γενέσθαι,
1736 4775 1828 4825 καὶ

122 4870 133 4876 ”
237 4864 506 4925 πολλάκις
552 4864 619 4933 τῇ
660 4863 984 4933 παραιτήσει
1023 4865 1399 4933 χρησάμενος,
1445 4865 1541 4917 καί⁵
1570 4882 1825 4935 παρακα-

234 4953 406 5017 λέσας
437 4954 512 5025 μὴ
540 4952 885 5025 ὀργισθῆναι·
915 4954 1043 5006 ὅταν
1070 4954 1232 5007 αὑτὸν
1255 4956 1567 5026 καταδήσῃς
1590 4956 1822 5019 τούτοις,

232 5042 364 5095 τότε
400 5044 576 5113 ἔπαγε
624 5045 725 5115 τὴν
768 5044 1005 5115 πληγὴν,
1052 5045 1192 5114 μήτε
1231 5045 1447 5113 δεσμῶν
1475 5046 1537 5097 τὸ
1570 5048 1821 5115 πρᾶγμα,

238 5136 383 5205 μήτε
416 5134 648 5195 ἐκλύων,
681 5137 769 5190 ἵνα
795 5140 933 5208 μήτε
960 5136 1169 5190 ἐκεῖθεν
1194 5137 1545 5208 ἀποπηδήση,
1575 5138 1711 5207 μήτε
1740 5139 1825 5190 ἐν·

230 5223 434 5279 τεῦθεν
468 5230 880 5300 καταφρονήσῃ.
931 5231 1032 5283 Ἀν
1075 5244 1136 5281 τε
1171 5228 1280 5299 γάρ
1308 5229 1383 5297 μή
1425 5228 1646 5298 καιρίαν
1693 5228 1820 5298 δῷς,

230 5320 392 5385 ὠδὶν
417 5320 659 5392 εἰργάσω
700 5321 879 5376 πλέον·
912 5323 980 5377 ἀν
1016 5323 1075 5376 δέ
1107 5322 1353 5394 σφοδρῶς
1400 5322 1644 5394 πλήξίἰς.
1688 5322 1822 5376 ἀπο⁹

234 5412 536 5483 σκιρτῆσαι
580 5410 863 5480 ἐποίησας.
900 5414 993 5468 Διὸ
1020 5414 1083 5487 δὴ
1117 5416 1210 5467 καί
1254 5414 1392 5485 μετά
1422 5412 1598 5467 ταῦτα
1641 5414 1821 5468 πάντα

231 5506 487 5576 ἐλέγχειν
534 5502 785 5574 μέλλων,
837 5505 1103 5575 ἀνάμιεον
1155 5506 1318 5562 πάλιν
1380 5505 1656 5575 ἐγκώμιον
1707 5509 1821 5568 τοῖς

232 5598 503 5669 ἐλέγχοις·
529 5590 622 5649 καὶ
644 5593 833 5667 ἐπειδὴ
853 5594 986 5648 αὐτὸ
1008 5597 1129 5650 καθ’
1150 5598 1313 5651 ἑαυτὸ
1333 5596 1394 5651 τὸ
1417 5596 1736 5665 γιγνόμενον
1756 5596 1817 5647 ού

231 5689 461 5744 δύναται
481 5685 621 5745 εἶναι
646 5688 921 5760 ἐγκώμιον
943 5690 1026 5759 (ού
1051 5692 1160 5763 γὰρ
1178 5692 1327 5757 ἀξιον
1348 5693 1570 5745 ἐπαίνου
1592 5691 1653 5745 τὸ
1680 5691 1816 5761 κόρῃ

236 5785 510 5837 συνοικεῖν
540 5781 840 5853 παρθένῳ),
869 5781 976 5835 ἀπὸ
1001 5783 1098 5854 τῆς
1127 5784 1353 5856 γνώμης
1381 5782 1475 5837 τοῦ
1505 5781 1815 5839 συνοικοῦν-

1313 364 1379 424 IN
1421 371 1638 428 EHST.
1681 369 1820 426 IAD
1857 366 2019 424 (10R.
2061 366 2299 425 HOMIL.
2341 371 2514 429 XLIV.

3440 382 3553 441 380

1965 500 2057 546 τος
2084 483 2243 537 τοῦτο
2270 484 2527 557 ἐργάζου,
2558 488 2651 540 καὶ
2677 487 2821 554 εἰπὲ,
2846 489 2930 542 ὅτι
2959 466 3091 544 όίδα
3122 492 3224 561 μὲν
3246 494 3326 547 δτι
3352 494 3437 549 διά
3450 497 3546 552 τὸν

1958 574 2095 628 Θεὸν
2125 574 2190 628 σὺ
2217 578 2412 640 ποιεῖς,
2441 577 2538 631 καὶ
2562 578 2664 647 τὴν
2690 578 2927 649 ἐρημίαν
2954 581 3048 634 καὶ
3071 583 3135 635 τὸ
3168 584 3544 657 άπροστάτευ-

1954 678 2051 753 τον
2082 664 2183 734 τῆς
2215 665 2411 729 ἀθλίας
2445 668 2661 738 ἐκείνης
2694 668 2815 721 ἰδὼν
2847 672 3007 740 χεῖρα
3038 672 3270 743 ῶρεξας.
3311 677 3429 734 Κᾶν
3462 679 3547 753 μὴν

1954 751 2127 824 ταύτῃ
2157 756 2284 824 ποιῇ
2312 758 2379 824 τῇ
2406 755 2622 829 γνώμῃ,
2650 757 2714 809 σὺ
2738 756 2879 811 οῦτω
2908 758 3056 828 λέγε,
3091 762 3189 815 καὶ
3213 776 3357 833 μετα
3382 751 3543 821 τοῦτο

1956 843 2240 912 προστίθει
2278 846 2374 900 καὶ
2406 846 2615 913 ταῦτα,
2650 848 2813 903 πάλιν
2849 853 3182 921 παραιτήσει
3217 854 3498 926 χρώμενος
3521 899 3545 924 ,

1955 937 2050 989 καὶ
2097 935 2269 1005 λέγων
2289 976 2303 1001 ,
2332 939 2413 991 εττ
2444 940 2559 993 Οὐκ
2589 942 2919 1007 ἐπιτάττων,
2957 944 3072 998 ἀλλ’
3101 946 3540 1019 ὑπομιμνήσκων

1951 1027 2126 1081 ταῦτά
2151 1044 2325 1099 φημι·
2348 1030 2437 1084 διὰ
2457 1030 2548 1083 τὸν
2578 1032 2714 1088 Θεὸν
2742 1035 2806 1088 σὺ
2839 1038 3036 1100 ποιεῖς,
3070 1032 3187 1090 οἴδα
3214 1040 3387 1107 κάγώ·
3418 1041 3538 1095 ἀλλ’

1954 1115 2153 1188 ἴδωμεν
2201 1117 2277 1189 μὴ
2324 1119 2575 1189 τίκτηται
2621 1122 2686 1175 ἐκ
2732 1121 2925 1185 τούτου
2968 1124 3138 1177 κακὸν
3174 1125 3394 1196 ἓτερον·
3433 1127 3543 1181 κάν

1954 1208 2054 1279 μὲν
2086 1209 2250 1281 μηδὲν
2277 1206 2337 1281 ᾗ,
2380 1211 2579 1282 κάτεχε
2606 1212 2777 1275 ἐνδον,
2808 1214 2904 1267 καὶ
2926 1213 3051 1284 ἔχου
3075 1217 3184 1286 τῆς
3200 1216 3374 1287 καλῆς
3403 1218 3538 1272 ταύ-

1950 1317 2050 1371 της
2087 1302 2345 1373 σπουδῆς,
2387 1304 2416 1356 ὁ
2437 1303 2665 1357 κωλύων
2700 1305 2909 1369 οὐδείς·
2936 1305 3002 1359 ἂν
3033 1306 3091 1360 δὲ
3119 1306 3295 1377 βλάϐη
3323 1325 3411 1372 τις
3448 1310 3537 1362 ἐν·

1949 1391 2139 1446 τεῦθεν
2184 1392 2404 1465 γίνηται
2448 1393 2543 1447 τοῦ
2590 1395 2817 1466 κέρδους
2870 1396 3091 1467 μείζων,
3142 1397 3535 1470 φυλαξώμεθα,

1948 1482 2284 1553 παρακαλῶ,
2327 1484 2402 1555 μὴ
2438 1484 2763 1549 σπεύδοντες
2808 1486 2941 1556 μίαν
2976 1486 3289 1540 ἀναπαῦσαι
3314 1487 3494 1558 ψυχὴν
3513 1527 3536 1557 ,

1948 1568 2149 1639 μυρίας
2175 1571 2644 1643 σκανδαλίσωμεν.
2682 1574 2794 1627 Καὶ
2827 1574 2903 1645 μὴ
2946 1575 3194 1646 προσθῇς
3231 1576 3433 1640 εὐθέως
3462 1577 3551 1631 τάΔ

1945 1662 2171 1731 κείμενα
2187 1665 2299 1726 τοῖς
2319 1664 2732 1727 σκανδαλίζουσι
2770 1666 3129 1738 κολαστήρια,
3158 1667 3296 1721 ἀλλά
3313 1667 3409 1739 τήν
3429 1669 3531 1723 αύ-

1943 1752 2037 1805 τοῦ
2063 1754 2449 1824 προσλάμϐανε
2473 1756 2814 1826 μαρτυρίαν,
2836 1756 3014 1826 λέγων
3031 1776 3045 1790 ·
3072 1759 3146 1813 Οὐ
3172 1756 3322 1831 [ιιι]
3342 1758 3531 1830 χρείαν

1944 1842 2089 1915 ἔχεις
2127 1845 2318 1916 μαθεῖν
2355 1846 2533 1900 ταῦτα
2564 1849 2695 1918 παρ’
2744 1846 2908 1918 ἐμοῦ,
2938 1845 3089 1912 οἶδας
3130 1850 3226 1903 καὶ
3253 1849 3417 1912 αὐτὸς
3445 1850 3529 1904 ὅτι

1944 1935 2042 1987 ἐάν
2076 1952 2162 1999 τις
2201 1937 2297 1990 ενα
2334 1937 2446 1991 τῶν
2493 1938 2711 2008 μικρῶν
2742 1938 2947 1993 τούτων
2996 1938 3349 2009 σκανδαλίσῃ,
3385 1939 3528 2009 πόση

1943 2028 2236 2099 ὴπείληται
2278 2029 2436 2099 δίκη·
2471 2030 2567 2084 καὶ
2605 2030 2779 2095 οῦτως
2815 2029 3017 2102 ήδύνας
3057 2029 3152 2083 τὸν
3202 2030 3389 2096 λόγον,
3433 2030 3531 2085 καὶ

1942 2120 2136 2183 λεάνας
2158 2120 2256 2191 τήν
2284 2121 2476 2192 ὀργὴν,
2500 2122 2736 2175 ἐπιτίθει
2767 2122 2830 2175 τὸ
2855 2122 3148 2192 φάρμακον
3176 2121 3277 2191 τῆς
3300 2120 3530 2191 διορθώ-

1943 2228 2102 2276 σεως.
2136 2213 2200 2266 El
2227 2214 2283 2268 δὲ
2313 2214 2704 2286 προφασίζοιτο
2737 2214 2903 2269 πάλιν
2930 2214 3030 2285 τὴν
3059 2215 3299 2285 ἐρημίαν
3329 2215 3525 2283 αὐτῆς,

1942 2303 2078 2373 μηδέ
2104 2303 2278 2367 οὕτως
2305 2304 2534 2377 ἐλέγξῃς
2565 2304 2666 2375 τὴν
2699 2304 2920 2375 σκῆψιν,
2960 2304 3079 2359 ἀλλ’
3114 2306 3235 2359 εἰπέ
3261 2306 3399 2377 πρὸς
3426 2303 3527 2359 αὐ-

1938 2394 2063 2448 τόν·
2112 2396 2297 2463 Μηδέν
2357 2413 2417 2449 σε
2474 2396 2681 2449 τούτων
2730 2396 2987 2465 φοϐείτω,
3031 2394 3330 2464 ἀπολογίαν
3381 2394 3527 2460 ἐξεις

1938 2485 2239 2554 ἀρκοῦσαν,
2280 2487 2341 2540 τὸ
2372 2487 2576 2557 ἐτέρων
2617 2488 2947 2541 σκάνδαλον·
2996 2489 3058 2542 οὐ
3093 2488 3202 2559 γάρ
3229 2487 3318 2543 διά
3353 2486 3524 2560 ρᾳθυ-

1939 2578 2092 2647 μίαν,
2118 2578 2233 2635 ἀλλ’
2272 2578 2501 2633 ἐκείνων
2526 2578 2825 2650 κηδόμενος
2844 2618 2861 2644 ,
2896 2579 3105 2651 ταύτης
3137 2579 3386 2651 ἀπέστης
3421 2578 3523 2650 τῆς

1939 2669 2200 2741 σπουδῆς.

2010 2853 2071 2899 ε’·
2108 2846 2218 2901 Καὶ
2236 2845 2307 2899 τά
2326 2848 2427 2917 μέν
2442 2853 2542 2919 τῆς
2559 2848 2872 2920 συμϐουλῆς
2902 2849 3043 2903 ἔστω
3073 2851 3132 2905 ἐν
3155 2850 3347 2923 βραχεῖ
3362 2864 3377 2882 ·
3398 2848 3521 2903 οὐδέ

1935 2940 2043 3011 γάρ
2066 2940 2238 2993 δεῖται
2264 2940 2620 3006 διδασκαλίας
2655 2941 2891 3011 πολλῆς·
2934 2942 3003 2997 τά
3041 2942 3098 2995 δέ
3131 2946 3232 3014 τῆς
3272 2941 3521 3012 συγγνώ-

1939 3048 2047 3101 μης
2080 3032 2243 3086 πάλιν
2269 3032 2441 3087 πολλά
2466 3032 2562 3087 καὶ
2586 3032 2899 3103 ἐπάλληλα·
2926 3034 3023 3087 καὶ
3055 3033 3149 3086 ἐπὶ
3172 3034 3272 3103 τὴν
3299 3034 3522 3104 ἀγάπην
3614 3100 3619 3103 _

1936 3122 2249 3191 κατάφευγε
2279 3123 2544 3195 συνεχῶς.
2575 3124 2887 3189 συσκιάζων
2914 3124 2977 3178 τὸ
3017 3125 3274 3196 φορτικὸν
3306 3124 3415 3178 τῶν
3445 3128 3522 3178 εἰ-

1938 3212 2211 3283 ρημένων,
2250 3215 2344 3267 καὶ
2377 3214 2476 3286 τὴν
2502 3213 2749 3278 ἐξουσίαν
2783 3214 2934 3285 αύτῷ
2963 3216 3161 3277 διδοὺς,
3199 3215 3295 3268 καὶ
3320 3215 3518 3282 λέγων,

1934 3305 2016 3359 ὅτι
2062 3304 2202 3373 Ἐγὼ
2247 3306 2346 3376 μὲν
2389 3305 2563 3359 ταῦτα
2606 3290 2861 3378 παραινῶ
2893 3307 2987 3361 καὶ
3019 3305 3391 3377 συμϐουλεύω,
3421 3306 3517 3359 τοῦ

1931 3394 1991 3448 δὲ
2022 3396 2309 3465 πεισθῆναι
2344 3396 2533 3467 κύριος
2561 3396 2726 3460 αὑτός
2749 3412 2763 3427 ·
2809 3396 2931 3450 οὐδὲ
2969 3398 3078 3469 γάρ
3117 3397 3522 3465 καταναγκάζω

1934 3487 2029 3539 καὶ
2065 3485 2344 3556 βιάζομαι,
2373 3486 2511 3540 ἀλλά
2539 3489 2605 3558 τῇ
2634 3488 2814 3557 οἰκείᾳ
2846 3504 2938 3540 σου
2986 3488 3049 3540 τὸ
3084 3490 3195 3541 πᾶν
3238 3487 3525 3555 ἐπιτρέπω

1933 3577 2147 3648 γνώμῃ.
2172 3578 2269 3629 Ἂν
2298 3576 2441 3630 οὕτω
2468 3577 2940 3651 μεταχειρίζωμεν
2968 3579 3060 3631 τὸν
3084 3578 3328 3649 ἔλεγχον,
3357 3579 3520 3648 δυνη-

1935 3667 2143 3736 σόμεθα
2164 3669 2364 3739 ῥᾳδίως
2389 3671 2517 3734 τοὺς
2545 3670 2958 3741 ἁμαρτάνοντας
2982 3671 3230 3741 διορθοῦν
3248 3686 3259 3697 ·
3290 3669 3366 3733 ὼς
3394 3670 3429 3723 ἀ
3454 3687 3518 3738 γε

1931 3758 2027 3810 νῦν
2057 3758 2339 3829 ποιοῦμεν,
2370 3760 2575 3831 θηρίων
2612 3761 2810 3831 μᾶλλόν
2843 3765 2959 3815 ἐστι
2983 3764 3078 3815 καὶ
3099 3763 3334 3831 ἀλόγων,
3367 3762 3401 3833 ἢ
3426 3762 3518 3816 ἀν-

1932 3845 2189 3915 θρώπων.
2229 3850 2327 3902 “Av
2358 3850 2469 3921 γάρ
2497 3849 2794 3904 αἴσθωνται
2824 3868 2971 3915 τινες
3002 3852 3098 3905 νῦν
3120 3852 3347 3907 τοιαῦτά
3370 3870 3518 3917 τινος

1933 3939 2364 4009 ἁμαρτάνοντος,
2404 3941 2599 4012 ἐκείνῳ
2637 3943 2736 4011 μὲν
2774 3942 2928 3995 οὐδὲν
2956 3943 3321 4011 διαλέγονται,
3360 3944 3519 3997 αὐτοὶ

1930 4030 1987 4081 δὲ
2007 4031 2259 4103 καθάπερ
2290 4031 2509 4103 γραΐδια
2539 4032 2805 4103 μεθύοντα
2833 4032 3178 4105 ψιθυρίζουσι
3208 4035 3326 4103 μετ’
3348 4035 3405 4088 ἀ)
3417 4036 3516 4105 λή-

1930 4122 2072 4176 λων·
2099 4124 2194 4176 καὶ
2239 4124 2479 4194 οὐδαμοῦ
2522 4126 2598 4190 τὸ,
2650 4126 2785 4196 Είκῆ
2815 4126 2993 4194 φιλοῦ,
3040 4127 3162 4197 είκῆ
3222 4128 3297 4199 μὴ
3331 4126 3514 4197 μισοῦ,

1931 4215 2167 4271 ἐνταῦθα
2187 4215 2335 4269 δοκεῖ
2350 4215 2534 4288 χώραν
2550 4218 2694 4288 ἐχειν
2710 4220 2913 4281 αὐτοῖς,
2939 4218 3053 4272 ἀλλ’
3081 4220 3211 4272 ὅταν
3244 4219 3342 4289 μὲν
3373 4235 3513 4272 κακ-

1931 4306 2206 4378 ηγορῆσαι
2281 4306 2629 4379 ἐπιθυμῶσι,
2688 4309 3089 4381 καταφρονοῦσι
3127 4310 3224 4363 τοῦ
3274 4310 3348 4380 μὴ
3389 4311 3511 4379 εἰκῆ

1933 4398 2237 4470 μισεῖσθαι,
2273 4399 2474 4470 μᾶλλον
2509 4400 2567 4454 δέ
2597 4403 2689 4454 καὶ
2730 4401 2825 4454 τοῦ
2866 4401 3192 4463 κολάζεσθαι
3225 4402 3365 4471 (οὐδὲ
3404 4403 3510 4472 γάρ

1933 4496 2087 4562 μῖσος
2117 4490 2367 4545 ἐντεῦθεν
2402 4493 2586 4561 μόνον,
2634 4492 2772 4545 ἀλλά
2807 4494 2900 4547 καὶ
2934 4493 3156 4555 κόλασις
3200 4493 3467 4560 τίκτεται)
3494 4508 3507 4523 ·

1928 4586 2056 4638 ὅταν
2082 4585 2138 4637 δὲ
2164 4584 2503 4655 διορθώσεως
2532 4584 2648 4655 δέῃ,
2680 4584 2839 4637 τοῦτό
2889 4602 2949 4637 τε
2994 4585 3126 4637 αὐτὸ
3172 4586 3267 4637 καὶ
3310 4584 3508 4655 μυρίας

1929 4676 2119 4748 ἐτέρας
2158 4676 2492 4748 προφέρουσι
2538 4676 2858 4745 προφάσεις.
2900 4675 3090 4729 Ταῦτα
3116 4677 3226 4745 γάρ
3257 4678 3380 4729 τότε
3426 4677 3513 4730 ἐν·

1927 4770 2290 4840 νοεῖν.ἐχρῆν,
2336 4770 2465 4823 ὅταν
2512 4773 2854 4840 κακηγορῇς,
2895 4770 3025 4823 ὅταν
3072 4769 3386 4839 διαϐάλλῃς,
3424 4768 3509 4837 τὸ,

1927 4863 2063 4933 Εἰκῆ
2092 4862 2167 4933 μὴ
2208 4863 2393 4932 μισοῦ,
2431 4862 2527 4916 καὶ
2558 4863 2638 4927 τὸ,
2668 4864 2833 4916 Οὐδὲν
2865 4861 3015 4914 ἀνύω
3038 4901 3052 4924 ,
3093 4862 3188 4914 καὶ
3219 4861 3302 4926 τὸ,
3343 4861 3511 4915 Οὐδέν

1928 4968 2019 5019 μοι
2041 4952 2214 5020 μέλει.
2233 4952 2350 5004 Νῦν
2368 4952 2443 5018 δὲ,
2472 4954 2595 5006 τότε
2629 4951 2731 5019 μὲν
2759 4952 3237 5022 πολυπραγμονεῖς
3264 4950 3509 5022 σφοδρῶς

1924 5025 2017 5093 καὶ.
2048 5044 2378 5113 περιέργως,
2410 5044 2505 5096 καί⁵
2541 5044 2735 5112 μίσους
2776 5048 3143 5116 καταφρονεῖς
3172 5045 3268 5097 καὶ
3294 5042 3503 5113 μυρίων

1923 5133 2142 5186 κακῶν·
2189 5135 2317 5188 ὅταν
2373 5134 2429 5187 δὲ
2470 5135 2613 5205 ὑπὲρ
2664 5136 2763 5206 τῆς
2810 5136 3082 5207 σωτηρίας
3129 5134 3224 5187 τοῦ
3272 5133 3505 5204 ἀδελφοῦ

1922 5225 2231 5295 φροντίζειν
2272 5225 2386 5298 δὲῃ,
2419 5226 2540 5280 τότε
2572 5229 2664 5280 καὶ
2703 5229 3013 5298 ἀπράγμων
3050 5225 3145 5277 καὶ
3188 5226 3506 5296 ἀνεπαχθής

1919 5337 2002 5383 τις
2034 5314 2174 5372 εἶναι
2206 5318 2413 5387 βούλει·
2448 5319 2624 5373 καίτοι
2661 5319 2768 5371 άπὸ
2804 5319 2902 5387 μὲν
2942 5319 3284 5391 κακηγορίας
3312 5319 3408 5371 καὶ
3440 5319 3505 5371 τὸ

1922 5410 2059 5480 πρὸς
2082 5408 2405 5479 ἀνθρώπους
2427 5411 2521 5465 καὶ
2544 5411 2605 5463 τὸ
2640 5408 2774 5479 πρὸς
2796 5408 2889 5462 τὸν
2913 5409 3048 5463 Θεὸν
3078 5412 3289 5479 γίνεται
3323 5412 3501 5481 μίσος,

1918 5503 2014 5554 καλ⁵
2036 5502 2097 5553 ού
2123 5502 2329 5570 σφόδρα
2351 5519 2433 5553 σοι
2454 5500 2613 5553 τοῦτο
2643 5500 2797 5569 μέλει
2817 5517 2830 5531 ·
2863 5502 2973 5556 ἀπὸ
2999 5503 3056 5555 δέ
3079 5503 3179 5572 τῆς
3208 5503 3330 5555 κατ’
3365 5500 3506 5555 ἰδίαν

1920 5591 2231 5663 συμϐουλῆς
2268 5592 2362 5644 καὶ
2390 5591 2497 5644 τῶν
2526 5591 2785 5646 τοιούτων
2811 5593 3050 5663 ἐλέγχων
3077 5596 3171 5649 καὶ
3208 5593 3342 5665 πρὸς
3369 5593 3499 5646 τοῦ-

1916 5701 2008 5738 τον
2038 5684 2131 5737 καὶ
2177 5681 2315 5751 πρὸς
2354 5681 2447 5738 τὸν
2471 5681 2604 5737 Οεὸν
2633 5682 2785 5738 ἔσται
2820 5702 2903 5738 σοι
2935 5684 3109 5752 φιλία.
3163 5685 3259 5736 “Av
3307 5683 3364 5736 δέ
3404 5684 3501 5741 καὶ

1915 5774 2079 5838 αὐτὸς
2112 5775 2265 5845 μισῇ,
2307 5775 2335 5828 ό
2369 5773 2502 5839 Θεὸς
2541 5774 2689 5847 μένει
2742 5774 2826 5829 διά
2864 5774 3021 5829 τοῦτο
3058 5772 3259 5846 μᾶλλον
3288 5773 3493 5847 φιλῶν·
