4066 6348
130 392 243 446 sai
1117 353 1126 360 ’
1241 382 1308 440 IN
1346 381 1557 439 EPIST.
1600 382 1663 436 ιι.
1695 383 1788 437 so
1826 383 1978 439 con.
2020 381 2249 440 uoutL.
2293 381 2333 439 ι.
3298 378 3408 434 sse

127 517 393 558 seorsum
455 499 594 570 apud
648 514 709 555 se
763 510 984 566 magnas
1036 494 1131 550 tibi
1186 493 1404 549 habebit
1453 495 1670 564 gratias.

215 593 274 647 6.
306 591 430 644 Hzec
462 605 588 659 ergo
612 588 932 658 cogitantes,
949 599 1130 640 curam
1153 599 1400 653 geramus
1426 592 1728 637 nostrorum

131 683 514 737 membrorum
537 721 550 745 ,
580 693 752 748 neque
784 678 1013 746 linguam
1054 675 1190 730 alter
1224 674 1276 728 in
1314 674 1537 728 alterum
1568 687 1729 726 acua-

132 787 291 838 mus,
323 786 494 840 neque
523 770 685 824 verba
716 767 998 838 loquamur
1037 780 1155 835 qua:
1193 764 1504 833 demergaut
1538 771 1592 816 et
1629 763 1727 816 ob—

133 874 331 926 ruant,
384 861 615 931 proximi
656 859 852 914 bonam
887 856 1078 911 famam
1112 855 1503 918 subvertentes,
1526 863 1580 907 et
1623 868 1726 906 non

132 968 306 1005 secus
339 961 500 1019 atque
538 951 594 1004 in
621 950 762 1004 bello
787 958 840 1002 et
868 962 1038 1015 pugna
1078 944 1378 999 sauciantes
1403 952 1456 998 et
1484 943 1725 996 Sauciati.

132 1043 285 1109 Quid
313 1043 455 1097 enim
478 1041 587 1109 jam
631 1039 846 1109 prodest
871 1036 1130 1105 jejunium
1161 1042 1252 1088 aut
1291 1034 1490 1102 vigilia,
1520 1032 1731 1100 quando

129 1134 296 1188 ebria
341 1131 501 1186 fuerit
541 1132 738 1200 lingua,
768 1140 819 1183 et
858 1128 1006 1181 canis
1033 1126 1282 1180 carnibus
1325 1123 1731 1178 immundiorem

132 1240 389 1279 mensam
432 1223 686 1285 comedit,
719 1230 775 1275 ut
813 1235 931 1289 qum
971 1220 1289 1288 sanguivora
1329 1217 1514 1270 elTecta
1561 1217 1647 1278 sit,
1680 1225 1733 1269 et

132 1330 361 1368 caenum
388 1313 621 1367 effundat
647 1319 701 1364 et
741 1310 935 1364 cloacae
982 1308 1220 1362 canalem
1265 1320 1325 1360 os
1366 1305 1558 1366 faciat;
1620 1305 1732 1357 imo

133 1420 277 1458 vero
301 1420 368 1457 eo
395 1404 549 1471 longe
572 1399 829 1468 impurius
849 1409 902 1451 et
926 1399 1093 1466 magis
1116 1395 1569 1449 abominandum?
1600 1393 1730 1447 Nam

139 1493 296 1566 quod
343 1493 485 1547 illinc
533 1491 747 1560 quidem
798 1487 1060 1558 procedit,
1091 1501 1285 1556 corpus
1330 1485 1557 1555 polluit:
1592 1482 1731 1552 quod

133 1585 275 1639 hinc
302 1593 502 1644 autem,
546 1596 687 1649 sa-pe
736 1579 957 1633 suffocat
1003 1578 1255 1631 animam.
1288 1576 1411 1628 Hch
1457 1575 1596 1639 dico,
1628 1589 1732 1626 non

135 1694 332 1732 eorum
365 1677 450 1744 qui
478 1675 615 1728 male
645 1673 886 1739 audiunt,
919 1681 1118 1726 temere
1145 1685 1326 1724 curam
1357 1684 1583 1738 gerens;
1612 1683 1733 1720 nam

135 1770 218 1823 illi
254 1784 467 1838 quoque
514 1767 659 1838 digni
705 1775 830 1821 sunt
875 1765 1122 1826 coronis,
1154 1778 1275 1816 cum
1307 1777 1426 1829 quae
1481 1760 1734 1814 dicuntur

135 1861 326 1915 ferunt
366 1858 612 1922 fortiter;
661 1856 756 1912 sed
799 1864 1035 1909 vestrum
1065 1855 1153 1922 qui
1183 1853 1381 1907 dicitis.
1430 1851 1561 1905 Nam
1612 1867 1733 1904 eum

134 1949 364 2012 quidem
384 1991 397 2014 ,
418 1949 508 2018 qui
539 1957 740 2002 temere
762 1955 816 2000 et
842 1946 957 1999 sine
980 1959 1139 1998 causa
1167 1943 1306 1997 male
1333 1941 1498 2004 audit,
1523 1941 1731 1995 beatum

132 2042 497 2112 pronuntiant
526 2039 853 2109 Scriptnrze;
899 2052 1023 2091 eum
1066 2045 1264 2100 autem,
1299 2034 1387 2103 qui
1419 2034 1557 2087 male
1585 2033 1732 2098 dicit,

135 2149 168 2186 a
214 2133 419 2186 sanctis
450 2130 725 2198 expellunt
773 2128 1074 2199 mysteriis,
1109 2128 1216 2180 imo
1262 2125 1329 2178 ab
1374 2125 1488 2193 ipso
1536 2125 1734 2177 ambitu

141 2223 395 2276 ecclesiae
425 2239 438 2273 :
474 2221 626 2283 Eum,
653 2220 844 2288 inquit,
876 2219 960 2288 qui
995 2219 1278 2270 clanculum
1302 2215 1519 2268 detrahit
1558 2215 1620 2267 de
1645 2230 1736 2266 suo

135 2312 401 2380 proximo,
423 2310 752 2380 persequebar
772 2308 942 2378 (Psal.
969 2307 1090 2362 100.
1111 2307 1199 2378 5);
1221 2306 1509 2376 quinetiam
1529 2319 1650 2357 eum
1666 2303 1734 2356 di-

136 2404 215 2457 cit
241 2403 514 2471 indignum
539 2401 768 2455 lectione
786 2415 1058 2454 sacrarum
1082 2398 1378 2452 literarum.
1401 2396 1518 2459 Cur,
1545 2395 1734 2463 inquit,

139 2505 195 2547 tu
227 2509 439 2548 euarras
462 2493 856 2563 justiﬁcationes
889 2507 1043 2553 meas,
1069 2499 1115 2542 et
1139 2490 1352 2542 assumis
1393 2495 1737 2539 testamentum

137 2601 312 2637 meum
364 2599 453 2651 per
482 2599 538 2636 os
578 2593 718 2634 tuum
765 2580 935 2651 (Psal.
973 2580 1058 2632 49.
1095 2579 1220 2645 16)?
1273 2577 1472 2631 Deinde
1519 2591 1734 2629 causam

137 2675 394 2736 afl‘ercns,
421 2673 550 2726 dicit
582 2690 593 2722 :
630 2671 826 2724 Sedens
862 2677 1037 2721 contra
1076 2667 1287 2733 fratrem
1331 2676 1472 2717 tuum
1502 2664 1738 2732 loqueba-

142 2769 236 2821 ris.
265 2767 326 2820 Et
351 2766 436 2818 hic
461 2765 673 2832 quidem
700 2777 804 2816 non
831 2760 1094 2824 distinxit,
1116 2759 1293 2812 sintne
1316 2772 1440 2810 vera
1472 2771 1537 2809 an
1569 2756 1697 2808 falsa
1721 2773 1734 2819 ;

145 2858 280 2911 alibi
330 2867 507 2910 autem
557 2856 656 2908 hoc
696 2868 908 2922 quoque
952 2850 1245 2920 prohibuit,
1278 2848 1569 2901 ostendens
1598 2846 1737 2915 quod

144 2951 361 3006 etiamsi
410 2964 534 3003 vera
562 2948 728 3012 dicas,
762 2961 823 3000 ea
853 2960 958 2998 non
1000 2951 1123 2996 sunt
1149 2959 1177 2995 a
1208 2950 1258 2994 te
1285 2940 1529 2994 dicenda.
1564 2937 1740 2992 Nolite

140 3043 405 3113 iudicare,
440 3037 631 3107 inquit,
664 3040 717 3089 ut
739 3053 836 3088 non
855 3033 1155 3104 judicemini
1185 3031 1396 3100 (Matth.
1428 3031 1479 3082 7.
1506 3029 1577 3097 1).
1607 3028 1737 3082 Nam

143 3144 202 3188 et
243 3133 332 3200 qui
363 3132 701 3200 publicanum
744 3126 1038 3181 maledictis
1081 3123 1460 3184 insectabatur,
1491 3130 1573 3174 est
1610 3136 1738 3174 con-

142 3224 451 3285 damnatus,
477 3221 574 3275 etsi
607 3235 733 3274 vero
769 3218 914 3271 illum
951 3214 1253 3270 accusabat.
1280 3212 1414 3278 Quid
1440 3211 1624 3265 verosi
1648 3211 1735 3275 sit,

147 3314 342 3382 inquit,
362 3311 627 3381 quispiam
656 3309 828 3364 audax
851 3316 905 3361 et
929 3304 1311 3368 exsecrandus,
1340 3317 1442 3355 non
1469 3309 1550 3355 est
1572 3300 1684 3369 ipse
1710 3316 1738 3352 a

152 3403 314 3457 nobis
363 3401 715 3470 corrigendus
756 3407 811 3454 et
866 3396 1206 3467 argucndus?
1250 3392 1567 3463 Arguendus
1613 3405 1741 3443 sane

148 3504 234 3550 est
278 3501 331 3548 et
356 3491 724 3562 corrigendus,
753 3489 845 3544 sed
895 3489 966 3542 ita
1012 3497 1066 3541 ut
1095 3488 1242 3557 prius
1271 3484 1381 3538 dixi
1405 3501 1417 3537 :
1453 3484 1534 3536 sin
1563 3491 1740 3535 autem

154 3584 259 3637 hoc
305 3583 434 3636 facis
483 3583 530 3636 ei
580 3580 932 3649 exprobrans,
962 3578 1083 3631 vide
1114 3593 1199 3641 ne,
1232 3577 1360 3629 dum
1412 3573 1739 3628 Pharismum

155 3675 304 3728 illum
340 3673 587 3737 imitaris,
618 3672 669 3724 id
721 3671 815 3724 tibi
846 3669 985 3738 quod
1028 3669 1103 3721 illi
1136 3667 1360 3722 accidat.
1409 3664 1550 3718 Nihil
1598 3665 1742 3718 enim

157 3766 280 3819 hinc
306 3764 442 3818 redit
461 3764 616 3829 lucri,
639 3778 744 3816 non
766 3761 832 3815 ad
863 3770 913 3815 te
945 3761 1032 3828 qui
1060 3759 1213 3821 dicis,
1249 3774 1354 3812 non
1378 3757 1443 3810 ad
1469 3757 1614 3808 illum
1646 3756 1737 3824 qui

1835 494 1982 548 audit
2008 495 2086 549 sic
2112 503 2393 550 accusatus
2419 509 2432 546 ε
2464 493 2555 548 sed
2580 493 2670 549 ille
2690 492 2903 564 quidem
2927 491 3107 548 evadit
3133 491 3414 561 irupuden-

1838 586 1962 640 tior.
1995 585 2128 640 Nam
2159 586 2412 656 quamdiu
2438 585 2651 657 quidem
2700 586 2850 652 latet,
2899 586 3000 640 scit
3046 584 3368 639 erubescere
3395 601 3418 640 τ

1837 686 2116 747 postquam
2166 687 2344 732 autem
2390 678 2622 732 evaserit
2651 677 2984 741 manifestus,
3014 676 3066 730 id
3092 676 3236 745 quod
3282 675 3412 732 inde

1837 767 2067 823 habebat
2109 768 2320 824 frenum
2365 768 2745 838 expellitzqui
2792 778 2968 822 autem
3018 766 3201 831 audit,
3229 782 3415 820 rursus

1835 863 2002 931 magis
2029 862 2272 918 Imdetur.
2305 863 2435 917 Nam
2477 863 2588 917 sive
2620 877 2796 916 rerum
2831 870 2973 916 recte
2999 876 3028 912 a
3057 876 3115 915 se
3141 869 3412 930 gestarum

1837 953 1994 1007 fuerit
2023 953 2121 1008 sibi
2148 954 2413 1019 conscius,
2443 953 2677 1019 inflatur,
2703 951 2921 1006 alterius
2951 959 3158 1004 tumens
3184 964 3372 1004 accusa
3391 979 3405 988 -

1838 1043 2101 1105 tionibus;
2135 1043 2246 1097 sive
2271 1050 2640 1112 peccatorum,
2685 1041 2742 1095 fit
2789 1041 3084 1110 promptior
3120 1051 3169 1095 et
3195 1041 3422 1094 alacrior

1835 1133 1903 1186 ad
1927 1133 2136 1186 vitium.
2160 1134 2225 1187 Et
2255 1135 2369 1203 ipse
2398 1150 2584 1187 rursus
2607 1133 2695 1201 qui
2725 1133 2874 1196 dicit,
2901 1134 3036 1202 apud
3060 1149 3178 1186 eum
3209 1133 3296 1200 qui
3323 1148 3418 1185 auo

1840 1224 1917 1278 dit
1950 1225 2000 1277 in
2030 1226 2163 1278 mala
2192 1226 2293 1278 erit
2318 1225 2730 1289 existimatione,
2758 1233 2812 1278 et
2859 1225 3025 1278 Deum
3079 1224 3131 1278 in
3162 1241 3222 1279 se
3255 1226 3422 1294 magis

1836 1313 2087 1366 irritabit.
2115 1313 2473 1379 Quamobrem
2516 1329 2646 1382 rogo
2674 1328 2835 1367 omne
2857 1312 3077 1366 verbum
3107 1312 3420 1368 obscaenum

1834 1413 1886 1457 et
1917 1404 2155 1458 fmtidum
2183 1405 2460 1472 ejiciamus
2486 1420 2499 1467 ;
2530 1405 2571 1457 si
2603 1404 2728 1473 quid
2773 1404 2967 1457 bonum
2999 1403 3062 1456 ad
3114 1401 3424 1458 mdiﬂcatio-

1839 1512 1981 1560 nem,
2009 1496 2113 1549 hoc
2150 1496 2409 1550 dicamus.
2445 1497 2514 1549 At
2542 1495 2693 1563 cnpis
2720 1496 2866 1548 illum
2907 1495 3129 1548 ulcisci?
3160 1495 3264 1547 Cur
3292 1509 3422 1563 ergo

1840 1595 1890 1640 te
1920 1602 2014 1654 pro
2045 1585 2134 1638 illo
2157 1586 2432 1639 ulcisceris
2457 1586 2478 1637 ?
2507 1585 2637 1638 Nam
2661 1585 2748 1653 qui
2792 1585 2977 1639 studes
3006 1585 3188 1638 ulcisci
3217 1600 3308 1637 eos
3332 1586 3421 1654 qui

1837 1677 1932 1730 tibi
1983 1675 2198 1730 fuerunt
2243 1677 2473 1741 molesti,
2509 1676 2578 1728 ita
2630 1678 2890 1732 ulciscere
2934 1689 2986 1731 ut
3022 1678 3219 1732 Paulus
3263 1678 3423 1744 jussit

1837 1766 2043 1820 ulcisci.
2091 1766 2152 1820 Si
2198 1768 2350 1820 esurit
2391 1768 2628 1818 inimicus
2670 1777 2804 1832 tuus,
2834 1769 2943 1820 ciba
2985 1769 3172 1831 illum;
3215 1772 3258 1821 si
3297 1771 3420 1831 sitit,

1839 1857 1905 1908 da
1926 1857 2003 1909 illi
2032 1865 2201 1924 potum
2234 1856 2409 1924 (Rom.
2453 1856 2538 1910 12.
2566 1854 2679 1923 20).
2730 1855 2784 1910 Si
2837 1867 3013 1910 autem
3064 1858 3166 1912 hoc
3206 1860 3420 1928 quidem

1840 1961 1944 1999 non
1975 1945 2125 2007 facis,
2158 1946 2330 1999 solum
2361 1955 2538 1999 autem
2580 1947 2870 2010 insidiaris,
2900 1947 2951 2001 in
2983 1949 3207 2017 teipsnm
3239 1967 3422 2005 ensem

1840 2037 2074 2104 stringis.
2095 2035 2452 2102 Quamobrem
2483 2037 2526 2088 si
2557 2038 2644 2090 ille
2673 2037 2974 2102 maledicat,
2997 2053 3126 2091 orna
3157 2056 3279 2092 eum
3315 2043 3425 2094 lan-

1839 2125 1992 2180 dibus
2021 2136 2074 2180 et
2121 2126 2398 2179 cncomiis.
2451 2124 2538 2179 Sic
2585 2127 2726 2179 enim
2759 2138 2812 2180 et
2852 2128 2997 2181 illum
3051 2132 3244 2197 poteris
3288 2132 3423 2184 ulci-

1839 2217 1936 2280 sci,
1984 2226 2037 2269 et
2078 2217 2304 2285 teipsnm
2352 2216 2601 2270 liberabis
2646 2231 2675 2269 a
2716 2220 2852 2271 mala
2910 2221 3231 2289 suspicione.
3285 2220 3416 2274 Nam

1839 2307 1926 2374 qui
1958 2306 2106 2359 dolet
2129 2322 2192 2360 eo
2215 2307 2355 2375 quod
2403 2308 2544 2361 male
2567 2308 2767 2373 audiat,
2803 2309 2905 2363 hoc
2950 2310 3159 2366 videtur
3205 2315 3308 2380 pati
3359 2329 3423 2364 ex

1841 2395 1977 2448 mala
2005 2397 2366 2460 conscientia;
2396 2399 2485 2464 qui
2532 2407 2710 2452 autem
2761 2399 2944 2462 irridet
2986 2416 3045 2454 ea
3077 2418 3195 2470 qua:
3236 2403 3424 2456 dicun-

1842 2494 1945 2550 tur,
1993 2488 2280 2540 tnaximum
2339 2488 2538 2555 profert
2589 2488 2864 2553 indicium,
2899 2490 3040 2559 quod
3105 2493 3299 2545 nullius
3349 2495 3423 2547 rei

1841 2579 1992 2631 mala:
2033 2579 2130 2633 sibi
2181 2581 2246 2632 sit
2277 2581 2549 2633 conscius.
2578 2580 2708 2633 Cum
2754 2597 2881 2651 ergo
2911 2597 3007 2635 nec
3038 2583 3296 2649 audienti,
3327 2602 3426 2639 nec

1843 2669 1955 2729 tibi,
1985 2685 2081 2722 nec
2105 2671 2150 2723 ei
2179 2671 2265 2739 qui
2291 2679 2574 2723 accusatur
2599 2671 2793 2738 prosis,
2824 2680 2876 2723 et
2903 2673 2952 2724 in
2985 2681 3034 2725 te
3064 2673 3230 2741 illam“
3262 2677 3425 2727 strin-

1839 2774 1932 2827 gas
1961 2760 2217 2828 gladium,
2258 2761 2339 2812 vel
2369 2775 2430 2813 ex
2461 2759 2561 2813 boc
2590 2762 2706 2828 ipso
2733 2761 2899 2814 evade
2932 2760 3272 2815 moderatior.
3293 2763 3423 2816 Nam

1841 2849 2118 2916 oportebat
2163 2849 2376 2918 quidem
2426 2850 2736 2916 persuaderi
2784 2866 2846 2903 ex
2879 2866 3040 2918 regno
3065 2853 3342 2917 cmlornm,
3373 2863 3425 2907 ct

1842 2940 1906 2994 iis
1934 2957 2052 3010 qua:
2097 2940 2207 2994 Deo
2252 2941 2496 2993 videntur
2539 2955 2600 2993 ac
2653 2941 2862 3009 placent
2897 2958 2911 2993 :
2959 2943 3053 2995 sed
3084 2946 3334 3010 quoniam
3366 2961 3423 2998 es

1842 3035 2075 3086 crassius
2102 3032 2344 3097 allectus,
2373 3042 2426 3087 et
2459 3034 2670 3086 mordcs
2695 3042 2962 3102 tamquam
3008 3033 3136 3093 fera,
3171 3037 3251 3087 vel
3301 3037 3424 3089 hinc

1843 3124 2104 3177 erudiaris
2131 3133 2182 3176 et
2222 3124 2531 3191 castigeris;
2565 3134 2620 3176 ut
2652 3124 2733 3176 bis
2762 3126 2935 3177 verbis
2980 3126 3270 3178 modestior
3300 3127 3425 3180 effe-

1843 3225 1978 3277 cms,
2009 3227 2073 3266 ex
2099 3211 2180 3264 his
2209 3213 2359 3278 solis,
2381 3228 2497 3280 qua:
2532 3215 2639 3266 Deo
2669 3213 2920 3267 videntur
2949 3230 3011 3268 ac
3042 3217 3273 3283 placent,
3308 3232 3426 3285 pos-

1844 3305 1918 3356 sis
1945 3303 2190 3370 componi
2229 3318 2291 3356 ac
2321 3303 2649 3364 concinnari,
2681 3313 2736 3356 ut
2775 3319 2893 3357 cum
2935 3307 3076 3357 onmi
3107 3307 3269 3359 animi
3302 3324 3426 3374 per-

1846 3395 2146 3446 turbatione
2195 3396 2440 3460 superior
2468 3395 2732 3459 evnseris,
2765 3395 2995 3448 caelestia
3045 3398 3178 3449 bona
3231 3413 3427 3453 conse-

1844 3484 2022 3553 quaris
2053 3500 2065 3535 :
2098 3499 2216 3551 qua:
2243 3483 2398 3535 detur
2429 3483 2581 3536 nobis
2610 3485 2857 3538 omnibus
2879 3489 3154 3555 consequi,
3183 3489 3343 3555 gratia
3375 3500 3426 3542 et

1845 3573 2171 3642 benignitate
2231 3573 2442 3626 Domini
2505 3574 2672 3627 nostri
2716 3574 2841 3628 Jesu
2884 3575 3101 3640 Christi,
3153 3594 3270 3631 cum
3320 3595 3426 3648 quo

1845 3664 1988 3718 Patri
2014 3679 2133 3717 cum
2159 3675 2346 3717 sancto
2369 3664 2568 3731 Spiritu
2594 3667 2662 3718 sit
2684 3666 2873 3734 gloria,
2898 3667 3200 3736 imperium,
3234 3671 3423 3737 lionor,

1849 3769 1992 3807 nunc
2019 3763 2073 3806 et
2115 3768 2350 3821 semper,
2382 3764 2435 3807 et
2464 3755 2514 3806 in
2542 3755 2736 3808 saecula
2771 3757 3109 3809 szeculorum.
3145 3761 3331 3813 Amen.

2917 3855 3006 3863 uno—-

1970 3857 2072 3858 ﬂ,
2138 3857 2239 3860 es
2270 3857 2289 3858 η
2504 3857 2559 3859 v

432 3895 749 3904 νήή

694 3972 1362 4088 SANCTI
1433 3966 2122 4081 PATRIS
2196 3962 2871 4077 NOSTRI

341 4167 462 4324 J
473 4160 1091 4325 OANN
1100 4162 1316 4318 IS
1434 4151 3181 4348 CHRYSOSTOMI,

1008 4401 1607 4468 ARCHIEPISCOPI
1650 4396 2607 4469 CONSTANTINOPOLITANI,

169 4535 280 4608 IN
339 4529 914 4604 SECUNDAM
937 4525 1083 4596 AD
1111 4515 1765 4593 COBINTHIOS
1812 4513 2418 4586 EPISTOLAM
2441 4515 3291 4593 COMMENTARIUS
3314 4505 3421 4591 (α).

1077 4639 1720 4677 -----ε-“-ε-Ξ’-”’.ἓ

1814 4638 2556 4677 ==———-—————-—

1529 4709 1877 4776 HOMILIA
1927 4709 1974 4768 Ι.

161 4828 290 4884 CAP.
326 4828 376 4880 l.
413 4840 466 4879 v.
500 4825 552 4878 l.
587 4821 781 4876 Paulus
807 4821 1062 4892 apostolus
1086 4819 1214 4876 Iesu
1235 4819 1418 4873 Christi
1442 4834 1530 4887 per
1559 4817 1736 4870 volun-

233 4929 386 4970 tatem
410 4916 521 4977 Dei,
551 4924 596 4968 et
627 4913 913 4967 Timotheus
940 4915 1122 4983 frater,
1152 4909 1393 4964 Ecclesia:
1411 4907 1508 4962 Dei
1528 4922 1640 4972 qua:
1663 4915 1735 4959 est

233 5006 462 5059 Corinthi
523 5020 636 5058 cum
680 5003 907 5056 omnibus
942 5001 1150 5066 sanctis,
1182 5002 1266 5070 qui
1294 5000 1480 5053 suntin
1503 4999 1736 5050 universa

232 5096 428 5148 Achaia
446 5112 464 5149 :
478 5095 532 5148 2.
551 5094 715 5165 gratia
735 5092 870 5145 vobis
890 5099 936 5144 et
962 5105 1063 5156 pax
1083 5105 1118 5158 a_
1139 5087 1247 5141 Deo
1278 5087 1428 5142 Patre
1447 5097 1492 5140 et
1517 5086 1734 5140 Domino

233 5195 403 5239 nostro
432 5185 556 5240 Iesu
585 5187 799 5240 Christo.
833 5184 886 5237 5.
917 5181 1212 5236 Benedictus
1238 5179 1374 5233 Deus
1393 5189 1440 5233 et
1463 5178 1617 5232 Pater
1637 5177 1735 5231 Do-

231 5278 357 5333 mini
387 5278 544 5329 nostri
571 5277 695 5331 Jesu
722 5276 909 5332 Christi
933 5315 948 5340 ,
980 5273 1136 5328 Pater
1163 5271 1618 5326 misericordiarum
1642 5311 1657 5332 ,
1687 5279 1733 5321 et

233 5370 372 5426 Deus
408 5368 558 5420 totius
594 5367 972 5431 consolationis,
1014 5366 1066 5420 4.
1109 5365 1194 5435 qui
1236 5361 1522 5417 consolatur
1557 5377 1646 5413 nos
1681 5361 1732 5413 in

232 5462 370 5517 omni
397 5458 714 5514 tribulatione
739 5468 930 5522 nostra,
956 5467 1008 5510 ut
1036 5459 1282 5522 possimus
1303 5467 1349 5510 et
1366 5455 1462 5524 ipsi
1483 5453 1733 5506 consolari

233 5571 339 5618 eos,
383 5551 467 5621 qui
513 5549 563 5602 in
604 5548 742 5602 omni
769 5562 1004 5614 pressura
1040 5557 1180 5611 sunt,
1223 5563 1314 5617 per
1339 5543 1734 5600 consolationem

230 5663 335 5713 qua
353 5647 453 5714 ipsi
470 5640 790 5697 consolamur
814 5654 844 5690 a
869 5637 995 5691 Deo.

174 5752 528 5868 “(Iapilgnlgatus
559 5769 667 5804 eunt
701 5753 874 5806 Codice
915 5754 1198 5808 Ccislinlano
1227 5761 1264 5811 Χ
1324 5757 1489 5812 ηαυιὶ
1515 5765 1643 5804 num.
1669 5752 1728 5800 55

1913 4809 1964 4865 1.
1986 4809 2088 4863 Cur
2102 4808 2375 4862 secundam
2397 4809 2465 4862 ad
2487 4808 2775 4865 Corinthios
2793 4811 3055 4880 epistolam
3080 4813 3278 4870 Paulus
3293 4821 3421 4873 scri-

1840 4901 2014 4970 pserit.
2044 4930 2118 4941 —
2145 4900 2296 4955 Prius
2316 4917 2557 4970 quaerere
2580 4903 2851 4968 convenit,
2876 4918 2970 4956 cur
2995 4906 3280 4960 secundam
3305 4913 3422 4979 epi—

1839 4990 2031 5044 stolam
2081 4991 2244 5060 priori
2274 4991 2522 5061 adjungat
2544 5033 2559 5056 ,
2592 5001 2646 5047 et
2671 5009 2833 5062 quare
2862 5009 2891 5046 a
2931 4993 3022 5046 Dei
3062 4996 3420 5053 miserationi-

1838 5082 1938 5137 bus
1982 5090 2142 5151 atque
2187 5099 2218 5137 a
2265 5083 2632 5138 consolatione
2682 5084 2886 5138 initium
2930 5085 3107 5141 ducat.
3141 5090 3250 5144 Cur
3291 5107 3419 5160 ergo

1838 5173 2125 5228 secundam
2167 5174 2403 5241 adjecit?
2445 5172 2577 5227 Cum
2610 5175 2660 5228 in
2707 5174 2869 5240 priori
2916 5178 3135 5247 epistola
3168 5180 3414 5248 dixisset,

1851 5259 2055 5314 Veniam
2085 5262 2153 5314 ad
2195 5277 2300 5326 vos,
2346 5270 2390 5315 et
2434 5279 2753 5333 cognoscam,
2796 5282 2897 5318 non
2942 5282 3215 5320 sermonem
3242 5286 3414 5324 eorum

1837 5353 1924 5422 qui
1947 5353 2115 5422 inﬂati
2136 5364 2270 5416 sunt,
2293 5358 2381 5408 sed
2401 5355 2631 5408 virtutem
2653 5358 2728 5423 (l.
2759 5356 2874 5410 Cor.
2906 5357 2958 5409 4.
2984 5357 3107 5426 19);
3138 5370 3191 5413 ct
3220 5362 3283 5414 ad
3307 5365 3416 5417 cal-

1837 5460 1954 5499 cem
1997 5460 2183 5498 rursus
2228 5444 2328 5499 boc
2371 5447 2540 5514 ipsum
2569 5444 2903 5498 s'uavioribus
2947 5447 3123 5501 verbis
3151 5451 3414 5518 pollicitus

1838 5532 2049 5598 fuisset,
2091 5532 2476 5598 Veniamenim,
2509 5535 2696 5601 inquit,
2725 5533 2793 5585 ad
2813 5549 2918 5600 vos,
2945 5546 3205 5605 postquam
3236 5537 3412 5594 Macc-

1833 5625 2042 5677 doniam
2083 5635 2454 5692 pertranstero;
2486 5624 2838 5679 Macedoniam
2878 5629 3011 5681 enim
3059 5631 3411 5697 pertransibo,

1836 5725 1984 5782 atque
2030 5713 2168 5781 apud
2214 5728 2299 5765 vos
2333 5713 2547 5780 fortasse
2587 5715 2812 5782 manebo,
2863 5727 2948 5769 aut
2990 5718 3140 5771 etiam
3185 5720 3416 5773 Itiemabo

1842 5807 1914 5865 tl.
1945 5803 2062 5858 Cor.
2102 5802 2180 5858 l6.
2212 5805 2269 5874 5)
2304 5822 2314 5857 :
2352 5804 2574 5860 Inuitum
2607 5812 2858 5883 temporis
2885 5810 3279 5882 intercesserat,
3314 5827 3414 5868 nec

4039 2713 4066 2930 Ξ

4037 2933 4066 3262 ξ

4034 3441 4052 3460 .

4039 3803 4042 3810 -

4030 3821 4066 3834 κ

4039 3859 4044 3866 ε

4039 3909 4046 3920 ι
