  <div class='ocr_page' id='page_1' title='image "/cluster/home/n/w/nwhite01/storage/ocr_20150623/61/pst.000005712618/389.png"; bbox 0 0 4066 6348; ppageno 0'>
   <div class='ocr_carea' id='block_1_1' title="bbox 675 336 783 394">
    <p class='ocr_par' dir='ltr' id='par_1_1' title="bbox 675 336 783 394">
     <span class='ocr_line' id='line_1_1' title="bbox 675 336 783 394; baseline 0 0"><span class='ocrx_word' id='word_1_1' title='bbox 675 336 783 394; x_wconf 68' lang='grc' dir='ltr'><strong>ῑθό</strong></span> 
     </span>
    </p>
   </div>
   <div class='ocr_carea' id='block_1_2' title="bbox 677 448 2240 518">
    <p class='ocr_par' dir='ltr' id='par_1_2' title="bbox 677 448 2240 518">
     <span class='ocr_line' id='line_1_2' title="bbox 677 448 2240 518; baseline -0.006 -11"><span class='ocrx_word' id='word_1_2' title='bbox 677 463 852 508; x_wconf 71' lang='lat' dir='ltr'><strong>tamen</strong></span> <span class='ocrx_word' id='word_1_3' title='bbox 884 449 951 506; x_wconf 89' lang='lat' dir='ltr'><strong>ad</strong></span> <span class='ocrx_word' id='word_1_4' title='bbox 979 465 1073 505; x_wconf 81' lang='lat' dir='ltr'><strong>eos</strong></span> <span class='ocrx_word' id='word_1_5' title='bbox 1096 464 1155 505; x_wconf 85' lang='lat' dir='ltr'><strong>se</strong></span> <span class='ocrx_word' id='word_1_6' title='bbox 1179 448 1522 515; x_wconf 81' lang='lat' dir='ltr'><strong>eumulerat;</strong></span> <span class='ocrx_word' id='word_1_7' title='bbox 1552 448 1681 518; x_wconf 90' lang='lat' dir='ltr'><strong>quin</strong></span> <span class='ocrx_word' id='word_1_8' title='bbox 1711 448 1907 518; x_wconf 99' lang='lat' dir='ltr'><strong>potius,</strong></span> <span class='ocrx_word' id='word_1_9' title='bbox 1938 461 2059 501; x_wconf 89' lang='lat' dir='ltr'><strong>cum</strong></span> <span class='ocrx_word' id='word_1_10' title='bbox 2102 460 2240 515; x_wconf 64' lang='lat' dir='ltr'><strong>prte-</strong></span> 
     </span>
    </p>
   </div>
   <div class='ocr_carea' id='block_1_3' title="bbox 672 537 2250 609">
    <p class='ocr_par' dir='ltr' id='par_1_3' title="bbox 672 537 2250 609">
     <span class='ocr_line' id='line_1_3' title="bbox 672 537 2250 609; baseline -0.005 -12"><span class='ocrx_word' id='word_1_11' title='bbox 672 544 915 597; x_wconf 85' lang='lat' dir='ltr'><strong>stitutum</strong></span> <span class='ocrx_word' id='word_1_12' title='bbox 947 550 1158 609; x_wconf 89' lang='lat' dir='ltr'><strong>tempus</strong></span> <span class='ocrx_word' id='word_1_13' title='bbox 1181 539 1293 607; x_wconf 84' lang='lat' dir='ltr'><strong>jam</strong></span> <span class='ocrx_word' id='word_1_14' title='bbox 1321 537 1633 603; x_wconf 81' lang='lat' dir='ltr'><strong>effluxisset,</strong></span> <span class='ocrx_word' id='word_1_15' title='bbox 1663 537 1837 594; x_wconf 91' lang='lat' dir='ltr'><strong>adhuc</strong></span> <span class='ocrx_word' id='word_1_16' title='bbox 1862 546 2039 591; x_wconf 81' lang='lat' dir='ltr'><strong>tamen</strong></span> <span class='ocrx_word' id='word_1_17' title='bbox 2088 551 2250 590; x_wconf 88' lang='lat' dir='ltr'><strong>cunc-</strong></span> 
     </span>
    </p>
   </div>
   <div class='ocr_carea' id='block_1_4' title="bbox 673 628 2249 700">
    <p class='ocr_par' dir='ltr' id='par_1_4' title="bbox 673 628 2249 700">
     <span class='ocr_line' id='line_1_4' title="bbox 673 628 2249 700; baseline -0.006 -11"><span class='ocrx_word' id='word_1_18' title='bbox 673 635 886 689; x_wconf 69' lang='lat' dir='ltr'><strong>tabatur</strong></span> <span class='ocrx_word' id='word_1_19' title='bbox 925 648 991 688; x_wconf 87' lang='lat' dir='ltr'><strong>ac</strong></span> <span class='ocrx_word' id='word_1_20' title='bbox 1035 646 1216 686; x_wconf 79' lang='lat' dir='ltr'><strong>moras</strong></span> <span class='ocrx_word' id='word_1_21' title='bbox 1260 630 1537 695; x_wconf 82' lang='lat' dir='ltr'><strong>trahebat;</strong></span> <span class='ocrx_word' id='word_1_22' title='bbox 1585 629 1727 700; x_wconf 85' lang='lat' dir='ltr'><strong>quod</strong></span> <span class='ocrx_word' id='word_1_23' title='bbox 1772 629 1975 683; x_wconf 89' lang='lat' dir='ltr'><strong>scilicet</strong></span> <span class='ocrx_word' id='word_1_24' title='bbox 2019 628 2249 697; x_wconf 75' lang='lat' dir='ltr'><strong>Spiritus</strong></span> 
     </span>
    </p>
   </div>
   <div class='ocr_carea' id='block_1_5' title="bbox 668 717 2250 792">
    <p class='ocr_par' dir='ltr' id='par_1_5' title="bbox 668 717 2250 792">
     <span class='ocr_line' id='line_1_5' title="bbox 668 717 2250 792; baseline -0.004 -15"><span class='ocrx_word' id='word_1_25' title='bbox 668 740 796 780; x_wconf 84' lang='lat' dir='ltr'><strong>cum</strong></span> <span class='ocrx_word' id='word_1_26' title='bbox 838 725 889 782; x_wconf 89' lang='lat' dir='ltr'><strong>in</strong></span> <span class='ocrx_word' id='word_1_27' title='bbox 916 723 1037 777; x_wconf 87' lang='lat' dir='ltr'><strong>aliis</strong></span> <span class='ocrx_word' id='word_1_28' title='bbox 1068 722 1224 792; x_wconf 88' lang='lat' dir='ltr'><strong>longe</strong></span> <span class='ocrx_word' id='word_1_29' title='bbox 1250 721 1417 791; x_wconf 78' lang='lat' dir='ltr'><strong>magis</strong></span> <span class='ocrx_word' id='word_1_30' title='bbox 1439 719 1763 775; x_wconf 73' lang='lat' dir='ltr'><strong>necessariis</strong></span> <span class='ocrx_word' id='word_1_31' title='bbox 1790 719 2014 790; x_wconf 87' lang='lat' dir='ltr'><strong>negotiis</strong></span> <span class='ocrx_word' id='word_1_32' title='bbox 2049 717 2250 773; x_wconf 82' lang='lat' dir='ltr'><strong>retine-</strong></span> 
     </span>
    </p>
   </div>
   <div class='ocr_carea' id='block_1_6' title="bbox 670 811 2249 880">
    <p class='ocr_par' dir='ltr' id='par_1_6' title="bbox 670 811 2249 880">
     <span class='ocr_line' id='line_1_6' title="bbox 670 811 2249 880; baseline -0.004 -10"><span class='ocrx_word' id='word_1_33' title='bbox 670 826 771 870; x_wconf 91' lang='lat' dir='ltr'><strong>ret.</strong></span> <span class='ocrx_word' id='word_1_34' title='bbox 805 815 915 871; x_wconf 79' lang='lat' dir='ltr'><strong>Bac</strong></span> <span class='ocrx_word' id='word_1_35' title='bbox 944 814 1015 868; x_wconf 86' lang='lat' dir='ltr'><strong>de</strong></span> <span class='ocrx_word' id='word_1_36' title='bbox 1039 828 1200 868; x_wconf 88' lang='lat' dir='ltr'><strong>causa</strong></span> <span class='ocrx_word' id='word_1_37' title='bbox 1224 812 1512 867; x_wconf 87' lang='lat' dir='ltr'><strong>secundam</strong></span> <span class='ocrx_word' id='word_1_38' title='bbox 1536 811 1820 880; x_wconf 87' lang='lat' dir='ltr'><strong>epistolam</strong></span> <span class='ocrx_word' id='word_1_39' title='bbox 1866 811 2104 865; x_wconf 77' lang='lat' dir='ltr'><strong>scribere</strong></span> <span class='ocrx_word' id='word_1_40' title='bbox 2153 826 2249 864; x_wconf 86' lang='lat' dir='ltr'><strong>ue-</strong></span> 
     </span>
    </p>
   </div>
   <div class='ocr_carea' id='block_1_7' title="bbox 673 898 2249 968">
    <p class='ocr_par' dir='ltr' id='par_1_7' title="bbox 673 898 2249 968">
     <span class='ocr_line' id='line_1_7' title="bbox 673 898 2249 968; baseline -0.003 -8"><span class='ocrx_word' id='word_1_41' title='bbox 673 905 824 960; x_wconf 86' lang='lat' dir='ltr'><strong>cesse</strong></span> <span class='ocrx_word' id='word_1_42' title='bbox 854 904 1061 966; x_wconf 78' lang='lat' dir='ltr'><strong>habuit,</strong></span> <span class='ocrx_word' id='word_1_43' title='bbox 1092 918 1195 956; x_wconf 90' lang='lat' dir='ltr'><strong>non</strong></span> <span class='ocrx_word' id='word_1_44' title='bbox 1224 915 1445 957; x_wconf 86' lang='lat' dir='ltr'><strong>necesse</strong></span> <span class='ocrx_word' id='word_1_45' title='bbox 1474 900 1748 956; x_wconf 86' lang='lat' dir='ltr'><strong>habiturus</strong></span> <span class='ocrx_word' id='word_1_46' title='bbox 1770 942 1789 968; x_wconf 92' lang='lat'><strong>,</strong></span> <span class='ocrx_word' id='word_1_47' title='bbox 1821 900 1864 953; x_wconf 87' lang='lat' dir='ltr'><strong>si</strong></span> <span class='ocrx_word' id='word_1_48' title='bbox 1893 901 2071 954; x_wconf 89' lang='lat' dir='ltr'><strong>minus</strong></span> <span class='ocrx_word' id='word_1_49' title='bbox 2097 898 2249 955; x_wconf 85' lang='lat' dir='ltr'><strong>tarde</strong></span> 
     </span>
    </p>
   </div>
   <div class='ocr_carea' id='block_1_8' title="bbox 670 989 2246 1055">
    <p class='ocr_par' dir='ltr' id='par_1_8' title="bbox 670 989 2246 1055">
     <span class='ocr_line' id='line_1_8' title="bbox 670 989 2246 1055; baseline -0.004 -6"><span class='ocrx_word' id='word_1_50' title='bbox 670 995 929 1051; x_wconf 74' lang='lat' dir='ltr'><strong>venisset.</strong></span> <span class='ocrx_word' id='word_1_51' title='bbox 957 993 1074 1048; x_wconf 79' lang='lat' dir='ltr'><strong>Nec</strong></span> <span class='ocrx_word' id='word_1_52' title='bbox 1096 1007 1223 1048; x_wconf 89' lang='lat' dir='ltr'><strong>vero</strong></span> <span class='ocrx_word' id='word_1_53' title='bbox 1262 991 1364 1047; x_wconf 88' lang='lat' dir='ltr'><strong>hoc</strong></span> <span class='ocrx_word' id='word_1_54' title='bbox 1400 990 1676 1048; x_wconf 78' lang='lat' dir='ltr'><strong>dumtaxat</strong></span> <span class='ocrx_word' id='word_1_55' title='bbox 1706 991 1946 1055; x_wconf 89' lang='lat' dir='ltr'><strong>nomine.</strong></span> <span class='ocrx_word' id='word_1_56' title='bbox 1974 990 2069 1045; x_wconf 89' lang='lat' dir='ltr'><strong>sed</strong></span> <span class='ocrx_word' id='word_1_57' title='bbox 2088 990 2166 1044; x_wconf 88' lang='lat' dir='ltr'><strong>ob</strong></span> <span class='ocrx_word' id='word_1_58' title='bbox 2195 989 2246 1043; x_wconf 90' lang='lat' dir='ltr'><strong>id</strong></span> 
     </span>
    </p>
   </div>
   <div class='ocr_carea' id='block_1_9' title="bbox 672 1082 2245 1155">
    <p class='ocr_par' dir='ltr' id='par_1_9' title="bbox 672 1082 2245 1155">
     <span class='ocr_line' id='line_1_9' title="bbox 672 1082 2245 1155; baseline -0.003 -14"><span class='ocrx_word' id='word_1_59' title='bbox 672 1088 834 1141; x_wconf 85' lang='lat' dir='ltr'><strong>etiam</strong></span> <span class='ocrx_word' id='word_1_60' title='bbox 861 1126 876 1149; x_wconf 94' lang='lat'><strong>,</strong></span> <span class='ocrx_word' id='word_1_61' title='bbox 925 1086 1065 1155; x_wconf 89' lang='lat' dir='ltr'><strong>quod</strong></span> <span class='ocrx_word' id='word_1_62' title='bbox 1109 1100 1176 1139; x_wconf 90' lang='lat' dir='ltr'><strong>ex</strong></span> <span class='ocrx_word' id='word_1_63' title='bbox 1206 1084 1480 1155; x_wconf 77' lang='lat' dir='ltr'><strong>superiore</strong></span> <span class='ocrx_word' id='word_1_64' title='bbox 1520 1082 1747 1153; x_wconf 85' lang='lat' dir='ltr'><strong>epistola</strong></span> <span class='ocrx_word' id='word_1_65' title='bbox 1775 1084 2025 1139; x_wconf 73' lang='lat' dir='ltr'><strong>meliores</strong></span> <span class='ocrx_word' id='word_1_66' title='bbox 2050 1082 2245 1137; x_wconf 86' lang='lat' dir='ltr'><strong>redditi</strong></span> 
     </span>
    </p>
   </div>
   <div class='ocr_carea' id='block_1_10' title="bbox 672 1170 2249 1243">
    <p class='ocr_par' dir='ltr' id='par_1_10' title="bbox 672 1170 2249 1243">
     <span class='ocr_line' id='line_1_10' title="bbox 672 1170 2249 1243; baseline -0.002 -13"><span class='ocrx_word' id='word_1_67' title='bbox 672 1176 905 1231; x_wconf 79' lang='lat' dir='ltr'><strong>fuerant.</strong></span> <span class='ocrx_word' id='word_1_68' title='bbox 937 1176 1066 1230; x_wconf 81' lang='lat' dir='ltr'><strong>Nam</strong></span> <span class='ocrx_word' id='word_1_69' title='bbox 1099 1175 1475 1230; x_wconf 83' lang='lat' dir='ltr'><strong>fornicatorent</strong></span> <span class='ocrx_word' id='word_1_70' title='bbox 1504 1188 1663 1240; x_wconf 81' lang='lat' dir='ltr'><strong>eum,</strong></span> <span class='ocrx_word' id='word_1_71' title='bbox 1688 1188 1847 1243; x_wconf 93' lang='lat' dir='ltr'><strong>quem</strong></span> <span class='ocrx_word' id='word_1_72' title='bbox 1876 1174 2024 1241; x_wconf 87' lang='lat' dir='ltr'><strong>prius</strong></span> <span class='ocrx_word' id='word_1_73' title='bbox 2067 1170 2249 1227; x_wconf 81' lang='lat' dir='ltr'><strong>favore</strong></span> 
     </span>
    </p>
   </div>
   <div class='ocr_carea' id='block_1_11' title="bbox 672 1261 2243 1336">
    <p class='ocr_par' dir='ltr' id='par_1_11' title="bbox 672 1261 2243 1336">
     <span class='ocr_line' id='line_1_11' title="bbox 672 1261 2243 1336; baseline -0.006 -14"><span class='ocrx_word' id='word_1_74' title='bbox 672 1266 1182 1336; x_wconf 79' lang='lat' dir='ltr'><strong>complectebantur,</strong></span> <span class='ocrx_word' id='word_1_75' title='bbox 1205 1275 1260 1320; x_wconf 90' lang='lat' dir='ltr'><strong>et</strong></span> <span class='ocrx_word' id='word_1_76' title='bbox 1277 1269 1347 1319; x_wconf 90' lang='lat' dir='ltr'><strong>ob</strong></span> <span class='ocrx_word' id='word_1_77' title='bbox 1365 1278 1523 1333; x_wconf 82' lang='lat' dir='ltr'><strong>quem</strong></span> <span class='ocrx_word' id='word_1_78' title='bbox 1547 1262 1841 1318; x_wconf 88' lang='lat' dir='ltr'><strong>insolenter</strong></span> <span class='ocrx_word' id='word_1_79' title='bbox 1857 1276 1916 1317; x_wconf 89' lang='lat' dir='ltr'><strong>se</strong></span> <span class='ocrx_word' id='word_1_80' title='bbox 1933 1261 2243 1328; x_wconf 81' lang='lat' dir='ltr'><strong>efferebant,</strong></span> 
     </span>
    </p>
   </div>
   <div class='ocr_carea' id='block_1_12' title="bbox 674 1351 2245 1425">
    <p class='ocr_par' dir='ltr' id='par_1_12' title="bbox 674 1351 2245 1425">
     <span class='ocr_line' id='line_1_12' title="bbox 674 1351 2245 1425; baseline -0.003 -14"><span class='ocrx_word' id='word_1_81' title='bbox 674 1357 1013 1412; x_wconf 84' lang='lat' dir='ltr'><strong>abscideraut</strong></span> <span class='ocrx_word' id='word_1_82' title='bbox 1039 1371 1101 1410; x_wconf 90' lang='lat' dir='ltr'><strong>ac</strong></span> <span class='ocrx_word' id='word_1_83' title='bbox 1131 1369 1349 1425; x_wconf 81' lang='lat' dir='ltr'><strong>prorsus</strong></span> <span class='ocrx_word' id='word_1_84' title='bbox 1378 1353 1667 1423; x_wconf 70' lang='lat' dir='ltr'><strong>eiecerant.</strong></span> <span class='ocrx_word' id='word_1_85' title='bbox 1703 1351 1757 1407; x_wconf 97' lang='lat' dir='ltr'><strong>Id</strong></span> <span class='ocrx_word' id='word_1_86' title='bbox 1786 1352 1928 1422; x_wconf 90' lang='lat' dir='ltr'><strong>quod</strong></span> <span class='ocrx_word' id='word_1_87' title='bbox 1959 1352 2039 1406; x_wconf 86' lang='lat' dir='ltr'><strong>his</strong></span> <span class='ocrx_word' id='word_1_88' title='bbox 2066 1352 2245 1406; x_wconf 77' lang='lat' dir='ltr'><strong>verbis</strong></span> 
     </span>
    </p>
   </div>
   <div class='ocr_carea' id='block_1_13' title="bbox 673 1444 2245 1515">
    <p class='ocr_par' dir='ltr' id='par_1_13' title="bbox 673 1444 2245 1515">
     <span class='ocr_line' id='line_1_13' title="bbox 673 1444 2245 1515; baseline -0.003 -13"><span class='ocrx_word' id='word_1_89' title='bbox 673 1446 925 1503; x_wconf 86' lang='lat' dir='ltr'><strong>iudicavit</strong></span> <span class='ocrx_word' id='word_1_90' title='bbox 955 1465 970 1480; x_wconf 76' lang='grc' dir='ltr'><strong>ο</strong></span> <span class='ocrx_word' id='word_1_91' title='bbox 999 1446 1061 1503; x_wconf 91' lang='lat' dir='ltr'><strong>Si</strong></span> <span class='ocrx_word' id='word_1_92' title='bbox 1098 1448 1209 1515; x_wconf 95' lang='lat' dir='ltr'><strong>quis</strong></span> <span class='ocrx_word' id='word_1_93' title='bbox 1234 1455 1399 1499; x_wconf 87' lang='lat' dir='ltr'><strong>autem</strong></span> <span class='ocrx_word' id='word_1_94' title='bbox 1423 1445 1755 1509; x_wconf 84' lang='lat' dir='ltr'><strong>contristasit,</strong></span> <span class='ocrx_word' id='word_1_95' title='bbox 1795 1461 1894 1498; x_wconf 78' lang='lat' dir='ltr'><strong>non</strong></span> <span class='ocrx_word' id='word_1_96' title='bbox 1937 1460 2015 1497; x_wconf 78' lang='lat' dir='ltr'><strong>tne</strong></span> <span class='ocrx_word' id='word_1_97' title='bbox 2052 1444 2245 1499; x_wconf 86' lang='lat' dir='ltr'><strong>contri-</strong></span> 
     </span>
    </p>
   </div>
   <div class='ocr_carea' id='block_1_14' title="bbox 671 1533 2245 1607">
    <p class='ocr_par' dir='ltr' id='par_1_14' title="bbox 671 1533 2245 1607">
     <span class='ocr_line' id='line_1_14' title="bbox 671 1533 2245 1607; baseline -0.003 -15"><span class='ocrx_word' id='word_1_98' title='bbox 671 1539 843 1603; x_wconf 69' lang='lat' dir='ltr'><strong>statvit,</strong></span> <span class='ocrx_word' id='word_1_99' title='bbox 865 1540 953 1591; x_wconf 84' lang='lat' dir='ltr'><strong>sed</strong></span> <span class='ocrx_word' id='word_1_100' title='bbox 977 1552 1042 1592; x_wconf 68' lang='lat' dir='ltr'><strong>ex</strong></span> <span class='ocrx_word' id='word_1_101' title='bbox 1066 1545 1209 1607; x_wconf 83' lang='lat' dir='ltr'><strong>parts</strong></span> <span class='ocrx_word' id='word_1_102' title='bbox 1230 1576 1246 1599; x_wconf 91' lang='lat'><strong>,</strong></span> <span class='ocrx_word' id='word_1_103' title='bbox 1274 1544 1329 1589; x_wconf 87' lang='lat' dir='ltr'><strong>ut</strong></span> <span class='ocrx_word' id='word_1_104' title='bbox 1355 1552 1456 1589; x_wconf 76' lang='lat' dir='ltr'><strong>non</strong></span> <span class='ocrx_word' id='word_1_105' title='bbox 1484 1550 1686 1588; x_wconf 84' lang='lat' dir='ltr'><strong>onerent</strong></span> <span class='ocrx_word' id='word_1_106' title='bbox 1709 1551 1879 1588; x_wconf 73' lang='lat' dir='ltr'><strong>omnes</strong></span> <span class='ocrx_word' id='word_1_107' title='bbox 1908 1550 1993 1588; x_wconf 74' lang='lat' dir='ltr'><strong>vos</strong></span> <span class='ocrx_word' id='word_1_108' title='bbox 2020 1533 2095 1603; x_wconf 96' lang='lat'><strong>(2.</strong></span> <span class='ocrx_word' id='word_1_109' title='bbox 2124 1533 2245 1588; x_wconf 85' lang='lat' dir='ltr'><strong>Cor.</strong></span> 
     </span>
    </p>
   </div>
   <div class='ocr_carea' id='block_1_15' title="bbox 670 1623 2244 1700">
    <p class='ocr_par' dir='ltr' id='par_1_15' title="bbox 670 1623 2244 1700">
     <span class='ocr_line' id='line_1_15' title="bbox 670 1623 2244 1700; baseline -0.002 -18"><span class='ocrx_word' id='word_1_110' title='bbox 670 1631 728 1683; x_wconf 79' lang='lat'><strong>2.</strong></span> <span class='ocrx_word' id='word_1_111' title='bbox 758 1628 841 1700; x_wconf 82' lang='lat'><strong>5).</strong></span> <span class='ocrx_word' id='word_1_112' title='bbox 865 1626 1071 1681; x_wconf 80' lang='lat' dir='ltr'><strong>Sufﬁcit</strong></span> <span class='ocrx_word' id='word_1_113' title='bbox 1093 1627 1164 1692; x_wconf 88' lang='lat' dir='ltr'><strong>ei,</strong></span> <span class='ocrx_word' id='word_1_114' title='bbox 1195 1625 1284 1696; x_wconf 90' lang='lat' dir='ltr'><strong>qni</strong></span> <span class='ocrx_word' id='word_1_115' title='bbox 1310 1624 1567 1694; x_wconf 84' lang='lat' dir='ltr'><strong>ejusmodi</strong></span> <span class='ocrx_word' id='word_1_116' title='bbox 1591 1633 1694 1689; x_wconf 90' lang='lat' dir='ltr'><strong>est,</strong></span> <span class='ocrx_word' id='word_1_117' title='bbox 1725 1623 2021 1694; x_wconf 89' lang='lat' dir='ltr'><strong>objurgatio</strong></span> <span class='ocrx_word' id='word_1_118' title='bbox 2044 1640 2106 1697; x_wconf 76' lang='lat' dir='ltr'><strong>ea</strong></span> <span class='ocrx_word' id='word_1_119' title='bbox 2125 1639 2244 1693; x_wconf 70' lang='lat' dir='ltr'><strong>quas</strong></span> 
     </span>
    </p>
   </div>
   <div class='ocr_carea' id='block_1_16' title="bbox 675 1716 2240 1787">
    <p class='ocr_par' dir='ltr' id='par_1_16' title="bbox 675 1716 2240 1787">
     <span class='ocr_line' id='line_1_16' title="bbox 675 1716 2240 1787; baseline -0.003 -13"><span class='ocrx_word' id='word_1_120' title='bbox 675 1720 789 1774; x_wconf 86' lang='lat' dir='ltr'><strong>ﬁta</strong></span> <span class='ocrx_word' id='word_1_121' title='bbox 830 1718 1089 1787; x_wconf 72' lang='lat' dir='ltr'><strong>pluribus.</strong></span> <span class='ocrx_word' id='word_1_122' title='bbox 1130 1720 1207 1773; x_wconf 82' lang='lat' dir='ltr'><strong>Ac</strong></span> <span class='ocrx_word' id='word_1_123' title='bbox 1242 1732 1453 1773; x_wconf 88' lang='lat' dir='ltr'><strong>rursum</strong></span> <span class='ocrx_word' id='word_1_124' title='bbox 1495 1717 1759 1771; x_wconf 85' lang='lat' dir='ltr'><strong>sermonis</strong></span> <span class='ocrx_word' id='word_1_125' title='bbox 1788 1730 2073 1786; x_wconf 83' lang='lat' dir='ltr'><strong>progressu</strong></span> <span class='ocrx_word' id='word_1_126' title='bbox 2102 1716 2240 1771; x_wconf 86' lang='lat' dir='ltr'><strong>idem</strong></span> 
     </span>
    </p>
   </div>
   <div class='ocr_carea' id='block_1_17' title="bbox 670 1806 2243 1878">
    <p class='ocr_par' dir='ltr' id='par_1_17' title="bbox 670 1806 2243 1878">
     <span class='ocr_line' id='line_1_17' title="bbox 670 1806 2243 1878; baseline -0.003 -15"><span class='ocrx_word' id='word_1_127' title='bbox 670 1811 865 1877; x_wconf 88' lang='lat' dir='ltr'><strong>innuit,</strong></span> <span class='ocrx_word' id='word_1_128' title='bbox 889 1825 1009 1863; x_wconf 90' lang='lat' dir='ltr'><strong>cum</strong></span> <span class='ocrx_word' id='word_1_129' title='bbox 1034 1809 1108 1863; x_wconf 90' lang='lat' dir='ltr'><strong>ait</strong></span> <span class='ocrx_word' id='word_1_130' title='bbox 1137 1826 1151 1863; x_wconf 90' lang='lat'><strong>:</strong></span> <span class='ocrx_word' id='word_1_131' title='bbox 1183 1806 1317 1864; x_wconf 78' lang='lat' dir='ltr'><strong>Ecce</strong></span> <span class='ocrx_word' id='word_1_132' title='bbox 1331 1809 1463 1861; x_wconf 80' lang='lat' dir='ltr'><strong>enim</strong></span> <span class='ocrx_word' id='word_1_133' title='bbox 1484 1808 1579 1862; x_wconf 88' lang='lat' dir='ltr'><strong>hoc</strong></span> <span class='ocrx_word' id='word_1_134' title='bbox 1601 1808 1785 1878; x_wconf 84' lang='lat' dir='ltr'><strong>ipsum,</strong></span> <span class='ocrx_word' id='word_1_135' title='bbox 1808 1809 1942 1878; x_wconf 82' lang='lat' dir='ltr'><strong>quod</strong></span> <span class='ocrx_word' id='word_1_136' title='bbox 1972 1808 2243 1864; x_wconf 83' lang='lat' dir='ltr'><strong>secundum</strong></span> 
     </span>
    </p>
   </div>
   <div class='ocr_carea' id='block_1_18' title="bbox 672 1899 2244 1971">
    <p class='ocr_par' dir='ltr' id='par_1_18' title="bbox 672 1899 2244 1971">
     <span class='ocr_line' id='line_1_18' title="bbox 672 1899 2244 1971; baseline -0.002 -15"><span class='ocrx_word' id='word_1_137' title='bbox 672 1900 838 1956; x_wconf 82' lang='lat' dir='ltr'><strong>Deum</strong></span> <span class='ocrx_word' id='word_1_138' title='bbox 868 1901 1147 1955; x_wconf 69' lang='lat' dir='ltr'><strong>contristati</strong></span> <span class='ocrx_word' id='word_1_139' title='bbox 1186 1901 1323 1965; x_wconf 86' lang='lat' dir='ltr'><strong>estis,</strong></span> <span class='ocrx_word' id='word_1_140' title='bbox 1359 1910 1601 1971; x_wconf 72' lang='lat' dir='ltr'><strong>quantum</strong></span> <span class='ocrx_word' id='word_1_141' title='bbox 1624 1900 1677 1953; x_wconf 90' lang='lat' dir='ltr'><strong>in</strong></span> <span class='ocrx_word' id='word_1_142' title='bbox 1702 1900 1837 1953; x_wconf 73' lang='lat' dir='ltr'><strong>vobis</strong></span> <span class='ocrx_word' id='word_1_143' title='bbox 1857 1899 2244 1953; x_wconf 69' lang='lat' dir='ltr'><strong>sollicitudinem</strong></span> 
     </span>
    </p>
   </div>
   <div class='ocr_carea' id='block_1_19' title="bbox 664 1989 2241 2059">
    <p class='ocr_par' dir='ltr' id='par_1_19' title="bbox 664 1989 2241 2059">
     <span class='ocr_line' id='line_1_19' title="bbox 664 1989 2241 2059; baseline -0.003 -13"><span class='ocrx_word' id='word_1_144' title='bbox 664 1991 873 2059; x_wconf 55' lang='lat' dir='ltr'><strong>eiecit;</strong></span> <span class='ocrx_word' id='word_1_145' title='bbox 901 1992 1003 2045; x_wconf 81' lang='lat' dir='ltr'><strong>iuta</strong></span> <span class='ocrx_word' id='word_1_146' title='bbox 1042 1991 1443 2053; x_wconf 65' lang='lat' dir='ltr'><strong>excusationem,</strong></span> <span class='ocrx_word' id='word_1_147' title='bbox 1471 1990 1573 2042; x_wconf 83' lang='lat' dir='ltr'><strong>into</strong></span> <span class='ocrx_word' id='word_1_148' title='bbox 1598 1989 2013 2057; x_wconf 77' lang='lat' dir='ltr'><strong>indignationem,</strong></span> <span class='ocrx_word' id='word_1_149' title='bbox 2045 1990 2144 2042; x_wconf 86' lang='lat' dir='ltr'><strong>into</strong></span> <span class='ocrx_word' id='word_1_150' title='bbox 2174 1990 2241 2042; x_wconf 87' lang='lat' dir='ltr'><strong>ti-</strong></span> 
     </span>
    </p>
   </div>
   <div class='ocr_carea' id='block_1_20' title="bbox 671 2078 2241 2147">
    <p class='ocr_par' dir='ltr' id='par_1_20' title="bbox 671 2078 2241 2147">
     <span class='ocr_line' id='line_1_20' title="bbox 671 2078 2241 2147; baseline -0.003 -10"><span class='ocrx_word' id='word_1_151' title='bbox 671 2100 878 2144; x_wconf 85' lang='lat' dir='ltr'><strong>morem.</strong></span> <span class='ocrx_word' id='word_1_152' title='bbox 902 2082 1004 2137; x_wconf 82' lang='lat' dir='ltr'><strong>into</strong></span> <span class='ocrx_word' id='word_1_153' title='bbox 1031 2082 1358 2147; x_wconf 82' lang='lat' dir='ltr'><strong>desiderium,</strong></span> <span class='ocrx_word' id='word_1_154' title='bbox 1387 2080 1489 2133; x_wconf 89' lang='lat' dir='ltr'><strong>imo</strong></span> <span class='ocrx_word' id='word_1_155' title='bbox 1515 2078 1888 2134; x_wconf 71' lang='lat' dir='ltr'><strong>mulationem</strong></span> <span class='ocrx_word' id='word_1_156' title='bbox 1910 2120 1927 2146; x_wconf 89' lang='lat'><strong>,</strong></span> <span class='ocrx_word' id='word_1_157' title='bbox 1955 2079 2056 2133; x_wconf 86' lang='lat' dir='ltr'><strong>into</strong></span> <span class='ocrx_word' id='word_1_158' title='bbox 2081 2080 2241 2133; x_wconf 80' lang='lat' dir='ltr'><strong>vindi-</strong></span> 
     </span>
    </p>
   </div>
   <div class='ocr_carea' id='block_1_21' title="bbox 661 2171 2242 2231">
    <p class='ocr_par' dir='ltr' id='par_1_21' title="bbox 661 2171 2242 2231">
     <span class='ocr_line' id='line_1_21' title="bbox 661 2171 2242 2231; baseline -0.005 0"><span class='ocrx_word' id='word_1_159' title='bbox 661 2187 820 2231; x_wconf 81' lang='lat' dir='ltr'><strong>ctam.</strong></span> <span class='ocrx_word' id='word_1_160' title='bbox 851 2174 920 2229; x_wconf 83' lang='lat' dir='ltr'><strong>In</strong></span> <span class='ocrx_word' id='word_1_161' title='bbox 946 2173 1173 2228; x_wconf 82' lang='lat' dir='ltr'><strong>omnibus</strong></span> <span class='ocrx_word' id='word_1_162' title='bbox 1201 2171 1493 2228; x_wconf 71' lang='lat' dir='ltr'><strong>exhibuistis</strong></span> <span class='ocrx_word' id='word_1_163' title='bbox 1522 2186 1606 2225; x_wconf 74' lang='lat' dir='ltr'><strong>vos</strong></span> <span class='ocrx_word' id='word_1_164' title='bbox 1628 2171 2045 2225; x_wconf 79' lang='lat' dir='ltr'><strong>incontaminatos</strong></span> <span class='ocrx_word' id='word_1_165' title='bbox 2064 2187 2170 2225; x_wconf 89' lang='lat' dir='ltr'><strong>esse</strong></span> <span class='ocrx_word' id='word_1_166' title='bbox 2189 2172 2242 2224; x_wconf 90' lang='lat' dir='ltr'><strong>in</strong></span> 
     </span>
    </p>
   </div>
   <div class='ocr_carea' id='block_1_22' title="bbox 667 2262 2240 2338">
    <p class='ocr_par' dir='ltr' id='par_1_22' title="bbox 667 2262 2240 2338">
     <span class='ocr_line' id='line_1_22' title="bbox 667 2262 2240 2338; baseline -0.003 -17"><span class='ocrx_word' id='word_1_167' title='bbox 667 2268 866 2338; x_wconf 84' lang='lat' dir='ltr'><strong>negotio</strong></span> <span class='ocrx_word' id='word_1_168' title='bbox 894 2265 969 2337; x_wconf 85' lang='lat'><strong>(2.</strong></span> <span class='ocrx_word' id='word_1_169' title='bbox 1002 2262 1119 2320; x_wconf 83' lang='lat' dir='ltr'><strong>Cor.</strong></span> <span class='ocrx_word' id='word_1_170' title='bbox 1163 2264 1215 2317; x_wconf 86' lang='lat'><strong>7.</strong></span> <span class='ocrx_word' id='word_1_171' title='bbox 1258 2263 1371 2330; x_wconf 83' lang='grc'>11).</span> <span class='ocrx_word' id='word_1_172' title='bbox 1418 2262 1556 2329; x_wconf 86' lang='lat' dir='ltr'><strong>Quin</strong></span> <span class='ocrx_word' id='word_1_173' title='bbox 1594 2263 1867 2331; x_wconf 81' lang='lat' dir='ltr'><strong>pecuniam</strong></span> <span class='ocrx_word' id='word_1_174' title='bbox 1897 2276 2037 2327; x_wconf 90' lang='lat' dir='ltr'><strong>eam,</strong></span> <span class='ocrx_word' id='word_1_175' title='bbox 2080 2278 2240 2333; x_wconf 85' lang='lat' dir='ltr'><strong>quam</strong></span> 
     </span>
    </p>
   </div>
   <div class='ocr_carea' id='block_1_23' title="bbox 669 2344 2238 2429">
    <p class='ocr_par' dir='ltr' id='par_1_23' title="bbox 669 2344 2238 2429">
     <span class='ocr_line' id='line_1_23' title="bbox 669 2344 2238 2429; baseline -0.004 -16"><span class='ocrx_word' id='word_1_176' title='bbox 669 2361 1055 2429; x_wconf 82' lang='lat' dir='ltr'><strong>imperaverat,</strong></span> <span class='ocrx_word' id='word_1_177' title='bbox 1085 2368 1295 2410; x_wconf 90' lang='lat' dir='ltr'><strong>summo</strong></span> <span class='ocrx_word' id='word_1_178' title='bbox 1322 2344 1499 2408; x_wconf 82' lang='lat' dir='ltr'><strong>studio</strong></span> <span class='ocrx_word' id='word_1_179' title='bbox 1520 2353 1843 2423; x_wconf 75' lang='lat' dir='ltr'><strong>collegerant</strong></span> <span class='ocrx_word' id='word_1_180' title='bbox 1868 2365 1885 2407; x_wconf 88' lang='lat'><strong>:</strong></span> <span class='ocrx_word' id='word_1_181' title='bbox 1914 2352 2055 2408; x_wconf 87' lang='lat' dir='ltr'><strong>unde</strong></span> <span class='ocrx_word' id='word_1_182' title='bbox 2078 2353 2238 2410; x_wconf 70' lang='lat' dir='ltr'><strong>etiam</strong></span> 
     </span>
    </p>
   </div>
   <div class='ocr_carea' id='block_1_24' title="bbox 662 2446 2241 2517">
    <p class='ocr_par' dir='ltr' id='par_1_24' title="bbox 662 2446 2241 2517">
     <span class='ocr_line' id='line_1_24' title="bbox 662 2446 2241 2517; baseline -0.003 -13"><span class='ocrx_word' id='word_1_183' title='bbox 662 2450 899 2514; x_wconf 83' lang='lat' dir='ltr'><strong>dicebat,</strong></span> <span class='ocrx_word' id='word_1_184' title='bbox 928 2447 1051 2504; x_wconf 88' lang='lat' dir='ltr'><strong>Scio</strong></span> <span class='ocrx_word' id='word_1_185' title='bbox 1078 2446 1210 2501; x_wconf 88' lang='lat' dir='ltr'><strong>enim</strong></span> <span class='ocrx_word' id='word_1_186' title='bbox 1234 2446 1547 2501; x_wconf 59' lang='lat' dir='ltr'><strong>alacritatem</strong></span> <span class='ocrx_word' id='word_1_187' title='bbox 1566 2455 1805 2512; x_wconf 73' lang='lat' dir='ltr'><strong>uestram,</strong></span> <span class='ocrx_word' id='word_1_188' title='bbox 1844 2446 1907 2500; x_wconf 85' lang='lat' dir='ltr'><strong>de</strong></span> <span class='ocrx_word' id='word_1_189' title='bbox 1933 2462 2031 2517; x_wconf 85' lang='lat' dir='ltr'><strong>qua</strong></span> <span class='ocrx_word' id='word_1_190' title='bbox 2049 2446 2241 2516; x_wconf 84' lang='lat' dir='ltr'><strong>glorior</strong></span> 
     </span>
    </p>
   </div>
   <div class='ocr_carea' id='block_1_25' title="bbox 656 2536 2240 2613">
    <p class='ocr_par' dir='ltr' id='par_1_25' title="bbox 656 2536 2240 2613">
     <span class='ocr_line' id='line_1_25' title="bbox 656 2536 2240 2613; baseline -0.003 -17"><span class='ocrx_word' id='word_1_191' title='bbox 656 2543 804 2613; x_wconf 79' lang='lat' dir='ltr'><strong>apud</strong></span> <span class='ocrx_word' id='word_1_192' title='bbox 832 2540 1136 2596; x_wconf 71' lang='lat' dir='ltr'><strong>Macedones</strong></span> <span class='ocrx_word' id='word_1_193' title='bbox 1160 2553 1178 2593; x_wconf 91' lang='lat'><strong><em>:</em></strong></span> <span class='ocrx_word' id='word_1_194' title='bbox 1205 2539 1445 2608; x_wconf 83' lang='lat' dir='ltr'><strong>quoniam</strong></span> <span class='ocrx_word' id='word_1_195' title='bbox 1468 2537 1665 2591; x_wconf 77' lang='lat' dir='ltr'><strong>Achaia</strong></span> <span class='ocrx_word' id='word_1_196' title='bbox 1694 2547 1873 2604; x_wconf 88' lang='lat' dir='ltr'><strong>parata</strong></span> <span class='ocrx_word' id='word_1_197' title='bbox 1899 2546 1972 2590; x_wconf 89' lang='lat' dir='ltr'><strong>est</strong></span> <span class='ocrx_word' id='word_1_198' title='bbox 2007 2536 2069 2589; x_wconf 89' lang='lat' dir='ltr'><strong>ab</strong></span> <span class='ocrx_word' id='word_1_199' title='bbox 2104 2552 2240 2591; x_wconf 87' lang='lat' dir='ltr'><strong>anno</strong></span> 
     </span>
    </p>
   </div>
   <div class='ocr_carea' id='block_1_26' title="bbox 658 2626 2235 2703">
    <p class='ocr_par' dir='ltr' id='par_1_26' title="bbox 658 2626 2235 2703">
     <span class='ocr_line' id='line_1_26' title="bbox 658 2626 2235 2703; baseline -0.004 -14"><span class='ocrx_word' id='word_1_200' title='bbox 658 2633 913 2703; x_wconf 75' lang='lat' dir='ltr'><strong>superiori</strong></span> <span class='ocrx_word' id='word_1_201' title='bbox 960 2630 1052 2701; x_wconf 66' lang='grc' dir='ltr'><strong>(Ξ.</strong></span> <span class='ocrx_word' id='word_1_202' title='bbox 1084 2630 1204 2686; x_wconf 83' lang='lat' dir='ltr'><strong>Cor.</strong></span> <span class='ocrx_word' id='word_1_203' title='bbox 1236 2628 1290 2684; x_wconf 91' lang='lat'><strong>9.</strong></span> <span class='ocrx_word' id='word_1_204' title='bbox 1332 2627 1427 2692; x_wconf 77' lang='lat'><strong>2).</strong></span> <span class='ocrx_word' id='word_1_205' title='bbox 1474 2627 1588 2683; x_wconf 78' lang='lat' dir='ltr'><strong>Huc</strong></span> <span class='ocrx_word' id='word_1_206' title='bbox 1612 2627 1819 2682; x_wconf 83' lang='lat' dir='ltr'><strong>accedit</strong></span> <span class='ocrx_word' id='word_1_207' title='bbox 1854 2627 1995 2696; x_wconf 90' lang='lat' dir='ltr'><strong>quod</strong></span> <span class='ocrx_word' id='word_1_208' title='bbox 2035 2626 2235 2695; x_wconf 81' lang='lat' dir='ltr'><strong>Titum,</strong></span> 
     </span>
    </p>
   </div>
   <div class='ocr_carea' id='block_1_27' title="bbox 665 2716 2239 2790">
    <p class='ocr_par' dir='ltr' id='par_1_27' title="bbox 665 2716 2239 2790">
     <span class='ocr_line' id='line_1_27' title="bbox 665 2716 2239 2790; baseline -0.003 -12"><span class='ocrx_word' id='word_1_209' title='bbox 665 2740 826 2789; x_wconf 75' lang='lat' dir='ltr'><strong>quem</strong></span> <span class='ocrx_word' id='word_1_210' title='bbox 849 2723 962 2790; x_wconf 78' lang='lat' dir='ltr'><strong>ipse</strong></span> <span class='ocrx_word' id='word_1_211' title='bbox 988 2720 1229 2785; x_wconf 81' lang='lat' dir='ltr'><strong>miserat,</strong></span> <span class='ocrx_word' id='word_1_212' title='bbox 1257 2718 1487 2773; x_wconf 81' lang='lat' dir='ltr'><strong>maxima</strong></span> <span class='ocrx_word' id='word_1_213' title='bbox 1509 2733 1628 2771; x_wconf 87' lang='lat' dir='ltr'><strong>cum</strong></span> <span class='ocrx_word' id='word_1_214' title='bbox 1659 2716 2023 2772; x_wconf 82' lang='lat' dir='ltr'><strong>benevolentia</strong></span> <span class='ocrx_word' id='word_1_215' title='bbox 2052 2732 2239 2773; x_wconf 86' lang='lat' dir='ltr'><strong>susce-</strong></span> 
     </span>
    </p>
   </div>
   <div class='ocr_carea' id='block_1_28' title="bbox 668 2808 2237 2881">
    <p class='ocr_par' dir='ltr' id='par_1_28' title="bbox 668 2808 2237 2881">
     <span class='ocr_line' id='line_1_28' title="bbox 668 2808 2237 2881; baseline 0.003 -20"><span class='ocrx_word' id='word_1_216' title='bbox 668 2831 715 2881; x_wconf 75' lang='grc' dir='ltr'><strong>ιιι</strong></span> <span class='ocrx_word' id='word_1_217' title='bbox 734 2822 873 2867; x_wconf 92' lang='lat' dir='ltr'><strong>rant.</strong></span> <span class='ocrx_word' id='word_1_218' title='bbox 904 2810 960 2866; x_wconf 87' lang='lat' dir='ltr'><strong>Id</strong></span> <span class='ocrx_word' id='word_1_219' title='bbox 987 2810 1129 2881; x_wconf 92' lang='lat' dir='ltr'><strong>quod</strong></span> <span class='ocrx_word' id='word_1_220' title='bbox 1158 2809 1319 2866; x_wconf 86' lang='lat' dir='ltr'><strong>etiam</strong></span> <span class='ocrx_word' id='word_1_221' title='bbox 1348 2808 1699 2875; x_wconf 83' lang='lat' dir='ltr'><strong>ostendebat,</strong></span> <span class='ocrx_word' id='word_1_222' title='bbox 1737 2824 1856 2863; x_wconf 90' lang='lat' dir='ltr'><strong>cum</strong></span> <span class='ocrx_word' id='word_1_223' title='bbox 1885 2824 2070 2864; x_wconf 83' lang='lat' dir='ltr'><strong>rursus</strong></span> <span class='ocrx_word' id='word_1_224' title='bbox 2095 2809 2237 2865; x_wconf 83' lang='lat' dir='ltr'><strong>dice-</strong></span> 
     </span>
    </p>
   </div>
   <div class='ocr_carea' id='block_1_29' title="bbox 654 2900 2234 2972">
    <p class='ocr_par' dir='ltr' id='par_1_29' title="bbox 654 2900 2234 2972">
     <span class='ocr_line' id='line_1_29' title="bbox 654 2900 2234 2972; baseline -0.001 -16"><span class='ocrx_word' id='word_1_225' title='bbox 654 2911 785 2957; x_wconf 76' lang='lat' dir='ltr'><strong>ret:</strong></span> <span class='ocrx_word' id='word_1_226' title='bbox 829 2900 1034 2957; x_wconf 77' lang='lat' dir='ltr'><strong>Viscera</strong></span> <span class='ocrx_word' id='word_1_227' title='bbox 1066 2903 1175 2972; x_wconf 83' lang='lat' dir='ltr'><strong>ejus</strong></span> <span class='ocrx_word' id='word_1_228' title='bbox 1217 2900 1560 2956; x_wconf 69' lang='lat' dir='ltr'><strong>abundantius</strong></span> <span class='ocrx_word' id='word_1_229' title='bbox 1596 2911 1711 2954; x_wconf 85' lang='lat' dir='ltr'><strong>sunt</strong></span> <span class='ocrx_word' id='word_1_230' title='bbox 1750 2901 1803 2954; x_wconf 81' lang='lat' dir='ltr'><strong>in</strong></span> <span class='ocrx_word' id='word_1_231' title='bbox 1842 2901 1998 2966; x_wconf 74' lang='lat' dir='ltr'><strong>vobis,</strong></span> <span class='ocrx_word' id='word_1_232' title='bbox 2029 2900 2234 2955; x_wconf 70' lang='lat' dir='ltr'><strong>remini-</strong></span> 
     </span>
    </p>
   </div>
   <div class='ocr_carea' id='block_1_30' title="bbox 660 2990 2237 3059">
    <p class='ocr_par' dir='ltr' id='par_1_30' title="bbox 660 2990 2237 3059">
     <span class='ocr_line' id='line_1_30' title="bbox 660 2990 2237 3059; baseline -0.001 -11"><span class='ocrx_word' id='word_1_233' title='bbox 660 2993 847 3049; x_wconf 81' lang='lat' dir='ltr'><strong>accntis</strong></span> <span class='ocrx_word' id='word_1_234' title='bbox 868 2993 1097 3047; x_wconf 85' lang='lat' dir='ltr'><strong>omnium</strong></span> <span class='ocrx_word' id='word_1_235' title='bbox 1124 3001 1339 3048; x_wconf 73' lang='lat' dir='ltr'><strong>uestrum</strong></span> <span class='ocrx_word' id='word_1_236' title='bbox 1369 2990 1699 3043; x_wconf 85' lang='lat' dir='ltr'><strong>obedientiam</strong></span> <span class='ocrx_word' id='word_1_237' title='bbox 1724 3030 1739 3055; x_wconf 92' lang='lat'><strong>,</strong></span> <span class='ocrx_word' id='word_1_238' title='bbox 1760 2996 2009 3059; x_wconf 78' lang='lat' dir='ltr'><strong>quomodo</strong></span> <span class='ocrx_word' id='word_1_239' title='bbox 2035 3008 2147 3045; x_wconf 84' lang='lat' dir='ltr'><strong>cum</strong></span> <span class='ocrx_word' id='word_1_240' title='bbox 2173 2995 2237 3047; x_wconf 87' lang='lat' dir='ltr'><strong>ti-</strong></span> 
     </span>
    </p>
   </div>
   <div class='ocr_carea' id='block_1_31' title="bbox 664 3080 2236 3152">
    <p class='ocr_par' dir='ltr' id='par_1_31' title="bbox 664 3080 2236 3152">
     <span class='ocr_line' id='line_1_31' title="bbox 664 3080 2236 3152; baseline -0.001 -12"><span class='ocrx_word' id='word_1_241' title='bbox 664 3102 803 3140; x_wconf 83' lang='lat' dir='ltr'><strong>tnore</strong></span> <span class='ocrx_word' id='word_1_242' title='bbox 825 3094 872 3139; x_wconf 85' lang='lat' dir='ltr'><strong>et</strong></span> <span class='ocrx_word' id='word_1_243' title='bbox 896 3095 1109 3138; x_wconf 84' lang='lat' dir='ltr'><strong>tremore</strong></span> <span class='ocrx_word' id='word_1_244' title='bbox 1133 3099 1245 3138; x_wconf 84' lang='lat' dir='ltr'><strong>eum</strong></span> <span class='ocrx_word' id='word_1_245' title='bbox 1273 3082 1561 3152; x_wconf 81' lang='lat' dir='ltr'><strong>suscepistis</strong></span> <span class='ocrx_word' id='word_1_246' title='bbox 1590 3081 1688 3151; x_wconf 82' lang='lat'><strong>(2.</strong></span> <span class='ocrx_word' id='word_1_247' title='bbox 1719 3080 1838 3136; x_wconf 85' lang='lat' dir='ltr'><strong>Cor.</strong></span> <span class='ocrx_word' id='word_1_248' title='bbox 1880 3082 1935 3137; x_wconf 83' lang='lat'><strong>7.</strong></span> <span class='ocrx_word' id='word_1_249' title='bbox 1962 3082 2026 3138; x_wconf 84' lang='grc'>15</span> <span class='ocrx_word' id='word_1_250' title='bbox 2055 3084 2094 3144; x_wconf 83' lang='grc'><strong>).</strong></span> <span class='ocrx_word' id='word_1_251' title='bbox 2142 3082 2236 3138; x_wconf 75' lang='lat' dir='ltr'><strong>[Iis</strong></span> 
     </span>
    </p>
   </div>
   <div class='ocr_carea' id='block_1_32' title="bbox 663 3171 2231 3241">
    <p class='ocr_par' dir='ltr' id='par_1_32' title="bbox 663 3171 2231 3241">
     <span class='ocr_line' id='line_1_32' title="bbox 663 3171 2231 3241; baseline -0.003 -8"><span class='ocrx_word' id='word_1_252' title='bbox 663 3176 911 3233; x_wconf 81' lang='lat' dir='ltr'><strong>munibus</strong></span> <span class='ocrx_word' id='word_1_253' title='bbox 929 3175 1105 3230; x_wconf 88' lang='lat' dir='ltr'><strong>causis</strong></span> <span class='ocrx_word' id='word_1_254' title='bbox 1125 3174 1403 3240; x_wconf 86' lang='lat' dir='ltr'><strong>adductus,</strong></span> <span class='ocrx_word' id='word_1_255' title='bbox 1425 3173 1712 3228; x_wconf 87' lang='lat' dir='ltr'><strong>secundam</strong></span> <span class='ocrx_word' id='word_1_256' title='bbox 1733 3171 2012 3241; x_wconf 82' lang='lat' dir='ltr'><strong>epistolam</strong></span> <span class='ocrx_word' id='word_1_257' title='bbox 2030 3173 2231 3229; x_wconf 80' lang='lat' dir='ltr'><strong>scribit.</strong></span> 
     </span>
    </p>
   </div>
   <div class='ocr_carea' id='block_1_33' title="bbox 664 3263 2238 3337">
    <p class='ocr_par' dir='ltr' id='par_1_33' title="bbox 664 3263 2238 3337">
     <span class='ocr_line' id='line_1_33' title="bbox 664 3263 2238 3337; baseline -0.003 -14"><span class='ocrx_word' id='word_1_258' title='bbox 664 3268 877 3324; x_wconf 79' lang='lat' dir='ltr'><strong>Etenim</strong></span> <span class='ocrx_word' id='word_1_259' title='bbox 896 3282 992 3337; x_wconf 90' lang='lat' dir='ltr'><strong>par</strong></span> <span class='ocrx_word' id='word_1_260' title='bbox 1012 3275 1148 3331; x_wconf 87' lang='lat' dir='ltr'><strong>erat,</strong></span> <span class='ocrx_word' id='word_1_261' title='bbox 1182 3273 1239 3319; x_wconf 94' lang='lat' dir='ltr'><strong>ut</strong></span> <span class='ocrx_word' id='word_1_262' title='bbox 1264 3263 1713 3333; x_wconf 84' lang='lat' dir='ltr'><strong>quemadmodum</strong></span> <span class='ocrx_word' id='word_1_263' title='bbox 1746 3263 1889 3330; x_wconf 87' lang='lat' dir='ltr'><strong>illos,</strong></span> <span class='ocrx_word' id='word_1_264' title='bbox 1908 3277 2030 3317; x_wconf 90' lang='lat' dir='ltr'><strong>cum</strong></span> <span class='ocrx_word' id='word_1_265' title='bbox 2051 3280 2238 3334; x_wconf 84' lang='lat' dir='ltr'><strong>pecca-</strong></span> 
     </span>
    </p>
   </div>
   <div class='ocr_carea' id='block_1_34' title="bbox 662 3354 2238 3428">
    <p class='ocr_par' dir='ltr' id='par_1_34' title="bbox 662 3354 2238 3428">
     <span class='ocr_line' id='line_1_34' title="bbox 662 3354 2238 3428; baseline -0.002 -13"><span class='ocrx_word' id='word_1_266' title='bbox 662 3355 805 3424; x_wconf 70' lang='lat' dir='ltr'><strong>rentl,</strong></span> <span class='ocrx_word' id='word_1_267' title='bbox 851 3356 1204 3428; x_wconf 72' lang='lat' dir='ltr'><strong>objurgabat;</strong></span> <span class='ocrx_word' id='word_1_268' title='bbox 1256 3357 1335 3411; x_wconf 89' lang='lat' dir='ltr'><strong>sic</strong></span> <span class='ocrx_word' id='word_1_269' title='bbox 1383 3357 1542 3410; x_wconf 85' lang='lat' dir='ltr'><strong>etiam</strong></span> <span class='ocrx_word' id='word_1_270' title='bbox 1587 3355 1805 3411; x_wconf 87' lang='lat' dir='ltr'><strong>eosdem</strong></span> <span class='ocrx_word' id='word_1_271' title='bbox 1848 3354 1914 3409; x_wconf 92' lang='lat' dir='ltr'><strong>ad</strong></span> <span class='ocrx_word' id='word_1_272' title='bbox 1963 3356 2238 3412; x_wconf 88' lang='lat' dir='ltr'><strong>meliorem</strong></span> 
     </span>
    </p>
   </div>
   <div class='ocr_carea' id='block_1_35' title="bbox 666 3448 2232 3519">
    <p class='ocr_par' dir='ltr' id='par_1_35' title="bbox 666 3448 2232 3519">
     <span class='ocr_line' id='line_1_35' title="bbox 666 3448 2232 3519; baseline -0.001 -12"><span class='ocrx_word' id='word_1_273' title='bbox 666 3462 896 3509; x_wconf 85' lang='lat' dir='ltr'><strong>mentem</strong></span> <span class='ocrx_word' id='word_1_274' title='bbox 929 3464 1176 3506; x_wconf 84' lang='lat' dir='ltr'><strong>reversos</strong></span> <span class='ocrx_word' id='word_1_275' title='bbox 1200 3448 1574 3519; x_wconf 87' lang='lat' dir='ltr'><strong>comprobaret</strong></span> <span class='ocrx_word' id='word_1_276' title='bbox 1606 3464 1670 3503; x_wconf 92' lang='lat' dir='ltr'><strong>ac</strong></span> <span class='ocrx_word' id='word_1_277' title='bbox 1704 3449 1948 3503; x_wconf 86' lang='lat' dir='ltr'><strong>laudibus</strong></span> <span class='ocrx_word' id='word_1_278' title='bbox 1976 3451 2232 3508; x_wconf 89' lang='lat' dir='ltr'><strong>afﬁceret.</strong></span> 
     </span>
    </p>
   </div>
   <div class='ocr_carea' id='block_1_36' title="bbox 662 3538 2234 3612">
    <p class='ocr_par' dir='ltr' id='par_1_36' title="bbox 662 3538 2234 3612">
     <span class='ocr_line' id='line_1_36' title="bbox 662 3538 2234 3612; baseline -0.003 -13"><span class='ocrx_word' id='word_1_279' title='bbox 662 3547 742 3599; x_wconf 77' lang='lat' dir='ltr'><strong>Ac</strong></span> <span class='ocrx_word' id='word_1_280' title='bbox 766 3541 988 3612; x_wconf 87' lang='lat' dir='ltr'><strong>proinde</strong></span> <span class='ocrx_word' id='word_1_281' title='bbox 1026 3555 1127 3596; x_wconf 89' lang='lat' dir='ltr'><strong>nec</strong></span> <span class='ocrx_word' id='word_1_282' title='bbox 1163 3554 1341 3595; x_wconf 85' lang='lat' dir='ltr'><strong>acrem</strong></span> <span class='ocrx_word' id='word_1_283' title='bbox 1369 3554 1429 3594; x_wconf 88' lang='lat' dir='ltr'><strong>se</strong></span> <span class='ocrx_word' id='word_1_284' title='bbox 1458 3554 1520 3594; x_wconf 91' lang='lat' dir='ltr'><strong>ac</strong></span> <span class='ocrx_word' id='word_1_285' title='bbox 1548 3538 1917 3594; x_wconf 88' lang='lat' dir='ltr'><strong>vehementem</strong></span> <span class='ocrx_word' id='word_1_286' title='bbox 1945 3555 2039 3609; x_wconf 88' lang='lat' dir='ltr'><strong>per</strong></span> <span class='ocrx_word' id='word_1_287' title='bbox 2072 3550 2234 3595; x_wconf 89' lang='lat' dir='ltr'><strong>totam</strong></span> 
     </span>
    </p>
   </div>
   <div class='ocr_carea' id='block_1_37' title="bbox 664 3634 2237 3708">
    <p class='ocr_par' dir='ltr' id='par_1_37' title="bbox 664 3634 2237 3708">
     <span class='ocr_line' id='line_1_37' title="bbox 664 3634 2237 3708; baseline 0 -16"><span class='ocrx_word' id='word_1_288' title='bbox 664 3636 945 3706; x_wconf 84' lang='lat' dir='ltr'><strong>epistulam</strong></span> <span class='ocrx_word' id='word_1_289' title='bbox 975 3634 1196 3703; x_wconf 66' lang='lat' dir='ltr'><strong>praebet,</strong></span> <span class='ocrx_word' id='word_1_290' title='bbox 1230 3634 1324 3688; x_wconf 89' lang='lat' dir='ltr'><strong>sed</strong></span> <span class='ocrx_word' id='word_1_291' title='bbox 1354 3635 1406 3688; x_wconf 93' lang='lat' dir='ltr'><strong>in</strong></span> <span class='ocrx_word' id='word_1_292' title='bbox 1440 3635 1621 3703; x_wconf 82' lang='lat' dir='ltr'><strong>paucis</strong></span> <span class='ocrx_word' id='word_1_293' title='bbox 1648 3635 1923 3690; x_wconf 75' lang='lat' dir='ltr'><strong>dumtaxat</strong></span> <span class='ocrx_word' id='word_1_294' title='bbox 1946 3636 2046 3691; x_wconf 88' lang='lat' dir='ltr'><strong>sub</strong></span> <span class='ocrx_word' id='word_1_295' title='bbox 2074 3637 2237 3708; x_wconf 85' lang='lat' dir='ltr'><strong>ipsius</strong></span> 
     </span>
    </p>
   </div>
   <div class='ocr_carea' id='block_1_38' title="bbox 665 3723 2234 3797">
    <p class='ocr_par' dir='ltr' id='par_1_38' title="bbox 665 3723 2234 3797">
     <span class='ocr_line' id='line_1_38' title="bbox 665 3723 2234 3797; baseline 0.001 -17"><span class='ocrx_word' id='word_1_296' title='bbox 665 3729 823 3780; x_wconf 86' lang='lat' dir='ltr'><strong>ﬁnem</strong></span> <span class='ocrx_word' id='word_1_297' title='bbox 848 3726 1102 3795; x_wconf 87' lang='lat' dir='ltr'><strong>partibus.</strong></span> <span class='ocrx_word' id='word_1_298' title='bbox 1131 3724 1261 3779; x_wconf 87' lang='lat' dir='ltr'><strong>Nam</strong></span> <span class='ocrx_word' id='word_1_299' title='bbox 1286 3734 1342 3779; x_wconf 89' lang='lat' dir='ltr'><strong>et</strong></span> <span class='ocrx_word' id='word_1_300' title='bbox 1361 3725 1499 3794; x_wconf 84' lang='lat' dir='ltr'><strong>apud</strong></span> <span class='ocrx_word' id='word_1_301' title='bbox 1525 3740 1617 3780; x_wconf 92' lang='lat' dir='ltr'><strong>eos</strong></span> <span class='ocrx_word' id='word_1_302' title='bbox 1638 3723 1804 3781; x_wconf 70' lang='lat' dir='ltr'><strong>Judaei</strong></span> <span class='ocrx_word' id='word_1_303' title='bbox 1831 3727 2043 3797; x_wconf 89' lang='lat' dir='ltr'><strong>quidam</strong></span> <span class='ocrx_word' id='word_1_304' title='bbox 2066 3737 2234 3793; x_wconf 88' lang='lat' dir='ltr'><strong>erant,</strong></span> 
     </span>
    </p>
   </div>
   <div class='ocr_carea' id='block_1_39' title="bbox 665 3818 2240 3891">
    <p class='ocr_par' dir='ltr' id='par_1_39' title="bbox 665 3818 2240 3891">
     <span class='ocr_line' id='line_1_39' title="bbox 665 3818 2240 3891; baseline 0 -16"><span class='ocrx_word' id='word_1_305' title='bbox 665 3822 755 3891; x_wconf 83' lang='lat' dir='ltr'><strong>qui</strong></span> <span class='ocrx_word' id='word_1_306' title='bbox 783 3819 1061 3889; x_wconf 77' lang='lat' dir='ltr'><strong>magniﬁce</strong></span> <span class='ocrx_word' id='word_1_307' title='bbox 1086 3819 1155 3874; x_wconf 91' lang='lat' dir='ltr'><strong>de</strong></span> <span class='ocrx_word' id='word_1_308' title='bbox 1175 3834 1235 3873; x_wconf 88' lang='lat' dir='ltr'><strong>se</strong></span> <span class='ocrx_word' id='word_1_309' title='bbox 1262 3820 1542 3883; x_wconf 80' lang='lat' dir='ltr'><strong>sentirent,</strong></span> <span class='ocrx_word' id='word_1_310' title='bbox 1571 3834 1635 3873; x_wconf 91' lang='lat' dir='ltr'><strong>ac</strong></span> <span class='ocrx_word' id='word_1_311' title='bbox 1662 3818 1884 3873; x_wconf 87' lang='lat' dir='ltr'><strong>Paulum</strong></span> <span class='ocrx_word' id='word_1_312' title='bbox 1914 3829 1971 3874; x_wconf 92' lang='lat' dir='ltr'><strong>ut</strong></span> <span class='ocrx_word' id='word_1_313' title='bbox 1995 3834 2240 3890; x_wconf 81' lang='lat' dir='ltr'><strong>arrogan-</strong></span> 
     </span>
    </p>
   </div>
   <div class='ocr_carea' id='block_1_40' title="bbox 663 3908 2241 3980">
    <p class='ocr_par' dir='ltr' id='par_1_40' title="bbox 663 3908 2241 3980">
     <span class='ocr_line' id='line_1_40' title="bbox 663 3908 2241 3980; baseline 0.001 -16"><span class='ocrx_word' id='word_1_314' title='bbox 663 3921 773 3965; x_wconf 87' lang='lat' dir='ltr'><strong>tem</strong></span> <span class='ocrx_word' id='word_1_315' title='bbox 802 3911 1100 3980; x_wconf 88' lang='lat' dir='ltr'><strong>uulliusque</strong></span> <span class='ocrx_word' id='word_1_316' title='bbox 1131 3909 1283 3978; x_wconf 90' lang='lat' dir='ltr'><strong>pretii</strong></span> <span class='ocrx_word' id='word_1_317' title='bbox 1311 3908 1581 3963; x_wconf 86' lang='lat' dir='ltr'><strong>hominem</strong></span> <span class='ocrx_word' id='word_1_318' title='bbox 1611 3910 2021 3965; x_wconf 87' lang='lat' dir='ltr'><strong>criminarentur</strong></span> <span class='ocrx_word' id='word_1_319' title='bbox 2052 3926 2066 3965; x_wconf 90' lang='lat'><strong>:</strong></span> <span class='ocrx_word' id='word_1_320' title='bbox 2102 3910 2241 3965; x_wconf 89' lang='lat' dir='ltr'><strong>ideo-</strong></span> 
     </span>
    </p>
   </div>
   <div class='ocr_carea' id='block_1_41' title="bbox 666 3999 2239 4072">
    <p class='ocr_par' dir='ltr' id='par_1_41' title="bbox 666 3999 2239 4072">
     <span class='ocr_line' id='line_1_41' title="bbox 666 3999 2239 4072; baseline 0 -17"><span class='ocrx_word' id='word_1_321' title='bbox 666 4018 771 4072; x_wconf 91' lang='lat' dir='ltr'><strong>que</strong></span> <span class='ocrx_word' id='word_1_322' title='bbox 787 4002 1055 4066; x_wconf 86' lang='lat' dir='ltr'><strong>dicebant,</strong></span> <span class='ocrx_word' id='word_1_323' title='bbox 1082 3999 1325 4069; x_wconf 77' lang='lat' dir='ltr'><strong>Epistolte</strong></span> <span class='ocrx_word' id='word_1_324' title='bbox 1342 4000 1549 4071; x_wconf 77' lang='lat' dir='ltr'><strong>quidem</strong></span> <span class='ocrx_word' id='word_1_325' title='bbox 1568 4015 1763 4071; x_wconf 73' lang='lat' dir='ltr'><strong>graues,</strong></span> <span class='ocrx_word' id='word_1_326' title='bbox 1787 4002 2051 4071; x_wconf 70' lang='lat' dir='ltr'><strong>prasentia</strong></span> <span class='ocrx_word' id='word_1_327' title='bbox 2070 4011 2239 4055; x_wconf 81' lang='lat' dir='ltr'><strong>autem</strong></span> 
     </span>
    </p>
   </div>
   <div class='ocr_carea' id='block_1_42' title="bbox 666 4093 2237 4166">
    <p class='ocr_par' dir='ltr' id='par_1_42' title="bbox 666 4093 2237 4166">
     <span class='ocr_line' id='line_1_42' title="bbox 666 4093 2237 4166; baseline 0.001 -18"><span class='ocrx_word' id='word_1_328' title='bbox 666 4110 892 4166; x_wconf 77' lang='lat' dir='ltr'><strong>corporis</strong></span> <span class='ocrx_word' id='word_1_329' title='bbox 911 4094 1134 4163; x_wconf 73' lang='lat' dir='ltr'><strong>inﬁrma,</strong></span> <span class='ocrx_word' id='word_1_330' title='bbox 1154 4101 1201 4146; x_wconf 85' lang='lat' dir='ltr'><strong>et</strong></span> <span class='ocrx_word' id='word_1_331' title='bbox 1224 4109 1386 4147; x_wconf 85' lang='lat' dir='ltr'><strong>sermo</strong></span> <span class='ocrx_word' id='word_1_332' title='bbox 1408 4093 1789 4163; x_wconf 82' lang='lat' dir='ltr'><strong>contemptibilis</strong></span> <span class='ocrx_word' id='word_1_333' title='bbox 1810 4094 1883 4163; x_wconf 91' lang='lat'><strong>(2.</strong></span> <span class='ocrx_word' id='word_1_334' title='bbox 1905 4094 2113 4149; x_wconf 70' lang='lat' dir='ltr'><strong>CorJO.</strong></span> <span class='ocrx_word' id='word_1_335' title='bbox 2127 4093 2237 4165; x_wconf 84' lang='lat' dir='ltr'><strong>l0).</strong></span> 
     </span>
    </p>
   </div>
   <div class='ocr_carea' id='block_1_43' title="bbox 668 4182 2242 4254">
    <p class='ocr_par' dir='ltr' id='par_1_43' title="bbox 668 4182 2242 4254">
     <span class='ocr_line' id='line_1_43' title="bbox 668 4182 2242 4254; baseline 0.002 -15"><span class='ocrx_word' id='word_1_336' title='bbox 668 4188 905 4254; x_wconf 85' lang='lat' dir='ltr'><strong>Quorum</strong></span> <span class='ocrx_word' id='word_1_337' title='bbox 944 4182 1228 4239; x_wconf 83' lang='lat' dir='ltr'><strong>verborum</strong></span> <span class='ocrx_word' id='word_1_338' title='bbox 1269 4184 1384 4239; x_wconf 71' lang='lat' dir='ltr'><strong>hanc</strong></span> <span class='ocrx_word' id='word_1_339' title='bbox 1423 4192 1542 4241; x_wconf 82' lang='lat' dir='ltr'><strong>erat</strong></span> <span class='ocrx_word' id='word_1_340' title='bbox 1581 4186 1841 4240; x_wconf 82' lang='lat' dir='ltr'><strong>sententia</strong></span> <span class='ocrx_word' id='word_1_341' title='bbox 1873 4201 1888 4241; x_wconf 91' lang='lat'>:</span> <span class='ocrx_word' id='word_1_342' title='bbox 1915 4184 2045 4241; x_wconf 91' lang='lat' dir='ltr'><strong>Cum</strong></span> <span class='ocrx_word' id='word_1_343' title='bbox 2088 4186 2242 4242; x_wconf 83' lang='lat' dir='ltr'><strong>adest</strong></span> 
     </span>
    </p>
   </div>
   <div class='ocr_carea' id='block_1_44' title="bbox 669 4271 2240 4345">
    <p class='ocr_par' dir='ltr' id='par_1_44' title="bbox 669 4271 2240 4345">
     <span class='ocr_line' id='line_1_44' title="bbox 669 4271 2240 4345; baseline 0.004 -16"><span class='ocrx_word' id='word_1_344' title='bbox 669 4279 781 4343; x_wconf 91' lang='lat' dir='ltr'><strong>ille,</strong></span> <span class='ocrx_word' id='word_1_345' title='bbox 813 4274 1010 4331; x_wconf 80' lang='lat' dir='ltr'><strong>uuilius</strong></span> <span class='ocrx_word' id='word_1_346' title='bbox 1044 4271 1199 4345; x_wconf 75' lang='lat' dir='ltr'><strong>pretii</strong></span> <span class='ocrx_word' id='word_1_347' title='bbox 1224 4290 1343 4331; x_wconf 85' lang='lat' dir='ltr'><strong>esse</strong></span> <span class='ocrx_word' id='word_1_348' title='bbox 1365 4275 1607 4343; x_wconf 89' lang='lat' dir='ltr'><strong>videtur;</strong></span> <span class='ocrx_word' id='word_1_349' title='bbox 1638 4276 1740 4332; x_wconf 90' lang='lat' dir='ltr'><strong>hoc</strong></span> <span class='ocrx_word' id='word_1_350' title='bbox 1766 4278 1908 4333; x_wconf 89' lang='lat' dir='ltr'><strong>enim</strong></span> <span class='ocrx_word' id='word_1_351' title='bbox 1936 4280 1986 4333; x_wconf 91' lang='lat' dir='ltr'><strong>iu</strong></span> <span class='ocrx_word' id='word_1_352' title='bbox 2020 4280 2101 4335; x_wconf 90' lang='lat' dir='ltr'><strong>his</strong></span> <span class='ocrx_word' id='word_1_353' title='bbox 2122 4297 2240 4337; x_wconf 84' lang='lat' dir='ltr'><strong>ver-</strong></span> 
     </span>
    </p>
   </div>
   <div class='ocr_carea' id='block_1_45' title="bbox 666 4366 2237 4439">
    <p class='ocr_par' dir='ltr' id='par_1_45' title="bbox 666 4366 2237 4439">
     <span class='ocr_line' id='line_1_45' title="bbox 666 4366 2237 4439; baseline 0.002 -16"><span class='ocrx_word' id='word_1_354' title='bbox 666 4370 753 4423; x_wconf 87' lang='lat' dir='ltr'><strong>bis</strong></span> <span class='ocrx_word' id='word_1_355' title='bbox 780 4368 1126 4439; x_wconf 80' lang='lat' dir='ltr'><strong>signiﬁcatur,</strong></span> <span class='ocrx_word' id='word_1_356' title='bbox 1157 4366 1435 4421; x_wconf 74' lang='lat' dir='ltr'><strong>Prmentia</strong></span> <span class='ocrx_word' id='word_1_357' title='bbox 1469 4367 1695 4437; x_wconf 89' lang='lat' dir='ltr'><strong>corporis</strong></span> <span class='ocrx_word' id='word_1_358' title='bbox 1720 4369 1921 4436; x_wconf 76' lang='lat' dir='ltr'><strong>inﬁrma</strong></span> <span class='ocrx_word' id='word_1_359' title='bbox 1945 4384 1965 4425; x_wconf 87' lang='lat'><strong><em>:</em></strong></span> <span class='ocrx_word' id='word_1_360' title='bbox 1992 4386 2111 4425; x_wconf 91' lang='lat' dir='ltr'><strong>cum</strong></span> <span class='ocrx_word' id='word_1_361' title='bbox 2139 4387 2237 4427; x_wconf 82' lang='lat' dir='ltr'><strong>au-</strong></span> 
     </span>
    </p>
   </div>
   <div class='ocr_carea' id='block_1_46' title="bbox 664 4458 2241 4531">
    <p class='ocr_par' dir='ltr' id='par_1_46' title="bbox 664 4458 2241 4531">
     <span class='ocr_line' id='line_1_46' title="bbox 664 4458 2241 4531; baseline 0.002 -17"><span class='ocrx_word' id='word_1_362' title='bbox 664 4470 776 4515; x_wconf 86' lang='lat' dir='ltr'><strong>tem</strong></span> <span class='ocrx_word' id='word_1_363' title='bbox 806 4459 1067 4518; x_wconf 87' lang='lat' dir='ltr'><strong>abscessit</strong></span> <span class='ocrx_word' id='word_1_364' title='bbox 1091 4499 1107 4524; x_wconf 92' lang='lat'><strong>,</strong></span> <span class='ocrx_word' id='word_1_365' title='bbox 1135 4474 1229 4528; x_wconf 91' lang='lat' dir='ltr'><strong>per</strong></span> <span class='ocrx_word' id='word_1_366' title='bbox 1256 4458 1439 4513; x_wconf 88' lang='lat' dir='ltr'><strong>literas</strong></span> <span class='ocrx_word' id='word_1_367' title='bbox 1464 4474 1787 4529; x_wconf 77' lang='lat' dir='ltr'><strong>magnopere</strong></span> <span class='ocrx_word' id='word_1_368' title='bbox 1813 4476 1871 4515; x_wconf 88' lang='lat' dir='ltr'><strong>se</strong></span> <span class='ocrx_word' id='word_1_369' title='bbox 1895 4461 2097 4531; x_wconf 83' lang='lat' dir='ltr'><strong>jactat;</strong></span> <span class='ocrx_word' id='word_1_370' title='bbox 2127 4464 2241 4520; x_wconf 76' lang='lat' dir='ltr'><strong>btee</strong></span> 
     </span>
    </p>
   </div>
   <div class='ocr_carea' id='block_1_47' title="bbox 667 4548 2239 4625">
    <p class='ocr_par' dir='ltr' id='par_1_47' title="bbox 667 4548 2239 4625">
     <span class='ocr_line' id='line_1_47' title="bbox 667 4548 2239 4625; baseline 0.001 -18"><span class='ocrx_word' id='word_1_371' title='bbox 667 4553 814 4607; x_wconf 87' lang='lat' dir='ltr'><strong>enim</strong></span> <span class='ocrx_word' id='word_1_372' title='bbox 842 4552 1032 4605; x_wconf 87' lang='lat' dir='ltr'><strong>borum</strong></span> <span class='ocrx_word' id='word_1_373' title='bbox 1059 4550 1346 4605; x_wconf 89' lang='lat' dir='ltr'><strong>verborum</strong></span> <span class='ocrx_word' id='word_1_374' title='bbox 1378 4548 1696 4620; x_wconf 80' lang='lat' dir='ltr'><strong>signiﬁcatio</strong></span> <span class='ocrx_word' id='word_1_375' title='bbox 1725 4560 1826 4617; x_wconf 89' lang='lat' dir='ltr'><strong>est,</strong></span> <span class='ocrx_word' id='word_1_376' title='bbox 1859 4552 2106 4621; x_wconf 74' lang='grc' dir='ltr'><strong>Ερίιιοιω</strong></span> <span class='ocrx_word' id='word_1_377' title='bbox 2123 4571 2239 4625; x_wconf 83' lang='lat' dir='ltr'><strong>gra-</strong></span> 
     </span>
    </p>
   </div>
   <div class='ocr_carea' id='block_1_48' title="bbox 664 4641 2242 4714">
    <p class='ocr_par' dir='ltr' id='par_1_48' title="bbox 664 4641 2242 4714">
     <span class='ocr_line' id='line_1_48' title="bbox 664 4641 2242 4714; baseline 0.003 -17"><span class='ocrx_word' id='word_1_378' title='bbox 664 4659 769 4698; x_wconf 78' lang='lat' dir='ltr'><strong>ves.</strong></span> <span class='ocrx_word' id='word_1_379' title='bbox 785 4642 893 4697; x_wconf 88' lang='lat' dir='ltr'><strong>ltno</strong></span> <span class='ocrx_word' id='word_1_380' title='bbox 909 4650 964 4695; x_wconf 95' lang='lat' dir='ltr'><strong>ut</strong></span> <span class='ocrx_word' id='word_1_381' title='bbox 986 4642 1241 4695; x_wconf 88' lang='lat' dir='ltr'><strong>honorem</strong></span> <span class='ocrx_word' id='word_1_382' title='bbox 1267 4642 1367 4695; x_wconf 91' lang='lat' dir='ltr'><strong>sibi</strong></span> <span class='ocrx_word' id='word_1_383' title='bbox 1389 4641 1750 4707; x_wconf 75' lang='lat' dir='ltr'><strong>conciliarent,</strong></span> <span class='ocrx_word' id='word_1_384' title='bbox 1774 4656 1832 4698; x_wconf 87' lang='lat' dir='ltr'><strong>se</strong></span> <span class='ocrx_word' id='word_1_385' title='bbox 1852 4643 1980 4698; x_wconf 88' lang='lat' dir='ltr'><strong>nihil</strong></span> <span class='ocrx_word' id='word_1_386' title='bbox 2001 4644 2242 4714; x_wconf 87' lang='lat' dir='ltr'><strong>accipere</strong></span> 
     </span>
    </p>
   </div>
   <div class='ocr_carea' id='block_1_49' title="bbox 664 4732 2239 4801">
    <p class='ocr_par' dir='ltr' id='par_1_49' title="bbox 664 4732 2239 4801">
     <span class='ocr_line' id='line_1_49' title="bbox 664 4732 2239 4801; baseline 0.003 -13"><span class='ocrx_word' id='word_1_387' title='bbox 664 4734 1010 4788; x_wconf 80' lang='lat' dir='ltr'><strong>simulabant.</strong></span> <span class='ocrx_word' id='word_1_388' title='bbox 1049 4732 1199 4799; x_wconf 82' lang='lat' dir='ltr'><strong>Quod</strong></span> <span class='ocrx_word' id='word_1_389' title='bbox 1231 4732 1391 4786; x_wconf 89' lang='lat' dir='ltr'><strong>etiam</strong></span> <span class='ocrx_word' id='word_1_390' title='bbox 1422 4733 1592 4801; x_wconf 88' lang='lat' dir='ltr'><strong>ipsum</strong></span> <span class='ocrx_word' id='word_1_391' title='bbox 1621 4732 1892 4799; x_wconf 82' lang='lat' dir='ltr'><strong>iunuebut,</strong></span> <span class='ocrx_word' id='word_1_392' title='bbox 1932 4750 2053 4788; x_wconf 88' lang='lat' dir='ltr'><strong>cum</strong></span> <span class='ocrx_word' id='word_1_393' title='bbox 2091 4733 2239 4792; x_wconf 83' lang='lat' dir='ltr'><strong>dice-</strong></span> 
     </span>
    </p>
   </div>
   <div class='ocr_carea' id='block_1_50' title="bbox 658 4822 2241 4894">
    <p class='ocr_par' dir='ltr' id='par_1_50' title="bbox 658 4822 2241 4894">
     <span class='ocr_line' id='line_1_50' title="bbox 658 4822 2241 4894; baseline 0.003 -16"><span class='ocrx_word' id='word_1_394' title='bbox 658 4832 749 4878; x_wconf 68' lang='lat' dir='ltr'><strong>‘ret</strong></span> <span class='ocrx_word' id='word_1_395' title='bbox 779 4842 793 4877; x_wconf 91' lang='lat'><strong>:</strong></span> <span class='ocrx_word' id='word_1_396' title='bbox 829 4822 895 4878; x_wconf 90' lang='lat' dir='ltr'><strong>Ut</strong></span> <span class='ocrx_word' id='word_1_397' title='bbox 933 4826 987 4877; x_wconf 90' lang='lat' dir='ltr'><strong>in</strong></span> <span class='ocrx_word' id='word_1_398' title='bbox 1028 4838 1128 4893; x_wconf 75' lang='lat' dir='ltr'><strong>quo</strong></span> <span class='ocrx_word' id='word_1_399' title='bbox 1161 4822 1481 4894; x_wconf 74' lang='lat' dir='ltr'><strong>gloriantur,</strong></span> <span class='ocrx_word' id='word_1_400' title='bbox 1527 4824 1846 4879; x_wconf 75' lang='lat' dir='ltr'><strong>inveniantur</strong></span> <span class='ocrx_word' id='word_1_401' title='bbox 1890 4826 2021 4880; x_wconf 82' lang='lat' dir='ltr'><strong>sicut</strong></span> <span class='ocrx_word' id='word_1_402' title='bbox 2066 4835 2113 4880; x_wconf 85' lang='lat' dir='ltr'><strong>et</strong></span> <span class='ocrx_word' id='word_1_403' title='bbox 2149 4843 2241 4882; x_wconf 82' lang='lat' dir='ltr'><strong>nos</strong></span> 
     </span>
    </p>
   </div>
   <div class='ocr_carea' id='block_1_51' title="bbox 670 4915 2241 4999">
    <p class='ocr_par' dir='ltr' id='par_1_51' title="bbox 670 4915 2241 4999">
     <span class='ocr_line' id='line_1_51' title="bbox 670 4915 2241 4999; baseline 0.003 -30"><span class='ocrx_word' id='word_1_404' title='bbox 670 4916 755 4984; x_wconf 88' lang='lat'><strong>(2.</strong></span> <span class='ocrx_word' id='word_1_405' title='bbox 780 4915 897 4970; x_wconf 91' lang='lat' dir='ltr'><strong>Cor.</strong></span> <span class='ocrx_word' id='word_1_406' title='bbox 932 4918 1019 4971; x_wconf 88' lang='grc'>11.</span> <span class='ocrx_word' id='word_1_407' title='bbox 1054 4915 1164 4987; x_wconf 79' lang='lat' dir='ltr'><strong>i2).</strong></span> <span class='ocrx_word' id='word_1_408' title='bbox 1206 4918 1284 4971; x_wconf 84' lang='lat' dir='ltr'><strong>Ac</strong></span> <span class='ocrx_word' id='word_1_409' title='bbox 1324 4925 1628 4999; x_wconf 33' lang='lat' dir='ltr'><strong>praeterea”</strong></span> <span class='ocrx_word' id='word_1_410' title='bbox 1646 4917 1899 4987; x_wconf 84' lang='lat' dir='ltr'><strong>quoniam</strong></span> <span class='ocrx_word' id='word_1_411' title='bbox 1928 4917 2137 4973; x_wconf 86' lang='lat' dir='ltr'><strong>dicendi</strong></span> <span class='ocrx_word' id='word_1_412' title='bbox 2163 4918 2241 4974; x_wconf 82' lang='lat' dir='ltr'><strong>fa-</strong></span> 
     </span>
    </p>
   </div>
   <div class='ocr_carea' id='block_1_52' title="bbox 671 5007 2239 5080">
    <p class='ocr_par' dir='ltr' id='par_1_52' title="bbox 671 5007 2239 5080">
     <span class='ocr_line' id='line_1_52' title="bbox 671 5007 2239 5080; baseline 0.003 -18"><span class='ocrx_word' id='word_1_413' title='bbox 671 5007 869 5062; x_wconf 86' lang='lat' dir='ltr'><strong>cultate</strong></span> <span class='ocrx_word' id='word_1_414' title='bbox 898 5007 1166 5076; x_wconf 86' lang='lat' dir='ltr'><strong>pollebant</strong></span> <span class='ocrx_word' id='word_1_415' title='bbox 1195 5008 1265 5063; x_wconf 92' lang='lat' dir='ltr'><strong>ibi</strong></span> <span class='ocrx_word' id='word_1_416' title='bbox 1283 5050 1301 5075; x_wconf 92' lang='lat'><strong>,</strong></span> <span class='ocrx_word' id='word_1_417' title='bbox 1326 5024 1393 5064; x_wconf 89' lang='lat' dir='ltr'><strong>eo</strong></span> <span class='ocrx_word' id='word_1_418' title='bbox 1423 5008 1637 5064; x_wconf 90' lang='lat' dir='ltr'><strong>nomine</strong></span> <span class='ocrx_word' id='word_1_419' title='bbox 1661 5009 1871 5065; x_wconf 87' lang='lat' dir='ltr'><strong>animos</strong></span> <span class='ocrx_word' id='word_1_420' title='bbox 1893 5011 2147 5080; x_wconf 83' lang='lat' dir='ltr'><strong>majorem</strong></span> <span class='ocrx_word' id='word_1_421' title='bbox 2185 5012 2239 5067; x_wconf 92' lang='lat' dir='ltr'><strong>in</strong></span> 
     </span>
    </p>
   </div>
   <div class='ocr_carea' id='block_1_53' title="bbox 673 5100 2243 5176">
    <p class='ocr_par' dir='ltr' id='par_1_53' title="bbox 673 5100 2243 5176">
     <span class='ocr_line' id='line_1_53' title="bbox 673 5100 2243 5176; baseline 0.003 -21"><span class='ocrx_word' id='word_1_422' title='bbox 673 5100 892 5155; x_wconf 87' lang='lat' dir='ltr'><strong>modum</strong></span> <span class='ocrx_word' id='word_1_423' title='bbox 922 5101 1257 5155; x_wconf 86' lang='lat' dir='ltr'><strong>attollebant.</strong></span> <span class='ocrx_word' id='word_1_424' title='bbox 1280 5100 1485 5157; x_wconf 83' lang='lat' dir='ltr'><strong>Idcirco</strong></span> <span class='ocrx_word' id='word_1_425' title='bbox 1514 5101 1627 5172; x_wconf 87' lang='lat' dir='ltr'><strong>ipse</strong></span> <span class='ocrx_word' id='word_1_426' title='bbox 1664 5117 1783 5159; x_wconf 85' lang='lat' dir='ltr'><strong>sese</strong></span> <span class='ocrx_word' id='word_1_427' title='bbox 1810 5104 2111 5172; x_wconf 86' lang='lat' dir='ltr'><strong>imperitum</strong></span> <span class='ocrx_word' id='word_1_428' title='bbox 2147 5120 2243 5176; x_wconf 88' lang='lat' dir='ltr'><strong>ap-</strong></span> 
     </span>
    </p>
   </div>
   <div class='ocr_carea' id='block_1_54' title="bbox 672 5190 2241 5265">
    <p class='ocr_par' dir='ltr' id='par_1_54' title="bbox 672 5190 2241 5265">
     <span class='ocr_line' id='line_1_54' title="bbox 672 5190 2241 5265; baseline 0.003 -17"><span class='ocrx_word' id='word_1_429' title='bbox 672 5192 873 5264; x_wconf 89' lang='lat' dir='ltr'><strong>pellat,</strong></span> <span class='ocrx_word' id='word_1_430' title='bbox 904 5191 960 5244; x_wconf 90' lang='lat' dir='ltr'><strong>ttt</strong></span> <span class='ocrx_word' id='word_1_431' title='bbox 986 5190 1232 5245; x_wconf 82' lang='lat' dir='ltr'><strong>ostendat</strong></span> <span class='ocrx_word' id='word_1_432' title='bbox 1264 5190 1314 5245; x_wconf 90' lang='lat' dir='ltr'><strong>id</strong></span> <span class='ocrx_word' id='word_1_433' title='bbox 1340 5190 1441 5247; x_wconf 85' lang='lat' dir='ltr'><strong>sibi</strong></span> <span class='ocrx_word' id='word_1_434' title='bbox 1468 5194 1686 5249; x_wconf 89' lang='lat' dir='ltr'><strong>minime</strong></span> <span class='ocrx_word' id='word_1_435' title='bbox 1726 5193 1915 5265; x_wconf 90' lang='lat' dir='ltr'><strong>pudori</strong></span> <span class='ocrx_word' id='word_1_436' title='bbox 1953 5210 2074 5251; x_wconf 87' lang='lat' dir='ltr'><strong>esse</strong></span> <span class='ocrx_word' id='word_1_437' title='bbox 2095 5239 2107 5263; x_wconf 87' lang='lat'><strong>,</strong></span> <span class='ocrx_word' id='word_1_438' title='bbox 2139 5211 2241 5252; x_wconf 87' lang='lat' dir='ltr'><strong>nec</strong></span> 
     </span>
    </p>
   </div>
   <div class='ocr_carea' id='block_1_55' title="bbox 670 5278 2243 5353">
    <p class='ocr_par' dir='ltr' id='par_1_55' title="bbox 670 5278 2243 5353">
     <span class='ocr_line' id='line_1_55' title="bbox 670 5278 2243 5353; baseline 0.001 -14"><span class='ocrx_word' id='word_1_439' title='bbox 670 5300 784 5339; x_wconf 90' lang='lat' dir='ltr'><strong>rem</strong></span> <span class='ocrx_word' id='word_1_440' title='bbox 817 5279 994 5352; x_wconf 82' lang='lat' dir='ltr'><strong>magni</strong></span> <span class='ocrx_word' id='word_1_441' title='bbox 1035 5293 1155 5337; x_wconf 74' lang='lat' dir='ltr'><strong>assa</strong></span> <span class='ocrx_word' id='word_1_442' title='bbox 1194 5278 1387 5350; x_wconf 82' lang='lat' dir='ltr'><strong>pretii;</strong></span> <span class='ocrx_word' id='word_1_443' title='bbox 1419 5280 1526 5335; x_wconf 88' lang='lat' dir='ltr'><strong>imo</strong></span> <span class='ocrx_word' id='word_1_444' title='bbox 1552 5283 1745 5337; x_wconf 89' lang='lat' dir='ltr'><strong>nullius</strong></span> <span class='ocrx_word' id='word_1_445' title='bbox 1785 5284 2063 5339; x_wconf 87' lang='lat' dir='ltr'><strong>momenti.</strong></span> <span class='ocrx_word' id='word_1_446' title='bbox 2099 5286 2243 5353; x_wconf 84' lang='lat' dir='ltr'><strong>Quo-</strong></span> 
     </span>
    </p>
   </div>
   <div class='ocr_carea' id='block_1_56' title="bbox 670 5367 2241 5447">
    <p class='ocr_par' dir='ltr' id='par_1_56' title="bbox 670 5367 2241 5447">
     <span class='ocr_line' id='line_1_56' title="bbox 670 5367 2241 5447; baseline 0.002 -19"><span class='ocrx_word' id='word_1_447' title='bbox 670 5374 813 5429; x_wconf 88' lang='lat' dir='ltr'><strong>niam</strong></span> <span class='ocrx_word' id='word_1_448' title='bbox 854 5376 1009 5447; x_wconf 85' lang='lat' dir='ltr'><strong>igitur</strong></span> <span class='ocrx_word' id='word_1_449' title='bbox 1037 5367 1325 5426; x_wconf 82' lang='lat' dir='ltr'><strong>verisimile</strong></span> <span class='ocrx_word' id='word_1_450' title='bbox 1352 5378 1468 5426; x_wconf 90' lang='lat' dir='ltr'><strong>erat</strong></span> <span class='ocrx_word' id='word_1_451' title='bbox 1494 5370 1751 5440; x_wconf 90' lang='lat' dir='ltr'><strong>quosdam</strong></span> <span class='ocrx_word' id='word_1_452' title='bbox 1789 5387 1974 5427; x_wconf 91' lang='lat' dir='ltr'><strong>eorum</strong></span> <span class='ocrx_word' id='word_1_453' title='bbox 2000 5376 2241 5433; x_wconf 90' lang='lat' dir='ltr'><strong>oratione</strong></span> 
     </span>
    </p>
   </div>
   <div class='ocr_carea' id='block_1_57' title="bbox 675 5452 2240 5533">
    <p class='ocr_par' dir='ltr' id='par_1_57' title="bbox 675 5452 2240 5533">
     <span class='ocr_line' id='line_1_57' title="bbox 675 5452 2240 5533; baseline 0.001 -13"><span class='ocrx_word' id='word_1_454' title='bbox 675 5479 707 5520; x_wconf 87' lang='lat' dir='ltr'><strong>a</strong></span> <span class='ocrx_word' id='word_1_455' title='bbox 732 5472 876 5519; x_wconf 79' lang='lat' dir='ltr'><strong>recta</strong></span> <span class='ocrx_word' id='word_1_456' title='bbox 902 5452 1169 5518; x_wconf 85' lang='lat' dir='ltr'><strong>sententia</strong></span> <span class='ocrx_word' id='word_1_457' title='bbox 1196 5460 1383 5517; x_wconf 87' lang='lat' dir='ltr'><strong>deduci</strong></span> <span class='ocrx_word' id='word_1_458' title='bbox 1406 5502 1422 5525; x_wconf 91' lang='lat'><strong>,</strong></span> <span class='ocrx_word' id='word_1_459' title='bbox 1456 5460 1655 5516; x_wconf 87' lang='lat' dir='ltr'><strong>idcirco</strong></span> <span class='ocrx_word' id='word_1_460' title='bbox 1676 5474 1796 5515; x_wconf 91' lang='lat' dir='ltr'><strong>cum</strong></span> <span class='ocrx_word' id='word_1_461' title='bbox 1826 5462 1972 5530; x_wconf 88' lang='lat' dir='ltr'><strong>prius</strong></span> <span class='ocrx_word' id='word_1_462' title='bbox 1999 5464 2142 5533; x_wconf 86' lang='lat' dir='ltr'><strong>ipsos</strong></span> <span class='ocrx_word' id='word_1_463' title='bbox 2170 5468 2240 5523; x_wconf 92' lang='lat' dir='ltr'><strong>ob</strong></span> 
     </span>
    </p>
   </div>
   <div class='ocr_carea' id='block_1_58' title="bbox 671 5550 2242 5626">
    <p class='ocr_par' dir='ltr' id='par_1_58' title="bbox 671 5550 2242 5626">
     <span class='ocr_line' id='line_1_58' title="bbox 671 5550 2242 5626; baseline -0.001 -15"><span class='ocrx_word' id='word_1_464' title='bbox 671 5554 749 5620; x_wconf 87' lang='lat' dir='ltr'><strong>Id,</strong></span> <span class='ocrx_word' id='word_1_465' title='bbox 778 5553 922 5626; x_wconf 86' lang='lat' dir='ltr'><strong>quod</strong></span> <span class='ocrx_word' id='word_1_466' title='bbox 944 5563 1089 5611; x_wconf 87' lang='lat' dir='ltr'><strong>recte</strong></span> <span class='ocrx_word' id='word_1_467' title='bbox 1127 5551 1396 5618; x_wconf 78' lang='lat' dir='ltr'><strong>fecerant,</strong></span> <span class='ocrx_word' id='word_1_468' title='bbox 1432 5550 1673 5607; x_wconf 86' lang='lat' dir='ltr'><strong>laudibus</strong></span> <span class='ocrx_word' id='word_1_469' title='bbox 1695 5552 2009 5618; x_wconf 79' lang='lat' dir='ltr'><strong>extulisset;</strong></span> <span class='ocrx_word' id='word_1_470' title='bbox 2038 5567 2102 5608; x_wconf 92' lang='lat' dir='ltr'><strong>ac</strong></span> <span class='ocrx_word' id='word_1_471' title='bbox 2124 5571 2242 5610; x_wconf 83' lang='lat' dir='ltr'><strong>rur-</strong></span> 
     </span>
    </p>
   </div>
   <div class='ocr_carea' id='block_1_59' title="bbox 672 5638 2237 5719">
    <p class='ocr_par' dir='ltr' id='par_1_59' title="bbox 672 5638 2237 5719">
     <span class='ocr_line' id='line_1_59' title="bbox 672 5638 2237 5719; baseline -0.002 -15"><span class='ocrx_word' id='word_1_472' title='bbox 672 5661 765 5705; x_wconf 85' lang='lat' dir='ltr'><strong>sus</strong></span> <span class='ocrx_word' id='word_1_473' title='bbox 804 5648 1015 5703; x_wconf 80' lang='lat' dir='ltr'><strong>illorum</strong></span> <span class='ocrx_word' id='word_1_474' title='bbox 1061 5647 1419 5719; x_wconf 83' lang='lat' dir='ltr'><strong>arrogantiam</strong></span> <span class='ocrx_word' id='word_1_475' title='bbox 1464 5645 1534 5700; x_wconf 91' lang='lat' dir='ltr'><strong>ob</strong></span> <span class='ocrx_word' id='word_1_476' title='bbox 1579 5638 1826 5701; x_wconf 80' lang='lat' dir='ltr'><strong>Judaicas</strong></span> <span class='ocrx_word' id='word_1_477' title='bbox 1868 5647 2237 5709; x_wconf 85' lang='lat' dir='ltr'><strong>ceremonias.</strong></span> 
     </span>
    </p>
   </div>
   <div class='ocr_carea' id='block_1_60' title="bbox 670 5733 2240 5809">
    <p class='ocr_par' dir='ltr' id='par_1_60' title="bbox 670 5733 2240 5809">
     <span class='ocr_line' id='line_1_60' title="bbox 670 5733 2240 5809; baseline -0.002 -14"><span class='ocrx_word' id='word_1_478' title='bbox 670 5751 803 5806; x_wconf 74' lang='lat' dir='ltr'><strong>quas</strong></span> <span class='ocrx_word' id='word_1_479' title='bbox 836 5738 1203 5809; x_wconf 85' lang='lat' dir='ltr'><strong>intempestive</strong></span> <span class='ocrx_word' id='word_1_480' title='bbox 1225 5733 1334 5809; x_wconf 79' lang='lat' dir='ltr'><strong>iam</strong></span> <span class='ocrx_word' id='word_1_481' title='bbox 1367 5737 1656 5793; x_wconf 82' lang='lat' dir='ltr'><strong>observare</strong></span> <span class='ocrx_word' id='word_1_482' title='bbox 1682 5733 1986 5802; x_wconf 80' lang='lat' dir='ltr'><strong>studebant,</strong></span> <span class='ocrx_word' id='word_1_483' title='bbox 2014 5735 2240 5792; x_wconf 85' lang='lat' dir='ltr'><strong>retudis-</strong></span> 
     </span>
    </p>
   </div>
   <div class='ocr_carea' id='block_1_61' title="bbox 1409 329 3188 393">
    <p class='ocr_par' dir='ltr' id='par_1_61' title="bbox 1409 329 3188 393">
     <span class='ocr_line' id='line_1_61' title="bbox 1409 329 3188 393; baseline 0.001 -2"><span class='ocrx_word' id='word_1_484' title='bbox 1409 334 1468 391; x_wconf 81' lang='lat'><strong>8.</strong></span> <span class='ocrx_word' id='word_1_485' title='bbox 1507 332 1781 392; x_wconf 72' lang='lat' dir='ltr'><strong>JOANNIS</strong></span> <span class='ocrx_word' id='word_1_486' title='bbox 1816 329 2283 389; x_wconf 69' lang='lat' dir='ltr'><strong>CHRYSOSTOMI</strong></span> <span class='ocrx_word' id='word_1_487' title='bbox 2330 330 3188 393; x_wconf 69' lang='lat' dir='ltr'><strong>ARCIIIEP.CO.\&#39;STANT1NOP.</strong></span> 
     </span>
    </p>
   </div>
   <div class='ocr_carea' id='block_1_62' title="bbox 3830 345 3926 399">
    <p class='ocr_par' dir='ltr' id='par_1_62' title="bbox 3830 345 3926 399">
     <span class='ocr_line' id='line_1_62' title="bbox 3830 345 3926 399; baseline 0 0"><span class='ocrx_word' id='word_1_488' title='bbox 3830 345 3926 399; x_wconf 76' lang='grc'><strong>584</strong></span> 
     </span>
    </p>
   </div>
   <div class='ocr_carea' id='block_1_63' title="bbox 2354 446 3919 526">
    <p class='ocr_par' dir='ltr' id='par_1_63' title="bbox 2354 446 3919 526">
     <span class='ocr_line' id='line_1_63' title="bbox 2354 446 3919 526; baseline 0.006 -26"><span class='ocrx_word' id='word_1_489' title='bbox 2354 456 2437 500; x_wconf 82' lang='lat' dir='ltr'><strong>set</strong></span> <span class='ocrx_word' id='word_1_490' title='bbox 2465 465 2479 502; x_wconf 90' lang='lat'><strong>:</strong></span> <span class='ocrx_word' id='word_1_491' title='bbox 2510 456 2619 501; x_wconf 87' lang='lat' dir='ltr'><strong>tum</strong></span> <span class='ocrx_word' id='word_1_492' title='bbox 2650 446 2879 517; x_wconf 80' lang='lat' dir='ltr'><strong>denique</strong></span> <span class='ocrx_word' id='word_1_493' title='bbox 2912 448 3012 503; x_wconf 90' lang='lat' dir='ltr'><strong>hoc</strong></span> <span class='ocrx_word' id='word_1_494' title='bbox 3036 465 3130 504; x_wconf 89' lang='lat' dir='ltr'><strong>eos</strong></span> <span class='ocrx_word' id='word_1_495' title='bbox 3158 450 3371 506; x_wconf 85' lang='lat' dir='ltr'><strong>nomine</strong></span> <span class='ocrx_word' id='word_1_496' title='bbox 3398 453 3638 508; x_wconf 84' lang='lat' dir='ltr'><strong>nonnihil</strong></span> <span class='ocrx_word' id='word_1_497' title='bbox 3660 455 3919 526; x_wconf 71' lang='lat' dir='ltr'><strong>obiurgat.</strong></span> 
     </span>
    </p>
   </div>
   <div class='ocr_carea' id='block_1_64' title="bbox 2348 538 3918 612">
    <p class='ocr_par' dir='ltr' id='par_1_64' title="bbox 2348 538 3918 612">
     <span class='ocr_line' id='line_1_64' title="bbox 2348 538 3918 612; baseline 0.004 -19"><span class='ocrx_word' id='word_1_498' title='bbox 2348 538 2527 607; x_wconf 81' lang='lat' dir='ltr'><strong>Atque</strong></span> <span class='ocrx_word' id='word_1_499' title='bbox 2551 538 2876 608; x_wconf 87' lang='lat' dir='ltr'><strong>hujusmodi,</strong></span> <span class='ocrx_word' id='word_1_500' title='bbox 2896 551 2949 593; x_wconf 92' lang='lat' dir='ltr'><strong>ut</strong></span> <span class='ocrx_word' id='word_1_501' title='bbox 2970 544 3270 596; x_wconf 84' lang='lat' dir='ltr'><strong>summatim</strong></span> <span class='ocrx_word' id='word_1_502' title='bbox 3291 558 3353 597; x_wconf 89' lang='lat' dir='ltr'><strong>ac</strong></span> <span class='ocrx_word' id='word_1_503' title='bbox 3372 544 3516 600; x_wconf 81' lang='lat' dir='ltr'><strong>velut</strong></span> <span class='ocrx_word' id='word_1_504' title='bbox 3534 546 3712 600; x_wconf 85' lang='lat' dir='ltr'><strong>obiter</strong></span> <span class='ocrx_word' id='word_1_505' title='bbox 3730 547 3918 612; x_wconf 80' lang='lat' dir='ltr'><strong>diram,</strong></span> 
     </span>
    </p>
   </div>
   <div class='ocr_carea' id='block_1_65' title="bbox 2350 628 3919 707">
    <p class='ocr_par' dir='ltr' id='par_1_65' title="bbox 2350 628 3919 707">
     <span class='ocr_line' id='line_1_65' title="bbox 2350 628 3919 707; baseline 0.008 -26"><span class='ocrx_word' id='word_1_506' title='bbox 2350 628 2594 697; x_wconf 73' lang='lat' dir='ltr'><strong>epistula:</strong></span> <span class='ocrx_word' id='word_1_507' title='bbox 2640 642 3010 700; x_wconf 75' lang='lat' dir='ltr'><strong>argumentum</strong></span> <span class='ocrx_word' id='word_1_508' title='bbox 3058 632 3187 686; x_wconf 85' lang='lat' dir='ltr'><strong>mihi</strong></span> <span class='ocrx_word' id='word_1_509' title='bbox 3233 649 3352 690; x_wconf 88' lang='lat' dir='ltr'><strong>esse</strong></span> <span class='ocrx_word' id='word_1_510' title='bbox 3399 636 3629 690; x_wconf 83' lang='lat' dir='ltr'><strong>videtur.</strong></span> <span class='ocrx_word' id='word_1_511' title='bbox 3674 636 3919 707; x_wconf 76' lang='lat' dir='ltr'><strong>Sequitur</strong></span> 
     </span>
    </p>
   </div>
   <div class='ocr_carea' id='block_1_66' title="bbox 2346 716 3920 798">
    <p class='ocr_par' dir='ltr' id='par_1_66' title="bbox 2346 716 3920 798">
     <span class='ocr_line' id='line_1_66' title="bbox 2346 716 3920 798; baseline 0.009 -29"><span class='ocrx_word' id='word_1_512' title='bbox 2346 716 2454 786; x_wconf 81' lang='lat' dir='ltr'><strong>jam</strong></span> <span class='ocrx_word' id='word_1_513' title='bbox 2487 728 2541 771; x_wconf 92' lang='lat' dir='ltr'><strong>ut</strong></span> <span class='ocrx_word' id='word_1_514' title='bbox 2561 720 2804 787; x_wconf 73' lang='lat' dir='ltr'><strong>epistola:</strong></span> <span class='ocrx_word' id='word_1_515' title='bbox 2835 721 3041 775; x_wconf 86' lang='lat' dir='ltr'><strong>initium</strong></span> <span class='ocrx_word' id='word_1_516' title='bbox 3069 722 3407 793; x_wconf 81' lang='lat' dir='ltr'><strong>attingamus,</strong></span> <span class='ocrx_word' id='word_1_517' title='bbox 3438 725 3809 798; x_wconf 86' lang='lat' dir='ltr'><strong>dicamusque,</strong></span> <span class='ocrx_word' id='word_1_518' title='bbox 3828 743 3920 783; x_wconf 80' lang='lat' dir='ltr'><strong>cur</strong></span> 
     </span>
    </p>
   </div>
   <div class='ocr_carea' id='block_1_67' title="bbox 2351 812 3916 885">
    <p class='ocr_par' dir='ltr' id='par_1_67' title="bbox 2351 812 3916 885">
     <span class='ocr_line' id='line_1_67' title="bbox 2351 812 3916 885; baseline 0.006 -20"><span class='ocrx_word' id='word_1_519' title='bbox 2351 820 2467 880; x_wconf 90' lang='lat' dir='ltr'><strong>post</strong></span> <span class='ocrx_word' id='word_1_520' title='bbox 2497 812 2873 867; x_wconf 83' lang='lat' dir='ltr'><strong>salutationem</strong></span> <span class='ocrx_word' id='word_1_521' title='bbox 2897 852 2913 877; x_wconf 88' lang='lat'><strong>,</strong></span> <span class='ocrx_word' id='word_1_522' title='bbox 2944 828 3103 884; x_wconf 86' lang='lat' dir='ltr'><strong>quam</strong></span> <span class='ocrx_word' id='word_1_523' title='bbox 3134 830 3233 885; x_wconf 90' lang='lat' dir='ltr'><strong>pro</strong></span> <span class='ocrx_word' id='word_1_524' title='bbox 3277 831 3374 871; x_wconf 89' lang='lat' dir='ltr'><strong>suo</strong></span> <span class='ocrx_word' id='word_1_525' title='bbox 3416 833 3565 873; x_wconf 87' lang='lat' dir='ltr'><strong>more</strong></span> <span class='ocrx_word' id='word_1_526' title='bbox 3611 820 3916 885; x_wconf 74' lang='lat' dir='ltr'><strong>adhibebat,</strong></span> 
     </span>
    </p>
   </div>
   <div class='ocr_carea' id='block_1_68' title="bbox 2348 894 3921 965">
    <p class='ocr_par' dir='ltr' id='par_1_68' title="bbox 2348 894 3921 965">
     <span class='ocr_line' id='line_1_68' title="bbox 2348 894 3921 965; baseline 0.006 -10"><span class='ocrx_word' id='word_1_527' title='bbox 2348 903 2425 957; x_wconf 87' lang='lat' dir='ltr'><strong>sic</strong></span> <span class='ocrx_word' id='word_1_528' title='bbox 2472 917 2502 955; x_wconf 91' lang='lat' dir='ltr'><strong>a</strong></span> <span class='ocrx_word' id='word_1_529' title='bbox 2550 903 2641 957; x_wconf 89' lang='lat' dir='ltr'><strong>Dei</strong></span> <span class='ocrx_word' id='word_1_530' title='bbox 2688 904 3123 958; x_wconf 81' lang='lat' dir='ltr'><strong>miserationibus</strong></span> <span class='ocrx_word' id='word_1_531' title='bbox 3165 894 3390 962; x_wconf 83' lang='lat' dir='ltr'><strong>exarsus</strong></span> <span class='ocrx_word' id='word_1_532' title='bbox 3430 908 3515 962; x_wconf 85' lang='lat' dir='ltr'><strong>sit.</strong></span> <span class='ocrx_word' id='word_1_533' title='bbox 3559 908 3715 963; x_wconf 85' lang='lat' dir='ltr'><strong>Prius</strong></span> <span class='ocrx_word' id='word_1_534' title='bbox 3744 917 3921 965; x_wconf 84' lang='lat' dir='ltr'><strong>tamen</strong></span> 
     </span>
    </p>
   </div>
   <div class='ocr_carea' id='block_1_69' title="bbox 2352 992 3917 1069">
    <p class='ocr_par' dir='ltr' id='par_1_69' title="bbox 2352 992 3917 1069">
     <span class='ocr_line' id='line_1_69' title="bbox 2352 992 3917 1069; baseline 0.007 -24"><span class='ocrx_word' id='word_1_535' title='bbox 2352 992 2665 1061; x_wconf 90' lang='lat' dir='ltr'><strong>principium</strong></span> <span class='ocrx_word' id='word_1_536' title='bbox 2695 994 2866 1061; x_wconf 81' lang='lat' dir='ltr'><strong>ipsum</strong></span> <span class='ocrx_word' id='word_1_537' title='bbox 2908 994 3178 1063; x_wconf 84' lang='lat' dir='ltr'><strong>explicare</strong></span> <span class='ocrx_word' id='word_1_538' title='bbox 3214 1010 3353 1066; x_wconf 90' lang='lat' dir='ltr'><strong>opus</strong></span> <span class='ocrx_word' id='word_1_539' title='bbox 3378 1007 3461 1052; x_wconf 89' lang='lat' dir='ltr'><strong>est</strong></span> <span class='ocrx_word' id='word_1_540' title='bbox 3480 1035 3498 1062; x_wconf 92' lang='lat'><strong>,</strong></span> <span class='ocrx_word' id='word_1_541' title='bbox 3526 1012 3591 1053; x_wconf 91' lang='lat' dir='ltr'><strong>ac</strong></span> <span class='ocrx_word' id='word_1_542' title='bbox 3632 1014 3881 1069; x_wconf 69' lang='lat' dir='ltr'><strong>quaerere</strong></span> <span class='ocrx_word' id='word_1_543' title='bbox 3902 1040 3917 1064; x_wconf 85' lang='lat'><strong>,</strong></span> 
     </span>
    </p>
   </div>
   <div class='ocr_carea' id='block_1_70' title="bbox 2349 1081 3923 1158">
    <p class='ocr_par' dir='ltr' id='par_1_70' title="bbox 2349 1081 3923 1158">
     <span class='ocr_line' id='line_1_70' title="bbox 2349 1081 3923 1158; baseline 0.008 -25"><span class='ocrx_word' id='word_1_544' title='bbox 2349 1094 2513 1149; x_wconf 89' lang='lat' dir='ltr'><strong>quare</strong></span> <span class='ocrx_word' id='word_1_545' title='bbox 2553 1081 2894 1137; x_wconf 85' lang='lat' dir='ltr'><strong>Timotheum</strong></span> <span class='ocrx_word' id='word_1_546' title='bbox 2939 1084 3039 1139; x_wconf 87' lang='lat' dir='ltr'><strong>hoc</strong></span> <span class='ocrx_word' id='word_1_547' title='bbox 3090 1084 3211 1139; x_wconf 90' lang='lat' dir='ltr'><strong>loco</strong></span> <span class='ocrx_word' id='word_1_548' title='bbox 3249 1087 3351 1141; x_wconf 88' lang='lat' dir='ltr'><strong>sibi</strong></span> <span class='ocrx_word' id='word_1_549' title='bbox 3396 1088 3677 1158; x_wconf 85' lang='lat' dir='ltr'><strong>copularit.</strong></span> <span class='ocrx_word' id='word_1_550' title='bbox 3723 1086 3923 1144; x_wconf 75' lang='lat' dir='ltr'><strong>Paulus</strong></span> 
     </span>
    </p>
   </div>
   <div class='ocr_carea' id='block_1_71' title="bbox 2348 1173 3921 1248">
    <p class='ocr_par' dir='ltr' id='par_1_71' title="bbox 2348 1173 3921 1248">
     <span class='ocr_line' id='line_1_71' title="bbox 2348 1173 3921 1248; baseline 0.006 -22"><span class='ocrx_word' id='word_1_551' title='bbox 2348 1173 2513 1238; x_wconf 87' lang='lat' dir='ltr'><strong>enim,</strong></span> <span class='ocrx_word' id='word_1_552' title='bbox 2556 1174 2757 1244; x_wconf 85' lang='lat' dir='ltr'><strong>inquit.</strong></span> <span class='ocrx_word' id='word_1_553' title='bbox 2788 1176 3046 1245; x_wconf 77' lang='lat' dir='ltr'><strong>apostolus</strong></span> <span class='ocrx_word' id='word_1_554' title='bbox 3084 1174 3210 1232; x_wconf 59' lang='lat' dir='ltr'><strong>fests</strong></span> <span class='ocrx_word' id='word_1_555' title='bbox 3249 1176 3439 1232; x_wconf 85' lang='lat' dir='ltr'><strong>Christi</strong></span> <span class='ocrx_word' id='word_1_556' title='bbox 3478 1195 3567 1248; x_wconf 86' lang='lat' dir='ltr'><strong>per</strong></span> <span class='ocrx_word' id='word_1_557' title='bbox 3608 1180 3921 1234; x_wconf 74' lang='lat' dir='ltr'><strong>uoluntatem</strong></span> 
     </span>
    </p>
   </div>
   <div class='ocr_carea' id='block_1_72' title="bbox 2349 1260 3924 1339">
    <p class='ocr_par' dir='ltr' id='par_1_72' title="bbox 2349 1260 3924 1339">
     <span class='ocr_line' id='line_1_72' title="bbox 2349 1260 3924 1339; baseline 0.008 -25"><span class='ocrx_word' id='word_1_558' title='bbox 2349 1260 2466 1324; x_wconf 83' lang='lat' dir='ltr'><strong>Dei.</strong></span> <span class='ocrx_word' id='word_1_559' title='bbox 2494 1273 2541 1316; x_wconf 87' lang='lat' dir='ltr'><strong>et</strong></span> <span class='ocrx_word' id='word_1_560' title='bbox 2566 1261 2855 1319; x_wconf 76' lang='lat' dir='ltr'><strong>Timotheus</strong></span> <span class='ocrx_word' id='word_1_561' title='bbox 2887 1269 3064 1337; x_wconf 76' lang='lat' dir='ltr'><strong>frater.</strong></span> <span class='ocrx_word' id='word_1_562' title='bbox 3093 1267 3382 1322; x_wconf 82' lang='lat' dir='ltr'><strong>Ett-niuria</strong></span> <span class='ocrx_word' id='word_1_563' title='bbox 3408 1268 3585 1338; x_wconf 87' lang='lat' dir='ltr'><strong>priore</strong></span> <span class='ocrx_word' id='word_1_564' title='bbox 3607 1270 3837 1339; x_wconf 83' lang='lat' dir='ltr'><strong>epistola</strong></span> <span class='ocrx_word' id='word_1_565' title='bbox 3865 1285 3924 1327; x_wconf 82' lang='lat' dir='ltr'><strong>se</strong></span> 
     </span>
    </p>
   </div>
   <div class='ocr_carea' id='block_1_73' title="bbox 2348 1351 3925 1427">
    <p class='ocr_par' dir='ltr' id='par_1_73' title="bbox 2348 1351 3925 1427">
     <span class='ocr_line' id='line_1_73' title="bbox 2348 1351 3925 1427; baseline 0.01 -23"><span class='ocrx_word' id='word_1_566' title='bbox 2348 1351 2499 1406; x_wconf 90' lang='lat' dir='ltr'><strong>illum</strong></span> <span class='ocrx_word' id='word_1_567' title='bbox 2538 1369 2658 1408; x_wconf 84' lang='lat' dir='ltr'><strong>esse</strong></span> <span class='ocrx_word' id='word_1_568' title='bbox 2688 1355 2974 1411; x_wconf 87' lang='lat' dir='ltr'><strong>missurum</strong></span> <span class='ocrx_word' id='word_1_569' title='bbox 3013 1357 3365 1427; x_wconf 87' lang='lat' dir='ltr'><strong>pollicebatur</strong></span> <span class='ocrx_word' id='word_1_570' title='bbox 3404 1369 3459 1417; x_wconf 90' lang='lat' dir='ltr'><strong>et</strong></span> <span class='ocrx_word' id='word_1_571' title='bbox 3498 1362 3814 1417; x_wconf 84' lang='lat' dir='ltr'><strong>hortabatur</strong></span> <span class='ocrx_word' id='word_1_572' title='bbox 3842 1362 3925 1419; x_wconf 71' lang='lat' dir='ltr'><strong>bis</strong></span> 
     </span>
    </p>
   </div>
   <div class='ocr_carea' id='block_1_74' title="bbox 2348 1442 3925 1514">
    <p class='ocr_par' dir='ltr' id='par_1_74' title="bbox 2348 1442 3925 1514">
     <span class='ocr_line' id='line_1_74' title="bbox 2348 1442 3925 1514; baseline 0.01 -21"><span class='ocrx_word' id='word_1_573' title='bbox 2348 1442 2526 1496; x_wconf 86' lang='lat' dir='ltr'><strong>verbis</strong></span> <span class='ocrx_word' id='word_1_574' title='bbox 2555 1459 2570 1497; x_wconf 89' lang='lat'><strong>:</strong></span> <span class='ocrx_word' id='word_1_575' title='bbox 2599 1442 2661 1498; x_wconf 87' lang='lat' dir='ltr'><strong>Si</strong></span> <span class='ocrx_word' id='word_1_576' title='bbox 2683 1454 2851 1497; x_wconf 78' lang='lat' dir='ltr'><strong>autem</strong></span> <span class='ocrx_word' id='word_1_577' title='bbox 2874 1447 3060 1499; x_wconf 72' lang='lat' dir='ltr'><strong>senet-it</strong></span> <span class='ocrx_word' id='word_1_578' title='bbox 3079 1445 3387 1514; x_wconf 75' lang='lat' dir='ltr'><strong>Timotheus,</strong></span> <span class='ocrx_word' id='word_1_579' title='bbox 3409 1450 3567 1506; x_wconf 74' lang='lat' dir='ltr'><strong>videte</strong></span> <span class='ocrx_word' id='word_1_580' title='bbox 3586 1460 3641 1504; x_wconf 90' lang='lat' dir='ltr'><strong>ut</strong></span> <span class='ocrx_word' id='word_1_581' title='bbox 3657 1452 3771 1505; x_wconf 75' lang='lat' dir='ltr'><strong>sius</strong></span> <span class='ocrx_word' id='word_1_582' title='bbox 3790 1462 3925 1507; x_wconf 70' lang='lat' dir='ltr'><strong>metu</strong></span> 
     </span>
    </p>
   </div>
   <div class='ocr_carea' id='block_1_75' title="bbox 2346 1531 3926 1610">
    <p class='ocr_par' dir='ltr' id='par_1_75' title="bbox 2346 1531 3926 1610">
     <span class='ocr_line' id='line_1_75' title="bbox 2346 1531 3926 1610; baseline 0.008 -27"><span class='ocrx_word' id='word_1_583' title='bbox 2346 1532 2410 1584; x_wconf 89' lang='lat' dir='ltr'><strong>sit</strong></span> <span class='ocrx_word' id='word_1_584' title='bbox 2437 1531 2576 1601; x_wconf 79' lang='lat' dir='ltr'><strong>apud</strong></span> <span class='ocrx_word' id='word_1_585' title='bbox 2601 1548 2687 1587; x_wconf 71' lang='lat' dir='ltr'><strong>vos</strong></span> <span class='ocrx_word' id='word_1_586' title='bbox 2718 1534 2796 1600; x_wconf 92' lang='grc'><strong>(1.</strong></span> <span class='ocrx_word' id='word_1_587' title='bbox 2826 1534 2941 1589; x_wconf 80' lang='lat' dir='ltr'><strong>Cor.</strong></span> <span class='ocrx_word' id='word_1_588' title='bbox 2975 1536 3062 1591; x_wconf 85' lang='grc'><strong>16.</strong></span> <span class='ocrx_word' id='word_1_589' title='bbox 3095 1536 3187 1607; x_wconf 87' lang='grc'><strong>10)</strong></span> <span class='ocrx_word' id='word_1_590' title='bbox 3215 1555 3229 1591; x_wconf 89' lang='lat'><strong>:</strong></span> <span class='ocrx_word' id='word_1_591' title='bbox 3256 1553 3497 1610; x_wconf 86' lang='lat' dir='ltr'><strong>curergo</strong></span> <span class='ocrx_word' id='word_1_592' title='bbox 3519 1555 3637 1595; x_wconf 89' lang='lat' dir='ltr'><strong>eum</strong></span> <span class='ocrx_word' id='word_1_593' title='bbox 3667 1540 3775 1596; x_wconf 88' lang='lat' dir='ltr'><strong>hoc</strong></span> <span class='ocrx_word' id='word_1_594' title='bbox 3804 1540 3926 1596; x_wconf 87' lang='lat' dir='ltr'><strong>loco</strong></span> 
     </span>
    </p>
   </div>
   <div class='ocr_carea' id='block_1_76' title="bbox 2346 1623 3926 1703">
    <p class='ocr_par' dir='ltr' id='par_1_76' title="bbox 2346 1623 3926 1703">
     <span class='ocr_line' id='line_1_76' title="bbox 2346 1623 3926 1703; baseline 0.008 -28"><span class='ocrx_word' id='word_1_595' title='bbox 2346 1623 2399 1677; x_wconf 88' lang='lat' dir='ltr'><strong>in</strong></span> <span class='ocrx_word' id='word_1_596' title='bbox 2427 1624 2688 1692; x_wconf 67' lang='lat' dir='ltr'><strong>praemio</strong></span> <span class='ocrx_word' id='word_1_597' title='bbox 2715 1640 2901 1681; x_wconf 85' lang='lat' dir='ltr'><strong>secum</strong></span> <span class='ocrx_word' id='word_1_598' title='bbox 2924 1628 3237 1700; x_wconf 74' lang='lat' dir='ltr'><strong>coniungit?</strong></span> <span class='ocrx_word' id='word_1_599' title='bbox 3261 1630 3413 1697; x_wconf 85' lang='lat' dir='ltr'><strong>Cum,</strong></span> <span class='ocrx_word' id='word_1_600' title='bbox 3441 1641 3497 1686; x_wconf 85' lang='lat' dir='ltr'><strong>ut</strong></span> <span class='ocrx_word' id='word_1_601' title='bbox 3520 1633 3773 1703; x_wconf 81' lang='lat' dir='ltr'><strong>magister</strong></span> <span class='ocrx_word' id='word_1_602' title='bbox 3800 1648 3926 1703; x_wconf 84' lang='lat' dir='ltr'><strong>pro-</strong></span> 
     </span>
    </p>
   </div>
   <div class='ocr_carea' id='block_1_77' title="bbox 2346 1714 3923 1792">
    <p class='ocr_par' dir='ltr' id='par_1_77' title="bbox 2346 1714 3923 1792">
     <span class='ocr_line' id='line_1_77' title="bbox 2346 1714 3923 1792; baseline 0.004 -25"><span class='ocrx_word' id='word_1_603' title='bbox 2346 1714 2583 1781; x_wconf 88' lang='lat' dir='ltr'><strong>miserat,</strong></span> <span class='ocrx_word' id='word_1_604' title='bbox 2606 1714 2675 1769; x_wconf 91' lang='lat' dir='ltr'><strong>ad</strong></span> <span class='ocrx_word' id='word_1_605' title='bbox 2698 1730 2795 1771; x_wconf 84' lang='lat' dir='ltr'><strong>eos</strong></span> <span class='ocrx_word' id='word_1_606' title='bbox 2825 1731 2885 1772; x_wconf 85' lang='lat' dir='ltr'><strong>se</strong></span> <span class='ocrx_word' id='word_1_607' title='bbox 2908 1718 3223 1781; x_wconf 81' lang='lat' dir='ltr'><strong>contulisset</strong></span> <span class='ocrx_word' id='word_1_608' title='bbox 3248 1718 3391 1790; x_wconf 72' lang='lat' dir='ltr'><strong>(Misi</strong></span> <span class='ocrx_word' id='word_1_609' title='bbox 3412 1723 3554 1776; x_wconf 87' lang='lat' dir='ltr'><strong>enim</strong></span> <span class='ocrx_word' id='word_1_610' title='bbox 3571 1762 3586 1785; x_wconf 89' lang='lat'><strong>,</strong></span> <span class='ocrx_word' id='word_1_611' title='bbox 3614 1722 3791 1792; x_wconf 90' lang='lat' dir='ltr'><strong>inquit</strong></span> <span class='ocrx_word' id='word_1_612' title='bbox 3813 1762 3831 1787; x_wconf 92' lang='lat'><strong>,</strong></span> <span class='ocrx_word' id='word_1_613' title='bbox 3857 1724 3923 1774; x_wconf 82' lang='lat' dir='ltr'><strong>ad</strong></span> 
     </span>
    </p>
   </div>
   <div class='ocr_carea' id='block_1_78' title="bbox 2344 1805 3927 1880">
    <p class='ocr_par' dir='ltr' id='par_1_78' title="bbox 2344 1805 3927 1880">
     <span class='ocr_line' id='line_1_78' title="bbox 2344 1805 3927 1880; baseline 0.006 -21"><span class='ocrx_word' id='word_1_614' title='bbox 2344 1822 2432 1860; x_wconf 79' lang='lat' dir='ltr'><strong>uos</strong></span> <span class='ocrx_word' id='word_1_615' title='bbox 2455 1805 2789 1874; x_wconf 78' lang='lat' dir='ltr'><strong>Timotheum,</strong></span> <span class='ocrx_word' id='word_1_616' title='bbox 2817 1809 2905 1877; x_wconf 87' lang='lat' dir='ltr'><strong>qui</strong></span> <span class='ocrx_word' id='word_1_617' title='bbox 2932 1826 3017 1864; x_wconf 77' lang='lat' dir='ltr'><strong>vos</strong></span> <span class='ocrx_word' id='word_1_618' title='bbox 3040 1810 3455 1880; x_wconf 73' lang='lat' dir='ltr'><strong>commonefaciet</strong></span> <span class='ocrx_word' id='word_1_619' title='bbox 3482 1812 3587 1866; x_wconf 74' lang='lat' dir='ltr'><strong>aias</strong></span> <span class='ocrx_word' id='word_1_620' title='bbox 3608 1829 3746 1866; x_wconf 75' lang='lat' dir='ltr'><strong>nscas</strong></span> <span class='ocrx_word' id='word_1_621' title='bbox 3770 1853 3789 1879; x_wconf 92' lang='lat'><strong>,</strong></span> <span class='ocrx_word' id='word_1_622' title='bbox 3814 1830 3927 1880; x_wconf 65' lang='lat' dir='ltr'><strong>quo</strong></span> 
     </span>
    </p>
   </div>
   <div class='ocr_carea' id='block_1_79' title="bbox 2345 1896 3928 1971">
    <p class='ocr_par' dir='ltr' id='par_1_79' title="bbox 2345 1896 3928 1971">
     <span class='ocr_line' id='line_1_79' title="bbox 2345 1896 3928 1971; baseline 0.006 -23"><span class='ocrx_word' id='word_1_623' title='bbox 2345 1906 2463 1949; x_wconf 89' lang='lat' dir='ltr'><strong>sunt</strong></span> <span class='ocrx_word' id='word_1_624' title='bbox 2486 1898 2538 1949; x_wconf 84' lang='lat' dir='ltr'><strong>in</strong></span> <span class='ocrx_word' id='word_1_625' title='bbox 2556 1896 2751 1951; x_wconf 79' lang='lat' dir='ltr'><strong>Christo</strong></span> <span class='ocrx_word' id='word_1_626' title='bbox 2774 1896 2848 1969; x_wconf 83' lang='grc'><strong>[1.</strong></span> <span class='ocrx_word' id='word_1_627' title='bbox 2866 1898 2982 1953; x_wconf 86' lang='lat' dir='ltr'><strong>Cor.</strong></span> <span class='ocrx_word' id='word_1_628' title='bbox 2995 1901 3049 1955; x_wconf 68' lang='grc'><strong>4.</strong></span> <span class='ocrx_word' id='word_1_629' title='bbox 3064 1898 3154 1971; x_wconf 83' lang='grc'><strong>17]</strong></span> <span class='ocrx_word' id='word_1_630' title='bbox 3176 1900 3216 1971; x_wconf 88' lang='grc'><strong>),</strong></span> <span class='ocrx_word' id='word_1_631' title='bbox 3229 1912 3387 1971; x_wconf 89' lang='lat' dir='ltr'><strong>atque</strong></span> <span class='ocrx_word' id='word_1_632' title='bbox 3417 1900 3504 1956; x_wconf 87' lang='lat' dir='ltr'><strong>ubi</strong></span> <span class='ocrx_word' id='word_1_633' title='bbox 3529 1903 3703 1956; x_wconf 90' lang='lat' dir='ltr'><strong>omnia</strong></span> <span class='ocrx_word' id='word_1_634' title='bbox 3715 1904 3928 1958; x_wconf 85' lang='lat' dir='ltr'><strong>rectius</strong></span> 
     </span>
    </p>
   </div>
   <div class='ocr_carea' id='block_1_80' title="bbox 2346 1988 3924 2062">
    <p class='ocr_par' dir='ltr' id='par_1_80' title="bbox 2346 1988 3924 2062">
     <span class='ocr_line' id='line_1_80' title="bbox 2346 1988 3924 2062; baseline 0.006 -20"><span class='ocrx_word' id='word_1_635' title='bbox 2346 1988 2747 2056; x_wconf 84' lang='lat' dir='ltr'><strong>constituisset,</strong></span> <span class='ocrx_word' id='word_1_636' title='bbox 2777 1990 2843 2044; x_wconf 82' lang='lat' dir='ltr'><strong>ad</strong></span> <span class='ocrx_word' id='word_1_637' title='bbox 2871 1990 3091 2047; x_wconf 83' lang='lat' dir='ltr'><strong>Paulum</strong></span> <span class='ocrx_word' id='word_1_638' title='bbox 3132 2008 3191 2052; x_wconf 86' lang='lat' dir='ltr'><strong>se</strong></span> <span class='ocrx_word' id='word_1_639' title='bbox 3218 2004 3513 2062; x_wconf 87' lang='lat' dir='ltr'><strong>receperat.</strong></span> <span class='ocrx_word' id='word_1_640' title='bbox 3548 1994 3757 2049; x_wconf 80' lang='lat' dir='ltr'><strong>Etenim</strong></span> <span class='ocrx_word' id='word_1_641' title='bbox 3800 2010 3924 2051; x_wconf 84' lang='lat' dir='ltr'><strong>cum</strong></span> 
     </span>
    </p>
   </div>
   <div class='ocr_carea' id='block_1_81' title="bbox 2346 2078 3926 2153">
    <p class='ocr_par' dir='ltr' id='par_1_81' title="bbox 2346 2078 3926 2153">
     <span class='ocr_line' id='line_1_81' title="bbox 2346 2078 3926 2153; baseline 0.003 -20"><span class='ocrx_word' id='word_1_642' title='bbox 2346 2094 2468 2133; x_wconf 89' lang='lat' dir='ltr'><strong>eum</strong></span> <span class='ocrx_word' id='word_1_643' title='bbox 2500 2079 2759 2143; x_wconf 89' lang='lat' dir='ltr'><strong>mitteret,</strong></span> <span class='ocrx_word' id='word_1_644' title='bbox 2788 2078 3019 2142; x_wconf 85' lang='lat' dir='ltr'><strong>dicebat.</strong></span> <span class='ocrx_word' id='word_1_645' title='bbox 3044 2079 3291 2136; x_wconf 85' lang='lat' dir='ltr'><strong>Deducite</strong></span> <span class='ocrx_word' id='word_1_646' title='bbox 3314 2100 3426 2137; x_wconf 84' lang='lat' dir='ltr'><strong>eunt</strong></span> <span class='ocrx_word' id='word_1_647' title='bbox 3451 2084 3503 2136; x_wconf 91' lang='lat' dir='ltr'><strong>in</strong></span> <span class='ocrx_word' id='word_1_648' title='bbox 3525 2100 3664 2153; x_wconf 87' lang='lat' dir='ltr'><strong>pace.</strong></span> <span class='ocrx_word' id='word_1_649' title='bbox 3685 2094 3739 2137; x_wconf 87' lang='lat' dir='ltr'><strong>ut</strong></span> <span class='ocrx_word' id='word_1_650' title='bbox 3756 2086 3926 2138; x_wconf 74' lang='lat' dir='ltr'><strong>ueniat</strong></span> 
     </span>
    </p>
   </div>
   <div class='ocr_carea' id='block_1_82' title="bbox 2345 2168 3921 2245">
    <p class='ocr_par' dir='ltr' id='par_1_82' title="bbox 2345 2168 3921 2245">
     <span class='ocr_line' id='line_1_82' title="bbox 2345 2168 3921 2245; baseline 0.005 -24"><span class='ocrx_word' id='word_1_651' title='bbox 2345 2168 2413 2222; x_wconf 84' lang='lat' dir='ltr'><strong>ad</strong></span> <span class='ocrx_word' id='word_1_652' title='bbox 2434 2185 2512 2222; x_wconf 85' lang='lat' dir='ltr'><strong>me</strong></span> <span class='ocrx_word' id='word_1_653' title='bbox 2530 2179 2791 2239; x_wconf 69' lang='lat' dir='ltr'><strong>:exspecto</strong></span> <span class='ocrx_word' id='word_1_654' title='bbox 2811 2170 2944 2223; x_wconf 87' lang='lat' dir='ltr'><strong>enim</strong></span> <span class='ocrx_word' id='word_1_655' title='bbox 2963 2186 3075 2224; x_wconf 80' lang='lat' dir='ltr'><strong>eum</strong></span> <span class='ocrx_word' id='word_1_656' title='bbox 3095 2188 3210 2225; x_wconf 87' lang='lat' dir='ltr'><strong>cum</strong></span> <span class='ocrx_word' id='word_1_657' title='bbox 3230 2173 3469 2241; x_wconf 77' lang='lat' dir='ltr'><strong>fratribus</strong></span> <span class='ocrx_word' id='word_1_658' title='bbox 3488 2173 3535 2244; x_wconf 95' lang='grc'><strong>(1</strong></span> <span class='ocrx_word' id='word_1_659' title='bbox 3550 2173 3689 2231; x_wconf 78' lang='lat' dir='ltr'><strong>.Cor.</strong></span> <span class='ocrx_word' id='word_1_660' title='bbox 3706 2175 3726 2227; x_wconf 88' lang='lat' dir='ltr'><strong>I</strong></span> <span class='ocrx_word' id='word_1_661' title='bbox 3741 2174 3921 2245; x_wconf 74' lang='lat'><strong>6.“).</strong></span> 
     </span>
    </p>
   </div>
   <div class='ocr_carea' id='block_1_83' title="bbox 2331 2260 3918 2337">
    <p class='ocr_par' dir='ltr' id='par_1_83' title="bbox 2331 2260 3918 2337">
     <span class='ocr_line' id='line_1_83' title="bbox 2331 2260 3918 2337; baseline 0.005 -24"><span class='ocrx_word' id='word_1_662' title='bbox 2331 2265 2362 2275; x_wconf 79' lang='grc'><strong>’</strong></span> <span class='ocrx_word' id='word_1_663' title='bbox 2413 2260 2467 2314; x_wconf 80' lang='lat'><strong>2.</strong></span> <span class='ocrx_word' id='word_1_664' title='bbox 2494 2260 2845 2331; x_wconf 79' lang='lat' dir='ltr'><strong>Posteaquam</strong></span> <span class='ocrx_word' id='word_1_665' title='bbox 2879 2262 3035 2332; x_wconf 81' lang='lat' dir='ltr'><strong>igitur</strong></span> <span class='ocrx_word' id='word_1_666' title='bbox 3059 2262 3127 2317; x_wconf 90' lang='lat' dir='ltr'><strong>ad</strong></span> <span class='ocrx_word' id='word_1_667' title='bbox 3159 2266 3469 2334; x_wconf 85' lang='lat' dir='ltr'><strong>magistrum</strong></span> <span class='ocrx_word' id='word_1_668' title='bbox 3498 2281 3557 2320; x_wconf 89' lang='lat' dir='ltr'><strong>se</strong></span> <span class='ocrx_word' id='word_1_669' title='bbox 3583 2268 3918 2337; x_wconf 82' lang='lat' dir='ltr'><strong>recepisset,</strong></span> 
     </span>
    </p>
   </div>
   <div class='ocr_carea' id='block_1_84' title="bbox 2342 2352 3922 2428">
    <p class='ocr_par' dir='ltr' id='par_1_84' title="bbox 2342 2352 3922 2428">
     <span class='ocr_line' id='line_1_84' title="bbox 2342 2352 3922 2428; baseline 0.005 -22"><span class='ocrx_word' id='word_1_670' title='bbox 2342 2366 2405 2406; x_wconf 87' lang='lat' dir='ltr'><strong>ac</strong></span> <span class='ocrx_word' id='word_1_671' title='bbox 2433 2352 2696 2407; x_wconf 73' lang='lat' dir='ltr'><strong>restitutis</strong></span> <span class='ocrx_word' id='word_1_672' title='bbox 2734 2354 3098 2425; x_wconf 86' lang='lat' dir='ltr'><strong>correctisque</strong></span> <span class='ocrx_word' id='word_1_673' title='bbox 3136 2370 3237 2409; x_wconf 90' lang='lat' dir='ltr'><strong>uua</strong></span> <span class='ocrx_word' id='word_1_674' title='bbox 3266 2370 3387 2410; x_wconf 91' lang='lat' dir='ltr'><strong>cum</strong></span> <span class='ocrx_word' id='word_1_675' title='bbox 3413 2371 3480 2410; x_wconf 89' lang='lat' dir='ltr'><strong>eo</strong></span> <span class='ocrx_word' id='word_1_676' title='bbox 3520 2358 3658 2410; x_wconf 77' lang='lat' dir='ltr'><strong>Asize</strong></span> <span class='ocrx_word' id='word_1_677' title='bbox 3687 2360 3922 2428; x_wconf 83' lang='lat' dir='ltr'><strong>negotiis</strong></span> 
     </span>
    </p>
   </div>
   <div class='ocr_carea' id='block_1_85' title="bbox 2344 2442 3921 2517">
    <p class='ocr_par' dir='ltr' id='par_1_85' title="bbox 2344 2442 3921 2517">
     <span class='ocr_line' id='line_1_85' title="bbox 2344 2442 3921 2517; baseline 0.006 -22"><span class='ocrx_word' id='word_1_678' title='bbox 2344 2442 2584 2515; x_wconf 68' lang='lat' dir='ltr'><strong>(Manebo</strong></span> <span class='ocrx_word' id='word_1_679' title='bbox 2611 2446 2752 2498; x_wconf 91' lang='lat' dir='ltr'><strong>enim</strong></span> <span class='ocrx_word' id='word_1_680' title='bbox 2773 2485 2788 2511; x_wconf 92' lang='lat'><strong>,</strong></span> <span class='ocrx_word' id='word_1_681' title='bbox 2834 2446 3037 2516; x_wconf 89' lang='lat' dir='ltr'><strong>inquit,</strong></span> <span class='ocrx_word' id='word_1_682' title='bbox 3069 2445 3257 2516; x_wconf 82' lang='lat' dir='ltr'><strong>Ephesi</strong></span> <span class='ocrx_word' id='word_1_683' title='bbox 3294 2463 3451 2517; x_wconf 84' lang='lat' dir='ltr'><strong>usque</strong></span> <span class='ocrx_word' id='word_1_684' title='bbox 3491 2447 3559 2500; x_wconf 85' lang='lat' dir='ltr'><strong>ad</strong></span> <span class='ocrx_word' id='word_1_685' title='bbox 3588 2446 3921 2505; x_wconf 78' lang='lat' dir='ltr'><strong>Pentecosten</strong></span> 
     </span>
    </p>
   </div>
   <div class='ocr_carea' id='block_1_86' title="bbox 2343 2531 3916 2608">
    <p class='ocr_par' dir='ltr' id='par_1_86' title="bbox 2343 2531 3916 2608">
     <span class='ocr_line' id='line_1_86' title="bbox 2343 2531 3916 2608; baseline 0.006 -21"><span class='ocrx_word' id='word_1_686' title='bbox 2343 2531 2421 2605; x_wconf 85' lang='grc'><strong>[1.</strong></span> <span class='ocrx_word' id='word_1_687' title='bbox 2452 2532 2568 2587; x_wconf 85' lang='lat' dir='ltr'><strong>Cor.</strong></span> <span class='ocrx_word' id='word_1_688' title='bbox 2602 2534 2686 2590; x_wconf 88' lang='grc'><strong>16.</strong></span> <span class='ocrx_word' id='word_1_689' title='bbox 2720 2534 2831 2608; x_wconf 89' lang='lat'><strong>8]),</strong></span> <span class='ocrx_word' id='word_1_690' title='bbox 2861 2552 3047 2592; x_wconf 85' lang='lat' dir='ltr'><strong>rursus</strong></span> <span class='ocrx_word' id='word_1_691' title='bbox 3075 2539 3126 2595; x_wconf 93' lang='lat' dir='ltr'><strong>in</strong></span> <span class='ocrx_word' id='word_1_692' title='bbox 3154 2537 3516 2593; x_wconf 71' lang='lat' dir='ltr'><strong>Macedoniam</strong></span> <span class='ocrx_word' id='word_1_693' title='bbox 3542 2539 3916 2595; x_wconf 83' lang='lat' dir='ltr'><strong>transivisset:</strong></span> 
     </span>
    </p>
   </div>
   <div class='ocr_carea' id='block_1_87' title="bbox 2338 2625 3915 2702">
    <p class='ocr_par' dir='ltr' id='par_1_87' title="bbox 2338 2625 3915 2702">
     <span class='ocr_line' id='line_1_87' title="bbox 2338 2625 3915 2702; baseline 0.007 -24"><span class='ocrx_word' id='word_1_694' title='bbox 2338 2625 2447 2693; x_wconf 83' lang='lat' dir='ltr'><strong>jam</strong></span> <span class='ocrx_word' id='word_1_695' title='bbox 2484 2640 2590 2680; x_wconf 91' lang='lat' dir='ltr'><strong>non</strong></span> <span class='ocrx_word' id='word_1_696' title='bbox 2631 2626 2900 2683; x_wconf 89' lang='lat' dir='ltr'><strong>immerito</strong></span> <span class='ocrx_word' id='word_1_697' title='bbox 2941 2644 3063 2683; x_wconf 91' lang='lat' dir='ltr'><strong>eum</strong></span> <span class='ocrx_word' id='word_1_698' title='bbox 3095 2638 3152 2684; x_wconf 94' lang='lat' dir='ltr'><strong>ut</strong></span> <span class='ocrx_word' id='word_1_699' title='bbox 3182 2640 3514 2700; x_wconf 30' lang='lat' dir='ltr'><strong>przesentem‘</strong></span> <span class='ocrx_word' id='word_1_700' title='bbox 3538 2632 3635 2685; x_wconf 90' lang='lat' dir='ltr'><strong>sibi</strong></span> <span class='ocrx_word' id='word_1_701' title='bbox 3678 2632 3915 2702; x_wconf 78' lang='lat' dir='ltr'><strong>copulat.</strong></span> 
     </span>
    </p>
   </div>
   <div class='ocr_carea' id='block_1_88' title="bbox 2342 2716 3917 2787">
    <p class='ocr_par' dir='ltr' id='par_1_88' title="bbox 2342 2716 3917 2787">
     <span class='ocr_line' id='line_1_88' title="bbox 2342 2716 3917 2787; baseline 0.006 -16"><span class='ocrx_word' id='word_1_702' title='bbox 2342 2716 2551 2772; x_wconf 88' lang='lat' dir='ltr'><strong>Etenim</strong></span> <span class='ocrx_word' id='word_1_703' title='bbox 2585 2727 2710 2773; x_wconf 89' lang='lat' dir='ltr'><strong>tunc</strong></span> <span class='ocrx_word' id='word_1_704' title='bbox 2734 2734 2800 2774; x_wconf 91' lang='lat' dir='ltr'><strong>ex</strong></span> <span class='ocrx_word' id='word_1_705' title='bbox 2830 2720 2979 2787; x_wconf 78' lang='lat' dir='ltr'><strong>Asia,</strong></span> <span class='ocrx_word' id='word_1_706' title='bbox 3012 2736 3153 2777; x_wconf 90' lang='lat' dir='ltr'><strong>nunc</strong></span> <span class='ocrx_word' id='word_1_707' title='bbox 3180 2724 3357 2777; x_wconf 85' lang='lat' dir='ltr'><strong>autem</strong></span> <span class='ocrx_word' id='word_1_708' title='bbox 3387 2739 3417 2777; x_wconf 90' lang='lat' dir='ltr'><strong>e</strong></span> <span class='ocrx_word' id='word_1_709' title='bbox 3442 2723 3753 2779; x_wconf 65' lang='lat' dir='ltr'><strong>Macedonia</strong></span> <span class='ocrx_word' id='word_1_710' title='bbox 3779 2726 3917 2780; x_wconf 86' lang='lat' dir='ltr'><strong>seri-</strong></span> 
     </span>
    </p>
   </div>
   <div class='ocr_carea' id='block_1_89' title="bbox 2338 2808 3915 2883">
    <p class='ocr_par' dir='ltr' id='par_1_89' title="bbox 2338 2808 3915 2883">
     <span class='ocr_line' id='line_1_89' title="bbox 2338 2808 3915 2883; baseline 0.005 -20"><span class='ocrx_word' id='word_1_711' title='bbox 2338 2808 2436 2863; x_wconf 90' lang='lat' dir='ltr'><strong>bit.</strong></span> <span class='ocrx_word' id='word_1_712' title='bbox 2464 2810 2636 2879; x_wconf 71' lang='lat' dir='ltr'><strong>Ipsum</strong></span> <span class='ocrx_word' id='word_1_713' title='bbox 2666 2824 2824 2878; x_wconf 90' lang='lat' dir='ltr'><strong>porro</strong></span> <span class='ocrx_word' id='word_1_714' title='bbox 2849 2811 2948 2864; x_wconf 86' lang='lat' dir='ltr'><strong>sibi</strong></span> <span class='ocrx_word' id='word_1_715' title='bbox 2973 2811 3271 2883; x_wconf 74' lang='lat' dir='ltr'><strong>conjunxit,</strong></span> <span class='ocrx_word' id='word_1_716' title='bbox 3304 2822 3415 2867; x_wconf 90' lang='lat' dir='ltr'><strong>tum</strong></span> <span class='ocrx_word' id='word_1_717' title='bbox 3447 2822 3503 2866; x_wconf 90' lang='lat' dir='ltr'><strong>ut</strong></span> <span class='ocrx_word' id='word_1_718' title='bbox 3528 2829 3649 2873; x_wconf 87' lang='lat' dir='ltr'><strong>eum</strong></span> <span class='ocrx_word' id='word_1_719' title='bbox 3679 2814 3915 2871; x_wconf 84' lang='lat' dir='ltr'><strong>honora-</strong></span> 
     </span>
    </p>
   </div>
   <div class='ocr_carea' id='block_1_90' title="bbox 2339 2898 3916 2972">
    <p class='ocr_par' dir='ltr' id='par_1_90' title="bbox 2339 2898 3916 2972">
     <span class='ocr_line' id='line_1_90' title="bbox 2339 2898 3916 2972; baseline 0.003 -17"><span class='ocrx_word' id='word_1_720' title='bbox 2339 2900 2586 2956; x_wconf 85' lang='lat' dir='ltr'><strong>biliorem</strong></span> <span class='ocrx_word' id='word_1_721' title='bbox 2616 2898 2896 2966; x_wconf 89' lang='lat' dir='ltr'><strong>redderet,</strong></span> <span class='ocrx_word' id='word_1_722' title='bbox 2928 2908 3037 2955; x_wconf 89' lang='lat' dir='ltr'><strong>tum</strong></span> <span class='ocrx_word' id='word_1_723' title='bbox 3079 2911 3139 2957; x_wconf 88' lang='lat' dir='ltr'><strong>ut</strong></span> <span class='ocrx_word' id='word_1_724' title='bbox 3166 2902 3399 2972; x_wconf 87' lang='lat' dir='ltr'><strong>ingentis</strong></span> <span class='ocrx_word' id='word_1_725' title='bbox 3441 2903 3754 2958; x_wconf 85' lang='lat' dir='ltr'><strong>humilitatis</strong></span> <span class='ocrx_word' id='word_1_726' title='bbox 3807 2920 3916 2960; x_wconf 75' lang='lat' dir='ltr'><strong>sua:</strong></span> 
     </span>
    </p>
   </div>
   <div class='ocr_carea' id='block_1_91' title="bbox 2339 2991 3916 3066">
    <p class='ocr_par' dir='ltr' id='par_1_91' title="bbox 2339 2991 3916 3066">
     <span class='ocr_line' id='line_1_91' title="bbox 2339 2991 3916 3066; baseline 0.004 -21"><span class='ocrx_word' id='word_1_727' title='bbox 2339 2993 2610 3061; x_wconf 82' lang='lat' dir='ltr'><strong>specimen</strong></span> <span class='ocrx_word' id='word_1_728' title='bbox 2634 2991 2928 3047; x_wconf 62' lang='lat' dir='ltr'><strong>exhiberet.</strong></span> <span class='ocrx_word' id='word_1_729' title='bbox 2957 2992 3085 3048; x_wconf 83' lang='lat' dir='ltr'><strong>Erat</strong></span> <span class='ocrx_word' id='word_1_730' title='bbox 3108 2995 3252 3049; x_wconf 87' lang='lat' dir='ltr'><strong>enim</strong></span> <span class='ocrx_word' id='word_1_731' title='bbox 3283 2995 3371 3050; x_wconf 89' lang='lat' dir='ltr'><strong>ille</strong></span> <span class='ocrx_word' id='word_1_732' title='bbox 3396 2994 3615 3051; x_wconf 86' lang='lat' dir='ltr'><strong>inferior</strong></span> <span class='ocrx_word' id='word_1_733' title='bbox 3640 2996 3798 3066; x_wconf 85' lang='lat' dir='ltr'><strong>ipso;</strong></span> <span class='ocrx_word' id='word_1_734' title='bbox 3824 3000 3916 3052; x_wconf 79' lang='lat' dir='ltr'><strong>sed</strong></span> 
     </span>
    </p>
   </div>
   <div class='ocr_carea' id='block_1_92' title="bbox 2339 3085 3915 3159">
    <p class='ocr_par' dir='ltr' id='par_1_92' title="bbox 2339 3085 3915 3159">
     <span class='ocr_line' id='line_1_92' title="bbox 2339 3085 3915 3159; baseline 0.005 -21"><span class='ocrx_word' id='word_1_735' title='bbox 2339 3086 2533 3140; x_wconf 84' lang='lat' dir='ltr'><strong>caritas</strong></span> <span class='ocrx_word' id='word_1_736' title='bbox 2572 3085 2749 3141; x_wconf 91' lang='lat' dir='ltr'><strong>omnia</strong></span> <span class='ocrx_word' id='word_1_737' title='bbox 2777 3086 3065 3141; x_wconf 88' lang='lat' dir='ltr'><strong>connectit.</strong></span> <span class='ocrx_word' id='word_1_738' title='bbox 3102 3087 3284 3159; x_wconf 87' lang='lat' dir='ltr'><strong>quue</strong></span> <span class='ocrx_word' id='word_1_739' title='bbox 3327 3089 3488 3145; x_wconf 88' lang='lat' dir='ltr'><strong>etiam</strong></span> <span class='ocrx_word' id='word_1_740' title='bbox 3530 3089 3628 3157; x_wconf 79' lang='lat' dir='ltr'><strong>ﬁt,</strong></span> <span class='ocrx_word' id='word_1_741' title='bbox 3680 3099 3737 3144; x_wconf 95' lang='lat' dir='ltr'><strong>ut</strong></span> <span class='ocrx_word' id='word_1_742' title='bbox 3768 3091 3915 3146; x_wconf 87' lang='lat' dir='ltr'><strong>illum</strong></span> 
     </span>
    </p>
   </div>
   <div class='ocr_carea' id='block_1_93' title="bbox 2341 3179 3916 3256">
    <p class='ocr_par' dir='ltr' id='par_1_93' title="bbox 2341 3179 3916 3256">
     <span class='ocr_line' id='line_1_93' title="bbox 2341 3179 3916 3256; baseline 0.004 -24"><span class='ocrx_word' id='word_1_743' title='bbox 2341 3179 2537 3249; x_wconf 88' lang='lat' dir='ltr'><strong>ubique</strong></span> <span class='ocrx_word' id='word_1_744' title='bbox 2576 3179 2677 3234; x_wconf 84' lang='lat' dir='ltr'><strong>sibi</strong></span> <span class='ocrx_word' id='word_1_745' title='bbox 2725 3188 3004 3249; x_wconf 61' lang='lat' dir='ltr'><strong>exaquet,</strong></span> <span class='ocrx_word' id='word_1_746' title='bbox 3044 3196 3184 3235; x_wconf 90' lang='lat' dir='ltr'><strong>nunc</strong></span> <span class='ocrx_word' id='word_1_747' title='bbox 3225 3183 3294 3235; x_wconf 89' lang='lat' dir='ltr'><strong>Ita</strong></span> <span class='ocrx_word' id='word_1_748' title='bbox 3345 3181 3588 3251; x_wconf 86' lang='lat' dir='ltr'><strong>loquens,</strong></span> <span class='ocrx_word' id='word_1_749' title='bbox 3632 3180 3916 3256; x_wconf 63' lang='lat' dir='ltr'><strong>Tamquam</strong></span> 
     </span>
    </p>
   </div>
   <div class='ocr_carea' id='block_1_94' title="bbox 2341 3269 3917 3344">
    <p class='ocr_par' dir='ltr' id='par_1_94' title="bbox 2341 3269 3917 3344">
     <span class='ocr_line' id='line_1_94' title="bbox 2341 3269 3917 3344; baseline 0.004 -20"><span class='ocrx_word' id='word_1_750' title='bbox 2341 3272 2473 3341; x_wconf 84' lang='lat' dir='ltr'><strong>patri</strong></span> <span class='ocrx_word' id='word_1_751' title='bbox 2492 3271 2655 3339; x_wconf 67' lang='lat' dir='ltr'><strong>ﬁlius,</strong></span> <span class='ocrx_word' id='word_1_752' title='bbox 2681 3270 2806 3323; x_wconf 74' lang='lat' dir='ltr'><strong>inihi</strong></span> <span class='ocrx_word' id='word_1_753' title='bbox 2826 3271 3076 3325; x_wconf 77' lang='lat' dir='ltr'><strong>inservivit</strong></span> <span class='ocrx_word' id='word_1_754' title='bbox 3106 3269 3359 3342; x_wconf 81' lang='lat' dir='ltr'><strong>(Philipp.</strong></span> <span class='ocrx_word' id='word_1_755' title='bbox 3390 3271 3445 3327; x_wconf 78' lang='lat'><strong>2.</strong></span> <span class='ocrx_word' id='word_1_756' title='bbox 3474 3272 3565 3344; x_wconf 67' lang='lat' dir='ltr'><strong>se)</strong></span> <span class='ocrx_word' id='word_1_757' title='bbox 3593 3288 3607 3327; x_wconf 86' lang='lat'><strong>:</strong></span> <span class='ocrx_word' id='word_1_758' title='bbox 3636 3289 3778 3329; x_wconf 86' lang='lat' dir='ltr'><strong>nunc</strong></span> <span class='ocrx_word' id='word_1_759' title='bbox 3799 3290 3917 3330; x_wconf 89' lang='lat' dir='ltr'><strong>rur-</strong></span> 
     </span>
    </p>
   </div>
   <div class='ocr_carea' id='block_1_95' title="bbox 2338 3361 3913 3437">
    <p class='ocr_par' dir='ltr' id='par_1_95' title="bbox 2338 3361 3913 3437">
     <span class='ocr_line' id='line_1_95' title="bbox 2338 3361 3913 3437; baseline 0.001 -18"><span class='ocrx_word' id='word_1_760' title='bbox 2338 3379 2452 3430; x_wconf 90' lang='lat' dir='ltr'><strong>sus,</strong></span> <span class='ocrx_word' id='word_1_761' title='bbox 2484 3364 2625 3435; x_wconf 84' lang='lat' dir='ltr'><strong>Opus</strong></span> <span class='ocrx_word' id='word_1_762' title='bbox 2648 3365 2782 3419; x_wconf 81' lang='lat' dir='ltr'><strong>enim</strong></span> <span class='ocrx_word' id='word_1_763' title='bbox 2804 3361 3015 3417; x_wconf 73' lang='lat' dir='ltr'><strong>Domini</strong></span> <span class='ocrx_word' id='word_1_764' title='bbox 3042 3372 3302 3434; x_wconf 83' lang='lat' dir='ltr'><strong>operatur,</strong></span> <span class='ocrx_word' id='word_1_765' title='bbox 3332 3366 3457 3420; x_wconf 85' lang='lat' dir='ltr'><strong>sicut</strong></span> <span class='ocrx_word' id='word_1_766' title='bbox 3478 3374 3526 3419; x_wconf 86' lang='lat' dir='ltr'><strong>et</strong></span> <span class='ocrx_word' id='word_1_767' title='bbox 3550 3381 3641 3437; x_wconf 76' lang='lat' dir='ltr'><strong>ego</strong></span> <span class='ocrx_word' id='word_1_768' title='bbox 3669 3364 3690 3435; x_wconf 96' lang='lat'><strong>(</strong></span> <span class='ocrx_word' id='word_1_769' title='bbox 3712 3366 3763 3421; x_wconf 93' lang='grc'>1.</span> <span class='ocrx_word' id='word_1_770' title='bbox 3792 3365 3913 3422; x_wconf 88' lang='lat' dir='ltr'><strong>Cor.</strong></span> 
     </span>
    </p>
   </div>
   <div class='ocr_carea' id='block_1_96' title="bbox 2340 3453 3915 3525">
    <p class='ocr_par' dir='ltr' id='par_1_96' title="bbox 2340 3453 3915 3525">
     <span class='ocr_line' id='line_1_96' title="bbox 2340 3453 3915 3525; baseline 0.001 -15"><span class='ocrx_word' id='word_1_771' title='bbox 2340 3454 2430 3510; x_wconf 84' lang='grc'><strong>16.</strong></span> <span class='ocrx_word' id='word_1_772' title='bbox 2464 3455 2557 3525; x_wconf 86' lang='grc'><strong>10)</strong></span> <span class='ocrx_word' id='word_1_773' title='bbox 2591 3469 2698 3510; x_wconf 89' lang='lat' dir='ltr'><strong>:ac</strong></span> <span class='ocrx_word' id='word_1_774' title='bbox 2725 3453 2952 3523; x_wconf 86' lang='lat' dir='ltr'><strong>denique</strong></span> <span class='ocrx_word' id='word_1_775' title='bbox 2995 3454 3097 3510; x_wconf 88' lang='lat' dir='ltr'><strong>hoc</strong></span> <span class='ocrx_word' id='word_1_776' title='bbox 3144 3455 3264 3512; x_wconf 88' lang='lat' dir='ltr'><strong>loco</strong></span> <span class='ocrx_word' id='word_1_777' title='bbox 3307 3456 3524 3515; x_wconf 81' lang='lat' dir='ltr'><strong>fratrem</strong></span> <span class='ocrx_word' id='word_1_778' title='bbox 3553 3470 3764 3525; x_wconf 81' lang='lat' dir='ltr'><strong>quoque</strong></span> <span class='ocrx_word' id='word_1_779' title='bbox 3791 3472 3915 3511; x_wconf 86' lang='lat' dir='ltr'><strong>eum</strong></span> 
     </span>
    </p>
   </div>
   <div class='ocr_carea' id='block_1_97' title="bbox 2340 3543 3917 3617">
    <p class='ocr_par' dir='ltr' id='par_1_97' title="bbox 2340 3543 3917 3617">
     <span class='ocr_line' id='line_1_97' title="bbox 2340 3543 3917 3617; baseline 0.001 -17"><span class='ocrx_word' id='word_1_780' title='bbox 2340 3546 2577 3617; x_wconf 83' lang='lat' dir='ltr'><strong>appellat</strong></span> <span class='ocrx_word' id='word_1_781' title='bbox 2602 3562 2618 3600; x_wconf 88' lang='lat'><strong>:</strong></span> <span class='ocrx_word' id='word_1_782' title='bbox 2648 3543 2898 3599; x_wconf 88' lang='lat' dir='ltr'><strong>nimirum</strong></span> <span class='ocrx_word' id='word_1_783' title='bbox 2923 3554 2983 3600; x_wconf 85' lang='lat' dir='ltr'><strong>ut</strong></span> <span class='ocrx_word' id='word_1_784' title='bbox 3006 3546 3258 3601; x_wconf 88' lang='lat' dir='ltr'><strong>omnibus</strong></span> <span class='ocrx_word' id='word_1_785' title='bbox 3287 3545 3463 3599; x_wconf 89' lang='lat' dir='ltr'><strong>modis</strong></span> <span class='ocrx_word' id='word_1_786' title='bbox 3487 3546 3536 3599; x_wconf 89' lang='lat' dir='ltr'><strong>ei</strong></span> <span class='ocrx_word' id='word_1_787' title='bbox 3566 3545 3706 3615; x_wconf 86' lang='lat' dir='ltr'><strong>apud</strong></span> <span class='ocrx_word' id='word_1_788' title='bbox 3732 3546 3917 3601; x_wconf 66' lang='lat' dir='ltr'><strong>Corin-</strong></span> 
     </span>
    </p>
   </div>
   <div class='ocr_carea' id='block_1_98' title="bbox 2342 3633 3913 3705">
    <p class='ocr_par' dir='ltr' id='par_1_98' title="bbox 2342 3633 3913 3705">
     <span class='ocr_line' id='line_1_98' title="bbox 2342 3633 3913 3705; baseline 0.001 -17"><span class='ocrx_word' id='word_1_789' title='bbox 2342 3636 2481 3691; x_wconf 88' lang='lat' dir='ltr'><strong>thios</strong></span> <span class='ocrx_word' id='word_1_790' title='bbox 2510 3633 2907 3691; x_wconf 87' lang='lat' dir='ltr'><strong>venerationem</strong></span> <span class='ocrx_word' id='word_1_791' title='bbox 2935 3646 3226 3705; x_wconf 81' lang='lat' dir='ltr'><strong>comparet.</strong></span> <span class='ocrx_word' id='word_1_792' title='bbox 3258 3635 3390 3690; x_wconf 86' lang='lat' dir='ltr'><strong>Nam</strong></span> <span class='ocrx_word' id='word_1_793' title='bbox 3414 3650 3515 3699; x_wconf 90' lang='lat' dir='ltr'><strong>eo,</strong></span> <span class='ocrx_word' id='word_1_794' title='bbox 3544 3644 3603 3690; x_wconf 90' lang='lat' dir='ltr'><strong>ut</strong></span> <span class='ocrx_word' id='word_1_795' title='bbox 3622 3635 3734 3705; x_wconf 91' lang='lat' dir='ltr'><strong>jam</strong></span> <span class='ocrx_word' id='word_1_796' title='bbox 3763 3636 3913 3699; x_wconf 88' lang='lat' dir='ltr'><strong>dixi,</strong></span> 
     </span>
    </p>
   </div>
   <div class='ocr_carea' id='block_1_99' title="bbox 2342 3726 3911 3798">
    <p class='ocr_par' dir='ltr' id='par_1_99' title="bbox 2342 3726 3911 3798">
     <span class='ocr_line' id='line_1_99' title="bbox 2342 3726 3911 3798; baseline 0 -17"><span class='ocrx_word' id='word_1_797' title='bbox 2342 3736 2672 3798; x_wconf 83' lang='lat' dir='ltr'><strong>perrexerat,</strong></span> <span class='ocrx_word' id='word_1_798' title='bbox 2704 3740 2921 3794; x_wconf 64' lang='lat' dir='ltr'><strong>suaeque</strong></span> <span class='ocrx_word' id='word_1_799' title='bbox 2949 3728 3161 3782; x_wconf 88' lang='lat' dir='ltr'><strong>virtutis</strong></span> <span class='ocrx_word' id='word_1_800' title='bbox 3188 3727 3568 3783; x_wconf 87' lang='lat' dir='ltr'><strong>documentum</strong></span> <span class='ocrx_word' id='word_1_801' title='bbox 3592 3726 3911 3797; x_wconf 67' lang='lat' dir='ltr'><strong>praebuerat.</strong></span> 
     </span>
    </p>
   </div>
   <div class='ocr_carea' id='block_1_100' title="bbox 2341 3818 3914 3889">
    <p class='ocr_par' dir='ltr' id='par_1_100' title="bbox 2341 3818 3914 3889">
     <span class='ocr_line' id='line_1_100' title="bbox 2341 3818 3914 3889; baseline -0.001 -15"><span class='ocrx_word' id='word_1_802' title='bbox 2341 3820 2582 3877; x_wconf 72' lang='lat' dir='ltr'><strong>Ecclesia:</strong></span> <span class='ocrx_word' id='word_1_803' title='bbox 2614 3819 2707 3875; x_wconf 84' lang='lat' dir='ltr'><strong>Dei</strong></span> <span class='ocrx_word' id='word_1_804' title='bbox 2734 3833 2847 3889; x_wconf 76' lang='lat' dir='ltr'><strong>qua</strong></span> <span class='ocrx_word' id='word_1_805' title='bbox 2869 3831 2940 3873; x_wconf 87' lang='lat' dir='ltr'><strong>est</strong></span> <span class='ocrx_word' id='word_1_806' title='bbox 2973 3819 3220 3875; x_wconf 84' lang='lat' dir='ltr'><strong>Corinthi.</strong></span> <span class='ocrx_word' id='word_1_807' title='bbox 3252 3819 3457 3874; x_wconf 82' lang='lat' dir='ltr'><strong>Rursus</strong></span> <span class='ocrx_word' id='word_1_808' title='bbox 3496 3833 3593 3874; x_wconf 82' lang='lat' dir='ltr'><strong>eos</strong></span> <span class='ocrx_word' id='word_1_809' title='bbox 3620 3818 3914 3873; x_wconf 59' lang='lat' dir='ltr'><strong>ECCIOViIIn</strong></span> 
     </span>
    </p>
   </div>
   <div class='ocr_carea' id='block_1_101' title="bbox 2340 3910 3913 3981">
    <p class='ocr_par' dir='ltr' id='par_1_101' title="bbox 2340 3910 3913 3981">
     <span class='ocr_line' id='line_1_101' title="bbox 2340 3910 3913 3981; baseline -0.003 -12"><span class='ocrx_word' id='word_1_810' title='bbox 2340 3924 2517 3981; x_wconf 86' lang='lat' dir='ltr'><strong>vocat,</strong></span> <span class='ocrx_word' id='word_1_811' title='bbox 2548 3923 2608 3969; x_wconf 90' lang='lat' dir='ltr'><strong>ut</strong></span> <span class='ocrx_word' id='word_1_812' title='bbox 2632 3926 2821 3967; x_wconf 86' lang='lat' dir='ltr'><strong>omnes</strong></span> <span class='ocrx_word' id='word_1_813' title='bbox 2847 3912 2898 3966; x_wconf 89' lang='lat' dir='ltr'><strong>in</strong></span> <span class='ocrx_word' id='word_1_814' title='bbox 2932 3928 3095 3967; x_wconf 89' lang='lat' dir='ltr'><strong>unum</strong></span> <span class='ocrx_word' id='word_1_815' title='bbox 3128 3912 3377 3968; x_wconf 87' lang='lat' dir='ltr'><strong>conciliet</strong></span> <span class='ocrx_word' id='word_1_816' title='bbox 3403 3926 3466 3966; x_wconf 86' lang='lat' dir='ltr'><strong>ac</strong></span> <span class='ocrx_word' id='word_1_817' title='bbox 3494 3910 3779 3965; x_wconf 90' lang='lat' dir='ltr'><strong>devinciat.</strong></span> <span class='ocrx_word' id='word_1_818' title='bbox 3805 3910 3913 3965; x_wconf 70' lang='lat' dir='ltr'><strong>Ne-</strong></span> 
     </span>
    </p>
   </div>
   <div class='ocr_carea' id='block_1_102' title="bbox 2342 4003 3914 4077">
    <p class='ocr_par' dir='ltr' id='par_1_102' title="bbox 2342 4003 3914 4077">
     <span class='ocr_line' id='line_1_102' title="bbox 2342 4003 3914 4077; baseline -0.003 -16"><span class='ocrx_word' id='word_1_819' title='bbox 2342 4022 2445 4077; x_wconf 86' lang='lat' dir='ltr'><strong>que</strong></span> <span class='ocrx_word' id='word_1_820' title='bbox 2468 4007 2611 4060; x_wconf 89' lang='lat' dir='ltr'><strong>enim</strong></span> <span class='ocrx_word' id='word_1_821' title='bbox 2641 4003 2875 4059; x_wconf 81' lang='lat' dir='ltr'><strong>Ecclesia</strong></span> <span class='ocrx_word' id='word_1_822' title='bbox 2904 4020 3008 4060; x_wconf 88' lang='lat' dir='ltr'><strong>una</strong></span> <span class='ocrx_word' id='word_1_823' title='bbox 3034 4014 3156 4060; x_wconf 63' lang='lat' dir='ltr'><strong>est!</strong></span> <span class='ocrx_word' id='word_1_824' title='bbox 3182 4012 3361 4074; x_wconf 81' lang='lat' dir='ltr'><strong>queat,</strong></span> <span class='ocrx_word' id='word_1_825' title='bbox 3390 4004 3612 4058; x_wconf 89' lang='lat' dir='ltr'><strong>divulsis</strong></span> <span class='ocrx_word' id='word_1_826' title='bbox 3637 4004 3731 4067; x_wconf 88' lang='lat' dir='ltr'><strong>iis,</strong></span> <span class='ocrx_word' id='word_1_827' title='bbox 3755 4013 3914 4073; x_wconf 86' lang='lat' dir='ltr'><strong>atque</strong></span> 
     </span>
    </p>
   </div>
   <div class='ocr_carea' id='block_1_103' title="bbox 2342 4093 3915 4166">
    <p class='ocr_par' dir='ltr' id='par_1_103' title="bbox 2342 4093 3915 4166">
     <span class='ocr_line' id='line_1_103' title="bbox 2342 4093 3915 4166; baseline -0.003 -15"><span class='ocrx_word' id='word_1_828' title='bbox 2342 4098 2483 4151; x_wconf 87' lang='lat' dir='ltr'><strong>inter</strong></span> <span class='ocrx_word' id='word_1_829' title='bbox 2517 4112 2577 4151; x_wconf 85' lang='lat' dir='ltr'><strong>se</strong></span> <span class='ocrx_word' id='word_1_830' title='bbox 2604 4095 2982 4151; x_wconf 88' lang='lat' dir='ltr'><strong>dissidentibus</strong></span> <span class='ocrx_word' id='word_1_831' title='bbox 3004 4136 3019 4158; x_wconf 85' lang='lat'><strong>,</strong></span> <span class='ocrx_word' id='word_1_832' title='bbox 3068 4095 3158 4166; x_wconf 88' lang='lat' dir='ltr'><strong>qui</strong></span> <span class='ocrx_word' id='word_1_833' title='bbox 3200 4097 3253 4150; x_wconf 92' lang='lat' dir='ltr'><strong>in</strong></span> <span class='ocrx_word' id='word_1_834' title='bbox 3294 4109 3358 4150; x_wconf 87' lang='lat' dir='ltr'><strong>ea</strong></span> <span class='ocrx_word' id='word_1_835' title='bbox 3387 4104 3530 4151; x_wconf 90' lang='lat' dir='ltr'><strong>sunt.</strong></span> <span class='ocrx_word' id='word_1_836' title='bbox 3560 4093 3688 4149; x_wconf 85' lang='lat' dir='ltr'><strong>Cum</strong></span> <span class='ocrx_word' id='word_1_837' title='bbox 3724 4095 3915 4150; x_wconf 78' lang='lat' dir='ltr'><strong>sanctis</strong></span> 
     </span>
    </p>
   </div>
   <div class='ocr_carea' id='block_1_104' title="bbox 2342 4185 3917 4257">
    <p class='ocr_par' dir='ltr' id='par_1_104' title="bbox 2342 4185 3917 4257">
     <span class='ocr_line' id='line_1_104' title="bbox 2342 4185 3917 4257; baseline -0.001 -15"><span class='ocrx_word' id='word_1_838' title='bbox 2342 4189 2573 4242; x_wconf 81' lang='lat' dir='ltr'><strong>omnibus</strong></span> <span class='ocrx_word' id='word_1_839' title='bbox 2602 4188 2688 4257; x_wconf 83' lang='lat' dir='ltr'><strong>qui</strong></span> <span class='ocrx_word' id='word_1_840' title='bbox 2718 4197 2832 4241; x_wconf 88' lang='lat' dir='ltr'><strong>sunt</strong></span> <span class='ocrx_word' id='word_1_841' title='bbox 2856 4186 2907 4241; x_wconf 82' lang='lat' dir='ltr'><strong>in</strong></span> <span class='ocrx_word' id='word_1_842' title='bbox 2937 4188 3166 4241; x_wconf 77' lang='lat' dir='ltr'><strong>universa</strong></span> <span class='ocrx_word' id='word_1_843' title='bbox 3191 4186 3401 4240; x_wconf 78' lang='lat' dir='ltr'><strong>Achaia.</strong></span> <span class='ocrx_word' id='word_1_844' title='bbox 3442 4185 3644 4241; x_wconf 84' lang='lat' dir='ltr'><strong>Eadem</strong></span> <span class='ocrx_word' id='word_1_845' title='bbox 3672 4201 3838 4255; x_wconf 90' lang='lat' dir='ltr'><strong>opera</strong></span> <span class='ocrx_word' id='word_1_846' title='bbox 3864 4195 3917 4242; x_wconf 87' lang='lat' dir='ltr'><strong>et</strong></span> 
     </span>
    </p>
   </div>
   <div class='ocr_carea' id='block_1_105' title="bbox 2340 4273 3915 4345">
    <p class='ocr_par' dir='ltr' id='par_1_105' title="bbox 2340 4273 3915 4345">
     <span class='ocr_line' id='line_1_105' title="bbox 2340 4273 3915 4345; baseline -0.001 -12"><span class='ocrx_word' id='word_1_847' title='bbox 2340 4277 2650 4333; x_wconf 85' lang='lat' dir='ltr'><strong>Corinthios</strong></span> <span class='ocrx_word' id='word_1_848' title='bbox 2679 4276 2882 4332; x_wconf 88' lang='lat' dir='ltr'><strong>honore</strong></span> <span class='ocrx_word' id='word_1_849' title='bbox 2906 4273 3088 4341; x_wconf 82' lang='lat' dir='ltr'><strong>afﬁcit,</strong></span> <span class='ocrx_word' id='word_1_850' title='bbox 3120 4278 3246 4334; x_wconf 90' lang='lat' dir='ltr'><strong>dum</strong></span> <span class='ocrx_word' id='word_1_851' title='bbox 3285 4290 3381 4345; x_wconf 75' lang='lat' dir='ltr'><strong>per</strong></span> <span class='ocrx_word' id='word_1_852' title='bbox 3405 4292 3521 4331; x_wconf 86' lang='lat' dir='ltr'><strong>eam</strong></span> <span class='ocrx_word' id='word_1_853' title='bbox 3549 4290 3709 4345; x_wconf 89' lang='lat' dir='ltr'><strong>quam</strong></span> <span class='ocrx_word' id='word_1_854' title='bbox 3731 4275 3799 4329; x_wconf 92' lang='lat' dir='ltr'><strong>ad</strong></span> <span class='ocrx_word' id='word_1_855' title='bbox 3822 4291 3915 4331; x_wconf 83' lang='lat' dir='ltr'><strong>eus</strong></span> 
     </span>
    </p>
   </div>
   <div class='ocr_carea' id='block_1_106' title="bbox 2343 4367 3919 4437">
    <p class='ocr_par' dir='ltr' id='par_1_106' title="bbox 2343 4367 3919 4437">
     <span class='ocr_line' id='line_1_106' title="bbox 2343 4367 3919 4437; baseline -0.001 -14"><span class='ocrx_word' id='word_1_856' title='bbox 2343 4370 2527 4424; x_wconf 90' lang='lat' dir='ltr'><strong>scribit</strong></span> <span class='ocrx_word' id='word_1_857' title='bbox 2552 4368 2830 4437; x_wconf 88' lang='lat' dir='ltr'><strong>epistolam</strong></span> <span class='ocrx_word' id='word_1_858' title='bbox 2854 4382 3040 4423; x_wconf 89' lang='lat' dir='ltr'><strong>omnes</strong></span> <span class='ocrx_word' id='word_1_859' title='bbox 3069 4367 3387 4432; x_wconf 86' lang='lat' dir='ltr'><strong>consalutat,</strong></span> <span class='ocrx_word' id='word_1_860' title='bbox 3409 4376 3461 4421; x_wconf 91' lang='lat' dir='ltr'><strong>et</strong></span> <span class='ocrx_word' id='word_1_861' title='bbox 3490 4367 3796 4421; x_wconf 89' lang='lat' dir='ltr'><strong>universam</strong></span> <span class='ocrx_word' id='word_1_862' title='bbox 3826 4382 3919 4421; x_wconf 79' lang='lat' dir='ltr'><strong>na-</strong></span> 
     </span>
    </p>
   </div>
   <div class='ocr_carea' id='block_1_107' title="bbox 2346 4458 3916 4525">
    <p class='ocr_par' dir='ltr' id='par_1_107' title="bbox 2346 4458 3916 4525">
     <span class='ocr_line' id='line_1_107' title="bbox 2346 4458 3916 4525; baseline 0 -10"><span class='ocrx_word' id='word_1_863' title='bbox 2346 4463 2543 4516; x_wconf 87' lang='lat' dir='ltr'><strong>tionem</strong></span> <span class='ocrx_word' id='word_1_864' title='bbox 2577 4460 2713 4515; x_wconf 89' lang='lat' dir='ltr'><strong>inter</strong></span> <span class='ocrx_word' id='word_1_865' title='bbox 2739 4473 2798 4514; x_wconf 89' lang='lat' dir='ltr'><strong>se</strong></span> <span class='ocrx_word' id='word_1_866' title='bbox 2826 4459 3091 4514; x_wconf 89' lang='lat' dir='ltr'><strong>conciliat.</strong></span> <span class='ocrx_word' id='word_1_867' title='bbox 3122 4458 3348 4515; x_wconf 80' lang='lat' dir='ltr'><strong>Sanctus</strong></span> <span class='ocrx_word' id='word_1_868' title='bbox 3374 4467 3552 4512; x_wconf 89' lang='lat' dir='ltr'><strong>autem</strong></span> <span class='ocrx_word' id='word_1_869' title='bbox 3591 4472 3685 4515; x_wconf 89' lang='lat' dir='ltr'><strong>eos</strong></span> <span class='ocrx_word' id='word_1_870' title='bbox 3726 4468 3916 4525; x_wconf 85' lang='lat' dir='ltr'><strong>vocat,</strong></span> 
     </span>
    </p>
   </div>
   <div class='ocr_carea' id='block_1_108' title="bbox 2344 4547 3914 4621">
    <p class='ocr_par' dir='ltr' id='par_1_108' title="bbox 2344 4547 3914 4621">
     <span class='ocr_line' id='line_1_108' title="bbox 2344 4547 3914 4621; baseline 0 -16"><span class='ocrx_word' id='word_1_871' title='bbox 2344 4562 2402 4605; x_wconf 93' lang='lat' dir='ltr'><strong>ut</strong></span> <span class='ocrx_word' id='word_1_872' title='bbox 2428 4550 2672 4606; x_wconf 90' lang='lat' dir='ltr'><strong>ostendat</strong></span> <span class='ocrx_word' id='word_1_873' title='bbox 2709 4549 2774 4603; x_wconf 91' lang='lat' dir='ltr'><strong>ab</strong></span> <span class='ocrx_word' id='word_1_874' title='bbox 2806 4547 2903 4605; x_wconf 88' lang='lat' dir='ltr'><strong>hac</strong></span> <span class='ocrx_word' id='word_1_875' title='bbox 2928 4548 3283 4620; x_wconf 87' lang='lat' dir='ltr'><strong>appellatione</strong></span> <span class='ocrx_word' id='word_1_876' title='bbox 3318 4548 3551 4604; x_wconf 86' lang='lat' dir='ltr'><strong>alienum</strong></span> <span class='ocrx_word' id='word_1_877' title='bbox 3581 4563 3705 4604; x_wconf 84' lang='lat' dir='ltr'><strong>esse</strong></span> <span class='ocrx_word' id='word_1_878' title='bbox 3724 4590 3739 4612; x_wconf 89' lang='lat'><strong>.</strong></span> <span class='ocrx_word' id='word_1_879' title='bbox 3768 4552 3914 4621; x_wconf 86' lang='lat' dir='ltr'><strong>quis-</strong></span> 
     </span>
    </p>
   </div>
   <div class='ocr_carea' id='block_1_109' title="bbox 2343 4638 3915 4713">
    <p class='ocr_par' dir='ltr' id='par_1_109' title="bbox 2343 4638 3915 4713">
     <span class='ocr_line' id='line_1_109' title="bbox 2343 4638 3915 4713; baseline 0 -18"><span class='ocrx_word' id='word_1_880' title='bbox 2343 4643 2463 4713; x_wconf 87' lang='lat' dir='ltr'><strong>quis</strong></span> <span class='ocrx_word' id='word_1_881' title='bbox 2512 4642 2732 4712; x_wconf 91' lang='lat' dir='ltr'><strong>impuris</strong></span> <span class='ocrx_word' id='word_1_882' title='bbox 2779 4651 2861 4697; x_wconf 89' lang='lat' dir='ltr'><strong>est</strong></span> <span class='ocrx_word' id='word_1_883' title='bbox 2902 4642 3159 4696; x_wconf 88' lang='lat' dir='ltr'><strong>moribus.</strong></span> <span class='ocrx_word' id='word_1_884' title='bbox 3211 4638 3280 4695; x_wconf 86' lang='lat' dir='ltr'><strong>Et</strong></span> <span class='ocrx_word' id='word_1_885' title='bbox 3322 4655 3417 4695; x_wconf 93' lang='lat' dir='ltr'><strong>cur</strong></span> <span class='ocrx_word' id='word_1_886' title='bbox 3459 4640 3527 4694; x_wconf 91' lang='lat' dir='ltr'><strong>ad</strong></span> <span class='ocrx_word' id='word_1_887' title='bbox 3576 4642 3915 4711; x_wconf 90' lang='lat' dir='ltr'><strong>metropolim</strong></span> 
     </span>
    </p>
   </div>
   <div class='ocr_carea' id='block_1_110' title="bbox 2342 4731 3917 4803">
    <p class='ocr_par' dir='ltr' id='par_1_110' title="bbox 2342 4731 3917 4803">
     <span class='ocr_line' id='line_1_110' title="bbox 2342 4731 3917 4803; baseline 0 -15"><span class='ocrx_word' id='word_1_888' title='bbox 2342 4732 2603 4801; x_wconf 87' lang='lat' dir='ltr'><strong>scribens,</strong></span> <span class='ocrx_word' id='word_1_889' title='bbox 2650 4734 2897 4788; x_wconf 88' lang='lat' dir='ltr'><strong>omnibus</strong></span> <span class='ocrx_word' id='word_1_890' title='bbox 2940 4748 3037 4803; x_wconf 89' lang='lat' dir='ltr'><strong>per</strong></span> <span class='ocrx_word' id='word_1_891' title='bbox 3078 4747 3195 4787; x_wconf 90' lang='lat' dir='ltr'><strong>eam</strong></span> <span class='ocrx_word' id='word_1_892' title='bbox 3238 4731 3444 4799; x_wconf 85' lang='lat' dir='ltr'><strong>scribit,</strong></span> <span class='ocrx_word' id='word_1_893' title='bbox 3484 4747 3605 4787; x_wconf 92' lang='lat' dir='ltr'><strong>cum</strong></span> <span class='ocrx_word' id='word_1_894' title='bbox 3645 4732 3697 4786; x_wconf 85' lang='lat' dir='ltr'><strong>id</strong></span> <span class='ocrx_word' id='word_1_895' title='bbox 3725 4732 3917 4803; x_wconf 85' lang='lat' dir='ltr'><strong>ubique</strong></span> 
     </span>
    </p>
   </div>
   <div class='ocr_carea' id='block_1_111' title="bbox 2344 4820 3916 4891">
    <p class='ocr_par' dir='ltr' id='par_1_111' title="bbox 2344 4820 3916 4891">
     <span class='ocr_line' id='line_1_111' title="bbox 2344 4820 3916 4891; baseline -0.001 -12"><span class='ocrx_word' id='word_1_896' title='bbox 2344 4826 2560 4879; x_wconf 86' lang='lat' dir='ltr'><strong>minime</strong></span> <span class='ocrx_word' id='word_1_897' title='bbox 2602 4824 2793 4877; x_wconf 80' lang='lat' dir='ltr'><strong>faciat?</strong></span> <span class='ocrx_word' id='word_1_898' title='bbox 2827 4821 3102 4891; x_wconf 87' lang='lat' dir='ltr'><strong>Siquidem</strong></span> <span class='ocrx_word' id='word_1_899' title='bbox 3141 4835 3263 4875; x_wconf 89' lang='lat' dir='ltr'><strong>cum</strong></span> <span class='ocrx_word' id='word_1_900' title='bbox 3302 4821 3370 4875; x_wconf 89' lang='lat' dir='ltr'><strong>ad</strong></span> <span class='ocrx_word' id='word_1_901' title='bbox 3408 4820 3916 4877; x_wconf 76' lang='lat' dir='ltr'><strong>Thessalonicenses</strong></span> 
     </span>
    </p>
   </div>
   <div class='ocr_carea' id='block_1_112' title="bbox 2344 4910 3916 4982">
    <p class='ocr_par' dir='ltr' id='par_1_112' title="bbox 2344 4910 3916 4982">
     <span class='ocr_line' id='line_1_112' title="bbox 2344 4910 3916 4982; baseline -0.003 -12"><span class='ocrx_word' id='word_1_902' title='bbox 2344 4916 2528 4970; x_wconf 89' lang='lat' dir='ltr'><strong>literas</strong></span> <span class='ocrx_word' id='word_1_903' title='bbox 2563 4914 2750 4979; x_wconf 86' lang='lat' dir='ltr'><strong>daret,</strong></span> <span class='ocrx_word' id='word_1_904' title='bbox 2780 4929 2886 4968; x_wconf 90' lang='lat' dir='ltr'><strong>non</strong></span> <span class='ocrx_word' id='word_1_905' title='bbox 2918 4911 2985 4967; x_wconf 89' lang='lat' dir='ltr'><strong>ad</strong></span> <span class='ocrx_word' id='word_1_906' title='bbox 3013 4910 3329 4967; x_wconf 72' lang='lat' dir='ltr'><strong>Macedones</strong></span> <span class='ocrx_word' id='word_1_907' title='bbox 3376 4926 3585 4982; x_wconf 90' lang='lat' dir='ltr'><strong>quoque</strong></span> <span class='ocrx_word' id='word_1_908' title='bbox 3611 4912 3916 4976; x_wconf 82' lang='lat' dir='ltr'><strong>scribebat;</strong></span> 
     </span>
    </p>
   </div>
   <div class='ocr_carea' id='block_1_113' title="bbox 2344 5002 3918 5074">
    <p class='ocr_par' dir='ltr' id='par_1_113' title="bbox 2344 5002 3918 5074">
     <span class='ocr_line' id='line_1_113' title="bbox 2344 5002 3918 5074; baseline -0.004 -11"><span class='ocrx_word' id='word_1_909' title='bbox 2344 5022 2443 5063; x_wconf 91' lang='lat' dir='ltr'><strong>nec</strong></span> <span class='ocrx_word' id='word_1_910' title='bbox 2483 5008 2610 5061; x_wconf 90' lang='lat' dir='ltr'><strong>item</strong></span> <span class='ocrx_word' id='word_1_911' title='bbox 2660 5006 2906 5074; x_wconf 87' lang='lat' dir='ltr'><strong>Ephesiis</strong></span> <span class='ocrx_word' id='word_1_912' title='bbox 2948 5002 3208 5069; x_wconf 88' lang='lat' dir='ltr'><strong>scribens,</strong></span> <span class='ocrx_word' id='word_1_913' title='bbox 3256 5003 3558 5059; x_wconf 89' lang='lat' dir='ltr'><strong>universam</strong></span> <span class='ocrx_word' id='word_1_914' title='bbox 3603 5004 3788 5058; x_wconf 84' lang='lat' dir='ltr'><strong>Asiam</strong></span> <span class='ocrx_word' id='word_1_915' title='bbox 3818 5017 3918 5057; x_wconf 85' lang='lat' dir='ltr'><strong>una</strong></span> 
     </span>
    </p>
   </div>
   <div class='ocr_carea' id='block_1_114' title="bbox 2342 5092 3920 5169">
    <p class='ocr_par' dir='ltr' id='par_1_114' title="bbox 2342 5092 3920 5169">
     <span class='ocr_line' id='line_1_114' title="bbox 2342 5092 3920 5169; baseline -0.005 -15"><span class='ocrx_word' id='word_1_916' title='bbox 2342 5098 2655 5169; x_wconf 89' lang='lat' dir='ltr'><strong>complexus</strong></span> <span class='ocrx_word' id='word_1_917' title='bbox 2682 5105 2808 5159; x_wconf 85' lang='lat' dir='ltr'><strong>est;</strong></span> <span class='ocrx_word' id='word_1_918' title='bbox 2856 5108 2955 5153; x_wconf 87' lang='lat' dir='ltr'><strong>nec</strong></span> <span class='ocrx_word' id='word_1_919' title='bbox 3001 5094 3235 5163; x_wconf 85' lang='lat' dir='ltr'><strong>denique</strong></span> <span class='ocrx_word' id='word_1_920' title='bbox 3266 5093 3499 5163; x_wconf 87' lang='lat' dir='ltr'><strong>Epistula</strong></span> <span class='ocrx_word' id='word_1_921' title='bbox 3538 5092 3606 5147; x_wconf 90' lang='lat' dir='ltr'><strong>ad</strong></span> <span class='ocrx_word' id='word_1_922' title='bbox 3648 5093 3920 5149; x_wconf 77' lang='lat' dir='ltr'><strong>Romanos</strong></span> 
     </span>
    </p>
   </div>
   <div class='ocr_carea' id='block_1_115' title="bbox 2347 5183 3920 5257">
    <p class='ocr_par' dir='ltr' id='par_1_115' title="bbox 2347 5183 3920 5257">
     <span class='ocr_line' id='line_1_115' title="bbox 2347 5183 3920 5257; baseline -0.008 -9"><span class='ocrx_word' id='word_1_923' title='bbox 2347 5194 2413 5248; x_wconf 93' lang='lat' dir='ltr'><strong>iis</strong></span> <span class='ocrx_word' id='word_1_924' title='bbox 2452 5191 2634 5255; x_wconf 87' lang='lat' dir='ltr'><strong>etiam,</strong></span> <span class='ocrx_word' id='word_1_925' title='bbox 2670 5187 2759 5257; x_wconf 91' lang='lat' dir='ltr'><strong>qui</strong></span> <span class='ocrx_word' id='word_1_926' title='bbox 2801 5187 2855 5241; x_wconf 93' lang='lat' dir='ltr'><strong>in</strong></span> <span class='ocrx_word' id='word_1_927' title='bbox 2896 5185 3045 5240; x_wconf 87' lang='lat' dir='ltr'><strong>Italia</strong></span> <span class='ocrx_word' id='word_1_928' title='bbox 3084 5184 3453 5251; x_wconf 88' lang='lat' dir='ltr'><strong>versabantur,</strong></span> <span class='ocrx_word' id='word_1_929' title='bbox 3486 5184 3647 5239; x_wconf 85' lang='lat' dir='ltr'><strong>missa</strong></span> <span class='ocrx_word' id='word_1_930' title='bbox 3688 5194 3793 5241; x_wconf 88' lang='lat' dir='ltr'><strong>est.</strong></span> <span class='ocrx_word' id='word_1_931' title='bbox 3826 5183 3920 5237; x_wconf 81' lang='lat' dir='ltr'><strong>Hic</strong></span> 
     </span>
    </p>
   </div>
   <div class='ocr_carea' id='block_1_116' title="bbox 2344 5261 3916 5349">
    <p class='ocr_par' dir='ltr' id='par_1_116' title="bbox 2344 5261 3916 5349">
     <span class='ocr_line' id='line_1_116' title="bbox 2344 5261 3916 5349; baseline -0.008 -10"><span class='ocrx_word' id='word_1_932' title='bbox 2344 5296 2524 5343; x_wconf 85' lang='lat' dir='ltr'><strong>autem</strong></span> <span class='ocrx_word' id='word_1_933' title='bbox 2553 5283 2653 5336; x_wconf 89' lang='lat' dir='ltr'><strong>hoc</strong></span> <span class='ocrx_word' id='word_1_934' title='bbox 2679 5279 2835 5345; x_wconf 80' lang='lat' dir='ltr'><strong>facit,</strong></span> <span class='ocrx_word' id='word_1_935' title='bbox 2872 5261 3032 5349; x_wconf 76' lang='lat' dir='ltr'><strong>atque</strong></span> <span class='ocrx_word' id='word_1_936' title='bbox 3069 5279 3193 5334; x_wconf 87' lang='lat' dir='ltr'><strong>item</strong></span> <span class='ocrx_word' id='word_1_937' title='bbox 3233 5278 3285 5334; x_wconf 88' lang='lat' dir='ltr'><strong>in</strong></span> <span class='ocrx_word' id='word_1_938' title='bbox 3328 5277 3560 5349; x_wconf 79' lang='lat' dir='ltr'><strong>Epistula</strong></span> <span class='ocrx_word' id='word_1_939' title='bbox 3584 5278 3652 5333; x_wconf 89' lang='lat' dir='ltr'><strong>ad</strong></span> <span class='ocrx_word' id='word_1_940' title='bbox 3682 5276 3916 5333; x_wconf 78' lang='lat' dir='ltr'><strong>Galatas.</strong></span> 
     </span>
    </p>
   </div>
   <div class='ocr_carea' id='block_1_117' title="bbox 2345 5361 3918 5445">
    <p class='ocr_par' dir='ltr' id='par_1_117' title="bbox 2345 5361 3918 5445">
     <span class='ocr_line' id='line_1_117' title="bbox 2345 5361 3918 5445; baseline -0.01 -15"><span class='ocrx_word' id='word_1_941' title='bbox 2345 5374 2526 5445; x_wconf 86' lang='lat' dir='ltr'><strong>Neque</strong></span> <span class='ocrx_word' id='word_1_942' title='bbox 2554 5372 2697 5426; x_wconf 89' lang='lat' dir='ltr'><strong>enitn</strong></span> <span class='ocrx_word' id='word_1_943' title='bbox 2727 5368 2955 5424; x_wconf 88' lang='lat' dir='ltr'><strong>illic‘uni</strong></span> <span class='ocrx_word' id='word_1_944' title='bbox 2980 5367 3275 5435; x_wconf 86' lang='lat' dir='ltr'><strong>dumtaxat,</strong></span> <span class='ocrx_word' id='word_1_945' title='bbox 3314 5377 3407 5425; x_wconf 84' lang='lat' dir='ltr'><strong>aut</strong></span> <span class='ocrx_word' id='word_1_946' title='bbox 3433 5361 3663 5431; x_wconf 84' lang='lat' dir='ltr'><strong>duabus,</strong></span> <span class='ocrx_word' id='word_1_947' title='bbox 3701 5372 3797 5419; x_wconf 84' lang='lat' dir='ltr'><strong>aut</strong></span> <span class='ocrx_word' id='word_1_948' title='bbox 3822 5364 3918 5417; x_wconf 80' lang='lat' dir='ltr'><strong>tri-</strong></span> 
     </span>
    </p>
   </div>
   <div class='ocr_carea' id='block_1_118' title="bbox 2346 5453 3915 5532">
    <p class='ocr_par' dir='ltr' id='par_1_118' title="bbox 2346 5453 3915 5532">
     <span class='ocr_line' id='line_1_118' title="bbox 2346 5453 3915 5532; baseline -0.008 -13"><span class='ocrx_word' id='word_1_949' title='bbox 2346 5465 2447 5519; x_wconf 89' lang='lat' dir='ltr'><strong>bus</strong></span> <span class='ocrx_word' id='word_1_950' title='bbox 2492 5460 2819 5525; x_wconf 87' lang='lat' dir='ltr'><strong>civitatibus,</strong></span> <span class='ocrx_word' id='word_1_951' title='bbox 2869 5458 2964 5515; x_wconf 88' lang='lat' dir='ltr'><strong>sed</strong></span> <span class='ocrx_word' id='word_1_952' title='bbox 3008 5458 3074 5515; x_wconf 89' lang='lat' dir='ltr'><strong>iis</strong></span> <span class='ocrx_word' id='word_1_953' title='bbox 3116 5459 3207 5532; x_wconf 90' lang='lat' dir='ltr'><strong>qui</strong></span> <span class='ocrx_word' id='word_1_954' title='bbox 3250 5460 3447 5531; x_wconf 88' lang='lat' dir='ltr'><strong>passim</strong></span> <span class='ocrx_word' id='word_1_955' title='bbox 3487 5453 3717 5526; x_wconf 84' lang='lat' dir='ltr'><strong>dispersi</strong></span> <span class='ocrx_word' id='word_1_956' title='bbox 3766 5460 3915 5507; x_wconf 87' lang='lat' dir='ltr'><strong>erant</strong></span> 
     </span>
    </p>
   </div>
   <div class='ocr_carea' id='block_1_119' title="bbox 2346 5541 3919 5620">
    <p class='ocr_par' dir='ltr' id='par_1_119' title="bbox 2346 5541 3919 5620">
     <span class='ocr_line' id='line_1_119' title="bbox 2346 5541 3919 5620; baseline -0.011 -10"><span class='ocrx_word' id='word_1_957' title='bbox 2346 5554 2570 5615; x_wconf 88' lang='lat' dir='ltr'><strong>scribit,</strong></span> <span class='ocrx_word' id='word_1_958' title='bbox 2603 5551 2684 5605; x_wconf 87' lang='lat' dir='ltr'><strong>his</strong></span> <span class='ocrx_word' id='word_1_959' title='bbox 2723 5549 2901 5604; x_wconf 87' lang='lat' dir='ltr'><strong>verbis</strong></span> <span class='ocrx_word' id='word_1_960' title='bbox 2936 5558 3132 5605; x_wconf 88' lang='lat' dir='ltr'><strong>utens:</strong></span> <span class='ocrx_word' id='word_1_961' title='bbox 3166 5549 3361 5604; x_wconf 75' lang='lat' dir='ltr'><strong>Paulus</strong></span> <span class='ocrx_word' id='word_1_962' title='bbox 3395 5544 3686 5620; x_wconf 73' lang='lat' dir='ltr'><strong>apostolus,</strong></span> <span class='ocrx_word' id='word_1_963' title='bbox 3730 5558 3833 5595; x_wconf 76' lang='lat' dir='ltr'><strong>non</strong></span> <span class='ocrx_word' id='word_1_964' title='bbox 3860 5541 3919 5594; x_wconf 75' lang='lat' dir='ltr'><strong>ab</strong></span> 
     </span>
    </p>
   </div>
   <div class='ocr_carea' id='block_1_120' title="bbox 2347 5631 3919 5714">
    <p class='ocr_par' dir='ltr' id='par_1_120' title="bbox 2347 5631 3919 5714">
     <span class='ocr_line' id='line_1_120' title="bbox 2347 5631 3919 5714; baseline -0.009 -14"><span class='ocrx_word' id='word_1_965' title='bbox 2347 5643 2629 5704; x_wconf 75' lang='lat' dir='ltr'><strong>hominibus</strong></span> <span class='ocrx_word' id='word_1_966' title='bbox 2653 5658 2743 5697; x_wconf 80' lang='lat' dir='ltr'><strong>nec</strong></span> <span class='ocrx_word' id='word_1_967' title='bbox 2768 5658 2857 5714; x_wconf 83' lang='lat' dir='ltr'><strong>per</strong></span> <span class='ocrx_word' id='word_1_968' title='bbox 2875 5642 3149 5711; x_wconf 81' lang='lat' dir='ltr'><strong>hominem,</strong></span> <span class='ocrx_word' id='word_1_969' title='bbox 3174 5642 3265 5697; x_wconf 81' lang='lat' dir='ltr'><strong>sed</strong></span> <span class='ocrx_word' id='word_1_970' title='bbox 3293 5658 3383 5711; x_wconf 83' lang='lat' dir='ltr'><strong>per</strong></span> <span class='ocrx_word' id='word_1_971' title='bbox 3404 5640 3582 5693; x_wconf 68' lang='lat' dir='ltr'><strong>Issum</strong></span> <span class='ocrx_word' id='word_1_972' title='bbox 3600 5631 3919 5689; x_wconf 61' lang='lat' dir='ltr'><strong>Christum“</strong></span> 
     </span>
    </p>
   </div>
   <div class='ocr_carea' id='block_1_121' title="bbox 2348 5724 3918 5805">
    <p class='ocr_par' dir='ltr' id='par_1_121' title="bbox 2348 5724 3918 5805">
     <span class='ocr_line' id='line_1_121' title="bbox 2348 5724 3918 5805; baseline -0.008 -14"><span class='ocrx_word' id='word_1_973' title='bbox 2348 5736 2509 5791; x_wconf 80' lang='lat' dir='ltr'><strong>Deum</strong></span> <span class='ocrx_word' id='word_1_974' title='bbox 2532 5736 2757 5801; x_wconf 83' lang='lat' dir='ltr'><strong>Patrem,</strong></span> <span class='ocrx_word' id='word_1_975' title='bbox 2783 5736 2870 5805; x_wconf 80' lang='lat' dir='ltr'><strong>qui</strong></span> <span class='ocrx_word' id='word_1_976' title='bbox 2896 5726 3600 5794; x_wconf 68' lang='lat' dir='ltr'><strong>suscitaritsumeausortttis,</strong></span> <span class='ocrx_word' id='word_1_977' title='bbox 3632 5734 3679 5781; x_wconf 88' lang='lat' dir='ltr'><strong>et</strong></span> <span class='ocrx_word' id='word_1_978' title='bbox 3704 5724 3794 5798; x_wconf 72' lang='lat' dir='ltr'><strong>qui</strong></span> <span class='ocrx_word' id='word_1_979' title='bbox 3819 5740 3918 5779; x_wconf 50' lang='lat' dir='ltr'><strong>use.</strong></span> 
     </span>
    </p>
   </div>
  </div>
