4060 6346
560 343 665 398 δελ

557 455 880 520 Ξπιστέλλει,
929 454 1100 524 λέγων
1121 471 1151 525 ’λ
1187 454 1425 519 Παῦλος
1462 455 1804 517 ἀπόστολος
1835 451 1984 523 [420]
2017 453 2128 504 οὐκ

556 550 659 602 ἀπ’
688 547 1029 614 ἀνθρώπων,
1062 545 1201 599 οὐδὲ
1237 545 1309 596 δι’
1337 544 1671 611 ἀνθρώπου,
1701 544 1861 594 ἀλλὰ
1888 541 1984 593 διὰ
2021 543 2131 606 ’1η-

557 639 673 693 σοῦ
723 637 975 705 Χριστοῦ
1023 637 1121 689 καί
1167 636 1312 688 Θεοῦ
1368 634 1592 699 Πατρύς
1638 633 1741 685 τοῦ
1793 631 2129 700 ἐγείραντος

558 726 745 780 αὑτὸν
768 727 836 777 ἐκ
879 723 1127 790 νεκρῶν,
1164 724 1261 775 καὶ
1292 726 1345 773 οἱ
1380 723 1500 773 σὺν
1537 720 1663 787 ἐμοὶ
1698 719 1916 784 πάντες
1960 718 2133 772 ἀδελ-

554 815 674 885 φοὶ,
705 815 832 880 ταῖς
872 815 1256 879 Ἐκκλησίαις
1296 810 1405 875 τῆς
1438 811 1754 874 Γαλατίας,
1786 810 1956 877 χάρις
1993 806 2133 876 ὑμῖν

558 911 652 959 καί
705 905 926 972 εἰρήνη.
966 903 1074 955 Καὶ
1119 902 1388 972 Ἑϐραίοις
1423 902 1478 952 δὲ
1509 901 1634 969 μίαν
1662 900 1862 952 ἅπασιν
1897 900 2132 969 ἔγραψεν

577 994 918 1062 Ἐπιστολὴν,
945 993 1064 1045 οὐδὲ
1091 992 1310 1054 τούτους
1326 992 1512 1044 διελὼν
1545 991 1681 1044 κατὰ
1700 991 1900 1052 πόλεις.
1927 990 1991 1040 Τί
2014 973 2131 1040 ποτ’

553 1082 648 1137 οὖν
683 1087 798 1136 εστι
835 1084 894 1135 :6
947 1082 1144 1147 αἴτιον;
1201 1084 1351 1153 Ἐμοὶ
1389 1082 1534 1134 δοκεῖ
1580 1082 1642 1133 τὸ
1687 1081 1850 1133 κοινὰ·
1874 1081 1939 1132 τὰ
1970 1079 2131 1142 νοσή-

561 1191 704 1242 ματα
735 1169 870 1225 εἶναι
899 1172 1150 1224 ἐνταῦθα·
1171 1174 1250 1225 6:6
1274 1175 1364 1225 καὶ
1387 1175 1568 1241 κοινὴν
1591 1174 1821 1223 ποιεῖται
1850 1169 1946 1238 τὴν
1981 1169 2132 1218 Ἐπι-

557 1264 766 1332 στολὴν,
810 1262 994 1332 ἐπειδὴ
1043 1266 1138 1316 καὶ
1182 1264 1370 1331 κοινῆς
1403 1263 1607 1314 ἐδέοντο
1642 1265 1738 1330 τῆς
1769 1262 2128 1330 διορθώσεως.

554 1355 665 1406 Καὶ
711 1354 815 1418 γὰρ
877 1354 1112 1405 Γαλάται
1171 1355 1367 1413 πάντες
1410 1353 1644 1414 ἐνόσουν,
1696 1354 1790 1404 καὶ
1857 1351 2128 1422 Ἐ6ραῖοι’

551 1443 701 1514 οἶμαι
732 1447 785 1497 δὲ
816 1446 904 1498 καὶ
937 1439 1103 1496 οὗτοι.
1139 1443 1467 1509 Συναγαγὼν
1496 1443 1671 1494 τοίνυν
1701 1444 1844 1494 ἅπαν
1868 1442 1925 1495 :6
1957 1443 2125 1505 ἔθνος,

554 1536 647 1586 καὶ
683 1533 993 1603 προσειπὼν
1042 1534 1259 1594 αὐτοὺς,
1310 1533 1381 1594 ὠς
1419 1533 1624 1594 πάντας
1671 1531 1815 1600 αὐτῴ
1863 1549 2129 1601 προσαγο-

557 1626 736 1693 ρεύειν
765 1624 925 1692 νόμος
949 1621 1034 1692 ἦν·
1063 1625 1238 1688 Χάρις
1266 1624 1370 1691 γὰρ
1398 1626 1537 1691 ὑμῖν
1564 1624 1660 1674 καὶ
1685 1623 1910 1690 εἰρήνη,
1947 1624 2126 1692 φησὶν,

552 1713 673 1764 ἀπὸ
707 1711 853 1763 Θεοῦ
886 1711 1112 1776 Πατρός
1143 1709 1332 1777 ἡμῶν,
1368 1712 1462 1763 καὶ
1499 1712 1719 1779 Κυρίου
1765 1713 1964 1776 Ἰησοῦ
1999 1715 2130 1778 Χρι-

553 1801 741 1853 στοῦ·
789 1802 1016 1853 ἄκουσον
1065 1800 1183 1862 πῶς
1233 1800 1577 1870 καταλλήλως
1623 1801 1851 1870 ἄρχεται
1880 1806 1946 1871 τῇ
1997 1821 2129 1872 προ-

553 1894 779 1963 κειμένῃ
827 1893 1102 1944 ὑποθέσει·
1151 1893 1492 1961 Εὐλογητὸς
1537 1898 1569 1947 ό
1604 1894 1746 1959 Θεὸς
1779 1895 1876 1946 καὶ
1929 1895 2129 1962 Πατὴρ

552 1985 660 2034 τοῦ
690 1984 908 2048 Κυρίου
945 1982 1110 2048 ἡμῶν
1166 1982 1357 2049 Ἰησοῦ
1391 1986 1665 2050 Χριστοῦ,
1717 1988 1748 2038 ὁ
1784 1984 1982 2052 Πατὴρ
2012 1984 2131 2038 τῶν

552 2073 888 2141 οἰκτιρμῶν,
945 2075 1039 2126 καὶ
1085 2075 1226 2137 Θεὸς
1275 2074 1476 2140 πάσης
1521 2074 1971 2141 παρακλήσεως.
2021 2077 2129 2127 Καὶ

553 2166 657 2217 ποῦ
713 2166 871 2218 τοῦτο
933 2165 1269 2233 κατάλληλον
1328 2169 1390 2234 τῇ
1455 2168 1792 2237 προκειμένῃ
1834 2169 2125 2230 ὑποθέσει,

552 2257 716 2325 φησί;
755 2257 862 2307 Καὶ
893 2256 1095 2323 σφόδρα
1130 2255 1227 2323 μὲν
1251 2250 1362 2306 οὖν.
1399 2256 1597 2307 Σκόπει
1644 2256 1728 2308 δέ·
1771 2257 1983 2309 Ἐλύπει
2010 2257 2128 2310 λίαν

544 2345 747 2406 αὐτοὺς
769 2346 860 2395 καὶ
879 2344 1124 2413 ἐθορύϐει
1146 2345 1203 2395 τὸ
1224 2345 1298 2414 μὴ
1319 2345 1721 2414 παραγενέσθαι
1744 2347 1960 2397 ὲκεῖτὸν
1978 2346 2129 2398 Ἀπό-

557 2437 769 2504 στολον,
803 2436 896 2487 καὶ
937 2435 1104 2487 ταῦτα
1131 2436 1614 2503 ἐπαγγειλάμενον,
1644 2438 1777 2490 ἀλλὰ
1801 2427 1890 2490 τὸν
1915 2438 2127 2492 ἅπαντα

553 2529 610 2578 ἐν
661 2526 970 2578 Μακεδονία
1012 2525 1288 2578 ἀναλῶσαι
1341 2528 1552 2596 χρόνον,
1599 2529 1693 2578 καὶ
1723 2527 1898 2579 δοκεῖν
1949 2530 2126 2580 αὐτῶν

552 2618 770 2688 ἑτέρους
795 2618 1276 2687 προτετιμηκέναι.
1313 2618 1412 2669 Διὰ
1440 2617 1596 2668 τοῦτο
1628 2618 1761 2686 πρὸς
1788 2617 1942 2669 τοῦτο
1978 2620 2125 2670 ἱστά-

555 2727 716 2778 μενος
747 2710 805 2759 16
845 2708 1129 2773 θορυϐοῦν,
1161 2707 1307 2774 λέγει
1338 2708 1432 2777 τὴν
1471 2710 1648 2761 αἰτίαν
1675 2709 1742 2760 δι’
1783 2709 1850 2779 ἣν
1887 2710 1945 2761 οὐ
1983 2726 2126 2780 παρ-

554 2800 794 2865 εγένετο·
830 2799 890 2848 οὐ
921 2797 1028 2867 μὴν
1053 2797 1110 2860 ἐξ
1134 2799 1349 2860 εὐθείας
1373 2800 1541 2867 αὐτὴν
1568 2800 1798 2870 τίθησιν,
1823 2801 1942 2853 οὐδὲ
1958 2802 2122 2869 λέγει,

553 2891 636 2941 ὅτι
687 2883 815 2941 Οἶδα
864 2888 961 2957 μὲν
1004 2889 1372 2958 ὑποσχόμενος
1407 2888 1575 2959 ἥξειν,
1610 2891 1793 2958 ἐπειδὴ
1821 2891 1987 2944 δὲδιά
2028 2892 2126 2955 τὰς

555 2979 761 3047 θλίψεις
806 2980 1174 3048 ὲνεποδίσθην,
1225 2983 1524 3047 σύγγνωτε.
1571 2961 1662 3033 καί
1705 2983 1778 3052 μὴ
1811 2986 2125 3052 καταγνῶτὲ

553 3089 671 3123 τινα
700 3071 996 3137 ὑπεροψίαν
1029 3071 1059 3140 ἢ
1089 3070 1360 3140 ῥαθυμίαν
1393 3071 1548 3140 ἡμῶν
1571 3088 1584 3101 ·
1615 3072 1730 3124 ἀλλ’
1769 3073 1968 3143 ἑτέρως
1995 3075 2125 3126 αὐτὸ

555 3162 649 3213 καὶ
706 3161 1282 3230 μεγαλοπρεπέστερον
1329 3163 1421 3214 καὶ
1467 3163 1901 3235 ἀξιοπιστότερον
1955 3182 2124 3217 κατα-

555 3253 830 3317 σκευάζει,
879 3254 1118 3322 ὲπαίρων
1173 3257 1234 3321 τῇ
1273 3255 1595 3324 παραμυθίᾳ
1639 3257 1698 3308 :6
1738 3259 1990 3326 πρᾶγμα,
2037 3258 2125 3310 ἵνα

555 3343 689 3410 μηδὲ
735 3345 977 3412 ἐρωτῶσι
1020 3343 1200 3395 λοιπὸν
1242 3346 1341 3412 τὴν
1384 3345 1585 3410 αἰτίαν,
1632 3347 1697 3398 δι’
1733 3347 1799 3415 ἢν
1836 3349 2119 3419 ὑστέρησε.

553 3434 663 3484 Καὶ
693 3433 884 3484 ταυτὸν
916 3433 1078 3496 ποιεῖ,
1109 3429 1220 3485 οἷον
1254 3438 1303 3488 εί
1333 3453 1414 3498 τις
1444 3437 1907 3506 ἐπαγγειλάμενος
1952 3440 2125 3491 ἐλθεῖν

550 3525 690 3591 πρός
725 3540 844 3574 τινα
872 3515 1219 3594 ποθούμενον,
1262 3521 1378 3578 εἶτα
1409 3528 1549 3593 μετὰ
1586 3529 1808 3598 μυρίους
1850 3531 2125 3594 κινδύνους

553 3614 723 3665 ἐλθὼν
751 3614 914 3680 λέγοιο
941 3616 1074 3679 Δόξα
1107 3635 1207 3681 σοι,
1254 3620 1281 3670 6
1309 3618 1460 3682 Θεὸς,
1485 3620 1565 3671 ὄτι
1597 3638 1686 3688 μοι
1707 3621 1767 3673 :6
1795 3621 2125 3692 ποθούμενον

551 3704 757 3766 ἔδειξας
795 3703 1079 3773 πρόσωπον
1100 3722 1112 3734 ·
1150 3707 1436 3777 εὐλογητὸς
1465 3712 1492 3761 ὁ
1516 3710 1667 3775 Θεὸς,
1701 3712 1826 3764 οἴων
1860 3730 1924 3782 με
1950 3714 2126 3767 κινδύ-

552 3811 659 3843 νων
702 3792 1036 3860 ἀπηλλαξας.
1096 3793 1160 3846 Ἠ
1210 3796 1316 3864 γὰρ
1363 3796 1637 3864 δοξολογία
1682 3799 1818 3870 α’ύτη
1863 3802 2125 3871 ἀπολογία

551 3880 761 3948 γίνεται
791 3880 866 3949 τῷ
903 3882 1146 3948 μέλλοντι
1178 3883 1450 3950 ἐγκαλεῖν,
1484 3888 1577 3938 καὶ
1603 3887 1721 3939 οὐδὲ
1752 3891 1941 3957 ἀφίησι
1987 3894 2124 3962 μέμ-

550 3971 758 4032 ψασθαι
789 3975 855 4040 τῇ
911 3971 1186 4041 μελλήσει.
1234 3975 1490 4046 Ἐρυθριᾷ
1522 3977 1627 4046 γάρ
1657 3979 1748 4030 τὸν
1787 3980 1877 4032 ἐπὶ
1911 3985 1977 4052 τῇ
2017 3983 2124 4037 τῶν

554 4061 821 4112 τοσούτων
870 4061 1154 4130 ἀπαλλαγῇ
1201 4063 1386 4115 κακῶν
1435 4066 1852 4134 εὐχαριστοῦντα
1893 4070 1970 4141 τῷ
2007 4072 2126 4142 Θεῷ

554 4153 634 4212 εἰς
663 4151 1013 4221 δικαστήριον
1055 4153 1255 4217 ἕλκειν,
1312 4155 1407 4207 καὶ
1461 4156 1685 4222 εὐθύνας
1730 4161 1980 4214 ἀπαιτεῖν
2024 4165 2125 4233 τῆς

554 4240 906 4310 βραδύτητος.
947 4245 1044 4294 Διά
1096 4242 1252 4295 τοῦτο
1297 4246 1388 4296 καὶ
1427 4245 1598 4310 οὕτως
1640 4249 1898 4320 ἄρχεται·
1938 4258 2126 4309 Εὐλο-

551 4331 730 4400 γητὸς
765 4335 796 4385 ὀ
842 4331 984 4397 Θεὸς
1031 4332 1148 4385 τῶν
1187 4336 1529 4404 οἰκτιρμῶν·
1576 4341 1822 4408 μεγάλων
1867 4347 2125 4402 κινδύνων

554 4421 804 4475 ἐντεῦθεν
839 4426 1133 4494 ὲπαγωγήν
1166 4442 1225 4477 τε
1259 4429 1354 4480 καὶ
1384 4430 1702 4502 ἀπαλλαγὴν
1735 4437 2121 4508 αἰνιττόμενος.

569 4512 784 4579 Ἐπειδὴ
840 4514 929 4566 καὶ
982 4515 1010 4564 6
1057 4515 1217 4567 Δαυῒδ
1257 4518 1353 4588 οὐχ
1397 4522 1594 4588 ὁμοίως
1641 4523 1798 4577 αὐτὸν
1853 4531 2123 4599 πανταχοῦ

557 4599 731 4662 καλεῖ,
769 4603 888 4654 οὐδὲ
913 4603 1020 4655 ἀπὸ
1043 4605 1147 4658 τῶν
1169 4607 1349 4660 αὐτῶν
1369 4626 1381 4639 ’
1409 4610 1522 4662 ἀλλ’
1546 4613 1671 4664 ὅταν
1698 4614 1795 4682 μὲν
1823 4621 1948 4687 περὶ
1971 4621 2125 4673 πολέ-

557 4709 659 4760 μου
701 4691 1011 4762 διαλέγηται
1041 4696 1134 4746 καὶ
1167 4697 1341 4766 νίκης,
1392 4700 1697 4768 Ἀγαπήσω
1735 4723 1825 4769 σε,
1858 4709 2050 4776 Κύριε,
2085 4711 2123 4777 ὴ

558 4783 734 4850 ἰσχύς
778 4801 932 4861 μου,
996 4786 1148 4851 φησὶ,
1206 4790 1417 4853 Κύριος
1460 4794 1916 4862 ὑπερασπιστὴς
1967 4816 2122 4867 μου’

557 4872 681 4923 ὅταν
711 4874 765 4925 δὲ
805 4875 932 4944 περὶ
973 4874 1204 4942 θλίψεως
1233 4877 1553 4948 ἀπαλλαγῆς
1581 4884 1672 4933 καὶ
1711 4885 1804 4936 τοῦ
1834 4887 1993 4954 ζόφου
2033 4890 2126 4940 :06

557 4965 952 5032 κατεσχηκότος
991 4967 1174 5030 αὐτὸν,
1225 4969 1439 5037 Κύριος
1479 4976 1778 5040 φωτισμός
1822 4975 1969 5047 [6‘21]
2007 4997 2125 5045 μου

556 5052 656 5104 καὶ
697 5051 900 5118 Σωτήρ
939 5071 1090 5120 μου’
1127 5059 1221 5110 καὶ
1264 5059 1358 5111 νῦν
1407 5061 1505 5130 μὲν
1549 5063 1654 5114 ἀπὸ
1696 5065 2122 5136 φιλανθρωπίας,

555 5145 652 5195 νῦν
682 5144 736 5196 δὲ
771 5146 878 5197 ἀπὸ
903 5145 1272 5217 δικαιοσύνης,
1300 5150 1392 5202 νῦν
1423 5153 1478 5203 δὲ
1517 5153 1626 5206 ἀπὸ
1667 5156 1896 5226 κρίσεως
1937 5159 2122 5214 ἀδεκά-

558 5252 683 5288 στου
729 5236 886 5288 αὐτὸν
932 5239 1183 5308 ὀνομάζει
1226 5243 1572 5313 καταλλήλως
1597 5251 1707 5310 τοῖς
1749 5251 2125 5320 ὑποκειμένοις

555 5328 784 5397 καιροῖς.
823 5327 977 5379 Ούτω
1015 5329 1077 5399 δὴ
1111 5331 1204 5382 καὶ
1246 5332 1272 5382 6
1309 5331 1515 5395 Παῦλος
1548 5337 1780 5390 ἐνταῦθα
1805 5341 2122 5410 ἀρχόμενος,

555 5416 662 5466 ἀπὸ
689 5415 1094 5486 φιλανθρωπίας
1123 5419 1282 5471 αὐτὸν
1312 5419 1487 5483 καλεῖ,
1527 5423 1587 5473 Ὀ
1611 5425 1752 5488 Θεὸς
1776 5425 1893 5478 τῶν
1911 5433 2112 5499 οἰκτιρ.

556 5501 703 5568 μῶν,
740 5503 913 5570 λέγων
934 5521 946 5532 ·
985 5507 1281 5570 τουτέστιν,
1313 5510 1340 5560 6
1363 5510 1676 5580 οίκτιρμοὺς
1698 5515 1979 5582 τοσούτους
2000 5522 2124 5573 ἐπι-

555 5592 889 5663 δειξάμενος,
938 5595 1012 5657 ὡς
1058 5595 1117 5661 ἐξ
1167 5597 1344 5651 αὐτῶν
1381 5601 1527 5669 ἡμᾶς
1573 5602 1865 5672 ἀναγαγεῖν
1892 5611 1999 5662 τῶν
2031 5610 2124 5664 τοῦ

556 5684 785 5737 θανάτου
813 5685 1014 5739 πυλῶν.

623 5778 692 5842 γ’.
731 5775 900 5831 Τοῦτο
933 5775 1038 5848 γὰρ
1075 5777 1309 5848 μάλιστα
1360 5781 1487 5838 ῖόιον
1519 5785 1654 5841 Θεοῦ
1702 5789 1793 5843 καὶ
1824 5791 2116 5862 ἐξαίρετον,

1259 341 1318 395 S.
1357 337 1638 394 JOANNIS
1675 334 2160 393 CIIRYSOSTOMI
2208 333 2528 391 ARCHIEP.
2566 334 3108 393 CONSTANTINOP.

3698 340 3811 396 586

2235 450 2330 503 καὶ
2357 453 2419 520 τῇ
2449 448 2607 518 φύσει
2635 451 3184 520 συγκεκληρωμένον,
3204 449 3266 504 :6
3286 449 3457 513 οὕτως
3487 451 3679 507 ἐλεεῖν.
3705 457 3810 509 Δια

2229 541 2386 592 τοῦτο
2410 539 2540 591 Θεὸν
2569 539 2868 609 οἰκτιρμῶν
2905 539 3076 592 καλεῖ.
3118 542 3188 595 Σὺ
3229 541 3285 594 δέ
3320 558 3409 611 μοι
3445 542 3636 595 σκόπει
3675 545 3810 597 κάν-

2228 630 2416 683 τεῦθεν
2442 630 2540 698 τὴν
2565 629 3066 699 ταπεινοφροσύνην
3105 632 3349 684 Παύλου·
3379 633 3520 704 ὑπὲρ
3563 637 3674 704 γάρ
3713 633 3810 687 :06

2228 721 2576 791 κηρύγματος
2605 719 2945 784 κινδυνεύων,
2969 719 3029 772 06
3071 736 3204 789 φησι
3241 721 3327 774 διὰ
3365 723 3466 790 τὴν
3501 722 3661 787 ἀξίαν
3697 723 3810 776 σώ-

2227 812 2436 874 ζεσθαι,
2483 812 2619 864 ἀλλὰ
2663 811 2752 864 διὰ
2790 813 2915 872 τοὺς
2958 812 3276 880 οίκτιρμοὺς
3315 812 3409 864 τοῦ
3447 813 3603 868 Θεοῦ.
3645 815 3809 868 Ἀλλά

2226 901 2382 954 τοῦτο
2423 903 2520 971 μὲν
2563 901 2788 971 ὕστερον
2832 902 3167 971 σαφέστερόν
3207 918 3358 971 φησι.
3393 901 3486 954 νῦν
3513 904 3567 956 δὲ
3605 905 3807 972 ἐπάγει

2226 991 2398 1057 λέγων
2420 1006 2433 1020 ·
2485 992 2545 1044 '0
2576 991 2939 1058 παρακαλῶν
2959 989 3117 1060 ἡμᾶς
3147 993 3216 1044 ἐν
3237 991 3402 1060 πάσῃ
3433 996 3655 1061 θλίψει.
3689 998 3816 1050 Οὐκ

2227 1075 2401 1143 εἷπεν,
2453 1079 2511 1132 '0
2562 1079 2638 1149 μὴ
2675 1079 2780 1132 ἐῶν
2831 1081 2976 1148 ἡμᾶς
3015 1078 3316 1142 θλίὸεσθαι,
3346 1078 3486 1144 ἀλλ’,
3529 1079 3590 1132 '0
3629 1083 3698 1134 ἐν
3725 1079 3807 1146 τῷ

2226 1172 2529 1224 θλίϐεσθαι
2553 1172 2934 1238 παρακαλῶν.
2969 1171 3136 1223 Τοῦτο
3166 1171 3274 1241 γὰρ
3303 1172 3396 1223 καὶ
3424 1169 3516 1222 :06
3543 1171 3680 1223 Θεοῦ
3704 1172 3806 1242 τὴν

2225 1259 2453 1328 δύναμιν
2470 1260 2734 1323 δείκνυσι,
2756 1260 2850 1313 καὶ
2883 1260 2990 1312 τῶν
3013 1260 3343 1331 θλιϐομένων
3364 1257 3515 1322 αὔξει
3547 1260 3648 1328 τὴν
3670 1261 3805 1312 ὐπο-

2229 1349 2429 1418 μονήν’
2476 1348 2544 1401 ’11
2587 1349 2696 1418 γὰρ
2739 1349 2965 1417 θλῖψις,
3010 1352 3192 1422 φησὶν,
3236 1351 3551 1420 ὑπομονὴν
3597 1367 3810 1418 κατερο

2226 1438 2473 1508 γάζεται.
2519 1438 2689 1491 Τοῦτο
2716 1441 2809 1492 καὶ
2850 1441 2877 1491 6
2901 1443 3186 1512 προφήτης
3215 1443 3418 1511 ἔλεγεν·
3468 1444 3563 1495 Ἐν
3601 1444 3806 1510 θλίψει

2225 1529 2569 1595 ἐπλάτυνάς
2593 1547 2688 1598 με,
2721 1532 2835 1582 Οὐκ
2862 1527 3033 1596 εἶπεν,
3064 1534 3143 1586 ὅτι
3176 1535 3290 1587 Οὐκ
3321 1535 3509 1597 εῐασάς
3537 1551 3604 1604 με
3633 1536 3805 1602 εμπε-

2227 1623 2336 1672 σείν
2370 1623 2449 1682 εἰς
2483 1620 2682 1688 θλῖψιν,
2713 1621 2820 1672 οὐδ’
2853 1621 2932 1673 ὅτι
2972 1623 3296 1693 Παρήγαγες
3328 1624 3540 1694 ταχέως
3568 1626 3667 1695 τὴν
3694 1623 3808 1676 Θλῖ-

2222 1711 2336 1779 ψιν,
2379 1712 2495 1764 ἀλλ’
2533 1714 2616 1764 ὅτι
2657 1712 2938 1783 Μενούσης
2984 1713 3152 1782 αὐτῆς
3180 1715 3482 1777 ὲπλάτυνάς
3517 1733 3606 1784 με,
3643 1733 3804 1768 τουτ-

2225 1803 2360 1869 έστι,
2402 1804 2601 1873 πολλὴν
2645 1803 2745 1874 τὴν
2791 1806 3133 1875 εὐρυχωρίαν
3163 1807 3255 1858 καὶ
3288 1806 3385 1876 τὴν
3435 1807 3616 1858 ἀνεσιν
3665 1824 3808 1876 παρ-

2224 1893 2411 1962 έσχεςσ
2457 1895 2484 1946 6
2518 1894 2580 1964 δὴ
2616 1897 2710 1947 καὶ
2730 1895 2825 1947 ἐπὶ
2851 1896 2959 1948 τῶν
2988 1896 3194 1949 παίδων
3220 1896 3328 1948 τῶν
3355 1897 3525 1966 τριῶν
3558 1899 3805 1964 γέγονεν.

2226 1984 2363 2036 Οὔτε
2395 1984 2504 2054 γὰρ
2532 1985 2802 2038 ἐκώλυσεν
2845 1988 3038 2051 αὐτοὺς
3067 1989 3348 2056 ἐμπεσεῖν,
3383 1987 3504 2040 οὔτε
3533 1989 3806 2056 ἐμπεσόν-

2223 2088 2350 2133 των,
2391 2072 2489 2140 τὴν
2524 2073 2699 2140 φλόγα
2728 2074 2969 2138 ἔσϐεσεν,
3002 2073 3136 2128 ἀλλά
3169 2076 3462 2147 καιομένης
3497 2080 3595 2147 τῆς
3637 2076 3808 2145 καμί-

2225 2180 2341 2228 νου,
2370 2165 2469 2232 τὴν
2501 2164 2843 2235 εὐρυχωρίαν
2869 2166 3130 2235 παρέσχε.

2293 2342 2463 2396 Τοῦτο
2502 2343 2595 2395 καὶ
2631 2341 2717 2394 ἀεὶ
2762 2344 2933 2395 ποιεῖν
2984 2342 3171 2396 εῖωθεν
3204 2345 3231 2397 6
3265 2343 3430 2408 Θεὸς·
3466 2348 3604 2418 ὅπερ
3633 2351 3807 2403 αἰνιτ-

2222 2435 2447 2505 τόμενος
2477 2436 2570 2487 καὶ
2605 2437 2631 2487 6
2663 2433 2873 2497 Παῦλος
2901 2435 3104 2503 ἔλεγεν·
3151 2436 3212 2488 '0
3251 2438 3617 2502 παρακαλῶν
3643 2441 3808 2510 ἡμᾶς

2221 2525 2289 2575 ἐν
2321 2528 2486 2592 πάσῃ
2531 2525 2756 2592 θλίψει.
2808 2527 2916 2579 Καὶ
2957 2527 3143 2596 ἕτερον
3173 2526 3229 2578 δέ
3268 2543 3319 2579 τι
3345 2526 3432 2582 διὰ
3461 2529 3668 2582 τούτων
3695 2532 3807 2585 δεί-

2222 2632 2398 2668 κνυσι.
2428 2618 2586 2668 Ποῖον
2611 2617 2674 2685 δὴ
2702 2617 2891 2681 τοῦτο;
2919 2618 3040 2670 Ὀτι
3067 2618 3164 2687 οὐχ
3193 2616 3357 2682 ἅπαξ,
3386 2619 3504 2670 οὐδὲ
3531 2618 3631 2682 δὶς,
3666 2621 3808 2674 ἀλλά

2221 2688 2486 2777 διηνεκῶς
2528 2709 2686 2760 τοῦτο
2716 2711 2879 2761 ποιεῖ.
2916 2710 3049 2761 Οὐδὲ
3071 2712 3180 2780 γὰρ
3211 2709 3303 2762 νῦν
3334 2709 3435 2777 μὲν
3468 2710 3800 2780 παρακαλεῖ,

2222 2797 2315 2852 νῦν
2347 2798 2403 2850 δὲ
2447 2800 2691 2868 ἀφίησιν,
2722 2800 2835 2852 ἀλλ’
2867 2801 2954 2853 ἀεὶ
2985 2801 3077 2853 καὶ
3110 2801 3400 2865 διαπαντὸς
3437 2803 3594 2856 τοῦτο
3632 2804 3805 2872 ἐργά-

2223 2890 2392 2952 ζεται.
2420 2891 2511 2943 Διὸ
2544 2887 2716 2954 εἶπεν,
2760 2892 2821 2944 '0
2865 2892 3248 2959 παρακαλῶν,
3297 2895 3415 2965 οὐχ,
3461 2895 3520 2948 '0
3551 2913 3806 2966 παρακα-

2221 2979 2400 3041 λέσας,
2454 2979 2565 3043 καὶ,
2616 2981 2709 3030 Ἐν
2747 2978 2914 3047 πάσῃ
2961 2982 3185 3048 θλίψει,
3235 2982 3355 3045 οὐκ,
3398 2985 3486 3036 Ἐν
3529 2985 3655 3056 τῇδε
3701 2989 3806 3039 καὶ

2223 3070 2367 3138 τῇδε,
2397 3070 2531 3135 ἀλλ’,
2552 3071 2652 3124 Ἐν
2675 3071 2842 3140 πάσῃ
2862 3088 2875 3101 ⁸
2897 3074 2985 3137 είς
3017 3072 3083 3126 τὸ
3112 3071 3407 3128 δύνασθαι
3434 3076 3591 3145 ἡμᾶς
3615 3093 3806 3146 παρα·

2221 3161 2430 3213 καλεῖν
2455 3162 2598 3227 τοὺς
2627 3162 2696 3215 ὲν
2747 3164 2913 3230 πάσῃ
2961 3165 3184 3232 θλίψει,
3216 3164 3313 3218 διὰ
3344 3165 3455 3232 τῆς
3491 3169 3806 3237 παρακλή-

2219 3266 2373 3314 σεως
2417 3247 2492 3319 ἧς
2534 3255 3038 3321 παρακαλούμεθα
3075 3255 3241 3308 αὐτοὶ
3294 3256 3413 3309 ὑπὸ
3463 3259 3570 3310 τοῦ
3627 3261 3800 3315 Θεοῦ.

2220 3339 2371 3404 Εἶδες
2403 3341 2520 3405 πῶς
2543 3344 3012 3414 προανακρούεται
3042 3345 3137 3415 τὴν
3166 3346 3479 3414 ἀπολογίαν,
3504 3350 3599 3400 καὶ
3629 3352 3805 3418 μεγά-

2219 3435 2318 3505 λης
2349 3435 2581 3503 θλίψεως
2619 3436 2874 3488 ὑπόνοιαν
2902 3438 3129 3508 παρέχει
3159 3437 3236 3507 τῷ
3269 3440 3550 3511 ἀκροατῇ;
3583 3441 3692 3492 Καὶ
3731 3440 3802 3494 δι’

2220 3525 2399 3578 αὐτῶν
2437 3526 2593 3578 πάλιν
2643 3526 2922 3594 μετριάζει
2954 3527 3160 3579 τούτων
3189 3527 3385 3595 λέγων,
3412 3530 3493 3581 ὅτι
3523 3530 3615 3584 καὶ
3637 3531 3804 3594 αὐτὸς

2220 3619 2248 3668 6
2278 3617 2559 3686 οίκτιρμὸς
2589 3611 2743 3680 06:0;
2773 3617 3011 3684 ἐγένετο,
3057 3620 3116 3670 οὐ
3156 3618 3241 3671 6:6
3273 3619 3368 3689 τὴν
3399 3620 3578 3674 αὐτῶν
3617 3620 3800 3686 ἀξίαν,

2221 3706 2354 3759 ἀλλὰ
2377 3706 2464 3759 διὰ
2491 3707 2617 3770 τοὺς
2647 3707 2739 3761 ὑπ’
2769 3709 2948 3761 αὐτῶν
2974 3709 3316 3781 ὠφεληθῆναι
3344 3711 3675 3779 ὀφείλοντας.
3700 3715 3803 3768 Διά

2223 3799 2379 3852 τοῦτο
2400 3799 2506 3870 γὰρ
2532 3799 2902 3870 παρεκάλεσεν
2930 3803 3096 3870 ἡμᾶς,
3126 3803 3308 3870 φησὶν,
3339 3803 3424 3855 ῖνα
3445 3807 3608 3872 ἡμεῖς
3634 3805 3802 3876 ἀλλή-

2224 3889 2347 3952 λους
2376 3890 2801 3960 παρακαλῶμεν.
2834 3890 2932 3942 Διά
2955 3890 3144 3944 τούτου
3172 3891 3227 3944 δὲ
3251 3893 3345 3945 καὶ
3372 3893 3430 3944 :6
3445 3891 3662 3963 ἀξίωμα
3689 3895 3802 3948 δεί-

2229 3997 2388 4032 κνυσι
2421 3981 2528 4032 τῶν
2549 3981 2879 4045 ἀποστόλων,
2906 3983 3182 4050 ἐμφαίνων
3202 3983 3283 4035 ὅτι
3311 3983 3680 4053 παρακληθεὶς
3704 3989 3801 4040 καὶ

2223 4072 2590 4136 ἀναπνεύσας,
2609 4073 2707 4126 οὐκ
2721 4074 3014 4126 ἀναπίπτει
3042 4073 3290 4143 καθάπερ
3313 4077 3490 4144 ἡμεῖς,
3509 4076 3625 4129 ἀλλ’
3642 4080 3721 4141 είς
3733 4079 3800 4131 :6

2221 4165 2442 4232 ἑτέρους
2465 4164 2705 4231 ἀλείφειν
2729 4165 2942 4235 πρόεισι
2980 4166 3073 4217 καὶ
3094 4166 3318 4236 νευροῦν
3358 4166 3455 4218 καὶ
3483 4167 3793 4239 διεγείρειν.

2222 4253 2377 4312 Τινὲς
2403 4253 2458 4304 δὲ
2489 4253 2646 4305 αὐτὸν
2678 4254 2779 4306 καὶ
2805 4252 2953 4324 [ωε]
2986 4254 3144 4306 :06:0
3175 4253 3353 4321 λέγειν
3388 4255 3572 4322 φασὶν,
3610 4258 3692 4308 ὅτι
3733 4258 3798 4310 Ἠ

2223 4342 2566 4412 παράκλησις
2593 4343 2750 4412 ἡμῶν
2781 4345 2874 4397 καὶ
2901 4344 3074 4396 ἀλλων
3107 4342 3452 4414 παράκλησίς
3482 4347 3616 4396 ἐστι.
3641 4347 3801 4400 Δοκεῖ

2222 4435 2276 4486 δέ
2303 4453 2390 4504 μοι
2419 4436 2511 4486 καὶ
2551 4436 2683 4506 πρὸς
2712 4438 2836 4499 τοὺς
2867 4437 3328 4505 ψευδαποστὸλους
3354 4440 3480 4499 τοὺς
3509 4439 3633 4508 είκῆ
3657 4458 3799 4494 καυ-

2222 4527 2518 4593 χωμένους,
2581 4528 2674 4579 καὶ
2718 4527 2853 4578 οῐκοι
2906 4527 3247 4595 καθημένους
3305 4529 3397 4580 καὶ
3453 4529 3796 4598 τρυφῶντα;,,

2223 4617 2604 4668 ἀποτείνεσθαι
2642 4615 2728 4668 διὰ
2773 4616 2865 4668 τοῦ
2911 4619 3220 4690 προοιμίου.
3288 4617 3447 4670 Ἀλλά
3500 4619 3655 4673 τοῦτο
3696 4623 3799 4691 μὲν

2225 4709 2662 4778 αἰνιγματωδῶς,
2689 4711 2784 4763 καὶ
2828 4710 2903 4774 ὡς
2923 4713 2978 4763 ὲν
3007 4713 3269 4782 παρέργῳ
3289 4727 3301 4739 ·
3355 4711 3415 4764 :6
3441 4712 3498 4765 δὲ
3527 4717 3802 4785 προηγού-

2227 4815 2384 4867 μενον
2403 4799 2563 4852 τοῦτο
2592 4796 2679 4871 ἦν,
2703 4800 3144 4872 ἀπολογήσασθαι
3170 4801 3306 4872 ὑπὲρ
3339 4805 3437 4872 τῆς
3463 4805 3795 4874 μελλήσεως.

2223 4889 2285 4938 Εί
2319 4888 2427 4956 γὰρ
2463 4888 2550 4942 διὰ
2592 4890 2750 4943 τοῦτο
2798 4889 3282 4961 παρακαλούμεθα,
3334 4892 3420 4947 ἵνα
3460 4897 3554 4947 καὶ
3604 4893 3800 4957 ἄλλους

2222 4981 2654 5050 παρακαλῶμεν,
2685 4984 2758 5052 μὴ
2784 4983 3049 5050 ὲγκαλῆτε
3085 4983 3160 5044 ὡς
3204 4985 3278 5056 μὴ
3311 4985 3794 5057 παραγενομένοις.

2223 5071 2316 5132 Είς
2346 5071 2452 5142 γὰρ
2483 5072 2640 5124 τοῦτο
2670 5073 2814 5133 ἅπας
2845 5074 2977 5140 ἡμῖν
3013 5072 3040 5123 6
3074 5075 3262 5143 χρόνος
3299 5077 3557 5148 ἐτρίϐετο,
3592 5077 3670 5140 είς
3695 5080 3799 5144 τὰς

2222 5165 2531 5229 επιϐουλὰς,
2572 5167 2651 5226 είς
2693 5165 2790 5227 τὰς
2839 5167 3153 5232 ἐπαγωγὰς,
3205 5171 3283 5232 είς
3337 5170 3400 5220 :6
3438 5167 3680 5224 διαλῦσαι
3724 5171 3802 5225 :6

2224 5257 2443 5308 ἐπιόντα
2484 5254 2655 5309 δεινά.
2703 5255 2829 5306 Ὅτι
2875 5256 3068 5322 καθὼς
3101 5258 3444 5326 περισσεύει
3489 5257 3560 5313 τὰ
3602 5261 3802 5325 παθή-

2219 5365 2378 5416 ματα
2418 5345 2524 5397 τοῦ
2573 5343 2832 5410 Χριστοῦ
2874 5349 2960 5412 είς
2991 5347 3170 5416 ἡμᾶς,
3218 5347 3369 5400 οὕτω
3398 5346 3493 5401 διὰ
3517 5349 3622 5403 τοῦ
3654 5351 3797 5419 Χρι-

2223 5430 2374 5492 στοῦ
2414 5437 2760 5503 περισσεύει
2814 5438 2911 5489 καὶ
2957 5439 2995 5504 ή
3031 5436 3410 5503 παράκλησις
3455 5439 3643 5508 ἡμῶν.
3675 5439 3800 5493 Ἵνα

2223 5531 2331 5600 γὰρ
2365 5530 2438 5598 μὴ
2469 5529 2751 5600 καταϐάλῃ
2770 5530 2896 5590 τοὺς
2933 5526 3179 5597 μαθητὰς
3209 5527 3286 5596 τῷ
3315 5529 3518 5601 σφόδρα
3544 5530 3802 5598 ἐπαίρειν

2221 5620 2319 5682 :6;
2357 5619 2660 5689 συμφορὰς,
2684 5619 2924 5672 δείκνυσι
2949 5615 3110 5666 πάλιν
3132 5615 3330 5688 πολλὴν
3359 5621 3456 5690 τὴν
3479 5619 3800 5688 περιουσίαν

2224 5711 2314 5762 καὶ
2350 5711 2448 5780 τῆς
2503 5711 2900 5786 παρακλήσεως
2932 5701 3118 5772 οὖσαν,
3165 5710 3259 5763 καὶ
3287 5713 3564 5779 ἀνίστησιν
3611 5713 3801 5764 αὐτῶν

2223 5802 2319 5857 τὴν
2347 5801 2600 5869 διάνοιαν,
2630 5803 2689 5856 οὐ
2710 5799 2878 5868 ταύτῃ
2905 5796 3083 5869 μόνον,
3107 5800 3240 5856 ἀλλὰ
3265 5802 3357 5858 καὶ
3384 5802 3457 5871 τῷ
3478 5802 3804 5874 ἀναμνῆσαι
