4066 6348
244 439 360 494 885

248 567 369 605 cum
391 556 505 603 sunt
529 561 698 601 omnes
722 544 926 616 fratres,
956 541 1193 597 Ecclesiis
1222 540 1436 599 Galatia
1465 557 1483 595 :
1528 540 1703 594 Gratia
1724 552 1808 593 υοο

242 620 330 693 ιε.
356 648 402 691 et
427 618 527 705 pas:
564 634 707 701 (Gal.
745 636 794 690 l.
840 634 890 688 ι.
931 634 1005 703 δ).
1036 633 1171 699 Quin
1208 631 1275 685 ad
1317 630 1565 685 Hebraios
1602 644 1810 697 quoque

257 742 418 782 unam
456 726 748 796 generatim
788 724 1065 794 epistolam
1098 720 1343 789 scripsit,
1374 734 1473 773 nec
1500 734 1593 773 eos
1618 733 1713 787 per
1738 718 1808 771 ci-

247 818 442 871 vitates
484 814 743 870 distinxit.
784 815 1035 880 Quaenam
1077 811 1232 882 igitur
1272 808 1489 877 hujusce
1536 808 1613 863 rei
1651 820 1806 883 causa

244 904 376 959 est?
420 903 532 959 lea
576 903 786 973 quidem
831 901 1131 962 seruantia,
1176 898 1316 967 quod
1366 910 1677 952 communes
1725 897 1810 951 liie

250 993 424 1048 morbi
453 1002 666 1057 essent;
702 993 819 1046 ideo
846 1004 1179 1046 communem
1205 1002 1413 1057 quoque
1436 988 1712 1056 epistolam
1736 987 1811 1041 fa-

245 1083 344 1147 cit,
389 1083 507 1152 quia
550 1082 816 1137 communi
845 1079 1180 1135 correctione
1223 1076 1549 1147 indigebant.
1600 1077 1809 1131 Etenim

246 1171 453 1229 Galatas
479 1186 666 1227 omnes
696 1175 879 1225 morbo
910 1166 1218 1222 laborabant
1253 1175 1307 1222 et
1335 1166 1573 1232 Hebraei,
1612 1176 1771 1235 atque
1790 1206 1805 1230 ,

248 1272 311 1316 ut
334 1276 450 1317 mea
476 1260 655 1330 opinio
680 1260 799 1324 fert,
830 1256 883 1310 hi
906 1271 1134 1327 quoque.
1161 1255 1516 1325 Quamobrem
1544 1271 1663 1311 cum
1688 1255 1806 1309 uni-

247 1367 458 1409 versam
479 1351 744 1406 nationem
772 1357 1161 1418 congregasset,
1186 1358 1343 1417 atque
1369 1362 1481 1412 eos,
1502 1354 1561 1401 ut
1579 1346 1809 1415 reliquos

245 1456 438 1496 omnes
464 1444 843 1501 consueverat,
871 1436 1186 1501 salutasset;
1220 1434 1395 1489 Gratia
1427 1435 1567 1489 enim
1604 1444 1649 1487 et
1685 1451 1805 1502 pax,

248 1532 441 1604 inquit,
486 1545 517 1583 a
552 1526 662 1581 Deo
701 1525 859 1581 Patre
885 1536 1055 1581 nostro
1094 1536 1142 1581 et
1167 1524 1384 1579 Domino
1412 1525 1535 1579 Iesu
1571 1524 1807 1587 Christo;

244 1621 373 1676 audi
390 1621 500 1689 jam
517 1616 782 1687 quomodo
807 1615 1202 1671 accommodate
1229 1614 1296 1668 ad
1328 1614 1622 1669 institutum
1648 1627 1806 1681 argu-

246 1721 489 1767 mentum
516 1708 831 1763 exordiatur.
870 1708 1166 1762 Benedictus
1196 1705 1330 1760 Deus
1357 1717 1404 1760 et
1430 1704 1586 1759 Pater
1605 1703 1808 1757 Domini

244 1800 409 1854 nostri
454 1797 579 1852 Jesu
622 1797 830 1865 Christi,
876 1796 1031 1851 Pater
1070 1796 1554 1860 misericordiarum,
1586 1804 1632 1847 et
1673 1791 1807 1846 Deus

244 1891 400 1945 totius
446 1889 815 1944 consolationis.
861 1886 1099 1955 Quonam
1142 1896 1317 1942 autem
1359 1892 1540 1953 modo,
1580 1886 1803 1955 inquies,

245 1978 353 2033 hoc
379 1980 619 2048 prasenti
640 1988 951 2049 argumento
976 1977 1257 2047 congruit?
1285 1976 1507 2031 Maxime
1531 1990 1660 2030 sane
1690 1994 1703 2029 :
1732 1975 1809 2031 sic

244 2071 393 2126 enim
430 2068 669 2139 expende
700 2087 715 2125 :
742 2084 929 2138 magna
972 2071 1073 2123 hoc
1100 2083 1195 2123 eos
1230 2068 1470 2123 molestia
1501 2075 1557 2121 et
1593 2077 1807 2136 pertur-

246 2160 463 2215 batione
502 2152 763 2213 afficiebat
780 2195 796 2223 ,
821 2156 960 2227 quod
984 2156 1256 2226 apostolus
1284 2155 1408 2209 illuc
1435 2156 1653 2211 minime
1678 2170 1805 2225 pro-

247 2249 419 2303 lectus
445 2248 662 2313 fuisset,
685 2261 805 2300 cum
836 2245 888 2300 id
911 2260 968 2301 se
998 2247 1255 2301 iacturum
1282 2246 1677 2315 spopondisset,
1705 2260 1802 2301 ve-

247 2353 368 2394 rum
390 2339 691 2392 universum
721 2344 929 2406 tempus
955 2338 1006 2391 iu
1033 2336 1337 2391 Macedonia
1366 2336 1804 2407 consumpsisset,

246 2430 487 2498 aliosque
528 2426 657 2496 ipsis
698 2425 962 2483 anteferre
1016 2425 1303 2483 videretur.
1355 2427 1529 2495 Quare
1574 2436 1631 2483 ut
1673 2427 1807 2482 hanc

248 2520 695 2593 perturbationem
715 2520 1047 2591 comprimat,
1068 2526 1279 2576 causam
1300 2522 1533 2590 exponit,
1561 2522 1629 2576 ob
1650 2534 1809 2590 quam

247 2611 469 2667 minime
494 2610 560 2666 ad
590 2625 683 2666 eos
707 2611 1017 2681 pet-rexerit.
1053 2608 1162 2665 Nec
1186 2619 1361 2664 tamen
1391 2620 1535 2664 recta
1563 2625 1681 2664 eam
1709 2623 1805 2677 po-

249 2702 353 2768 nit,
372 2716 481 2769 ,uec
505 2702 599 2769 ait,
639 2699 761 2756 Scio
785 2698 996 2768 quidem
1020 2697 1161 2769 quod
1190 2697 1456 2767 pollicitus
1485 2712 1603 2751 sum
1631 2714 1716 2751 me
1740 2699 1807 2752 ad

252 2809 351 2848 vos
379 2801 676 2856 venturum,
705 2787 841 2854 sed,’
865 2786 989 2859 quia
1031 2787 1360 2843 calamitates
1400 2789 1526 2842 milii
1570 2789 1807 2858 impedi-

248 2892 433 2940 mento
472 2881 643 2945 fuere,
693 2879 968 2950 ignoscite,
1015 2893 1228 2949 quaeso,
1276 2894 1374 2935 nec
1418 2894 1502 2935 me
1545 2880 1807 2949 superbiae

248 2973 522 3044 cujusdam
564 2978 656 3024 aut
692 2969 1021 3042 negligentiae
1046 2970 1397 3025 condemnato
1441 2987 1455 3021 :
1497 2984 1679 3024 verum
1707 2971 1805 3025 alia

249 3068 458 3121 ratione
481 3078 547 3119 ac
574 3061 994 3133 magniﬁcentius
1020 3071 1179 3131 atque
1221 3060 1288 3114 ad
1331 3061 1486 3114 [idem
1515 3061 1806 3115 faciendam

247 3153 698 3213 accommodatius
728 3154 827 3209 hoc
850 3153 991 3210 idem
1020 3151 1202 3216 eilicit,
1231 3166 1341 3205 rem
1367 3165 1465 3219 per
1492 3151 1809 3205 consolatio-

250 3263 374 3304 nem
399 3247 728 3318 atnplilicans
755 3262 770 3299 :
798 3260 906 3314 quo
927 3243 1177 3312 deinceps
1203 3242 1303 3311 ipsi
1334 3257 1438 3296 non
1470 3242 1810 3298 sciscitentur

248 3355 349 3394 cur
385 3338 450 3393 ad
477 3353 569 3392 eos
598 3336 775 3393 venire
801 3344 1076 3390 cunctatus
1099 3334 1185 3388 sit.
1221 3335 1297 3387 Ae
1324 3333 1541 3402 perinde
1578 3334 1723 3397 facit,
1753 3340 1810 3386 ut

250 3432 298 3485 si
333 3429 469 3499 quis,
504 3442 627 3482 cum
658 3440 716 3480 se
754 3424 820 3479 ad
861 3425 1128 3495 aliquem,
1170 3439 1325 3494 quem
1366 3439 1547 3479 carum
1596 3425 1806 3491 habeat,

248 3530 531 3574 venturum
560 3530 679 3570 esse
716 3516 1021 3584 recepisset,
1054 3528 1116 3568 ac
1143 3522 1325 3583 postea
1353 3515 1642 3568 innumeris
1666 3516 1809 3584 peri-

250 3610 387 3663 culis
410 3610 712 3676 perfunctus
733 3608 927 3671 veniat,
944 3620 1005 3660 ac
1032 3606 1203 3658 dicat:
1224 3601 1400 3658 Gloria
1424 3605 1515 3659 tibi
1534 3606 1625 3669 sit,
1648 3604 1808 3671 Deus,

250 3697 393 3769 quod
439 3696 624 3751 faciem
670 3694 796 3748 mihi
840 3712 1015 3749 caram
1057 3710 1120 3750 ac
1170 3695 1520 3751 desideratam
1581 3696 1814 3751 ostendi-

241 3791 321 3845 sti
351 3807 365 3843 :
394 3788 702 3845 benedictus
736 3787 903 3849 Deus.
935 3790 1126 3856 quibus
1155 3787 1399 3856 periculis
1427 3803 1513 3843 me
1543 3789 1808 3843 liberastil

253 3879 524 3949 Siquidem
566 3877 864 3947 bujusmodi
906 3876 1100 3931 divinae
1126 3876 1307 3947 gloria!
1352 3877 1656 3945 praedicatio
1687 3891 1811 3946 pur-

254 3970 480 4051 gationis
504 3969 618 4023 vice
644 3968 781 4036 apud
808 3982 927 4021 eum
955 3976 1070 4030 est,
1102 3968 1189 4037 qui
1228 3970 1656 4036 expostulaturus
1695 3967 1809 4022 fue-

260 4073 340 4118 rat
361 4102 377 4125 ,
409 4077 506 4117 nec
532 4076 652 4116 eum
681 4060 749 4115 de
785 4061 1119 4114 cunctatione
1143 4074 1205 4113 ac
1234 4073 1378 4112 mora
1408 4061 1658 4129 conqueri
1689 4075 1811 4127 per-

257 4154 436 4211 mittit.
470 4152 743 4207 Erubescit
768 4153 911 4207 enim
939 4167 1081 4219 eum,
1108 4151 1195 4221 qui
1222 4152 1290 4205 ob
1316 4159 1392 4204 tot
1417 4165 1478 4204 ac
1506 4161 1643 4204 tanta
1679 4151 1815 4205 mala

249 4262 328 4301 .ex
352 4246 540 4312 quibus
562 4251 772 4310 ereptus
801 4253 884 4297 est
911 4243 1020 4297 Deo
1047 4242 1239 4313 gratias
1266 4241 1389 4309 agit,
1416 4241 1467 4293 in
1489 4241 1575 4309 jus
1603 4256 1809 4305 vocare,

262 4346 551 4405 pcenasque
579 4330 837 4385 tarditatis
878 4332 946 4386 ab
975 4348 1039 4386 eo
1069 4342 1331 4399 expetere.
1363 4330 1487 4384 ideo
1519 4331 1597 4383 sic
1637 4330 1815 4397 auspi-

260 4435 430 4488 catur,
454 4422 746 4476 Benedictus
769 4419 905 4475 Deus
929 4419 1395 4476 missricordiarum.
1423 4420 1625 4486 Quibus
1645 4421 1818 4475 verbis

265 4519 366 4573 hoc
403 4514 729 4581 subindicat,
762 4527 821 4569 se
868 4514 1031 4584 ipsius
1072 4529 1172 4583 ope
1216 4527 1280 4566 ex
1330 4513 1628 4581 ingentibus
1678 4513 1819 4581 peri-

264 4610 399 4666 eulis
426 4605 671 4661 eductum
720 4622 782 4663 ac
826 4608 1105 4663 liberatum
1152 4605 1353 4681 fuisse._
1385 4604 1819 4674 Quandoquidem

268 4698 429 4755 David
455 4713 556 4750 non
582 4696 773 4768 ubique
799 4698 986 4755 eodem
1018 4698 1193 4761 modo,
1222 4710 1320 4749 nec
1351 4696 1415 4747 ab
1443 4696 1628 4748 iisdem
1659 4696 1822 4750 rebus

268 4794 439 4861 ipsum
479 4788 752 4854 appellat;
799 4803 980 4841 verum
1024 4802 1142 4841 cum
1191 4787 1257 4839 de
1304 4786 1444 4838 bello
1494 4801 1554 4838 ac
1604 4787 1821 4839 victoria

266 4882 428 4937 verba
457 4878 598 4943 facit,
641 4876 861 4947 D'u’igam
907 4889 971 4941 te,
1016 4878 1248 4943 Domine,
1279 4878 1432 4929 virtus
1471 4893 1597 4941 mea,
1632 4878 1810 4946 inquit,

270 4974 513 5028 Dominus
540 4977 783 5037 protector
810 4986 944 5021 meus
972 4967 1137 5041 (Psal.
1168 4969 1252 5022 Π.
1288 4968 1338 5036 l)
1370 4984 1382 5018 :
1416 4982 1533 5022 cum
1562 4980 1735 5023 autem
1758 4973 1823 5024 de

269 5060 586 5124 calamitate,
631 5072 733 5128 qua
778 5059 1027 5114 liberatus
1057 5069 1158 5124 est,
1189 5073 1251 5111 ac
1277 5057 1342 5111 de
1367 5059 1529 5111 animi
1558 5060 1781 5127 caligine
1806 5100 1819 5123 ,

269 5171 389 5224 qua:
418 5158 587 5224 ipsum
617 5150 1005 5215 circumdabat,
1039 5152 1282 5206 Dominus
1310 5149 1613 5203 illuminatio
1650 5168 1757 5215 mea
1780 5162 1824 5204 et

270 5248 410 5299 salus
439 5262 546 5297 mea
578 5243 745 5316 (Psal.
774 5240 863 5294 26.
898 5241 951 5309 l)
980 5258 992 5293 :
1023 5252 1179 5311 atque
1207 5257 1343 5295 nunc
1373 5256 1403 5296 a
1432 5242 1751 5310 benignitate
1773 5252 1825 5297 et

271 5335 576 5400 clementia,
606 5349 743 5388 nunc
772 5349 799 5385 a
822 5330 1053 5401 justitia,
1088 5348 1227 5387 nunc
1251 5334 1319 5388 ab
1343 5335 1646 5397 incorrupto
1683 5333 1825 5401 judi-

273 5430 378 5491 cio,
410 5432 563 5495 prout
584 5423 695 5488 illa,
730 5425 782 5478 in
816 5422 1005 5492 quibus
1031 5424 1356 5485 versabatur,
1386 5433 1617 5491 tempora
1647 5433 1828 5491 postu-

273 5520 473 5578 labant.
502 5525 907 5582 cognomentum
934 5514 1028 5582 ipsi
1051 5513 1251 5568 tribuit.
1274 5517 1354 5568 Ad
1384 5516 1625 5569 eumdem
1657 5516 1829 5584 ilaque

278 5608 493 5663 modum
538 5604 637 5657 hoc
669 5603 787 5657 loco
818 5606 1009 5660 l‘aulus
1041 5605 1293 5671 incipiens
1339 5623 1367 5658 a
1416 5606 1733 5675 benignitate
1778 5616 1830 5659 et

276 5698 558 5750 clementia
584 5694 751 5764 ipsum
783 5697 1031 5763 appellat,
1060 5694 1196 5747 Deus
1220 5696 1670 5748 miscricordiarum
1697 5738 1709 5760 ,
1745 5697 1828 5749 in-

284 5790 492 5855 quiens,
546 5786 647 5841 hoc
687 5795 784 5852 est,
834 5788 923 5853 qui
966 5796 1121 5841 tantze
1170 5787 1520 5841 miserationis
1563 5790 1826 5855 specimen

1327 428 1390 484 IN
1430 428 1640 485 EPIST.
1685 427 1724 483 ll
1791 427 1880 483 AD
1914 426 2066 483 COR.
2103 427 2329 485 liOMlL.
2369 429 2410 485 l.

3373 436 3476 493 388

1915 539 2113 599 edidit.
2173 551 2228 595 ut
2280 558 2377 595 nos
2429 556 2492 600 ex
2548 522 2674 613 ipsis
2721 545 2908 599 mortis
2962 546 3128 615 portis
3182 549 3441 606 eduxerit.

1981 629 2034 683 3.
2076 629 2231 684 Pauli
2259 632 2534 687 humilitas.
2588 635 2695 687 lioe
2736 635 2877 689 enim
2928 637 3162 691 maxime
3214 641 3322 693 Deo
3347 656 3473 710 pro.

1913 718 2083 786 prium
2130 735 2192 773 ac
2235 723 2499 789 peculiare
2541 733 2623 778 est
2662 724 2929 794 ipsiusque
2974 736 3175 782 natura:
3220 726 3470 795 insitum,

1914 806 2160 860 nimirum
2186 808 2255 863 ad
2294 809 2434 864 hunc
2462 811 2675 865 modum
2718 814 2979 867 misereri.
3015 813 3137 868 ideo
3172 816 3469 871 misericor-

1910 895 2113 949 diarum
2144 898 2303 951 Deum
2334 901 2501 968 ipsum
2527 908 2696 954 vocat.
2728 903 2901 971 Atque
2938 902 3061 957 hinc
3088 919 3305 973 quoque,
3322 904 3463 961 Paul

1911 983 2256 1039 humilitatem
2285 987 2438 1041 velim
2465 989 2794 1044 consideres.
2821 990 2950 1044 Nam
2975 994 3213 1060 quamvis
3240 1008 3463 1062 evange-

1912 1076 2025 1130 lica:
2068 1077 2456 1145 prmdieationis
2497 1094 2654 1133 causa
2695 1081 3113 1148 periclitaretur,
3160 1097 3263 1138 non
3296 1096 3473 1138 tamen

1910 1169 2099 1222 merito
2134 1183 2259 1233 suo,
2291 1168 2383 1223 sed
2417 1184 2513 1239 per
2536 1170 2625 1224 Dei
2650 1170 3015 1225 miserationes
3040 1177 3263 1228 salutem
3288 1190 3475 1230 conse-

1909 1267 2128 1325 quutum
2181 1273 2237 1311 se
2290 1272 2409 1312 esse
2455 1258 2551 1313 ait.
2607 1259 2802 1313 Verum
2854 1259 2953 1313 hoc
2991 1261 3199 1329 quidem
3238 1264 3471 1333 apertius

1909 1356 2091 1415 postea
2130 1348 2261 1402 dixit
2288 1366 2303 1413 ;
2331 1364 2471 1403 nunc
2503 1359 2676 1405 autem
2706 1350 2817 1406 bzec
2842 1352 2999 1407 verba
3040 1353 3338 1424 subjungit:
3370 1357 3474 1423 Qui

1908 1436 2194 1491 consolatur
2236 1454 2325 1491 nos
2362 1440 2413 1491 in
2442 1439 2575 1492 omni
2611 1439 2946 1495 tribulatione.
2996 1441 3109 1496 Non
3154 1443 3284 1497 dixit
3308 1486 3323 1506 ,
3370 1446 3471 1513 Qui

1909 1538 2013 1577 non
2054 1527 2179 1579 sinit
2205 1542 2300 1581 nos
2326 1529 2627 1585 calamitate
2654 1530 2791 1585 allici
2814 1575 2833 1598 ,
2868 1531 2961 1587 sed
2989 1572 3005 1599 ,
3046 1533 3146 1600 Qui
3180 1536 3231 1587 in
3257 1538 3471 1589 calami-

1907 1620 2007 1666 tate
2053 1631 2145 1669 nos
2188 1619 2496 1673 consolatur.
2558 1619 2689 1674 Nam
2739 1619 2841 1677 hoc
2888 1632 2995 1676 tum
3047 1624 3138 1678 Dei
3184 1616 3471 1695 potentiam

1907 1703 2173 1769 declarat,
2212 1714 2319 1759 tum
2346 1722 2562 1774 eorum,
2597 1710 2688 1779 qui
2712 1712 3101 1769 calamitatibus
3124 1726 3468 1784 premuntur,

1908 1793 2211 1860 patientiam
2250 1804 2445 1863 auget:
2479 1794 2757 1851 Tribulatio
2808 1802 2982 1865 enim,
3032 1803 3233 1873 inquit,
3281 1807 3474 1875 patien-

1908 1882 2029 1935 tiam
2057 1894 2293 1953 operatur
2317 1884 2337 1957 (
2353 1888 2501 1939 ttom.
2530 1887 2585 1943 5.
2611 1888 2700 1958 3).
2731 1888 2785 1942 id
2812 1891 2949 1958 quod
2980 1894 3235 1962 propheta
3263 1912 3473 1967 quoque

1908 1970 1990 2025 bis
2034 1974 2213 2029 verbis
2261 1976 2525 2031 indicabat
2562 1996 2575 2032 :
2623 1977 2691 2033 In
2743 1982 3061 2037 tribulatione
3122 1987 3347 2042 dilatasti
3394 2006 3473 2042 me

1910 2062 2078 2133 (Psal.
2120 2066 2172 2120 4.
2213 2067 2246 2120 2
2266 2068 2309 2139 ).
2341 2067 2453 2123 Non
2482 2068 2652 2135 dixit,
2680 2070 2795 2126 Non
2824 2088 3007 2142 passus
3028 2090 3083 2129 es
3114 2091 3196 2131 me
3223 2080 3273 2131 in
3302 2082 3472 2136 tribu-

1906 2155 2155 2211 lationem
2202 2158 2348 2225 labi,
2398 2168 2521 2225 aut,
2569 2160 2984 2219 Tribulationem
3027 2170 3304 2223 confestim
3341 2172 3471 2226 sub-

1908 2245 2155 2311 movisti,
2184 2248 2275 2302 sed
2300 2289 2315 2313 ,
2364 2249 2439 2303 Ea
2481 2262 2728 2308 manente
2774 2254 3007 2311 dilatasti
3048 2273 3172 2313 me:
3205 2262 3305 2314 hoc
3346 2272 3467 2328 est,

1910 2331 2174 2401 ingentem
2223 2336 2398 2392 cordis
2460 2339 2791 2397 latitudinem
2857 2354 2912 2399 et
2966 2346 3287 2417 voluptatem
3342 2352 3470 2407 mihi

1907 2423 2145 2478 attulisti.
2197 2424 2248 2479 Id
2296 2426 2436 2495 quod
2476 2431 2634 2484 et‘ram
2681 2432 2733 2486 in
2782 2435 2949 2491 tribus
2996 2440 3176 2507 pueris
3218 2442 3458 2512 contigit.

1908 2513 2088 2584 Neque
2133 2516 2272 2570 enim
2298 2558 2311 2581 ,
2358 2534 2463 2588 quo
2506 2521 2681 2575 minus
2726 2526 2777 2576 in
2821 2525 3088 2583 fornacem
3140 2531 3464 2601 inciderent,

1908 2604 2213 2671 prohibuit,
2242 2621 2340 2662 nec
2368 2622 2485 2662 cum
2514 2610 2853 2679 incidissent,
2883 2613 3147 2671 flammam
3177 2622 3466 2688 exstinxit,

1909 2708 2090 2747 verum
2115 2694 2365 2766 ﬂagrante
2391 2697 2605 2755 fornace
2632 2701 2959 2759 latitudinem
2986 2706 3114 2777 ipsis
3141 2700 3384 2778 prwbuit.

1980 2779 2332 2847 Deus‘semper
2355 2790 2658 2843 consolatur.
2680 2821 2751 2832 —-
2773 2792 2881 2848 Hoc
2902 2809 3087 2851 autem
3120 2798 3256 2855 Deus
3287 2815 3471 2870 perpe—

1878 2942 1881 2945 γ
1909 2878 2001 2924 tuo
2038 2869 2211 2926 facere
2236 2876 2510 2929 consuevit
2541 2894 2555 2930 :
2583 2880 2722 2945 quod
2750 2882 2910 2934 etiam
2942 2882 3133 2940 Paulus
3172 2869 3472 2944 suliindica-

1909 2959 2031 3026 bat,
2084 2977 2204 3017 cum
2266 2963 2470 3020 diceret
2510 2984 2523 3020 :
2573 2966 2672 3033 Qui
2733 2972 3022 3026 consolatur
3084 2992 3175 3030 nos
3232 2979 3285 3032 in
3336 2984 3473 3035 onmi

1910 3052 2243 3108 tribulatione.
2272 3054 2406 3122 Quin
2432 3056 2573 3111 aliud
2598 3072 2805 3129 quoque
2830 3062 2913 3116 bis
2933 3064 3107 3119 verbis
3126 3067 3468 3123 demonstrat.

1909 3140 2166 3207 Quidnam
2193 3145 2402 3198 tandem
2433 3146 2570 3200 istud
2593 3148 2616 3203 ΐ
2645 3150 2844 3219 Nempe
2871 3155 3007 3221 quod
3042 3173 3145 3210 non
3182 3160 3344 3213 semel
3382 3170 3473 3215 aut

1912 3230 2131 3293 iterum,
2182 3232 2274 3286 sed
2326 3248 2539 3303 semper
2592 3237 2691 3292 hoc
2711 3236 2886 3293 faciat.
2928 3241 3109 3312 Neque
3150 3248 3291 3301 enim
3334 3266 3472 3303 nunc

1910 3321 2241 3389 consolatur,
2301 3339 2442 3380 nunc
2498 3342 2683 3383 rursus
2729 3330 2960 3397 deserit,
3016 3335 3109 3389 sed
3154 3352 3364 3407 semper
3411 3357 3473 3395 ac

1911 3426 2166 3480 perpetuo
2195 3413 2293 3468 hoc
2335 3416 2461 3484 agit.
2495 3417 2574 3470 0b
2597 3417 2752 3488 idque
2798 3420 2967 3489 dixit,
3019 3424 3114 3491 Qui
3149 3429 3470 3498 consolatur,

1912 3518 2048 3571 non,
2085 3506 2183 3573 Qui
2226 3510 2509 3562 consolatus
2548 3520 2665 3574 est;
2704 3522 2787 3578 et,
2839 3512 2905 3567 In
2943 3498 3081 3569 omni
3111 3517 3461 3588 tribulatione,

1913 3613 2016 3651 non
2056 3599 2108 3652 in
2146 3599 2245 3654 hac
2278 3609 2435 3670 atque
2466 3601 2548 3655 illa
2571 3642 2586 3666 ,
2625 3602 2824 3664 scd,In
2866 3608 2999 3659 omni
3024 3624 3041 3669 ,'
3068 3620 3123 3661 ut
3151 3612 3396 3679 possimus
3424 3624 3473 3667 et

1911 3689 2009 3757 ipsi
2063 3691 2315 3743 consolari
2371 3708 2493 3758 eos,
2534 3693 2621 3759 qui
2657 3694 2710 3746 in
2746 3695 2884 3748 omni
2927 3712 3159 3765 pressura
3197 3711 3348 3766 sunt,
3387 3720 3479 3772 per

1912 3779 2299 3833 consolationem
2324 3823 2339 3845 ,
2366 3798 2465 3849 qua
2495 3784 2811 3837 consolamur
2835 3795 2881 3838 et
2904 3788 3002 3855 ipsi
3026 3805 3057 3841 a
3085 3788 3209 3844 Deo.
3243 3791 3472 3849 Videsne

1913 3867 2174 3937 quomodo
2236 3871 2629 3927 excusationem
2692 3885 3001 3941 prtestruat,
3069 3878 3194 3933 dum
3258 3897 3462 3952 magna:

1914 3961 2185 4028 cujusdam
2234 3960 2535 4017 afﬂictionis
2582 3965 2930 4033 suspicionem
2976 3956 3198 4025 auditori
3240 3973 3476 4040 prmbet‘!

1916 4054 2087 4120 Atque
2134 4053 2291 4106 etiam
2324 4069 2415 4123 per
2444 4054 2554 4109 haec
2597 4056 2706 4125 ipsa
2737 4056 2893 4110 verba
2926 4058 3238 4115 modestiam
3282 4078 3392 4133 pra)
3416 4080 3475 4121 se

1915 4140 2053 4207 fert,
2105 4159 2222 4197 cum
2268 4143 2340 4197 ait
2388 4145 2522 4199 hanc
2568 4162 2776 4216 quoque
2822 4149 2991 4216 ipsam
3042 4152 3472 4222 miserationem,

1917 4250 2022 4288 non
2050 4235 2117 4288 ob
2148 4235 2377 4304 ipsorum
2408 4237 2649 4290 meritum
2677 4252 2739 4291 ac
2767 4237 3104 4307 dignitatern,
3136 4244 3227 4297 sed
3256 4257 3471 4313 propter

1917 4339 2037 4388 eos,
2067 4327 2154 4394 qui
2195 4326 2259 4379 ab
2289 4326 2417 4396 ipsis
2442 4326 2928 4396 adjuvandi'erant,
2958 4333 3259 4401 contigisse.
3311 4336 3389 4388 Ob
3420 4337 3471 4390 id
3557 4392 3562 4399 ,

1917 4412 2089 4477 enim,
2134 4414 2331 4483 inquit,
2380 4430 2475 4469 nos
2512 4416 2817 4469 consolatus
2860 4428 2974 4480 est,
3010 4428 3065 4471 ut
3106 4435 3202 4473 nos
3234 4432 3467 4478 mutuam

1919 4502 2334 4556 consolationem
2399 4504 2486 4557 alii
2538 4506 2655 4558 aliis
2710 4507 3072 4581 adhibeamus.
3141 4512 3309 4580 Atque
3349 4514 3469 4567 hinc

1921 4606 2125 4662 quoque
2156 4594 2518 4661 apostolorum
2564 4593 2869 4661 dignitatern
2914 4598 3179 4663 declarat,
3220 4601 3343 4654 dum
3376 4602 3475 4656 hoc

1923 4684 2147 4748 indicat,
2180 4684 2317 4753 quod
2347 4693 2687 4751 pOSlqutttrm
2716 4685 2903 4737 solatio
2931 4686 3150 4742 allectus
3177 4704 3239 4743 ac
3268 4706 3476 4745 recrea-

1926 4786 2007 4829 tus
2051 4774 2177 4837 fuit,
2228 4792 2331 4829 non
2364 4777 2499 4827 sicut
2528 4790 2620 4825 nos
2665 4777 2908 4843 supinum
2952 4793 3009 4831 se
3036 4788 3193 4850 atque
3232 4782 3475 4851 ignavum

1926 4868 2154 4933 pratiieat
2176 4907 2188 4929 ,
2224 4882 2403 4919 verum
2435 4866 2495 4917 ad
2524 4900 2525 4907 η
2552 4866 2875 4919 auertendos
2902 4878 3058 4936 atque
3088 4871 3479 4929 conﬁrmandos

1926 4957 2303 5009 etexcitandos
2326 4956 2456 5008 alios
2474 4954 2855 5025 pt‘ngi'ediulut‘.
2887 4959 3017 5012 Sunt
3042 4963 3197 5015 etiam
3224 4978 3311 5029 qui
3343 4968 3480 5018 nunc

1926 5048 2096 5100 locum
2144 5048 2219 5101 sic
2259 5056 2522 5114 exponant
2546 5090 2555 5111 ι
2582 5059 2644 5102 ac
2666 5045 2710 5099 si
2742 5050 3023 5117 Apostolus
3068 5049 3205 5105 dicat
3238 5070 3251 5107 :
3285 5052 3482 5108 Conso-

1927 5137 2053 5191 latio
2099 5147 2276 5192 nostra
2333 5136 2554 5189 aliorum
2613 5153 2819 5206 quoque
2875 5139 3166 5195 consolatio
3203 5153 3303 5197 est.
3342 5145 3478 5210 Quin

1927 5226 2054 5280 mihi
2080 5228 2237 5281 etiam
2263 5228 2376 5294 ipse
2409 5226 2458 5278 in
2489 5225 2647 5281 falsos
2686 5227 2954 5295 apostolos
2976 5270 2989 5292 ,
3022 5232 3107 5298 qui
3138 5232 3396 5287 incassum
3424 5249 3486 5288 se

1925 5316 2228 5384 jactabant,
2276 5315 2523 5381 domique
2568 5315 2881 5369 desidebant
2913 5332 2974 5371 ac
3016 5319 3220 5375 deliciis
3268 5337 3481 5389 operam

1930 5405 2158 5471 dabant,
2204 5421 2293 5474 per
2337 5405 2637 5472 huiusmodi
2685 5408 2996 5473 prooemium
3028 5410 3201 5462 invehi
3240 5412 3483 5475 videtur;

1932 5510 2113 5548 verum
2142 5496 2396 5557 obscure,
2442 5510 2504 5547 ac
2545 5494 2687 5547 velut
2715 5493 2903 5547 obiter.
2935 5496 3198 5549 Caeterum
3229 5501 3487 5569 praecipue

1934 5586 1984 5638 id
2011 5586 2233 5653 agebat,
2282 5594 2336 5636 ut
2388 5584 2735 5637 cunctationis
2780 5599 2842 5638 ac
2887 5586 3218 5655 negligentiae
3258 5597 3430 5641 notam
3460 5606 3489 5641 a

1936 5691 1990 5729 se
2022 5676 2325 5744 depelleret.
2377 5675 2507 5728 Nam
2538 5675 2579 5727 si
2612 5685 2891 5741 propterea
2937 5678 3294 5731 consolatione
3324 5678 3491 5731 efﬁcis

1941 5783 2093 5831 mur,
2156 5776 2214 5821 ut
2269 5766 2383 5817 aliis
2441 5779 2647 5833 quoque
2704 5765 3117 5821 consolationem
3171 5766 3489 5833 efferamus,
