4066 6348
538 339 645 399 δατ

538 459 753 519 utimini
796 473 862 517 tte
891 462 1083 517 vertite
1102 501 1118 525 ,
1155 459 1299 531 quod
1328 459 1395 513 ad
1426 474 1523 513 vos
1548 473 1654 511 non
1679 453 2064 513 accesserimus
2092 467 2110 506 :

538 555 585 612 sl
620 552 833 623 quidem
874 552 1030 608 nobis
1057 566 1219 607 omne
1248 559 1457 621 tempus
1487 549 1541 603 in
1570 544 1779 602 insidiis
1803 553 1861 599 et
1882 542 2114 598 lnvasio~

539 644 696 700 nibus
716 685 734 712 ,
763 640 1203 714 depellendisque
1233 636 1602 710 ingruentibus
1626 634 1881 707 periculis
1905 633 2114 689 tereba-

540 744 647 790 tur.
676 736 728 790 5.
779 733 1033 801 Quoniam
1076 733 1205 786 sicut
1250 729 1511 785 abundant
1556 728 1743 783 Christi
1775 726 2033 796 passiones
2060 723 2113 776 in

536 824 700 891 nobis,
722 825 793 879 ita
810 824 962 878 etiam
984 838 1073 891 per
1092 818 1345 876 Christum
1367 817 1591 875 abundat
1621 816 1901 869 consolatio
1921 822 2110 867 nostra.

538 914 747 969 Etenim
798 927 866 967 tie
924 910 1307 980 discipulorum
1351 908 1559 963 animos
1608 906 1942 963 calamitates
1987 917 2112 959 suas

539 1004 764 1059 nimium
787 1000 1163 1072 exaggerando
1192 1006 1565 1056 consternaret
1583 1038 1600 1065 ,
1627 996 1861 1053 ostendit
1901 1008 2112 1050 rursum

536 1097 807 1167 ingentem
834 1109 1047 1165 quoque
1072 1090 1458 1148 consolationis
1484 1089 1695 1162 copiam
1736 1103 1858 1143 esse
1886 1105 1901 1141 :
1929 1086 2112 1156 sicque

537 1184 747 1240 animos
773 1199 957 1240 eorum
984 1183 1160 1252 erigit.
1186 1181 1371 1251 Neque
1400 1180 1504 1234 hac
1530 1188 1734 1234 tantum
1756 1177 1987 1243 ratione,
2016 1173 2113 1231 sed

536 1289 607 1332 eo
647 1276 844 1339 etiam,
896 1273 1036 1343 quod
1065 1287 1159 1328 eus
1188 1269 1389 1327 Christi
1440 1268 1793 1331 submoneat,
1844 1266 2114 1335 ipsiusque

535 1366 815 1436 passiones
865 1377 989 1419 esse
1033 1370 1281 1415 asserat:
1315 1368 1474 1427 atque
1518 1364 1647 1411 ante
1691 1354 2112 1411 consolationem

534 1457 602 1513 ab
630 1456 759 1527 ipsis
781 1466 996 1525 quoque
1022 1449 1414 1507 calamitatibus
1436 1445 1855 1503 consolationem
1886 1443 2107 1501 inducit.

531 1548 669 1619 Quid
710 1547 853 1603 enim
884 1544 1099 1600 suavius
1141 1556 1205 1597 ac
1243 1540 1565 1611 jucundius,
1610 1554 1770 1611 quam
1799 1554 1883 1595 me
1908 1537 2113 1594 Christi

531 1639 737 1695 socium
764 1635 901 1692 eiﬂci
921 1675 937 1700 ,
966 1642 1126 1704 atque
1156 1632 1320 1703 ipsius
1358 1646 1518 1688 causa
1545 1632 1660 1686 haec
1685 1627 1928 1701 perpeti?
1972 1626 2111 1697 Quid

532 1744 655 1785 cum
686 1727 787 1784 hac
814 1725 1179 1782 consolatione
1203 1721 1667 1794 comparandum!
1697 1720 1806 1775 Nec
1828 1733 1958 1774 vero
1987 1718 2113 1774 hinc

533 1830 773 1884 tantum,
803 1817 899 1874 sed
940 1814 1163 1871 aliunde
1209 1828 1424 1885 quoque
1449 1826 1670 1879 eorum,
1716 1809 1809 1880 qui
1834 1807 2111 1865 calamita-

532 1914 677 1968 tibus
716 1909 1125 1973 eouﬂictantur,
1172 1905 1385 1960 animos
1428 1903 1643 1958 attollit.
1694 1900 1848 1957 Unde
1896 1900 2109 1956 tandem

529 2001 789 2058 aliunde?
836 2000 971 2056 Hinc
1021 2012 1250 2068 nempe,
1302 1995 1446 2068 quod
1494 1996 1603 2063 ait,
1658 1993 1950 2049 Abundant.
1992 1993 2109 2048 Non

531 2094 678 2152 enim
707 2092 878 2159 dixit,
909 2088 1371 2157 Quemadmodum
1416 2084 1613 2142 Christi
1644 2085 1923 2157 passiones
1956 2085 2112 2140 nobis

532 2184 822 2257 ingruunt,
868 2180 997 2245 sed,
1047 2179 1192 2235 Sicut
1235 2177 1519 2232 abundant.
1546 2175 1753 2242 Quibus
1778 2176 1955 2230 verbis
1983 2176 2109 2230 illud

531 2271 799 2338 ostendit,
828 2268 969 2341 quod
1013 2284 1119 2324 non
1169 2267 1329 2321 modo
1375 2266 1518 2319 illius
1561 2265 1860 2331 cruciatus,
1906 2265 1999 2320 sed
2028 2265 2113 2320 his

532 2377 745 2434 quoque
800 2361 980 2429 plures
1026 2356 1321 2429 perferant.
1378 2354 1492 2411 Non
1543 2356 1728 2421 enim,
1785 2356 1988 2426 inquit,
2046 2372 2109 2411 ea

534 2452 940 2515 tantummodo,
972 2467 1091 2521 qua:
1121 2450 1235 2521 ipse
1264 2464 1454 2520 passus
1480 2456 1594 2515 est,
1638 2448 1948 2517 pertulimus
1969 2488 1984 2513 ,
2014 2463 2112 2503 ve-

530 2558 649 2599 rum
680 2543 763 2598 his
782 2542 939 2597 etiam
963 2540 1243 2610 ampliora.
1270 2538 1357 2593 Sic
1381 2538 1524 2592 enim
1545 2537 1826 2591 considera
1856 2555 1868 2590 :
1892 2547 2113 2593 vexatus

530 2644 653 2700 est,
704 2630 1169 2704 persequutlonem
1228 2643 1413 2698 passus
1462 2638 1545 2684 est
1591 2627 1836 2682 Christus
1865 2667 1879 2692 ,
1934 2626 2113 2697 ﬂagris

530 2738 703 2781 caesus
732 2732 815 2779 est
835 2763 849 2784 ,
896 2730 1141 2776 mortuus
1167 2728 1270 2774 est.
1300 2720 1369 2772 At
1397 2733 1498 2772 nos
1521 2758 1538 2784 ,
1583 2718 1755 2789 inquit
1781 2759 1798 2784 ,
1849 2717 1933 2772 his
1962 2719 2112 2787 plura

532 2816 765 2889 patimur
791 2830 803 2867 :
832 2812 974 2883 quod
1019 2810 1235 2882 quidem
1261 2812 1346 2866 vel
1375 2808 1549 2864 solum
1579 2808 1646 2864 ad
1688 2809 2112 2865 consolationem

532 2908 664 2966 satis
691 2921 813 2961 esse
842 2912 1021 2974 queat.
1049 2902 1157 2956 Nec
1186 2902 1466 2970 quisquam
1494 2899 1635 2954 hunc
1671 2914 1977 2953 sermonem
2021 2914 2109 2954 ar-

533 2998 787 3070 rogantia:
831 3010 894 3049 ac
934 2992 1249 3048 temeritatis
1292 2990 1509 3045 damnet
1544 3008 1556 3044 :
1591 3006 1713 3044 nam
1763 2999 1817 3046 et
1860 2991 1965 3044 alio
1995 2990 2114 3046 loco

532 3087 648 3142 ait:
687 3085 838 3139 Nunc
883 3082 1078 3153 gaudeo
1106 3084 1158 3134 in
1202 3079 1519 3151 passionibus
1567 3080 1728 3146 meis,
1777 3091 1927 3151 atque
1950 3082 2115 3134 adim-

535 3177 647 3248 pleo
690 3192 751 3231 ea
776 3190 888 3245 quae
926 3173 1105 3227 desunt
1147 3169 1465 3243 passionibus
1506 3170 1693 3225 Christi
1720 3173 1773 3225 in
1820 3189 1972 3226 carne
2005 3190 2116 3227 mea

535 3266 771 3339 (Colon.
803 3266 855 3321 l.
884 3264 918 3319 4
945 3264 989 3332 ).
1021 3264 1090 3316 At
1117 3271 1361 3316 neutrum
1394 3261 1583 3315 borum
1616 3263 1932 3316 temeritatis
1956 3264 2114 3319 ullius

534 3368 588 3415 et
622 3358 938 3427 arrogantia:
962 3364 1068 3421 est,
1088 3354 1230 3409 Sicut
1260 3354 1400 3408 enim
1428 3353 1673 3422 discipuli
1705 3356 1927 3423 majora,
1957 3370 2115 3423 quam

536 3451 681 3522 ipse,
728 3449 977 3503 miracula
1032 3447 1310 3511 fecerunt;
1372 3445 1470 3512 Qui
1522 3447 1655 3501 enim
1697 3448 1855 3501 credit
1904 3447 1957 3501 in
2000 3463 2111 3511 me,

537 3540 729 3610 inquit,
752 3541 949 3607 majora
972 3538 1047 3591 Itis
1069 3538 1221 3608 faciet
1246 3536 1425 3609 (Ioan.
1447 3538 1534 3591 ll.
1561 3536 1685 3607 l2);
1733 3546 1901 3591 totum
1933 3546 2113 3592 autem

538 3631 635 3701 ipsi
654 3630 993 3693 adscribitur,
1014 3628 1100 3698 qui
1120 3629 1171 3681 in
1193 3628 1320 3696 ipsis
1340 3628 1691 3696 operabatur:
1712 3628 1789 3681 sic
1810 3629 1968 3682 etiam
1995 3629 2115 3698 plu-

536 3738 792 3793 ra,quam
824 3723 955 3788 ipse,
981 3719 1219 3789 perpessi
1247 3727 1371 3771 sunt
1396 3734 1411 3783 ;
1441 3726 1493 3771 at
1516 3719 1828 3772 universum
1861 3717 1961 3771 hoc
1993 3734 2114 3772 rur-

536 3828 629 3866 sus
651 3812 749 3880 ipsi
773 3810 1006 3863 adscribi
1025 3809 1203 3870 debet,
1222 3808 1312 3877 qui
1332 3820 1425 3860 eos
1446 3806 1847 3871 consolabatur,
1870 3818 2024 3875 atque
2045 3810 2115 3862 ita

534 3904 899 3973 comparabat,
916 3901 1282 3967 utingruentia
1306 3898 1443 3951 mala
1463 3896 1582 3951 forti
1605 3899 1781 3951 animo
1795 3898 2111 3966 perferrent.

608 3994 663 4049 4.
700 3991 858 4048 Unde
888 3991 1049 4045 etiam
1080 3988 1292 4053 Paulus,
1320 4002 1478 4057 quam
1504 3988 1715 4042 excelse
1741 3988 1991 4058 loquutus
2020 4003 2111 4042 es-

537 4096 641 4152 set,
671 4096 1002 4154 agnoscens,
1035 4080 1156 4135 vide
1185 4078 1455 4151 quomodo
1482 4079 1583 4133 hoc
1611 4093 1795 4133 rursus
1825 4078 1907 4133 his
1937 4078 2115 4133 verbis

540 4179 765 4247 mitiget,
786 4177 871 4228 Ita
899 4183 943 4227 et
972 4191 1060 4243 per
1081 4173 1337 4227 Christum
1363 4171 1585 4222 abundat
1610 4171 1889 4223 consolatio
1919 4178 2116 4233 nostra;

539 4280 708 4324 totum
739 4268 838 4320 hoc
876 4273 1151 4333 acceptum
1179 4262 1252 4315 illi
1278 4259 1540 4326 referens,
1572 4267 1732 4327 atque
1762 4259 1928 4328 ipsius
1959 4259 2114 4312 beni-

537 4358 795 4431 gnitatem
836 4353 1150 4425 prtedicans.
1181 4349 1300 4405 Non
1331 4349 1496 4415 enim,
1530 4347 1720 4418 inquit,
1750 4358 1946 4417 quanta
1976 4348 2116 4401 cala-

540 4453 763 4515 mitate,
813 4457 956 4502 tanta
1011 4459 1223 4515 quoque
1257 4442 1619 4497 consolatione
1670 4440 1965 4505 efficimur,
2020 4439 2115 4493 sed

541 4543 708 4599 multo
733 4540 954 4609 majore.
998 4536 1181 4605 Neque
1208 4537 1349 4589 enim
1377 4535 1527 4599 dixit,
1556 4533 1864 4593 Consolatio
1892 4533 2115 4589 calami-

540 4642 677 4689 tates
706 4639 903 4701 aequat,
931 4626 1047 4693 sed,
1081 4624 1317 4679 Abundat
1336 4624 1648 4686 consolatio;
1670 4623 1740 4677 ita
1781 4632 1840 4677 ut
1862 4622 2115 4679 certami-

542 4738 667 4779 num
698 4730 939 4789 tempus,
968 4718 1190 4771 aliarum
1218 4728 1401 4769 rursus
1444 4725 1762 4766 coronarum
1788 4719 1996 4782 tempus
2021 4713 2111 4766 sit.

538 4814 676 4883 Quid
692 4810 857 4877 enim,
877 4820 1080 4878 qua-so,
1103 4815 1210 4860 tam
1230 4805 1463 4875 amplum
1494 4818 1557 4859 ac
1597 4802 1931 4874 praeclarum,
1954 4819 2112 4875 quam

539 4906 611 4960 ob
627 4902 897 4957 Cbristmn
923 4897 1103 4969 ﬂagris
1122 4895 1277 4961 caedi,
1300 4904 1353 4950 et
1373 4911 1493 4950 eum
1519 4895 1629 4950 lico
1658 4893 1907 4964 colloqui,
1936 4896 2114 4950 omni—

540 4998 747 5065 busque
775 4991 969 5047 robore
1005 4995 1282 5059 prmstare,
1313 5000 1376 5041 ac
1412 4996 1823 5057 persequutores
1862 4985 2109 5053 vincere,

541 5097 715 5155 neque
739 5082 815 5137 ab
834 5080 1083 5135 universo
1108 5086 1370 5132 terrarum
1396 5076 1527 5131 orbe
1552 5077 1721 5145 subigi
1744 5084 1795 5130 el
1824 5076 2113 5146 expugnari

542 5189 723 5249 posse,
751 5182 909 5241 atque
929 5170 1191 5241 ejusmodi
1212 5171 1349 5224 bona
1379 5169 1499 5223 hinc
1520 5179 1852 5240 exspectare,
1876 5184 1993 5237 quae
2016 5185 2113 5225 nec

539 5265 725 5320 oculus
755 5261 887 5317 vidit
908 5300 926 5326 ,
959 5275 1057 5315 nec
1105 5260 1251 5315 auris
1274 5258 1474 5314 audivit
1497 5297 1513 5321 ,
1545 5273 1644 5312 nec
1686 5260 1737 5312 in
1765 5273 1858 5313 cor
1884 5259 2112 5315 hominis

539 5352 929 5411 ascenderunt?
948 5351 1076 5421 quid
1097 5359 1202 5404 tam
1229 5350 1519 5420 egregium,
1536 5363 1694 5418 quam
1720 5348 1931 5420 pietatis
1956 5364 2112 5403 causa

544 5448 735 5517 premi,
774 5455 931 5515 atque
974 5434 1264 5499 innumeris
1318 5443 1410 5497 Dei
1464 5441 1917 5497 consolationibus
1966 5440 2109 5509 frui,

541 5554 605 5595 ac
645 5548 725 5593 tot
764 5538 1032 5607 tantisque
1059 5535 1290 5605 peccatis
1315 5533 1562 5597 liberari,
1605 5541 1660 5587 et
1686 5533 1888 5602 Spiritu
1926 5541 2112 5586 saneto

540 5638 597 5684 et
640 5628 924 5685 sanctitate
962 5635 1120 5696 atque
1166 5624 1364 5694 justitia
1409 5624 1615 5689 donari,
1648 5638 1747 5678 nec
1790 5639 2110 5694 quemquam

545 5726 779 5775 metuere
806 5732 871 5777 ac
895 5718 1325 5789 perhorrescere,
1359 5722 1516 5784 atque
1546 5714 1597 5769 in
1628 5714 1867 5785 ipsismet
1896 5712 2105 5783 pericu-

1244 344 1302 403 8.
1340 341 1616 401 JOANNIS
1649 334 2119 399 CllllYSOS‘l‘Oll
2156 333 2472 392 ARCHIEP.
2509 332 3037 395 ωΝετΑΝῐωοιι.

3691 340 3803 395 588

2221 445 2289 503 lis
2328 447 2517 520 quovis
2554 447 2973 517 splendidiorem
3014 448 3224 509 videri?
3250 451 3327 510 Ne
3349 450 3511 524 igitur
3539 452 3595 508 in
3624 463 3791 511 tenta-

2218 539 2452 595 tionibus
2494 540 2675 596 animo
2722 540 3054 611 dejiciamur.
3074 540 3243 600 Nemo
3270 546 3415 601 enim
3443 545 3658 603 deliciis
3681 555 3799 601 stu-

2218 628 2351 685 dens
2368 641 2421 686 et
2440 631 2713 688 dormiens
2732 646 2794 687 ac
2812 631 3091 703 languens,
3105 647 3226 689 cum
3242 635 3456 693 Christo
3477 638 3798 695 societatem

2218 721 2411 788 habet;
2439 739 2596 779 nemo
2615 739 2825 788 eorum,
2851 725 2942 796 qui
2971 725 3204 781 molliter
3225 742 3290 783 ac
3315 731 3539 787 remisse
3564 732 3753 787 vivunt
3777 749 3798 790 :

2219 831 2401 872 verum
2423 817 2469 873 is
2496 817 2710 874 demum
2738 820 2814 875 illi
2834 820 3040 875 vicinus
3065 829 3165 887 est,
3197 821 3285 891 qui
3314 821 3367 876 in
3395 824 3700 881 calamitate
3726 838 3796 882 ac

2219 907 2513 963 tentatione
2541 919 2783 965 versatur
2806 952 2821 975 ,
2865 918 3025 980 atque
3064 920 3270 966 arctum
3316 912 3440 966 vita:
3491 915 3593 969 iter
3622 924 3793 972 tenet.

2216 996 2347 1053 Nam
2379 997 2493 1068 ipse
2530 1014 2741 1071 quoque
2786 999 2885 1055 hac
2910 1002 2991 1055 via
3021 1000 3235 1056 incessit
3262 1019 3274 1056 :
3307 1017 3534 1072 eamque
3561 1004 3631 1058 ob
3656 1021 3794 1060 cau-

2216 1103 2331 1144 sam
2351 1088 2583 1155 dicebat,
2602 1088 2768 1145 Filius
2783 1091 2999 1147 hominis
3018 1108 3118 1145 non
3140 1091 3284 1145 liabet
3308 1093 3391 1146 ubi
3410 1103 3562 1163 caput
3584 1095 3797 1150 reclinet

2219 1177 2432 1250 (Manli.
2461 1180 2516 1234 s.
2551 1178 2665 1251 eo).

2289 1267 2355 1323 In
2382 1270 2752 1326 calamitatibus
2778 1272 3026 1343 quomodo
3064 1274 3330 1345 agendum.
3362 1305 3431 1316 —
3461 1274 3692 1330 Proinde
3722 1291 3796 1333 ne

2215 1359 2395 1415 animo
2421 1360 2761 1417 discrucieris
2785 1402 2800 1425 .
2827 1377 2947 1418 cum
2972 1362 3273 1420 calamitate
3297 1364 3557 1436 premeris
3574 1404 3591 1431 ,
3619 1366 3797 1420 anim-

2214 1449 2505 1509 advertens
2530 1452 2614 1508 cui
2639 1452 3021 1517 communices.
3044 1461 3096 1508 et
3122 1469 3352 1525 quonam
3376 1456 3535 1511 modo
3559 1472 3653 1527 per
3677 1465 3798 1513 ten-

2216 1542 2444 1598 tationes
2470 1544 2736 1599 scelerum
2786 1544 3022 1599 maculas
3058 1544 3241 1612 cluas,
3273 1558 3635 1620 quantumque
3662 1549 3796 1607 inde

2215 1630 2445 1689 fructum
2475 1633 2695 1690 referas.
2725 1635 2867 1691 Nihil
2887 1639 3031 1692 enim
3060 1637 3201 1693 aliud
3238 1652 3399 1709 grave
3438 1651 3597 1711 atque
3634 1657 3793 1698 acer-

2215 1722 2342 1778 bum
2370 1733 2492 1792 est,
2522 1740 2681 1795 quam
2729 1726 2780 1779 in
2827 1727 2919 1782 Del
2962 1727 3308 1783 oﬂ‘ensionem
3361 1730 3650 1789 incurrere.
3677 1733 3798 1790 Hoc

2216 1806 2447 1875 sublato,
2476 1823 2581 1863 non
2623 1807 2862 1875 afﬂictio,
2889 1825 2998 1865 non
3026 1811 3229 1867 insidiae
3258 1852 3273 1876 ,
3302 1827 3409 1867 non
3448 1815 3592 1870 aliud
3636 1817 3795 1889 quid-

2217 1912 2374 1966 quam
2417 1898 2735 1969 prudentem
2783 1902 3015 1955 animam
3064 1902 3304 1957 molestia
3349 1902 3566 1961 allicere
3607 1917 3788 1976 queat.

2216 1986 2354 2054 Quin
2388 1990 2582 2057 potius,
2602 1991 3052 2060 quemadmodum
3081 1993 3126 2047 si
3153 1994 3400 2064 exiguam
3423 1995 3706 2053 scintillam
3736 1999 3793 2053 in

2214 2098 2468 2155 magnum
2499 2085 2716 2157 pelagus
2754 2086 2979 2156 injicias,
3006 2101 3123 2143 eam
3150 2087 3395 2157 protinus
3419 2088 3740 2145 exstinxeris
3777 2110 3791 2146 :

2213 2178 2404 2235 eodem
2434 2177 2592 2233 modo
2619 2178 2861 2233 molestia
2890 2180 3083 2244 omnis,
3116 2179 3407 2251 quamlibet
3430 2180 3638 2251 ingens.
3664 2183 3709 2237 si
3737 2183 3793 2238 in

2214 2266 2453 2322 animum
2482 2268 2617 2323 bene
2641 2268 2740 2321 sibi
2763 2269 3034 2323 conscium
3062 2269 3324 2333 inciderit,
3343 2270 3622 2326 confestim
3654 2273 3796 2341 perit

2215 2365 2270 2413 et
2314 2358 2604 2412 evanescit.
2636 2357 2761 2412 ideo
2805 2358 3000 2412 Paulus
3045 2359 3206 2414 etiam
3252 2375 3465 2431 semper
3502 2360 3791 2432 gaudebat,

2215 2447 2643 2516 quandoquidem
2694 2446 2746 2500 itt
2796 2447 2860 2502 iis
2902 2447 3240 2522 rebus,qu:e
3292 2450 3489 2508 divine
3532 2453 3793 2508 voluntati

2214 2546 2590 2592 consentanea:
2637 2546 2790 2593 erant
2814 2578 2828 2604 ,
2869 2538 3120 2595 ﬁdentem
3162 2541 3398 2596 animum
3442 2544 3699 2613 gerebat;
3730 2561 3795 2601 ac

2216 2634 2292 2681 tot
2333 2627 2469 2681 mala
2521 2643 2589 2683 ne
2629 2628 2843 2698 quidem
2888 2630 3185 2697 sentiebat,
3208 2647 3393 2688 verum
3421 2635 3669 2702 quamvis
3693 2677 3709 2701 ,
3738 2646 3794 2690 ut

2218 2720 2400 2780 homo,
2429 2718 2613 2774 dolore
2644 2730 2970 2789 tangeretur,
2996 2736 3103 2776 non
3132 2732 3307 2777 tamen
3334 2724 3514 2779 animo
3536 2725 3793 2782 concide-

2216 2810 2326 2865 bat.
2347 2811 2438 2865 διο
2479 2812 2777 2880 patriarcha
2797 2826 3008 2882 quoque
3040 2812 3131 2869 ille
3160 2813 3214 2867 in
3242 2814 3436 2884 gaudio
3458 2816 3791 2883 versabatur,

2218 2904 2427 2958 tametsi
2454 2904 2639 2974 gravia
2670 2908 2832 2957 multa
2854 2906 3161 2960 sustineret.
3190 2904 3279 2961 Sic
3304 2905 3446 2960 enim
3476 2910 3748 2975 perpende
3776 2926 3790 2961 :

2216 2994 2385 3062 patria
2432 2993 2667 3057 excidit,
2695 2993 2878 3065 longas
2934 3009 2997 3049 ac
3040 2995 3291 3051 molestas
3338 2996 3794 3066 peregrinationes

2217 3082 2415 3149 subiit;
2446 3093 2627 3151 atque,
2659 3098 2778 3137 cum
2832 3084 2884 3137 in
2933 3083 3161 3141 alienam
3211 3084 3483 3155 regionem
3532 3088 3791 3152 venisset,

2216 3188 2284 3227 ne
2309 3171 2462 3244 pedis
2485 3172 2699 3242 quidem
2727 3174 3006 3243 vestigium
3028 3174 3275 3229 habebat.
3298 3174 3433 3229 llinc
3460 3191 3646 3230 rursus
3670 3192 3791 3232 eum

2218 3263 2387 3319 fames
2412 3264 2640 3331 excepit,
2669 3279 2731 3317 ac
2758 3265 2929 3318 solum
2960 3274 3170 3320 vertere
3211 3265 3423 3334 coegit;
3454 3265 3648 3321 famem
3674 3283 3793 3322 rur-

2217 3370 2333 3411 sum
2364 3357 2546 3410 uxoris
2585 3355 2791 3423 ereptio
2832 3366 3052 3426 sequuta
3080 3365 3161 3410 est
3185 3394 3201 3420 ,
3233 3370 3298 3410 ac
3324 3356 3513 3411 mortis
3541 3367 3716 3412 metus
3740 3368 3796 3413 ct

2218 3448 2471 3501 sterilitas
2493 3456 2547 3499 et
2568 3446 2763 3500 bellum
2795 3454 2848 3498 et
2872 3445 3102 3515 pericula
3125 3455 3178 3499 et
3203 3445 3429 3513 insidiae,
3454 3460 3515 3500 ac
3538 3449 3791 3517 denique,

2217 3537 2359 3607 quod
2376 3524 2733 3591 teruninarutn
2755 3546 2915 3605 caput
2934 3544 3067 3603 erat,
3092 3536 3349 3606 unigeniti
3364 3546 3419 3592 et
3434 3542 3544 3591 cari
3565 3538 3657 3591 lilii
3684 3554 3795 3593 ma-

2218 3626 2404 3692 ctatio,
2429 3628 2538 3693 illa,
2566 3626 2802 3695 inquam,
2822 3627 3222 3681 acerbissimum
3242 3637 3401 3697 atque
3430 3626 3794 3683 immedicabi-

2218 3719 2321 3773 lem
2341 3718 2579 3773 dolorem
2604 3718 2852 3772 afferens.
2875 3718 3056 3786 Neque
3076 3720 3216 3772 enim
3239 3719 3529 3784 existimes,
3546 3722 3793 3790 quoniam

2219 3819 2467 3882 prompto
2487 3825 2550 3864 ac
2572 3810 2756 3863 libenti
2782 3810 2962 3863 animo
2984 3808 3097 3863 Deo
3124 3809 3316 3877 paruit,
3332 3809 3531 3864 idcirco
3550 3811 3682 3864 citra
3711 3813 3794 3867 ul-

2219 3900 2328 3955 lum
2350 3897 2551 3953 doloris
2573 3912 2789 3951 sensum
2813 3898 2897 3951 illa
2920 3899 3097 3952 omnia
3124 3898 3425 3967 pertulisse.
3450 3899 3580 3952 Nam
3604 3900 3796 3953 etiam-

2218 3994 2263 4047 si
2296 3992 2494 4047 millies
2517 3991 2695 4060 justus
2720 3989 2923 4052 fuisset,
2956 3999 3011 4043 ut
3038 4005 3221 4045 revera
3264 3999 3397 4053 erat,
3425 3997 3602 4043 tamen
3636 3991 3795 4045 homo

2219 4093 2354 4149 erat,
2385 4100 2554 4153 eaque
2600 4098 2719 4152 qua:
2765 4091 2950 4136 natura
2982 4084 3082 4137 fert
3107 4123 3122 4147 ,
3149 4080 3466 4149 patiebatur.
3500 4082 3566 4134 At
3616 4082 3792 4151 ipsum

2222 4183 2395 4227 tamen
2419 4172 2548 4225 nihil
2580 4173 2766 4226 horum
2798 4174 3059 4242 perculit;
3087 4170 3179 4224 sed
3210 4169 3360 4225 fortis
3386 4169 3599 4226 athleta:
3629 4173 3795 4227 instar

2219 4264 2476 4330 constitit,
2509 4273 2666 4334 atque
2698 4266 2749 4317 in
2777 4278 2880 4317 uno
2903 4275 3113 4331 quoque
3143 4260 3330 4314 horum
3371 4260 3643 4316 victoriam
3666 4264 3794 4317 ade-

2220 4363 2339 4424 ptus
2367 4363 2469 4408 est.
2496 4354 2575 4408 Ad
2604 4353 2850 4406 eumdem
2880 4350 3093 4404 modum
3120 4350 3305 4405 beatus
3331 4368 3541 4423 quoque
3571 4353 3789 4416 Paulus,

2218 4459 2338 4497 eum
2358 4444 2663 4512 frequentes
2679 4440 2995 4494 afﬂictiones
3013 4442 3250 4510 quolibet
3268 4444 3353 4498 die
3373 4444 3426 4497 in
3447 4458 3507 4497 se
3528 4444 3792 4497 irruentes

2220 4534 2567 4603 perspiceret,
2594 4530 2730 4583 haud
2762 4545 2917 4585 secus
2942 4545 3005 4586 ac
3028 4532 3071 4586 si
3103 4533 3153 4586 in
3201 4532 3379 4587 medio
3408 4530 3658 4599 paradiso
3698 4531 3791 4586 de-

2218 4632 2387 4692 geret,
2419 4621 2487 4675 ita
2529 4619 2789 4689 gaudebat
2834 4630 2889 4676 et
2938 4622 3254 4675 exsultabat.
3279 4619 3349 4676 Ut
3387 4620 3548 4688 igitur
3586 4620 3668 4686 is,
3702 4623 3789 4692 qui

2220 4710 2520 4780 hujusmodi
2547 4709 2740 4779 gaudio
2763 4711 2975 4777 fruitur,
3004 4726 3032 4763 a
3060 4725 3292 4763 mmrore
3339 4709 3502 4779 arripi
3551 4726 3656 4765 non
3700 4728 3792 4782 po-

2220 4805 2322 4850 test
2353 4812 2366 4848 :
2399 4796 2477 4848 sic
2495 4795 2583 4864 qui
2612 4796 2737 4850 illud
2768 4796 2986 4849 minime
3015 4794 3291 4861 amplexus
3328 4805 3429 4861 est,
3457 4810 3487 4848 a
3519 4797 3790 4866 quibusvis

2218 4885 2379 4955 arripi
2410 4895 2463 4940 et
2492 4888 2778 4957 expugnari
2807 4895 2982 4955 potest
3016 4898 3116 4937 :ac
3156 4884 3377 4953 perinde
3404 4888 3453 4942 ei
3483 4888 3699 4955 accidit,
3734 4899 3789 4943 ut

2218 4979 2267 5034 ei
2292 4979 2380 5048 qui
2410 4977 2763 5032 imbecillibus
2800 4974 2963 5029 armis
2990 4975 3278 5031 instructus
3303 4988 3405 5041 est,
3428 4994 3493 5033 ac
3519 4979 3601 5034 vel
3635 4980 3783 5035 levis-

2218 5071 2352 5124 simo
2378 5071 2481 5124 ictu
2509 5068 2806 5132 sauciatur;
2828 5081 2947 5119 cum
2974 5078 3159 5123 contra
3184 5070 3229 5125 is
3249 5071 3337 5144 qui
3364 5069 3533 5140 probe
3555 5072 3789 5143 undique

2216 5169 2452 5214 armatus
2477 5166 2580 5222 est,
2607 5157 2904 5227 ingruentia
2932 5160 3108 5215 omnia
3134 5160 3236 5215 tela
3267 5160 3554 5230 propulset.
3574 5161 3788 5221 Etenim

2214 5248 2491 5321 quibusvis
2515 5247 2677 5302 armis
2702 5245 2906 5302 limior
2933 5264 2997 5304 ac
3024 5252 3287 5304 vaicntior
3324 5261 3405 5305 est
3430 5252 3679 5325 voluptas
3705 5271 3787 5321 ea,

2216 5357 2335 5413 quae
2358 5339 2650 5397 secundum
2683 5338 2847 5395 Deum
2881 5342 3210 5412 percipitur:
3243 5356 3343 5397 nec
3364 5343 3654 5415 quidquam
3685 5358 3784 5413 est,

2217 5435 2357 5506 quod
2380 5433 2682 5503 hujusmodi
2702 5433 2871 5489 virum
2898 5433 2954 5489 in
2980 5434 3244 5488 tristitiam
3270 5450 3333 5491 ac
3358 5451 3645 5495 mmrorem
3670 5453 3788 5493 con-

2212 5526 2380 5597 jicere
2407 5534 2604 5596 queat,
2636 5540 2817 5580 verum
2856 5524 3034 5580 omnia
3061 5522 3182 5579 forti
3228 5541 3291 5581 ac
3318 5541 3581 5601 generoso
3608 5531 3788 5585 animo

2219 5618 2434 5689 perfert.
2466 5615 2599 5684 Quid
2626 5616 2766 5671 enim
2792 5615 2914 5685 igne
2937 5614 3150 5685 gravius
3169 5618 3193 5671 τ
3214 5617 3337 5689 quid
3365 5619 3637 5687 perpetuis
3675 5635 3789 5675 cru-

2222 5712 2451 5770 ciatibus
2474 5709 2751 5768 acerbius?
2785 5708 2916 5764 Nam
2956 5716 3013 5764 ut
3046 5708 3207 5766 etiam
3250 5724 3380 5780 opes
3403 5718 3458 5767 et
3485 5708 3706 5781 liberos,
3727 5724 3789 5767 ac
