4066 6348
252 484 490 557 denique
517 485 728 557 quidvis
770 485 1013 549 amittat,
1046 483 1147 538 huc
1170 491 1348 537 tamen
1376 482 1440 536 ad
1484 481 1730 536 ciendum
1756 481 1845 553 do-

254 576 430 633 lorem
460 576 709 632 omnibus
747 584 834 633 est
868 574 1177 630 violentius.
1214 573 1406 628 Pellem
1456 574 1622 640 enim,
1650 573 1837 644 inquit,

255 685 355 739 pro
391 668 545 741 pelle,
573 678 621 724 α
646 669 817 723 omnia
844 681 961 735 qm
1000 666 1147 719 habet
1174 666 1344 730 homo,
1371 665 1510 717 dabit
1549 681 1641 735 pro
1669 666 1842 718 animo

253 776 352 815 sua
375 758 395 829 (
417 758 538 814 Job.
564 759 623 815 2.
649 760 685 815 ι
708 758 750 829 ).
777 757 890 815 Nec
929 758 1219 829 quidquam
1268 757 1510 826 corporis
1560 758 1843 812 tormentis

253 853 507 910 acerbius
532 852 658 924 ﬁngi
689 859 883 924 potest.
912 851 1017 907 Sed
1065 860 1244 906 tamen
1286 866 1406 919 qua:
1435 852 1515 905 vel
1545 850 1728 903 auditu
1756 850 1841 903 in-

250 943 534 1000 toleranda
559 950 729 1010 sunt,
758 958 821 998 ea
848 943 918 997 ob
943 940 1193 1013 gaudium
1239 940 1391 1006 illud,
1420 939 1559 1015 quod
1587 939 1839 995 divinitus

247 1035 559 1106 concipitur
580 1075 598 1103 ,
638 1034 937 1090 tolerabilia
982 1042 1142 1103 atque
1167 1034 1330 1088 etiam
1357 1031 1653 1103 expetenda
1685 1032 1838 1086 tinnt.

252 1129 335 1182 Ac
357 1127 404 1183 si
429 1142 461 1183 ι
490 1127 656 1199 ligno,
685 1127 769 1183 vel
793 1140 823 1181 a
851 1127 1137 1195 sartagine,
1168 1125 1410 1179 nonnihil
1435 1124 1610 1179 adhuc
1636 1126 1842 1194 spiran-

252 1230 365 1275 tem
394 1229 686 1292 martyrem
702 1218 967 1284 eduxeris,
998 1228 1201 1273 tantum
1232 1217 1479 1288 gaudium
1503 1217 1555 1272 in
1586 1232 1654 1272 eo
1679 1217 1838 1273 situm

247 1311 560 1381 comperies
578 1351 595 1379 ,
623 1317 879 1382 quantum
908 1324 976 1365 ne
1001 1309 1181 1365 verbis
1207 1309 1427 1380 quidem
1457 1309 1583 1364 ullis
1610 1309 1836 1380 exprimi

249 1403 443 1472 possit.
490 1402 562 1457 Et
603 1401 730 1472 quid
784 1399 995 1465 faciam,
1050 1400 1283 1471 inquies,
1336 1398 1549 1471 quando
1601 1400 1839 1470 martyrii

246 1505 467 1565 tempus
496 1507 638 1548 nunc
677 1508 783 1547 non
830 1493 953 1547 est?
979 1491 1116 1559 Quid
1155 1492 1335 1546 dicis?
1363 1490 1602 1561 martyrii
1633 1499 1841 1560 tempus

247 1601 399 1641 nunc
428 1600 533 1640 non
570 1583 718 1640 adest
742 1584 768 1639 ἲ
796 1584 1093 1654 Numquam
1121 1583 1252 1638 illud
1281 1583 1462 1648 abest,
1490 1582 1583 1637 sed
1628 1596 1842 1650 semper

248 1678 324 1732 ob
347 1678 533 1746 oculos
561 1684 775 1732 nostros
799 1684 1064 1741 versatur,
1090 1674 1134 1728 si
1177 1674 1415 1746 vigilanti
1445 1676 1624 1729 animo
1650 1675 1836 1729 simus.

247 1766 438 1835 Neque
482 1744 627 1822 enim
674 1766 731 1821 in
782 1766 926 1836 ligno
976 1775 1182 1821 tantum
1238 1744 1493 1836 pendere,
1550 1775 1841 1837 martyrem

246 1841 418 1914 facit:
446 1858 697 1929 quoniam
720 1859 765 1914 si
791 1858 866 1914 ita
894 1874 982 1914 res
1006 1858 1245 1925 haberet,
1277 1873 1602 1914 coronarum
1649 1859 1840 1929 hujus-

246 1950 399 2006 modi
423 1950 526 2006 Job
550 1965 750 2021 expers
775 1960 937 2007 esset.
973 1950 1159 2021 Neque
1196 1952 1339 2005 enim
1369 1952 1434 2007 ad
1468 1952 1699 2007 tribunal
1746 1952 1835 2008 ad-

244 2039 443 2095 ductus
470 2049 575 2107 est,
605 2053 705 2095 nec
723 2040 920 2109 judieis
949 2054 1135 2095 vocem
1158 2040 1381 2106 audivit,
1412 2056 1510 2094 nec
1533 2041 1839 2097 carnificem

246 2133 416 2197 vidit;
447 2148 552 2187 non
579 2132 723 2189 enim
753 2147 784 2189 e
811 2132 957 2203 ligno
983 2131 1231 2187 sublimis
1269 2132 1508 2203 pendens
1550 2134 1842 2188 excarnifi-

219 2224 511 2289 cabatur:
538 2232 592 2279 et
632 2231 809 2279 tamen
852 2222 1034 2279 multis
1054 2224 1385 2299 martyribus
1415 2223 1689 2279 acerbiora
1719 2240 1841 2295 pas.

245 2328 343 2370 sus
368 2320 483 2381 est;
505 2327 569 2369 ac
595 2327 755 2370 voces
784 2313 891 2369 illa:
913 2313 1247 2380 nuntiorum,
1270 2314 1361 2384 qui
1391 2314 1482 2368 alii
1509 2314 1627 2369 aliis
1654 2330 1839 2370 succe-

241 2406 464 2471 debant,
496 2421 617 2474 eum
656 2406 846 2477 quavis
872 2406 1024 2477 plaga
1049 2406 1224 2461 acrius
1244 2406 1603 2476 acerbiusque
1628 2407 1838 2461 convul-

245 2498 529 2566 nerabant,
577 2507 736 2569 atque
777 2498 1015 2567 undique
1064 2498 1443 2563 lancinabant,
1469 2500 1836 2568 vermiumque

244 2588 462 2643 illorum
508 2604 603 2644 ora
646 2590 790 2644 omni
837 2604 905 2644 ex
935 2598 1084 2658 parte
1112 2590 1285 2659 ipsum
1331 2590 1642 2654 immanius,
1672 2606 1832 2659 quam

242 2678 487 2733 sexcenti
504 2728 505 2731 η
520 2677 821 2739 carnifices,
849 2677 1229 2733 corrodebant.

318 2771 373 2826 5.
416 2770 653 2840 Ecquem
696 2769 858 2840 igitur
902 2778 1191 2840 martyrem
1223 2769 1310 2824 hic
1353 2786 1457 2824 non
1482 2771 1695 2840 aequet?
1723 2771 1834 2827 imo

242 2878 377 2918 vero
404 2871 707 2917 sexcentos.
735 2861 867 2915 Nam
919 2876 1013 2930 per
1054 2861 1231 2916 omnia
1279 2877 1456 2917 rerum
1486 2876 1681 2934 genera
1720 2874 1831 2920 tum

244 2955 567 3020 luctabatur,
590 2963 702 3009 tum
729 2955 961 3024 palmam
984 2954 1280 3023 obtinebat,
1312 2956 1557 3012 nimirum
1583 2973 1677 3028 per
1689 2975 1839 3029 opes,

243 3062 343 3118 per
370 3046 571 3102 liberos
597 3088 611 3114 ,
641 3061 738 3117 per
763 3061 960 3116 corpus
982 3088 997 3112 ,
1027 3061 1125 3117 per
1174 3062 1395 3103 uxorem
1425 3091 1439 3115 ,
1470 3065 1567 3119 per
1592 3053 1827 3115 amicos,

242 3153 341 3207 per
366 3137 573 3203 hostes,
623 3153 720 3208 per
769 3152 953 3193 servos
979 3154 994 3203 ;
1024 3154 1144 3192 nam
1192 3137 1248 3192 bi
1274 3154 1484 3210 quoque
1526 3141 1578 3194 in
1628 3156 1689 3195 os
1716 3142 1831 3210 ejus

240 3228 597 3297 inspuebant;
632 3243 727 3297 per
776 3229 988 3294 famem,
1040 3244 1133 3295 per
1184 3230 1411 3291 somnia,
1455 3245 1550 3296 per
1588 3230 1823 3297 dolores,

240 3333 340 3386 per
365 3317 629 3377 faetorem.
661 3317 746 3373 0b
772 3333 998 3387 eamque
1028 3332 1243 3372 causam
1270 3319 1401 3384 dixi,
1432 3335 1553 3373 eum
1601 3336 1706 3374 non
1735 3320 1827 3375 uni

237 3415 336 3462 aut
382 3408 590 3465 duobus
632 3420 722 3464 aut
771 3409 976 3473 tribus,
1026 3410 1119 3466 sed
1174 3412 1441 3466 sexcentis
1506 3413 1825 3485 martyribus

236 3498 559 3567 :eqnandum
582 3513 722 3555 esse.
754 3500 963 3554 Etenim
991 3516 1093 3554 una
1120 3517 1239 3556 cum
1263 3502 1327 3555 iis
1353 3519 1472 3573 qua:
1499 3519 1825 3561 commemo-

237 3597 355 3641 rata
401 3598 545 3654 sunt,
576 3597 785 3659 tempus
834 3606 1046 3659 quoque
1098 3607 1345 3662 magnum
1398 3594 1564 3663 ipsius
1609 3600 1823 3653 coronis

236 3678 508 3733 cumulum
542 3679 689 3735 addit
718 3698 731 3733 :
762 3680 959 3751 quippe
987 3684 1128 3751 quod
1169 3695 1291 3739 ante
1322 3686 1489 3754 legem
1518 3696 1572 3742 et
1597 3691 1820 3759 gratiam

239 3770 356 3826 haec
384 3785 665 3842 perpessus
692 3774 781 3841 sit,
806 3775 951 3844 quod
984 3776 1180 3830 multos
1206 3793 1442 3845 menses,
1472 3782 1613 3851 quod
1642 3785 1817 3837 olnnia

235 3877 397 3931 supra
426 3862 673 3931 modum,
702 3865 841 3935 quod
869 3866 1186 3921 acerbitates
1212 3884 1398 3923 omnes
1430 3872 1587 3924 simul
1617 3874 1667 3925 in
1696 3890 1818 3928 eum

234 3951 497 4021 impetum
528 3953 751 4009 fecerint
781 3974 794 4010 :
825 3971 1147 4027 quamquam
1177 3962 1586 4031 unumquodque
1632 3978 1818 4019 eorum

235 4043 322 4097 vel
348 4043 521 4099 solum
550 4045 885 4101 intolerabile
911 4056 1026 4102 erat
1050 4089 1063 4113 ,
1106 4048 1326 4120 ipsaque
1350 4052 1483 4107 adeo
1508 4054 1815 4111 divitiarum

231 4134 460 4203 jactura,
487 4149 605 4205 quae
625 4136 845 4207 reliquis
864 4139 1189 4194 tolerabilior
1211 4156 1329 4198 esse
1352 4145 1645 4200 videbatur.
1671 4149 1817 4205 Multi

230 4223 433 4293 quippe
463 4226 640 4295 plagas
667 4227 882 4297 quidem
925 4245 1080 4297 mque
1108 4233 1287 4286 animo
1337 4236 1589 4302 tulerunt,
1618 4241 1707 4309 qui
1738 4250 1817 4295 ta-

233 4330 361 4369 men
394 4331 555 4387 opum
582 4316 844 4386 jacturam
874 4321 1096 4378 minime
1122 4327 1455 4393 pertulerunt
1480 4346 1495 4395 ;
1526 4346 1709 4386 verum
1738 4350 1820 4389 ea-

234 4420 356 4458 rum
406 4421 563 4460 causa
620 4399 801 4479 ﬂagris
852 4412 1028 4480 potius
1073 4416 1299 4481 concidi,
1337 4429 1496 4489 atque
1523 4421 1817 4481 innumeris

232 4496 629 4551 calamitatibus
676 4499 857 4568 attici,
888 4519 1044 4573 quam
1098 4507 1329 4576 aliquam
1380 4526 1564 4565 carum
1614 4524 1815 4581 partem

234 4585 500 4654 projicere
572 4589 913 4659 maluerunt,
968 4597 1373 4668 gravioremque
1440 4617 1556 4656 eam
1610 4605 1815 4675 plagam

227 4679 611 4734 existimarunt
636 4724 648 4742 .
683 4696 799 4752 qua:
826 4699 887 4737 ex
928 4700 1087 4755 opum
1116 4689 1440 4746 detrimento
1461 4696 1685 4763 capitur.
1718 4699 1819 4752 Ita-

228 4774 339 4839 ‘que
368 4764 468 4825 huc
497 4787 707 4843 quoque
738 4774 878 4830 aliud
926 4780 1167 4850 martyrii
1194 4797 1362 4852 genus
1391 4797 1473 4841 est
1497 4828 1513 4852 ,
1547 4806 1667 4843 cum
1700 4794 1817 4862 quis

229 4875 416 4917 earum
459 4864 801 4921 amissionem
846 4867 969 4923 forti
1020 4872 1200 4927 animo
1228 4876 1445 4943 perfert.
1481 4879 1547 4934 Et
1586 4896 1815 4949 quonam

232 4952 397 5009 modo
418 4994 434 5020 ,
464 4954 668 5027 inquiet
695 4959 907 5029 aliquis,
940 4977 1057 5016 eam
1085 4965 1205 5019 forti
1232 4968 1412 5023 animo
1444 4972 1817 5039 perferemus?

230 5045 368 5100 Cum
393 5044 644 5102 didiceris
676 5061 726 5103 te
760 5065 856 5120 per
877 5054 1084 5107 unicam
1116 5070 1319 5123 vocem,
1347 5076 1449 5131 qua
1482 5063 1590 5118 Deo
1617 5068 1817 5136 gratias

231 5150 379 5207 ngas,
410 5137 528 5203 plus
571 5139 700 5195 lucri
741 5141 1025 5211 facturum,
1051 5163 1207 5217 quam
1233 5150 1413 5207 damni
1442 5153 1653 5214 feceris.
1684 5159 1814 5216 Nam

229 5230 277 5283 si
305 5228 482 5282 audita
508 5244 693 5284 earum
722 5234 1018 5293 amissione
1035 5240 1254 5298 minime
1276 5248 1659 5305 conturbcmur
1682 5294 1697 5317 ,
1720 5255 1814 5311 sed

229 5317 493 5385 dicamus,
520 5319 839 5378 Benedictus
884 5327 1056 5393 Deus;
1088 5331 1244 5400 longe
1289 5337 1563 5395 uberiores
1604 5343 1816 5405 divitias

230 5408 763 5481 invenimus.Neqne
810 5415 951 5470 enim
1005 5429 1205 5478 tantum
1252 5428 1493 5485 utilitatis
1540 5435 1740 5503 capies,
1771 5440 1815 5494 si

230 5568 492 5661 pauperes
543 5594 849 5665 conquiras,
878 5596 1262 5675 facultatesque
1314 5618 1432 5667 tuas
1477 5614 1530 5668 in
1582 5568 1816 5689 eos’qui

231 5680 375 5736 fame
391 5683 643 5740 laborant
671 5702 914 5759 spargas,
939 5705 1195 5760 quantum
1242 5714 1336 5766 per
1375 5701 1475 5759 hoc
1503 5723 1664 5762 unum
1690 5680 1813 5764 ver-

232 5773 359 5835 bum
383 5779 733 5836 etuolumenti
761 5783 924 5839 feres.
948 5787 1388 5859 QUandoqu'idem
1412 5808 1461 5852 et
1489 5798 1677 5856 Jobum
1706 5819 1811 5859 non

554 5868 827 5938 Panos.
858 5881 978 5945 (in.
1021 5884 1182 5948 LXI.

1353 366 1416 420 lN
1454 366 1663 421 El‘iST.
1709 366 1748 419 ll
1814 366 1905 420 AD
1944 366 2098 425 COl‘i.
2143 372 2371 430 ilOMlL.
2416 379 2454 432 Ι.

3431 400 3536 454 390

1955 490 2065 539 tam
2094 488 2350 557 admiror,
2368 507 2491 547 cum
2520 496 2736 554 domum
2764 516 2915 559 suam
2948 515 3161 578 pauperi
3306 527 3534 581 i‘pertam

1951 571 2129 639 habet,
2155 592 2315 647 quam
2344 585 2593 639 eumdem
2638 592 2871 659 suspicio
2896 571 2961 650 ac
2988 571 3166 664 praedi.
3280 571 3395 656 .mu
3435 603 3536 657 bo-

1951 679 2137 720 norum
2183 673 2515 739 ereptionem
2572 677 2644 732 ita
2693 679 2818 747 fert,
2846 694 2913 737 ut
2938 688 3134 755 gratias
3180 708 3339 745 ctam
3387 706 3531 763 agat.

1947 754 2097 820 Quod
2124 758 2284 813 etiam
2314 762 2485 832 ipsum
2536 766 2589 821 in
2636 769 2924 827 liberorum
2955 778 3244 835 amissione
3288 780 3536 839 accidere

1945 861 2167 903 eernere
2193 850 2337 907 licet.
2365 854 2547 927 Neque
2577 861 2721 915 enim
2749 863 2848 920 bac
2876 866 2929 921 in
2958 882 3016 922 re
3044 870 3305 927 minorem
3336 889 3543 930 merce—

1947 934 2066 1034 dem
2094 940 2293 1034 capies,
2319 958 2477 1034 quam
2510 948 2720 1020 ille,qui
2749 952 2917 1009 [ilium
2944 970 3100 1012 suum
3127 960 3347 1019 adduxit
3374 975 3532 1034 atque

1947 1024 2263 1098 immolavit,
2293 1032 2338 1086 si
2390 1053 2512 1091 cum
2570 1040 2734 1095 filium
2788 1048 3104 1104 morientem
3154 1056 3531 1123 conspexeris,

1946 1116 2178 1190 benigno
2208 1125 2318 1180 Deo
2347 1131 2547 1198 gratias
2576 1148 2724 1202 agas.
2755 1136 2810 1190 ln
2839 1154 2945 1207 quo
2975 1142 3120 1197 enim
3151 1145 3199 1199 is
3225 1146 3318 1216 qui
3348 1147 3538 1217 hujus-

1947 1212 2091 1267 tnodi
2134 1216 2315 1273 animo
2362 1223 2614 1289 praeditus
2644 1238 2765 1299 est,
2796 1230 3100 1289 Abrahamo
3149 1212 3371 1294 inferior
3415 1212 3535 1295 sit?

1949 1299 2038 1358 ille
2064 1307 2206 1362 enim
2241 1324 2345 1365 non
2379 1325 2644 1370 mortuum
2677 1318 2823 1375 bumi
2854 1332 3075 1379 stratum
3109 1327 3261 1393 vidit,
3293 1314 3387 1385 sed
3416 1341 3535 1386 tan»

1947 1402 2056 1448 tum
2087 1402 2460 1467 exspectavit:
2494 1409 2745 1475 quocirca
2794 1415 2837 1466 si
2887 1414 2985 1469 bac
3030 1419 3236 1474 ratione
3285 1424 3532 1491 superior

1944 1492 2045 1546 est,
2069 1486 2211 1555 quod
2239 1489 2406 1545 filium
2430 1506 2665 1552 mactare
2690 1501 2928 1568 parabat,
2946 1514 3104 1575 atque
3130 1486 3530 1567 extenta'manu

1944 1577 2179 1646 gladium
2206 1584 2503 1653 arripuerat
2527 1630 2539 1650 ,
2569 1588 2621 1643 in
2654 1591 2756 1647 hoc
2780 1611 2992 1651 rursum
3024 1600 3239 1656 inferior
3259 1614 3360 1669 εει,
3388 1609 3530 1676 quod

1946 1666 2030 1720 bic
2058 1683 2189 1737 puer
2228 1684 2471 1731 mortuus
2504 1678 2695 1745 jaceat.
2722 1683 3019 1749 Quinetiam
3063 1690 3259 1761 alioqui
3289 1666 3530 1763 price-lari

1945 1760 2192 1818 facinoris
2230 1780 2357 1833 spes
2384 1772 2801 1829 consolationem
2835 1778 2932 1846 ipsi
2957 1760 3245 1838 all‘erebat:
3280 1796 3437 1857 atque
3469 1792 3530 1842 il-

1944 1852 2033 1909 lud
2064 1857 2212 1925 item,
2255 1864 2396 1929 quod
2425 1874 2701 1922 strenuum
2733 1870 3030 1939 bujnsmodi
3063 1876 3268 1933 facinus
3297 1852 3528 1951 propria:

1944 1943 2108 2014 ipsius
2152 1949 2475 2009 fortitudinis
2503 1973 2696 2015 munus
2740 1973 2890 2029 erat;
2918 1980 2980 2020 ac
3012 1979 3267 2036 praeterea
3295 1943 3485 2029 vox-ea
3509 2018 3524 2036 .

1942 2051 2061 2106 qua:
2086 2042 2289 2097 caelitus
2320 2046 2648 2115 mittebatur,
2682 2053 2750 2105 ab
2794 2070 2860 2109 eo
2909 2059 3111 2124 audita,
3144 2066 3525 2135 promptiorem

1940 2140 2061 2181 eum
2094 2132 2369 2190 reddebat.
2402 2138 2499 2196 llic
2524 2156 2702 2196 autem
2733 2145 2862 2199 nihil
2892 2147 3154 2218 ejusmodi
3183 2132 3391 2213 est.iix
3421 2176 3525 2230 quo

1942 2221 2275 2294 intelligitur,
2303 2229 2645 2288 adamantina
2672 2238 2903 2306 quadam
2933 2244 3108 2299 anima
3137 2262 3275 2317 opus
3296 2221 3452 2317 esse;
3471 2264 3525 2308 nt

1939 2313 2201 2385 quispiam
2226 2322 2443 2377 unicum
2474 2323 2661 2392 filium,
2688 2332 2777 2399 qui
2811 2332 2861 2385 in
2894 2334 3093 2393 divitiis
3123 2313 3381 2400 educatus
3413 2313 3523 2401 foe.

1941 2414 2043 2472 rat,
2071 2407 2356 2481 lunamque
2382 2414 2450 2471 de
2475 2431 2534 2472 se
2560 2433 2708 2489 spem
2734 2423 3011 2491 alferebat,
3041 2429 3092 2483 in
3118 2435 3321 2488 tumulo
3343 2438 3520 2505 jacen-

1941 2506 2047 2553 tem
2077 2511 2132 2555 et
2158 2513 2433 2561 extentum
2458 2513 2793 2585 conspiciens
2816 2557 2833 2581 ,
2861 2532 3043 2574 casum
3073 2521 3215 2578 hunc
3245 2525 3437 2582 leniter
3462 2547 3525 2583 ac

1939 2588 2145 2657 placide
2172 2594 2329 2650 ferat.
2360 2598 2460 2664 Qui
2500 2600 2603 2656 buc
2644 2605 2825 2661 animo
2851 2619 2959 2677 est,
2989 2613 3035 2665 si
3077 2616 3279 2673 sedatis
3318 2632 3521 2674 natura:

1937 2679 2183 2738 ﬂuctibus
2221 2687 2351 2742 illud
2380 2690 2500 2744 Jobi
2529 2677 2685 2748 siccis
2713 2698 2879 2753 oculis
2923 2700 3104 2758 dicere
3128 2718 3306 2774 queat,
3337 2708 3519 2764 Domi-

1936 2788 2029 2825 nus
2068 2775 2244 2841 dedit,
2278 2778 2529 2836 Dominus
2581 2785 2787 2839 abstulit
2817 2788 2835 2856 (
2861 2789 2960 2843 Job
2992 2794 3042 2845 i.
3089 2794 3152 2850 21
3194 2800 3250 2865 );
3300 2802 3369 2855 ob
3418 2802 3520 2859 hoc

1933 2861 2210 2919 dumtaxat
2240 2869 2457 2925 verbum
2490 2890 2591 2928 una
2631 2891 2752 2931 cum
2799 2880 3105 2939 Abrabamo
3144 2889 3514 2956 collocabitur,

1932 2970 2035 3008 una
2058 2973 2182 3011 cum
2208 2959 2309 3016 Job
2338 2964 2504 3019 victor
2527 2969 2920 3036 prardicabitur.
2954 2975 3105 3042 Quod
3149 2979 3215 3045 si,
3244 2995 3518 3052 compres-

1930 3047 2008 3103 sis
2034 3052 2314 3109 mulierum
2359 3056 2675 3127 singultibus
2701 3062 2985 3136 eborisque
3018 3070 3311 3140 lugentium
3344 3078 3517 3132 disso-

1930 3137 2076 3206 lutis,
2109 3157 2308 3200 omnes
2359 3147 2424 3201 ad
2477 3151 2825 3209 celebrandas
2876 3156 2967 3211 Dei
3024 3137 3212 3218 laudes
3242 3166 3510 3230 excitarit,

1930 3231 2208 3289 innumera
2238 3239 2288 3292 in
2318 3242 2451 3295 c:elo
2475 3285 2488 3307 ,
2520 3245 2795 3302 innumera
2827 3250 2879 3304 in
2919 3262 3055 3307 terra
3083 3262 3298 3324 praamia
3329 3278 3514 3318 cense;

1926 3334 2138 3393 quetur,
2165 3329 2468 3387 hominibus
2510 3351 2634 3392 eum
2688 3340 3096 3415 admirantibus,
3127 3353 3327 3422 angelis
3365 3358 3511 3425 plau-

1926 3417 2195 3485 dentibus,
2226 3423 2336 3479 Deo
2361 3439 2678 3487 coronante.

1997 3511 2049 3565 6.
2083 3513 2150 3567 Et
2178 3518 2268 3609 qui
2298 3517 2410 3573 fieri
2442 3530 2635 3591 queat,
2678 3525 2823 3582 dicet
2849 3532 3071 3601 aliquis,
3120 3544 3178 3591 ut
3212 3542 3301 3609 qui
3344 3542 3502 3598 homo

1922 3612 2007 3655 est
2026 3643 2039 3664 .
2073 3620 2179 3657 non
2210 3606 2428 3675 lugeat?
2456 3611 2719 3668 Nimirum
2746 3619 2791 3671 si
2812 3623 3035 3689 cogites,
3070 3642 3168 3680 nec
3194 3606 3505 3695 patriarcha:

1924 3710 2021 3748 nec
2049 3696 2204 3762 Jobo,
2238 3714 2357 3753 cum
2394 3701 2554 3757 homo
2594 3715 2814 3776 uterque
2855 3721 3032 3777 esset,
3080 3719 3367 3787 quidquam
3402 3727 3505 3780 tale

1923 3789 2183 3844 accidisse
2205 3831 2219 3852 ,
2255 3791 2413 3860 idque
2437 3810 2560 3848 cum
2589 3805 2812 3868 uterque
2840 3806 2966 3857 ante
2996 3805 3165 3874 legum
3196 3819 3249 3863 et
3277 3816 3502 3881 gratiam

1921 3895 1982 3932 ac
2003 3890 2199 3935 tantam
2220 3882 2393 3953 legum
2416 3886 2806 3957 pliiluSOpbiam
2829 3894 3118 3951 exstitisset
3144 3921 3154 3953 :
3180 3901 3222 3955 si
3246 3916 3502 3970 pra'trrca

1922 3971 2049 4025 illud
2078 3973 2408 4041 consideres,
2440 3992 2584 4039 eum.
2617 3982 2704 4049 qui
2732 3982 2891 4038 vitam
2920 4000 3039 4041 cum
3070 4001 3242 4045 morte
3266 4009 3504 4051 commu-

1922 4064 2070 4129 tavit,
2098 4064 2164 4119 ad
2195 4066 2472 4121 meliorem
2495 4069 2769 4140 regionem
2792 4075 3070 4145 migrasse,
3095 4090 3251 4151 atque
3272 4087 3336 4140 ad
3361 4104 3502 4157 prae-

1919 4156 2231 4218 stantiorem
2254 4168 2454 4214 sortem
2485 4163 2822 4229 transiliisse,
2855 4175 3009 4238 teque
3036 4186 3139 4225 non
3174 4172 3337 4230 lilium
3363 4156 3504 4233 alni-

1918 4248 2089 4313 sisse,
2123 4250 2216 4305 sed
2260 4251 2313 4304 in
2346 4262 2459 4308 tuto
2494 4255 2601 4322 jam
2636 4255 2757 4311 loco
2784 4258 3097 4317 collocasse.
3141 4265 3499 4332 Quamobrem

1922 4357 1988 4395 ue
2012 4343 2211 4398 dixeris
2231 4387 2245 4410 ,
2278 4344 2395 4399 iam
2425 4358 2576 4416 pater
2604 4366 2712 4406 non
2737 4367 2921 4409 vocor.
2949 4354 3056 4412 Cur
3084 4362 3225 4416 enim
3262 4380 3366 4421 non
3390 4367 3501 4436 jam

1922 4437 2128 4490 voceris
2148 4479 2161 4499 ,
2193 4452 2314 4491 cum
2356 4440 2497 4493 filius
2528 4453 2647 4496 tuus
2672 4455 2943 4513 superstes
2983 4450 3094 4503 sit?
3124 4469 3248 4508 num
3276 4472 3496 4524 puerum

1919 4528 2183 4582 amisisti?
2213 4545 2337 4585 nmn
2386 4530 2552 4586 filium
2586 4536 2896 4603 perdidisti?
2926 4541 3037 4597 imo
3068 4546 3243 4613 potius
3272 4550 3495 4621 adeptus

1919 4634 1998 4683 es,
2031 4620 2301 4690 lutiUSqlle
2332 4624 2593 4691 possides.
2628 4625 2751 4683 ideo
2778 4644 2884 4685 non
2908 4631 3016 4701 jam
3048 4634 3131 4691 hic
3153 4638 3325 4695 solum
3353 4620 3504 4712 pater

1919 4712 2146 4777 vocaris,
2171 4714 2265 4767 sed
2286 4714 2444 4769 etiam
2468 4716 2519 4770 in
2542 4719 2693 4773 cmlo.
2717 4719 3095 4795 Quamobrem,
3126 4738 3327 4787 tantum
3350 4737 3503 4792 abest

1921 4815 1976 4859 ut
2007 4805 2170 4875 patris
2213 4821 2409 4863 nomen
2452 4810 2726 4877 amiseris,
2760 4822 2819 4868 ut
2861 4818 3129 4888 copiosius
3168 4826 3329 4881 etiam
3368 4828 3499 4886 illud

1919 4897 2012 4951 tibi
2041 4899 2333 4955 accesserit
2362 4918 2375 4956 :
2407 4916 2582 4971 neque
2618 4905 2761 4959 enim
2801 4907 2910 4977 jam
2951 4913 3226 4983 mortalis,
3272 4920 3365 4975 sed
3395 4923 3497 4977 im-

1919 4987 2161 5042 mortalis
2192 4987 2285 5043 filii
2315 4998 2465 5060 pater
2492 4995 2791 5062 vocaberis,
2822 5002 3130 5071 strenuiqne
3160 5006 3347 5065 militis
3368 5053 3384 5079 ,
3417 5025 3501 5069 at-

1918 5093 2021 5148 que
2050 5080 2192 5133 intus
2222 5092 2482 5150 perpetuo
2522 5086 2732 5141 stantis.
2777 5087 2959 5159 Neque
3002 5093 3147 5147 enim
3188 5108 3305 5167 est,
3356 5106 3499 5171 quod

1918 5186 2040 5225 cum
2069 5170 2270 5226 idcirco
2292 5172 2385 5228 tibi
2416 5174 2639 5243 periisse
2681 5189 2866 5248 putes,
2897 5182 3019 5249 quia
3047 5202 3153 5240 non
3182 5190 3351 5246 adest.
3374 5170 3496 5249 iEt-

1918 5262 2060 5318 enim
2091 5264 2136 5318 si
2169 5280 2393 5335 peregre
2422 5269 2691 5336 profectus
2726 5271 2929 5338 fuisset,
2950 5291 3055 5331 non
3089 5293 3369 5353 propterea
3388 5304 3491 5342 una

1918 5370 2040 5409 cum
2082 5369 2309 5425 corpore
2356 5360 2762 5429 pr0pinqnitatis
2802 5379 3016 5436 quoque
3055 5386 3247 5428 nomen
3277 5375 3497 5434 absces.

1917 5447 2094 5501 sisset.
2125 5447 2383 5514 Quocirca
2414 5466 2482 5507 ne
2508 5451 2733 5520 jacentis
2762 5456 2965 5513 vultum
2985 5464 3229 5532 attende;
3258 5466 3336 5523 sic
3357 5471 3499 5529 enim

1916 5536 2289 5605 .rgritudiuem
2316 5542 2633 5607 exsuscitas,
2667 5559 2849 5600 verum
2881 5548 2946 5603 da
2977 5566 3217 5621 operam,
3259 5567 3316 5611 ut
3345 5576 3500 5617 men-

1920 5635 2023 5681 tem
2054 5628 2123 5683 ab
2148 5644 2233 5695 eo,
2264 5632 2356 5700 qui
2387 5633 2550 5701 jacet,
2577 5634 2645 5688 ad
2675 5637 2866 5694 crelum
2894 5642 3180 5700 subducas.
3209 5648 3326 5705 Non
3355 5661 3499 5709 enim

1917 5718 2145 5772 cadaver
2186 5719 2322 5787 hoc,
2353 5722 2493 5792 quod
2541 5723 2685 5779 humi
2711 5728 2883 5796 jacet,
2918 5730 3058 5788 ﬁlius
3088 5743 3210 5791 tuus
3252 5750 3371 5808 est,
3404 5748 3499 5799 sed

1920 5810 2041 5871 ille,
2071 5809 2161 5879 qui
2201 5813 2462 5874 avolavit,
2509 5824 2666 5883 atque
2710 5818 2762 5874 in
2796 5821 3109 5879 immensam
3155 5827 3491 5887 altitudinem

3086 5927 3163 5986 25
