4066 6348
545 367 640 423 891

544 479 802 547 ascendit,
832 476 967 533 Cum
988 473 1167 545 itaque
1194 471 1487 541 depressos
1513 467 1702 523 oculos
1729 475 1890 536 atque
1918 470 2137 519 contra-

543 584 689 628 ctum
718 584 780 624 os
807 578 863 623 et
886 580 1083 635 corpus
1111 571 1260 618 motu
1283 574 1475 615 carens
1502 558 1723 623 videris,
1754 570 1884 611 cave
1915 554 2017 608 hoe
2038 552 2131 607 tibi

546 666 599 719 in
644 672 877 717 mentem
906 658 1118 724 veniat,
1150 655 1295 725 quod
1321 668 1384 709 os
1415 652 1557 708 istud
1589 667 1695 706 non
1731 650 1842 719 jam
1872 648 2130 718 loquitur,

545 745 798 808 oculi-isti
831 766 936 804 non
959 748 1070 820 jam
1101 753 1352 809 cernunt,
1382 743 1545 813 pedes
1569 742 1656 797 isti
1682 757 1785 795 non
1810 740 1920 810 jam
1948 740 2136 794 ambu-

543 846 674 910 lant,
710 842 804 898 sed
829 841 1011 895 omnia
1040 841 1093 894 in
1121 836 1523 905 corruptionem
1550 833 1799 889 abierunt
1826 850 1839 886 :
1873 845 2023 894 cave.
2054 830 2136 884 in-

539 951 702 1008 quam
724 976 743 1003 ,
779 935 882 989 ista
911 931 1093 997 dias;
1126 944 1310 986 verum
1344 927 1429 981 his
1462 924 1732 981 contraria
1752 966 1768 990 ,
1798 937 1993 992 nempe
2018 962 2032 979 .
2063 921 2137 976 Os

544 1027 685 1084 istud
713 1026 907 1081 melius
936 1024 1205 1093 loquetur,
1236 1018 1379 1074 oeuli
1409 1018 1495 1072 isti
1542 1015 1764 1071 meliora
1790 1021 2013 1069 cerneut
2034 1053 2049 1079 ,
2082 1020 2137 1067 et

546 1118 712 1187 pedes
740 1116 793 1171 in
821 1115 1050 1170 nubibus
1079 1111 1342 1168 sublimes
1372 1108 1649 1169 tollentur,
1680 1120 1744 1161 ac
1764 1104 1995 1173 denique
2018 1117 2139 1156 cor-

543 1221 644 1276 pus
685 1206 824 1260 istud
848 1245 864 1270 ,
896 1202 1040 1275 quod
1079 1216 1223 1257 nunc
1266 1197 1649 1267 corrumpitur,
1682 1193 2133 1249 immortalitatem

542 1298 748 1363 induet,
779 1295 1238 1362 illustrioremque
1266 1289 1432 1343 lilium
1463 1302 1641 1342 meum
1674 1286 1948 1355 recipiam.
1978 1282 2133 1359 Quod

541 1392 585 1446 si
629 1404 922 1445 maerorem
959 1387 1053 1441 tibi
1095 1400 1157 1439 ea
1178 1424 1194 1451 ,
1228 1398 1348 1453 qua:
1377 1380 1557 1436 cernis
1577 1419 1592 1444 ,
1624 1377 1885 1443 aﬂ'erunt,
1917 1372 2132 1430 interim

542 1493 717 1539 tecum
766 1483 882 1552 ipse
915 1481 1029 1534 luce
1068 1478 1291 1547 loquere
1316 1493 1338 1545 ε,
1365 1473 1753 1528 Vestimentum
1783 1468 1889 1523 hoc
1927 1477 2048 1531 est;
2082 1465 2133 1521 id

541 1577 709 1637 exuit,
742 1583 799 1627 ut
830 1573 1002 1643 ipsum
1033 1569 1342 1640 prarclarius
1366 1565 1590 1633 recipiat
1616 1582 1630 1618 :
1658 1561 1849 1616 domus
1876 1560 1990 1613 haec
2014 1566 2095 1613 est
2120 1570 2136 1621 ;

542 1681 603 1719 ea
646 1677 834 1718 eversa
882 1672 994 1724 est,
1046 1667 1105 1713 ut
1147 1655 1470 1711 luculentior
1516 1653 1627 1706 llat.
1672 1646 2135 1717 Quemadmodum

540 1756 685 1811 enim
715 1770 835 1820 nos,
866 1768 989 1808 cum
1017 1750 1237 1806 domum
1271 1744 1545 1819 purgaturi
1577 1756 1786 1809 sumus,
1817 1754 1912 1796 eos
1936 1740 2025 1808 qui
2049 1739 2134 1793 in-

541 1858 625 1904 tus
656 1847 927 1906 habitant.
960 1861 1068 1901 non
1098 1843 1327 1899 sinimus
1353 1851 1575 1893 manere
1594 1876 1609 1901 ,
1636 1835 1732 1890 sed
1768 1848 1835 1888 ne
1860 1830 1988 1902 quid
2014 1830 2135 1900 pol-

540 1940 684 1997 veris
705 1937 1028 1996 contrahant
1054 1950 1118 1990 ac
1138 1932 1368 1989 tumultu
1389 1926 1749 1990 offenduntur,
1782 1923 1925 1979 foras
1951 1937 2135 1976 aman-

539 2034 735 2087 datnus
762 2044 825 2085 ac
863 2028 1137 2100 paulisper
1175 2022 1430 2079 secedere
1452 2019 1734 2089 jubemus;
1790 2025 2132 2085 posteaquam

538 2135 721 2178 autem
752 2122 970 2176 domum
1001 2125 1166 2171 tutam
1198 2111 1558 2177 reddidimus,
1590 2117 1701 2163 tum
1730 2105 1959 2176 denique
1990 2106 2134 2175 ipsos

543 2216 711 2269 libere
738 2212 964 2267 introire
999 2208 1229 2264 sinimus
1259 2223 1273 2259 :
1306 2202 1496 2259 eodem
1533 2199 1693 2256 modo
1734 2198 1877 2254 Deus
1920 2212 2135 2267 quoque

542 2304 697 2370 facit;
726 2315 919 2359 everso
955 2299 1100 2355 enim
1146 2296 1287 2367 putri
1320 2295 1487 2365 ipsius
1513 2290 1881 2356 tabernaculo,
1917 2288 2133 2343 interim

540 2410 665 2451 eum
699 2395 752 2449 in
783 2396 1061 2462 paternam
1089 2388 1312 2443 domum
1336 2393 1498 2454 atque
1524 2382 1592 2437 ad
1630 2396 1691 2437 se
1729 2378 2051 2445 introducit,
2078 2385 2136 2433 ut

543 2497 891 2560 posteaquam
922 2482 1050 2539 illud
1074 2480 1318 2547 diruerit,
1347 2488 1507 2547 atque
1532 2471 1865 2539 instaurarit,
1896 2480 2008 2525 tum
2038 2468 2133 2524 de-

541 2600 689 2639 mum
717 2578 1051 2653 splendidius
1077 2576 1129 2632 id
1174 2576 1225 2631 ci
1259 2571 1469 2629 reddat.
1502 2566 1764 2634 Quocirca
1792 2579 1862 2621 ne
1890 2563 2093 2619 dixeris
2112 2602 2129 2623 ,

1276 357 1333 412 S.
1374 351 1654 411 JOANNIS
1687 344 2160 407 CIIRYSOSTOMI
2198 342 2512 404 ARClllEP.
2552 346 3092 405 CONSTANTINOP.

3722 345 3848 405 ως

2248 460 2448 526 Periit,
2495 476 2594 516 nec
2632 464 2744 531 jam
2785 470 2903 526 est;
2933 476 3119 517 eorum
3148 456 3339 528 enim,
3358 462 3448 531 qui
3478 459 3583 517 fide
3612 473 3843 530 carent,

2245 553 2361 607 haec
2395 552 2560 609 verba
2589 560 2745 617 sunt;
2773 567 2961 608 verum
2992 551 3096 607 hoc
3124 552 3332 623 potius,
3377 552 3585 608 Dormit
3603 592 3622 619 ,
3651 568 3716 608 ae
3744 568 3843 609 re-

2243 654 2461 716 surget;
2494 659 2715 715 peregre
2744 644 2913 708 abiit,
2942 653 3104 715 atque
3128 659 3249 700 cum
3274 644 3419 715 Rege
3445 656 3700 703 venturus
3726 656 3842 700 est.

2240 737 2371 805 Quis
2397 736 2498 791 hoc
2523 750 2774 791 sermone
2796 735 3001 790 utitur?
3030 733 3079 790 ls
3110 750 3304 805 nempe
3321 775 3338 800 ,
3363 736 3451 806 qui
3479 735 3753 790 Christum
3786 734 3843 787 in

2243 842 2302 881 se
2332 826 2641 897 loquentem
2674 825 2857 881 habet.
2886 824 2949 880 Si
2978 826 3111 879 enim
3136 825 3415 893 crediturus,
3456 825 3664 896 inquit,
3692 825 3845 894 quod

2240 915 2395 969 Jesus
2422 925 2653 969 mortuus
2676 925 2749 970 est
2776 925 2824 969 et
2848 916 3129 969 resurrexit
3157 931 3217 968 ac
3245 917 3391 981 uiuit;
3415 916 3485 969 ita
3511 916 3663 971 etiam
3690 913 3845 969 Deus

2242 1027 2356 1076 eos,
2384 1010 2471 1081 qui
2499 1009 2878 1063 obdormierunt
2901 1049 2916 1073 ,
2948 1024 3037 1076 per
3058 1008 3236 1063 Iesum
3265 1008 3479 1061 adducet
3518 1024 3634 1061 cum
3663 1023 3723 1061 eo
3756 1006 3843 1075 (1.

2243 1100 2422 1156 Thess.
2451 1101 2503 1155 4.
2530 1101 2643 1171 ﬂ).
2672 1099 2850 1167 Quare
2876 1099 2920 1153 si
2952 1098 3121 1152 lilium
3148 1099 3369 1169 qumris,
3396 1096 3506 1152 illic
3524 1112 3646 1153 eum
3674 1111 3846 1165 qna:-

2243 1209 2301 1248 rc
2320 1234 2333 1253 .
2367 1192 2458 1247 ubi
2488 1192 2598 1246 Rex
2627 1200 2733 1258 est,
2760 1191 2848 1245 ubi
2873 1194 3188 1260 angelorum
3214 1188 3501 1254 exercitus,
3531 1204 3634 1242 non
3662 1188 3717 1241 in
3749 1199 3851 1241 se-

2242 1286 2447 1355 pulcro,
2476 1299 2582 1338 non
2620 1283 2675 1337 in
2719 1291 2861 1337 terra
2883 1321 2901 1348 ,
2942 1296 3010 1337 ne
3037 1280 3271 1351 alioqui,
3299 1294 3367 1335 eo
3404 1293 3572 1350 usque
3596 1277 3737 1333 adeo
3776 1277 3841 1332 in

2241 1377 2409 1432 altum
2448 1384 2630 1432 erecto
2654 1415 2670 1442 ,
2716 1375 2833 1444 ipse
2862 1373 3008 1428 humi
3056 1373 3368 1444 provolutus
3406 1386 3642 1427 maneas.
3670 1370 3733 1426 Si
3770 1369 3847 1424 ad

2241 1467 2386 1524 hunc
2432 1467 2648 1522 modum
2685 1464 3147 1537 philosophemur,
3180 1478 3396 1519 omnem
3440 1462 3694 1533 ejusmodi
3732 1462 3848 1516 do-

2242 1561 2410 1632 lorem
2442 1560 2589 1614 nullo
2619 1558 2837 1629 negotio
2870 1557 3256 1625 propellemus.
3291 1557 3431 1611 Deus
3454 1565 3631 1610 autem
3662 1557 3850 1609 inise-

2242 1654 2509 1708 rationem
2547 1664 2603 1706 et
2648 1651 2809 1705 Pater
2838 1648 3000 1703 totius
3041 1648 3424 1703 consolationis
3454 1644 3684 1703 omnium
3731 1660 3851 1700 no-

2242 1754 2412 1800 strum
2451 1742 2615 1799 corda
2644 1741 2977 1806 consoletur,
3024 1748 3081 1795 et
3119 1753 3310 1795 eorum
3356 1738 3446 1809 qui
3487 1738 3539 1794 in
3564 1736 3849 1807 ejusmodi

2239 1835 2519 1892 doloribus
2554 1841 2861 1899 venantur,
2888 1840 2945 1887 et
2968 1844 3156 1887 eorum
3183 1829 3276 1901 qui
3318 1828 3427 1885 alio
3459 1828 3701 1885 mteroris
3732 1843 3851 1899 ge-

2240 1941 2371 1983 nere
2398 1934 2666 1993 tenentur,
2694 1923 2966 1993 donetque
2988 1930 3045 1976 ut
3070 1920 3219 1976 omni
3243 1920 3495 1976 maestitia
3518 1918 3849 1983 liberemur,

2239 2033 2303 2073 ac
2332 2017 2613 2088 spirituale
2639 2014 2889 2087 gaudium
2921 2012 3280 2084 percipiamus
3301 2052 3319 2078 ,
3366 2010 3644 2080 futuraque
3686 2010 3849 2066 bona

2238 2122 2631 2179 consequamur
2664 2124 2678 2161 :
2709 2120 2829 2177 quae
2880 2102 3037 2159 detur
3080 2102 3334 2157 omnibus
3382 2100 3537 2156 nobis
3576 2101 3848 2171 assequi,

2237 2200 2409 2271 gratia
2434 2208 2489 2254 et
2514 2197 2844 2268 benignitate
2870 2194 3079 2249 Domini
3108 2194 3280 2248 nostri
3309 2192 3437 2249 Iesu
3455 2191 3674 2258 Christi,
3700 2206 3847 2247 cum

2239 2305 2347 2361 quo
2390 2289 2533 2345 Patri
2561 2287 2828 2356 simulque
2855 2294 3043 2339 saneto
3074 2283 3297 2353 Spiritui
3325 2284 3525 2354 gloria,
3558 2292 3845 2352 potestas,

2242 2381 2449 2447 honor,
2498 2394 2642 2435 nunc
2676 2387 2733 2434 et
2767 2390 3004 2447 semper,
3047 2382 3104 2431 et
3148 2373 3203 2430 in
3244 2374 3443 2430 mula
3487 2374 3844 2431 saeculorum.

2242 2474 2434 2535 Amen.

548 2684 3835 2750 ___________._______—.—.———-———————-——-——'—'——‘—_————‘

1958 2789 2311 2854 HOMILIA
2353 2788 2434 2851 ll.
3250 2762 3255 2765 ’

545 2965 671 3019 CAP.
706 2964 757 3017 l.
793 2977 841 3015 ν.
869 2959 903 3015 6
954 2960 1076 3014 Sive
1094 2965 1262 3010 autem
1292 2953 1612 3010 tribulamnr,
1647 2962 1740 3016 pro
1760 2951 1922 2998 vestra
1948 2953 2126 2994 conso-

613 3056 802 3109 latione
829 3062 875 3105 et
900 3051 1062 3105 salute
1083 3034 1101 3113 ,i
1130 3062 1243 3117 qua!
1271 3053 1512 3114 aperatnr
1544 3041 1597 3092 in
1635 3034 1904 3091 tolerantia
1928 3045 2133 3085 earum-

613 3148 732 3200 dem
749 3143 1062 3211 passionum,
1083 3154 1210 3209 quas
1233 3146 1279 3189 et
1301 3150 1390 3188 nos
1410 3131 1633 3204 patimur
1650 3144 1668 3181 :
1685 3127 1739 3179 Ἰ.
1765 3133 1812 3178 et
1831 3138 1946 3193 spes
1964 3128 2135 3172 nostra

616 3238 765 3304 ﬁrma
791 3242 863 3287 est
889 3247 981 3301 pro
1004 3230 1163 3282 vobis.

619 3329 671 3381 t.
704 3325 996 3392 Postquam
1028 3332 1190 3372 unam
1220 3329 1281 3369 ac
1306 3311 1604 3384 principem
1629 3304 2025 3363 exhortationis
2052 3308 2136 3353 at-

548 3433 651 3491 que
668 3411 1052 3470 consolationis
1068 3422 1284 3463 causam
1304 3403 1541 3474 protulit,
1562 3412 1754 3467 nempe
1767 3395 1908 3468 quod
1925 3393 2138 3449 Christo

546 3484 1035 3567 communicemns,
1081 3497 1371 3555 secundam
1404 3506 1618 3566 quoque
1661 3492 1796 3544 hanc
1828 3486 2009 3558 ponit,
2051 3484 2137 3539 ni-

548 3604 740 3658 mirum
768 3595 912 3667 quod
955 3590 1236 3663 discipulis
1266 3588 1397 3658 ipsis
1429 3586 1550 3638 hinc
1594 3581 1736 3637 salus
1775 3584 2136 3646 comparetur.

548 3692 627 3748 Ne
653 3666 811 3761 igitur
840 3686 1035 3742 animis
1060 3679 1375 3739 concidatis,
1405 3674 1598 3745 inquit,
1627 3687 1725 3726 nec
1755 3666 2136 3738 perturbetnini

548 3800 613 3841 ac
643 3756 894 3839 [uetustis
913 3818 928 3842 ,
957 3782 1241 3847 propterea
1271 3767 1417 3837 quod
1447 3764 1773 3832 afﬂigimur:
1803 3756 2138 3827 quandoqui-

552 3878 673 3931 dem
705 3876 806 3928 hoc
827 3872 945 3939 ipso
966 3864 1184 3920 nomine
1207 3858 1411 3929 aequius
1439 3854 1599 3909 fuerit
1622 3866 1717 3903 vos
1743 3848 1988 3903 ﬁduciam
2012 3860 2139 3899 con-

551 3971 751 4038 cipere.
786 3963 916 4017 Nam
948 3957 1046 4013 nisi
1076 3954 1458 4023 afﬂigeremur,
1492 3944 1608 4000 haec
1637 3942 1815 3998 omnia
1847 3939 1995 3995 vobis
2022 3939 2137 3994 exi-

551 4032 686 4116 tium
707 4056 1031 4113 attulissent.
1050 4049 1150 4118 Qui
1173 4045 1386 4103 tandem
1411 4040 1549 4097 istud
1566 4041 1588 4082 ν
1606 4037 1870 4107 Quoniam
1890 4035 1934 4089 si
1950 4032 2142 4087 animis

550 4151 703 4209 fracti
741 4162 809 4203 ac
849 4142 1203 4216 periculorum
1246 4145 1389 4190 metu
1432 4128 1734 4204 perterriti,
1781 4125 1902 4181 tidei
1944 4123 2143 4179 doctri-

555 4258 678 4298 nam
706 4215 862 4295 vobis
889 4234 1111 4289 minime
1135 4225 1655 4298 prazdicavissemus,
1688 4228 1745 4271 ut
1766 4230 1945 4272 veram
1968 4215 2138 4269 scien-

555 4337 683 4390 tiam
713 4322 1079 4395 intélligeretis
1102 4361 1118 4388 ,
1148 4326 1391 4373 extremo
1419 4313 1473 4367 in
1500 4308 1811 4365 discrimine
1836 4322 1923 4362 res
1949 4312 2142 4361 vestra:

555 4430 673 4483 sitat:
699 4430 900 4479 essent.
935 4414 1098 4471 Vides
1128 4423 1317 4467 rursus
1358 4414 1554 4477 quanta
1585 4402 1733 4458 Pauli
1764 4402 1844 4456 vis
1885 4400 1958 4455 sit
1982 4408 2143 4467 atque

554 4513 873 4575 contentio?
899 4510 967 4565 ab
996 4508 1077 4562 his
1104 4503 1233 4576 ipsis
1262 4498 1445 4563 rebus,
1474 4511 1593 4567 quae
1618 4504 1819 4550 metum
1843 4505 1908 4547 ac
1932 4499 2143 4562 pertur-

556 4612 829 4668 bationem
858 4603 985 4673 ipsis
1010 4596 1325 4657 offerebant,
1348 4604 1442 4646 eos
1462 4587 1787 4643 consolatur.
1810 4584 1927 4651 Quo
1947 4583 2143 4637 etenim

558 4698 1003 4775 persequutiones
1030 4698 1227 4744 nostra:
1251 4685 1418 4753 magis
1444 4681 1839 4750 ingravescunt,
1865 4673 2055 4752 ipqpig
2080 4685 2147 4726 eo

558 4764 894 4861 inagis'bona
932 4791 1109 4837 vestra
1145 4793 1267 4848 spes
1306 4775 1693 4829 incrementum
1723 4780 1919 4837 capere
1946 4764 2141 4825 debet,

558 4857 991 4957 quandoquidem
1044 4882 1189 4928 tanto
1238 4867 1412 4937 major
1463 4865 1620 4919 saluti
1685 4857 2155 4939 consolationique

562 4948 756 5035 vestra:
794 4948 1047 5027 cumulus
1089 4962 1312 5019 accedit.
1341 4957 1604 5028 Quidnam
1641 4956 1783 5011 enim
1836 4959 2034 5006 tantam
2079 4948 2145 5002 ad

561 5062 947 5125 consolandum
969 5058 1075 5111 vim
1110 5054 1357 5111 habebat,
1390 5064 1549 5117 quam
1578 5045 1720 5117 quod
1755 5040 2146 5114 praedicationis

559 5153 825 5215 beuelicio
849 5159 927 5205 tot
965 5150 1101 5203 bona
1145 5139 1645 5211 con<equebanturi
1674 5137 1864 5191 Postea
1886 5173 1902 5200 ,
1931 5148 1998 5189 ne
2029 5132 2149 5185 unis

559 5259 772 5309 versam
822 5239 1033 5296 laudem
1078 5238 1229 5291 solus
1274 5233 1389 5301 ipse
1435 5228 1535 5282 sibi
1584 5240 1835 5297 arrogare
1881 5222 2144 5285 videatur,

562 5339 686 5395 vide
712 5331 984 5406 quomodo
1012 5342 1105 5383 eos
1151 5336 1365 5395 quoque
1413 5321 1467 5375 in
1498 5318 1672 5373 laudis
1714 5315 2026 5371 societatem
2058 5310 2151 5362 ad-

563 5405 778 5487 sciscat.
832 5426 1115 5489 POStquam
1144 5418 1285 5472 enim
1327 5412 1504 5472 dixit,
1550 5408 1669 5463 Sive
1710 5405 2027 5467 tribulamur,
2061 5416 2151 5469 pro

564 5530 730 5574 uestra
756 5512 1099 5571 consolatione
1126 5517 1171 5562 et
1196 5508 1387 5570 salute,
1421 5500 1725 5569 subjunxit,
1761 5497 1889 5561 Qua:
1914 5502 2154 5563 operatur

565 5613 620 5663 in
646 5606 911 5663 tolerantia
936 5602 1223 5660 earumdem
1250 5597 1560 5669 passionum,
1584 5605 1711 5658 quas
1732 5598 1777 5641 et
1799 5603 1890 5641 nos
1911 5584 2149 5655 patimur.

569 5702 643 5755 Ac
677 5698 958 5752 dilucidius
985 5696 1085 5750 hoc
1105 5693 1317 5763 quidem
1349 5698 1531 5759 postea
1562 5680 1814 5753 exprimit
1840 5679 1922 5733 his
1952 5674 2153 5738 verbis,

573 5788 716 5842 δέεαι
745 5786 864 5841 socii
897 5786 1015 5841 estis
1044 5783 1333 5853 passionum
1355 5818 1369 5845 ,
1400 5781 1471 5832 sic
1501 5774 1637 5853 eritis
1676 5780 1724 5826 et
1751 5765 2109 5823 euxsolationis
2138 5778 2157 5815 :

2243 2933 2459 2989 interim
2491 2941 2667 2987 autem
2700 2930 2803 2985 hoc
2846 2930 2965 2984 loco
3005 2928 3056 2983 id
3088 2928 3439 2983 subindicavit
3460 2970 3477 2994 ,
3508 2943 3627 2982 cum
3660 2928 3843 2995 dixit,

2244 3023 2552 3077 Earumdem
2579 3021 2904 3091 passionum,
2938 3028 3098 3087 atque
3139 3018 3208 3070 ita
3236 3032 3539 3072 sermonem
3577 3034 3697 3073 cum
3725 3018 3847 3074 illis

2240 3112 2678 3169 communicavit.
2709 3109 2861 3176 Quod
2891 3118 3069 3162 autem
3096 3108 3192 3172 ait,
3227 3106 3364 3160 hanc
3389 3108 3706 3174 sententiam
3739 3110 3847 3162 ha—

2243 3205 2335 3260 bet
2362 3221 2375 3258 :
2420 3203 2538 3259 Non
2570 3217 2667 3256 nos
2704 3201 2802 3256 soli
2834 3212 3025 3254 veStra:
3066 3198 3255 3254 salutis
3284 3200 3555 3270 negotium
3581 3201 3843 3270 agimus,

2243 3295 2337 3351 sed
2359 3303 2413 3350 et
2440 3308 2536 3347 vos
2564 3306 2796 3362 quoque.
2822 3290 3095 3360 Siquidem
3119 3299 3174 3345 et
3198 3306 3318 3358 nos,
3347 3290 3475 3345 dum
3503 3291 3847 3360 praedicatio-

2243 3387 2326 3441 nis
2346 3398 2541 3438 munus
2568 3381 2811 3446 obimus,
2840 3378 3157 3450 ailligimur;
3189 3390 3243 3435 et
3267 3395 3384 3445 vos,
3416 3382 3504 3450 qui
3529 3395 3845 3436 sermonem

2244 3478 2509 3548 excipitis,
2542 3477 2593 3530 in
2623 3474 2812 3530 iisdem
2841 3473 3235 3529 calamitatibus
3265 3474 3551 3528 versamini
3578 3492 3592 3528 -.
3628 3488 3728 3528 nos
3758 3474 3851 3527 vi—

2243 3574 2460 3637 delicet,
2489 3581 2547 3625 ut
2566 3584 2686 3640 quae
2708 3568 3013 3636 accepimus
3032 3565 3188 3619 vobis
3208 3566 3607 3635 impertiamus;
3634 3580 3756 3630 vos,
3786 3576 3849 3619 ut

2243 3664 2385 3735 quod
2417 3663 2575 3717 datur
2615 3660 2889 3728 accipiatis
2930 3673 3028 3712 nec
3058 3656 3337 3711 amittatis.
3381 3654 3641 3724 Quidnam
3675 3655 3850 3725 igitur

2244 3766 2363 3820 est,
2412 3752 2552 3825 quod
2599 3767 2725 3806 cum
2776 3751 2874 3804 hac
2923 3748 3223 3802 humilitate
3270 3748 3568 3816 comparari
3622 3749 3846 3816 possit;

2246 3849 2441 3915 quippe
2470 3859 2590 3899 cum
2639 3858 2733 3897 eos
2757 3883 2772 3907 ,
2821 3840 2909 3910 qui
2959 3849 3104 3894 tanto
3145 3838 3425 3893 intervallo
3464 3838 3530 3892 ab
3567 3853 3633 3893 eo
3661 3839 3848 3893 dissiti

2246 3946 2432 3999 emnt,
2480 3935 2531 3989 in
2563 3932 2807 3989 eamdem
2851 3931 3119 4002 patientia:
3162 3929 3374 3984 laudem
3418 3928 3851 4000 dignitatemque

2246 4026 2548 4084 sobvehat"
2582 4024 2750 4095 inquit
2793 4022 2934 4077 enim
2961 4062 2976 4087 ,
3027 4020 3154 4087 Qua?
3192 4031 3431 4091 aperatur
3472 4021 3523 4073 in
3569 4020 3851 4076 tolerantia

2246 4117 2535 4176 earumdem
2554 4116 2866 4186 passionum.
2887 4111 3069 4182 Neque
3090 4112 3232 4166 enim
3258 4106 3534 4180 per‘iidem
3557 4110 3852 4167 dumtaxat

2246 4212 2393 4266 salus
2420 4210 2572 4263 vobis
2597 4216 2955 4276 comparatur,
2989 4220 3173 4259 verum
3221 4219 3317 4272 per
3356 4203 3407 4257 id
3448 4202 3608 4256 etiam
3632 4244 3648 4268 ,
3694 4204 3848 4274 quod

2247 4302 2465 4360 easdem
2496 4315 2630 4370 quas
2655 4312 2754 4353 nos
2783 4298 3117 4352 calamitates
3148 4294 3406 4350 sollertis.

2316 4393 2351 4449 J
2358 4395 2456 4450 usti
2471 4394 2629 4448 virtus
2651 4393 2703 4445 in
2722 4390 2964 4445 arumnis
2978 4392 3109 4443 lucet
3122 4399 3168 4441 et
3180 4386 3853 4459 angelum—Quemnam).

2247 4485 2375 4541 dum
2391 4484 2640 4555 egregius
2655 4480 2858 4536 athleta
2875 4480 2946 4534 ob
2967 4478 3309 4549 splendorem
3330 4489 3386 4534 et
3407 4478 3627 4548 probam
3644 4493 3852 4547 corpo-

2250 4578 2327 4633 ris
2349 4575 2738 4639 habitudinem,
2769 4573 2931 4627 etiam
2953 4586 3075 4627 cum
3096 4580 3265 4626 artem
3294 4572 3346 4626 in
3374 4570 3552 4639 seipse
3570 4570 3849 4635 continu,

2252 4669 2501 4724 homines
2529 4666 2582 4720 in
2612 4663 3021 4719 admirationem
3052 4662 3249 4728 trahit;
3275 4670 3332 4715 at
3361 4676 3482 4716 cum
3509 4670 3767 4730 operatur
3791 4672 3851 4716 et

2252 4759 2433 4829 plagas
2469 4756 2673 4828 perfert
2698 4766 2859 4826 atque
2883 4754 3249 4809 adversarium
3280 4751 3438 4816 ferit,
3472 4760 3583 4806 tum
3611 4751 3852 4821 denique

2253 4850 2585 4919 potissimum
2607 4847 2803 4915 elucet,
2836 4848 3087 4917 quoniam
3118 4855 3228 4899 tum
3251 4844 3482 4914 denique
3508 4843 3647 4897 bona
3679 4844 3855 4913 ipsius

2253 4939 2509 4996 habitudo
2539 4939 2645 4993 vim
2675 4952 2825 4991 suam
2856 4937 3093 4999 exserit,
3136 4936 3375 5005 artisque
3411 4934 3717 5003 prtestantia
3746 4933 3851 4989 de-

2253 5033 2527 5087 claratur:
2559 5028 2748 5084 eodem
2782 5028 2943 5082 modo
2985 5028 3130 5081 salus
3169 5036 3352 5081 nostra
3385 5035 3496 5079 ttuu
3523 5024 3856 5079 Iuculentius

2253 5127 2447 5193 agitur,
2474 5122 2575 5176 hoc
2594 5132 2695 5185 est,
2714 5118 3039 5183 ostenditur,
3054 5127 3301 5188 augetur,
3325 5115 3702 5185 ampliﬁcatur,
3723 5130 3850 5170 cum

2260 5217 2454 5269 tolerat
2481 5222 2536 5269 et
2576 5212 2797 5282 patitur,
2826 5226 2888 5265 ac
2924 5217 3116 5265 cuncta
3146 5207 3268 5263 forti
3307 5218 3361 5261 et
3404 5218 3629 5262 strenuo
3667 5209 3857 5261 animo

2258 5310 2421 5361 subit.
2454 5306 2530 5359 Ex
2558 5320 2663 5374 quo
2687 5303 2975 5368 colligitur,
3005 5300 3195 5355 salutis
3224 5299 3495 5370 negotium
3526 5314 3634 5353 non
3661 5299 3715 5352 in
3748 5298 3857 5353 hoc

2258 5396 2587 5457 consistere,
2638 5402 2696 5446 ut
2724 5390 2985 5461 quispiam
3016 5389 3178 5443 alium
3211 5389 3353 5443 nian
3380 5387 3613 5452 afﬁciat,
3658 5387 3754 5442 sed
3797 5400 3857 5443 ut
3935 5383 3949 5393 ’

2258 5488 2372 5556 ipse
2401 5485 2684 5539 afficiatur.
2714 5482 2823 5538 Nec
2848 5480 3002 5547 dixit,
3029 5485 3327 5550 ινιῃοὺσης,
3354 5478 3457 5531 hoc
3480 5483 3591 5539 est,
3623 5491 3744 5545 qua:
3768 5475 3856 5530 ef-

2261 5579 2389 5635 licit.
2419 5576 2535 5641 sed,
2566 5581 2908 5645 ἐνεργουμένης,
2942 5572 2992 5626 id
3016 5582 3121 5637 est,
3144 5586 3263 5641 qua
3285 5568 3517 5623 efﬁcitur
3540 5584 3553 5621 :
3585 5578 3645 5622 ut
3666 5567 3860 5622 videli-

2260 5677 2344 5722 cet
2383 5666 2511 5720 iltud
2551 5664 2836 5728 ostendat,
2867 5665 3011 5733 quod
3054 5661 3121 5716 ad
3150 5674 3336 5715 eorum
3378 5657 3861 5728 promptitudinem

2266 5769 2423 5830 atque
2450 5757 2612 5815 animi
2641 5756 2974 5815 alacritatem
3001 5752 3183 5809 divina
3224 5764 3440 5822 quoque
3463 5752 3631 5822 gratia
3660 5749 3863 5821 adjun-
