4060 6346
180 332 279 387 3!?!

181 450 274 516 μοὶ
308 444 525 517 μείζονα
558 444 803 513 ὄψονται,
851 448 945 501 καὶ
984 449 1035 501 οἱ
1063 450 1222 512 πόδες
1256 448 1351 501 ἐπὶ
1384 446 1625 516 νεφελῶν
1656 448 1760 517 ἀρ·-

177 537 458 606 θὴσονται,
479 536 655 589 καὶτὸ
681 537 1128 610 διαφθειρόμενον
1164 538 1322 593 τοῦτο
1359 539 1522 609 σῶμα
1556 536 1761 592 ἀθανα-

176 627 299 680 σίαν
328 627 632 693 ἐνδύσεται,
668 631 762 682 καὶ
788 630 1170 702 λαμπρότερον
1206 631 1298 683 τὸν
1336 632 1453 684 υἰὸν
1485 629 1763 700 άπολὴιιω⁴

175 734 296 787 μαι.
324 718 385 771 Εἰ
407 718 464 770 δέ
486 719 648 772 λυπεῖ
668 737 729 773 σε
758 721 826 774 τά
853 722 1130 793 ὁρώμενα,
1156 721 1295 784 τέως
1316 722 1438 775 εἱπέ
1469 722 1608 792 πρὸς
1635 723 1764 776 ἐαυ-

172 808 285 861 τόν·
321 809 559 879 ’Ῑμάτιον
592 810 748 865 τοῦτό
781 814 919 877 ἐστι,
957 813 1053 866 καὶ
1082 812 1417 877 ἀπεδύσατο,
1448 812 1591 866 ὥστε
1626 814 1761 867 αὐτὸ

173 894 628 969 πολυτελέστερον
651 900 970 959 ἀπολαϐεῖν·
994 899 1141 953 οἰκία
1165 899 1305 971 αῦτη
1344 904 1485 963 ἐστὶ,
1515 904 1611 956 καὶ
1635 902 1765 956 καθ-

172 984 367 1057 ῃρέθη,
399 987 542 1041 ῶστε
570 990 825 1058 γενέσθαι
852 990 1022 1060 αὐτὴν
1064 991 1447 1063 φαιδροτέραν.
1492 993 1761 1064 Καθάπερ

169 1076 284 1148 γὰρ
316 1080 501 1149 ἡμεῖς,
532 1080 755 1134 ἐπειδάν
796 1081 1082 1153 μέλλωμεν
1115 1082 1404 1153 καθαιρεῖν
1429 1084 1627 1148 οἰκίας,
1657 1085 1762 1138 οὐκ

172 1169 411 1240 ἀφίεμεν
435 1171 563 1233 τοὺς
601 1170 750 1225 ἔνδον
776 1174 1059 1240 οἰκοῦντας
1092 1176 1295 1246 μένειν,
1324 1176 1440 1230 ἀλλ’
1467 1175 1608 1230 ὥστε
1651 1179 1760 1231 ἀπ-

173 1258 481 1333 αλλαγῆναι
522 1262 625 1333 τῆς
655 1264 857 1328 κόνεως
896 1267 993 1319 καὶ
1024 1268 1122 1320 τοῦ
1153 1266 1407 1338 θορύϐου,
1450 1267 1634 1341 [ἀλλά]
1668 1286 1760 1322 κε-

154 1351 466 1425 λεύσαντες
519 1357 656 1427 πρὸς
710 1358 888 1428 βραχὺ
931 1359 1288 1429 μεταστῆναι,
1327 1362 1550 1415 ἐπειδάν
1589 1379 1760 1416 κατα-

172 1446 531 1516 σκευάσωμεν
560 1448 801 1515 ἀσφαλὲς
829 1448 892 1501 τὺ
913 1449 1206 1519 δωμάτιον,
1235 1450 1359 1503 τότε
1391 1453 1591 1515 αὐτοὺς
1623 1453 1762 1522 μετά

172 1537 353 1601 ἀδείας
388 1537 707 1608 εἰσάγομενο
760 1538 904 1592 οὕτω
951 1540 1045 1593 καὶ
1080 1543 1109 1594 ὁ
1135 1540 1271 1603 Θεὸς
1317 1544 1482 1604 ποιεῖ,
1514 1542 1761 1597 καθελὼν

172 1625 335 1678 αὑτοῦ
357 1625 459 1696 τὴν
482 1626 689 1695 σαθρὰν
716 1629 944 1698 σκηνὴν,
975 1629 1116 1692 τέως
1140 1631 1221 1692 εἰς
1242 1629 1341 1700 τὴν
1362 1631 1635 1703 πατρικὴν
1658 1633 1759 1686 αύ-

171 1713 259 1767 τὸν
289 1714 483 1768 ἐλαϐεν
508 1717 687 1771 οἰκίαν
718 1717 815 1771 καὶ
840 1717 977 1789 πρὸς
1001 1719 1215 1785 ἐαυτὸν,
1243 1718 1309 1772 ἵν’
1340 1720 1470 1773 ὅταν
1503 1722 1761 1791 καθαιρε-

171 1805 237 1876 θῇ
269 1804 411 1875 αὕτη
456 1806 554 1861 καὶ
591 1807 947 1879 οἰκοδομηθῇ,
996 1808 1393 1881 λαμπροτέραν
1436 1810 1607 1897 αύτῂν
1635 1811 1758 1864 τότε

169 1899 323 1970 αὐτῷ
366 1900 571 1971 ἀποδῷ.
610 1899 700 1971 Μὴ
752 1901 929 1955 τοίνυν
984 1901 1166 1974 εἴπῃς,
1219 1903 1303 1955 ὅτι
1351 1901 1624 1956 Ἀπόλωλε
1665 1903 1760 1955 καὶ

169 1991 350 2045 οὐκέτι
398 1991 574 2045 ἔσται’
614 1993 710 2045 καὶ
750 1992 858 2063 γάρ
903 1993 1151 2046 ἀπίστων
1183 1994 1250 2046 τά
1285 1994 1510 2063 ῥήματα
1562 1993 1756 2047 ταῦτα’

168 2079 321 2154 [427]
357 2083 472 2136 ἀλλ’
507 2083 650 2149 εἰπὲ,
681 2083 952 2137 Καθεύδει
990 2084 1086 2136 καί⁵
1119 2083 1507 2153 ἀναστήσεται,
1547 2084 1721 2155 ἀπεδὴ
1742 2114 1753 2123 ο

168 2191 310 2245 μησε
334 2175 428 2228 καὶ
451 2175 573 2244 ἥξει
603 2176 741 2245 μετά
764 2175 860 2228 τοῦ
894 2174 1191 2237 Βασιλέως.
1220 2174 1315 2238 Τίς
1344 2174 1518 2227 ταῦτά
1552 2191 1750 2244 φησιν;

177 2268 237 2318 ὐ
273 2267 366 2319 τὸν
388 2267 625 2335 Χριστὸν
658 2266 798 2337 ἔχων
822 2268 880 2319 ἐν
906 2265 1086 2334 ἐαυτῷ
1105 2264 1393 2321 λαλοῦντα.
1424 2268 1491 2320 Εἰ
1517 2266 1625 2337 γὰρ
1659 2281 1751 2317 πι-

1316 336 1377 388 ιΝ
1422 330 1635 388 EPIST.
1660 330 1702 385 ll
1741 330 1831 384 AD
1866 330 2026 387 COR.
2062 328 2298 386 HOMIL.
2342 332 2405 384 ἰῐ.

3343 336 3449 390 593

1865 447 2182 514 στεύομεν,
2203 446 2390 515 φησὶν,
2417 446 2506 497 ὅτι
2542 446 2783 512 Ἰησοῦς
2815 447 3078 501 ἀπέθανε
3107 448 3205 502 καί
3222 449 3448 516 ἀνέστη

1866 535 1964 588 καὶ
1983 534 2214 603 ἔζησεν,
2262 536 2451 601 οὕτως
2481 538 2513 589 ὀ
2546 535 2691 602 Θεὸς
2734 535 2834 589 καὶ
2878 535 3023 602 τοὺς
3055 539 3451 606 κοιμηθέντας

1865 627 1963 682 διὰ
1992 627 2101 681 τοῦ
2140 626 2347 694 Ἰησοῦ
2400 627 2531 694 ἄξει
2569 626 2692 681 σὺν
2718 627 2900 691 αὐτῷ.
2954 628 3017 681 Εἰ
3050 628 3230 683 τοίνυν
3264 630 3449 701 ζητεῖς

1864 718 1957 772 τὸν
1985 716 2123 781 υἱδν,
2157 719 2276 770 ἐκεῖ
2317 716 2473 783 ζήτει
2501 717 2633 771 ἔνθα
2665 719 2695 771 ὁ
2738 718 3023 781 Βασιλεὺς.
3053 718 3181 773 ἔνθα
3233 718 3295 772 τὸ
3339 719 3451 772 τῶν

1865 808 2115 877 ἀγγέλων
2141 807 2524 878 στρατόπεδον·
2554 808 2629 879 μὴ
2654 810 2712 861 ἐν
2744 809 2821 880 τῷ
2842 809 2999 878 τάφῳ
3022 808 3157 880 μηδὲ
3184 810 3241 862 ἐν
3261 812 3329 881 τῇ
3352 812 3451 881 γῇ.

1866 900 1955 953 ῖνα
1987 899 2083 970 μὴ,
2122 899 2337 952 ἐκείνου
2386 900 2639 953 τοσοῦτον
2689 900 3020 969 ὑψωθέντος,
3068 901 3231 964 αὐτὸς
3280 901 3451 974 μένῃς

1865 989 1961 1041 ἐπὶ
1992 989 2092 1058 τῆς
2124 990 2228 1059 γῆς
2260 990 2577 1061 συρόμενος.
2617 990 2717 1044 “Av
2753 990 2936 1045 τοίνυν
2971 992 3117 1046 οὕτω
3147 994 3452 1063 φιλοσοφῶ-

1870 1098 1990 1151 μεν,
2014 1082 2198 1135 πᾶσαν
2224 1081 2483 1153 τοιαύτην
2509 1080 2702 1152 ὀδύνην
2723 1081 2963 1147 εὐκόλως
2987 1084 3448 1157 διακρουσόμεθα.

1878 1174 1936 1228 '0
1959 1173 2019 1227 δέ
2045 1173 2179 1237 Θεὸς
2217 1174 2327 1229 τῶν
2364 1174 2670 1247 οἰκτιρμῶν
2711 1175 2806 1228 καὶ
2843 1173 3035 1245 Πατὴρ
3064 1176 3247 1247 πάσης
3273 1194 3455 1247 παρα-

1865 1265 2131 1336 κλήσεως.
2182 1266 2554 1336 παρακαλέσει
2594 1266 2695 1329 τάς
2729 1265 2960 1335 καρδίας
3004 1268 3225 1321 πάντων
3269 1269 3449 1339 ἡμῶν,

1865 1356 1960 1409 καὶ
2000 1356 2113 1409 τῶν
2158 1355 2229 1409 τὰ
2268 1356 2499 1410 τοιαῦτα
2530 1357 2885 1426 ὁδυνωμένων
2909 1370 2962 1419 ⁸,
3007 1356 3102 1409 καὶ
3147 1357 3256 1411 τῶν
3285 1359 3453 1432 ἑτέρᾳ.

1863 1446 2012 1518 λύπῃ
2040 1447 2448 1516 κατεχομένων.
2484 1449 2579 1501 καὶ
2629 1446 2868 1517 ἀθυμίας
2919 1446 3449 1519 άπαλλαγῆναι,διξ›η

1867 1539 2074 1610 πάσης,
2110 1540 2204 1592 καὶ
2237 1539 2618 1610 πνευματικὴν
2653 1537 3055 1609 καρπώσασθαι
3108 1538 3309 1610 χαρὰν,
3351 1538 3450 1593 καὶ

1865 1630 1976 1685 τῶν
2054 1631 2359 1702 μελλόντων
2425 1631 2653 1698 ἀγαθῶν
2719 1631 2998 1700 ἐπιτυχεῖν
3022 1646 3037 1661 ο
3098 1623 3175 1684 ὧν
3241 1630 3451 1699 γένοιτο

1866 1718 2079 1782 πάντας
2127 1720 2277 1790 ἡμᾶς
2329 1722 2629 1789 ἐπιτυχεῖν,
2684 1718 2870 1789 χάριτι
2917 1719 3014 1772 καὶ
3068 1720 3450 1793 φιλανθρωπίᾳ

1863 1808 1959 1862 τοῦ
2018 1808 2227 1878 Κυρίου
2294 1808 2455 1880 ἡμῶν
2519 1810 2699 1882 Ἰησοῦ
2758 1810 3022 1882 Χριστοῦ,
3080 1812 3203 1881 μεθ’
3258 1808 3320 1869 οὗ
3373 1814 3451 1885 τῷ

1863 1901 2038 1972 Πατρὶ
2093 1903 2209 1971 ἀμα
2253 1900 2331 1972 τῷ
2358 1902 2499 1972 ἁγίῳ
2529 1902 2809 1973 Πνεύματι
2847 1889 3251 1972 δόξα,’κράτοςι
3287 1905 3445 1977 τιμὴν

1861 1992 1957 2045 νῦν
2006 1994 2103 2046 καὶ
2157 1994 2268 2059 ἀεὶ,
2319 1995 2415 2046 καὶ
2464 1996 2545 2057 εἰς
2602 1996 2732 2058 τοὺς
2788 1995 2993 2058 αἰῶνας
3049 1993 3160 2048 τῶν
3211 1994 3442 2050 αἰώνων.

1878 2083 2070 2153 Ἀμήν.

2038 2466 2382 2474 _——.——.

1681 2638 1924 2692 OMIAIA
1986 2639 2058 2691 B'.

167 2810 301 2865 Ε’ῖτε
317 2809 400 2885 ’δὲ
422 2808 759 2885 θλιϐόμεθα,
783 2807 937 2885 ὑπὲρ
967 2806 1081 2876 τῆς
1117 2806 1288 2885 ὑμῶν
1308 2805 1755 2885 παρακλήσεως

236 2881 334 2934 καὶ
376 2879 695 2945 σωτηρίας,
735 2876 847 2945 τῆς
877 2876 1317 2945 ἐνεργουμένης
1362 2878 1431 2929 ἐν
1474 2876 1753 2945 ὑπομονῇ

233 2948 355 3001 τῶν
387 2941 586 3001 αὐτῶν
630 2941 1138 3014 παθημάτων,’‹ἶ›ν
1172 2941 1275 3003 καί
1323 2945 1493 3014 ἡμεῖς
1524 2959 1568 2996 π

233 2965 355 3001 των
387 2962 586 3001 αὑτων
630 2962 1013 3014 παυηματων,
1049 2962 1137 2997 ων
1172 2962 1271 3003 και
1323 2962 1493 3014 ημεις
1524 2962 1756 3014 πασχο-

230 3035 365 3088 μεν·
396 3018 493 3071 καί
527 3018 565 3083 ἠ
595 3016 771 3082 ἐλπὶς
800 3015 969 3085 ήμῶν
985 3016 1206 3080 βεϐαία
1238 3016 1393 3083 ὑπὲρ
1423 3014 1610 3084 ὑμῶν.

236 3179 306 3226 α’.
334 3170 519 3224 Εἰπὼν
552 3171 683 3240 μίαν
714 3171 809 3223 καὶ
839 3169 1063 3241 πρώτην
1081 3168 1483 3239 παρακλήσεως
1512 3168 1608 3221 καὶ
1636 3184 1755 3221 πα-

168 3261 441 3333 ραμυθίας
469 3260 722 3332 ἀφορμὴν
741 3260 903 3330 (αὕτη
932 3260 989 3312 δέ
1017 3256 1087 3332 ἦν
1106 3260 1167 3311 τὸ
1197 3257 1276 3329 τῷ
1306 3258 1532 3330 Χριστῷ
1562 3276 1754 3310 κοινω-

166 3352 317 3424 νεῖν),
346 3352 530 3421 τίθησι
572 3351 666 3405 καὶ
694 3351 949 3421 δευτέραν
979 3349 1184 3420 ταύτην
1212 3350 1280 3418 ἦν
1301 3366 1485 3419 φησιν.
1509 3349 1663 3400 Ἐστι
1697 3348 1753 3401 δὲ

167 3444 325 3514 αῦτη,
358 3444 420 3497 τὸ
465 3441 643 3496 αὐτῶν
673 3441 782 3495 τῶν
807 3440 1263 3512 μαθητευομένων
1301 3439 1552 3493 ἐντεῦθεν
1588 3456 1756 3492 κατα-

171 3532 535 3597 σκευάζεσθαι
569 3531 668 3601 τὴν
695 3530 989 3601 σωτηρίαν.
1031 3529 1123 3599 Μὴ
1157 3529 1337 3598 τοίνυν
1384 3528 1749 3596 καταπέσητε,

170 3626 351 3696 φησὶν,
397 3625 588 3694 ἐπειδὴ
622 3622 938 3692 θλιϐόμεθα,
978 3620 1112 3691 μηδέ
1142 3618 1481 3690 θορυϐηθῆτε
1524 3620 1618 3672 καὶ
1646 3619 1753 3671 δει-

171 3712 437 3789 ants-fam".
468 3714 578 3785 γάρ
610 3713 678 3767 δι’
706 3713 839 3765 αὐτὸ
870 3711 1030 3779 τοῦτο
1070 3712 1271 3782 μᾶλλον
1308 3710 1373 3763 ἂν
1420 3711 1505 3782 εἴη
1548 3709 1753 3762 δίκαιον

170 3807 308 3877 ὑμᾶς
332 3807 574 3876 θαρρεῖν.
602 3805 663 3857 Εἰ
686 3801 794 3874 γάρ
821 3803 895 3872 μὴ
917 3800 1264 3871 ἐθλιϐόμεθα,
1286 3800 1494 3864 πάντας
1520 3800 1586 3853 ἂν
1611 3800 1753 3869 ὑμᾶς

169 3898 335 3952 ταῦτα
359 3895 634 3949 ἀπώλεσε.
663 3895 790 3956 Πῶς
818 3895 1057 3946 καὶῆ-ινα
1080 3893 1283 3964 τρόπον
1306 3907 1321 3957 ;
1355 3892 1477 3943 Ὀτι
1504 3893 1553 3943 εί
1587 3889 1754 3960 μαλα-

168 3990 445 4052 κισθέντες
498 3987 592 4040 καὶ
641 3985 711 4038 τά
751 3984 900 4037 δεινά
947 3985 1246 4048 δείσαντες,
1292 3984 1365 4054 μὴ
1400 3982 1751 4052 ἐκηρύξαμεν

169 4081 294 4149 ὑμῖν
324 4081 416 4133 τὸν
449 4080 627 4146 λόγον,
663 4076 806 4129 ὥστε
852 4075 1046 4145 μαθεῖν
1088 4074 1187 4145 τὴν
1221 4073 1398 4143 ἀληθῆ
1428 4071 1650 4139 γνῶσιν,
1693 4072 1751 4122 ἐν

168 4170 413 4239 ἐσχάτοις
454 4165 522 4238 ἦν
570 4170 640 4221 τὰ
690 4167 950 4236 ὑμέτερα.
995 4161 1149 4229 Εἶδες
1197 4164 1359 4217 πάλιν
1402 4162 1615 4216 Παύλου
1649 4162 1755 4232 τὴν

170 4262 285 4331 βίαν
313 4264 409 4314 καὶ
441 4261 541 4330 τὴν
568 4260 901 4328 φιλονεικίαν
926 4275 941 4316 ς
972 4259 1066 4325 ἀφ’
1093 4252 1168 4310 ὧν
1195 4255 1550 4328 ἐθορυϐοῦντο
1568 4266 1615 4317 ι,
1643 4252 1752 4305 ἀπὸ

168 4357 365 4409 τούτων
385 4352 587 4414 αὐτοὺς
619 4348 1045 4419 παραμυθεῖται.
1080 4348 1227 4414 Ὂσῳ
1253 4348 1363 4414 γὰρ
1388 4345 1454 4395 ἂν
1481 4343 1749 4408 ἐπιτείνη·

169 4464 251 4501 ται
282 4446 351 4499 τά
386 4441 496 4496 τῶν
528 4441 788 4511 διωγμῶν
822 4440 930 4494 τῶν
960 4436 1265 4510 ἡμετέρων,
1310 4433 1463 4505 φησὶ,
1509 4431 1750 4495 τοσούτῳ

172 4540 367 4609 μᾶλλον
407 4533 703 4591 ἐπιδιδόναι
745 4534 827 4585 δεῖ
851 4533 919 4584 τά
950 4531 1050 4600 τῆς
1078 4527 1324 4601 χρηστῆς
1353 4523 1567 4587 ἐλπίδος
1597 4523 1745 4593 ὑμῖν·

169 4626 349 4697 ἐπειδὴ
376 4624 474 4679 καὶ
501 4619 740 4690 τοσούτῳ
774 4618 974 4689 μᾶλλον
1004 4617 1226 4681 αὒξεται
1256 4616 1326 4670 τά
1350 4616 1450 4685 τῆς
1477 4613 1753 4685 σωτηρίας

169 4715 261 4786 τῆς
281 4716 578 4786 ὑμετέρας,
603 4713 698 4767 καὶ
724 4710 797 4765 τά
823 4711 921 4782 τῆς
955 4708 1376 4779 παρακλήσεως.
1402 4707 1466 4760 Τί
1500 4706 1610 4777 γάρ
1639 4705 1751 4759 ἴσον

171 4805 246 4869 εἰς
274 4805 678 4875 παρακλήσεως
702 4804 861 4873 λόγον
885 4799 977 4855 τοῦ
1012 4797 1284 4853 τοσούτων
1313 4799 1591 4868 ἐπιτυχεῖν
1617 4799 1752 4865 ἀγα-

171 4892 272 4947 θῶν
299 4894 388 4948 διά
416 4891 514 4947 τοῦ
546 4894 933 4964 κηρύγματος;
968 4889 1099 4945 Είτα
1130 4890 1219 4943 ῖνα
1248 4886 1324 4958 μὴ
1354 4887 1481 4958 δόξῃ
1514 4890 1593 4953 εἰς
1625 4890 1752 4941 ἐαυο

170 4988 254 5041 τὸν
277 4987 439 5058 μόνον
477 4985 539 5038 τὸ
563 4982 839 5054 ἐγκώμιον
870 4984 1179 5055 περιιστᾷν,
1210 4982 1312 5052 ὅρα
1340 4978 1459 5041 πῶς
1484 4977 1578 5029 καὶ
1609 4978 1754 5031 ἐκεί-

171 5095 289 5141 νους
343 5079 491 5133 ποιεῖ
541 5074 651 5129 τῶν
702 5073 940 5126 ἐπαίνων
993 5073 1199 5125 τούτων
1236 5067 1388 5142 [ιεε]
1439 5066 1753 5130 κοινωνούς.

172 5169 349 5224 Εἰπὼν
394 5171 529 5241 γάρ,
577 5168 715 5223 Είτε
764 5162 833 5218 δὲ
878 5165 1215 5232 θλιϐόμεθα,
1256 5161 1410 5228 ὑπὲρ
1446 5156 1556 5226 τῆς
1584 5158 1753 5228 ὑμῶν

173 5256 608 5328 παρακλήσεως
640 5256 738 5310 καί
769 5252 1088 5318 σωτηρίας,
1120 5252 1398 5322 ἐπήγαγε,
1435 5246 1557 5315 Τῆς
1585 5247 1739 5313 ἐνερ-

174 5350 463 5421 γουμένης
482 5346 552 5399 ὲν
576 5343 855 5416 ὑπομονῇ
882 5342 1001 5398 τῶν
1024 5341 1222 5395 αὐτῶν
1247 5339 1629 5410 παθημάτων,
1662 5332 1750 5391 ὧν

176 5438 266 5493 καί
289 5436 459 5508 ἡμεῖς
494 5431 832 5502 πάσχομεν.
877 5433 1219 5502 Σαφέστερον
1250 5431 1349 5502 μέν
1380 5425 1473 5483 οὖν
1502 5425 1636 5481 αὐτὸ
1669 5426 1751 5478 τί-

176 5527 323 5599 θησιν
360 5528 590 5605 ὕστερον
634 5522 809 5590 λέγων
844 5521 1038 5584 οὕτως’
1066 5522 1147 5572 ὅτι
1186 5520 1421 5587 Ὠσπερ
1475 5516 1752 5571 κοινωνοί

236 5710 265 5741 ⁸
285 5709 368 5760 Hs.
395 5713 450 5760 el
483 5721 637 5769 marg.
655 5706 826 5764 διήλ,
854 5704 1175 5767 ἐθορυϐοῦντο.
1206 5701 1332 5751 Εόιὶί
1356 5697 1631 5763 ἐφοϐοῦντο.

1861 2806 2004 2856 ἐστε
2048 2798 2167 2853 τῶν
2201 2799 2586 2868 παθημάτων,
2649 2801 2804 2854 οὕτω
2856 2801 2953 2855 καὶ
2999 2799 3103 2871 τῆς
3141 2807 3452 2875 παρακλή-

1858 2910 2034 2958 σεως·
2064 2892 2300 2948 ἐνταῦθα
2318 2893 2375 2945 δέ
2402 2892 2541 2955 τέως
2568 2892 2701 2946 αὐτὸ
2723 2893 2944 2963 ᾐνίξατο
2972 2894 3168 2959 είπὼν,
3201 2895 3325 2951 Τῶν
3341 2900 3450 2952 αὑ-

1858 2983 1979 3038 τῶν
1997 2982 2381 3051 παθημάτων,
2419 2982 2514 3035 καὶ
2547 2981 2814 3046 κοινώσας
2841 2983 2934 3036 τὸν
2964 2982 3142 3052 λόγον.
3174 2988 3240 3039 Ὃ
3270 2987 3329 3041 δέ
3363 2988 3450 3041 λέ-

1858 3093 1967 3143 γει,
2000 3076 2159 3128 τοῦτό
2183 3077 2353 3127 ἐστιν·
2412 3076 2522 3144 Οὐχ
2546 3076 2707 3146 ἡμῶν
2741 3075 2901 3146 ἔργον
2931 3076 2965 3145 ἡ
2997 3076 3240 3147 ὓμετέρα
3268 3096 3447 3150 mn-

1861 3169 1954 3240 ρία
1979 3169 2159 3239 μόνον.
2185 3167 2320 3221 άλλά
2351 3167 2447 3221 καὶ
2477 3166 2632 3237 ὑμῶν
2660 3168 2861 3223 αὐτῶν.
2886 3170 2997 3221 Καὶ⁷
3025 3168 3134 3241 γὰρ
3158 3170 3253 3223 καὶ
3286 3171 3448 3241 ἡμεῖς

1858 3260 2221 3330 κηρύττοντες
2257 3258 2574 3328 θλιϐόμεθα,
2618 3257 2712 3310 καὶ
2743 3258 2904 3327 ὑμεῖς
2932 3259 3210 3329 δεχόμενοι
3239 3260 3332 3313 τὸν
3359 3260 3449 3314 λό·

1858 3370 1973 3421 γον,
2018 3353 2087 3406 τὰ
2137 3350 2274 3404 αὐτὰ
2324 3350 2583 3419 πάσχετε·
2634 3350 2798 3417 ἡμεῖς
2846 3351 2964 3424 μὲν,
2994 3349 3082 3403 ἴνα
3126 3349 3449 3422 μεταδῶμεν

1858 3440 2002 3515 άπερ
2035 3442 2324 3513 ἐλάϐομεν
2363 3442 2522 3511 ὑμεῖς
2566 3440 2647 3505 δὲ,
2678 3440 2769 3507 ,ἵνα
2806 3440 2866 3492 τὸ
2894 3440 3169 3510 διδόμενον
3196 3440 3442 3511 δέξησθε,

1859 3537 1953 3590 καὶ
1982 3536 2057 3606 μὴ
2086 3535 2419 3606 ἀποϐάλητε.
2449 3534 2515 3586 Τί
2548 3522 2727 3587 τοίνυν
2755 3532 2869 3586 ἴσον
2893 3532 2995 3601 τῆς
3022 3534 3449 3606 ταπεινοφροσύ-

1859 3646 1956 3697 νης
1993 3624 2202 3695 ταύτης
2225 3625 2422 3691 γένοιτ’
2454 3624 2543 3689 ἂν,
2572 3624 2701 3676 ὅταν
2723 3624 2818 3676 καὶ
2849 3624 2974 3687 τοὺς
2996 3623 3249 3677 τοσοῦτον
3275 3624 3443 3679 αὐτοῦ

1855 3718 2204 3781 ἀποδέοντας,
2228 3718 2309 3778 εἰς
2333 3715 2395 3769 τὸ
2417 3715 2548 3768 αὐτὸ
2570 3714 2788 3783 ἀξίωμα
2808 3718 2907 3783 τῆς
2930 3715 3209 3785 ὑπομονῆς
3235 3716 3445 3787 ἀνάγῃς

1859 3810 1979 3879 Τῆς
2006 3807 2444 3879 ἐνεργουμένης
2489 3806 2619 3877 γάρ,
2664 3806 2851 3876 φησὶν,
2886 3807 2956 3860 ἐν
3002 3805 3286 3875 ὑπομονῇ
3331 3806 3445 3861 τῶν

1854 3900 2053 3955 αὐτῶν
2075 3899 2459 3967 παθημάτων.
2482 3899 2555 3951 υύ
2593 3897 2702 3967 γάρ
2731 3894 2822 3949 διὰ
2846 3895 2939 3950 τοῦ
2969 3896 3260 3951 πιστεῦσαι
3289 3900 3447 3968 μόνον

1852 3996 1889 4063 ἡ
1943 3991 2188 4061 σωτηρία
2218 3991 2373 4059 ὑμῶν
2403 3990 2636 4057 γίνεται,
2671 3988 2810 4044 ἀλλά
2838 3990 2933 4043 καὶ
2960 3988 3047 4044 διά
3081 3988 3175 4042 τοῦ
3216 3992 3447 4062 πάσχειν

1854 4085 1926 4137 τά
1959 4081 2100 4136 αὐτὰ
2128 4084 2262 4151 ἡμῖν
2295 4081 2387 4132 καὶ
2417 4081 2731 4149 ὑπομένειν.

1924 4240 2193 4311 Καθάπερ
2221 4239 2330 4310 γὰρ
2362 4237 2814 4311 παγκρατιαστὴς
2838 4237 3153 4309 θαυμαστὸς
3180 4238 3281 4309 μέν
3304 4239 3444 4300 ἐστι,

1860 4332 1954 4384 καὶ
1980 4329 2309 4399 φαινόμενος
2343 4330 2439 4382 καὶ
2472 4328 2711 4382 εὐεκτῶν
2743 4328 2837 4383 καὶ
2865 4333 2964 4399 τὴν
2991 4329 3185 4400 τέχνην
3218 4328 3357 4401 ἔχων
3389 4332 3446 4383 ἐν

1852 4417 2059 4488 ἐαυτῷ,
2091 4418 2221 4471 ὅταν
2250 4418 2307 4470 δὲ
2342 4420 2543 4487 ἐνεργῇ
2575 4420 2671 4469 καὶ
2697 4418 2838 4487 φέρῃ
2868 4418 3081 4487 πληγὰς
3112 4420 3207 4471 καὶ
3234 4420 3444 4491 πλήττῃ

1851 4510 1944 4564 τδν
1968 4508 2282 4573 ἀντίπαλον,
2312 4508 2435 4560 τότε
2474 4505 2710 4577 μάλιστα
2752 4506 3091 4581 ἀπολάμπει,
3127 4507 3312 4577 ἐπειδὴ
3350 4512 3445 4562 καὶ

1851 4602 1974 4655 τότε
2008 4599 2245 4670 μάλιστα
2278 4599 2582 4669 ἐνεργεῖται
2626 4594 2789 4650 αὐτοῦ
2823 4596 2857 4666 ἡ
2891 4594 3095 4663 εὐεξία,
3127 4597 3221 4651 καὶ
3246 4595 3446 4651 διαδείο

1855 4713 2046 4750 κνυται
2071 4695 2173 4764 τῆς
2205 4695 2401 4763 τέχνης
2435 4694 2469 4761 ἡ
2501 4690 2717 4759 δοκιμή’
2746 4688 2891 4743 οὕτω
2918 4690 2983 4760 δὴ
3010 4690 3105 4744 καὶ
3129 4691 3163 4761 ἡ
3198 4691 3444 4761 σωτηρία

1854 4786 2008 4857 ὑμῶν
2036 4785 2159 4837 τότε
2195 4784 2501 4855 ἐνεργεῖται
2532 4779 2813 4850 μειζόνως,
2848 4780 3114 4844 τουτέστι,
3146 4780 3441 4845 δείκνυται,

1853 4875 2101 4942 αὒξεται,
2130 4875 2482 4937 ἐπιτείνεται,
2508 4872 2637 4926 ὅταν
2660 4872 2940 4944 ὑπομονὴν
2963 4871 3081 4943 ἔχῃ.
3107 4872 3235 4925 ὅταν
3258 4873 3442 4943 πάσχῃ

1854 4970 1949 5022 καὶ
1969 4966 2231 5036 γενναίως
2260 4965 2475 5019 ἅπαντα
2500 4962 2662 5034 φέρῃ.
2693 4965 2840 5035 ’Δρα
2861 4962 3113 5033 ἐνέργεια
3140 4962 3439 5033 σωτηρίας,

1854 5062 1914 5115 οὐ
1943 5060 2004 5112 τὸ
2032 5060 2206 5112 ποιεῖν
2229 5056 2437 5119 κακῶς,
2462 5054 2599 5108 ἀλλά
2622 5053 2683 5107 τὸ
2711 5056 2941 5125 πάσχειν
2964 5052 3170 5117 κακῶς.
3204 5054 3316 5107 Καὶ
3343 5054 3445 5108 οὐκ

1856 5152 1998 5215 εἷπε,
2024 5150 2137 5220 Τῆς
2156 5147 2507 5222 ἐνεργούσης,
2524 5145 2682 5211 ἀλλὰ,
2706 5146 2823 5215 Τῆς
2846 5145 3308 5216 ἐνεργουμένης,
3334 5144 3442 5199 δει-

1857 5244 1989 5305 κνὺς
2034 5243 2116 5295 ὅτι
2165 5241 2304 5312 μετά
2349 5239 2449 5311 τῆς
2497 5238 2678 5292 αὐτῶν
2722 5235 3029 5308 προθυμίας
3068 5236 3160 5289 καὶ
3205 5237 3237 5305 ἡ
3279 5233 3443 5306 χάρις

1853 5329 2022 5384 πολλά
2051 5332 2334 5399 εἰσέφερεν
2378 5324 2681 5398 ἐνεργοῦσα
2719 5325 2777 5379 ἐν
2818 5323 3023 5388 αὐτοῖς.
3052 5322 3165 5380 Kal
3192 5325 3231 5393 ἡ
3261 5323 3442 5390 άλπὶς

1853 5420 2023 5490 ἡμῶν
2040 5420 2261 5484 βεϐαία
2290 5418 2443 5487 ὑπὲρ
2465 5414 2654 5486 ὑμῶν.
2688 5414 3001 5482 Τουτέστιν,
3020 5416 3105 5469 δτι
3126 5413 3246 5469 Κάν
3269 5413 3444 5486 μυρία

1857 5512 2105 5581 πάσχητε
2142 5510 2315 5575 δεινὰ,
2358 5506 2672 5579 θαρροῦμεν
2717 5506 2799 5559 ὅτι
2832 5505 2895 5559 οὐ
2935 5506 3438 5578 περιτραπὴσεσθε,

1856 5603 1979 5657 οὔτε
2014 5603 2105 5655 ἐπὶ
2127 5604 2239 5664 τοῖς
2273 5600 2560 5672 ὑμετέροις
2590 5599 2871 5669 διωγμοῖς.
2902 5598 3169 5656 Τοσοῦτον
3199 5598 3309 5670 γὰρ
3332 5600 3443 5657 ἀπα

1859 5700 2054 5769 έχομεν
2082 5699 2409 5753 ὑποπτεύειν
2441 5694 2605 5764 ὑμᾶς,
2634 5692 2721 5763 ἐφ’
2743 5685 2824 5756 οἷς
2850 5691 3003 5747 αὐτοὶ
3036 5692 3336 5762 πάσχομεν,
3364 5690 3443 5757 ὡς
