4066 6348
202 430 309 486 3ῐῶ

194 562 286 606 cta
304 591 318 606 .
348 550 541 605 multas
563 548 819 604 utilitates
841 547 1131 615 afferebat,
1162 545 1289 603 dum
1318 546 1372 602 in
1401 548 1505 604 illis
1528 562 1785 619 operare—

196 652 308 698 tur.
338 641 405 697 Et
421 658 535 712 spes
554 650 728 696 nostra
748 642 898 710 firmo
916 649 990 695 est
1011 656 1103 709 pro
1130 638 1285 694 vobis.
1308 638 1421 694 Hoc
1444 647 1547 706 est,
1574 638 1783 696 etiamsi

195 734 510 789 innumeras
538 747 717 788 rerum
760 731 1083 787 acerbitates
1112 729 1485 802 perpetiamini
1505 770 1522 797 ,
1552 728 1783 785 conﬁdi-

191 841 322 881 mus
351 834 527 881 tamen
550 824 701 892 fore,
734 834 793 881 ut
818 840 895 881 ne
914 824 985 879 ob
1010 833 1217 880 vestras
1244 822 1457 893 quidem
1487 837 1782 893 persequu-

190 921 373 973 tiones
414 918 732 974 concidatis.
777 917 1004 975 Tantum
1046 918 1190 972 enim
1236 915 1422 987 abest,
1474 923 1532 970 ut
1577 914 1782 972 sinistri

187 1014 479 1083 quicquam
512 1012 582 1069 de
604 1012 759 1069 vobis
796 1012 867 1068 ob
900 1026 964 1068 ea
1000 1027 1118 1082 qua:
1156 1009 1390 1081 patimur
1414 1010 1777 1080 suspicemur,

189 1115 250 1159 ut
279 1120 402 1160 cum
432 1106 533 1176 ipsi
566 1105 977 1175 periclitamini,
1023 1112 1135 1159 tum
1165 1117 1378 1174 quoque
1417 1102 1560 1158 bono
1600 1104 1780 1158 animo

186 1198 381 1252 simus.
413 1196 580 1252 Vides
599 1206 857 1267 quantum
882 1196 958 1251 illi
986 1210 1052 1250 ex
1078 1194 1257 1265 priore
1281 1193 1506 1264 epistola
1532 1193 1778 1265 profece-

189 1288 339 1342 rint?
369 1290 580 1346 Etenim
616 1290 787 1344 multo
814 1289 1017 1359 majora
1048 1288 1179 1358 ipsis
1206 1302 1305 1358 pro
1344 1288 1653 1344 testimonio
1682 1288 1780 1343 tri-

183 1379 339 1447 buit,
367 1396 527 1451 quam
553 1381 958 1448 Macedonibus,
985 1394 1124 1451 quos
1145 1388 1321 1435 tamen
1357 1381 1554 1451 alioqui
1577 1382 1775 1451 passim

184 1489 286 1541 per
318 1483 484 1529 totam
505 1474 787 1543 epistolam
808 1473 1053 1528 laudibus
1076 1473 1235 1527 tollit.
1264 1472 1396 1527 Nam
1422 1472 1631 1528 illorum
1654 1474 1775 1543 qui-

180 1565 309 1618 dem
337 1581 496 1620 causa
523 1566 575 1619 in
606 1574 748 1618 metu
777 1572 919 1630 erat,
952 1570 1111 1633 atque
1154 1562 1333 1619 aiebat
1364 1581 1377 1617 :
1412 1563 1649 1618 Misimus
1679 1580 1771 1619 vo-

182 1658 260 1710 bis
292 1654 609 1709 Timotheum
637 1654 705 1706 ad
729 1653 1105 1721 confirmandos
1127 1669 1213 1707 vos
1237 1662 1284 1707 et
1311 1653 1652 1708 emitortandos
1679 1670 1771 1724 pro

178 1748 289 1813 ﬁde
326 1756 516 1812 vestra,
548 1757 602 1801 ut
630 1763 775 1801 nemo
805 1755 1065 1801 moveatur
1103 1746 1158 1800 in
1189 1746 1595 1800 tribulationibus
1623 1747 1771 1811 istis;

175 1840 280 1908 ipsi
308 1841 441 1893 enim
468 1839 607 1894 scitis
631 1839 769 1909 quod
798 1840 851 1893 in
877 1839 972 1894 hoc
1002 1839 1157 1910 positi
1182 1855 1356 1893 sumus
1390 1839 1467 1910 (1.
1499 1838 1677 1894 Thess.
1714 1840 1766 1896 5.

172 1930 211 1983 ‘2.
259 1932 316 2000 5)
342 1952 353 1982 :
383 1945 448 1985 ac
468 1946 654 1985 rursus
679 1948 691 1984 :
722 1929 1007 2001 Propterea
1036 1940 1083 1985 et
1111 1947 1202 2002 ego
1227 1931 1447 2002 amplius
1481 1947 1581 1985 non
1611 1932 1767 1985 susti-

172 2039 336 2086 nens,
382 2022 497 2077 misi
532 2024 600 2075 ad
637 2024 1038 2093 cognoscendam
1065 2022 1219 2091 ﬁdem
1259 2034 1509 2087 vestram,
1540 2039 1602 2077 ne
1638 2027 1770 2091 forte

169 2115 436 2168 tentaverit
477 2132 562 2170 vos
595 2116 639 2169 is
670 2117 759 2187 qui
798 2125 951 2170 tentat
971 2157 986 2181 ,
1027 2126 1075 2169 et
1101 2117 1268 2187 inanis
1296 2117 1387 2185 fiat
1422 2117 1565 2170 labor
1598 2127 1767 2170 noster

167 2204 339 2272 (Ibid.
371 2222 417 2260 v.
442 2206 521 2276 5).
553 2206 626 2261 De
652 2207 735 2260 liis
760 2214 935 2261 autem
973 2208 1045 2260 nil
1076 2208 1181 2262 tale
1208 2208 1463 2276 loquitur,
1487 2208 1580 2262 sed
1608 2209 1765 2278 plane

164 2308 359 2350 contra
386 2312 399 2348 :
436 2296 566 2365 Spes
592 2307 765 2351 nostra
792 2298 939 2367 ﬁrma
974 2306 1046 2361 est
1074 2313 1165 2365 pro
1198 2298 1355 2351 vobis.
1386 2298 1504 2353 Sive
1529 2299 1765 2353 consola-

165 2405 307 2449 mur,
343 2405 437 2455 pro
478 2399 641 2443 vestra
684 2391 1027 2445 consolatione
1069 2399 1115 2444 et
1156 2390 1354 2455 salute;
1394 2392 1603 2445 scientes
1628 2388 1760 2461 quod

162 2480 300 2531 sicut
329 2480 445 2534 estis
474 2481 601 2534 socii
628 2482 943 2550 passionum,
965 2483 1039 2535 ita
1056 2482 1199 2536 eritis
1221 2483 1601 2538 consolationis.
1626 2482 1760 2538 Nam

161 2571 310 2639 quod
342 2586 528 2626 eorum
565 2587 725 2628 causa
761 2574 988 2642 apostoli
1029 2582 1423 2643 premerentur,
1457 2573 1541 2628 his
1583 2574 1761 2630 verbis

162 2660 453 2725 iudicavit,
488 2663 607 2717 Sive
650 2664 974 2729 tribulamur,
1008 2681 1101 2733 pro
1140 2668 1301 2717 vestra
1329 2666 1672 2720 consolatione
1710 2676 1759 2719 et

159 2752 349 2803 salute.
387 2752 507 2805 Vult
534 2753 658 2806 item
680 2752 990 2816 ostendere,
1019 2753 1160 2823 quod
1191 2768 1379 2807 eorum
1408 2757 1567 2808 etiam
1595 2770 1756 2810 causa

156 2842 535 2897 consolatione
560 2842 921 2898 afficerentur.
946 2846 1120 2914 Atque
1143 2845 1243 2899 hoc
1266 2845 1479 2915 quidem
1509 2848 1756 2915 superius

156 2947 378 3000 quoque
407 2932 579 2999 dixit,
624 2934 838 2987 tametsi
883 2934 1160 2989 indefinite
1190 2952 1203 2986 :
1236 2932 1536 2989 Benedictus
1572 2936 1713 2991 enim
1734 2978 1752 3004 ,

157 3022 356 3089 inquit,
387 3019 527 3075 Deus
554 3024 639 3090 qui
670 3024 962 3078 consolatur
983 3040 1074 3078 nos
1094 3026 1144 3077 in
1167 3026 1306 3077 omni
1325 3026 1665 3092 tribulatione,
1698 3038 1754 3082 ut

155 3116 414 3183 possintne
448 3126 496 3169 et
531 3117 632 3185 ipsi
668 3116 923 3172 consolari
962 3134 1076 3181 eos,
1126 3118 1213 3187 qui
1242 3118 1293 3171 in
1337 3121 1475 3172 omni
1516 3137 1754 3189 pressura

150 3216 299 3258 sunt.
324 3206 411 3259 Ait
433 3220 618 3259 rursus
642 3207 781 3261 idem
810 3206 911 3260 hoc
932 3221 1143 3276 quoque
1171 3207 1290 3263 loco
1311 3209 1567 3276 apertius,
1592 3219 1752 3279 atque

150 3298 221 3350 ad
250 3313 437 3351 eorum
458 3298 666 3353 animos
688 3299 954 3354 curandos
981 3300 1249 3355 efficacius
1275 3319 1288 3352 :
1320 3301 1440 3355 Sive
1461 3302 1603 3357 enim
1628 3318 1750 3355 con-

150 3390 401 3445 solamur.
437 3389 635 3457 inquit,
668 3406 759 3459 pro
780 3400 943 3463 vestra
971 3392 1335 3445 consolatione.
1364 3392 1600 3460 Quorum
1628 3408 1748 3448 ver-

153 3480 346 3534 borum
380 3479 466 3532 hic
495 3495 687 3536 sensus
720 3491 803 3536 est
827 3500 840 3536 :
867 3480 1179 3538 Consolatio
1210 3492 1420 3552 nostra,
1452 3483 1750 3540 consolatio

151 3578 332 3623 vestra
360 3572 590 3638 exsistit,
624 3573 835 3627 etiamsi
860 3588 953 3627 vos
977 3574 1198 3627 minime
1228 3589 1479 3629 sermone
1503 3575 1748 3631 console-

150 3677 294 3715 ntur.
345 3660 475 3715 Nam
518 3663 562 3717 si
599 3664 812 3732 paulum
854 3664 952 3733 ipsi
994 3664 1357 3733 reSpiremus,
1403 3665 1455 3718 id
1497 3666 1647 3720 vobis
1677 3666 1742 3720 ad

147 3752 573 3807 consolationem
604 3755 735 3807 satis
763 3762 881 3817 est;
911 3768 976 3807 ac
1001 3755 1047 3808 si
1078 3769 1177 3809 nos
1206 3755 1397 3809 solatio
1420 3756 1738 3825 afficiantur,

149 3844 202 3895 in
237 3844 657 3898 consolationem
686 3853 917 3898 vestram
948 3845 1050 3900 hoc
1089 3845 1250 3900 cedit.
1280 3845 1739 3912 Quemadmodum

147 3934 297 3987 enim
344 3934 677 3990 calamitates
714 3944 926 3990 nostras
977 3946 1182 3991 vestras
1230 3951 1349 3992 esse
1394 3936 1629 3992 ducitis:
1662 3939 1739 3993 sie

146 4028 311 4079 etiam
347 4037 582 4082 nostram
613 4029 1032 4085 consolationem
1062 4038 1292 4085 vestram
1330 4046 1453 4087 esse
1481 4032 1735 4087 censetis.

143 4117 330 4185 Neque
372 4120 512 4173 enim
540 4130 718 4187 certe,
749 4136 868 4175 cum
901 4121 953 4174 in
984 4122 1224 4176 adversis
1251 4122 1412 4177 rebus
1444 4122 1573 4177 socii
1605 4123 1737 4177 mihi

143 4210 265 4262 sitis
287 4249 302 4272 ,
334 4209 385 4261 in
414 4210 549 4265 lanis
576 4212 701 4265 item
732 4226 794 4266 ac
818 4212 1070 4267 secundis
1100 4214 1230 4268 socii
1253 4230 1359 4269 non
1386 4215 1555 4270 eritis.
1588 4214 1734 4282 Quo-

142 4306 289 4353 circa
318 4316 437 4353 cum
466 4302 517 4354 in
538 4301 785 4357 omnibus
816 4303 977 4357 rebus
1006 4304 1182 4359 socios
1210 4320 1304 4359 vos
1335 4305 1581 4370 habeam,
1606 4308 1731 4359 etin

144 4393 490 4449 tribulatione
518 4403 571 4448 et
598 4395 647 4447 in
671 4397 1060 4463 consolatione,
1091 4413 1195 4451 non
1226 4407 1311 4453 est
1337 4399 1481 4466 quod
1511 4416 1596 4455 me
1629 4403 1727 4455 Ιιυο

136 4486 295 4553 josce
327 4486 590 4541 tarditatis
617 4504 679 4542 ac
710 4503 875 4543 morm
905 4488 1122 4543 nomine
1146 4492 1447 4545 accusetis:
1479 4506 1601 4544 nam
1636 4506 1731 4560 pro

141 4576 299 4628 vobis
346 4577 653 4645 afﬂigimur,
697 4588 751 4632 et
789 4588 1006 4649 propter
1032 4595 1129 4634 vos
1167 4581 1533 4636 consMatione
1567 4585 1730 4639 altici-

141 4682 283 4718 mur.
317 4666 392 4720 Ne
422 4668 542 4737 quis
567 4670 708 4722 enim
732 4684 895 4738 grave
918 4684 981 4725 ac
1012 4671 1295 4725 molestum
1327 4672 1376 4727 id
1400 4687 1519 4727 esse
1539 4674 1727 4728 existi-

140 4767 333 4821 maret,
368 4758 509 4825 quod
539 4758 767 4824 dixerat,
796 4761 1020 4831 Propter
1050 4778 1145 4817 vos
1173 4765 1286 4819 haec
1315 4766 1565 4835 patimur,
1598 4766 1725 4821 illud

136 4852 303 4903 etiam
342 4850 515 4916 addit,
544 4852 613 4906 Et
646 4862 864 4923 propter
894 4868 989 4910 vos
1029 4856 1399 4912 consolatione
1425 4858 1722 4923 al‘llcimur;

134 4956 199 4994 ac
230 4957 298 4995 ue
328 4958 425 4997 nos
444 4944 658 5013 quidem
686 4946 787 5001 soli
828 4947 1213 5017 periclitamur,
1242 4964 1361 5003 cum
1386 4950 1487 5019 ipsi
1513 4967 1726 5021 quoque

135 5033 189 5086 in
219 5033 529 5089 earumdem
560 5035 920 5092 calamitatum
949 5045 1157 5106 partem
1187 5039 1435 5093 veniatis.

205 5122 242 5176 Ξ
290 5122 470 5194 Itaque
491 5134 603 5181 tum
623 5141 689 5183 ex
720 5141 786 5182 eo
810 5127 951 5198 quod
975 5129 1338 5198 periculorum
1372 5131 1551 5186 socios
1576 5148 1721 5201 lpSOS

118 5201 445 5282 assumpsit,
473 5226 583 5271 tum
606 5233 671 5275 ex
696 5233 762 5274 eo
792 5217 936 5289 quod
961 5218 1347 5274 consolationis
1374 5236 1482 5275 sua:
1503 5237 1719 5278 causam

135 5304 265 5373 ipsis
303 5303 591 5374 adscribit,
622 5310 922 5366 orationem
965 5310 1114 5365 lenit.
1146 5310 1225 5365 Ac
1257 5320 1537 5379 propterea
1560 5353 1574 5377 ,
1606 5316 1719 5368 sive

136 5396 344 5450 insidiis
364 5403 701 5465 appetamur,
733 5400 889 5455 firmo
909 5402 1094 5457 animo
1120 5410 1325 5468 estote;
1354 5418 1475 5459 nam
1507 5414 1565 5458 ut
1586 5406 1718 5461 lides

132 5500 309 5544 vestra
340 5489 456 5558 plus
483 5488 691 5544 roboris
713 5491 964 5562 colligat,
994 5494 1103 5550 hoc
1130 5496 1397 5565 patimur;
1426 5496 1541 5550 sive
1571 5496 1717 5551 sola-

137 5582 263 5634 tium
308 5580 637 5651 accipimus,
691 5579 794 5636 hoc
843 5597 1059 5655 quoque
1111 5590 1328 5645 nomine
1374 5588 1711 5660 gloriamini:

137 5686 253 5724 nam
290 5680 512 5741 propter
538 5687 636 5727 vos
665 5684 731 5726 eo
761 5670 1017 5740 fruimur,
1047 5685 1105 5731 ut
1126 5676 1251 5734 hinc
1274 5679 1436 5735 etiam
1463 5680 1712 5736 consola-

135 5761 292 5816 tionis
339 5762 582 5819 nonnihil
633 5762 702 5819 ad
734 5777 829 5820 vos
858 5764 1077 5830 redeat,
1117 5767 1243 5823 dum
1287 5770 1487 5826 latitia:
1516 5780 1713 5827 nostra

132 5853 413 5925 participes
434 5858 587 5915 estis.
614 5861 784 5929 Atque
812 5867 868 5915 ut
897 5856 1175 5929 intelligas
1199 5863 1341 5934 quod
1366 5863 1430 5920 dc
1455 5864 1556 5923 hoc
1583 5879 1712 5921 cou-

1302 433 1368 489 ΙΝ
1394 429 1607 486 EPlST.
1650 430 1690 484 11
1759 428 1850 486 ΑΙ)
1886 432 2041 489 0011.
2082 436 2312 494 1101111..
2352 440 2415 496 ll.

3381 456 3485 514 39$

1895 549 2176 609 solutionis
2204 557 2367 610 modo
2398 572 2537 613 nunc
2568 558 2850 631 loquatur,
2881 580 3040 635 quem
3072 573 3125 638 tp
3153 584 3185 625 e
3215 574 3481 645 percipie-

1891 639 2019 708 bat,
2062 659 2169 700 non
2202 644 2329 701 hinc
2376 657 2581 705 tantum
2625 653 2767 722 quod
2814 657 3186 716 consolatione
3218 639 3299 719 ab
3345 639 3479 735 ipsis

1888 732 2231 805 afficeretur,
2265 753 2455 795 verum
2485 743 2646 798 etiam
2688 746 2811 816 quia
2860 764 2957 805 eos
2981 750 3049 807 ab
3090 732 3382 813 alllictione
3410 758 3476 814 li-

1889 823 2046 880 beros
2072 841 2194 883 esse
2218 830 2558 903 intelligeret,
2583 835 2705 891 audi
2727 853 2846 909 qua:
2867 840 3119 914 deinceps
3138 858 3470 917 sequuntur.

1885 1009 2020 1076 quod
2046 1010 2177 1066 sicut
2211 1013 2340 1068 socii
2364 1017 2482 1071 estis
2524 1021 2858 1090 passionum,
2884 1027 2958 1079 ita
2985 1026 3125 1084 eritis
3150 1038 3198 1083 et
3228 1035 3468 1089 consola-

1886 1100 2055 1155 tionis.
2076 1103 2228 1160 Sicut
2246 1106 2411 1175 enim,
2436 1125 2558 1164 cum
2585 1126 2687 1168 nos
2707 1118 3181 1187 persequutionem
3210 1124 3464 1194 patimur,

1882 1207 1979 1248 vos
2009 1196 2233 1265 perinde
2261 1197 2455 1256 doletis
2484 1218 2548 1258 ac
2577 1205 2621 1258 si
2656 1205 2755 1275 ipsi
2785 1222 2906 1263 eam
2931 1210 3221 1269 subiretis:
3252 1215 3332 1271 sic
3357 1233 3464 1273 nou

1882 1283 2223 1353 dubitamus,
2254 1290 2414 1361 quin,
2458 1308 2578 1349 cum
2625 1296 2876 1354 solatium
2922 1302 3247 1374 accipimus,
3276 1322 3374 1363 vos
3401 1324 3472 1365 eo

1883 1373 1981 1428 frui
2013 1379 2353 1437 existimetis.
2382 1383 2521 1449 Quid
2554 1385 2659 1442 hoc
2687 1388 2870 1446 animo
2896 1373 3155 1450 humilius
3182 1394 3309 1468 fingi
3341 1414 3469 1469 pose

1881 1466 2207 1539 sit?quippe
2251 1474 2340 1542 qui
2388 1475 2639 1544 periculis
2670 1487 2819 1535 tanto
2864 1497 2958 1537 eos
2985 1466 3466 1561 intervallo-supe-

1880 1572 2038 1623 rans,
2072 1562 2250 1618 socios
2281 1574 2458 1622 tamen
2486 1582 2581 1623 eos
2603 1581 2795 1639 vocat,
2827 1575 2916 1643 qui
2944 1588 3012 1631 ne
3042 1578 3315 1637 minimam
3345 1585 3465 1654 qui-

1878 1647 2000 1703 dem
2017 1666 2201 1707 eorum
2222 1668 2425 1725 partem
2442 1661 2815 1733 sustinebant;
2835 1665 2889 1723 in
2907 1672 3273 1729 consolatione
3285 1647 3462 1734 autem

1877 1742 2181 1798 universam
2211 1745 2340 1815 ipsis
2365 1764 2581 1807 causam
2602 1794 2617 1819 ,
2656 1771 2763 1809 non
2792 1758 2907 1814 suis
2932 1762 3209 1821 laboribus
3251 1768 3459 1826 adscri-

1876 1831 2211 1893 bit.Dcinde
2235 1843 2486 1912 quoniam
2526 1842 2593 1902 de
2617 1846 2999 1910 afﬂictionibus
3037 1862 3335 1927 generatim
3377 1863 3460 1919 lo-

1874 1926 2167 2021 quebatur,
2210 1930 2323 2000 jam
2368 1934 2546 1991 locum
2588 1953 2800 2011 quoque
2848 1926 3061 2011 narrat,
3109 1948 3162 2004 in
3204 1967 3312 2021 quo
3339 1952 3459 2011 haec

1864 2005 2161 2085 'perpessus
2203 2021 2292 2077 sit.
2322 2023 2375 2079 8.
2428 2024 2552 2081 Non
2596 2005 2730 2083 enim
2774 2033 3005 2091 volumus
3051 2054 3137 2095 vos
3180 2005 3453 2113 ignorare,

1871 2110 2054 2177 fratres
2075 2151 2089 2173 ,
2131 2111 2194 2165 de
2236 2113 2560 2174 tribulatione
2603 2131 2776 2177 nostra
2803 2141 2914 2194 quis
2961 2128 3101 2198 facta
3128 2110 3370 2192 est'nobis
3398 2110 3457 2194 in

1869 2198 2011 2252 Asia.
2044 2199 2197 2268 Haec,
2229 2204 2435 2277 inquit,
2465 2209 2665 2268 idcirco
2694 2213 2953 2286 dicimus,
2985 2236 3053 2277 ne
3081 2236 3143 2277 ea
3162 2265 3178 2291 ,
3200 2241 3321 2297 qua:
3354 2243 3453 2285 no-

1870 2288 1951 2343 bis
1996 2292 2339 2363 acctderuut,
2392 2299 2671 2371 ignoretis.
2721 2306 2996 2378 Siquidem
3027 2288 3450 2377 rerum'nostra-

1866 2392 1985 2484 runt
2023 2392 2219 2439 statum
2248 2388 2401 2452 vobis
2448 2394 2787 2462 exploratum
2833 2415 2954 2458 esse
2981 2406 3260 2477 cupimus,
3292 2422 3453 2484 atque

1865 2466 1918 2522 id
1948 2485 2159 2528 summo
2185 2477 2365 2534 studio
2394 2495 2647 2542 curamus
2672 2506 2684 2541 :
2714 2491 2857 2560 quod
2903 2466 3120 2564 quidem

1864 2567 1947 2613 est
1970 2559 2277 2622 dilectionis
2302 2584 2699 2640 argumentum.
2734 2559 2847 2637 lloc
2871 2559 3051 2641 autem
3085 2589 3140 2645 in
3169 2559 3451 2663 superiore

1864 2663 2075 2722 quoque
2101 2657 2328 2725 cpistola
2358 2662 2440 2717 his
2466 2667 2643 2723 verbis
2676 2670 2823 2737 prius
2849 2674 3179 2746 signiticarat
3201 2700 3216 2737 :
3238 2657 3447 2742 ‘Ostittm

1862 2743 1988 2795 milii
2012 2758 2247 2813 apertum
2266 2762 2337 2805 cst
2364 2770 2604 2825 magnum
2625 2769 2671 2813 et
2694 2743 2921 2830 evidens,
2940 2778 2983 2821 et
3005 2770 3284 2830 adversarii
3308 2781 3447 2834 ntul-

1863 2830 1901 2926 o
1926 2830 2124 2926 spites:
2155 2837 2244 2909 (ι.
2287 2842 2403 2899 Cor.
2440 2846 2527 2902 to.
2557 2847 2590 2903 9
2603 2850 2644 2921 ).
2675 2850 2801 2908 ηερε
2832 2854 2989 2926 igitur
3031 2859 3084 2915 in
3130 2830 3447 2926 ιηρηιοτίᾷέη

1858 2919 1989 3028 ipsis
2019 2925 2301 3028 redigcns,
2348 2943 2511 3005 atque
2554 2919 2837 3009 exponens
2852 2919 2994 3017 'qttze
3024 2953 3299 3025 subierat,
3330 2961 3442 3028 ait,

1858 3009 1994 3067 Nolo
2026 3016 2178 3072 vobis
2211 3020 2447 3091 ignotam
2477 3043 2599 3085 esse
2630 3032 2974 3095 afﬂictionctn
3007 3058 3125 3099 eam
3157 3009 3443 3117 qum'milti

1858 3103 1911 3160 in
1936 3109 2062 3213 asia
2083 3114 2321 3184 contigit.
2348 3117 2498 3184 Quod
2523 3123 2685 3179 etiam
2713 3128 2909 3199 ipsum,
2932 3149 3055 3191 cum
3080 3138 3147 3193 ad
3172 3103 3444 3213 iipltcsios

1856 3200 2152 3293 scriberet,
2201 3205 2429 3263 diccbat.
2476 3212 2608 3268 Nam
2640 3232 2759 3273 cum
2806 3220 3191 3292 Tyclticumad
3217 3200 3447 3293 eos

1854 3291 2046 3359 sisset,
2076 3295 2214 3351 hunc
2243 3301 2340 3370 ipsi
2379 3304 2726 3374 profectionis
2752 3291 2966 3371 causam
2997 3317 3163 3378 fuisse
3192 3339 3451 3386 contines

1854 3394 2028 3483 morat
2052 3403 2065 3437 :
2100 3387 2327 3461 ideoque
2355 3396 2568 3455 diccbat
2592 3420 2604 3455 :
2641 3401 2708 3458 Ut
2735 3417 2903 3462 autem
2942 3413 3110 3468 sciatis
3137 3426 3183 3470 et
3213 3435 3297 3476 vos
3325 3440 3439 3492 qua:

1851 3487 1987 3585 circa
2013 3493 2091 3530 me
2110 3491 2257 3544 sunt,
2281 3485 2403 3553 quid
2422 3491 2643 3557 faciam,
2668 3498 2839 3550 omnia
2862 3500 2999 3556 vobis
3018 3516 3140 3559 nota
3160 3511 3310 3579 faciet
3336 3485 3440 3585 ly-

1850 3564 2042 3632 c/ticus,
2074 3572 2364 3629 carissimus
2391 3582 2553 3647 frater
2575 3593 2623 3636 et
2644 3585 2811 3647 ﬁdelis
2836 3591 3066 3650 minister
3090 3599 3142 3652 in
3160 3564 3406 3661 'Domin;
3422 3655 3433 3664 .

1848 3672 1995 3720 quem
2042 3662 2158 3715 misi
2199 3666 2267 3718 ad
2310 3683 2394 3723 vos
2423 3671 2475 3725 in
2527 3674 2620 3728 hoc
2649 3678 2836 3748 ipsum,
2882 3696 2934 3738 ut
2964 3696 3279 3757 cognoscatis
3323 3716 3435 3769 quae

1848 3763 2099 3858 :l't‘cit‘tos
2140 3768 2279 3822 sunt,
2308 3772 2355 3814 et
2384 3768 2675 3821 consoletur
2704 3775 2859 3829 corda
2908 3790 3068 3835 vestro
3100 3784 3120 3857 (
3142 3763 3344 3858 Ephesi
3376 3794 3435 3851 6.

1846 3837 1934 3944 ΞΙ.
1965 3839 2179 3944 2⁸2)..“1η
2212 3848 2330 3904 aliis
2380 3868 2593 3924 quoque
2646 3863 2887 3929 epistolis
2930 3869 3032 3926 hoc
3062 3837 3239 3944 itisturu
3284 3837 3435 3941 facit:

1843 3927 2028 4000 Neque
2068 3933 2119 3989 id
2165 3951 2620 4008 supervacaneum
2650 3962 2765 4018 est,
2815 3957 2909 4011 sed
2966 3927 3220 4034 perquam
3266 3927 3427 4031 etiam

1845 4026 2247 4133 necessarium:
2300 4035 2494 4100 partim
2549 4039 2618 4094 ob
2667 4026 3267 4120 ingentem—caritatem
3323 4080 3428 4133 qua

1843 4112 2135 4210 discipulos
2163 4126 2588 4195 prosequebatur
2609 4172 2623 4199 ,
2658 4112 2850 4203 partim
2880 4142 2950 4195 ob
2977 4112 3430 4210 assiduas-terna:

1846 4203 2056 4273 tiones,
2086 4208 2137 4262 in
2190 4213 2386 4280 quibus
2439 4233 2727 4291 permagna
2768 4231 3066 4287 consolatio
3113 4249 3245 4307 erat,
3277 4258 3447 4299 com-'

1843 4304 2049 4362 pertum
2083 4298 2281 4355 habere
2306 4320 2535 4372 quonam
2558 4321 2697 4366 statu
2721 4324 2943 4388 utraque
2972 4337 3032 4376 ex
3064 4298 3331 4392 parte’rcs
3360 4348 3420 4391 sc

1841 4383 2136 4443 haberent:
2172 4408 2276 4461 quo
2303 4397 2575 4466 nimirum,
2608 4404 2651 4457 si
2686 4407 2864 4463 tristes
2886 4421 2939 4465 ct
2967 4416 3175 4472 acerba:
3200 4435 3381 4479 essent
3406 4469 3419 4492 ,

1838 4477 1903 4532 ad
1936 4496 2025 4534 eas
2069 4483 2414 4551 perferendas
2460 4507 2517 4547 se
2559 4509 2965 4571 compararent,
3002 4518 3160 4578 atque
3190 4513 3243 4568 in
3275 4477 3426 4573 solli:

1838 4572 2076 4629 citudine
2101 4579 2477 4651 cautioresque
2504 4600 2717 4656 essent;
2760 4594 2840 4648 sin
2872 4606 3052 4657 autem
3074 4572 3217 4661 laute
3245 4623 3308 4665 ac
3334 4610 3419 4681 ju-

1836 4663 2048 4731 cundae,
2077 4667 2236 4724 simul
2261 4672 2576 4742 gauderent.
2607 4678 2873 4739 Caeterum
2898 4687 2997 4744 hoc
3027 4691 3145 4749 loco
3170 4708 3222 4753 et
3252 4663 3419 4761 lenia-

1836 4754 2035 4861 tionu-m
2071 4758 2428 4819 iuvectionem
2450 4806 2466 4832 ,
2496 4777 2550 4823 et
2577 4785 2684 4839 quo
2709 4785 2865 4843 pacto
2907 4778 2990 4833 Itis
3016 4754 3417 4861 liberatus—sit“,

1834 4846 1992 4901 simul
2020 4853 2259 4919 exponit.
2291 4855 2547 4922 Quoniam
2571 4879 2730 4933 supra
2770 4870 2975 4925 modum
3002 4880 3199 4944 gravati
3246 4846 3424 4943 suum;

1833 4953 1991 5007 supra
2021 4944 2293 5045 virtutem;
2322 4964 2429 5004 non
2468 4965 2623 5009 secus
2653 4957 2903 5017 videlicet
2929 4979 2993 5021 ac
3020 4970 3169 5028 navis
3207 4974 3418 5046 aliqua,

1830 5045 1955 5131 qua:-
1982 5034 2128 5102 gravi
2180 5038 2411 5131 quodam
2442 5057 2609 5101 onere
2650 5048 3000 5123 demergitur.
3047 5060 3222 5131 Atque
3252 5034 3415 5125 unani

1830 5122 2045 5190 quidem
2078 5136 2129 5180 et
2152 5130 2395 5186 eamdem
2425 5149 2538 5190 rem
2570 5136 2655 5193 bis
2685 5122 2863 5197 verbis
2908 5122 3208 5218 intelligere
3251 5122 3407 5215 vide-

1833 5223 1948 5281 tttr,
1978 5232 2099 5272 cum
2128 5219 2296 5288 dixit,
2334 5222 2511 5296 Supra
2536 5231 2775 5299 modum,
2810 5244 2898 5302 et,
2929 5236 3105 5308 Supra
3142 5242 3415 5318 virtutem;

1833 5322 1939 5359 non
1974 5317 2148 5365 tamen
2184 5328 2286 5366 una
2310 5324 2393 5370 est
2416 5357 2431 5384 ,
2464 5318 2561 5373 sed
2590 5320 2731 5378 dum.
2760 5324 2971 5381 Etenim
3001 5344 3069 5384 ne
3095 5334 3216 5401 quis
3244 5338 3411 5404 dicat.

1827 5400 1968 5465 Quid
1994 5404 2137 5459 enim
2158 5446 2177 5472 ,
2204 5412 2249 5462 si
2272 5423 2433 5479 supra
2460 5412 2675 5469 modum
2705 5416 2917 5485 quidem
2941 5430 3057 5475 erat
3084 5400 3407 5498 periculum

1825 5498 1977 5552 vobis
2006 5508 2183 5553 autem
2213 5515 2320 5561 non
2347 5518 2598 5573 magnum
2621 5506 2779 5562 erat?
2804 5507 3008 5567 idcirco
3036 5518 3307 5586 subdidit,
3340 5520 3411 5579 Et

1825 5601 2077 5658 magnum
2100 5599 2294 5647 eratet
2314 5592 2459 5650 vires
2485 5605 2698 5650 nostras
2720 5601 3034 5671 superabat,
3055 5614 3216 5675 atque
3237 5623 3409 5681 usque

1823 5678 1960 5735 adeo
2003 5682 2323 5750 superabat,
2356 5684 2607 5739 utetiam
2653 5686 2836 5745 vivere
2884 5707 2984 5749 nos
3014 5693 3273 5753 auderet:
3307 5678 3409 5757 lioc

1821 5781 1905 5826 est
1924 5811 1941 5837 ,
1968 5772 2164 5827 nullam
2203 5789 2355 5845 spem
2380 5785 2434 5831 ct
2462 5778 2916 5847 exspectationem
2959 5782 3283 5844 haberemus
3308 5806 3410 5848 nos

1827 5865 2058 5939 amplius
2086 5865 2342 5926 victuros.
2386 5868 2442 5927 ld
2495 5871 2636 5942 quod
2670 5872 2836 5933 David
2881 5877 3168 5938 inferorum
3200 5894 3401 5955 portas,
