4066 6348
645 390 750 445 595

651 515 717 555 ac
745 510 932 574 partus
963 500 1211 555 doleres.
1243 509 1295 553 et
1328 499 1517 553 mortis
1552 498 1799 553 umbram
1832 497 2099 567 appellat,
2131 497 2235 551 hoc

654 592 903 647 nimirum
924 592 1019 646 hic
1047 607 1259 660 quoque
1286 590 1487 645 Paulus
1516 589 1683 654 dicit,
1715 588 1993 659 Ejusmodi
2021 589 2231 658 pericu-

652 685 755 739 lntu
800 686 1093 750 subiimus,
1137 683 1280 753 quod
1331 682 1555 737 omnino
1600 690 1829 737 mortem
1880 681 2098 735 afferret
2127 719 2140 732 .
2173 678 2228 735 9.

648 776 756 833 Sed
783 777 882 847 ipsi
910 779 963 830 in
990 776 1132 830 nobis
1161 761 1283 845 ipsis
1311 790 1609 845 responsura
1643 774 1817 827 mortis
1849 772 2147 838 habuimus,
2176 780 2233 823 ut

646 885 744 923 non
774 869 933 922 sinms
983 868 1194 936 ﬁdentes
1220 868 1273 920 in
1323 866 1465 920 nobis
1486 906 1500 930 ,
1528 865 1616 919 sed
1644 866 1699 917 in
1729 862 1838 917 Deo
1883 864 1968 932 qui
2020 862 2231 916 suscitat

645 970 887 1013 mortuos.
913 958 1050 1027 Quid
1078 967 1162 1013 est
1178 1000 1192 1023 ,
1228 959 1544 1027 Responsum
1566 956 1743 1009 mortis
1766 955 2034 1008 habuimus
2054 954 2077 1006 ?
2097 952 2231 1008 Sen-

644 1049 902 1113 tentiam,
929 1047 1225 1116 judicium,
1257 1048 1734 1117 exspectationem.
1764 1044 1949 1099 Talem
1977 1044 2119 1099 enim
2142 1057 2230 1098 res

644 1141 773 1211 ipsa:
816 1154 1000 1194 vocem
1044 1140 1358 1203 mittebant,
1403 1138 1509 1193 tale
1558 1152 1877 1207 responsum
1928 1135 2127 1190 dabant
2167 1150 2227 1189 ea

642 1248 759 1301 quae
788 1240 1112 1295 evenerant,
1149 1246 1346 1300 nempe
1369 1230 1511 1300 quod
1544 1229 1847 1284 certissime
1877 1228 2119 1281 morituri
2143 1241 2232 1281 es-

641 1338 840 1378 semus.
877 1323 1071 1377 Verum
1110 1322 1159 1377 id
1194 1337 1361 1392 usque
1389 1321 1456 1375 ad
1504 1337 1617 1375 rem
1648 1322 1817 1390 ipsam
1846 1319 2068 1373 minime
2100 1333 2227 1387 pro-

639 1416 827 1478 cessit,
887 1416 982 1470 sed
1034 1416 1170 1468 intra
1226 1413 1585 1482 suspicionem
1652 1422 1892 1466 nostram
1959 1410 2219 1465 substitit.

639 1508 966 1575 Quamquam
1000 1506 1139 1558 cnim
1172 1520 1352 1557 rermu
1381 1512 1567 1556 natura
1600 1503 1700 1555 hoc
1747 1501 2186 1570 pronuntiaverat
2208 1541 2222 1564 ,

639 1605 816 1651 tamen
865 1597 956 1649 Dei
1004 1598 1235 1665 potentia
1278 1596 1597 1649 sententiam
1649 1595 1699 1647 in
1748 1608 1883 1662 opus
1925 1592 2077 1647 exire
2118 1606 2221 1645 non

638 1701 796 1757 passa
822 1695 927 1752 est,
956 1686 1049 1741 sed
1081 1687 1132 1740 in
1160 1687 1275 1740 sola
1305 1694 1488 1739 nostra
1512 1686 1835 1755 cogitatione
1861 1694 2023 1753 atque
2048 1685 2099 1739 in
2126 1699 2221 1737 ex-

637 1779 968 1848 spectatione
1000 1779 1101 1834 hoc
1128 1780 1446 1849 contingere
1495 1781 1739 1849 permisit
1775 1797 1787 1832 :
1839 1780 2069 1848 ideoque
2112 1779 2221 1844 ait,

638 1869 704 1925 In
744 1871 888 1926 nobis
920 1873 1046 1940 ipsis
1088 1887 1386 1940 responsum
1415 1872 1589 1923 mortis
1617 1870 1883 1923 habuimus
1902 1911 1917 1935 ,
1953 1886 2057 1923 non
2083 1872 2135 1923 in
2166 1886 2225 1924 re

636 1965 771 2032 ipsa.
801 1963 911 2017 Cur
936 1972 1113 2016 autem
1143 1974 1347 2016 tantum
1377 1962 1672 2031 periculum
1703 1962 1857 2015 nobis
1887 1962 2061 2016 creari
2093 1976 2221 2029 per-

636 2054 870 2119 miserit,
902 2063 959 2107 ut
990 2055 1110 2107 vitaz
1137 2068 1259 2120 spes
1290 2053 1465 2104 omnis
1494 2052 1649 2106 nobis
1676 2062 1860 2121 erepta
1890 2054 2073 2105 esset?
2101 2049 2183 2104 Ne
2203 2092 2218 2116 ,

636 2147 841 2215 inquit,
873 2146 1087 2214 ﬁdentes
1114 2145 1271 2198 simus
1298 2145 1351 2196 in
1379 2145 1520 2196 nobis
1540 2185 1552 2207 ,
1584 2145 1671 2196 sed
1699 2145 1749 2197 in
1782 2142 1910 2197 Deo.

703 2237 760 2291 3.
784 2236 879 2290 His
914 2246 1093 2290 autem
1121 2236 1299 2289 verbis
1334 2235 1529 2289 Paulus
1555 2277 1570 2301 ,
1600 2251 1705 2289 non
1739 2238 1880 2306 quod
1912 2238 2023 2307 ipse
2053 2238 2125 2291 ita
2146 2238 2224 2291 af-

636 2328 805 2382 fectus
831 2336 1007 2391 esset,
1044 2328 1182 2381 absit
1206 2327 1308 2381 hoc
1332 2368 1346 2391 ,
1387 2328 1482 2382 sed
1517 2337 1572 2382 ut
1601 2329 1734 2382 alios
1774 2345 1866 2398 per
1890 2344 1975 2394 ea,
2006 2345 2123 2399 qum
2154 2330 2222 2384 de

634 2419 816 2487 seipse
842 2417 1077 2485 dicebat,
1104 2418 1427 2482 institueret,
1461 2420 1722 2488 simulque
1752 2422 1912 2475 etiam
1944 2422 2222 2475 modestia:

632 2508 813 2564 studio
833 2509 1047 2575 ductus,
1073 2511 1322 2563 utebatur
1353 2528 1364 2561 :
1392 2510 1824 2580 quandoquidem
1855 2513 1906 2565 in
1936 2527 2221 2580 progressu

631 2617 844 2672 quoque
871 2603 965 2667 ait,
1017 2600 1184 2656 Datus
1219 2611 1292 2655 est
1336 2603 1461 2654 mihi
1507 2602 1742 2655 stimulus
1770 2605 1937 2656 carnis
1989 2604 2065 2673 (2.
2100 2604 2215 2658 Cor.

629 2692 720 2749 l2.
748 2695 851 2764 a7),
898 2693 1004 2749 hoc
1047 2702 1151 2757 est,
1204 2693 1550 2759 teutatioues,
1580 2701 1638 2747 ut
1672 2709 1741 2748 uc
1769 2694 2020 2749 extollar.
2059 2696 2220 2765 Atqui

628 2784 771 2840 Deus
802 2801 907 2839 non
939 2784 1063 2838 ideo
1102 2799 1163 2838 se
1194 2784 1506 2853 permisisse
1531 2784 1624 2850 ait,
1655 2784 1749 2839 sed
1772 2786 1991 2840 alteram
2015 2786 2221 2840 obcan-

624 2894 765 2933 sam.
811 2877 981 2946 Quam
1034 2877 1303 2932 tandem?
1355 2877 1613 2932 Nimirum
1663 2887 1720 2931 ut
1769 2879 1935 2948 ipsius
1979 2881 2217 2951 potentia

628 2971 798 3039 magis
824 2971 1062 3025 eluceret
1090 2989 1104 3023 :
1129 2969 1329 3040 Sufﬁcit
1357 2970 1500 3024 enim
1525 2970 1629 3033 tibi,
1664 2970 1853 3039 inquit,
1884 2972 2050 3041 gratia
2071 2988 2216 3035 mea;

629 3077 748 3115 nam
775 3061 935 3115 uirtus
977 3076 1087 3114 mea
1132 3061 1183 3113 in
1215 3061 1511 3128 inﬁrmitate
1549 3062 1814 3131 per/icitur
1848 3060 2009 3133 (Ibid.
2042 3077 2091 3114 tt.
2134 3064 2213 3131 Ἰ).

628 3151 826 3207 Verum
851 3192 867 3218 ,
899 3160 958 3205 ut
996 3166 1026 3205 a
1060 3166 1145 3205 me
1188 3151 1389 3206 dictum
1430 3161 1534 3219 est,
1582 3166 1845 3221 nusquam
1874 3166 2051 3205 mores
2089 3167 2217 3207 suos

624 3245 980 3307 obliviscitur,
1013 3245 1248 3313 seipsum
1281 3244 1420 3298 inter
1449 3259 1578 3311 eos,
1618 3247 1708 3313 qui
1735 3245 1897 3313 longe
1933 3243 2216 3299 inferiores

624 3347 780 3393 erant
815 3351 881 3390 ac
919 3336 1087 3390 multa
1126 3335 1408 3402 disciplina
1440 3344 1495 3389 et
1527 3335 1864 3389 correctione
1888 3348 2024 3403 epus
2053 3334 2219 3389 habe-

624 3431 775 3496 bant,
826 3442 1142 3484 acccnsens.
1194 3424 1326 3480 Nam
1384 3426 1604 3497 alioqui,
1655 3441 1776 3481 cum
1824 3425 1894 3481 ad
1938 3426 2215 3481 meliorem

626 3531 861 3576 mentem
885 3517 1217 3575 revocandos
1244 3519 1405 3573 etiam
1428 3518 1680 3589 vulgares
1701 3518 1967 3586 homines,
1998 3534 2103 3573 una
2125 3529 2218 3574 aut

622 3616 787 3669 altera
855 3613 1079 3670 tentatio
1133 3620 1315 3667 coorta
1370 3611 1660 3675 sufﬁciat;
1709 3627 1941 3681 quonam
2001 3611 2213 3667 tandem

622 3707 784 3761 modo
807 3706 873 3773 is,
900 3704 989 3775 qui
1015 3718 1180 3774 supra
1221 3704 1478 3758 mortales
1508 3718 1697 3757 omnes
1724 3702 2078 3758 humilitatem
2121 3719 2216 3773 per

623 3813 839 3852 omnem
877 3797 1002 3851 vita:
1048 3810 1263 3850 cursum
1294 3795 1556 3860 coluerat,
1589 3794 1849 3863 pluraque
1874 3810 2034 3863 quam
2066 3795 2217 3861 quis-

626 3905 783 3959 quam
812 3889 947 3943 alius
976 3902 1259 3957 perpessus
1297 3886 1488 3945 fuerat,
1524 3893 1646 3952 post
1673 3894 1751 3937 tot
1783 3900 1954 3937 annos
1978 3900 2043 3938 ac
2067 3885 2214 3938 caelis

622 3982 838 4050 dignam
867 3976 1279 4047 philosOphiam,
1296 3975 1397 4029 hac
1417 3974 1782 4029 admonitione
1805 3990 1939 4043 opus
1955 3974 2215 4030 haberet?

633 4072 707 4127 Ex
736 4086 843 4142 quo
870 4070 1212 4140 perspicuum
1242 4067 1371 4122 illud
1416 4077 1536 4134 est,
1567 4082 1690 4122 cum
1728 4069 1830 4122 hoc
1869 4068 1989 4124 loco
2018 4067 2212 4138 partim

628 4164 901 4220 modestiae
929 4164 1127 4228 studio,
1158 4162 1349 4233 partim
1374 4171 1558 4227 uteos,
1589 4162 1677 4232 qui
1706 4161 1773 4216 de
1794 4162 1987 4231 seipsis
2009 4164 2213 4229 magni-

626 4258 723 4312 fice
748 4257 1051 4312 sentiebant
1079 4264 1239 4324 atque
1277 4262 1590 4321 arroganter
1619 4268 1677 4305 se
1699 4253 1993 4320 jactabant,
2027 4253 2210 4320 depri-

626 4357 799 4402 meret
820 4362 883 4400 ac
911 4353 1211 4409 coerceret,
1245 4344 1328 4396 his
1368 4343 1546 4396 verbis
1586 4357 1740 4395 usum
1767 4344 1932 4397 fuisse
1953 4384 1967 4407 ,
2013 4343 2080 4397 Ut
2110 4362 2209 4397 non

622 4441 780 4492 simus
812 4437 1022 4506 ﬁdentes
1050 4437 1103 4488 in
1133 4434 1295 4498 nobis,
1324 4434 1413 4487 sed
1438 4434 1492 4486 in
1520 4432 1645 4487 Deo.
1682 4436 1757 4488 Ae
1783 4435 1901 4488 vide
1941 4436 2212 4503 quomodo

627 4532 728 4585 hac
767 4544 978 4599 quoque
1007 4528 1215 4582 ratione
1254 4526 1463 4580 animos
1503 4540 1691 4580 eorum
1728 4524 1969 4579 deliniat.
2013 4525 2211 4581 Tenta-

623 4628 798 4679 tiones
826 4626 968 4677 enim
994 4663 1009 4687 ,
1041 4621 1249 4691 inquit,
1283 4628 1460 4673 vestra
1486 4634 1644 4674 causa
1679 4618 1833 4671 nobis
1863 4618 2045 4673 inferri
2086 4634 2208 4687 pcr-

623 4718 803 4773 missa:
828 4725 984 4779 sunt;
1015 4723 1159 4767 tanto
1188 4714 1238 4766 iu
1264 4713 1437 4782 pretio
1462 4727 1557 4766 vos
1589 4714 1729 4767 Deus
1755 4712 1916 4766 habet
1947 4731 1959 4764 :
1990 4712 2055 4767 Si
2077 4714 2211 4767 enim

620 4809 925 4863 tribulamur
944 4848 959 4871 ,
990 4804 1183 4875 inquit,
1213 4819 1306 4873 pro
1334 4814 1498 4856 uestra
1536 4804 1883 4857 consolatione
1912 4813 1957 4857 et
1996 4805 2163 4857 salute
2190 4819 2209 4856 :

622 4909 679 4953 at
726 4896 1007 4952 immodica
1066 4896 1426 4949 calamitatum
1484 4894 1794 4963 magnitudo
1847 4905 2065 4965 prepter
2108 4909 2209 4949 nos

622 4990 881 5059 contigit,
928 5003 993 5042 ne
1040 4986 1320 5056 magnifice
1354 4988 1646 5041 sentiamus
1680 5005 1692 5039 :
1726 4987 1864 5040 Nam
1899 5005 2055 5057 supra
2081 4989 2209 5041 vires

619 5081 880 5155 aggravati
909 5096 1103 5144 sumus,
1133 5087 1187 5129 ut
1216 5094 1278 5131 ne
1307 5078 1517 5145 ﬁdentes
1546 5080 1704 5132 simus
1730 5080 1784 5131 in
1808 5080 2099 5146 nobisipsis,
2120 5082 2207 5133 sed

615 5177 670 5229 in
698 5174 805 5227 Deo
842 5172 930 5243 qui
958 5171 1167 5224 suscitat
1206 5178 1449 5223 mortuos.
1479 5170 1687 5223 Rursus
1716 5170 2014 5223 doctrinam
2036 5169 2104 5222 de
2126 5186 2209 5224 re-

618 5268 970 5329 surrectione,
1000 5264 1067 5318 de
1093 5278 1197 5330 qua
1226 5272 1303 5315 tot
1332 5261 1386 5314 in
1410 5262 1577 5330 priori
1612 5261 1838 5330 epistola
1875 5263 2036 5316 verba
2066 5260 2207 5315 fece-

616 5366 723 5420 rat,
765 5356 817 5408 in
858 5354 1171 5407 memoriam
1216 5351 1344 5420 ipsis
1383 5360 1630 5414 revocat,
1674 5359 1836 5417 atque
1866 5365 1896 5401 a
1926 5350 2206 5418 prtesenti-

617 5450 719 5503 bus
737 5446 899 5501 rebus
943 5446 993 5500 ei
1036 5444 1197 5498 fidem
1222 5441 1453 5496 adstruit
1482 5458 1494 5492 :
1527 5439 1671 5494 unde
1697 5440 1857 5494 etiam
1903 5440 2199 5507 subjunxit,

614 5539 703 5595 10.
738 5538 837 5603 Qui
857 5538 921 5591 de
947 5537 1101 5589 tantis
1148 5534 1390 5588 mortibus
1414 5549 1505 5586 nos
1530 5531 1738 5599 eripuit.
1772 5529 1886 5584 Non
1924 5530 2088 5595 dixit,
2120 5530 2202 5584 Ex

615 5642 691 5687 tot
717 5631 969 5702 periculis
1002 5648 1013 5683 :
1045 5643 1153 5699 quo
1179 5628 1339 5682 simul
1364 5635 1418 5681 et
1440 5622 1828 5683 intolerandam
1850 5622 2198 5675 tentationum

615 5723 956 5777 acerbitatem
998 5720 1265 5784 ostendat,
1297 5728 1353 5773 et
1378 5717 1527 5771 illum
1558 5728 1717 5783 quem
1749 5712 1857 5767 dixi
1891 5728 2194 5767 sermonem

617 5810 913 5869 conﬁrmet.
962 5813 1217 5880 Quoniam
1256 5811 1429 5865 futura
1464 5823 1550 5863 res
1584 5816 1695 5864 erat
1726 5805 2052 5861 resurrectio
2073 5844 2087 5871 ,
2120 5805 2197 5859 id-

1356 386 1414 442 S.
1452 384 1731 442 JOANNIS
1768 383 2238 441 CHRYSOSTOMI
2277 385 2590 440 AllClllEP.
2629 386 3157 447 CONSTANTINOP.

3828 397 3923 453 895

2341 499 2485 552 circo
2510 496 2651 555 hanc
2678 502 2916 570 quondie
2941 503 3055 559 ﬁeri
3083 506 3334 562 ostendit.
3360 506 3492 562 Nam
3517 523 3642 563 cum
3669 509 3814 565 Deus
3836 512 3924 566 bo-

2342 589 2565 653 minem.
2596 588 2665 647 de
2690 608 2797 662 quo
2826 609 2951 664 spes
2975 596 3157 650 omnis
3179 596 3288 666 jam
3315 599 3523 669 abjecta
3550 610 3689 667 erat,
3732 604 3921 673 quique

2338 679 2404 734 ad
2432 682 2574 750 ipsas
2597 698 2765 753 usque
2796 688 2983 740 mortis
3028 696 3213 759 portas
3234 701 3569 757 accesserat,
3600 692 3655 747 in
3696 694 3921 749 sublime

2340 782 2575 837 revocat,
2618 773 2750 827 nihil
2798 774 2941 829 aliud
2986 792 3145 845 quam
3194 781 3607 836 resurrectionis
3654 785 3919 853 specimen

2341 865 2571 933 pracbet,
2603 866 2671 921 ab
2700 867 2830 937 ipsis
2860 869 3049 923 mortis
3078 869 3319 926 faucibus
3338 889 3461 927 eum
3500 875 3807 940 retrahens,
3837 876 3921 945 qui

2338 957 2391 1011 in
2438 973 2530 1013 eas
2575 958 2854 1014 inciderat.
2907 960 3025 1027 Quo
3066 963 3225 1017 etiam
3265 963 3343 1032 ﬁt,
3397 974 3455 1019 ut
3504 965 3571 1021 de
3597 967 3806 1030 multis,
3835 970 3921 1036 qui

2336 1063 2456 1103 cum
2486 1049 2555 1102 ab
2578 1051 2827 1106 omnibus
2850 1052 3113 1122 deplorati
3136 1054 3354 1121 fuerint,
3377 1071 3442 1110 ac
3461 1056 3659 1112 deinde
3678 1073 3751 1113 ex
3780 1059 3923 1128 gravi

2336 1140 2523 1195 morbo
2543 1149 2634 1195 aut
2655 1142 3006 1199 intolerandis
3024 1145 3337 1214 quibusdam
3357 1148 3747 1202 tentationibus
3763 1164 3924 1203 emer-

2335 1232 2525 1298 serint,
2558 1232 2689 1287 illud
2730 1236 2975 1305 usurpari
3018 1236 3189 1291 soleat
3218 1256 3232 1291 :
3265 1237 3594 1293 Munitorum
3646 1256 3922 1295 resurrec-

2335 1322 2531 1376 tionem
2580 1323 2633 1377 in
2663 1323 2767 1377 hoc
2811 1324 3029 1382 homine
3070 1327 3322 1382 vidimus.
3354 1328 3420 1381 In
3463 1347 3611 1399 quem
3658 1348 3923 1401 speramus

2331 1417 2570 1483 quoniam
2598 1427 2647 1471 et
2675 1418 2844 1472 adhuc
2867 1420 3077 1493 eripiet,
3118 1423 3204 1477 ll.
3228 1422 3588 1492 adjuvantibus
3612 1425 3772 1477 etiam
3794 1425 3923 1479 vobis

2330 1507 2383 1558 in
2423 1510 2649 1561 oratione
2696 1526 2789 1579 pro
2817 1510 2959 1565 nobis
2989 1527 3008 1564 :
3037 1520 3091 1564 ut
3120 1529 3184 1565 ex
3212 1513 3486 1566 multorum
3521 1518 3758 1581 personis
3794 1516 3918 1583 ejus,

2330 1615 2442 1666 qua:
2468 1601 2531 1675 in.
2551 1600 2695 1654 nobis
2716 1611 2821 1667 est,
2852 1602 3144 1656 donationis
3177 1620 3265 1670 per
3293 1604 3474 1655 multos
3494 1606 3678 1673 gratim
3700 1616 3922 1675 agantur

2331 1706 2422 1756 pro
2452 1691 2613 1743 nobis.
2659 1690 2921 1757 Quoniam
2954 1691 3008 1746 id
3036 1693 3177 1760 quod
3222 1692 3449 1758 dixerat,
3487 1693 3555 1745 Ut
3581 1710 3647 1746 ne
3668 1696 3833 1748 simus
3863 1695 3923 1760 ﬁ-

2330 1780 2500 1833 dentes
2543 1781 2596 1832 in
2635 1780 2925 1849 nobisipsis,
2966 1796 3253 1837 commune
3296 1783 3498 1837 crimen
3551 1792 3608 1836 et
3649 1785 3923 1838 accusatio

2328 1886 2447 1925 esse
2479 1872 2781 1941 videbatur,
2810 1890 2931 1943 qua:
2962 1876 3248 1930 nonnullos
3288 1891 3474 1930 eorum
3505 1878 3921 1948 perstringeret,

2328 1964 2534 2032 mitigat
2559 1980 2747 2020 rursus
2773 1966 2823 2019 id
2851 1966 2991 2035 quod
3021 1967 3174 2030 dixit,
3201 1983 3391 2037 preces
3420 1969 3662 2037 ipsorum
3691 1973 3923 2041 ingentis

2329 2054 2562 2119 pnnsidii
2592 2055 2713 2109 loco
2744 2057 3057 2125 implorans,
3088 2058 3323 2127 illudque
3352 2059 3513 2113 simul
3543 2060 3819 2126 indicans,
3848 2063 3921 2116 vi-

2328 2155 2433 2199 tam
2475 2156 2713 2200 nostram
2757 2148 2808 2200 in
2844 2136 3096 2217 perpetua
3140 2164 3268 2203 cura
3307 2159 3361 2204 et
3400 2150 3770 2206 sollicitudine
3805 2168 3923 2207 esse

2325 2247 2595 2308 oportere.
2630 2240 2760 2293 Nam
2790 2242 2913 2294 dum
2943 2242 3037 2306 ait,
3074 2242 3353 2312 Speremus
3396 2253 3565 2295 autem
3590 2245 3840 2312 quoniam
3878 2254 3921 2297 et

2328 2332 2496 2385 adhuc
2524 2334 2722 2397 eripiet,
2757 2334 3045 2386 multarum
3077 2335 3427 2387 tentatiouum
3452 2349 3646 2405 agmen
3678 2352 3920 2405 praetium

2326 2423 2441 2485 tiat,
2470 2438 2569 2476 nec
2600 2432 2776 2478 tamen
2805 2438 3028 2492 usquam
3059 2423 3463 2478 derelictionem
3484 2465 3499 2489 ,
3530 2426 3628 2479 sed
3660 2427 3916 2479 auxilium

2324 2529 2387 2566 ac
2412 2515 2705 2582 suppetias.
2738 2514 2939 2567 Deinde
2959 2555 2973 2575 ,
3004 2529 3071 2568 ne
3098 2513 3220 2569 ideo
3244 2515 3438 2567 animis
3464 2526 3914 2583 consternantur,

2323 2604 2464 2674 quod
2483 2605 2703 2658 audiant
2726 2603 2862 2669 fore,
2886 2614 2944 2658 ut
2964 2605 3017 2658 in
3042 2605 3317 2675 perpetuis
3340 2605 3588 2673 periculis
3610 2619 3912 2669 versentur,

2322 2698 2470 2767 prius
2507 2696 2757 2766 quidnam
2786 2697 3022 2765 pericula
3055 2695 3299 2753 utilitatis
3324 2695 3551 2749 afferant
3572 2695 3917 2751 demonstra-

2322 2789 2414 2852 vit,
2448 2803 2659 2857 ncmpe,
2695 2787 2775 2841 Ne
2819 2788 2976 2841 simus
2998 2786 3209 2855 ﬁdentes
3248 2786 3301 2839 in
3339 2786 3630 2855 nobisipsis,
3676 2786 3785 2841 hoc
3815 2802 3913 2851 csn,

2321 2890 2377 2933 ut
2409 2881 2551 2933 Deus
2583 2893 2682 2933 nos
2728 2880 2779 2932 iu
2810 2887 3065 2948 perpetua
3094 2878 3393 2931 humilitate
3416 2880 3692 2932 contineat
3713 2896 3741 2943 ;_
3774 2891 3831 2933 et
3863 2891 3915 2933 ut

2318 2970 2465 3023 salus
2520 2984 2705 3023 eorum
2762 2980 3117 3038 procuretur,
3172 2978 3332 3036 atque
3386 2969 3488 3022 alia
3542 2971 3707 3023 etiam
3764 2974 3911 3040 plura

2318 3063 2614 3127 exsistant,
2673 3062 2818 3116 velut
2880 3060 3095 3115 Christo
3149 3060 3582 3123 communicare;
3637 3060 3912 3116 Abundat

2318 3154 2459 3209 enim
2479 3195 2493 3219 ,
2528 3154 2720 3223 inquit,
2766 3154 3027 3221 passiones
3061 3149 3249 3205 Christi
3278 3153 3331 3204 in
3360 3153 3500 3205 nobis
3525 3167 3545 3216 ;
3571 3160 3627 3206 et
3654 3168 3755 3221 pro
3784 3154 3912 3208 lide-

2320 3246 2457 3299 libus
2487 3245 2623 3313 pati;
2658 3244 2778 3298 Sive
2802 3244 2947 3298 enim
2987 3244 3312 3309 tribulamur,
3360 3245 3567 3312 inquit,
3600 3261 3695 3314 pro
3742 3258 3911 3300 uestra

2318 3335 2661 3389 consolatione
2684 3351 2744 3387 ac
2767 3333 2931 3388 salute
2948 3352 2967 3399 ;
2985 3346 3094 3390 tum
3115 3338 3276 3390 etiam
3292 3337 3433 3406 quod
3458 3336 3574 3392 haec
3596 3338 3709 3407 ipsa
3740 3340 3913 3409 magis

2317 3427 2557 3491 eluceat;
2605 3425 2683 3478 sic
2728 3424 2870 3479 enim
2922 3424 3015 3487 ait,
3072 3425 3199 3491 Quae
3251 3435 3491 3496 operatur
3536 3428 3593 3479 in
3638 3429 3917 3483 tolerantis

2318 3517 2605 3572 earumdem
2632 3517 2963 3583 passionum;
2991 3515 3119 3570 illud
3152 3515 3300 3578 item,
3323 3516 3463 3584 quod
3494 3516 3619 3569 hinc
3649 3516 3817 3573 fortes
3845 3534 3917 3573 ac

2318 3610 2607 3663 tolerantes
2646 3607 2981 3672 elficiaulur;
3029 3621 3093 3660 ac
3140 3615 3421 3675 pnetcrca,
3474 3608 3615 3676 quod
3666 3622 3918 3663 resurre-

2315 3701 2548 3753 ctionem
2600 3709 2724 3752 aute
2774 3698 2962 3752 oculos
3005 3712 3132 3751 suos
3158 3697 3503 3767 ell‘ulgeutem
3530 3711 3791 3764 cernant;
3827 3700 3921 3755 Ex

2317 3793 2469 3845 tantis
2498 3792 2664 3855 enim,
2722 3790 2925 3859 inquit,
2974 3791 3218 3843 mortibus
3264 3806 3355 3843 nos
3399 3792 3620 3859 eripuit;
3665 3790 3733 3845 ad
3791 3792 3919 3847 hrc

2315 3883 2455 3954 quod
2493 3900 2555 3937 ea
2600 3884 2807 3937 ratione
2858 3882 3072 3936 solliciti
3116 3880 3427 3944 reddantur,
3475 3890 3636 3950 atque
3685 3882 3737 3935 in
3782 3899 3918 3936 eum

2315 3989 2528 4043 semper
2581 3973 2870 4042 respiciant
2904 3972 3232 4041 :Speramus
3286 3972 3454 4035 enim,
3515 3973 3717 4041 inquit,
3768 3978 3919 4043 quod

2315 4066 2533 4134 eripiet;
2574 4079 2636 4118 ac
2686 4063 2954 4132 denique,
3021 4062 3165 4131 quod
3238 4063 3485 4131 precibus
3548 4062 3688 4116 aflixi
3756 4066 3915 4131 sint;

2316 4155 2685 4226 Adjuvantibus
2712 4154 2879 4217 enim,
2911 4154 3101 4223 inquit,
3124 4154 3260 4207 vobis
3285 4154 3339 4207 in
3368 4156 3596 4208 oratione
3616 4172 3704 4221 pro
3735 4158 3915 4212 nobis.

2315 4248 2667 4315 Posteaquam
2710 4246 2868 4314 igitur
2904 4242 3254 4299 afﬂictionum
3301 4245 3585 4300 utilitatem
3626 4246 3913 4312 ostendit,

2313 4356 2377 4393 ac
2404 4339 2595 4394 deinde
2623 4338 3037 4392 sollicitudinem
3068 4337 3198 4406 ipsis
3225 4336 3437 4405 injecit,
3484 4352 3670 4391 rursus
3705 4352 3913 4392 eorum

2312 4433 2520 4484 animos
2568 4430 2710 4481 acuit
2752 4437 2912 4496 atque
2946 4427 3011 4480 ad
3044 4429 3291 4482 virtutem
3323 4430 3676 4496 promptiores
3704 4428 3912 4497 cflicit,

2314 4538 2561 4590 maguum
2596 4521 2834 4589 ipsorum
2873 4519 3121 4587 precibus
3150 4519 3513 4572 testimonium
3544 4520 3794 4573 tribuens
3815 4563 3833 4585 ,
3866 4525 3913 4574 si

2311 4614 2524 4683 quidem
2572 4612 2642 4666 ob
2677 4627 2768 4665 eas
2801 4610 3024 4664 Paulum
3057 4610 3185 4679 ipsis
3212 4609 3460 4664 donarint
3488 4628 3501 4666 ε
3534 4610 3914 4681 Adjueantibsts

2311 4708 2476 4771 enim,
2508 4705 2698 4773 inquit,
2730 4704 2865 4757 vobis
2891 4704 2941 4755 in
2969 4703 3212 4755 oratione.
3246 4701 3383 4769 Quid
3410 4712 3589 4757 autem
3619 4712 3721 4767 est,
3761 4704 3835 4758 Ut
3858 4709 3914 4761 in

2312 4800 2481 4851 multis
2522 4797 2747 4866 personis
2793 4797 2924 4865 ejus,
2951 4811 3065 4861 qua:
3087 4796 3141 4847 in
3183 4796 3326 4848 nobis
3354 4806 3457 4859 est,
3492 4795 3786 4851 donationis
3820 4816 3914 4867 per

2312 4891 2495 4943 multos
2532 4889 2710 4959 gratia:
2743 4896 2963 4957 agantur
3006 4902 3098 4955 pro
3143 4886 3331 4939 nobis?
3362 4886 3437 4940 Ex
3484 4888 3746 4941 mortibus
3800 4890 3914 4945 iiiis

2312 4998 2408 5037 nos
2437 4983 2660 5051 eripuit,
2706 4980 3088 5047 adjuvantibus
3128 4981 3288 5033 etiam
3335 4979 3485 5033 vobis
3530 4981 3581 5034 in
3624 4982 3908 5048 oratione,

2311 5075 2483 5141 inquit
2515 5089 2527 5123 :
2564 5072 2667 5124 hoc
2695 5081 2798 5137 est,
2833 5071 2986 5125 vobis
3016 5069 3267 5124 omnibus
3301 5080 3482 5124 nostra
3509 5085 3669 5124 causa
3697 5071 3879 5142 depre
3898 5105 3913 5116 ο

2310 5168 2576 5221 cautibus.
2610 5164 2934 5221 Beneﬁcium
2960 5164 3103 5218 enim
3130 5163 3183 5216 in
3214 5177 3312 5216 nos
3342 5163 3595 5217 collatum
3619 5205 3634 5227 ,
3663 5162 3769 5219 hoc
3795 5178 3909 5234 est,

2310 5260 2535 5313 salutem
2582 5266 2841 5320 nostram,
2883 5256 3036 5308 vobis
3074 5255 3327 5308 omnibus
3369 5254 3545 5321 largiri
3590 5256 3762 5309 voluit
3799 5278 3813 5311 :
3851 5272 3911 5315 ut

2310 5351 2489 5403 multa:
2542 5361 2786 5416 pet-sonte
2839 5346 3039 5413 gratias
3087 5344 3185 5411 ipsi
3228 5353 3409 5411 agant,
3460 5346 3904 5414 quandoquidem

2308 5442 2488 5493 multa:
2514 5453 2727 5508 quoque
2748 5439 2974 5506 gratiam
3001 5445 3343 5503 acceperunt.

2377 5534 2427 5585 4.
2459 5533 2583 5584 lla-c
2608 5544 2765 5598 porro
2792 5542 2858 5582 eo
2888 5528 3119 5607 diccbat,
3142 5528 3334 5601 partim
3362 5535 3419 5581 ut
3440 5528 3584 5597 ipsos
3611 5528 3679 5581 ad
3708 5542 3901 5596 preces

2306 5624 2528 5675 aliorum
2557 5635 2769 5688 quoque
2811 5633 2969 5672 causa
3026 5618 3323 5673 fundendus
3362 5618 3645 5679 excitaret,
3699 5624 3901 5689 partim

2306 5715 2429 5766 item
2461 5721 2516 5764 ut
2540 5725 2635 5779 pi)
2664 5709 2729 5763 iis
2759 5710 2920 5762 etiam
2967 5710 3398 5773 calamitatilms,
3428 5708 3623 5777 quibus
3653 5709 3745 5761 alii
3780 5713 3901 5765 alli-

2303 5815 2583 5868 ccrcntur,
2617 5806 2799 5874 gratiis
2832 5803 2941 5860 Deo
2963 5818 3177 5872 semper
3203 5799 3423 5869 agendis
3469 5799 3615 5869 ipsos
3654 5803 3901 5859 assuefa-
