4060 6346
565 365 671 422 397

1241 359 1296 412 S.
1333 355 1616 412 JOANNIS
1652 355 2141 415 οηιιῐεοετοκι
2178 351 2500 410 ARCHIEP.
2543 350 3096 410 CONSTANTINOP.

3731 361 3842 420 39C

562 475 728 544 τέραν
753 469 1016 542 ἐϐουλήθη
1048 472 1212 524 πᾶσιν
1245 471 1375 539 ὑμῖν
1398 470 1752 541 χαρίσασθαι,
1770 471 1859 523 ἵνα
1884 467 2146 523 τὰπολλὰ
2259 466 2466 536 μένης;
2517 463 2656 517 ἀλλὰ
2702 466 2800 527 τάς
2858 465 3126 537 μυριάδας
3168 467 3465 536 νπαράγεη
3524 467 3621 520 Ἐκ
3685 481 3841 538 περι-

566 565 834 616 ποόσωπα
875 561 1027 631 αὐτῷ
1065 560 1457 633 εὐχαριστήση,
1503 559 1695 631 ἐπειδὴ
1733 561 1826 614 καὶ
1872 560 1941 614 τὰ
1975 559 2144 614 πολλὰ
2253 555 2438 619 ουσίας
2491 555 2588 609 καὶ
2648 553 2806 608 τοῦτο
2857 555 3045 618 τιθείς.
3093 555 3168 612 Τὸ
3205 556 3306 628 μὲν
3345 556 3453 630 γάρ
3485 553 3554 628 ἦν
3588 555 3769 628 δῆλον,
3799 559 3835 628 ή

561 659 661 728 τὴν
693 657 858 727 χάριν
881 653 1068 708 ἔλασε.

627 833 691 887 δ’.
708 827 896 886 Ταῦτα
907 830 965 883 δὲ
987 829 1194 899 ἔλεγεν,
1204 826 1341 898 ὁμοῦ
1355 830 1453 896 μὲν
1466 826 1560 877 καὶ
1574 827 1652 888 είς
1665 826 1762 889 τὰς
1783 827 1923 897 ὑπὲρ
1940 827 2028 879 ἐτέ
2035 842 2142 896 ρων

558 923 725 993 εὐχάς
751 921 950 986 αὐτοὺς
979 921 1284 989 διεγείρων,
1321 917 1457 989 ὁμοῦ
1478 919 1534 972 δέ
1560 919 1754 983 ἐθίζων
1785 919 1878 972 καὶ
1899 918 2041 989 ὑπὲρ
2068 912 2141 970 ὧν

555 1014 622 1068 ἂν
655 1013 834 1085 ἐτεροι
871 1010 1142 1075 πάθωσιν,
1175 1010 1518 1080 εὐχαριστεῖν
1547 1010 1634 1063 άεὶ
1665 1009 1742 1080 τῷ
1764 1009 1908 1080 Θεῷ,
1929 1009 2140 1072 δεικνὺς

556 1107 639 1159 ὅτι
677 1104 914 1175 μάλιστα
938 1103 1096 1173 τοῦτο
1126 1101 1373 1174 βούλεται
1403 1102 1498 1155 καὶ
1533 1101 1715 1166 αὐτός.
1749 1103 1814 1155 Οἱ
1844 1101 1953 1171 γάρ
1983 1101 2142 1172 μελε-

555 1200 822 1270 τήσαντες
862 1194 1002 1267 ὑπὲρ
1037 1194 1241 1263 ἑτέρων
1278 1191 1454 1246 ταῦτα
1495 1194 1691 1258 ποιεῖν,
1727 1191 1910 1262 πολλῴ
1941 1191 2139 1262 μᾶλλον

557 1290 699 1360 ὑπὲρ
731 1287 938 1342 ἑαυτῶν
966 1284 1323 1352 ἐπιδείξονται
1357 1283 1532 1337 ταῦτα
1570 1282 1880 1353 ἀμφότερα,
1910 1280 2054 1351 Πρὸς
2083 1282 2139 1333 δὲ

552 1381 786 1443 τούτοις,
821 1378 919 1432 καὶ
960 1375 1471 1445 ταπεινοφροσύνην
1507 1376 1707 1438 αὐτοὺς
1754 1373 2015 1434 διδάσκει,
2045 1373 2140 1424 καὶ

553 1473 635 1536 εἰς
664 1470 884 1540 ἀγάπην
912 1469 1037 1536 ἄγει
1061 1467 1425 1538 θερμοτέραν.
1455 1467 1518 1518 Εἰ
1548 1466 1656 1537 γάρ
1696 1464 1860 1526 αὐτὸς
1890 1465 1920 1516 6
1955 1463 2140 1517 τοσοῦ-

551 1578 643 1615 τον
670 1561 850 1614 αὐτῶν
879 1559 1210 1629 ὑψηλότερος
1237 1555 1335 1622 ὣν,
1364 1558 1429 1609 ἐκ
1454 1555 1562 1609 τῶν
1592 1555 1766 1627 εὐχῶν
1795 1555 2019 1610 ἐκείνων
2051 1571 2141 1608 σε·

554 1652 763 1708 σῶσθαί
798 1667 952 1720 φησι,
985 1648 1077 1703 καὶ⁸
1103 1647 1346 1719 χάρισμα
1373 1647 1551 1700 αὐτῶν
1588 1649 1707 1710 ταῖς
1742 1647 1959 1717 δεήσεσι
1994 1645 2138 1699 δεδό-

556 1746 684 1796 σθαι
713 1738 864 1812 [455]
900 1739 1050 1809 αὐτῷ
1076 1738 1227 1809 παρὰ
1256 1738 1348 1792 τοῦ
1380 1737 1540 1802 Θεοῦ,
1570 1737 1822 1808 ἐννόησον
1846 1737 1962 1800 πῶς
1993 1737 2136 1791 ἐκεί-

553 1853 679 1898 νους
727 1833 833 1892 ἔδει
886 1831 1194 1886 διακεῖσθαι
1249 1830 1348 1883 καὶ
1410 1829 1742 1901 μετριάζειν.
1807 1829 1877 1882 Σὺ
1926 1829 1982 1881 δέ
2047 1847 2135 1899 μοι

553 1925 778 1980 κάκεῖνο
837 1921 1050 1986 σκόπει,
1092 1920 1172 1972 ὅτι
1209 1918 1312 1973 κᾶν
1350 1919 1458 1972 ἀπὸ
1501 1919 1799 1991 οἰκτιρμῶν
1837 1921 1865 1973 ὁ
1910 1918 2044 1982 Θεὸς
2083 1937 2135 1972 τι

553 2019 705 2086 ποιῇ,
749 2013 960 2085 μεγάλα
1018 2011 1255 2066 ἐνταῦθα
1315 2012 1411 2065 καὶ
1457 2013 1490 2082 ἡ
1553 2013 1686 2082 εὐχὴ
1743 2012 2132 2082 συμϐάλλεται.

565 2104 894 2178 ’Δρχόμενος
930 2104 1030 2175 μὲν
1059 2103 1191 2174 γὰρ,
1221 2104 1336 2164 τοῖς
1361 2103 1668 2172 οίκτιρμοῖς
1701 2102 1866 2154 αὐτοῦ
1903 2102 1998 2172 τὴν
2035 2120 2137 2155 σω-

552 2196 748 2270 τηρίαν
795 2195 1100 2264 ἐλογίσατο·
1143 2193 1208 2245 '0
1249 2189 1397 2259 Θεὸς
1436 2191 1566 2261 γὰρ,
1594 2193 1747 2262 φησὶ,
1771 2191 1890 2244 τῶν
1925 2195 2136 2258 οἰκτιρο

549 2288 700 2354 μῶν,
736 2286 921 2352 αὐτὸς
960 2284 1120 2355 ἡμᾶς
1159 2285 1476 2352 ἐρῤύσατο·
1509 2283 1744 2337 ἐνταῦθα
1790 2285 1845 2335 δὲ
1886 2285 1978 2340 καὶ
2015 2286 2137 2346 ταῖς

553 2384 744 2452 ἐύχαῖς
772 2397 788 2412 ·
821 2380 944 2434 ἐπεὶ
981 2380 1234 2432 κάκεῖνον
1284 2378 1377 2431 τὸν
1415 2378 1484 2431 τὰ
1525 2379 1694 2448 μύρια
1727 2378 2013 2447 ὀφείλοντα
2045 2381 2137 2430 τά-

553 2475 742 2540 λαντα,
775 2474 913 2546 μετὰ
950 2473 1012 2526 τὸ
1055 2474 1387 2541 προσπεσεῖν
1419 2471 1645 2540 ἠλέησε,
1685 2469 1866 2520 καίτοι
1896 2487 1960 2536 γε
1990 2470 2137 2540 εῐρη-

553 2585 666 2632 ται,
714 2569 796 2622 ὅτι
840 2563 1328 2635 Σπλαγχνισθεὶς
1361 2563 1676 2617 ἀπέλυσεν
1697 2561 1912 2614 αὐτόν’
1944 2559 2037 2612 καὶ
2071 2561 2136 2629 τῇ

554 2657 833 2729 Χαναναία
861 2669 887 2698 α
920 2657 977 2710 δέ
1009 2655 1148 2727 μετά
1176 2653 1275 2724 τὴν
1305 2653 1504 2724 πολλὴν
1552 2651 1878 2722 προσεδρίαν
1919 2652 2137 2720 ἐκείνην

555 2750 648 2802 καὶ
677 2747 970 2818 καρτερίαν
994 2746 1117 2797 τότε
1148 2745 1442 2815 ἐχαρίσατο
1467 2742 1566 2812 τῆς
1595 2742 1865 2811 θυγατρὸς
1907 2741 2004 2812 τὴν
2034 2758 2138 2793 σω-

555 2838 770 2907 τηρίαν,
805 2835 982 2888 καίτοι
1011 2851 1075 2904 γε
1100 2837 1206 2889 ἀπὸ
1236 2834 1388 2886 ἐλέου
1415 2832 1586 2902 αὐτὴν
1608 2831 1834 2884 ἔσωσεν.
1871 2831 2003 2883 Ἀπὸ
2024 2829 2140 2882 τού-

555 2946 650 2984 του
676 2929 851 2981 τοίνυν
882 2928 1248 2998 μανθάνομεν,
1283 2926 1366 2981 ὅτι
1393 2925 1492 2978 κάν
1522 2923 1788 2977 ἐλεεῖσθαι
1827 2923 2136 2994 μέλλωμεν,

557 3020 739 3084 ἀξίους
776 3018 868 3071 τοῦ
910 3018 1062 3070 ἐλέου
1111 3018 1375 3086 πρότερον
1423 3017 1688 3088 παρέχειν
1723 3017 1870 3088 ἡμᾶς
1912 3017 2138 3078 ἑαυτοὺς

559 3113 683 3182 χρή.
719 3109 838 3163 Κᾶν
865 3109 973 3180 γὰρ
1009 3109 1155 3170 ἕλεος
1183 3104 1248 3180 ᾖ.
1269 3110 1393 3171 τοὺς
1423 3107 1606 3172 ἀξίους
1643 3107 1912 3180 ἐπιζητεῖο
1941 3108 2000 3159 οὐ
2030 3108 2138 3179 γὰρ

559 3201 744 3262 ἁπλῶς
773 3201 981 3253 ἔπεισιν
1013 3194 1209 3262 ἅπασι,
1238 3200 1332 3253 καὶ
1360 3201 1474 3262 τοῖς
1495 3198 1837 3272 ἀναισθήτως
1862 3198 2139 3269 διακειμέ-

560 3309 691 3353 νοις’
737 3292 1005 3360 Ἐλεήσω
1065 3291 1193 3362 γὰρ,
1235 3292 1423 3360 φησὶν,
1480 3291 1553 3343 ὃν
1598 3290 1675 3345 ἂν
1713 3290 1884 3357 ἐλεῶ,
1933 3291 2028 3345 καί
2065 3293 2141 3344 ol-

559 3386 870 3453 κτειρήσω,
912 3385 984 3438 ὃν
1022 3384 1098 3438 ἂν
1127 3384 1413 3450 οίκτείρω.
1446 3383 1588 3452 Ὅρα
1619 3383 1748 3450 γοῦν
1784 3386 1878 3438 καὶ
1905 3385 2139 3437 ἐνταῦθα

560 3478 611 3532 τί
659 3492 810 3546 φησιο
848 3475 1439 3543 Συνυπουργούντων
1466 3473 1565 3527 καί
1609 3473 1776 3543 ὑμῶν
1805 3473 1878 3542 τῇ
1911 3475 2135 3538 δεήσει.

559 3571 668 3622 Καὶ
692 3569 814 3622 οὔτε
833 3569 891 3621 τὺ
915 3569 1024 3621 πᾶν
1048 3567 1229 3629 αὐτοῖς
1254 3565 1472 3628 ἔδωκεν,
1499 3566 1585 3618 ῖνα
1615 3565 1689 3637 μὴ
1713 3566 1910 3629 αὐτοὺς
1933 3567 2134 3637 ἐπάρῃ,

559 3659 682 3711 οὒτε
716 3659 892 3728 πάντη
925 3656 1285 3727 ἠλλοτρίωσεν
1321 3657 1517 3718 αὐτοὺς
1553 3655 1646 3712 τοῦ
1687 3656 2136 3726 κατορθώματος,

561 3753 646 3803 ἵνα
671 3749 950 3821 π-ροτρέψῃ
979 3749 1073 3801 καὶ
1106 3746 1537 3818 προθυμοτέρους
1567 3746 1868 3819 ἐργάσηται
1897 3749 1989 3799 καὶ
2018 3764 2142 3800 συν-

561 3843 743 3912 αγάγῃ
799 3840 936 3911 πρὸς
982 3838 1248 3907 ἀλλήλους
1291 3837 1510 3901 αὐτούς.
1544 3838 1634 3890 Διὸ
1680 3837 1776 3890 καὶ
1821 3838 2025 3906 ἔλεγεν,
2056 3840 2138 3892 ὅτι

573 3935 730 3999 Ὑμῖν
751 3931 1074 4001 ἐχαρίσατό
1106 3947 1225 3998 μου
1257 3930 1370 3998 τὴν
1403 3929 1722 3996 σωτηρίαν.
1758 3930 1867 3982 Καὶ
1901 3929 2009 3998 γὰρ
2045 3931 2138 3983 καὶ

561 4023 762 4093 πλῆθος
795 4024 1123 4076 δυσωπεῖται
1165 4021 1426 4085 πολλάκις
1479 4023 1508 4076 6
1561 4021 1694 4081 Θεὸς
1745 4020 2004 4089 όμονοοῦν
2043 4021 2138 4074 καὶ

563 4112 886 4182 συμφωνοῦν
938 4115 1014 4176 είς
1049 4113 1239 4183 εὐχήν⁶
1281 4112 1358 4168 διὸ
1401 4113 1493 4165 καὶ
1543 4112 1680 4182 πρὸς
1711 4111 1804 4164 τὸν
1849 4114 2138 4184 προφήτην

559 4207 763 4274 ἔλεγεν·
801 4206 947 4274 Ἐγὼ
979 4207 1046 4258 δὲ
1080 4208 1151 4258 οὐ
1181 4206 1463 4273 φείσομαι
1492 4203 1601 4271 τῆς
1631 4206 1862 4271 πόλεως
1893 4208 2132 4274 ταύτης,

559 4301 629 4352 ἐν
666 4298 704 4364 ᾖ
733 4298 1079 4350 κατοικοῦσι
1105 4299 1360 4361 πλείους
1390 4296 1430 4363 ἢ
1462 4295 1691 4346 δώδεκα
1712 4297 2000 4363 μυριάδες
2030 4298 2135 4349 ἀνα

563 4389 840 4453 θρώπων;
869 4383 1000 4440 Εἶτα
1033 4388 1119 4438 ἵνα
1162 4387 1235 4456 μὴ
1271 4387 1522 4457 νομίσῃς,
1549 4387 1628 4436 ὅτι
1669 4387 1870 4455 πλῆθος
1906 4388 2136 4440 αἰδεῖται

564 4475 745 4538 μόνον,
777 4477 958 4543 φησίνο
1007 4477 1150 4530 Ἐὰν
1182 4471 1220 4544 ᾖ
1256 4478 1287 4528 ό
1319 4474 1564 4540 ἀριθμὸς
1607 4475 1711 4526 τοῦ
1758 4475 2005 4542 Ἰσραὴλ
2058 4477 2134 4539 ώς

559 4569 598 4634 ἡ
629 4565 820 4633 ἄμμος
853 4565 962 4629 τῆς
992 4565 1331 4631 θαλάσσης,
1367 4563 1434 4617 τὸ
1463 4564 1830 4632 κατιίλειμμα
1863 4567 2136 4632 σωθήσε-

558 4674 672 4711 ται.
710 4655 833 4718 Πῶς
866 4650 959 4709 οὖν
984 4654 1271 4718 Νινευῒτας
1293 4656 1532 4719 ἐσωσεν;
1563 4657 1766 4710 Ὅτιοὺ
1803 4655 2002 4724 πλῆθος
2043 4658 2137 4726 μό-

560 4765 649 4798 νον
691 4743 780 4815 ἦν,
816 4746 951 4799 ἀλλὰ
998 4744 1201 4815 πλῆθος
1248 4744 1384 4813 μετὰ
1423 4746 1651 4812 ἀρετῆς·
1691 4749 1983 4818 μετενόησε
2029 4748 2134 4819 γὰρ

560 4838 788 4900 ἕκαστος
815 4839 920 4889 ἀπὸ
946 4839 1044 4907 τῆς
1065 4836 1185 4892 ὁδοῦ
1214 4835 1376 4890 αὐτοῦ
1399 4836 1494 4904 τῆς
1520 4852 1652 4904 πονη
1662 4837 1780 4905 ρᾶς.
1812 4840 1921 4890 Καὶ
1949 4839 2136 4902 σώζων

560 4930 617 4982 δὲ
645 4930 839 4991 αὐτοὺς
872 4929 1077 4994 ἔλεγεν,
1106 4931 1188 4982 ὅτι
1227 4933 1347 4982 Οὐκ
1382 4930 1659 4996 ἔγνωσαν
1698 4928 1908 4990 δεξιὰν
1940 4932 1976 4998 ἢ
2007 4934 2135 4999 ἀρι-

560 5021 801 5090 στεράν.
843 5020 1004 5071 Ὅθεν
1033 5019 1210 5089 δῆλον,
1242 5021 1320 5071 ἔτι
1355 5023 1447 5071 καὶ
1496 5023 1562 5072 τὰ
1608 5020 1852 5090 πρότερα
1902 5019 1959 5083 ἐξ
2005 5024 2137 5088 ἀρε-

561 5115 707 5176 λείας
749 5112 947 5183 μᾶλλον
987 5112 1229 5174 ἔπταιον,
1263 5113 1294 5179 ἢ
1332 5114 1615 5181 πονηρίας·
1649 5112 1741 5164 καὶ
1773 5110 1952 5180 δῆλον,
1981 5115 2036 5178 ἐξ
2061 5109 2136 5164 ῶν

565 5201 972 5270 μετεϐάλλοντο,
998 5201 1193 5269 ὀλίγων
1222 5201 1479 5270 ῥημάτων
1508 5203 1862 5257 ἀκούσαντες.
1897 5201 1956 5251 Εἰ
1984 5201 2040 5254 δὲ
2079 5203 2137 5253 τὸ

559 5291 764 5343 δώδεκα
799 5292 1061 5361 μυριάδας
1093 5286 1232 5343 εἶναι
1283 5290 1440 5357 μόνον
1485 5290 1704 5360 ἴσχυσεν
1747 5289 1827 5350 είς
1864 5289 1924 5339 τὸ
1965 5289 2134 5341 σῶσαι

559 5383 776 5446 αὐτοὺς,
809 5382 860 5433 τί
891 5384 982 5434 καὶ
1016 5382 1125 5452 πρὸ
1144 5380 1335 5435 τούτου
1362 5382 1557 5445 αὐτοὺς
1593 5382 1830 5451 σωθῆναι
1859 5380 2132 5447 ὲκώλυσε;

560 5475 668 5525 Καὶ
699 5473 842 5536 τίνος
873 5472 1058 5524 ἕνεκεν
1089 5473 1190 5524 οὐκ
1229 5466 1350 5523 εἶπε
1383 5471 1517 5541 πρὸς
1552 5473 1737 5536 αὐτὸν,
1784 5470 1926 5539 Ἐγὼ
1964 5471 2020 5524 δέ
2075 5474 2134 5524 οὐ

559 5565 815 5635 φείσομαι
846 5564 940 5634 τῆς
982 5564 1186 5627 πόλεως
1227 5563 1430 5633 ταύτης
1474 5561 1574 5632 τῆς
1617 5565 1758 5618 οῦτω
1808 5566 2136 5637 μεταϐάλλοι

621 5810 642 5836 ⁸
675 5806 786 5866 Ἀει,
810 5807 893 5862 τήν
924 5803 1203 5854 Χαναναίαν.

2256 644 2552 718 μεταϐολή·
2601 645 2631 698 6
2659 644 2718 697 δὲ
2752 644 2985 716 ἀριθμὸς
3027 647 3123 702 καὶ
3168 648 3204 719 ή
3250 647 3501 718 ἀφέλεια,
3536 648 3710 718 ἄδηλα
3758 649 3838 720 τῷ

2251 738 2529 807 προφήτῃ.
2563 733 2838 789 Πάντοθεν
2864 734 3046 790 τοίνυν
3071 737 3268 802 αὐτοὺς
3297 738 3683 810 καταμαλάξαι
3712 739 3836 809 poc-

2251 827 2439 880 λεται·
2493 826 2669 898 ἰσχύει
2728 825 2838 898 γὰρ
2905 827 3002 880 καὶ
3060 828 3296 900 πλῆθος,
3355 831 3488 890 ὅταν
3540 831 3638 887 καὶ
3702 833 3834 903 ἁρε-

2251 921 2318 991 τὴ

2326 1030 2475 1107 [454]
2520 1031 2692 1087 Τοῦτο
2732 1033 2865 1102 γοῦν
2921 1035 3017 1088 καὶ
3051 1032 3287 1105 ἀλλαχοῦ
3331 1035 3482 1106 δηλοῖ
3524 1035 3763 1106 λέγουσα
3798 1039 3838 1107 ή

2250 1123 2462 1196 Γραφῄ·
2489 1125 2808 1194 Προσευχὴ
2836 1124 2906 1178 δὲ
2931 1121 3011 1195 ἦν
3032 1126 3286 1194 ἐκτενὴς
3306 1127 3429 1182 ὑπὸ
3456 1126 3570 1196 τῆς
3597 1128 3842 1196 Ἐκκληο

2249 1218 2393 1284 σίας
2443 1216 2596 1285 πρὸς
2632 1215 2740 1270 τὸν
2784 1217 2933 1272 Θεὸν
2963 1217 3243 1288 γινομένη
3294 1217 3446 1286 ὑπὲρ
3478 1215 3668 1274 αὑτοῦ
3691 1236 3707 1251 ο
3739 1219 3841 1274 καὶ

2247 1306 2501 1360 τοσοῦτον
2535 1306 2779 1377 ἴσχυσεν,
2804 1307 2901 1371 ὡς,
2933 1307 3340 1380 κεκλεισμένων
3365 1307 3472 1362 τῶν
3501 1307 3708 1380 θυρῶν,
3739 1310 3839 1362 καὶ

2249 1397 2348 1450 άλύ
2358 1415 2493 1450 σεων
2515 1397 2900 1468 ἐπικειμένων,
2921 1399 3015 1452 καὶ
3034 1397 3291 1467 φυλάκων
3306 1398 3649 1469 ἑκατέρωθεν
3663 1415 3841 1470 παρα·

2251 1487 2642 1555 καθευδόντων,
2679 1489 2971 1558 ἐξαγαγεῖν
3001 1490 3093 1543 τὸν
3123 1489 3447 1545 ’Δπόστολον
3469 1491 3564 1543 καὶ
3589 1489 3843 1546 ἀπαλλά-

2249 1582 2338 1648 ξαι
2393 1581 2611 1634 πάντων
2662 1581 2906 1636 ἐκείνων.
2948 1580 3088 1634 Ἀλλ’
3129 1583 3342 1654 ὥσπερ,
3389 1581 3594 1652 ἀρετῆς
3643 1579 3839 1652 οὔσης,

2251 1673 2396 1742 μέγα
2423 1673 2666 1726 δύναται·
2697 1671 2861 1737 οὕτω,
2895 1674 3098 1737 κακίας
3124 1672 3312 1743 οὔσης,
3335 1674 3488 1727 οὐδὲν
3521 1673 3734 1744 ὀνίνησι
3771 1673 3842 1726 τὺ

2249 1763 2475 1835 πλῆθος.
2509 1763 2618 1815 Καὶ
2647 1763 2756 1834 γὰρ
2798 1765 2845 1816 οἱ
2887 1764 3240 1834 Ἰσραηλῖται,
3275 1764 3402 1834 περὶ
3436 1758 3512 1819 ὧν
3538 1780 3726 1834 φησιν,
3753 1765 3839 1818 δτι

2247 1857 2274 1908 6
2306 1855 2538 1926 ἀριθμὸς
2564 1855 2742 1908 αὐτῶν
2767 1851 2834 1926 ἦν
2861 1855 2935 1918 ὼς
2965 1857 2997 1926 ἠ
3031 1855 3213 1925 άμμος
3241 1854 3343 1924 τῆς
3372 1854 3672 1927 θαλάσσης,
3695 1857 3842 1911 πάν-

2247 1961 2338 2006 τες
2367 1943 2666 1996 άπὼλοντω
2692 1943 2786 1997 καὶ
2831 1945 2880 1996 οί
2915 1944 3007 1996 ἐπὶ
3044 1942 3169 1996 Νῶε
3197 1943 3254 1996 δὲ
3282 1942 3466 1996 πολλοὶ
3493 1945 3588 1998 καὶ
3615 1945 3841 2016 ἄπειροι

2247 2029 2409 2102 ἦσαν,
2459 2032 2555 2083 καὶ
2617 2031 2769 2085 οὐδὲν
2822 2033 3020 2095 αὐτοὺς
3056 2029 3212 2086 τοῦτο
3246 2029 3424 2103 ῶνησε
3451 2047 3466 2062 ·
3509 2033 3636 2086 καθ’
3674 2031 3842 2086 ἐαυτδ

2249 2123 2357 2192 γάρ
2385 2122 2536 2174 οὐδὲν
2559 2121 2780 2174 δύναται
2812 2122 3038 2191 πλῆθος,
3064 2123 3178 2176 ἀλλ’
3209 2125 3268 2178 ἐν
3303 2123 3626 2195 προσθήκης
3653 2125 3834 2196 μέρει.

2250 2211 2648 2282 Σπουδάζωμεν
2674 2208 2767 2266 οὖν
2793 2213 3034 2266 συνιέναι
3065 2215 3124 2267 ἐν
3157 2217 3280 2278 ταῖς
3309 2215 3544 2286 δεήσεσι,
3574 2217 3668 2267 καὶ
3691 2215 3845 2286 ὑπὲρ

2247 2304 2494 2374 ἀλλήλων
2526 2304 2837 2373 εὐχώμεθα,
2873 2303 3126 2376 καθάπερ
3175 2305 3318 2378 ὑπὲρ
3364 2303 3474 2358 τῶν
3516 2304 3837 2359 ἀποστόλων

2248 2399 2467 2449 ἐκεῖνοι.
2501 2397 2613 2448 Καὶ
2639 2396 2747 2465 γάρ
2769 2395 2989 2466 ἐντολὴν
3013 2396 3356 2467 πληροῦμεν,
3386 2397 3482 2450 καὶ
3508 2397 3590 2460 είς
3609 2397 3837 2466 ἀγάπην

2248 2487 2603 2557 άλειφόμεθα·
2646 2487 2778 2538 ὅταν
2824 2488 2882 2540 δὲ
2925 2485 3149 2557 ἀγάπην
3181 2487 3340 2551 εῖπω,
3379 2485 3557 2540 πάντα
3589 2485 3737 2554 λέγω
3761 2486 3839 2541 τά.

2247 2577 2449 2646 ἀγαθά·
2483 2576 2575 2629 καὶ
2607 2576 2950 2646 εὐχαριστεῖν
2991 2576 3412 2647 σπουδαιότερον
3445 2575 3834 2647 μανθάνωμεν.

2249 2670 2312 2722 Ol
2351 2667 2460 2739 γὰρ
2492 2666 2633 2737 ὑπὲρ
2666 2665 2774 2718 τῶν
2809 2665 3108 2735 ἀλλοτρίων
3143 2665 3616 2736 εὐχαριστοῦντες,
3649 2666 3836 2738 πολλῷ

2251 2761 2450 2831 μᾶλλον
2481 2760 2618 2829 ὑπὲρ
2640 2758 2748 2811 τῶν
2784 2757 2952 2813 ἰδίων.
2975 2757 3147 2810 Τοῦτο
3172 2758 3268 2812 καὶ
3299 2761 3328 2811 6
3357 2757 3521 2810 Δαυῒδ
3543 2758 3718 2811 ἐποίει
3744 2759 3836 2812 λέ-

2247 2870 2379 2922 γων·
2439 2851 2830 2919 Μεγαλύνατε
2885 2849 2994 2901 τὸν
3049 2850 3274 2915 Κύριον
3330 2849 3453 2902 σὺν
3509 2848 3663 2918 ἐμοι,
3734 2849 3837 2904 καὶ

2248 2942 2587 3012 ὑψώσωμεν
2637 2939 2702 2991 τὸ
2757 2938 2946 3006 ὄνομα
2991 2937 3178 2991 αὑτοῦ
3219 2937 3318 2991 ἐπὶ
3359 2937 3426 2990 τὸ
3458 2937 3638 2992 αὐτόν
3677 2938 3842 2991 τοῦτο

2250 3035 2344 3087 καὶ
2384 3034 2411 3086 6
2451 3027 2773 3090 Ἀπόστολος
2806 3024 3083 3095 πανταχοῦ
3115 3025 3288 3096 (me?
3335 3025 3496 3079 τοῦτο
3545 3025 3641 3078 καὶ
3670 3027 3838 3097 ἡμεῖς

2250 3120 2636 3196 ἐργαζώμεθα,
2671 3119 2766 3172 καὶ
2812 3119 2891 3182 είς
2934 3117 3146 3180 πάντας
3184 3117 3278 3170 τοῦ
3307 3117 3444 3171 Θεοῦ
3474 3117 3573 3188 τὴν
3603 3117 3838 3186 εὐεργεο

2251 3213 2372 3267 σίαν
2414 3209 2756 3277 ἐκφέρωμεν,
2789 3207 2877 3259 ἴνα
2906 3205 3198 3266 κοινωνοὺς
3227 3203 3485 3274 λάδωμεν
3524 3205 3626 3276 τῆς
3666 3206 3840 3276 εὐφη-

2253 3302 2400 3370 μίας.
2444 3299 2506 3351 Εί
2557 3298 2667 3371 γὰρ
2707 3296 2858 3367 παρὰ
2891 3296 3199 3367 ,ἀνθρώπων
3231 3313 3284 3348 τι
3311 3295 3574 3358 παθόντες
3605 3294 3840 3363 ἀγαθὸν,

2248 3393 2377 3446 ὅταν
2418 3389 2874 3460 ἀνακηρύξωμεν,
2924 3385 3366 3458 προθυμοτέρους
3407 3385 3608 3448 αὐτοὺς
3647 3385 3843 3439 ποιοῦ-ν

2253 3499 2371 3556 μεν·
2405 3481 2590 3552 πολλῷ
2631 3481 2833 3552 μᾶλλον
2865 3479 2958 3532 τοῦ
2987 3478 3122 3532 Θεοῦ
3151 3478 3249 3542 τὰς
3285 3477 3611 3550 εὐεργεσίας
3635 3480 3841 3547 άναγο.

2251 3575 2523 3647 ρεύοντες,
2566 3575 2645 3636 είς
2687 3571 2908 3625 πλείονα
2941 3569 3103 3623 αὐτὸν
3137 3569 3559 3640 ἐπισπασόμεθα
3592 3568 3834 3624 εὔνοιαν.

2249 3668 2360 3720 Καὶ
2392 3668 2440 3719 εί
2483 3663 2633 3735 παρὰ
2657 3663 2961 3734 ἀνθρώπων
2990 3660 3464 3733 εὐεργετηθέντες,
3513 3662 3613 3716 καὶ
3640 3661 3838 3726 ἄλλους

2248 3756 2594 3827 διεγείρομεν
2642 3754 2724 3816 είς
2785 3753 2886 3823 τὴν
2949 3751 3238 3806 κοινωνίαν
3297 3751 3398 3820 τῆς
3456 3751 3836 3823 εὐχαριστίαςσ

2249 3848 2430 3916 πολλῷ
2470 3847 2669 3917 μᾶλλον
2698 3845 2777 3914 τῷ
2809 3843 2928 3913 Θεῷ
2966 3843 3195 3906 πολλοὺς
3241 3842 3539 3914 προσάγειν
3566 3842 3674 3914 χρή
3707 3845 3838 3909 τοὺς

2248 3938 2388 4008 ὑπὲρ
2425 3935 2583 4006 ἡμῶν
2617 3934 3136 4004 εὐχαριστήσοντας.
3173 3933 3236 3985 El
3270 3933 3379 4002 γάρ
3418 3931 3632 3995 Παῦλος
3673 3932 3836 3986 τοῦτο

2247 4033 2411 4092 ποιεῖ,
2447 4026 2717 4094 τοσαύτην
2748 4025 2885 4094 ἔχων
2917 4025 3014 4096 τὴν
3038 4023 3374 4094 παρρησίαν,
3404 4023 3587 4094 πολλῷ
3628 4023 3836 4096 μᾶλλον

2247 4123 2394 4192 ἡμᾶς
2419 4118 2717 4185 ἀναγκαῖον
2744 4114 2898 4168 τοῦτο
2927 4117 3122 4168 ποιεῖν.

2317 4253 2377 4298 ε’.
2409 4242 2826 4315 Παρακαλῶμεν
2843 4241 3020 4295 τοίνυν
3038 4240 3165 4305 τοὺς
3192 4242 3382 4309 ἁγίους
3407 4241 3546 4312 ὑπὲρ
3567 4242 3722 4313 ἡμῶν
3743 4243 3832 4294 εὐ-

2244 4339 2526 4408 χαριστεῖν
2547 4375 2561 4400 ,
2605 4333 2698 4387 καὶ
2727 4334 2883 4386 αὐτοὶ.
2921 4333 3062 4404 ὑπὲρ
3090 4333 3338 4402 ἀλλήλων
3369 4333 3527 4389 τοῦτο
3559 4333 3830 4402 ποιῶμεν.

2246 4429 2416 4483 Τοῦτο
2441 4429 2632 4499 ίερέων
2662 4427 2899 4496 μάλιστά
2928 4428 3044 4479 ἐστι
3074 4422 3428 4496 κατόρθωμα,
3457 4425 3644 4494 ἐπειδὴ
3673 4424 3832 4493 μέγι-

2247 4539 2370 4574 στον
2402 4519 2627 4587 ἀγαθόν.
2658 4519 2983 4588 Προσιόντες
3005 4520 3137 4588 γάρ,
3169 4517 3438 4587 πρότερον
3465 4516 3606 4583 ὑπὲρ
3629 4517 3727 4578 τῆς
3752 4516 3831 4567 οι-

2244 4629 2340 4663 κου
2352 4611 2519 4679 μένης
2553 4609 2648 4661 καὶ
2673 4607 2782 4658 τῶν
2805 4606 2998 4658 κοινῶν
3022 4603 3460 4673 εὐχαριστοῦμεν
3488 4603 3728 4672 ἀγαθῶν.
3764 4603 3833 4656 ει

2244 4703 2352 4770 γὰρ
2384 4701 2476 4753 καὶ
2511 4697 2691 4752 κοιναὶ
2719 4697 2776 4750 αί
2809 4696 3120 4767 εὐεργεσίαι
3150 4694 3245 4747 τοῦ
3280 4693 3439 4757 Θεοῦ,
3476 4693 3614 4750 ἀλλὰ
3643 4692 3736 4745 καὶ
3764 4693 3826 4744 σὺ

2244 4793 2298 4842 ὲν
2329 4792 2402 4858 τῷ
2428 4789 2593 4861 κοινῷ
2619 4788 2850 4858 ἐσώθης.
2879 4787 3040 4840 ’Ὥστε
3068 4786 3162 4839 καὶ
3187 4787 3329 4855 ὺπέρ
3349 4786 3449 4855 τῆς
3481 4785 3618 4847 ιδίας
3645 4783 3830 4853 κοινὴν

2244 4883 2482 4949 ὀφείλεις
2513 4885 2708 4952 χάριν,
2743 4881 2838 4934 καὶ
2871 4878 3011 4951 ὑπὲρ
3040 4879 3139 4949 τῆς
3179 4878 3364 4948 κοινῆς
3401 4873 3710 4939 ἰδιάζουσαν
3746 4873 3826 4926 δίη

2246 4991 2399 5034 καιος
2423 4973 2488 5025 ἂν
2515 4974 2631 5043 εἴης
2657 4975 2946 5044 ἀναφέρειν
2974 4971 3273 5041 εὐφημίαν.
3301 4967 3410 5022 Καὶ
3433 4966 3542 5036 γὰρ
3566 4965 3657 5017 τὸν
3678 4966 3829 5037 ἥλιον

2245 5065 2449 5132 ἀνῆψεν
2481 5065 2540 5116 οὐ
2583 5066 2667 5117 σοὶ
2703 5066 2869 5135 μόνῳ,
2906 5063 3043 5116 ἀλλὰ
3073 5064 3166 5116 καὶ
3198 5059 3276 5128 τῷ
3313 5056 3499 5125 κοινιῖν
3533 5055 3649 5108 ἀλλ’
3679 5058 3825 5128 ὅμως

2246 5161 2302 5209 ἐν
2332 5157 2408 5226 τῷ
2445 5156 2600 5228 μέρει
2630 5157 2690 5209 τὸ
2719 5157 2839 5208 ὅλον
2884 5156 3028 5224 ἔχεις
3048 5172 3060 5184 ο
3091 5152 3186 5204 καὶ
3219 5150 3323 5221 γάρ
3351 5147 3604 5213 τοσοῦτος
3637 5150 3825 5218 γέγονα

2244 5246 2329 5298 διά
2358 5247 2417 5298 τὸ
2447 5246 2645 5299 κοινόν
2676 5247 2766 5300 καὶ
2795 5247 2926 5317 ὁρᾷς
2958 5246 3020 5295 σὺ
3052 5241 3210 5310 μόνος
3240 5239 3518 5305 τοσοῦτον,
3539 5242 3664 5294 ὅσον
3691 5237 3825 5293 εἶδον

2248 5341 2447 5403 πάντες
2503 5339 2804 5409 ἄνθρωποι.
2841 5339 3004 5388 Ὠστε
3033 5333 3300 5403 τοσαύτην
3333 5333 3572 5402 ὀφείλεις
3603 5335 3821 5402 εὐχαρι-

2246 5433 2420 5492 στίαν,
2437 5433 2570 5502 ὅσην
2593 5432 2853 5490 ἅπαντες·
2873 5428 2967 5479 καὶ
2982 5427 3120 5496 ὑπὲρ
3141 5427 3248 5479 τῶν
3269 5426 3466 5480 κοινῶν
3487 5422 3825 5494 εὐχαριστεῖν

2245 5524 2310 5577 ἂν
2339 5525 2456 5594 εἴης
2480 5523 2707 5582 δίκαιος,
2741 5519 2836 5572 καὶ
2865 5518 2998 5588 ὑπὲρ
3035 5517 3132 5587 τῆς
3160 5518 3361 5588 ἐτέρων
3390 5516 3613 5586 ἀρετῆς.
3651 5507 3823 5563 Πολλὰ

2245 5617 2350 5683 γὰρ
2390 5615 2484 5667 καὶ
2527 5614 2594 5664 δι’
2642 5610 2833 5673 ἄλλους
2879 5613 3161 5681 πάσχομεν
3207 5608 3410 5670 καλῶς.
3461 5605 3574 5658 Καὶ
3622 5602 3725 5673 γάρ
3769 5601 3819 5651 εί

2243 5706 2376 5758 δέκα
2425 5705 2584 5772 μόνον
2630 5703 2689 5755 ἐν
2724 5703 2974 5766 Σοδόμοις
3015 5701 3322 5772 εὑρέθησαν
3349 5697 3581 5755 δίκαιοι,
3622 5693 3720 5745 οὐκ
3753 5688 3821 5742 ἂν

2247 5796 2486 5861 ἔπαθον,
2537 5792 2693 5866 [455]
2732 5795 2873 5866 άπερ
2922 5795 3139 5854 ἔπαθον.
3182 5793 3350 5844 Ὥστε·
3399 5787 3494 5840 καὶ
3546 5784 3682 5856 ὑπὲρ
3723 5780 3820 5853 τῆς
