4066 6348
185 391 291 450 ’597

180 511 342 560 ceret
373 519 390 556 :
421 498 711 561 eamdem
738 496 1011 563 videlicet,
1042 494 1096 550 id
1114 493 1217 565 ipsi
1229 508 1441 564 quoque
1464 506 1622 564 quam
1649 505 1771 561 gra—

183 594 459 650 tissimum
504 605 645 647 esse.
692 588 826 644 Nam
867 587 959 657 qui
1008 586 1128 641 haec
1154 583 1380 639 aliorum
1407 596 1570 639 causa
1596 580 1775 637 facere

182 681 592 747 consueverint,
618 679 791 735 multo
814 692 945 733 sane
963 676 1132 747 magis
1156 683 1384 743 utraque
1409 672 1526 729 haec
1551 670 1652 740 ipsi
1679 685 1773 725 sua

181 789 355 831 causa
385 770 688 845 praestaturi
713 778 855 825 sunt.
881 766 1187 838 Quinetiam
1212 779 1308 821 eos
1331 763 1400 819 ad
1421 761 1775 817 humilitatem

181 864 392 927 erudit,
419 872 579 933 atque
606 860 673 916 ad
701 859 1082 916 ferventiorem
1125 855 1406 925 caritatem
1447 854 1613 909 ducit.
1644 852 1777 907 Nam

182 971 313 1011 eum
336 955 474 1025 ipse,
505 953 597 1023 qui
626 960 707 1007 tot
733 951 973 1022 partibus
991 946 1274 1003 sublimior
1298 945 1405 1001 illis
1426 951 1563 1013 erat,
1589 958 1777 998 eorum

184 1048 446 1121 precibus
487 1045 715 1100 salutem
761 1058 821 1098 se
867 1048 1254 1111 consequutum
1277 1050 1398 1093 esse
1422 1077 1438 1104 ,
1471 1051 1534 1090 ac
1561 1042 1781 1105 propter

186 1142 434 1211 ipsorum
457 1137 736 1193 orationes
755 1133 1070 1189 beneﬁcium
1095 1130 1371 1200 accepisse
1412 1127 1591 1191 dicat,
1620 1126 1779 1182 velim

186 1242 372 1298 tecum
400 1239 635 1298 reputes,
664 1240 771 1298 quo
794 1239 888 1279 eos
905 1221 1086 1277 animo
1106 1234 1374 1292 quamque
1396 1218 1640 1273 modesto
1661 1231 1782 1271 esse

186 1312 499 1391 Oportebat.
555 1318 694 1387 Quin
752 1314 881 1370 illud
926 1329 1141 1384 quoque
1192 1308 1582 1373 animadverte,
1636 1308 1780 1378 quod

185 1414 407 1469 etiamsi
438 1412 579 1467 Deus
617 1407 985 1467 misericordia
1031 1412 1310 1476 permotus
1356 1401 1557 1472 aliquid
1601 1399 1780 1465 faciat,

189 1514 376 1560 tamen
403 1504 493 1558 hic
522 1514 734 1571 quoque
770 1498 1009 1568 precatio
1034 1497 1259 1551 multum
1289 1493 1584 1564 adiumenti
1607 1492 1779 1546 all'ert.

190 1596 411 1651 Etenim
430 1596 486 1650 in
513 1591 773 1664 principio
789 1591 1016 1645 salutem
1042 1603 1197 1643 suam
1228 1587 1320 1642 Dei
1349 1584 1785 1641 miserationibus

190 1694 472 1758 acceptam
501 1685 709 1750 retulit;
752 1683 891 1738 Deus
935 1683 1079 1749 enim
1127 1679 1543 1744 miscrationum,
1590 1677 1782 1746 inquit,

192 1796 287 1840 nos
316 1778 529 1848 eripuit;
554 1776 639 1830 hic
677 1781 855 1828 autem
883 1771 1129 1827 eamdem
1160 1771 1396 1840 ipsorum
1423 1782 1635 1839 quoque
1662 1782 1785 1835 pre-

191 1869 349 1922 cibus
391 1864 696 1936 adscripsit.
728 1863 861 1918 Nam
911 1862 1071 1917 etiam
1102 1861 1272 1922 illum,
1317 1858 1409 1929 qui
1461 1859 1782 1913 talentorum

191 1960 387 2015 decem
421 1957 587 2015 millia
616 1954 866 2017 debebat,
897 1962 1175 2023 postquam
1200 1950 1267 2005 ad
1299 1950 1466 2020 ipsius
1505 1946 1665 2018 pedes
1692 1962 1784 2001 ac-

192 2053 475 2118 cessisset,
510 2051 793 2107 miseratus
831 2054 915 2101 est
943 2061 957 2098 :
986 2053 1047 2099 et.
1065 2043 1248 2098 tamen
1272 2041 1469 2095 dictum
1497 2048 1601 2104 est,
1632 2037 1787 2091 Mise-

191 2142 423 2197 ricordia
471 2147 635 2194 motus
678 2137 867 2191 dimisit
895 2151 1030 2189 eum.
1070 2136 1244 2204 Atque
1292 2131 1420 2186 item
1469 2129 1787 2183 Chanauaetc

194 2243 320 2305 post
353 2232 573 2286 multam
603 2228 747 2284 illam
778 2224 1145 2279 assiduitatem
1188 2238 1250 2277 ac
1284 2220 1643 2280 tolerantiam.
1676 2228 1784 2270 tum

193 2325 435 2395 denique
478 2320 600 2374 ﬁlim
650 2319 879 2374 salutem
932 2314 1198 2371 concessit
1246 2311 1463 2380 (Matth.
1515 2310 1601 2364 15.
1651 2307 1785 2379 28):

193 2414 415 2471 etiamsi
443 2412 643 2479 alioqui
684 2405 1054 2464 misericordia
1096 2405 1285 2459 ductus
1321 2401 1421 2473 ipsi
1456 2401 1680 2457 salutem
1708 2410 1792 2454 at-

196 2507 406 2564 tulerit.
432 2506 509 2560 Ex
537 2518 643 2574 quo
668 2502 919 2559 nimirum
950 2498 1225 2564 discimus,
1256 2495 1499 2566 quamvis
1531 2496 1672 2549 Deus
1698 2493 1791 2546 mi-

196 2598 551 2657 sericordiam
594 2611 721 2667 erga
763 2609 862 2649 nos
904 2593 1238 2649 adhibiturus
1282 2590 1385 2655 sit,
1416 2590 1568 2643 nobis
1612 2597 1791 2643 tamen

198 2691 345 2749 istud
375 2691 524 2760 prius
554 2687 855 2742 faciendum
899 2700 1039 2747 esse,
1085 2694 1141 2737 ut
1183 2680 1553 2737 misericordia
1601 2680 1791 2749 dignos

200 2782 457 2852 nosipsos
487 2786 821 2848 praestemus.
852 2774 1105 2847 Quamvis
1132 2773 1276 2828 enim
1304 2768 1666 2825 misericordia
1698 2770 1788 2837 sit,

196 2874 399 2941 dignos
432 2879 609 2925 tamen
640 2866 864 2938 requirit
909 2885 921 2921 :
970 2880 1075 2919 non
1104 2864 1244 2918 enim
1278 2865 1481 2916 temere
1518 2860 1793 2930 quibusvis

196 2961 473 3031 obtingit,
539 2959 699 3013 etiam
756 2965 973 3026 stupore
1026 2952 1393 3010 laborantibus
1441 2968 1454 3005 :
1516 2950 1795 3009 Miserebor

198 3052 349 3106 enim
380 3091 394 3114 ,
454 3050 669 3117 inquit,
717 3048 862 3116 cujus
921 3044 1226 3106 miserebor;
1281 3052 1330 3094 et
1398 3041 1794 3095 misericordiam

198 3140 459 3209 praestabo
488 3141 553 3202 ei,
581 3138 663 3190 cui
692 3134 962 3189 miserebor
1002 3133 1193 3204 (Exod.
1222 3133 1311 3187 55.
1341 3132 1453 3201 l9).
1493 3131 1623 3184 Vide
1650 3131 1796 3199 quip-

199 3250 271 3303 pe
313 3231 567 3303 quidnam
597 3229 684 3288 hic
711 3244 921 3300 quoque
950 3227 1093 3281 dicat
1125 3244 1137 3277 :
1168 3225 1538 3290 Adiuvantibus
1585 3233 1632 3277 et
1658 3223 1794 3277 vobis

198 3328 256 3379 in
286 3326 538 3380 oratione.
583 3320 716 3377 Nam
748 3336 848 3376 nec
884 3329 1050 3374 totum
1080 3319 1209 3390 ipsis
1242 3317 1456 3381 tribuit,
1503 3330 1570 3369 ne
1607 3328 1795 3369 eorum

201 3420 419 3473 animos
444 3416 663 3479 efferat;
692 3430 793 3469 nec
822 3429 1013 3468 rursus
1032 3429 1125 3467 eos
1150 3411 1297 3465 omni
1335 3427 1400 3465 ex
1429 3418 1580 3479 parte
1609 3408 1675 3463 ab
1699 3408 1795 3461 hu-

198 3514 291 3582 jus
312 3511 557 3566 beneﬁcii
585 3509 740 3564 laude
768 3506 1055 3569 submovit,
1086 3517 1143 3561 ut
1163 3520 1257 3560 eos
1279 3504 1463 3558 incitet
1483 3503 1798 3558 alacriores-

203 3619 313 3673 que
342 3600 559 3665 efﬁciat,
594 3610 754 3671 atque
784 3600 924 3654 inter
946 3614 1002 3652 sc
1028 3597 1314 3655 devinciat.
1347 3594 1501 3651 Unde
1527 3596 1687 3649 etiam
1716 3593 1796 3648 di-

205 3698 401 3759 cebat,
427 3693 667 3749 Salutem
711 3707 882 3748 meam
929 3691 1079 3745 vobis
1119 3690 1357 3743 donavit.
1389 3688 1520 3743 Nam
1558 3702 1798 3757 persmpe

207 3800 425 3855 quoque
452 3766 597 3839 Deus
616 3782 766 3852 quasi
801 3782 1005 3851 pudore
1047 3789 1435 3843 commovetur,
1462 3793 1584 3832 cum
1613 3775 1761 3831 multi
1782 3806 1800 3815 -

208 3876 455 3935 tudinem
502 3872 566 3927 ad
615 3873 975 3942 precationem
1022 3868 1342 3925 concordem
1391 3878 1551 3938 atque
1579 3868 1797 3937 conspi—

208 3974 423 4021 rantem
443 3965 614 4020 cernit
645 3981 660 4019 :
691 3964 917 4033 ideoque
940 3963 1212 4031 prephet'e
1234 3960 1469 4024 dicebat,
1496 3960 1606 4029 Ego
1631 3969 1799 4013 autem

210 4076 315 4111 non
346 4072 556 4127 parcam
600 4056 717 4106 Imie
764 4055 951 4107 civitati
976 4095 990 4116 ,
1020 4054 1071 4106 in
1109 4069 1209 4122 qua
1240 4052 1464 4105 habitant
1494 4052 1609 4121 plus
1648 4067 1799 4118 quam

210 4159 417 4202 Centum
446 4145 621 4215 viginti
660 4145 822 4198 millia
852 4145 1113 4197 hominum
1135 4141 1308 4210 (Jonw
1343 4143 1397 4197 4.
1431 4142 1541 4211 ll).
1576 4140 1794 4204 Deinde,

212 4254 282 4293 ne
316 4247 468 4307 putes
495 4238 659 4289 Deum
684 4234 750 4289 ob
779 4234 1171 4288 multitudinem
1206 4233 1477 4288 dumtaxat
1504 4233 1568 4285 ad
1594 4233 1798 4287 miseri-

214 4328 455 4381 cordiam
493 4325 713 4391 inﬂecti,
746 4324 829 4378 his
857 4325 1031 4379 verbis
1056 4326 1222 4378 utitur
1252 4342 1264 4375 :
1294 4322 1355 4378 Si
1385 4324 1532 4393 fuerit
1562 4341 1799 4377 numerus

219 4416 385 4471 Israel
439 4425 695 4483 tamquam
747 4432 901 4469 arena
949 4417 1141 4479 maris,
1201 4415 1426 4482 reliquia:
1477 4416 1629 4469 salute
1681 4417 1798 4479 ﬁent

214 4508 370 4578 (lsai.
402 4505 489 4558 10.
511 4502 624 4578 22).
654 4506 753 4574 Qui
784 4505 978 4560 factum
1006 4505 1287 4574 estigitur,
1323 4516 1377 4557 ut
1401 4503 1661 4558 Ninivitas
1687 4520 1799 4558 ser—

214 4598 396 4654 varit?
426 4596 625 4667 Nempe
664 4600 787 4669 quia
830 4614 935 4652 non
985 4597 1268 4652 multitudo
1312 4597 1482 4650 solum
1530 4610 1665 4663 erat,
1706 4598 1796 4652 sed

214 4688 507 4745 multitudo
539 4692 731 4746 virtute
761 4691 983 4761 praedita
1013 4709 1025 4744 :
1056 4688 1422 4760 paenitentiam
1460 4689 1602 4743 enim
1636 4707 1798 4744 unus-

212 4784 447 4851 quisque
468 4779 592 4847 egit,
626 4789 678 4833 et
709 4796 737 4833 a
768 4782 847 4836 via
872 4795 966 4834 sua
991 4796 1149 4848 prava
1178 4778 1415 4833 recessit.
1444 4778 1618 4847 Atque
1639 4780 1798 4834 etiam

214 4873 353 4939 ipse,
395 4871 517 4923 dum
562 4870 785 4923 salutem
832 4871 962 4939 ipsis
1004 4870 1242 4931 afferret,
1276 4868 1453 4921 aiebat
1494 4886 1506 4920 :
1554 4868 1799 4922 Nesciunt

212 4965 339 5029 quid
390 4964 450 5014 sit
503 4961 630 5013 inter
678 4960 907 5013 dextram
952 4972 998 5014 et
1036 4962 1294 5014 sinistram
1324 4957 1469 5019 (Jou.
1516 4960 1549 5011 Ι.
1596 4958 1687 5030 c.).
1722 4959 1799 5013 Ex

213 5068 323 5123 quo
349 5053 686 5122 perSpicuum
707 5059 810 5111 est,
836 5065 929 5104 eos
953 5052 1002 5102 in
1025 5053 1199 5119 priora
1226 5056 1439 5117 peccata
1460 5049 1799 5118 simplicitate

214 5146 402 5217 potius
433 5155 589 5211 quam
613 5141 774 5196 animi
796 5146 1144 5211 perversitate
1184 5143 1361 5210 lapsos
1405 5139 1570 5194 fuisse
1596 5159 1609 5194 :
1641 5141 1799 5209 idque

217 5254 278 5292 ex
304 5250 377 5291 eo
403 5244 632 5300 constat,
655 5233 793 5304 quod
814 5232 996 5302 paucis
1021 5234 1195 5288 verbis
1218 5232 1412 5287 auditis
1432 5232 1498 5285 ad
1521 5233 1797 5288 meliorem

211 5337 453 5385 utentem
483 5340 542 5379 se
570 5334 903 5396 receperunt.
935 5324 1084 5391 Quod
1108 5326 1150 5378 si
1182 5326 1247 5380 ad
1273 5341 1365 5381 eos
1387 5325 1678 5380 servandos
1701 5328 1800 5382 hoc

213 5419 349 5472 satis
379 5415 569 5469 virium
596 5416 889 5481 habuisset,
911 5415 1052 5486 quod
1078 5426 1289 5471 centum
1318 5418 1499 5488 viginti
1524 5417 1798 5473 hominum

215 5512 384 5566 millia
433 5516 605 5571 erant,
651 5510 901 5577 quidnam
953 5509 1099 5578 prius
1148 5525 1360 5579 quoque
1415 5508 1794 5580 prohibuisset,

214 5604 345 5671 quin
375 5597 601 5653 salutem
630 5598 1088 5667 adipiscerentur?
1117 5598 1222 5653 Cur
1252 5601 1408 5669 igitur
1436 5617 1539 5653 non
1566 5600 1698 5653 dixit
1725 5601 1795 5662 ei,

217 5693 329 5760 ligo
358 5697 537 5744 autem
576 5702 680 5741 non
713 5703 924 5756 paream
966 5690 1161 5745 civitati
1207 5688 1331 5744 huic
1369 5691 1438 5744 ita
1485 5692 1795 5756 immutatae,

218 5781 313 5838 sed
348 5791 425 5837 tot
459 5778 622 5836 millia
651 5777 893 5850 profert?
919 5782 996 5837 Ex
1023 5781 1313 5839 abundanti
1345 5782 1449 5840 hoc
1474 5783 1600 5840 facit
1632 5802 1644 5838 :
1678 5800 1797 5839 nam

1250 380 1317 437 IN
1354 379 1567 437 EPIST.
1610 378 1650 434 ll
1716 375 1807 433 AU
1841 375 1998 432 COR.
2042 376 2271 434 llOMlL.
2312 378 2379 437 ll.

1896 492 2121 544 mutatio
2155 491 2370 563 quidem
2411 492 2692 550 manifesta
2730 504 2867 561 erat,
2911 512 3166 553 numerus
3202 508 3379 555 autem
3409 511 3477 557 et.

1880 580 2195 651 simplicitas
2241 583 2435 638 civium
2465 584 2742 655 propheta:
2773 586 2952 657 ignota
2994 599 3173 643 erant.
3219 577 3465 662 Undique

1883 670 2044 739 igitur
2060 686 2247 727 eorum
2266 672 2468 728 animos
2488 672 2730 730 emollire
2751 675 2930 731 studet
2950 695 2963 729 :
2983 688 3106 731 nam
3124 688 3235 735 tum
3258 680 3465 736 viribus

1884 763 2047 831 pollet
2073 764 2376 830 multitudo,
2405 781 2526 821 cum
2552 766 2719 821 virtus
2745 767 2963 836 insuper
2987 766 3212 823 accedit.

1956 852 2214 908 Orationis
2243 856 2336 909 vis.
2359 886 2431 897 -—
2459 857 2570 912 lloc
2608 858 2769 913 etiam
2797 858 2902 913 alio
2930 859 3048 921 loco
3083 858 3357 931 Scriptura
3384 854 3469 919 his

1885 944 2060 998 verbis
2091 944 2327 1001 declarat
2356 964 2368 999 :
2395 944 2574 1002 Oratio
2600 958 2768 1002 autem
2795 949 2943 1016 ﬁebat
2970 950 3078 1005 sine
3101 951 3470 1010 intermissione

1885 1035 1947 1089 ab
1981 1034 2206 1089 Ecclesia
2231 1036 2300 1091 ad
2328 1036 2489 1091 Deum
2517 1056 2608 1108 pro
2634 1057 2691 1094 eo
2721 1040 2874 1108 (Act.
2905 1040 2990 1097 η.
3018 1041 3088 1110 5)
3114 1060 3127 1095 :
3161 1026 3470 1115 tantamque

1885 1128 1991 1181 vim
2024 1128 2224 1193 habuit,
2250 1138 2309 1182 ut
2333 1130 2576 1199 quamvis
2599 1133 2763 1197 etiam
2794 1132 2936 1193 fores
2964 1133 3160 1188 clausae
3184 1118 3470 1198 essent,‘et

1887 1228 2087 1274 catenae
2117 1220 2413 1293 apostolum
2442 1221 2783 1291 stringerent,
2816 1226 3173 1297 custodesque
3205 1226 3471 1297 utrimque

1887 1310 1953 1365 ad
1977 1312 2141 1381 ipsius
2172 1314 2309 1367 latus
2338 1313 2654 1381 dormirent,
2689 1330 2811 1370 eum
2840 1325 3015 1376 tamen
3041 1321 3287 1379 eduxerit
3312 1329 3472 1395 atque

1889 1421 1954 1459 ex
1972 1405 2218 1460 omnibus
2241 1406 2344 1460 illis
2365 1404 2762 1463 difﬁcultatibus
2784 1409 3043 1465 liberarit.
3063 1410 3265 1468 Verum
3287 1430 3476 1486 quem-

1890 1497 2199 1563 admodum,
2231 1500 2274 1553 si
2304 1500 2473 1555 virtus
2503 1501 2662 1569 adsit,
2690 1517 2935 1571 magnam
2964 1504 3070 1559 vim
3100 1503 3262 1562 habet
3284 1507 3474 1563 multi-

1890 1591 2019 1644 tude
2051 1609 2064 1645 :
2096 1592 2162 1644 ita
2203 1592 2246 1645 si
2294 1592 2476 1647 vitium
2525 1593 2683 1657 adsit,
2738 1595 2933 1651 nullam
2977 1597 3257 1657 utilitatem
3297 1598 3472 1661 aﬁ'ert.

1891 1679 2167 1749 Siquidem
2212 1692 2266 1735 et
2310 1682 2586 1745 lsraelitac.
2624 1700 2757 1755 quos
2794 1702 2971 1743 arente
3001 1690 3164 1744 maris
3192 1705 3475 1746 numerum

1890 1770 2199 1839 adaequasse
2227 1772 2497 1841 Scriptura
2528 1774 2695 1829 refert
2714 1818 2728 1841 ,
2760 1792 2949 1834 omnes
2979 1768 3286 1848 perierunt;
3317 1793 3477 1853 atque

1891 1862 2047 1915 etiam
2077 1872 2315 1933 tempore
2339 1863 2448 1918 Noe
2471 1866 2738 1933 permulti,
2762 1869 2869 1923 imo
2891 1871 3154 1927 innumeri
3180 1882 3353 1941 erant,
3378 1890 3476 1930 nec

1894 1963 2069 2009 tamen
2098 1970 2191 2009 eos
2221 1956 2503 2026 quidquam
2538 1957 2792 2028 hocjuvit
2815 1974 2829 2013 :
2855 1962 2965 2015 sola
3002 1964 3144 2017 enim
3194 1967 3479 2025 multitudo

1891 2046 2022 2101 nihil
2056 2057 2248 2116 potest,
2276 2035 2456 2104 verum
2482 2050 2824 2105 tum-demum
2855 2067 2974 2105 cum
3004 2056 3330 2112 access-iouis
3358 2058 3479 2118 loco

1893 2148 1996 2192 est.
2048 2138 2243 2192 Demus
2273 2140 2430 2207 igitur
2455 2155 2672 2209 operam
2692 2182 2707 2206 ,
2740 2151 2795 2195 ut
2824 2142 2876 2195 in
2910 2143 3156 2210 precibus
3185 2158 3438 2202 coeamus
3457 2188 3476 2217 ,

1892 2229 1981 2281 alii
2013 2243 2108 2296 pro
2135 2228 2251 2283 aliis
2281 2245 2565 2299 precemur
2588 2272 2603 2297 ,
2636 2231 3080 2302 quemadmodum
3105 2233 3184 2289 illi
3219 2250 3315 2303 pro
3341 2250 3477 2305 apo-

1894 2320 2062 2372 stolis.
2095 2319 2183 2374 Sic
2208 2320 2350 2374 euim
2380 2332 2435 2376 et
2460 2322 2769 2377 mandatum
2796 2324 3100 2392 exlilemus,
3123 2332 3176 2379 et
3196 2324 3259 2378 ad
3286 2327 3480 2379 carita-

1898 2421 2001 2463 tem
2048 2410 2372 2466 incitamur:
2403 2427 2522 2466 cum
2572 2423 2751 2469 autem
2791 2415 3072 2470 caritatem
3116 2406 3270 2483 dico,
3298 2419 3478 2472 omnia

1894 2500 2031 2554 bona
2063 2499 2165 2555 hoc
2199 2502 2459 2557 vocabulo
2494 2505 2823 2575 complector
2852 2510 2868 2561 ξ
2900 2516 3059 2577 atque
3087 2507 3248 2565 etiam
3277 2507 3480 2579 majore

1894 2591 2073 2647 studio
2114 2593 2314 2663 gratias
2354 2609 2514 2664 agere
2554 2594 2846 2651 discamus.
2887 2597 3020 2652 Nam
3047 2600 3134 2671 qui
3166 2615 3263 2669 pro
3290 2601 3485 2657 alienis

1894 2684 2093 2753 gratias
2131 2684 2243 2740 Deo
2279 2696 2462 2755 agunt,
2489 2686 2657 2741 multo
2687 2687 2858 2757 magis
2898 2686 2949 2742 id
2989 2678 3218 2758 proauis
3254 2689 3477 2747 faciunt.

1860 2818 1865 2823 .
1895 2774 2009 2850 Hoc
2036 2776 2201 2833 David
2230 2794 2440 2849 quoque
2470 2780 2717 2847 faciebat,
2747 2796 2868 2838 cum
2898 2781 3123 2849 diceret,
3151 2782 3483 2857 Magniﬁcam

1897 2866 2173 2920 Dominum
2202 2886 2417 2936 mecum,
2441 2882 2487 2924 et
2510 2874 2791 2928 exaltemus
2815 2891 2993 2929 nomen
3021 2875 3130 2945 ejus
3168 2877 3221 2930 in
3256 2875 3482 2946 idipsttm

1898 2953 2067 3028 (Psal.
2095 2958 2183 3012 33.
2211 2958 2266 3029 4)
2300 2977 2315 3014 :
2344 2960 2445 3015 hoc
2469 2971 2525 3015 et
2550 2964 2823 3029 apostolus
2854 2965 3050 3034 passim
3072 2966 3348 3036 exposcit:
3379 2966 3482 3025 hoc

1897 3063 1997 3103 nos
2023 3048 2147 3103 item
2176 3048 2449 3117 faciamus,
2482 3061 2641 3122 atque
2666 3054 2804 3122 apud
2834 3070 3021 3109 omnes
3047 3057 3141 3112 Dei
3164 3058 3480 3114 beneﬁcium

1896 3139 2270 3209 prmdicemus,
2309 3150 2367 3195 ut
2406 3158 2496 3197 eos
2538 3142 2860 3199 laudationis
2907 3147 3081 3199 socios
3121 3162 3480 3205 assumamus.

1894 3230 2030 3286 Nam
2059 3232 2125 3298 si,
2156 3247 2278 3286 eum
2311 3234 2628 3289 beneficium
2655 3236 2873 3305 aliquod
2900 3238 2966 3292 ab
2997 3237 3301 3296 hominibus
3326 3256 3483 3299 acce-

1899 3327 2071 3396 pimus
2090 3334 2249 3396 atque
2271 3327 2321 3382 id
2340 3327 2688 3393 celebramus,
2704 3332 3060 3400 promptiores
3072 3347 3166 3388 eos
3182 3333 3247 3387 ad
3266 3332 3401 3389 bene
3414 3333 3483 3389 de

1899 3416 2053 3472 nobis
2080 3417 2397 3473 merendum
2428 3418 2702 3475 reddimus
2734 3437 2748 3474 :
2776 3422 3158 3495 multomagis,
3190 3423 3284 3479 Dei
3313 3424 3479 3482 bene-

1899 3509 2019 3566 ﬁcia
2050 3509 2422 3577 praedicantes,
2448 3510 2513 3565 ad
2545 3511 2800 3582 majorem
2842 3513 3267 3570 benevolentiam
3306 3508 3481 3589 ipsum

1901 3600 2251 3655 attrahemus.
2280 3601 2344 3654 Et
2370 3602 2435 3667 si,
2468 3617 2587 3656 cum
2618 3603 2934 3657 beneﬁcium
2964 3602 3176 3671 aliquod
3206 3604 3274 3657 ab
3306 3604 3480 3679 homi-

1902 3691 2059 3744 nihus
2085 3692 2400 3760 consequuti
2431 3708 2614 3746 sumus
2637 3734 2651 3758 ,
2684 3693 2749 3745 ad
2780 3694 2979 3763 gratias
3006 3694 3283 3748 uobiscum
3311 3710 3480 3767 agen-

1901 3779 1997 3833 dus
2028 3779 2161 3833 alios
2186 3780 2345 3833 etiam
2372 3782 2687 3847 excitamus,
2721 3783 2891 3837 multo
2922 3784 3161 3853 profecto
3190 3786 3357 3856 magis
3387 3801 3483 3839 uo-

1900 3868 1983 3923 bis
2022 3869 2312 3922 curaudum
2354 3881 2454 3936 est,
2485 3880 2541 3923 ut
2569 3872 2784 3938 multos,
2826 3873 2914 3943 qui
2953 3875 3153 3945 gratias
3191 3889 3288 3944 pro
3331 3876 3484 3931 uobis

1902 3967 2080 4029 agant,
2122 3959 2190 4013 ad
2236 3959 2401 4015 Deum
2448 3961 2812 4017 adhibeamus.
2859 3964 3099 4034 Cumque
3141 3962 3356 4027 Paulus,
3390 3970 3477 4034 qui

1898 4060 2103 4105 tantam
2148 4050 2392 4106 ﬁduciam
2439 4053 2733 4119 obtinebat,
2767 4053 2866 4107 hoc
2916 4055 3089 4120 faciat,
3125 4064 3270 4110 lauto
3314 4060 3481 4127 magis

1904 4141 2006 4195 hoc
2057 4156 2088 4193 a
2134 4142 2289 4195 nobis
2346 4142 2460 4196 fieri
2522 4158 2741 4200 necesse
2797 4154 2898 4197 est.

1975 4230 2027 4284 5.
2058 4227 2322 4292 Quocirca
2354 4236 2571 4281 sanctos
2610 4230 2755 4280 viros
2800 4227 2963 4279 etiam
2997 4233 3161 4294 atque
3184 4224 3345 4279 etiam
3378 4224 3478 4277 ob-

1908 4336 2202 4381 secremus,
2236 4326 2293 4371 ut
2322 4332 2420 4387 pro
2460 4317 2620 4370 nobis
2650 4316 2855 4383 gratias
2888 4324 3083 4383 agant,
3114 4324 3279 4383 atque
3310 4315 3475 4368 etiam

1905 4414 2005 4484 ipsi
2038 4428 2134 4481 pro
2161 4411 2316 4465 nobis
2346 4411 2446 4463 hoc
2472 4410 2701 4463 invicem
2741 4406 3028 4460 faciamus.
3069 4403 3218 4459 Istud
3246 4418 3477 4474 praeser-

1906 4506 2000 4557 tim
2044 4504 2385 4570 sacerdotum
2427 4517 2626 4556 munus
2655 4509 2757 4564 est,
2790 4508 2971 4569 utpote
3001 4498 3200 4551 bonum
3233 4494 3479 4550 omnium

1907 4597 2445 4665 praestantissimum.
2498 4596 2831 4647 Accedentes
2878 4592 3056 4652 enim,
3111 4588 3344 4655 primum
3381 4597 3481 4650 pro

1906 4691 2164 4742 universo
2184 4688 2313 4740 orbe
2332 4683 2817 4749 communibusque
2834 4676 3136 4731 commodis
3154 4674 3355 4744 gratias
3373 4672 3483 4741 agi-

1906 4795 2046 4832 mus.
2066 4778 2197 4830 Nam
2219 4776 2317 4829 etsi
2336 4772 2648 4827 communia
2664 4771 2752 4824 Dei
2772 4770 3030 4823 beneficia
3051 4779 3198 4833 sunt,
3220 4778 3399 4822 tamen
3422 4774 3482 4821 tu

1902 4880 2114 4935 quoque
2155 4867 2207 4919 in
2253 4865 2522 4919 communi
2552 4864 2777 4919 salutem
2802 4878 2862 4918 es
2892 4875 3275 4938 consequutus.
3304 4864 3489 4937 Itaque

1908 4967 2015 5011 tum
2032 4972 2128 5027 pro
2143 4959 2344 5027 privata
2358 4964 2446 5009 tua
2460 4971 2797 5011 communem
2810 4956 3098 5027 gratiarum
3111 4960 3372 5013 actionem
3395 4957 3485 5012 de-

1904 5049 2019 5113 bes,
2041 5058 2149 5103 tum
2172 5065 2266 5118 pro
2282 5051 2550 5103 communi
2570 5048 2831 5118 privatam
2850 5048 2961 5103 Deo
2982 5049 3193 5105 laudem
3214 5050 3308 5105 abs
3328 5060 3378 5104 te
3398 5049 3462 5104 of
3464 5080 3495 5093 --

1906 5140 2030 5195 ferri
2056 5155 2264 5208 acquum
2291 5139 2468 5194 fuerit.
2492 5140 2702 5194 Etenim
2722 5140 2889 5194 solem
2912 5154 3019 5193 non
3044 5140 3138 5194 tibi
3168 5141 3257 5195 uni
3286 5154 3489 5195 accen-

1906 5236 2001 5298 dit,
2018 5235 2112 5288 sed
2130 5234 2286 5287 etiam
2304 5232 2664 5286 communiter
2682 5231 2957 5295 omnibus;
2982 5240 3032 5283 et
3053 5240 3228 5285 tamen
3258 5232 3308 5286 in
3334 5242 3483 5301 parte

1907 5334 2075 5378 totum
2104 5323 2267 5377 habes
2295 5340 2307 5375 :
2341 5339 2462 5377 nam
2489 5323 2559 5377 ob
2578 5335 2916 5377 communem
2939 5320 3177 5375 omnium
3204 5321 3482 5378 utilitatem

1908 5425 2049 5469 tanta
2074 5414 2435 5484 magnitudine
2452 5425 2665 5470 creatus
2689 5422 2802 5478 est;
2833 5422 2886 5465 tu
2906 5422 3084 5467 tamen
3107 5415 3255 5469 solus
3279 5426 3484 5469 tantum

1905 5508 2076 5571 vides,
2110 5516 2362 5575 quantum
2403 5508 2632 5562 universi
2678 5506 2929 5561 mortales
2952 5506 3136 5561 videre
3161 5516 3376 5576 queant.
3406 5508 3486 5563 Ex

1907 5614 2012 5665 quo
2038 5595 2284 5661 efﬁcitur,
2318 5607 2375 5651 ut
2404 5608 2601 5652 tantam
2632 5597 2920 5665 gratiarum
2950 5582 3217 5651 actionem
3244 5596 3442 5652 debeas
3464 5638 3480 5664 ,

1906 5696 2155 5759 quantam
2184 5690 2453 5753 universi;
2495 5704 2559 5743 ac
2589 5696 2639 5743 te
2670 5697 2724 5743 et
2755 5702 2853 5757 pro
2876 5687 3252 5743 communibus
3276 5687 3483 5742 beneu-

1906 5782 2003 5837 ciis
2039 5777 2236 5851 gratias
2283 5794 2441 5851 agere
2488 5795 2583 5851 par
2618 5793 2721 5847 εει,
2763 5788 2817 5836 et
2859 5793 2955 5851 pro
2995 5777 3224 5835 aliorum
3266 5779 3479 5837 virtute.
