4568 6424
865 361 975 417 399

856 500 1045 554 Nullis
1100 501 1247 553 enim
1298 498 1460 554 etiam
1503 506 1722 569 propter
1770 498 1905 554 alios
1953 498 2230 555 beneﬁciis
2278 499 2450 554 afﬁci-

866 606 1008 644 mur.
1054 588 1263 643 Etenim
1290 589 1335 644 si
1365 589 1449 645 vel
1488 588 1675 646 decem
1706 590 1804 644 soli
1831 589 1961 659 justi
1998 588 2097 643 viri
2125 592 2177 644 in
2206 589 2456 645 Sodomis

869 682 1071 737 inventi
1101 681 1344 747 fuissent,
1374 697 1481 736 non
1512 682 1564 735 in
1594 696 1689 737 eas
1710 722 1726 748 ,
1756 696 1891 750 quas
1921 682 2273 750 pertulerunt,
2306 682 2454 737 cala-

869 775 1082 829 mitates
1108 774 1442 829 incidissent.
1475 772 1832 841 Quamobrem
1862 787 1959 843 pro
1985 772 2211 828 aliorum
2241 788 2455 843 quoque

867 866 1007 936 apud
1050 864 1221 920 Deum
1268 864 1511 918 libertate
1539 880 1604 919 ac
1632 863 1824 918 ﬁducia
1865 863 2062 934 gratias
2091 878 2309 934 agamus
2342 881 2353 916 :
2384 864 2456 917 si-

865 958 1079 1026 quidem
1121 957 1295 1025 prisca
1338 955 1424 1011 lex
1470 956 1584 1011 hinc
1629 964 1732 1023 est,
1760 964 1921 1026 atque
1944 956 2238 1026 antiquitus
2267 956 2318 1010 in
2354 955 2455 1011 Ee-

870 1046 1033 1102 clesia
1061 1045 1322 1102 instituta.
1351 1045 1440 1100 Sic
1470 1045 1666 1099 Paulus
1698 1060 1793 1115 pro
1819 1046 2105 1108 Romanis,
2138 1061 2233 1115 pro
2257 1044 2453 1100 Corin-

866 1135 996 1190 thiis
1016 1175 1033 1201 ,
1076 1150 1176 1204 pro
1214 1136 1462 1190 universo
1490 1136 1621 1191 orbe
1644 1135 1845 1205 gratias
1873 1138 2002 1206 agit.
2031 1136 2141 1192 Nec
2162 1152 2292 1192 vero
2325 1136 2453 1190 illud

866 1225 999 1279 mihi
1025 1224 1261 1281 dixeris:
1292 1225 1402 1280 Hoc
1434 1225 1749 1295 praeclarum
1779 1223 1982 1279 facinus
2006 1240 2183 1280 meum
2214 1241 2319 1278 non
2347 1234 2449 1278 est.

866 1317 1121 1384 Quamvis
1148 1318 1291 1373 enim
1323 1327 1473 1372 tuum
1501 1332 1605 1371 non
1637 1318 1741 1383 sit,
1774 1318 1852 1371 sie
1883 1332 2096 1387 quoque
2126 1327 2303 1371 tamen
2328 1333 2451 1386 gra-

891 1411 969 1463 ias
995 1422 1153 1478 agere
1178 1408 1362 1475 debes,
1387 1411 1529 1481 quod
1560 1410 1862 1465 membrum
1890 1421 2037 1465 tuum
2062 1411 2166 1466 tale
2190 1412 2280 1465 sit.
2306 1412 2453 1465 Alio-

865 1499 992 1567 quin
1022 1500 1182 1553 etiam
1214 1509 1367 1554 tuum
1398 1499 1527 1554 illud
1553 1499 1682 1554 facis
1704 1541 1718 1567 ,
1752 1516 1873 1555 cum
1906 1500 2091 1555 laudas
2118 1513 2172 1556 et
2212 1503 2261 1555 in
2299 1516 2451 1556 coro-

865 1606 1056 1644 narum
1109 1600 1316 1659 partem
1370 1591 1486 1660 ipse
1540 1592 1700 1646 etiam
1754 1594 1942 1659 venis,
1997 1602 2155 1663 atque
2206 1593 2450 1651 eamdem

862 1682 1089 1751 gratiam
1122 1683 1407 1752 percipies.

936 1770 1122 1826 Preces
1148 1788 1239 1841 pro
1264 1759 1648 1829 rateclmmenis.
1673 1804 1743 1815 —
1766 1774 1848 1830 0b
1875 1790 1992 1830 eam
2023 1790 2238 1830 causam
2263 1775 2452 1830 Eccle-

862 1864 958 1917 sia:
988 1864 1131 1935 leges
1150 1863 1217 1919 ad
1241 1864 1381 1920 hunc
1405 1867 1619 1921 modum
1643 1882 1829 1935 preces
1851 1866 1962 1921 ﬁeri
1985 1867 2171 1935 jubcnt
2197 1884 2209 1918 :
2235 1882 2339 1919 non
2361 1882 2453 1920 eas

863 1955 1141 2011 dumtaxat
1184 1973 1302 2026 quin
1344 1972 1443 2027 pro
1482 1957 1748 2021 ﬁdelibus,
1779 1958 1873 2012 sed
1902 1972 1993 2012 eas
2021 1959 2181 2013 etiam
2207 1974 2323 2028 qua:
2356 1974 2451 2027 pro

860 2049 1261 2104 catechumenis
1301 2048 1626 2104 adhibentur
1655 2067 1667 2102 :
1694 2049 1956 2119 siquidem
2008 2050 2091 2104 lex
2135 2050 2199 2104 ad
2248 2051 2453 2119 suppli-

860 2138 1090 2193 candum
1138 2152 1234 2205 pro
1277 2139 1379 2205 his,
1426 2140 1515 2209 qui
1566 2140 1800 2194 nondum
1854 2141 2042 2195 initiati
2087 2151 2232 2205 sunt,
2267 2141 2452 2195 ﬁdeles

859 2230 1076 2284 excitat.
1105 2228 1238 2283 Nam
1268 2244 1388 2284 cum
1417 2230 1676 2285 diaconus
1704 2231 1798 2293 ait,
1828 2229 1935 2284 Pro
1960 2230 2337 2285 cates/tumentis
2366 2230 2449 2282 in-

860 2331 992 2377 tente
1024 2339 1242 2389 oremus,
1285 2323 1415 2377 nihil
1458 2324 1601 2377 aliud
1650 2323 1795 2386 facit,
1842 2339 1997 2393 quam
2045 2333 2102 2379 ut
2146 2324 2448 2378 universam

859 2412 1098 2467 ﬁdelium
1130 2412 1525 2468 multitudinem
1565 2414 1631 2468 ad
1674 2430 1863 2483 preces
1900 2430 1996 2484 pro
2034 2414 2137 2470 illis
2177 2414 2451 2469 obeundas

859 2504 1075 2558 excitet.
1112 2504 1270 2573 Atqui
1301 2504 1463 2559 alieni
1493 2505 1671 2559 adhuc
1701 2514 1824 2559 sunt
1860 2504 2229 2560 catechumeni
2266 2523 2279 2559 :
2310 2520 2449 2560 non-

858 2597 987 2651 dum
1012 2595 1155 2651 enim
1188 2597 1399 2667 corpori
1441 2595 1637 2652 Christi
1678 2598 1822 2652 insiti
1860 2607 2007 2664 sunt,
2040 2614 2138 2652 nec
2168 2597 2453 2668 mysterio-

855 2700 979 2742 rum
1011 2688 1297 2757 participes
1322 2687 1518 2754 eﬂ’ecti,
1538 2704 1721 2743 verum
1744 2704 1774 2741 a
1798 2688 2059 2757 spirituali
2088 2703 2249 2757 grege
2273 2687 2450 2742 adhuc

859 2777 1037 2832 divisi.
1062 2777 1217 2845 Quod
1243 2778 1288 2833 si
1317 2793 1448 2849 ergo
1476 2793 1575 2849 pro
1602 2777 1685 2832 bis
1713 2778 1974 2833 orandum
1998 2787 2100 2844 est,
2130 2778 2299 2831 multo
2322 2792 2451 2833 sane
2478 2798 2479 2801 η

857 2871 1032 2941 magis
1062 2885 1161 2939 pro
1186 2871 1385 2926 nostris
1414 2870 1691 2925 membris.
1722 2868 1804 2925 0h
1835 2869 1993 2940 idque
2022 2870 2184 2925 etiam
2213 2870 2325 2934 ait,
2362 2866 2451 2923 ln-

860 2971 993 3015 teute
1020 2978 1243 3027 oremus,
1271 2976 1337 3016 ne
1367 2961 1618 3017 videlicet
1644 2978 1736 3017 eos
1766 2969 2035 3031 tamquam
2061 2961 2268 3015 alienos
2296 2959 2452 3015 abdi-

858 3066 953 3106 ces
971 3066 1035 3106 ac
1064 3052 1294 3120 rejicias.
1323 3069 1388 3107 ne
1412 3063 1680 3121 tamquam
1704 3052 2019 3122 peregrinos
2040 3067 2143 3105 non
2165 3065 2448 3122 agnoscas.

862 3143 1109 3198 Nondum
1139 3145 1283 3199 enim
1327 3145 1441 3214 lege
1478 3145 1772 3211 saucitam,
1803 3153 1961 3212 atque
1992 3158 2022 3197 a
2051 3142 2267 3199 Christo
2301 3144 2449 3198 inve-

859 3245 1000 3291 ctam
1037 3236 1401 3307 precationem
1444 3236 1676 3301 habent;
1724 3235 1962 3290 nondum
2001 3236 2221 3290 liberius
2260 3235 2447 3291 orandi

859 3334 1179 3396 potestatem
1224 3326 1365 3381 nacti
1411 3334 1561 3392 sunt,
1607 3325 1704 3381 sed
1751 3326 2000 3393 aliorum,
2040 3327 2131 3396 qui
2180 3326 2450 3397 mysteriis

860 3417 1053 3473 initiati
1081 3418 1211 3484 sint,
1234 3432 1336 3489 ope
1364 3418 1625 3488 indigent.
1653 3417 1869 3474 Etenim
1896 3427 2048 3475 extra
2071 3419 2336 3474 vestibula
2365 3434 2449 3475 re-

857 3510 943 3580 gia
973 3518 1137 3575 stant,
1168 3511 1432 3582 longeque
1471 3528 1499 3567 a
1542 3511 1710 3567 sacris
1752 3512 2008 3567 cancellis
2033 3530 2046 3564 :
2076 3527 2243 3582 eaque
2285 3512 2447 3567 etiam

859 3602 930 3657 de
968 3616 1150 3667 causa,
1181 3617 1302 3657 cum
1346 3604 1641 3660 tremendze
1684 3617 1875 3673 preces
1915 3602 2068 3667 ﬁunt,
2110 3604 2444 3673 ablegantur.

858 3692 977 3760 Quo
1007 3692 1086 3756 ﬁt,
1116 3702 1173 3747 ut
1202 3703 1253 3749 te
1277 3710 1490 3765 quoque
1516 3694 1763 3750 hortetur
1785 3736 1801 3758 .
1832 3702 1891 3748 ut
1916 3709 2013 3765 pro
2039 3694 2145 3749 illis
2173 3709 2318 3759 ores,
2340 3710 2448 3764 quo

859 3784 1097 3839 membra
1124 3793 1213 3839 tua
1238 3785 1388 3851 ﬁant,
1412 3800 1513 3841 nec
1532 3785 1647 3854 jam
1667 3785 1935 3855 peregrini
1957 3794 2118 3840 atoue
2138 3786 2295 3840 alieni
2318 3785 2445 3841 sint.

859 3875 995 3931 Illud
1017 3878 1161 3933 enim
1180 3919 1197 3944 ,
1232 3878 1475 3945 Oremus,
1509 3894 1615 3933 non
1646 3879 1712 3933 ad
1738 3876 2048 3933 sacerdotes
2080 3887 2285 3932 tantum
2306 3918 2322 3943 ,
2350 3877 2447 3932 sed

857 3968 1019 4022 etiam
1039 3967 1105 4023 ad
1132 3969 1384 4038 populum
1406 3977 1630 4038 spectat.
1653 3967 1784 4022 Nam
1806 3983 1927 4021 cum
1949 3968 2041 4033 ait,
2065 3966 2217 4021 Recte
2237 3977 2445 4036 stemus,

857 4074 1080 4123 oremus,
1108 4074 1298 4114 omnes
1328 4060 1395 4113 ad
1423 4058 1752 4128 precandum
1784 4059 2065 4124 hortatur;
2095 4074 2159 4114 ac
2184 4068 2294 4113 tum
2326 4074 2449 4129 pre-

856 4152 1122 4208 cationem
1152 4150 1457 4221 auspicans,
1482 4151 1578 4213 ait,
1605 4147 1671 4204 Ut
1699 4149 2190 4204 misericordissimus
2216 4167 2275 4203 ac
2300 4151 2449 4205 mise-

857 4253 999 4296 φατον
1030 4241 1164 4297 Deus
1189 4244 1443 4297 orationes
1469 4258 1644 4296 eorum
1665 4242 1926 4299 exaudiat.
1955 4242 2162 4297 Etenim
2188 4258 2255 4297 ne
2275 4243 2441 4308 dicas,

856 4334 995 4402 Quid
1018 4342 1100 4389 est
1119 4334 1261 4405 quod
1280 4335 1533 4389 oremus?
1560 4334 1719 4388 alieni
1739 4342 1885 4395 sunt,
1909 4334 2145 4387 nondum
2168 4335 2445 4388 nobiscum

859 4425 1129 4495 conjuncti
1178 4442 1191 4478 :
1239 4412 1380 4479 unde
1425 4424 1593 4477 Deum
1635 4437 1955 4492 permovere
2001 4423 2257 4492 possum?
2305 4423 2447 4480 unde

858 4532 982 4572 eum
1006 4517 1298 4581 adducere,
1330 4526 1385 4571 ut
1426 4515 1850 4571 misericordiam
1877 4530 1940 4571 ac
1969 4516 2179 4569 veniam
2207 4515 2313 4571 illis
2344 4517 2443 4570 im-

863 4608 1096 4675 pertiat't
1125 4622 1213 4670 ne,
1242 4608 1483 4675 inquam,
1506 4607 1621 4662 hinc
1648 4621 1897 4677 quaerens
1920 4606 2146 4670 litereas,
2170 4605 2290 4660 vide
2313 4621 2448 4675 quo-

860 4698 1020 4755 modo
1071 4696 1153 4751 his
1197 4694 1373 4751 verbis
1410 4695 1793 4751 dubitationem
1838 4704 1987 4751 tuam
2028 4696 2280 4752 discutiat
2324 4714 2337 4752 :
2378 4694 2447 4751 Ut

860 4790 1355 4855 misericordissima:
1382 4804 1445 4842 ac
1474 4789 1739 4845 miserator
1768 4785 1925 4841 Deus.
1957 4787 2205 4854 Audisti,
2240 4788 2447 4844 Miseri-

858 4882 1210 4939 cordissimus
1241 4882 1415 4939 Deus?
1441 4883 1703 4954 Perplexo
1719 4883 1831 4953 jam
1856 4881 2037 4937 animo
2063 4896 2184 4938 esse
2212 4880 2399 4937 desine
2428 4898 2443 4934 :

861 4974 1398 5031 utisericordissimus
1426 4978 1571 5029 enim
1601 4975 1725 5039 ille,
1755 4975 1991 5029 omnium
2014 5016 2029 5040 ,
2058 4974 2160 5029 hoc
2190 4983 2272 5029 est
2295 5015 2310 5039 ,
2339 4983 2444 5027 tam

860 5076 1200 5141 peccatorum
1231 5082 1390 5138 quam
1416 5065 1733 5133 amicorum,
1757 5065 2063 5120 miseretur.
2091 5065 2351 5132 Quocirca
2378 5081 2447 5121 ne

855 5161 1100 5227 dixeris,
1132 5160 1374 5229 Quonam
1414 5157 1576 5213 modo
1619 5172 1807 5213 eorum
1843 5172 2003 5212 causa
2046 5156 2212 5211 Deum
2250 5156 2446 5211 adibo?

858 5253 977 5324 ipse
1006 5252 1149 5307 enim
1173 5266 1358 5307 eorum
1388 5266 1574 5321 preces
1601 5249 1870 5306 exaudiet.
1896 5250 2147 5318 Quaenam
2167 5263 2325 5321 perm
2344 5249 2445 5302 alia

858 5342 1369 5400 catechumenorum
1386 5343 1620 5411 precatio
1647 5341 1826 5405 fuerit,
1845 5356 2002 5410 quam
2024 5352 2081 5396 ut
2110 5357 2175 5398 ne
2196 5340 2447 5396 catechu-

856 5436 1002 5490 meni
1044 5435 1332 5491 maneant?
1370 5433 1490 5489 Mox
1535 5432 1939 5505 supplicationis
1979 5449 2190 5504 quoque
2228 5433 2447 5489 modum

853 5527 1045 5583 dictat.
1090 5525 1343 5593 Quisnam
1373 5533 1551 5580 autem
1579 5526 1667 5582 ille
1694 5524 1817 5580 est?
1868 5523 1936 5579 Ut
1965 5526 2192 5579 cordium
2216 5525 2448 5597 ipsorum

855 5633 1008 5674 aures
1032 5617 1249 5687 aperiat.
1280 5616 1521 5673 Occluszn
1550 5618 1692 5671 enim
1721 5625 1777 5672 et
1804 5617 2066 5671 obturatas
2094 5615 2269 5671 adhuc
2296 5624 2443 5672 sunt.

860 5712 1035 5764 Aures
1066 5722 1228 5779 porro
1258 5724 1365 5761 non
1393 5715 1643 5763 externas
1674 5708 1865 5771 hasce,
1899 5707 1993 5763 sed
2021 5708 2215 5761 mentis
2242 5707 2445 5761 intelli-

858 5798 952 5870 git.
991 5799 1061 5856 Ut
1083 5800 1295 5855 audiant
1320 5815 1430 5869 qut:
1460 5798 1632 5855 oculus
1657 5814 1758 5853 non
1789 5798 1929 5867 vidit,
1949 5814 2035 5853 nec
2067 5798 2203 5853 auris
2228 5799 2441 5865 audivit,

1694 362 1750 417 S.
1788 358 2064 415 JOANNIS
2089 354 2563 415 CHRYSOSTOMI
2602 356 2917 416 AllCiilEP.
2960 358 3489 418 CONSTANTINOP.

4046 373 4145 426 του

2564 494 2652 533 nec
2689 478 2743 533 in
2782 495 2870 533 eor
2908 479 3125 533 hominis
3163 481 3518 535 ascenderunt.
3558 480 3743 552 Neque
3768 482 3915 538 enim
3952 498 4145 538 arcana

2561 572 2814 643 mysteria
2834 572 3136 639 audierunt,
3157 573 3250 628 sed
3275 574 3455 643 procul
3472 583 3525 629 et
3545 575 3755 631 eminus
3770 585 3938 631 stant.
3971 580 4142 648 Atque

2560 666 2722 719 etiam
2743 665 2788 720 si
2811 664 3053 729 audiant,
3073 665 3213 720 haud
3235 673 3412 721 tamen
3434 666 3561 735 quid
3581 667 3788 722 dicatur
3813 670 4139 739 intelligunt:

2559 761 2824 831 siquidem
2862 777 2924 817 ea
2967 762 3236 832 ingentem
3280 764 3623 835 sagacitatem
3651 775 3706 819 et
3736 766 4139 837 intelligentia

2561 855 2856 924 requirunt,
2887 872 2994 911 non
3035 866 3213 911 autem
3258 867 3320 913 ut
3362 857 3645 913 dumtaxat
3688 860 4014 922 audiantur;
4048 859 4139 927 ipsi

2559 963 2686 1003 vero
2711 948 2950 1004 internas
2971 964 3129 1004 aures
3153 950 3390 1006 nondum
3413 962 3757 1020 acceperunt.
3800 952 3959 1008 Unde
3984 952 4145 1005 etiam

2561 1037 2853 1109 prophetia:
2898 1040 3125 1110 gratiam
3173 1042 3304 1111 ipsis
3347 1050 3498 1112 optat
3527 1060 3544 1097 :
3570 1042 3836 1112 siquidem
3878 1041 4145 1113 propheta

2557 1129 2624 1182 ad
2656 1128 2798 1184 hunc
2824 1130 3040 1186 modum
3068 1132 3389 1202 loquebatur
3418 1148 3434 1187 :
3464 1131 3710 1188 Dominus
3746 1133 3834 1187 dat
3870 1134 4002 1187 mihi
4045 1134 4145 1186 titt-

2556 1238 2709 1291 guam
2728 1222 3004 1288 eruditam,
3034 1232 3091 1277 ut
3119 1225 3278 1277 sciam
3304 1224 3509 1296 quando
3537 1233 3763 1296 oporteat
3784 1226 4018 1294 proferre
4044 1239 4148 1278 aer-

2558 1330 2755 1367 monent
2787 1330 2805 1367 :
2827 1317 3063 1385 quoniam
3087 1316 3195 1386 ipse
3212 1318 3378 1385 aperit
3400 1333 3457 1372 os
3484 1333 3671 1380 meum,
3688 1317 3857 1386 posuit
3875 1332 3959 1370 me
3978 1332 4145 1381 mm,

2555 1407 2791 1475 apposuit
2815 1406 2943 1459 mihi
2960 1422 3134 1462 aurem
3159 1407 3442 1462 audientem
3470 1407 3623 1479 (lsai.
3648 1407 3737 1462 50.
3755 1407 3809 1461 4.
3840 1405 3917 1475 5).
3948 1406 4148 1473 Quem-

2555 1496 2843 1552 admodum
2864 1498 3006 1553 enim
3035 1499 3314 1569 propheta:
3341 1501 3446 1556 alio
3474 1500 3633 1555 modo
3657 1514 3722 1555 ac
3746 1499 3942 1569 reliqui
3972 1498 4147 1553 homi-

2558 1606 2654 1645 nes
2697 1590 3029 1646 audiebant:
3054 1591 3133 1646 sic
3178 1591 3350 1647 ﬁdelis
3391 1606 3604 1662 quoque
3640 1591 3747 1647 alio
3784 1580 3951 1645 modo
3986 1604 4145 1660 quam

2554 1680 2947 1737 eatechumeni.
2996 1682 3172 1751 Atque
3203 1680 3329 1737 hinc
3354 1682 3516 1737 etiam
3547 1682 3772 1737 docetur
3800 1680 4150 1736 mtecbunie-

2555 1788 2680 1839 nus,
2712 1788 2772 1828 se
2798 1773 2867 1828 ab
2895 1773 3207 1830 hominibus
3227 1773 3343 1830 hinc
3365 1789 3472 1830 non
3494 1774 3723 1841 discere,
3755 1789 3936 1845 neque
3960 1774 4148 1829 audire

2556 1864 2575 1929 (
2584 1862 2757 1919 Nolite
2781 1864 2925 1919 enim
2947 1905 2965 1930 ,
2998 1865 3202 1935 inquit,
3228 1868 3406 1921 vocare
3431 1866 3568 1921 vobis
3596 1867 3895 1937 magistrum
3928 1867 3988 1920 in
4015 1876 4151 1919 tem

2556 1952 2767 2024 [Matth
2795 1954 2888 2009 25.
2914 1954 3031 2025 8|),
3062 1955 3159 2009 sed
3191 1957 3493 2011 sublimitus
3521 1967 3682 2026 atque
3706 1972 3739 2012 e
3763 1956 3911 2011 caelis
3938 1975 3953 2010 :
3980 1956 4148 2010 Erunt

2555 2045 2697 2099 enim
2726 2062 2922 2111 omnes,
2948 2047 3118 2115 inquit
3144 2045 3444 2117 Scriptura,
3472 2047 3709 2101 docibiles
3736 2046 3837 2100 Dei
3867 2047 4027 2117 (Iani.
4056 2049 4146 2104 54.

2557 2142 2667 2210 l3).
2705 2144 2878 2213 Atque
2908 2142 3107 2198 idcirco
3131 2145 3223 2207 ait,
3256 2142 3324 2196 Et
3348 2143 3557 2197 instillet
3583 2144 3704 2213 ipsis
3727 2142 3932 2196 eadem
3959 2143 4147 2195 cerita-

2554 2237 2617 2288 tis
2643 2251 2662 2288 :
2690 2235 2762 2289 ita
2792 2245 2849 2288 ut
2879 2236 3088 2289 interne
3115 2236 3166 2290 in
3198 2237 3343 2305 ipsos
3369 2234 3693 2291 infundatur.
3714 2234 3957 2290 Necdum
3981 2235 4147 2299 enim,

2555 2335 2612 2378 ut
2634 2339 2731 2393 par
2756 2334 2859 2389 est,
2883 2324 3121 2379 veritatis
3147 2325 3366 2379 verbum
3391 2334 3606 2379 norunt.
3644 2323 3711 2379 Ut
3732 2325 3969 2379 timerent
3999 2342 4149 2378 sum

2554 2414 2608 2468 in
2653 2414 2779 2483 ipsis
2824 2414 3053 2467 seminat.
3100 2414 3170 2469 At
3209 2413 3312 2469 hoc
3352 2415 3573 2469 minime
3612 2414 3979 2470 sufﬁciualia
4004 2415 4150 2469 enim

2552 2507 2865 2561 ceciderunt
2889 2521 3045 2561 secus
3074 2507 3235 2571 viam,
3264 2506 3367 2562 alia
3396 2520 3559 2576 super
3586 2515 3785 2576 petras.

2626 2600 2681 2654 6.
2711 2598 2911 2653 Verum
2943 2613 3043 2653 nos
3072 2614 3179 2653 non
3218 2598 3285 2653 ad
3328 2602 3472 2654 hunc
3512 2598 3726 2655 modum
3766 2598 4146 2670 postulamus;

2552 2690 2647 2746 sed
2679 2690 2820 2744 sicut
2847 2700 3085 2744 aratrum
3130 2690 3183 2744 in
3228 2690 3405 2761 pingui
3450 2698 3590 2745 terra
3629 2690 3810 2745 sulcos
3844 2691 4047 2759 aperit,
4071 2690 4149 2745 sic

2550 2782 2713 2839 etiam
2745 2781 2832 2837 hic
2860 2791 2920 2836 ut
2950 2782 3041 2836 ﬁat
3070 2797 3382 2852 precamur,
3419 2797 3613 2853 nempe
3638 2790 3697 2836 ut
3730 2782 3782 2834 in
3809 2784 4015 2836 mentis
4041 2783 4149 2836 imo

2554 2872 2813 2939 innovati,
2837 2873 3041 2928 semina
3069 2872 3264 2942 injecta
3285 2873 3573 2941 excipiant,
3594 2888 3657 2927 ac
3677 2872 3934 2942 quidquid
3957 2872 4147 2928 audie-

2552 2965 2663 3019 rint
2694 2972 2944 3019 accurate
2981 2967 3269 3019 retineam.
3314 2963 3468 3019 Unde
3495 2965 3658 3019 etiam
3685 2965 3799 3019 hinc
3823 2965 3993 3020 verba
4017 2965 4146 3020 sub-

2554 3058 2721 3112 nectit
2742 3098 2758 3121 ,
2788 3056 2856 3110 Et
2884 3055 3146 3125 confirmet
3167 3056 3323 3125 ﬁdem
3342 3072 3488 3110 suam
3513 3056 3567 3109 in
3590 3056 3775 3109 animis
3803 3073 4004 3110 eorum.
4034 3057 4147 3112 Hoc

2551 3158 2637 3203 est
2673 3157 2733 3201 ut
2770 3162 2839 3202 ne
2877 3148 2931 3202 in
2971 3147 3255 3216 superﬁcie
3284 3147 3478 3217 jaceat,
3508 3147 3602 3202 sed
3626 3146 3733 3202 alte
3762 3146 3978 3202 radices
4004 3159 4143 3219 agat.

2557 3236 2627 3293 Ut
2654 3238 2872 3308 justitite
2902 3238 3216 3309 evangelium
3253 3239 3377 3309 ipsis
3414 3240 3617 3293 revetet.
3662 3238 3866 3307 Duplex
3896 3239 4145 3294 velamen

2553 3344 2674 3385 esse
2718 3329 2986 3395 ostendit;
3033 3330 3258 3384 alterum
3300 3330 3423 3401 quia
3468 3332 3665 3385 mentis
3712 3330 3953 3400 ipsorum
4001 3330 4148 3387 oculi

2551 3420 2721 3474 clausi
2748 3430 2894 3485 sunt,
2922 3419 3150 3475 alterum
3190 3419 3314 3489 quia
3351 3428 3596 3488 opertum
3646 3420 3752 3475 illis
3793 3428 3877 3475 est
3914 3436 4154 3491 evange-

2552 3511 2702 3565 lium.
2731 3512 2809 3566 Ac
2831 3508 3055 3576 proinde
3082 3511 3328 3579 superius
3355 3509 3571 3580 quidem
3594 3509 3825 3573 dicebat,
3854 3509 3923 3565 Ut
3941 3512 4153 3579 aperiat

2552 3620 2700 3657 aures
2729 3603 2896 3657 cordis
2922 3604 3181 3673 ipsorum;
3210 3600 3298 3658 hic
3333 3613 3542 3667 autem,
3579 3602 3649 3657 Ut
3678 3603 3897 3673 iustitia
3927 3618 4156 3674 euange-

2552 3696 2677 3748 lium
2696 3694 2819 3764 ipsis
2847 3694 3081 3764 detegat;
3108 3692 3212 3748 hoc
3234 3702 3338 3759 est,
3363 3702 3419 3748 ut
3440 3694 3713 3764 sapientes
3732 3707 3828 3749 eos
3846 3703 3899 3748 et
3918 3694 3986 3748 ad
4012 3695 4155 3749 illud

2556 3783 2926 3853 excipiendum
2972 3783 3195 3839 idoneos
3221 3784 3441 3851 reddat,
3472 3793 3633 3855 atque
3665 3793 3722 3839 ut
3748 3783 3938 3840 doceat
3964 3800 4038 3841 ac
4062 3802 4157 3840 se-

2552 3879 2695 3933 mina
2715 3864 2898 3948 jaciat.
2926 3877 3058 3932 Nam
3080 3876 3199 3932 sive
3228 3876 3406 3932 idonei
3430 3877 3559 3941 sint,
3579 3876 3713 3931 nihil
3736 3885 3910 3932 tamen
3932 3876 3987 3931 id
4012 3878 4157 3947 ipsis

2551 3970 2897 4027 emolumenti
2927 3968 3205 4033 attulerit,
3240 3968 3344 4022 nisi
3376 3969 3515 4023 Deus
3533 3968 3798 4023 detexerit
3821 3984 3833 4020 :
3858 3966 3969 4022 sive
4000 3968 4158 4024 Dem

2550 4060 2786 4131 detegat,
2818 4061 2915 4131 ipsi
2944 4070 3125 4116 autem
3145 4060 3429 4132 repudient
3446 4101 3464 4128 ,
3502 4061 3558 4115 in
3586 4060 3727 4116 idem
3754 4075 3938 4115 rursus
3960 4061 4154 4118 detri-

2553 4161 2790 4207 mentum
2822 4153 3186 4222 prolabentur.
3232 4151 3343 4208 Hac
3374 4152 3445 4207 de
3484 4167 3644 4207 causa
3675 4161 3949 4222 utrumque
3997 4156 4152 4223 peti-

2552 4260 2693 4309 mus,
2724 4259 2918 4312 nempe
2942 4254 3001 4297 nt
3024 4252 3080 4298 et
3104 4242 3267 4298 corda
3292 4243 3523 4313 aperiat,
3542 4252 3598 4299 et
3621 4244 3951 4314 evangelium
3990 4256 4159 4315 pate-

2552 4335 2731 4391 faciat.
2763 4334 2944 4405 Neque
2972 4334 3116 4389 enim
3138 4334 3183 4388 si
3209 4335 3415 4405 regium
3444 4333 3881 4403 paludamentum
3900 4337 4160 4407 superja-

2550 4434 2639 4482 cto
2684 4428 2805 4481 velo
2852 4434 3049 4481 tectum
3088 4425 3304 4495 jaceat,
3349 4425 3635 4495 quicquam
3675 4424 3780 4479 hoc
3816 4425 4157 4482 intuentium

2550 4518 2722 4571 oculis
2744 4516 3003 4586 profuerit
3026 4534 3039 4569 :
3062 4514 3512 4584 quemadmodum
3539 4529 3751 4569 rursum
3772 4513 3845 4567 nil
3864 4510 4155 4570 detectum

2552 4608 2685 4663 illud
2731 4623 2853 4663 esse
2890 4606 3127 4677 juverit,
3174 4606 3219 4661 si
3264 4606 3405 4660 oculi
3444 4606 3666 4661 minime
3694 4604 3927 4674 vigilent.
3954 4606 4155 4661 Ambo

2553 4713 2715 4768 porro
2740 4698 2839 4752 ista
2862 4697 3193 4767 contingent,
3222 4697 3267 4752 si
3296 4697 3372 4753 illi
3397 4697 3547 4767 prius
3566 4694 3851 4752 voluerint.
3868 4692 4155 4762 Quidnam

2551 4799 2729 4846 autem
2758 4798 2862 4855 est,
2888 4788 3111 4844 Iustitia
3132 4791 3485 4862 evangelium?
3507 4789 3773 4845 Nimirum
3796 4787 3934 4858 quod
3956 4787 4157 4858 illa-tos

2551 4883 2737 4939 efﬁcit.
2782 4880 2877 4936 His
2914 4882 3056 4937 enim
3088 4882 3267 4939 verbis
3292 4881 3541 4952 baptismi
3567 4879 3887 4935 desiderium
3918 4881 3971 4934 in
4010 4882 4157 4954 ipsis

2551 4977 2675 5038 eiet,
2701 4974 2827 5029 dum
2855 4974 2982 5028 illud
3005 4974 3263 5040 eatendit,
3280 4972 3614 5042 evangelium
3642 4984 3749 5026 non
3777 4980 3977 5027 tantum
4013 4988 4157 5041 μισ

2552 5075 2670 5120 cata
2700 5066 2998 5131 remittere,
3016 5066 3111 5121 sed
3128 5064 3389 5134 justitiam
3412 5062 3575 5117 etiam
3595 5060 3810 5119 adem.
3841 5060 3909 5118 Ut
3928 5062 4019 5116 det
4042 5065 4155 5119 illis

2551 5164 2767 5208 utentem
2785 5155 3030 5221 divinam,
3048 5164 3239 5209 castam
3258 5152 3632 5223 cogitationem,
3650 5153 3806 5207 vitam
3823 5168 3937 5205 cum
3955 5153 4155 5210 uirtus

2550 5247 2892 5316 eonjunctam.
2922 5248 3155 5303 Audiant
3181 5244 3297 5299 hil’C
3319 5242 3527 5309 ﬁdeles,
3548 5245 3639 5315 qui
3662 5245 3786 5299 vita.
3806 5242 4033 5311 hujusce
4058 5260 4157 5301 ue-

2551 5339 2710 5408 gotiis
2730 5338 2879 5393 afﬁxi
2900 5347 3043 5393 sunt.
3067 5336 3202 5391 Nam
3227 5334 3273 5389 si
3299 5334 3386 5400 iis,
3411 5335 3505 5405 qui
3526 5335 3751 5389 minime
3772 5332 3962 5387 initiati
3985 5344 4147 5399 sunt.

2554 5429 2670 5485 hinc
2699 5431 2972 5501 postulare
2998 5427 3250 5497 iubemur
3269 5468 3285 5493 ,
3315 5426 3715 5482 animadvertas
3740 5424 3923 5491 velim,
3952 5428 4152 5497 quales

2551 5524 2801 5591 nosipsos
2829 5535 2951 5577 esse
2974 5526 3221 5589 oporteat
3244 5518 3338 5589 qui
3364 5518 3481 5573 haec
3506 5516 3628 5571 aliis
3659 5515 3993 5583 postulamus
4024 5534 4041 5570 :
4075 5518 4144 5572 si-

2551 5612 2768 5681 quidem
2797 5612 2849 5671 ld
2871 5608 3139 5681 agendum
3163 5617 3247 5666 est
3264 5650 3278 5674 ,
3309 5620 3366 5664 ut
3395 5607 3503 5662 vita
3529 5612 3716 5661 nostra
3743 5608 4029 5677 evangelio
4061 5624 4143 5664 re

2552 5704 2830 5775 spondeat.
2866 5701 2985 5769 Quo
3008 5702 3169 5757 etiam
3198 5701 3275 5766 lit,
3305 5709 3364 5755 ut
3390 5696 3713 5768 precationis
3736 5696 3822 5752 lex
3844 5712 3872 5751 a
3897 5696 4147 5753 doctrina

2556 5797 2621 5851 ad
2653 5799 2813 5853 vitam
2845 5804 3097 5852 transeat.
3140 5794 3428 5862 Postquam
3458 5788 3601 5845 enim
3638 5786 3772 5842 dixit
3793 5826 3809 5850 ,
3843 5784 3911 5842 Ut
3941 5788 4151 5853 iustitia

4304 758 4309 1046 ι
