4060 6346
274 407 384 465 599

278 522 487 593 ἑτέρων
518 522 835 594 παρρησίας
866 520 1301 592 εὐχαριστῶμεν.
1334 520 1445 573 Καὶ
1482 519 1591 589 γὰρ
1627 519 1858 589 ἀρχαῖος

277 605 479 675 οὖτοςό
500 612 665 681 νόμος
681 612 850 675 ἐστὶν,
877 610 1084 665 ἀνωθεν
1106 612 1165 662 ὲν
1184 612 1252 678 τῇ
1296 607 1580 678 Εκκλησίᾳ
1600 623 1865 676 πεφυτευυ

282 702 463 773 μένος.
494 701 650 756 Οῦτω
677 704 771 755 καὶ
798 701 1006 763 Παῦλος
1036 702 1348 770 εὐχαριστεῖ
1373 699 1513 769 ὑπὲρ
1550 699 1861 767 Ῥωμαίων,

280 794 428 864 ὑπὲρ
452 793 777 865 Κορινθίων,
816 794 957 863 ὑπὲρ
987 792 1087 859 τῆς
1121 789 1448 859 οἰκουμένης
1478 788 1719 857 ἀπάσης.
1755 788 1867 840 Καὶ

284 883 364 954 μή
406 900 496 953 μοι
526 882 672 951 λέγε·
730 883 844 935 οὐκ
888 882 1034 934 ἔστιν
1073 881 1206 948 ἐμὸν
1250 878 1312 930 τὸ
1348 876 1705 947 κατόρθωμα.
1747 874 1867 928 Κᾶν

276 974 395 1045 γὰρ
429 973 505 1045 μὴ
536 974 628 1039 σὰν
657 970 714 1047 ᾗ,
751 974 846 1026 καὶ
883 972 1058 1036 οὕτως
1098 972 1440 1041 εὐχαριστεῖν
1478 969 1748 1037 ὀφείλεις,
1784 967 1865 1021 ὃτι

278 1065 349 1118 τὸ
375 1065 536 1135 μέλος
562 1083 656 1118 σου
687 1063 927 1117 τοιοῦτόν
952 1066 1119 1116 ἐστιν.
1160 1062 1372 1124 Ἀλλως
1398 1061 1455 1114 δὲ
1487 1062 1581 1114 καὶ⁵
1612 1060 1704 1113 σὸν
1732 1059 1867 1113 αὐτὸ

279 1158 459 1218 ποιεῖς
484 1153 572 1207 διά
592 1153 695 1223 τῆς
709 1152 1008 1223 εὐφημίας,
1022 1152 1116 1205 καὶ
1139 1149 1537 1214 κοινωνεῖςτῶν
1559 1148 1863 1218 στεφάνων,

279 1247 378 1299 καὶ
409 1245 554 1315 λήψῃ
590 1246 683 1297 καὶ
708 1244 871 1307 αὐτὸς
901 1244 961 1295 τὸ
991 1243 1259 1314 χάρισμα.

354 1336 455 1389 Διά
491 1351 573 1387 τοι
616 1332 776 1386 τοῦτο
798 1333 891 1387 καὶ
921 1332 1022 1396 τάς
1057 1332 1226 1402 εὐχὰς
1268 1330 1411 1384 οὕτω
1445 1328 1691 1399 γίνεσθαι
1712 1338 1732 1360 ⁸
1777 1345 1870 1382 κε·-

277 1425 533 1483 λεύουσιν
562 1426 612 1478 οί
650 1425 749 1494 τῆς
796 1422 1123 1492 Ἐκκλησίας
1147 1422 1323 1492 νόμοι,
1355 1423 1415 1475 οὐ
1446 1423 1545 1484 τὰς
1575 1421 1717 1491 ὐπὲρ
1757 1419 1866 1474 τῶν

278 1516 495 1570 πιστῶν
538 1516 720 1585 μόνον,
759 1510 896 1567 ἀλλά
923 1515 1018 1565 καὶ
1051 1512 1151 1575 τάς
1182 1513 1323 1584 ὑπὲρ
1360 1513 1469 1565 τῶν
1518 1510 1868 1581 κατηχουμέ-

276 1623 409 1659 νων.
450 1606 589 1667 Τούς
620 1603 729 1674 γὰρ
769 1604 992 1665 πιστοὺς
1026 1604 1054 1655 6
1090 1603 1253 1671 νόμος
1298 1602 1558 1672 διεγείρει
1604 1602 1741 1672 πρὸς
1769 1599 1868 1671 τὴν

277 1696 391 1750 τῶν
414 1697 681 1765 ἀμυήτων
711 1694 1013 1765 ἱκετηρίαν.
1049 1695 1219 1746 Ὅταν
1246 1694 1355 1764 γὰρ
1381 1694 1409 1745 6
1436 1694 1684 1755 διάκονος
1709 1692 1864 1762 λέγῃ,

287 1788 475 1857 ’Υπὲρ
506 1786 625 1841 τῶν
647 1790 1114 1855 κατηχουμένων
1127 1785 1381 1851 ἐκτενῶς
1413 1783 1737 1852 δεηθῶμεν,
1776 1783 1869 1835 οὐ-

275 1880 369 1933 δὲν
394 1879 527 1933 ἀλλο
556 1880 590 1947 ἦ
626 1878 719 1930 τὸν
750 1877 924 1947 δῆμον
954 1876 1171 1929 ἅπαντα
1214 1876 1323 1929 τῶν
1352 1875 1563 1928 πιστῶν
1598 1874 1871 1941 διανίστη-

279 1982 367 2019 σιν
405 1966 489 2026 είς
516 1966 615 2027 τάς
641 1965 780 2030 ὑπὲρ
808 1962 1033 2017 ἐκείνων
1061 1964 1249 2033 εὐχάς.
1283 1963 1479 2016 Καίτοι
1506 1980 1571 2032 γε
1597 1962 1869 2032 ἀλλότριοι

272 2055 418 2119 τέως
448 2055 586 2107 εἰσὶν
616 2056 664 2107 οἱ
698 2054 1122 2124 κατηχούμενοι.
1155 2054 1385 2109 Οὐδέπω
1414 2056 1522 2125 γὰρ
1548 2053 1644 2107 τοῦ
1678 2052 1870 2123 σώμα-

272 2148 372 2211 τός
404 2149 511 2201 είσι
541 2149 637 2201 τοῦ
670 2147 935 2216 Χριστοῦ,
968 2146 1183 2199 οὐδέπω
1217 2130 1533 2218 μυστηρίων
1572 2145 1872 2215 ἐκοινώνη-

276 2258 405 2304 σαν,
438 2239 555 2293 ἀλλ’
580 2239 664 2291 έτι
691 2237 1015 2308 διῃρημένοι
1044 2236 1378 2306 τυγχάνουσι
1404 2236 1508 2306 τῆς
1539 2237 1743 2306 ἀγέλης
1770 2236 1871 2304 τῆς

273 2330 683 2402 πνευματικῆς.
725 2330 790 2382 Εἰ
836 2329 893 2381 δὲ
942 2329 1084 2400 ὑπὲρ
1128 2328 1335 2382 τούτων
1388 2328 1726 2398 παρακαλεῖν
1768 2327 1869 2391 δεῖ,

273 2422 461 2493 πολλῷ
499 2422 699 2493 μᾶλλον
734 2421 874 2491 ὑπὲρ
918 2420 1026 2474 τῶν
1064 2418 1244 2491 μελῶν
1274 2419 1382 2471 τῶν
1419 2419 1727 2490 ἡμετέρων.
1771 2417 1873 2469 Διά

272 2514 393 2584 7&9
418 2514 579 2566 τοῦτο
610 2514 729 2576 καὶ,
773 2509 1089 2578 Ἐκτενῶς,
1120 2510 1279 2581 φησὶ,
1306 2509 1638 2577 δεηθῶμεν,
1670 2508 1759 2561 ἵνα
1797 2507 1872 2578 μὴ

272 2605 358 2668 ὡς
378 2604 698 2675 ἀλλοτρίους
724 2590 1062 2674 ἀποποιήσῃ,
1087 2601 1174 2654 ⁶ιῖνα
1198 2602 1274 2671 μὴ
1296 2601 1371 2663 ὡς
1398 2600 1580 2664 ξένους
1608 2600 1868 2671 ἀγνοήσῃ.

274 2694 509 2748 οὐδέπω
535 2691 648 2762 γὰρ
677 2692 843 2761 εὐχὴν
876 2691 1061 2759 έχουσι
1088 2690 1188 2759 τὴν
1222 2689 1619 2757 νενομισμένην
1639 2689 1734 2740 καὶ
1763 2690 1875 2739 εἰσ⁴

272 2784 593 2853 ενεχθεῖσαν
657 2782 764 2833 ὐπὸ
810 2780 903 2833 τοῦ
959 2778 1238 2849 Χριστοῦ·
1293 2778 1506 2831 οὐδέπω
1555 2780 1873 2847 παρρησίαν

274 2874 603 2944 κέκτηνται,
641 2872 759 2926 ἀλλ’
794 2870 998 2945 ἑτέρων
1030 2870 1241 2923 δέονται
1272 2869 1381 2922 τῶν
1416 2867 1875 2940 μυσταγωγηθέν-

272 2985 412 3023 των.
463 2967 612 3033 Ἔξω
662 2965 772 3037 7&9
818 2964 929 3017 τῶν
981 2960 1279 3033 βασιλικῶν
1325 2962 1625 3031 ἑστήκασιν
1663 2960 1870 3023 αὐλῶν,

276 3060 476 3131 πόρρω
497 3059 605 3111 τῶν
632 3057 795 3129 ἱερῶν
824 3054 1153 3127 περιεόλων.
1189 3051 1290 3105 Διά
1316 3052 1477 3105 τοῦτο
1505 3052 1602 3105 καὶ
1633 3052 1755 3104 ἀπε.
1837 3079 1876 3093 .-

275 3168 491 3214 νονται,
530 3150 641 3204 τῶν
675 3147 920 3219 φρικτῶν
956 3144 1134 3216 εὐχῶν
1164 3144 1391 3195 ἐκείνων
1418 3141 1743 3211 γινομένων.
1774 3140 1877 3195 Διά

275 3243 443 3297 τοῦτο
474 3242 571 3295 καὶ
620 3241 681 3292 σὲ
732 3238 1047 3308 παρακαλεῖ
1083 3233 1294 3287 δεῖσθαι
1345 3233 1485 3303 ὑπὲρ
1524 3231 1737 3297 αὐτῶν,
1788 3233 1877 3287 ἵνα

280 3333 428 3404 μέλη
465 3332 733 3398 γένωνται
777 3328 868 3395 σά,
904 3329 992 3381 ἵνα
1028 3327 1104 3399 μὴ
1145 3326 1228 3378 ἔτι
1261 3318 1365 3378 ὦσι
1405 3324 1547 3389 ξένοι
1590 3325 1686 3377 καὶ
1718 3324 1878 3393 uno.

271 3422 601 3494 τριωμένοι.
632 3422 707 3474 T6
739 3420 881 3494 7&9.
911 3418 1225 3488 Δεηθῶμεν
1246 3458 1260 3480 ,
1295 3418 1357 3471 οὐ
1400 3420 1515 3480 τοῖς
1546 3417 1754 3486 ἱερεῦσι
1787 3418 1877 3471 λέ-

275 3530 442 3583 γεται
475 3514 659 3586 μόνον,
687 3512 827 3567 ἀλλά
860 3513 953 3566 καὶ
981 3514 1094 3575 τοῖς
1124 3512 1205 3574 είς
1228 3511 1322 3563 τὸν
1346 3509 1475 3563 λαὸν
1502 3509 1871 3564 συντελοῦσιν.

279 3606 457 3658 Ὅταν
486 3603 597 3673 7&9
621 3604 771 3674 εῐπῃ,
787 3601 1027 3670 Στῶμεν
1050 3600 1275 3665 καλῶς,
1291 3599 1617 3669 δεηθῶμεν,
1642 3600 1874 3665 πάντας,

278 3696 364 3759 είς
395 3696 493 3766 τὴν
517 3695 684 3763 εὐχὴν
720 3692 1045 3760 παρακαλεῖ.
1078 3686 1212 3743 Εἶτα
1240 3692 1548 3760 ἀρχόμενος
1580 3694 1681 3760 τῆς
1709 3691 1878 3761 εὐχῆς

280 3802 483 3857 φησιν·
532 3786 671 3838 Ἵνα
715 3787 749 3837 ὀ
787 3781 1186 3849 πανελεήμων
1225 3783 1325 3834 καί
1374 3782 1691 3849 οἰκτίρμων
1733 3781 1877 3846 Θεὸς

278 3878 603 3950 ἐπακούσῃ
626 3874 749 3929 τῶν
769 3873 1043 3943 δεήσεων
1064 3872 1285 3928 αὐτῶν.
1312 3874 1435 3928 Ἵνα
1451 3872 1560 3943 7&9
1584 3874 1658 3944 μὴ
1685 3872 1873 3943 λέγῃς.

278 3970 352 4024 Τί
380 3968 709 4039 δεηθῶμεν;
758 3966 1193 4039 ὴλλοτριωμένοι
1213 3966 1379 4031 εἰσὶν,
1415 3965 1627 4019 οὐδέπω
1667 3983 1876 4037 συνημ-

286 4062 462 4134 μένοι·
513 4059 679 4114 πόθεν
726 4059 835 4129 ἔχω
866 4058 1188 4128 δυσωπῆσαι
1228 4058 1323 4111 τὸν
1353 4058 1518 4123 Θεόν;
1556 4057 1720 4111 πόθεν
1768 4057 1877 4127 έχω

282 4156 475 4207 πεῖσαι
506 4151 830 4223 μεταδοῦναι
863 4150 1015 4203 ἐλέου
1050 4150 1144 4203 καὶ
1174 4147 1508 4217 συγγνώμης
1538 4148 1757 4213 αὐτοῖς;
1788 4149 1876 4201 ἵνα

286 4245 367 4316 μὴ
419 4245 596 4298 ταῦτα
634 4243 813 4315 ζητῶν
858 4244 1109 4314 ἀπορῇς,
1160 4242 1263 4313 ὅρα
1305 4241 1425 4300 πῶς
1474 4259 1567 4294 σου
1614 4241 1731 4294 λύει
1780 4242 1876 4313 τὴν

282 4334 525 4405 ἀπορίαν
552 4333 747 4402 λέγων·
784 4334 911 4387 Ἵνα
934 4336 968 4386 ό
996 4333 1399 4400 πανελεήμων
1428 4330 1527 4384 καὶ
1556 4333 1879 4401 οἰκτίρμων

284 4425 458 4490 Θεός.
504 4425 812 4487 Ἤκουσας,
866 4422 1269 4491 Πανελεήμων
1316 4425 1496 4488 Θεός;
1535 4424 1627 4493 Μὴ
1681 4424 1877 4495 ἀπόρει

283 4517 498 4572 λοιπόν·
520 4518 549 4569 6
578 4515 688 4586 7&9
719 4514 1078 4584 πανελεήμων
1117 4514 1326 4576 πάντας
1364 4516 1507 4569 ἐλεεῖ
1526 4556 1540 4581 ,
1574 4516 1668 4568 καὶ
1696 4517 1879 4587 ἀμαρ-

280 4609 494 4672 τωλούς
516 4612 612 4661 καὶ
642 4608 849 4677 φίλους.
874 4607 966 4677 Μὴ
992 4605 1173 4659 τοίνυν
1196 4605 1345 4673 λέγε,
1370 4607 1495 4671 Πῶς
1525 4609 1665 4678 ὑπὲρ
1695 4609 1877 4663 αὐτῶν

285 4694 609 4766 προσέλθω;
663 4696 828 4757 αὐτὸς
870 4694 1168 4748 ὲπακούσει
1223 4695 1331 4748 τῶν
1378 4696 1617 4766 δεήσεων
1674 4698 1874 4753 αὐτῶν.

284 4788 487 4858 Δέησις
513 4787 570 4840 δὲ
596 4786 1024 4856 κατηχουμένων
1062 4786 1147 4847 τίς
1180 4787 1247 4838 ἂν
1278 4786 1386 4858 εἴη,
1422 4788 1538 4840 ἀλλ’
1568 4788 1603 4859 ἢ
1630 4789 1771 4842 ὥστε
1803 4792 1879 4863 μὴ

291 4881 478 4951 μεῖναι
508 4878 949 4948 κατηχουμένους
971 4896 984 4943 ;
1009 4874 1144 4931 Εἶτα
1165 4880 1257 4930 καὶ
1285 4879 1614 4952 ὑπαγορεύει
1635 4882 1736 4951 τῆς
1763 4884 1877 4935 ἱκε-

284 4969 490 5040 τηρίας
535 4968 627 5023 τδν
673 4969 894 5039 τρόπον.
938 4969 1033 5031 Τίς
1073 4969 1130 5021 δὲ
1189 4965 1344 5033 οὗτός
1388 4974 1567 5037 tactv;
1620 4974 1751 5027 Ἵνα
1794 4974 1877 5027 δι-

285 5058 507 5127 ανοιεῃ
530 5060 601 5111 τὰ
626 5053 748 5112 ὦτα
768 5058 887 5113 τῶν
913 5060 1170 5128 καρδιῶν
1201 5061 1418 5115 αὐτῶν.
1454 5063 1683 5132 Μέμυκε
1713 5066 1741 5104 δ
1770 5066 1878 5138 7&9

289 5147 397 5213 En,
429 5148 525 5200 καὶ
550 5146 832 5217 βέϐυσται.
864 5142 1004 5201 Ὦτα
1030 5148 1085 5200 δὲ
1115 5150 1176 5200 οὐ
1202 5150 1376 5203 ταῦτά
1403 5168 1536 5220 φησι
1567 5151 1634 5203 τά
1658 5151 1876 5217 ἔξωθεν,

290 5236 434 5290 ἀλλά
452 5237 520 5290 τὰ
538 5236 695 5311 [6'56]
714 5237 812 5307 τῆς
834 5238 1093 5299 διανοίας.
1117 5240 1296 5292 ’Ὥστε
1318 5240 1575 5297 ἀκοῦσαι
1601 5242 1638 5295 ἃ
1660 5246 1879 5312 ὀφθαλ-

285 5326 407 5397 μὸς
427 5330 540 5383 οὐκ
556 5325 700 5393 εῖδε,
721 5329 822 5383 καὶ
850 5325 960 5395 οὖς
981 5333 1091 5383 οὐκ
1117 5328 1347 5387 ἤκουσε
1393 5334 1489 5385 καὶ
1509 5333 1608 5385 ἐπὶ
1632 5336 1881 5404 καρδίαν

357 5471 388 5538 _‘
414 5468 526 5527 Με..
554 5473 942 5538 οὕτωτιρᾶσθαι.
970 5473 1119 5538 Edilj,
1142 5476 1269 5538 οὐτω
1291 5476 1517 5538 γίνεσθαι.
1546 5478 1665 5535 Quae
1687 5479 1751 5527 de
1776 5488 1880 5529 ωι-

358 5491 388 5499 -
415 5491 526 5527 ιιι..
554 5491 942 5532 ουτωτιμασυαι.
972 5491 1119 5531 nam,
1142 5491 1269 5522 ουτω
1324 5491 1517 5524 ινεσυαι.
1546 5491 1665 5535 ulla!
1687 5491 1751 5527 ae
1776 5491 1876 5529 ωι-

295 5528 593 5599 ρειιυῐιιεηίι
637 5532 718 5580 hic
738 5535 992 5599 dignatur,
1040 5535 1265 5584 uiuribus
1286 5491 1543 5598 Jisqu'wita
1578 5542 1809 5599 {operles
1829 5541 1876 5589 in

294 5591 591 5645 multane
616 5592 859 5645 generali.

358 5653 388 5693 ι
410 5653 521 5711 113.,
546 5652 734 5713 βέδυκε.
779 5652 929 5700 Error
965 5660 1105 5703 ortus
1136 5669 1200 5703 ex
1234 5657 1557 5706 similitudine
1600 5659 1875 5713 litterarum

296 5719 327 5778 β
354 5721 484 5780 ριρμ,
510 5713 561 5762 ιιι
604 5725 693 5761 ωε.
719 5713 1079 5780 ειῄ-οιῇυεᾱεω
1127 5726 1181 5769 ιιι
1233 5717 1401 5765 videre
1427 5720 1579 5780 possis
1616 5722 1665 5770 in
1690 5722 1875 5774 Palam»

293 5773 496 5842 'gnplila
514 5781 683 5826 nostra
706 5787 752 5837 ρ.
782 5773 895 5822 356.

1316 408 1383 463 ΙΝ
1424 407 1644 464 EPIST.
1679 407 1722 464 ll
1760 408 1854 463 AD
1894 410 2052 468 COR.
2124 413 2354 469 HOMIL.
2396 417 2456 473 ll.

3446 416 3549 481 ιοο

1971 522 2291 591 ἀνθρώπου
2317 528 2429 581 οὐκ
2456 529 2658 595 ἀνέϐη.
2693 527 2827 581 Οὐδὲ
2852 528 2959 597 γάρ
2986 529 3227 599 ἥκουσαν
3249 525 3358 579 τῶν
3382 528 3553 597 ἀπορ-

1972 613 2151 684 ρήτων
2208 619 2557 688 μυστηρίων,
2616 620 2753 673 ἀλλά
2799 620 2994 692 πόρῤω
3043 635 3149 670 που
3197 618 3293 671 καὶ
3334 619 3551 688 μακρὰν

1969 706 2253 777 ἑστήκασι.
2288 708 2406 762 Κᾶν
2435 711 2707 763 ἀκούσωσι
2736 711 2816 771 δὲ,
2847 711 2948 763 οὐκ
2976 712 3124 763 ίσασι
3155 710 3225 761 τά
3256 708 3546 777 λεγόμενα·

1971 798 2239 859 συνέσεως
2273 801 2382 870 γάρ
2412 802 2585 854 δεῖται
2619 801 2824 871 πολλῆς
2852 804 3056 864 ἐκεῖνα,
3095 801 3196 853 οὐκ
3231 799 3554 869 ἀκροάσεως

1971 888 2160 959 μόνης·
2198 890 2299 954 τὰς
2332 892 2481 945 ἔνδον
2516 894 2574 945 δὲ
2606 893 2821 946 οὐδέπω
2852 892 3065 962 ἔχουσιν
3097 892 3287 954 ἀκοάς.
3334 889 3427 942 Διὸ
3459 890 3555 942 καὶ

1970 984 2311 1054 προφητικὸν
2357 986 2543 1048 αὐτοῖς
2580 984 2872 1054 ἐπεύχεται
2913 984 3190 1053 χάρισμα·
3236 981 3331 1034 καὶ
3375 980 3486 1048 γὰρ
3524 978 3555 1029 6

1976 1074 2261 1143 προφήτης
2290 1073 2462 1137 οὕτως
2489 1073 2678 1142 ἔλεγεν
2699 1091 2714 1105 ·
2755 1075 2817 1127 '0
2846 1074 2991 1138 Θεὸς
3012 1071 3223 1125 δίδωσί
3239 1088 3338 1140 μοι
3355 1072 3557 1139 γλῶσς-

1970 1176 2095 1215 σαν
2113 1165 2407 1230 παιδείας,
2436 1165 2544 1219 τοῦ
2567 1164 2787 1233 γνῶναι
2814 1166 2998 1232 ἡνίκα
3022 1164 3111 1217 δεῖ
3129 1162 3320 1225 εἰπεῖν
3343 1162 3549 1229 λόγον·

1972 1250 2062 1305 ὅτι
2093 1253 2277 1318 αὐτὸς
2301 1255 2527 1325 ἀνοίγει
2549 1274 2669 1324 μου
2695 1258 2760 1309 τὸ
2790 1258 3005 1324 στόμα,
3037 1254 3221 1310 ἔδωκέ
3247 1272 3347 1323 μοι
3385 1252 3553 1320 πΡωῙυ

1971 1344 2311 1412 προσέθηκέ
2338 1364 2441 1414 μοι
2499 1347 2679 1400 ὠτίον
2722 1347 2967 1400 ἀκούειν
2986 1358 3032 1400 ο.
3086 1347 3301 1415 Ὥσπερ
3354 1344 3462 1413 γὰρ
3504 1344 3555 1395 οί

1973 1437 2255 1506 προφῆται
2293 1438 2467 1501 άλλως
2502 1440 2699 1508 ἤκουον
2744 1438 2895 1509 παρά
2945 1439 3075 1501 τοὺς
3107 1438 3369 1501 πολλοὺς,
3412 1436 3559 1490 οὕτω

1972 1529 2067 1580 καὶ
2094 1529 2145 1580 οί
2180 1529 2365 1583 πιστοὶ
2407 1530 2556 1601 παρά
2595 1530 2720 1593 τοὺς
2761 1529 3221 1600 κατηχουμένους.
3272 1526 3557 1597 Ἐντεῦθεν

1976 1618 2241 1687 μανθάνει
2283 1622 2375 1674 καὶ
2414 1623 2443 1673 6
2491 1623 2919 1692 κατηχούμενος,
2961 1624 3034 1694 μὴ
3070 1622 3219 1691 παρά
3251 1618 3557 1685 ἀνθρώπων

1972 1706 2148 1762 ταῦτα
2178 1710 2494 1779 μανθάνειν,
2527 1714 2662 1783 μηδὲ
2693 1714 2915 1767 ἀκούειν
2952 1713 3070 1785 (Μὴ
3102 1711 3401 1776 καλέσητε
3420 1710 3554 1780 γὰρ,

1975 1801 2133 1870 φησι,
2170 1800 2549 1857 διδάσκαλον
2578 1804 2675 1857 ἐπὶ
2720 1804 2832 1871 τῆς
2878 1805 3050 1875 γῆς),
3087 1803 3203 1858 ἀλλ’
3239 1802 3444 1857 ἀνωθεν
3493 1803 3560 1854 ὲκ

1972 1893 2083 1945 τῶν
2104 1894 2366 1966 οὐρανῶν·
2403 1896 2692 1949 Ἔσονται
2714 1897 2820 1969 7&9
2851 1895 3075 1963 πάντες
3096 1895 3360 1949 διδακτοὶ
3386 1893 3557 1949 Θεοῦ.

1974 1982 2067 2035 Διό
2098 2000 2261 2052 φησι·
2298 1984 2406 2037 Καὶ
2437 1986 2761 2055 κατηχήση
2794 1986 3016 2051 αὐτοὺς
3053 1984 3162 2037 τὸν
3212 1986 3400 2052 λόγον
3448 1982 3562 2050 τῆς

1975 2074 2284 2141 ἀληθείας·
2316 2076 2455 2129 ὥστε
2495 2076 2706 2130 ἔνδοθεν
2733 2077 2917 2139 αὐτοῖς
2948 2075 3281 2144 ὲνηχεῖσθαι.
3331 2075 3420 2137 Ὦς
3451 2073 3560 2144 7&9

1977 2164 2177 2219 εἰδέναι
2225 2168 2351 2237 χρὴ,
2384 2168 2595 2221 οὐδέπω
2626 2168 2773 2220 ῖσασι
2809 2167 2900 2219 τὸν
2930 2166 3091 2233 λόγον
3122 2166 3221 2235 τῆς
3274 2164 3558 2234 ἀληθείας.

1978 2257 2105 2310 Ἵνα
2127 2260 2501 2327 κατασπείρῃ
2519 2259 2627 2313 τὸν
2648 2260 2838 2328 φόϐον
2852 2259 3039 2313 αὐτοῦ
3064 2258 3135 2311 ἐν
3153 2257 3379 2322 αὐτοῖς.
3418 2256 3563 2308 Ἀλλ⁹

1976 2349 2078 2401 οὐκ
2108 2351 2273 2420 ἀρκεῖ
2298 2350 2460 2404 τοῦτο
2480 2370 2493 2382 ·
2522 2352 2590 2405 τά
2636 2351 2735 2422 μὲν
2760 2351 2868 2423 γὰρ
2904 2350 3068 2404 ἔπεσε
3100 2351 3251 2424 παρά
3279 2350 3380 2421 τὴν
3416 2349 3559 2412 ὁδὸν,

1974 2440 2043 2493 τά
2072 2441 2129 2493 δὲ
2161 2442 2252 2494 ἐπὶ
2282 2443 2381 2511 τῆς
2405 2444 2632 2514 πέτρας.
2889 2440 2892 2444 λ

2034 2539 2114 2596 ς’.
2133 2533 2273 2587 Ἀλλ’
2300 2534 2463 2604 ἡμεῖς
2482 2536 2581 2605 οὐχ
2609 2535 2783 2598 οὕτως
2813 2535 2968 2591 αῖτοῦ
2977 2552 3098 2607 μιν·
3130 2536 3244 2589 ἀλλ’
3262 2535 3455 2605 ὥσπερ
3469 2533 3566 2587 ἐπὶ

1976 2622 2081 2691 γῆς
2124 2623 2362 2693 λιπαρᾶς
2393 2626 2602 2694 ἀνοίγει
2635 2627 2733 2689 τάς
2764 2627 3008 2685 αὔλακας
3036 2627 3099 2679 τὸ
3129 2628 3381 2698 ἄροτρον,
3418 2625 3564 2680 οὕτω

1976 2717 2072 2769 καὶ
2098 2716 2332 2770 ἐνταῦθα
2373 2718 2627 2787 γενέσθαι
2666 2710 2935 2786 δεόμεθα,
2984 2718 3125 2772 ὥστε
3171 2719 3472 2781 νεωθέντας
3499 2719 3562 2770 ὲν

1976 2810 2054 2878 τῷ
2090 2810 2245 2880 βάθει
2278 2812 2378 2873 τῆς
2409 2811 2647 2874 διανοίας
2677 2810 2934 2877 δέξασθαι
2968 2811 3039 2863 τά
3084 2809 3562 2879 καταϐαλλόμενα,

1977 2896 2073 2948 καὶ
2125 2900 2235 2948 πᾶν
2274 2898 2412 2968 ὅπερ
2445 2899 2687 2965 ἥκουσαν
2727 2899 2870 2968 μετά
2916 2898 3202 2970 ἀκριϐείας
3244 2900 3561 2968 κατασχεῖν.

1976 2986 2068 3039 Διδ
2094 2988 2605 3057 καὶὲπάγειλέγων·
2631 2990 3055 3059 Καὶβεϐαιώσῃ
3077 2990 3193 3059 τὴν
3219 2991 3429 3046 πίστιν
3457 2992 3567 3045 αὐ-

1978 3080 2085 3135 τοῦ
2113 3081 2182 3135 ἐν
2229 3082 2359 3147 ταῖς
2394 3082 2690 3149 διανοίαις
2735 3084 2945 3140 αὐτοῦ.
2997 3085 3325 3149 Τουτέστιν,
3353 3085 3441 3139 ἶνα
3485 3086 3565 3155 μὴ
3618 3111 3623 3117 τ

1976 3174 2307 3245 ὲξεπιπολῆς
2348 3175 2569 3247 κέηται,
2599 3175 2717 3229 ἀλλ’
2747 3174 2837 3228 ἵνα
2874 3174 3017 3228 κατά
3058 3174 3259 3244 βάθους
3297 3175 3436 3247 βάλῃ
3466 3175 3568 3245 τὴν

1981 3265 2156 3334 ῥίζαν.
2188 3267 2322 3320 Ἵνα
2348 3266 2719 3334 ἀποκαλύψῃ
2752 3263 2957 3330 αὐτοῖς
2980 3265 3047 3317 τὸ
3076 3265 3433 3333 εὐαγγέλιον
3451 3264 3568 3332 τῆς

1978 3354 2397 3424 δικαιοσύνης.
2432 3356 2684 3410 Δείκνυσι
2717 3354 2940 3410 διπλοῦν
2968 3354 3030 3408 τὸ
3055 3354 3344 3425 κάλυμμα·
3371 3355 3433 3407 τὸ
3465 3356 3567 3425 μὲν

1979 3445 2071 3499 διά
2104 3446 2166 3499 τὸ
2202 3447 2507 3517 μεμυκέναι
2554 3446 2739 3500 αὐτῶν
2778 3446 2906 3509 τοὺς
2950 3444 3267 3515 ὀφθαλμοὺς
3304 3444 3407 3514 τῆς
3443 3442 3566 3498 δια-

1982 3538 2153 3599 νοίας,
2183 3537 2243 3588 τὸ
2265 3536 2322 3589 δὲ
2349 3537 2438 3590 διά
2466 3537 2527 3591 τὸ
2556 3537 2902 3606 κεκαλύφθαι
2929 3538 3115 3600 αὐτοῖς
3136 3535 3200 3589 τὸ
3221 3536 3563 3604 εὐαγγέλιον.

1981 3626 2075 3679 Διὸ
2110 3625 2368 3697 ἀνωτέρω
2423 3627 2521 3696 μὲν
2566 3626 2771 3695 ἔλεγεν·
2826 3626 2964 3680 Ἵνα
3013 3625 3289 3694 διανοίεῃ
3331 3628 3404 3679 τὰ
3445 3620 3568 3680 ὦτα

1980 3717 2101 3771 τῶν
2132 3715 2392 3785 καρδιῶν
2419 3716 2636 3771 αὐτῶν·
2669 3716 2907 3771 ἐνταῦθα
2933 3718 3013 3779 δὲ,
3047 3718 3172 3770 Ἵνα
3193 3717 3567 3786 ἀποκαλύψῃ

1980 3808 2187 3873 αὐτοῖς
2208 3808 2276 3860 τὸ
2306 3807 2660 3879 εὐαγγέλιον
2685 3807 2791 3875 τῆς
2821 3808 3235 3874 δικαιοσύνης·
3261 3807 3564 3872 τουτέστιν,

1982 3899 2071 3953 ἴνα
2112 3899 2208 3953 καὶ
2254 3900 2452 3962 αὐτοὺς
2505 3900 2701 3967 σοφοὺς
2745 3899 3049 3968 ἐργάσηται
3085 3900 3181 3953 καὶ
3222 3891 3567 3969 ἐπιτηδείους

1984 3992 2121 4062 πρὸς
2158 3990 2446 4061 ὑποδοχὴν,
2493 3992 2586 4044 καὶ
2632 3992 2719 4043 ἴνα
2772 3991 2981 4061 διδάξῃ,
3031 3991 3127 4044 καὶ¹
3166 3990 3454 4062 καταδάλῃ
3495 3990 3567 4044 τὰ

1986 4086 2298 4156 σπέρματα.
2334 4085 2433 4137 ’Ἂν
2458 4100 2518 4136 τε
2542 4084 2652 4152 γάρ
2677 4082 2971 4152 ἐπιτήδειοι
2996 4076 3153 4145 ὦσιν,
3173 4081 3325 4134 οὐδὲν
3348 4080 3563 4149 ὄφελος,

1984 4174 2077 4228 τοῦ
2112 4174 2249 4227 Θεοῦ
2298 4175 2374 4244 μὴ
2406 4174 2865 4237 έκκαλύπτοντος·
2900 4173 2967 4226 ἀν
3005 4191 3063 4225 τε
3098 4172 3448 4245 ἀποκαλύψῃ.
3488 4172 3565 4243 μὴ

1982 4265 2242 4329 δέξωνται
2276 4265 2354 4328 δὲ,
2386 4266 2549 4319 πάλιν
2573 4267 2654 4328 είς
2678 4265 2740 4318 τὸ
2766 4264 2900 4318 αὐτὸ
2930 4266 2963 4334 ή
2989 4264 3162 4333 ζημία
3196 4264 3562 4333 περιίσταται.

1983 4359 2081 4411 Διά
2120 4356 2282 4411 τοῦτο
2324 4358 2614 4429 ἀμφότερα
2648 4356 2932 4427 αἰτοῦμεν,
2976 4355 3064 4407 ῖνα
3108 4354 3203 4407 καὶ
3236 4354 3421 4424 ἀνοίξῃ
3465 4353 3568 4415 τὰς

1984 4452 2233 4524 καρδίας,
2258 4451 2353 4504 καὶ
2376 4448 2707 4520 ἀποκαλύψῃ
2736 4449 2798 4501 τὸ
2824 4445 3163 4515 εὐαγγέλιον.
3193 4444 3327 4496 Οὐδὲ
3356 4443 3487 4512 7&9,
3517 4445 3567 4496 εί

1985 4545 2189 4614 κόσμος
2212 4542 2391 4597 κέοιτο
2418 4539 2696 4613 βασιλικὸς
2720 4537 2929 4592 ἀνωθεν
2951 4536 3389 4607 κεκαλυμμένος,
3413 4534 3567 4586 ἔσται

1984 4656 2039 4690 τι
2070 4638 2233 4689 πλέον
2269 4635 2566 4705 ὀφθαλμῶν
2608 4633 2935 4703 βλεπόντων·
2974 4629 3162 4700 ῶσπερ
3192 4625 3287 4683 οὖν
3319 4627 3440 4682 οὐδὲ
3471 4642 3567 4694 7e-

1985 4727 2370 4799 γυμνωμένου,
2425 4724 2631 4777 τούτων
2690 4722 2765 4793 μὴ
2810 4720 3212 4793 ἐγρηγορότων.
3272 4718 3460 4771 Ταῦτα
3508 4716 3569 4770 δέ

1986 4820 2275 4888 ἀμφότερα
2301 4817 2511 4885 γίνεται
2530 4858 2545 4881 ,
2580 4814 2649 4867 ἂν
2674 4815 2874 4867 ἐκεῖνοι
2904 4812 3139 4866 ἕλωνται
3170 4810 3455 4880 πρότερον.
3499 4809 3569 4862 Τί

1986 4913 2051 4981 δή
2108 4913 2291 4973 ἐστιν,
2337 4907 2710 4976 Εὑαγτέλιον
2766 4905 3198 4971 δικαιοσύνης;
3252 4902 3325 4955 Τὸ
3378 4902 3569 4956 ποιοῦν

1986 5002 2248 5065 δικαίους.
2275 4999 2375 5053 Διά
2397 4998 2601 5052 τούτων
2626 4996 2735 5067 7&9
2761 4998 2842 5060 είς
2877 4996 3174 5065 ἐπιθυμίαν
3217 4994 3415 5058 αὐτοὺς
3441 4995 3569 5065 ἄγει

1987 5093 2082 5147 τοῦ
2144 5090 2553 5161 βαπτίσματος,
2604 5088 2820 5151 δεικνὺς
2875 5088 2955 5140 ὅτι
3011 5086 3106 5154 οὐχ
3154 5086 3570 5157 ἁμαρτημάτων

1987 5182 2239 5255 ἀφέσεώς
2278 5184 2393 5235 ἐστι
2450 5182 2610 5251 μόνον
2658 5180 2720 5232 τὺ
2776 5178 3120 5246 εὐαγγέλιον,
3164 5176 3304 5231 ἀλλά
3354 5179 3449 5232 καὶ
3489 5179 3570 5231 δι-

1990 5275 2287 5345 καιοσύνης
2315 5273 2467 5344 [437]
2513 5272 2815 5341 ποιητικόν.
2851 5271 2974 5323 Ἵνα
3008 5268 3214 5335 αὐτοῖς
3240 5270 3373 5337 δοίη
3417 5268 3572 5323 νοῦν

1987 5370 2228 5431 ἔνθεον,
2260 5365 2543 5433 σώφρονα
2572 5362 2889 5431 λογισμὸν,
2933 5360 3034 5414 καὶ
3080 5360 3361 5429 ἐνάρετον
3394 5363 3570 5412 πολι-

1986 5458 2174 5511 τείαν.
2224 5451 2599 5505 Ἀκουέτωσαν
2642 5453 2691 5504 ot
2732 5449 2931 5512 πιστοὶ,
2971 5450 3088 5503 ὅσοι
3136 5452 3251 5512 τοῖς
3296 5448 3569 5517 βιωτικοῖς

1987 5552 2092 5602 είσι
2128 5542 2543 5615 προσηλωμένοι
2570 5542 2908 5611 πράγμασιν.
2940 5542 3004 5595 Εἰ
3027 5542 3131 5611 γάρ
3156 5542 3268 5602 τοῖς
3296 5540 3566 5610 ἀμυήτοις

2060 5786 2082 5813 ε
2115 5782 2223 5839 λιι,
2248 5777 2455 5837 ἀκούειν,
2478 5784 2529 5826 el
2550 5780 2618 5828 ita
2642 5778 2829 5841 legitur
2854 5791 2902 5829 ιιι
2930 5774 3118 5826 Bibliis.
3144 5775 3315 5837 ΕΔΜ,
3351 5776 3538 5837 ἀκοῦον,
