4060 6346
550 371 650 426 401

546 486 881 557 κελευόμεθα
896 487 1069 541 ταῦτα
1084 489 1278 555 αἰτεῖν,
1300 490 1553 561 ἐννόησον
1574 496 1633 545 ἐν
1650 494 1793 545 τίσιν
1812 492 1961 562 ἡμᾶς
1984 486 2124 545 εἶναι

548 578 679 648 χρὴ,
702 578 831 649 τοὺς
856 579 1027 631 ταῦτα
1056 579 1263 649 ἑτέροις
1286 579 1594 645 αἰτοῦντας*
1624 582 1721 635 καὶ
1749 580 1859 652 γάρ
1887 582 2125 651 ἐφάμιλ-

545 667 638 719 λον
682 667 765 719 δεῖ
793 667 870 737 τῷ
906 668 1225 740 Εὐαγγελίῳ
1265 669 1365 741 τὴν
1411 670 1687 725 πολιτείαν
1736 671 1899 741 ἔχειν.
1937 671 2030 725 Διὸ
2060 671 2125 741 δὴ

548 756 767 823 καὶτῆς
803 756 970 827 εὐχῆς
1007 758 1039 809 6
1082 758 1248 828 νόμος
1286 759 1395 813 άπὸ
1431 758 1541 812 τῶν
1566 759 1852 830 δογμάτων
1885 762 1979 814 ἐπὶ
2025 759 2125 830 τὴν

548 846 825 900 πολιτείαν
858 848 1193 917 μεταϐαίνει.
1226 850 1413 905 Εἰπὼν
1436 849 1566 922 γὰρ,
1601 852 1737 906 Ἵνα
1753 852 2124 923 ἀποκαλύψῃ

544 935 748 1001 αὐτοῖς
770 937 837 990 τὸ
861 938 1217 1008 εὐαγγέλιον
1245 939 1355 1009 τῆς
1381 940 1789 1009 δικαιοσύνης,
1818 943 2121 1013 ἐπήγαγεν·

547 1023 672 1089 ἰνα
700 1024 784 1090 δῷ
810 1026 1013 1091 αὐτοῖς
1052 1027 1202 1082 νοῦν
1228 1028 1459 1082 ἔνθεον.
1491 1028 1555 1081 Τί
1586 1027 1645 1081 δέ
1673 1031 1842 1092 ἐστιν,
1876 1029 2122 1091 ἔνθεον;

546 1113 662 1166 Ἵνα
702 1117 732 1168 6
758 1114 891 1178 Θεὸς
918 1118 1043 1188 οἰκῇ
1087 1118 1147 1170 ἐν
1184 1118 1350 1189 αὐτῷ·
1399 1120 1726 1185 Ἐνοικήσω
1761 1119 1893 1190 γὰρ,
1934 1119 2124 1189 φησὶν,

546 1206 617 1258 ἐν
646 1206 853 1273 αὐτοῖς
888 1208 988 1261 καί
1019 1210 1498 1278 ὲμπεριπατήσω.
1541 1212 1710 1265 Ὅταν
1744 1210 1852 1280 γὰρ
1898 1210 2126 1279 γένηται

546 1295 753 1358 δίκαιος
800 1300 829 1350 6
883 1297 1006 1362 νοῦς
1026 1338 1040 1361 ,
1090 1300 1217 1353 ὅταν
1249 1301 1585 1369 άποδύσηται
1617 1302 1685 1353 τὰ
1712 1300 2125 1370 ἁμαρτήματα,

546 1380 694 1447 οἶκος
727 1387 935 1453 γίνεται
965 1388 1057 1441 τοῦ
1090 1390 1249 1443 Θεοῦ·
1288 1392 1416 1445 ὅταν
1442 1392 1499 1444 δὲ
1525 1394 1555 1444 6
1586 1391 1719 1454 Θεὸς
1745 1392 1950 1461 ἐνοικῇ,
1972 1390 2128 1447 οὐδὲν

548 1477 886 1547 ἀνθρώπινον
921 1480 1074 1536 ἐσται
1103 1482 1310 1536 λοιπόν.
1346 1484 1458 1537 Καὶ
1484 1482 1627 1536 οὕτω
1650 1483 1861 1551 γίνεται
1885 1482 2072 1545 ἔνθους
2097 1484 2129 1535 6

547 1569 690 1635 νοῦς,
727 1569 945 1626 ἅπαντα
976 1572 1349 1641 φθεγγόμενος
1392 1574 1604 1627 ἐκεῖθεν
1625 1614 1641 1639 ,
1684 1573 1873 1644 ῶσπερ
1905 1569 1998 1626 οὖν
2031 1574 2127 1627 καὶ

542 1661 695 1725 οἶκος
717 1664 812 1717 τοῦ
839 1663 974 1717 Θεοῦ
1014 1665 1163 1719 ἔνδον
1190 1666 1486 1730 οἰκοῦντος.
1538 1668 1596 1721 '0
1624 1667 1993 1739 αἰσχρώογῶν
2015 1668 2126 1739 ἄρα

546 1753 790 1824 οὐχἰχει
818 1754 999 1807 ἔνθεον
1032 1754 1179 1820 νοῦν,
1210 1756 1330 1810 οὐδὲ
1371 1759 1399 1810 6
1440 1756 1775 1829 εὐτραπελίᾳ
1804 1759 1900 1811 καὶ
1922 1757 2125 1826 γέλωτι

547 1844 775 1913 χαίρων.
816 1843 1099 1913 Σώφρονα
1127 1846 1441 1914 λογισμόν.
1474 1848 1586 1900 Καὶ
1616 1846 1670 1902 τί
1701 1846 1831 1900 ποτέ
1867 1848 1983 1899 ἐστι
2020 1844 2126 1899 00':-

548 1949 722 2001 φρονα
749 1932 1008 2004 λογισμὸν
1039 1934 1216 2005 ἔχεινς
1252 1936 1325 1989 Τὸ
1350 1936 1449 2006 τὴν
1479 1937 1667 2005 ὑγείαν
1702 1935 2000 2007 κεκτῆσθαι
2022 1935 2122 2005 τὴν

548 2026 689 2079 κατὰ
708 2024 904 2097 ψυχήν·
927 2026 1002 2091 ὡς
1023 2028 1051 2080 6
1073 2045 1135 2096 γε
1159 2029 1524 2099 κατεχόμενος
1544 2029 1811 2099 ἐπιθυμίᾳ
1831 2028 2123 2099 πονηρίας,

546 2116 639 2170 val
672 2116 810 2186 πρὸς
846 2118 914 2170 τά
959 2118 1202 2188 παρόντα
1238 2121 1574 2191 ἐπτοημένος
1597 2158 1612 2183 ,
1653 2121 1755 2173 οὐκ
1786 2119 1852 2173 ἂν
1897 2119 1983 2190 εῐη
2021 2118 2124 2171 σώ-

544 2222 719 2277 φρων,
747 2208 1045 2273 τουτέστιν,
1084 2211 1262 2279 ὑγιής.
1290 2211 1399 2264 Καὶ
1423 2210 1613 2280 ῶσπερ
1644 2213 1672 2263 6
1696 2209 1868 2262 νοσῶν
1897 2210 1991 2262 καὶ
2015 2208 2125 2264 τῶν

542 2298 605 2349 οὐ
660 2300 1051 2368 προσηκόντων
1104 2300 1384 2370 ἐπιθυμεῖ,
1441 2299 1584 2352 οὕτω
1633 2298 1730 2351 καὶ
1785 2294 1959 2362 οὗτος.
2011 2297 2123 2352 Kal

541 2385 826 2453 ἐνάρετον
878 2388 1214 2442 πολιτείαν.
1274 2388 1354 2440 Τὰ
1405 2387 1513 2456 γάρ
1560 2386 1807 2457 δόγματα
1850 2386 2122 2451 πολιτείας

544 2478 732 2545 χρείαν
768 2477 905 2545 ἔχει.
932 2477 1227 2551 ⁹Διιούσςιτε
1248 2479 1474 2546 τούτων,
1504 2479 1553 2531 οἱ
1583 2479 1717 2548 πρὸς
1742 2478 1818 2548 τῷ
1845 2479 1993 2532 τέλει
2026 2479 2122 2533 τοῦ

545 2567 666 2635 βίου
705 2567 797 2620 ἐπὶ
830 2567 890 2620 τὸ
926 2567 1213 2639 βάπτισμα
1251 2570 1443 2634 ίόντες.
1502 2570 1695 2640 Ἡμεῖς
1740 2572 1839 2641 μὲν
1876 2570 1986 2642 γὰρ
2027 2572 2124 2624 εὐ-

544 2656 775 2727 χόμεθα,
814 2658 898 2711 ἵνα
933 2659 1073 2726 μετά
1099 2659 1161 2712 τὸ
1192 2659 1477 2731 βάπτισμα
1509 2662 1603 2713 καὶ
1629 2660 1906 2714 πολιτείαν
1934 2661 2121 2731 σχῆτε·

545 2750 612 2801 σὺ
643 2746 702 2799 δὲ
750 2734 1003 2811 σπεύδεις
1046 2750 1143 2803 καὶ
1188 2750 1367 2806 πάντα
1417 2753 1612 2816 ποιεῖς,
1657 2750 1800 2803 ὥστε
1847 2751 2122 2814 πολιτείας

543 2838 1051 2908 ἔρημοςάπελθεῖν.
1089 2842 1153 2893 Τί
1197 2842 1328 2913 γὰρ,
1379 2843 1427 2895 εἰ
1456 2844 1549 2895 καὶ
1582 2843 1790 2906 δίκαιος
1823 2843 1970 2915 γίνῃ,
2006 2843 2121 2896 ἀλλ’

542 2931 653 2986 ἀπὸ
684 2931 785 3000 τῆς
810 2931 1046 2997 πίστεως
1077 2933 1280 3003 μόνης;
1322 2934 1511 3002 Ἡμεῖς
1535 2934 1594 2987 δέ
1629 2937 1723 2987 καὶ
1758 2934 1856 3006 τὴν
1885 2935 1994 2988 άπὸ
2015 2935 2121 2988 τῶν

543 3021 985 3091 κατορθωμάτων
1012 3023 1283 3094 εὐχόμεθα
1314 3029 1462 3094 σχεῖν
1500 3028 1835 3098 παρρησίαν.
1864 3029 2121 3081 Alandr-

540 3113 647 3177 τὸς
683 3114 757 3165 τὰ
780 3114 969 3167 αὑτοῦ
1010 3114 1193 3178 νοεῖν,
1223 3116 1295 3169 τὰ
1325 3117 1511 3170 αὑτοῦ
1541 3118 1806 3185 φρονεῖν,
1837 3120 1905 3172 τὰ
1933 3118 2119 3173 αὐτοῦ

536 3203 822 3271 μελετᾶν.
854 3205 1114 3276 Σώφρονα
1144 3207 1251 3277 γὰρ
1285 3207 1542 3278 λογισμὸν
1566 3210 1659 3262 καὶ
1684 3211 1939 3282 ἐνάρετον
1965 3210 2120 3264 πολι-

539 3293 689 3347 τείαν
731 3294 792 3347 06
836 3295 964 3365 μίαν
1002 3297 1216 3368 ἡμέραν
1261 3300 1383 3354 οὐδέ
1422 3299 1515 3353 δύο
1554 3301 1649 3354 καὶ
1680 3305 1829 3374 τρεῖς
1860 3302 2119 3372 αἰτοῦμεν

543 3384 727 3454 μόνον,
760 3386 897 3438 ἀλλὰ
928 3386 1018 3439 διὰ
1044 3388 1245 3451 παντὸς
1286 3389 1381 3441 τοῦ
1414 3391 1529 3459 βίου
1565 3393 1658 3443 xal
1694 3392 1791 3461 τῆς
1827 3393 1991 3461 ζωῆς.
2026 3394 2121 3444 καὶ

541 3478 640 3543 τὴν
688 3475 946 3527 ὑπόθεσιν
990 3476 1096 3528 τῶν
1142 3477 1364 3544 ἀγαθῶν
1400 3480 1674 3545 ἁπάντων,
1728 3481 1790 3533 τὸ
1839 3480 1907 3533 τὰ
1954 3480 2118 3534 αὐτοῦ

541 3568 778 3635 φρονεῖν.
818 3569 883 3618 Οἱ
914 3565 1026 3633 τὰρ
1056 3568 1277 3620 πολλοὶ
1318 3568 1390 3621 τὰ
1429 3570 1661 3623 ἑαυτῶν
1705 3570 2005 3638 ζητοῦσιν,
2049 3574 2121 3624 οὐ

538 3657 612 3710 τὰ
646 3657 841 3723 Ἰησοῦ
869 3658 1148 3724 Χριστοῦ.
1181 3658 1304 3722 Πῶς
1337 3657 1430 3713 οὖν
1465 3662 1622 3714 τοῦτο
1655 3658 1720 3715 ἂν
1752 3662 1993 3730 γένοιτο;
2041 3663 2121 3716 δεῖ

540 3750 648 3819 γὰρ
691 3748 831 3819 μετὰ
861 3749 962 3819 τῆς
1002 3749 1169 3820 εὺχῆς
1202 3750 1297 3803 καὶ
1328 3751 1395 3804 τὰ
1428 3754 1557 3824 παρ’
1592 3753 1801 3806 ἑαυτῶν
1836 3756 2118 3822 συνεισφέ-

542 3856 677 3908 ρειν.
714 3841 841 3893 Ἐάν
878 3844 938 3893 ἐν
966 3841 1043 3910 τῷ
1071 3842 1219 3913 νόμῳ
1258 3843 1424 3897 αὐτοῦ
1452 3844 1872 3914 καταγινώμεθα
1898 3846 2118 3916 ἡμέρας

694 3932 908 3993 νυκτός·
955 3931 1035 3984 διὸ
1080 3934 1174 3985 xal
1226 3935 1422 4001 ἐπαγει
1446 3936 1604 3988 τοῦτο
1652 3937 1821 3987 αἰτῶν
1853 3952 1866 3963 '
1915 3938 2009 3989 Ἑν
2039 3937 2117 4000 τῷ

539 4012 701 4089 νόμῳ
758 4022 947 4073 αὑτοῦ
1000 4025 1444 4089 καταγίνεσθαι.
1496 4025 1604 4075 Καὶ
1651 4024 1839 4095 ὥσπερ
1875 4026 1983 4079 ἄνω
2034 4028 2115 4087 τὸ,

538 4112 892 4176 Διαπαντὸς,
950 4108 1126 4173 εἶπεν,
1182 4112 1355 4176 οὕτως
1404 4113 1663 4179 ἐνταῦθα,
1729 4115 1967 4182 Ἡμέρας
2019 4118 2116 4171 καὶ

535 4199 781 4264 νυκτός.
808 4200 899 4252 Διὸ
927 4200 1021 4253 καὶ
1048 4201 1373 4272 αἰσχύνομαι
1395 4204 1481 4256 διὰ
1506 4206 1630 4267 τοὺς
1652 4203 1798 4268 ἅπαξ
1818 4204 1912 4258 τοῦ
1942 4208 2117 4258 ἐνιαυ-

538 4289 633 4341 τοῦ
664 4290 816 4357 μόλις
845 4291 903 4342 ἐν
932 4292 1196 4361 ἐκκλησίᾳ
1227 4297 1607 4363 φαινομένους.
1641 4294 1774 4348 Τίνα
1799 4295 1905 4365 γὰρ
1941 4300 2116 4365 σχοῖεν

540 4379 836 4446 ἀπολογίαν
858 4384 904 4434 οἱ
928 4381 993 4432 δι’
1022 4383 1234 4451 ἡμέρας
1256 4384 1347 4434 καὶ
1370 4384 1560 4445 νυκτὸς
1582 4385 1681 4453 οὐχ
1705 4385 1889 4448 ἁπλῶς
1907 4388 2116 4456 ὁμιλεῖν

540 4468 618 4537 τῷ
651 4470 818 4538 νόμῳ,
857 4472 992 4524 άλλά
1026 4474 1415 4539 καταγίνεσθαι
1466 4474 1835 4545 κελευόμενοι,
1868 4478 2115 4531 τουτέστι

540 4560 1019 4628 προσαδολεσχεῖν,
1058 4562 1152 4614 καὶ
1198 4564 1333 4633 μηδὲ
1384 4564 1443 4615 τὸ
1491 4565 1779 4618 πολλοστὸν
1824 4567 1986 4640 μέρος
2017 4571 2115 4637 τῆς

537 4646 685 4719 ζωῆς
720 4651 878 4704 τοῦτο
910 4651 1222 4716 ποιοῦντες,
1269 4654 1377 4706 τῶν
1420 4655 1648 4709 ἐντολῶν
1695 4657 1859 4709 αὐτοῦ
1904 4676 2117 4731 μνημο-

538 4739 734 4803 νεύειν,
765 4742 832 4795 τὰ
859 4742 1203 4813 δικαιώματα
1234 4746 1395 4798 αὐτοῦ
1428 4747 1755 4814 φυλάσσειν;

609 4832 671 4896 ζ’.
702 4830 855 4897 Εἶδες
882 4836 1066 4906 σειρὰν
1106 4837 1357 4906 ἀρίστην,
1403 4840 1493 4891 καὶ
1522 4839 1640 4902 πῶς
1668 4840 1899 4897 ἕκαστον
1936 4844 2116 4899 αὐτῶν

538 4920 632 4973 τοῦ
674 4921 824 4993 [458]
874 4926 1103 4994 πλησίον
1146 4926 1348 4995 ἔχεται,
1401 4929 1579 4999 πάσης
1624 4933 1829 5001 χρυσῆς
1876 4934 2117 5000 ἁλύσεως

538 5012 947 5083 ἀσφαλέστερόν
990 5032 1048 5067 τε
1086 5018 1179 5068 καὶ
1228 5019 1669 5091 εὐπρεπέστερον
1718 5026 2112 5094 συγκείμενον;

538 5101 781 5171 Αίτήσας
804 5104 914 5173 γὰρ
938 5101 1061 5157 νοῦν
1083 5104 1283 5168 ἔνθεον,
1309 5108 1456 5174 λέγει
1485 5110 1599 5172 πῶς
1624 5111 1689 5164 ἂν
1712 5112 1919 5179 γένοιτο
1939 5108 2113 5179 οὗτος.

541 5193 666 5256 Πῶς
688 5195 733 5247 δ’
753 5194 823 5248 ἂν
853 5196 1061 5263 γένοιτο
1083 5213 1097 5262 ;
1137 5197 1230 5249 Ἐκ
1254 5199 1348 5251 τοῦ
1369 5200 1657 5266 διαπαντὸς
1681 5206 1840 5257 αὐτὸν
1864 5206 2113 5277 μελετᾷν.

540 5286 712 5340 Τοῦτο
742 5287 800 5339 δὲ
831 5289 945 5353 πῶς
980 5290 1045 5343 ἂν
1083 5291 1356 5361 συμ6αίη;
1413 5291 1505 5345 Ἐκ
1538 5294 1633 5346 τοῦ
1662 5296 1738 5365 τῷ
1769 5297 1918 5366 νόμῳ
1949 5315 2118 5368 προσ-

541 5377 684 5447 έχειν
729 5378 1013 5449 διηνεκῶς.
1066 5382 1192 5445 Πῶς
1243 5383 1287 5435 δ’
1327 5382 1391 5436 ἂν
1435 5383 1788 5454 πεισθείησαν
1837 5388 2117 5458 ἄνθρωποι

538 5470 733 5537 τοῦτο,
779 5473 842 5525 Εἰ
870 5475 969 5537 τάς
996 5475 1214 5540 ἐντολὰς
1256 5476 1422 5530 αὐτοῦ
1449 5480 1689 5547 τηροῖενο
1731 5480 1932 5549 μᾶλλον
1970 5482 2026 5534 δὲ
2056 5484 2119 5535 ἐκ

539 5559 634 5612 τοῦ
663 5560 742 5631 τῷ
778 5562 929 5634 νόμῳ
975 5566 1293 5635 προσέχειν,
1328 5566 1423 5619 καὶ
1451 5567 1512 5618 τὸ
1546 5566 1644 5629 τάς
1684 5568 1903 5630 ἐντολάς
1930 5575 2119 5641 τηρεῖν

541 5651 772 5709 γίνεται·
808 5653 999 5726 ὥσπερ
1023 5651 1114 5711 οὖν
1148 5660 1240 5711 καὶ
1266 5662 1329 5713 ἐκ
1356 5658 1449 5712 τοῦ
1477 5658 1545 5711 τά
1575 5656 1743 5711 αὑτοῦ
1775 5664 1997 5728 φρονεῖν
2028 5663 2120 5715 καὶ

542 5739 722 5798 ἔνθεον
756 5744 901 5815 ἔχειν
952 5749 1096 5819 νοῦν,
1130 5751 1192 5804 τὸ
1236 5751 1305 5805 τὰ
1350 5751 1516 5807 αὐτοῦ
1558 5750 1807 5822 μελετᾷν.
1853 5753 2118 5811 Ἔκαστον

1297 375 1354 429 S.
1390 372 1681 429 JOANMS
1717 371 2120 429 CHRYSOSTG

2249 375 2576 434 ARCHIEP.
2628 378 3180 443 CONSTANTINOP.

3709 392 3820 449 ιοε

2234 504 2344 566 γαρ
2386 496 2498 550 τῶν
2541 499 2851 571 εἰρημένων
2886 509 2982 553 καὶ
3019 504 3529 571 συγκατασκευάζει
3575 506 3640 559 τὸ
3676 507 3820 578 πλην

2235 587 2371 653 σίον,
2407 588 2503 643 καὶ
2538 590 3119 657 συγκατασκευάζεται
3171 596 3301 665 παρ’
3342 594 3547 663 αὐτοῦ,
3590 596 3822 667 συνέχον

2237 695 2291 732 τε
2338 680 2470 733 αὐτὸ
2499 680 2595 734 καὶ
2626 682 2987 751 συνεχόμενον
3016 686 3150 754 παρ’
3190 685 3375 741 αὐτοῦ.
3425 688 3547 741 Ἔτι
3580 686 3822 741 ἐκτενέο

2233 789 2451 841 στερον
2476 774 2627 841 ὑπὲρ
2651 774 2851 829 αὐτῶν
2884 777 3418 847 παρακαλέσαιμεν.
3456 778 3680 850 Ἐπειδὴ
3705 778 3820 850 γάρ

2234 864 2291 915 ἐν
2321 862 2402 934 τῷ
2430 862 2633 935 μακρῷ
2673 865 2817 935 λόγῳ
2848 867 3285 938 καταδαρθάνειν
3303 877 3325 900 ι
3353 868 3545 923 εῐωθεν
3577 871 3612 939 ἠ
3642 869 3819 940 ψυχὴ.

2233 953 2394 1007 πάλιν
2432 955 2604 1024 αὐτὴν
2635 956 2963 1026 διανίστησι.
3005 958 3239 1029 Μεγάλα
3266 960 3377 1031 γάρ
3413 960 3662 1030 βούλεταί
3694 977 3821 1014 τινα

2232 1045 2450 1115 αἰτῆσαι
2469 1046 2632 1100 πάλιν
2657 1046 2753 1101 καὶ
2774 1040 2983 1117 ὑψηλά(
2996 1048 3079 1102 διό
3101 1067 3289 1121 φησιν’
3315 1052 3445 1108 Ἔτι
3465 1052 3822 1106 ἐκτενέστε-

2224 1151 2340 1201 ρον
2387 1135 2541 1203 ὑπὲρ
2586 1135 2789 1191 αὐτῶν
2838 1138 3377 1210 παρακαλέσωμεν.
3423 1142 3489 1195 Τί
3540 1142 3601 1195 δέ
3655 1140 3821 1196 τοῦτό

2232 1228 2411 1292 ἐστιν;
2442 1228 2567 1281 Ἵνα
2586 1226 2863 1297 ἐξέληται
2894 1231 3118 1297 αὐτοὺς
3141 1231 3260 1285 ἀπὸ
3285 1233 3516 1300 παντὸς
3543 1233 3818 1300 πονηροῦ

2232 1316 2333 1370 καί
2370 1318 2597 1372 ἀτόπου
2629 1320 2997 1389 πράγματος.
3039 1322 3307 1375 Ἐνταῦθα
3336 1323 3397 1376 τὸ
3430 1324 3505 1393 μὴ
3548 1322 3819 1377 εἰσελθεῖν

2233 1411 2314 1471 εἰς
2347 1410 2648 1479 πειρασμὸν
2676 1411 2771 1462 καὶ
2801 1410 2864 1463 τὸ
2893 1411 3075 1481 πάσης
3104 1411 3405 1484 ἐπιϐουλῆς
3431 1414 3823 1484 ἀπαλλαγῆναι

2232 1498 2493 1569 αἰτοῦμεν
2527 1500 2714 1563 αὐτοῖς
2747 1480 3080 1570 σωματικῶν
3120 1480 3179 1555 τὰ
3208 1480 3485 1572 όμοῦήκαὶ
3513 1480 3822 1573 πνευματιρ

2233 1590 2347 1644 κῶν
2374 1591 2402 1631 δ
2422 1606 2435 1620 ·
2463 1591 2544 1643 διὸ
2569 1590 2665 1644 καὶ
2691 1591 2888 1661 ἐπάγει
2917 1591 3115 1661 λέγων·
3156 1593 3288 1647 Ἀπὸ
3307 1593 3535 1660 παντὸς
3556 1594 3821 1663 ἁμαρτή-

2227 1697 2415 1750 ματος
2448 1680 2822 1750 διαὸολικοῦ,
2864 1682 2965 1737 καὶ
3015 1682 3217 1751 πάσης
3256 1685 3668 1755 περιστάσεως
3708 1685 3819 1739 τοῦ

2247 1773 2725 1843 Ἀντικεψένου·
2760 1775 2886 1837 τοὺς
2938 1774 3284 1846 πειρασμοὺς
3335 1775 3515 1846 δηλῶν
3566 1776 3664 1830 καὶ
3715 1774 3821 1838 τὶς

2232 1862 2527 1934 ἁμαρτίας.

2304 1952 2709 2024 Εὐπερίστατον
2739 1951 2848 2024 γάρ
2870 1954 2905 2022 ἡ
2929 1953 3177 2024 άμαρτία
3194 1993 3209 2017 ,
3231 1953 3503 2009 πάντοθεν
3522 1954 3815 2027 ισταμένη,

2230 2039 2565 2111 ἔμπροσθεν,
2588 2039 2837 2105 ὄπισθεν,
2873 2039 2969 2093 καὶ
2994 2040 3169 2104 οὕτως
3197 2042 3344 2112 ἡμᾶς
3374 2042 3812 2097 καταόάλλουσα.

2245 2132 2462 2203 Ἐπειδὴ
2494 2131 2605 2202 γὰρ
2634 2128 2787 2185 εἶπεν
2814 2131 2849 2185 ἃ
2890 2131 2972 2184 δεῖ
2996 2132 3254 2198 γενέσθαι
3276 2134 3407 2202 παρ’
3433 2132 3614 2203 ἡμῶν,
3648 2135 3706 2187 ἐν
3736 2132 3819 2206 τῷ

2230 2226 2380 2295 νόμῳ
2411 2224 2576 2277 αὐτοῦ
2618 2223 3036 2290 καταγίνεσθαι,
3068 2223 3179 2277 τῶν
3208 2222 3440 2277 ἐντολῶν
3472 2222 3639 2277 αὐτοῦ
3677 2241 3819 2295 μνη-

2234 2314 2513 2384 μονεύειν,
2543 2313 2614 2367 τὰ
2656 2312 3002 2383 δικαιιίιματα
3047 2313 3215 2367 αὐτοῦ
3266 2313 3591 2383 φυλάττειν’
3638 2314 3824 2369 πείθει

2230 2404 2438 2466 λοιπὸν,
2471 2404 2553 2455 ὅτι
2592 2402 2715 2459 οὐδέ
2746 2403 2921 2455 ταῦτα
2947 2404 3129 2472 ἀρκεῖ,
3156 2403 3223 2456 ἂν
3254 2405 3335 2475 μὴ
3358 2402 3519 2466 αὐτὸς
3543 2407 3694 2475 παρῇ
3723 2404 3824 2457 καὶ

2233 2492 2427 2562 βοηθῇ.
2470 2490 2606 2544 Ἐὰν
2626 2490 2733 2561 γὰρ
2759 2491 2846 2558 μὴ
2876 2492 3095 2558 Κύριος
3119 2492 3493 2567 οἰκοδομήσῃ
3517 2488 3707 2558 οἷκον,
3728 2494 3821 2556 είς

2227 2583 2426 2651 μάτην
2467 2581 2806 2635 ἐκοπίασαν
2841 2583 2897 2634 οι
2941 2580 3400 2652 οἰκοδομοῦντες
3449 2582 3636 2635 αὐτόν
3654 2598 3671 2613 ·
3720 2582 3819 2634 καὶ

2235 2674 2470 2744 μάλιστα
2499 2673 2593 2727 ἐπὶ
2621 2672 2831 2726 τούτων
2849 2713 2865 2739 ,
2896 2672 2945 2725 οἳ
2976 2673 3057 2726 ἐτι
3091 2674 3411 2744 πρόκεινται
3438 2673 3517 2743 τῷ
3546 2671 3816 2744 διαϐόλῳ,

2230 2766 2326 2818 καὶ
2356 2764 2461 2818 ὐπὸ
2494 2765 2592 2831 τὴν
2621 2765 2797 2835 ἀρχήν
2825 2765 2931 2816 εἰσι
2962 2764 3063 2834 τὴν
3090 2763 3282 2821 αὐτοῦ.
3322 2765 3435 2821 Καὶ
3480 2766 3596 2817 ιστε
3636 2761 3821 2819 ταῦτα

2230 2858 2300 2909 oi'
2331 2854 2695 2925 μεμυημένοι.
2757 2854 3173 2925 Ἀναμνήσθητε
3224 2852 3359 2923 γοῦν
3404 2855 3518 2909 τῶν
3548 2856 3823 2926 ῥημάτων

2230 2944 2480 3006 ἐκείνων,
2509 2943 2576 2995 δι’
2604 2937 2680 2996 ὧν
2704 2940 3053 3007 άπετάξασθε
3074 2944 3240 2996 αὐτοῦ
3265 2947 3336 3015 τῇ
3365 2945 3662 3014 τυραννίδι,
3682 2946 3816 3013 γόνυ

2228 3032 2529 3095 κλίναντες,
2556 3032 2648 3085 καὶ
2674 3032 2810 3101 πρὸς
2832 3032 2925 3085 τὸν
2942 3032 3176 3087 Βασιλέα
3199 3032 3695 3103 αὐτομολήσαντες,
3720 3035 3819 3088 καὶ

2227 3123 2297 3177 τά
2329 3120 2577 3193 φρικώδη
2603 3120 2789 3173 ἐκεῖνα
2814 3119 3183 3188 φθεγξάμενοι
3214 3120 3458 3190 ῥήματα,
3481 3118 3550 3170 δι’
3578 3112 3656 3171 ὧν
3682 3135 3816 3173 παι-

2226 3213 2495 3282 δευόμεθα
2522 3212 2687 3282 μηδὲν
2707 3210 2856 3280 αὐτῷ
2878 3210 3111 3264 καθόλου
3139 3210 3441 3263 πείθεσθαι.
3480 3208 3820 3279 Ἀντικείμε-

2227 3325 2317 3359 νον
2340 3307 2397 3358 δέ
2418 3305 2579 3357 αὐτὸν
2601 3303 2758 3357 καλεί
2781 3305 2871 3355 καὶ
2892 3302 3161 3366 διάϐολον,
3188 3303 3375 3374 ἐπειδὴ
3400 3302 3496 3355 καὶ
3515 3301 3649 3355 Θεὸν
3674 3302 3817 3371 πρὸς

2228 3394 2325 3448 ἀνθ
2336 3394 2548 3464 ρώπους
2577 3391 2873 3457 διαϐάλλει,
2901 3393 2994 3445 καὶ
3016 3394 3166 3462 ἡμᾶς
3189 3391 3325 3462 πρὸς
3352 3392 3508 3457 Θεὸν,
3532 3394 3624 3446 καὶ
3648 3392 3817 3445 πάλιν

2227 3488 2377 3555 ἡμᾶς
2407 3486 2604 3546 αὐτοὺς
2632 3485 2769 3553 πρὸς
2793 3483 3056 3554 ἀλλήλους
3075 3500 3090 3514 ο
3126 3484 3256 3535 ποτέ
3286 3484 3386 3553 μὲν
3417 3484 3525 3553 γὰρ
3553 3484 3647 3535 τὸν
3688 3484 3818 3536 Ἰὼϐ

2230 3579 2367 3647 πρὸς
2389 3578 2477 3629 τὸν
2498 3578 2651 3639 Θεὸν,
2676 3578 2870 3645 λέγων’
2900 3575 2995 3643 Μὴ
3026 3575 3251 3643 δωρεὰν
3276 3575 3512 3629 σέϐεται
3547 3575 3680 3629 Ἰὼϐ
3704 3575 3820 3628 τὸν

2226 3670 2480 3737 Κύριον;
2530 3669 2623 3722 καὶ
2655 3669 2814 3723 πάλιν
2853 3667 2943 3721 τὸν
2990 3667 3123 3719 Θεὸν
3173 3666 3310 3737 πρὸς
3348 3665 3441 3720 τὸν
3501 3664 3641 3719 1:66-
3682 3664 3818 3733 Πῦρ

2228 3758 2530 3827 κατῆλθεν
2569 3758 2636 3810 ἐκ
2685 3758 2790 3811 τοῦ
2839 3758 3101 3825 οὐρανοῦ
3127 3772 3139 3785 ’
3186 3757 3279 3810 καὶ
3324 3757 3461 3825 πρὸς
3504 3756 3594 3809 τὸν
3638 3755 3819 3825 Ἀδὰμ

2227 3848 2387 3900 πάλιν
2431 3847 2521 3899 τὸν
2569 3846 2722 3906 Θεὸν,
2762 3847 2850 3898 ὅτε
2901 3845 3053 3913 ἔλεγε
3098 3842 3575 3914 διανοιχθήσεσθαι
3626 3841 3817 3893 αὐτῶν

2226 3939 2350 3999 τοὺς
2392 3935 2731 4004 όφθαλμούς’
2762 3935 2855 3986 καὶ
2886 3935 3021 4003 πρὸς
3061 3934 3289 3996 πολλοὺς
3322 3932 3432 3984 τῶν
3459 3931 3555 3983 νῦν
3591 3929 3808 3999 ἀνθρὼ-

2230 4044 2363 4089 πων,
2396 4027 2599 4092 λέγων·
2630 4025 2704 4075 υύ
2747 4025 2966 4093 προνοεί
2993 4022 3126 4083 Θεὸς
3168 4020 3277 4072 τῶν
3313 4019 3630 4089 ὁρωμένων,
3673 4018 3816 4071 ἀλλὰ

2226 4114 2474 4184 δαίμοσιν
2503 4113 2684 4181 ἀφῆκε
2722 4111 2790 4163 τὰ
2819 4109 2941 4163 καθ’
2990 4111 3155 4179 ὑμᾶς·
3188 4109 3285 4161 καὶ
3317 4106 3455 4178 πρὸς
3485 4104 3715 4170 πολλοὺς
3754 4106 3817 4158 δὲ

2225 4206 2334 4259 τῶν
2401 4205 2669 4257 Ἰουδαίων
2706 4202 2799 4254 τὸν
2848 4202 3083 4271 Χριστὸν
3143 4199 3395 4261 διέϐαλε,
3453 4196 3654 4251 πλάνον
3714 4196 3818 4250 καὶ

2225 4298 2398 4366 γόητα
2431 4294 2628 4348 καλῶν.
2675 4293 2797 4354 Πῶς
2844 4292 2901 4345 δὲ
2943 4294 3193 4361 ἐνεργεῖ,
3245 4290 3375 4352 ἴσως
3420 4286 3670 4357 βούλεταί
3724 4306 3817 4351 τις

2230 4385 2380 4457 [459]
2409 4384 2659 4437 ἀκοῦσαι.
2702 4385 2870 4436 Ὅταν
2910 4382 2985 4453 μὴ
3018 4382 3155 4454 εῦρῃ
3183 4381 3305 4434 νοῦν
3339 4380 3543 4445 ἔνθεον,
3569 4382 3698 4433 ὅταν
3732 4382 3817 4453 μὴ

2228 4477 2479 4547 σώφρονα
2526 4476 2702 4545 ψυχὴν
2731 4513 2745 4539 ,
2786 4475 2913 4527 ὅταν
2961 4472 3035 4543 μὴ
3077 4470 3392 4542 μνημονεύῃ
3430 4471 3541 4525 τῶν
3575 4471 3817 4525 ἐντολῶν

2224 4566 2319 4619 τοῦ
2351 4548 2505 4632 Θέοῦ,
2540 4566 2674 4636 μηδὲ
2705 4565 2958 4636 φυλάσσῃ
2990 4564 3058 4616 τὰ
3085 4561 3433 4631 δικαιώματα
3462 4561 3652 4625 αὐτοῦ,
3683 4563 3816 4616 τότε

2225 4657 2566 4727 αἰχμάλωτον
2598 4656 2777 4707 λαϐὼν
2818 4656 3054 4710 ἄπεισιν.
3100 4655 3158 4706 '0
3190 4652 3321 4720 γοῦν
3361 4652 3533 4721 Ἀδάμ
3562 4654 3611 4704 εί
3639 4654 3816 4722 ἐμνη-

2230 4750 2423 4817 μόνευε
2457 4750 2554 4818 τῆς
2581 4748 2802 4816 ἐντολῆς
2833 4747 3097 4815 λεγούσης
3118 4785 3131 4807 ,
3173 4745 3316 4799 Ἀπὸ
3352 4743 3583 4809 παντὸς
3612 4743 3818 4805 ξύλου

2224 4837 2411 4908 φαγῇ,
2454 4840 2503 4890 εἰ
2550 4838 2821 4905 ἐφύλασσε
2854 4836 2915 4888 τὸ
2953 4834 3229 4903 δικαίωμα
3262 4833 3324 4886 τὸ
3352 4833 3509 4900 λέγον
3534 4871 3550 4895 ,
3598 4825 3683 4903 τῌ
3731 4832 3817 4886 ἂν

2222 4928 2425 4997 ἡμέραι
2448 4928 2695 4997 φάγητε,
2729 4929 2861 4981 τότε
2892 4927 3123 4993 θανάτῳ
3150 4924 3569 4980 ἀποθανεῖσθε’
3603 4924 3704 4978 οὐκ
3739 4926 3818 4979 ἂν

2225 5018 2427 5071 ἔπαθεν
2470 5018 2613 5086 άπερ
2646 5018 2866 5070 ἔπαθεν.
2914 5016 3050 5070 Ἵνα
3090 5014 3433 5081 καταξιώσῃ
3474 5012 3698 5078 αὐτοὺς
3736 5013 3815 5066 ἐν

2226 5108 2409 5174 καιρῷ
2447 5106 2666 5170 εὐθέτῳ
2704 5107 2815 5175 τῆς
2854 5106 2961 5160 τοῦ
2998 5104 3259 5173 λουτροῦ
3298 5102 3811 5173 παλιγγενεσίας,

2226 5200 2337 5267 τῆς
2372 5198 2642 5269 ἀφέσεως
2670 5198 2788 5251 τῶν
2818 5198 3136 5276 ἁμαρτιῶν.
3173 5197 3256 5249 Τὰ
3285 5195 3382 5264 μὲν
3416 5194 3523 5263 γάρ
3554 5193 3814 5263 παρόντα

2226 5289 2484 5359 αἰτοῦμεν
2504 5329 2519 5354 ,
2564 5289 2633 5343 τὰ
2662 5288 2717 5341 δὲ
2760 5288 3021 5358 μέλλοντα
3041 5304 3053 5317 ·
3104 5290 3199 5339 καὶ
3231 5280 3631 5352 φιλοσοφοῦμεν
3662 5282 3815 5355 ὑπὲρ

2226 5381 2319 5434 τοῦ
2352 5380 2576 5451 λουτροῦ
2600 5419 2615 5444 ,
2654 5381 2749 5431 καὶ
2787 5382 2844 5431 ἐν
2876 5381 2941 5447 τῇ
2979 5378 3193 5446 αἰτήσει
3230 5371 3557 5441 παιδεύομεν
3602 5374 3814 5436 αὐτοὺς

2226 5469 2419 5523 εἰδέναι
2450 5468 2615 5523 αὐτοῦ
2646 5466 2746 5536 τὴν
2788 5464 2962 5535 ἰσχύν.
3004 5462 3287 5515 Ἐντεῦθεν
3309 5462 3420 5535 γὰρ
3451 5463 3552 5534 ἥδη
3584 5466 3614 5517 6
3645 5464 3813 5531 λόγος

2292 5646 2319 5676 ³
2342 5644 2493 5704 Εόίῐὶ,
2515 5642 2646 5706 λόγῳ
2669 5642 3052 5706 καταδαρθάνειν.
3082 5640 3168 5699 ιι,
3195 5641 3324 5706 λόγῳ
3346 5656 3675 5706 καταπιττειν.

2292 5660 2319 5676 ’⁵
2342 5660 2493 5704 nam,
2518 5660 2646 5706 λογῳ
2669 5660 3052 5704 καταοαρυανειν.
3083 5660 3168 5699 ιιι.,
3197 5660 3280 5703 Αογ
3346 5660 3675 5690 “mimum.

2291 5706 2319 5746 δ
2341 5706 2428 5779 Με.
2454 5710 2528 5758 sic
2553 5707 2734 5757 melius
2746 5660 3334 5767 quamedilimwpanxg’v
3356 5720 3410 5754 τε
3428 5701 3547 5762 ὁμοῦ
3561 5702 3641 5749 καὶ
3662 5713 3808 5748 πνευ-

2231 5784 2445 5817 ιιατικον.
