4568 6424
784 344 894 399 4θῦ

788 466 845 511 ιιι
875 471 943 510 ne
961 453 1038 508 illi
1066 467 1186 507 cum
1212 447 1506 506 Nicodemo
1535 444 1718 498 dicant
1739 481 1755 505 ,
1793 434 2063 503 Quomodo
2092 439 2253 533 potest
2279 432 2368 483 Ita-

784 563 872 601 mo
899 545 1038 599 nasci
1062 559 1177 597 cum
1195 542 1260 596 sit
1285 536 1476 594 senex?
1498 543 1721 604 potestne
1740 532 1793 583 in
1817 540 2037 584 ventrem
2064 532 2243 578 matris
2267 535 2371 575 sua

787 637 995 690 introire
1014 676 1029 698 ,
1061 648 1124 687 ac
1166 630 1313 685 nasci
1355 627 1520 680 denuo
1548 622 1738 694 (Joan.
1767 622 1821 674 5.
1850 619 1885 672 ι
1906 616 1967 689 )i
1993 612 2194 670 Deinde
2223 618 2373 682 post-

786 744 948 799 quam
971 735 1313 798 peccatorum
1333 717 1704 773 remissionem
1734 712 1888 773 dixit,
1923 724 2019 779 per
2052 723 2114 763 ea
2144 720 2265 776 quas
2289 719 2377 761 se-

789 827 1031 890 quuntur
1068 818 1241 885 ipsam
1263 811 1544 867 conﬁrmat
1588 807 1778 863 dicens
1806 822 1819 857 :
1846 803 2161 857 Indumenta
2196 799 2373 890 incorf

788 888 1066 979 ἐκριεοηίε.
1094 902 1305 959 Etenim
1332 900 1420 971 qui
1453 899 1545 954 ﬁlii
1592 898 1907 968 dignitatem
1955 892 2147 958 induit,
2190 888 2377 961 procul

788 998 956 1055 dubio
1004 992 1425 1064 incorruptibilis
1473 989 1726 1046 efﬁcitur.
1758 986 1894 1054 Quid
1926 993 2103 1040 autem
2144 992 2227 1038 est
2251 1023 2267 1047 ,
2311 979 2379 1033 1η

794 1100 1018 1160 tempore
1042 1086 1353 1158 opportuno?
1376 1083 1640 1139 Nimirum
1666 1096 1785 1135 cum
1811 1079 1929 1148 quis
1961 1076 2129 1145 probe
2158 1072 2381 1127 ali‘ectus
2405 1078 2418 1087 '

791 1190 907 1246 est,
936 1195 1057 1236 cum
1082 1179 1265 1233 animo
1288 1174 1452 1231 alacri
1477 1182 1532 1228 et
1557 1187 1680 1227 cum
1708 1170 1812 1225 lidc
1831 1169 2037 1223 accedit
2063 1188 2077 1221 :
2098 1166 2269 1220 ﬁdelis
2294 1172 2380 1218 et-

793 1270 935 1326 enim
961 1269 1191 1324 hominis
1222 1274 1585 1337 Opportunum
1613 1270 1824 1331 tempus
1868 1260 1970 1313 hoc
2000 1267 2103 1312 est.
2140 1255 2208 1311 Ut
2233 1258 2385 1308 bene-

792 1363 930 1416 dicat
955 1362 1191 1415 introitus
1216 1369 1263 1413 et
1290 1359 1459 1411 exitus
1484 1372 1657 1410 eorum
1678 1396 1694 1419 ,
1726 1368 1924 1407 omnem
1949 1351 2106 1403 vitam
2129 1349 2381 1418 ipsorum.

796 1454 909 1508 Hoc
935 1452 1053 1507 loco
1081 1448 1305 1519 aliquid,
1337 1446 1478 1516 quod
1508 1446 1574 1500 ad
1600 1457 1797 1514 corpus
1820 1451 2049 1512 spectet,
2079 1448 2267 1509 petere
2289 1436 2385 1505 iu-

794 1549 1024 1610 bentur,
1054 1553 1115 1597 ut
1138 1543 1228 1613 qui
1272 1541 1447 1595 adhuc
1493 1538 1787 1593 imbecilles
1815 1537 1944 1590 sint.
1989 1532 2186 1587 Domos
2211 1547 2385 1586 eorum

794 1646 843 1691 et
884 1635 1235 1689 habitationes.
1266 1632 1378 1687 Hoc
1402 1641 1485 1686 est
1505 1671 1521 1696 ,
1562 1631 1676 1684 sive
1712 1626 1939 1681 famulos
1968 1625 2239 1688 habeant,
2272 1624 2387 1676 sive

795 1736 1079 1799 cognatos,
1103 1729 1219 1783 sive
1247 1728 1381 1781 alios
1410 1723 1671 1796 quosdam
1702 1719 2057 1777 necessarios.
2090 1716 2218 1771 “me
2242 1716 2385 1770 enim

796 1830 955 1877 erant
973 1818 1183 1875 Veteris
1204 1817 1535 1875 Testamenti
1566 1815 1784 1885 praemia
1805 1830 1820 1865 :
1841 1826 1940 1866 nec
1958 1810 2247 1885 quidquam
2268 1822 2389 1877 per-

799 1910 925 1966 inde
962 1925 1145 1981 grave,
1176 1918 1337 1979 atque
1363 1907 1617 1962 acerbum
1646 1918 1767 1960 esse
1796 1901 2099 1963 videbatur,
2125 1909 2183 1953 ut
2212 1897 2387 1952 vidui—

801 2012 905 2069 tas,
933 2009 992 2057 ut
1019 1999 1277 2056 sterilitas
1297 2042 1311 2065 ,
1342 2009 1397 2053 ut
1427 2006 1745 2068 praematura
1776 1994 1986 2059 funera,
2010 2000 2069 2047 ut
2096 1990 2297 2052 fames,
2336 1996 2392 2043 et

800 2092 1013 2148 adversi
1042 2106 1223 2148 rerum
1255 2103 1556 2147 successus.
1588 2088 1669 2141 υἱ)
1695 2100 1815 2141 eam
1845 2098 2059 2139 causam
2085 2081 2139 2135 in
2175 2080 2392 2151 petitio-

801 2185 963 2242 nibus
996 2185 1063 2241 ad
1104 2197 1303 2254 corpus
1347 2178 1739 2251 pertinentibus
1779 2191 1875 2231 eos
1921 2171 2197 2230 immorari
2238 2173 2388 2237 sinit,

802 2278 1059 2350 paulatim
1081 2277 1228 2347 ipsos
1251 2276 1305 2328 in
1330 2274 1497 2327 altum
1519 2271 1843 2327 subveliens.
1864 2268 1977 2324 Hoc
1997 2268 2140 2322 enim
2162 2275 2217 2327 et
2238 2264 2395 2319 Chri-

803 2380 922 2425 stus
948 2368 1075 2424 iacit
1106 2377 1164 2423 et
1187 2365 1410 2432 Paulus,
1433 2365 1681 2433 antiquas
1712 2362 1963 2417 videlicet
1989 2356 2393 2414 benedictiones

805 2472 1035 2533 uterque
1078 2462 1132 2516 in
1181 2458 1497 2515 memoriam
1546 2468 1806 2511 revocans
1837 2451 2118 2509 :Cliristus
2162 2461 2394 2516 nempe,

804 2570 926 2609 cum
953 2554 1049 2619 ait,
1074 2552 1224 2607 Beati
1249 2551 1393 2605 mites
1414 2590 1430 2610 ,
1455 2547 1696 2615 quoniam
1726 2545 1827 2614 ipsi
1858 2541 2186 2613 possidebunt
2210 2549 2397 2592 terram

807 2647 1023 2717 (Matth.
1054 2647 1110 2702 5.
1141 2645 1196 2716 ι)
1221 2660 1236 2698 :
1267 2642 1462 2697 Paulus
1482 2650 1660 2695 autem
1681 2680 1698 2706 ,
1725 2637 1941 2692 Honora
1968 2644 2159 2704 patrem
2180 2642 2322 2686 tuum
2351 2639 2398 2683 et

808 2748 1021 2791 matrem
1051 2744 1213 2795 tuam,
1240 2742 1295 2787 ut
1320 2732 1390 2787 sis
1412 2732 1670 2802 longamu
1694 2745 1849 2799 super
1873 2737 2083 2781 terram.
2116 2722 2284 2777 Filios
2309 2737 2398 2775 eo-

806 2846 960 2895 rum,
1010 2837 1064 2882 ut
1102 2844 1186 2881 eos
1222 2842 1407 2897 augeas
1442 2835 1486 2879 et
1514 2822 1779 2879 benedicas
1798 2862 1814 2887 ,
1837 2831 1988 2888 atque
2009 2819 2079 2871 ad
2109 2829 2399 2870 mensuram

801 2912 978 2974 ‘aatatis
1005 2917 1273 2985 perductos
1291 2915 1542 2984 sapientia
1570 2915 1793 2967 instruas
1815 2909 2031 2983 (Ephes.
2060 2908 2113 2964 ϐ.
2141 2907 2194 2961 Ξ.
2227 2904 2307 2978 ὅ).

883 3013 937 3067 8.
974 3012 1069 3068 llic
1098 3024 1284 3066 rursus
1313 3008 1505 3080 partim
1527 3020 1870 3077 corporeum,
1897 3004 2087 3072 partim
2119 2998 2400 3070 spirituale

816 3104 1133 3160 beneﬁcium
1165 3104 1295 3171 ipsis
1332 3104 1498 3171 poscit
1526 3141 1543 3165 ,
1573 3106 1759 3168 utpote
1790 3095 1984 3167 puerili
2008 3092 2187 3149 adhuc
2218 3091 2400 3146 animo

820 3195 1077 3266 praeditis.
1107 3193 1261 3260 Quod
1287 3201 1464 3248 autem
1493 3190 1757 3260 sequitur,
1784 3188 1931 3242 omni
1963 3202 2027 3241 ex
2053 3194 2204 3255 parte
2237 3182 2401 3253 spiri-

815 3290 959 3345 tuale
982 3297 1084 3351 est,
1120 3287 1189 3343 Ut
1215 3290 1386 3343 omnia
1414 3302 1528 3357 qua:
1563 3285 1688 3353 ipsis
1718 3282 1978 3352 proposita
2003 3288 2181 3341 erunt,
2212 3277 2281 3331 ad
2303 3276 2405 3330 uti-

815 3380 1007 3433 litatem
1034 3378 1242 3448 dirigat.
1293 3376 1409 3432 Non
1433 3376 1576 3430 enim
1618 3371 1939 3441 simpliciter
1963 3385 2083 3441 quin
2129 3367 2402 3438 proposita

815 3481 993 3537 erunt,
1023 3469 1120 3525 sed
1149 3486 1270 3539 qua:
1297 3469 1362 3523 ad
1393 3467 1699 3524 utilitatem.
1730 3466 1887 3534 Stepe
1914 3463 2057 3518 enim
2091 3460 2403 3531 peregrina-

817 3562 894 3616 tio
916 3545 1090 3631 aliqna
1129 3558 1461 3624 instituitur,
1503 3558 1596 3613 sed
1640 3557 1865 3615 minime
1912 3552 2198 3617 conducit;
2244 3560 2405 3619 atque

816 3652 962 3707 aliud
991 3651 1246 3722 quiddam
1293 3649 1497 3714 simile,
1540 3647 1681 3718 quod
1730 3660 1829 3701 nec
1872 3646 2001 3700 item
2032 3643 2161 3697 utile
2186 3649 2288 3696 est.
2325 3640 2401 3694 Ex

816 3744 1011 3813 quibus
1056 3743 1157 3797 hoc
1180 3742 1435 3806 discunt,
1472 3741 1583 3795 Deo
1628 3741 1681 3794 in
1710 3737 1961 3792 omnibus
2010 3733 2175 3790 rebus
2202 3732 2403 3803 gratias

816 3850 1016 3907 agere,
1048 3844 1106 3888 ut
1153 3850 1272 3902 qua:
1314 3832 1383 3887 ad
1428 3848 1616 3886 eorum
1664 3830 2006 3887 commodum
2038 3838 2093 3882 ct
2120 3828 2402 3880 utilitatem

820 3928 971 3981 ﬁant.
1020 3926 1147 3981 Post
1190 3925 1307 3979 haec
1334 3923 1511 3977 omnia
1552 3922 1662 3990 iam
1694 3936 1789 3976 eos
1817 3933 2038 3989 surgere
2067 3918 2240 3986 jubet.
2272 3915 2402 3969 Nam

817 4034 941 4075 cum
968 4018 1111 4088 prius
1136 4032 1231 4073 eos
1260 4016 1404 4070 humi
1429 4023 1729 4086 pros1ratos
1752 4012 2032 4078 tenuisset,
2057 4020 2404 4080 posteaquam

818 4129 882 4168 ea
914 4112 1183 4183 petierunt
1206 4126 1325 4181 qua:
1367 4108 1671 4181 petierunt,
1701 4123 1763 4162 ac
1793 4104 1985 4160 ﬁducia
2029 4102 2215 4173 repleti
2246 4108 2404 4165 sunt,

816 4205 928 4273 iam
958 4218 1052 4258 eos
1073 4216 1253 4258 sermo
1279 4201 1457 4271 erigit,
1485 4214 1549 4253 ac
1574 4200 1833 4265 deinceps
1864 4197 2010 4264 ipsos
2035 4208 2247 4262 quoque
2271 4207 2397 4261 pre-

821 4299 1087 4353 cationem
1112 4298 1175 4351 ad
1201 4298 1364 4350 Denm
1392 4293 1638 4363 amplecti
1662 4291 1835 4361 jubet.
1858 4288 2132 4358 Siquidem
2162 4284 2406 4356 qumdam

824 4403 923 4443 nos
989 4388 1218 4441 dicimus
1241 4425 1257 4452 ,
1308 4383 1553 4454 quaedam
1606 4398 1791 4438 rursus
1823 4381 1955 4450 ipsis
1982 4377 2369 4433 committimus
2389 4417 2405 4443 ,

821 4482 1090 4552 petitionis
1167 4496 1359 4551 nempe
1418 4479 1610 4548 ianuas
1676 4477 1808 4546 ipsis
1879 4473 2184 4544 aperientes
2238 4489 2249 4525 :
2299 4484 2401 4524 non

819 4591 975 4630 secus
1002 4574 1254 4629 videlicet
1282 4588 1344 4626 ac
1375 4585 1572 4640 pueros
1598 4554 1828 4639 primum
1854 4567 1952 4636 ipsi
1975 4566 2251 4628 docemus,
2286 4568 2408 4631 post

818 4674 998 4721 autem
1040 4665 1188 4735 ipsos
1213 4678 1422 4733 quoque
1467 4659 1611 4731 loqui
1632 4659 1904 4729 iubemus.
1933 4656 2118 4727 itaque
2143 4654 2247 4708 lioc
2275 4651 2407 4721 ipsis

816 4757 1079 4823 dicimus,
1112 4754 1360 4827 Angelum
1406 4754 1546 4824 pacis
1614 4749 1766 4822 petite
1789 4789 1804 4815 ,
1833 4764 1863 4801 ο
1907 4745 2271 4801 catechumeni.
2310 4742 2409 4796 Est

816 4849 1014 4920 quippe
1040 4845 1263 4915 angelus
1282 4845 1444 4900 etiam
1470 4842 1770 4897 cruciatum
1800 4835 2059 4899 inferens,
2083 4842 2139 4886 ut
2159 4848 2280 4887 cum
2314 4833 2405 4887 ille

816 4942 929 5008 ait,
980 4938 1353 4993 Immissionem
1388 4952 1481 5006 per
1515 4930 1928 5004 angelosmalos
1954 4926 2127 5001 (Psal.
2163 4925 2251 4979 77.
2283 4924 2400 4995 54).

818 5032 914 5087 Est
938 5040 993 5086 et
1011 5028 1230 5100 angelus
1246 5026 1652 5083 exterminator.
1677 5025 1753 5079 Ac
1782 5019 2006 5093 provide
2035 5032 2130 5073 eos
2150 5012 2400 5084 angelum

818 5122 967 5193 pacis
987 5130 1168 5191 petere
1190 5118 1466 5189 iubemus,
1489 5115 1744 5171 docentes
1767 5127 1882 5177 eos,
1903 5110 1951 5166 id
1972 5108 2112 5180 quod
2136 5106 2397 5161 bonorum

815 5213 1054 5271 omnium
1073 5211 1341 5268 vinculum
1356 5218 1461 5275 est,
1475 5208 1578 5263 hoc
1591 5214 1695 5271 est,
1730 5217 1911 5273 pacem
1930 5200 2200 5273 postulare
2218 5214 2235 5253 :
2253 5198 2323 5252 ita
2344 5205 2402 5251 ut

816 5311 887 5365 ab
909 5307 1055 5363 omni
1086 5320 1261 5376 pugna
1291 5344 1306 5370 ,
1333 5302 1402 5359 ab
1444 5300 1591 5356 omni
1625 5298 1787 5362 bello,
1815 5304 1871 5351 et
1898 5295 1967 5350 ab
1996 5292 2141 5350 omni
2170 5290 2397 5346 dissidio

816 5401 1012 5456 absint.
1042 5396 1269 5465 Paciﬁco
1288 5394 1425 5449 nobis
1443 5392 1612 5447 omnia
1640 5404 1755 5461 qua
1774 5394 2145 5457 proponuntur.
2175 5381 2401 5439 Utcum-

816 5508 920 5563 que
950 5488 1092 5545 enim
1117 5501 1277 5558 grave
1306 5482 1503 5555 aliquid
1530 5483 1631 5550 sit,
1663 5480 1789 5536 dum
1825 5487 2002 5533 tamen
2030 5490 2214 5547 pacem
2241 5474 2417 5545 quis-‘

1527 326 1586 382 S.
1613 318 1891 381 JOANNIS
1927 304 2402 371 CHRYSOSTOMI
2436 304 2754 367 ARCHIEP.
2791 309 3327 370 CONSTANTINOP.

3957 301 4073 357 4οι

2485 425 2627 492 piam
2657 428 2871 497 habeat,
2888 431 3007 488 leve
3034 443 3136 489 est.
3170 434 3357 505 quue
3391 435 3554 491 etiam
3580 439 3801 495 nomine
3825 437 4089 497 Christus

2481 516 2727 587 dicebat,
2757 521 2945 578 Pacem
2973 541 3139 599 meam
3158 526 3225 581 do
3244 527 3382 581 vobis
3406 527 3426 597 (
3441 526 3695 587 10am“.
3724 532 3797 585 27
3816 531 3860 602 ).
3888 531 4086 604 Neque

2482 610 2627 664 enim
2655 613 2821 668 ullum
2842 630 3116 671 armorum
3146 633 3315 687 genus
3345 618 3562 675 diabolo
3588 636 3741 691 aeque
3768 622 3988 679 ﬁrmum
4016 638 4086 679 ac

2482 701 2717 759 validum
2746 714 2849 769 est,
2874 714 2933 761 ut
2966 724 3139 778 pugna
3165 718 3221 764 et
3248 709 3494 765 simultas
3517 727 3582 767 ac
3622 714 3846 769 bellum.
3877 714 4088 787 Paci/i-

2484 810 2601 849 cum
2626 795 2761 851 hunc
2780 800 2912 852 diem
2933 841 2950 867 ,
2972 811 3121 871 atque
3141 819 3313 858 omnes
3334 805 3450 859 vitta
3466 815 3642 861 vestra
3666 809 3774 863 dies
3800 811 4087 879 postulate.

2484 886 2735 943 Vidistin’
2754 905 2943 946 rursus
2963 894 3232 962 quomodo
3256 898 3564 952 universam
3596 899 3760 954 vitam
3794 903 3847 955 in
3872 906 4085 957 virtute

2488 983 2706 1054 transigi
2737 983 2953 1054 iubeat?
2979 984 3295 1044 Christianos
3323 998 3515 1044 vestros
3540 991 3705 1059 ﬁnes;
3730 1004 3785 1046 et
3807 994 3951 1063 quod
3982 994 4089 1049 bo.

2487 1090 2677 1130 norum
2704 1086 2864 1146 caput
2891 1085 2995 1144 est,
3017 1080 3153 1147 quod
3173 1081 3436 1136 honestum
3457 1092 3529 1136 est
3549 1093 3595 1137 et
3620 1084 3753 1152 quod
3770 1085 3917 1140 utile.
3943 1085 4089 1142 Nam

2487 1165 2631 1235 quod
2662 1165 2948 1222 honestum
2973 1184 3083 1222 non
3110 1178 3215 1233 est,
3247 1170 3296 1223 id
3325 1186 3395 1226 ne
3426 1172 3555 1227 utile
3584 1172 3800 1242 quidem
3829 1189 3952 1230 esse
3981 1190 4097 1245 po-

2491 1265 2615 1311 test.
2650 1258 2768 1311 Alia
2793 1260 2937 1313 enim
2986 1275 3165 1315 rerum
3194 1261 3403 1315 utilium
3433 1263 3573 1332 apud
3605 1280 3704 1319 nos
3733 1273 3921 1319 natura
3953 1274 4047 1321 est
4072 1307 4090 1329 .

2490 1364 2650 1419 quam
2688 1351 2878 1421 vulgus
2903 1352 3173 1422 opinatur.
3214 1353 3314 1425 Vos
3340 1354 3476 1422 ipsos
3510 1353 3614 1409 Deo
3640 1357 3820 1410 viventi
3843 1355 4093 1412 σεωιή-

2468 1450 2567 1525 'sto
2593 1442 2755 1512 ipsius
2780 1445 3149 1500 commendate.
3190 1444 3438 1500 Nondum
3467 1447 3610 1501 enim
3662 1450 3763 1502 lioc
3794 1448 3901 1504 illis
3928 1464 4095 1505 com—

2492 1534 2777 1603 mittimus,
2806 1546 2865 1591 nt
2902 1552 3002 1606 pro
3024 1538 3146 1593 aliis
3176 1547 3332 1593 orent
3354 1580 3368 1604 ,
3400 1540 3494 1593 sed
3527 1541 3780 1608 prmclarc
3808 1541 3893 1611 agi
3922 1552 4099 1612 puta-

2493 1643 2635 1694 mus,
2664 1629 2709 1683 si
2738 1644 2836 1701 pro
2852 1630 3049 1700 seipsis
3069 1646 3226 1687 orare
3247 1640 3463 1701 queant.
3486 1631 3719 1688 Videsne
3740 1647 3897 1702 quam
3922 1634 4096 1703 plena

2493 1730 2546 1775 et
2574 1720 2813 1776 numeris
2833 1722 3082 1777 omnibus
3101 1722 3343 1777 absoluta
3369 1723 3605 1793 precatio
3626 1724 3715 1790 sit,
3740 1725 3852 1779 sive
3878 1726 4101 1780 doctri-

2496 1827 2619 1867 nam
2674 1814 2790 1879 sive
2813 1813 2977 1869 vitam
3023 1815 3376 1871 consideres?
3417 1816 3549 1870 Nam
3587 1830 3708 1871 cum
3751 1818 4098 1888 evangelium

2495 1902 2746 1969 dicimus,
2779 1918 2901 1976 cum
2931 1904 3350 1975 incorruptionis
3380 1906 3752 1963 indumentum
3777 1950 3793 1973 ,
3821 1923 3942 1963 cum
3988 1925 4099 1965 re-

2496 1994 2863 2064 generationis
2888 1995 3180 2062 Iavacrum,
3202 1997 3501 2052 doctrinam
3530 1999 3830 2054 universam
3857 1999 3940 2056 his
3962 2016 4107 2058 ver-

2498 2089 2585 2145 bis
2629 2091 3061 2161 complectimur.
3113 2092 3322 2147 Rursus
3351 2108 3475 2147 eum
3522 2102 3756 2149 mentem
3781 2093 3959 2149 divino
3987 2112 4105 2150 nu-

2498 2181 2645 2236 mine
2662 2180 2894 2236 aiﬁatam
2916 2224 2929 2247 ,
2962 2198 3083 2237 cum
3102 2183 3337 2238 sobriam
3366 2184 3766 2255 cogitationem,
3792 2198 3913 2238 cum
3931 2183 4106 2241 deuio

2499 2290 2606 2344 que
2631 2282 2824 2329 cietera
2848 2316 2863 2341 ,
2891 2289 3011 2345 qua:
3044 2290 3072 2329 a
3116 2276 3275 2332 nobis
3299 2285 3720 2337 commemorata
3748 2286 3893 2341 sunt.
3920 2278 4103 2336 vitam

2501 2367 2889 2437 signiﬁcamus.
2922 2368 3146 2423 Demum
3172 2382 3269 2423 eos
3296 2368 3473 2438 capita
3499 2369 3761 2425 inclinare
3804 2368 4102 2438 iubemus,

2504 2458 2609 2513 hoc
2638 2458 2889 2514 videlicet
2936 2469 3252 2530 argumento
3300 2476 3489 2531 preces
3514 2460 3796 2516 exauditas
3823 2475 3943 2516 esse
3970 2471 4104 2517 sta-

2504 2557 2737 2615 tuentes,
2770 2551 2913 2620 quod
2934 2551 3075 2606 Deus
3098 2567 3192 2607 eos
3212 2552 3518 2608 benedicat.
3546 2553 3731 2624 Neque
3756 2554 3898 2608 enim
3926 2554 4106 2610 homo

2503 2650 2589 2696 est
2618 2643 2707 2711 qui
2738 2641 3038 2707 benedicit,
3069 2642 3163 2697 sed
3207 2658 3304 2711 per
3346 2644 3490 2699 illius
3519 2660 3740 2699 manum
3768 2660 3833 2699 ac
3855 2644 4102 2715 linguam

2504 2732 2617 2802 regi
2640 2733 2740 2802 ipsi
2757 2733 2930 2803 capita
2952 2749 3164 2800 eorum,
3189 2736 3280 2804 qul
3311 2734 3528 2800 adsunt,
3550 2735 3849 2791 oderimus.
3880 2737 4103 2791 Actum

2506 2824 2797 2881 inclamant
2817 2839 3029 2893 omnes,
3061 2827 3241 2882 Amen.
3276 2827 3399 2882 Haec
3426 2836 3606 2884 autem
3630 2828 3809 2885 omnia
3834 2845 4102 2901 quorsum

2506 2915 2784 2971 tandema
2816 2933 2904 2973 me
2947 2918 3090 2973 dicta
3136 2920 3296 2973 sunt?
3341 2919 3413 2976 Ut
3460 2919 3683 2975 doceam
3731 2935 3831 2976 nos
3859 2921 4102 2977 aliorum

2505 3009 2787 3063 commoda
2814 3025 3060 3079 quaerere
3088 3010 3315 3076 debere,
3346 3024 3409 3065 ac
3433 3026 3501 3065 ne
3524 3020 3712 3081 putent
3742 3010 3927 3066 ﬁdeles
3954 3013 4103 3078 huic,

2506 3116 2627 3155 cum
2675 3102 3002 3166 recitantur,
3049 3102 3181 3157 nihil
3225 3102 3293 3157 ad
3324 3118 3384 3159 se
3413 3105 3708 3173 pertinere.
3738 3102 3920 3172 Neque
3950 3107 4104 3159 enim

2507 3191 2572 3245 ad
2601 3192 2833 3261 parietes
2862 3192 3121 3249 diaconus
3156 3194 3411 3264 loquitur,
3440 3210 3563 3249 cum
3609 3195 3722 3259 ait,
3759 3193 3973 3249 Oremus
4004 3212 4107 3265 pro

2506 3282 2900 3338 catechumenis.
2929 3285 3127 3340 Verum
3179 3285 3419 3339 nonnulli
3465 3286 3601 3341 adeo
3629 3297 3870 3342 amentes
3890 3329 3905 3350 ,
3937 3298 4110 3357 atque

2509 3375 2683 3445 ignavi
2708 3390 2772 3430 ac
2801 3376 3046 3431 dissoluti
3074 3387 3222 3441 sunt,
3252 3386 3309 3430 ut
3338 3392 3442 3431 non
3472 3378 3634 3432 modo
3668 3380 3721 3432 in
3748 3378 4109 3438 catechume-

2509 3484 2721 3532 norum,
2757 3468 2851 3523 sed
2883 3469 3043 3523 etiam
3075 3469 3310 3524 ﬁdelium
3344 3479 3585 3541 tempore
3615 3480 3757 3526 stent
3783 3483 3942 3541 atque
3965 3488 4109 3529 con-

2513 3558 2836 3614 inliulentur.
2884 3560 3019 3615 Hinc
3062 3562 3242 3617 omnia
3284 3562 3541 3617 subversa
3572 3570 3732 3626 sunt,
3765 3563 3890 3619 hinc
3915 3567 4111 3622 omnia

2513 3654 2787 3721 perierunt
2819 3670 2831 3705 :
2864 3654 2986 3722 quia
3015 3669 3121 3724 quo
3154 3663 3394 3723 tempore
3424 3656 3662 3709 maxime
3692 3654 3989 3710 curandum
4017 3667 4112 3712 est

2511 3753 2569 3798 ut
2597 3743 2765 3798 Deum
2805 3744 2963 3800 nobis
2995 3745 3405 3799 reconciliemus
3428 3785 3443 3809 ,
3474 3744 3578 3799 hoc
3623 3747 3740 3814 ipso
3770 3746 3838 3798 ita
3865 3744 4110 3801 discedi-

2511 3848 2632 3888 mus
2652 3874 2667 3894 ,
2697 3842 2750 3886 ut
2782 3833 2899 3901 eius
2943 3832 3074 3887 iram
3107 3834 3158 3887 in
3190 3848 3286 3887 nos
3315 3834 3667 3889 concitemus.
3699 3834 3975 3902 Siquidem
4004 3851 4106 3892 co-

2511 3940 2624 3978 ram
2659 3924 2906 3979 lidelibus
2932 3940 3029 3994 pro
3055 3925 3343 3994 episcopis,
3374 3941 3470 3995 pro
3498 3926 3848 3996 presbyteris,
3877 3941 3977 3997 pro
4008 3943 4109 3983 re-

2511 4017 2701 4084 gibus,
2743 4032 2839 4086 pro
2892 4016 3341 4086 imperatoribus,
3392 4030 3491 4086 pro
3534 4026 3673 4071 terra
3719 4028 3775 4073 et
3804 4020 3971 4084 mari,
4004 4035 4110 4089 pro

2512 4109 2653 4161 aeris
2679 4109 2937 4178 temperie
2959 4149 2974 4174 ,
3004 4107 3238 4178 denique
3269 4124 3365 4178 pro
3395 4110 3647 4166 universo
3674 4120 3939 4165 terrarum
3968 4113 4107 4171 orbo

2513 4200 2797 4268 benignum
2823 4198 3103 4253 Dominum
3127 4198 3277 4253 adire
3293 4198 3566 4268 iubemur.
3594 4198 3957 4267 Quamobrem
3975 4216 4104 4259 cum

2514 4306 2633 4355 nos,
2652 4290 2739 4361 qui
2768 4300 2913 4345 tanta
2942 4289 3131 4346 ﬁducia
3154 4291 3363 4360 prarditi
3393 4305 3516 4346 esse
3543 4290 3828 4356 debemus,
3859 4294 4101 4349 utetiam

2514 4398 2609 4452 pro
2651 4384 2771 4439 aliis
2800 4397 3055 4449 oremus,
3102 4398 3171 4439 ne
3212 4392 3310 4451 pro
3356 4382 3513 4437 nobis
3553 4380 3768 4451 quidem
3798 4390 4007 4440 attento
4037 4401 4103 4442 ac

2514 4474 2751 4544 vigilanti
2814 4476 2997 4529 animo
3044 4488 3365 4542 precemur,
3419 4474 3640 4540 quinam
3693 4477 4097 4543 excusationis,

2510 4568 2728 4635 quinam
2760 4567 2931 4620 venite
2980 4564 3136 4619 nobis
3167 4565 3319 4619 locus
3355 4580 3476 4622 esse
3518 4567 3720 4638 possit?
3764 4569 3842 4623 Ac
3872 4570 4101 4638 proinde

2510 4658 2758 4723 obsecro,
2789 4666 2848 4709 ut
2872 4656 2986 4710 hsce
3012 4657 3189 4711 omnia
3217 4657 3399 4712 animo
3425 4673 3491 4713 ac
3516 4667 3697 4715 mente
3726 4659 4099 4727 complecten-

2513 4755 2626 4808 tcs,
2662 4744 2986 4815 precationis
3030 4746 3252 4817 tempus
3292 4761 3680 4813 agnoscamus,
3728 4746 4099 4820 sulilimesque

2510 4840 2797 4896 efferamur
2824 4848 2985 4910 atque
3014 4856 3044 4895 a
3075 4850 3215 4897 terra
3256 4840 3577 4896 excedamus
3598 4880 3613 4903 ,
3648 4839 3931 4911 ipsumque
3977 4843 4097 4898 οιτιί

2510 4934 2769 5009 fornicem
2810 4934 3171 5005 attingamus.
3216 4920 3280 4989 ut.
3317 4933 3484 4986 Deum
3531 4931 3683 4986 nobis
3721 4933 4012 5003 propitium
4043 4946 4099 4989 et

2510 5023 2776 5095 placidum
2804 5024 3053 5091 reddere,
3081 5039 3143 5080 ac
3172 5024 3436 5093 promissa
3463 5021 3602 5077 bona
3632 5024 3889 5093 consequi
3920 5026 4097 5095 possi-

2506 5131 2664 5172 mus:
2688 5133 2808 5189 quae
2831 5116 3033 5170 utinam
3059 5113 3314 5182 consequi
3337 5112 3492 5169 nobis
3516 5116 3813 5183 contingat,
3845 5130 3942 5186 per
3968 5131 4061 5186 gra
4078 5145 4095 5157 -

2508 5208 2636 5263 tiam
2666 5223 2729 5263 ac
2756 5206 3179 5263 misericordiam
3212 5202 3423 5258 Domini
3473 5206 3644 5261 nostri
3689 5205 3814 5261 Jesu
3840 5205 4044 5261 Christi
4069 5247 4083 5272 ,

2507 5299 2721 5369 quicum
2741 5285 2886 5355 Patri
2905 5307 2961 5355 et
2981 5295 3199 5375 Spiritui
3224 5303 3411 5352 sancto
3431 5296 3622 5367 gloria,
3650 5296 3958 5367 imperium,
3987 5295 4090 5351 llo-

2506 5408 2641 5459 nor,
2693 5409 2832 5449 nunc
2878 5400 2932 5449 et
2981 5404 3232 5461 semper,
3282 5400 3338 5445 et
3386 5390 3439 5443 in
3480 5388 3678 5445 smcula
3738 5388 4087 5444 saiculorum.

2506 5485 2699 5542 Amen.
