4060 6346
172 349 280 404 403

167 474 374 521 αυτους
405 457 675 524 συνεθίζει
700 460 921 524 εἰδέναι,
945 461 1028 514 ὅτι
1051 461 1412 533 ἀναγέννησις
1441 461 1503 516 τὸ
1524 462 1764 533 πρᾶγμά

164 550 314 612 ἔστι,
339 550 435 603 καὶ
465 549 628 604 πάλιν
657 549 1003 620 γεννώμεθα,
1028 549 1221 623 ῶσπερ
1248 552 1359 605 ἀπὸ
1381 552 1481 622 τῆς
1518 555 1758 623 μήτρας,

163 638 345 703 οὕτως
379 641 489 694 ἀπὸ
512 639 625 693 τῶν
650 640 880 694 ὐδάτωνο
915 642 1005 694 ἶνα
1047 641 1123 712 μὴ
1150 641 1351 711 λέγωσι
1378 643 1521 697 κατά
1542 643 1635 696 τὸν
1662 644 1761 697 Νι-

163 731 300 801 κόδη
310 717 447 801 μονξ
463 730 594 797 Πῶς
627 730 883 787 δύναταί
911 749 1002 798 τις
1027 732 1391 802 γεννηθῆναι
1418 732 1609 803 γέρων
1632 734 1760 801 ῶν;

156 819 251 889 μὴ
267 820 519 875 δύναται
543 824 631 888 είς
648 821 763 890 τὴν
782 824 1021 877 κοιλίαν
1036 821 1147 891 τῆς
1163 823 1394 891 μητρὸς
1418 825 1609 880 αὐτοῦ
1632 829 1759 881 εισ-

160 910 406 974 ελθεῖν,
450 910 547 965 καί
606 911 975 981 γεννηθῆναι
1031 910 1512 980 ἇνωθενμΕῖτα,
1564 916 1756 989 ἐπειδὴ

160 1002 361 1070 ἄφεσιν
395 998 549 1058 εἶπεν
577 1002 883 1075 ἁμαρτιῶν,
913 1002 1001 1056 διὰ
1029 1003 1140 1057 τῶν
1162 1004 1291 1075 ἑξῆς
1326 1006 1498 1077 αὐτὴν
1530 1008 1757 1062 πιστοῦ-

159 1111 255 1148 ται
288 1094 479 1163 λέγων·
518 1095 628 1149 Τοῦ
650 1093 983 1164 ἐνδύματος
1005 1092 1119 1163 τῆς
1147 1095 1509 1164 ἀφθαρσίας.
1556 1098 1616 1152 '0
1644 1100 1756 1171 7&9

162 1185 395 1256 υίότητα
422 1186 764 1255 ἐνδυόμενος,
792 1184 955 1254 δῆλον
991 1186 1076 1238 δτι
1105 1185 1386 1257 ἄφθαρτος
1418 1179 1651 1250 γίνεται.
1686 1189 1755 1241 Τί

156 1274 220 1327 δέ
255 1275 428 1339 εστιν,
466 1275 564 1327 Ἐν
597 1271 781 1342 καιρῷ
815 1274 1072 1341 «Mirm;
1103 1276 1274 1331 Ὅταν
1304 1272 1364 1330 εὖ
1405 1277 1752 1349 διακείμενος

154 1360 217 1437 ᾖ,
262 1365 392 1417 ὅταν
431 1363 570 1434 μετά
615 1363 932 1436 προθυμίας
981 1366 1078 1419 καί⁸
1125 1366 1364 1431 πίστεως
1399 1371 1619 1442 προσίεγ
1652 1371 1748 1423 τοῦ

154 1456 270 1525 7&9
303 1454 496 1507 πιστοῦ
529 1455 721 1525 καιρὸς
751 1455 972 1519 εὐθετος
999 1451 1159 1520 οὗτός
1198 1459 1368 1510 εστιν.
1400 1459 1538 1513 Ἵνα
1572 1462 1746 1513 εὐλο-

152 1547 324 1615 τήσῃ
343 1548 451 1613 τὰς
473 1546 755 1615 είσόδους
772 1549 975 1603 αὐτῶν
996 1550 1095 1603 καί
1122 1549 1232 1616 τὰς
1246 1549 1523 1616 ἐξόδους,
1548 1550 1750 1604 πάντα

150 1638 265 1690 τὸν
304 1637 453 1702 ,ϐίον
492 1635 715 1693 αὐτῶν.
780 1638 1048 1693 Ἐνταῦθα
1091 1640 1150 1693 δὲ
1189 1641 1286 1694 καὶ
1325 1640 1639 1711 σωματικόν
1691 1658 1747 1695 τι

149 1728 329 1781 αίτεῖν
367 1725 716 1791 κελεύονται,
744 1727 824 1790 ὡς
858 1727 940 1781 ἔτι
970 1728 1354 1800 ἀσθενέστεροι
1383 1730 1557 1794 δντες.
1595 1730 1745 1796 Τοὺς

149 1817 363 1884 οικους
387 1817 609 1882 αὐτῶν,
637 1818 743 1872 καί
772 1818 882 1886 τὰς
910 1820 1194 1886 οίιιετίας.
1233 1820 1527 1875 Τουτέστιν
1544 1860 1561 1886 ,
1587 1822 1655 1876 ἀν
1684 1839 1745 1875 τε

148 1906 498 1978 θεράποντας
526 1907 746 1979 ἔχωσιν,
774 1910 841 1964 ἀν
872 1925 934 1962 τε
975 1911 1283 1977 συγγενεῖς,
1323 1910 1391 1964 ἀν
1427 1928 1487 1965 τε
1520 1911 1747 1982 έτέρους

146 1999 307 2063 τινας
344 2001 740 2070 προσήκοντας.
781 2000 969 2056 Ταῦτα
1000 2002 1112 2073 7&9
1156 1998 1227 2073 ἦν
1263 2003 1364 2074 τῆς
1395 2004 1647 2069 Παλαιᾶς
1676 2006 1745 2059 τά

146 2090 366 2144 επαθλα
387 2107 405 2125 ο
452 2090 547 2144 καὶ
598 2091 754 2145 οὐδέν
800 2091 944 2146 οὕτω
994 2093 1168 2148 δεινὸν
1226 2096 1403 2149 ὶδόκει
1456 2093 1618 2159 εῖναι,
1668 2097 1746 2161 ῶς

144 2182 373 2253 χηρεία,
414 2182 491 2247 ὡς
523 2184 775 2248 ἀπαιδία,
811 2184 888 2248 ὡς
924 2185 992 2238 τὰ
1023 2186 1195 2258 πένθη
1244 2188 1315 2241 τὰ
1350 2189 1539 2259 ἀωρα,
1574 2188 1651 2252 ὡς
1683 2189 1745 2242 τὸ

145 2274 207 2325 έν
237 2270 384 2345 Iul;
410 2274 571 2340 εἶναι,
608 2274 684 2339 ὡς
711 2276 772 2329 τὸ
801 2276 877 2348 μὴ
907 2277 968 2342 ἐξ
994 2278 1185 2350 οὐρίας
1212 2279 1282 2332 τά
1310 2280 1617 2351 πράγματα
1645 2282 1745 2336 αὐ·-

142 2367 263 2429 τοῖς
285 2364 572 2435 φέρεσθαι.
602 2369 702 2423 Διά
728 2368 793 2440 δὴ
824 2369 984 2423 τοῦτο
1013 2372 1109 2425 καὶ
1134 2372 1361 2435 τούτους
1388 2373 1616 2444 ἀφίησιν
1643 2375 1745 2445 έμ-

146 2455 482 2527 φιλοχωρεῖν
499 2461 633 2521 ταῖς
644 2460 896 2530 αίτήσεσι
911 2463 1035 2522 ταῖς
1066 2464 1574 2536 σωματικωτέραις,
1598 2464 1744 2518 κατά

148 2548 353 2617 μικρὸν
377 2548 576 2611 αὐτοὺς
605 2550 975 2614 ἀνασισάζων.
1002 2552 1176 2606 Τοῦτο
1197 2557 1308 2625 γὰρ
1337 2557 1433 2607 καὶ
1455 2557 1485 2608 ό
1506 2557 1744 2627 Χριστὸς

143 2638 319 2699 ποιεῖ,
351 2637 513 2692 τοῦτο
552 2640 648 2692 καὶ
673 2641 702 2691 ό
736 2641 971 2705 Παῦλος,
997 2643 1247 2697 παλαιῶν
1280 2647 1629 2716 μεμνημένος
1652 2648 1745 2701 εὐ-

144 2726 369 2795 λογιῶν·
417 2729 448 2780 ό
504 2728 604 2799 μὲν
662 2731 928 2801 Χριστὸς,
968 2734 1098 2787 ὅταν
1148 2734 1302 2806 λέγῃ·
1363 2736 1655 2805 Μακάριοι
1684 2741 1741 2792 οί

143 2818 382 2888 πραεῖς,
410 2819 498 2873 ὅτι
520 2821 693 2875 αὐτοί
722 2823 1260 2893 κληρονομήσουσι
1284 2825 1424 2894 τῆν’
1455 2829 1485 2881 ό
1504 2826 1561 2880 δὲ
1590 2827 1742 2881 Παῦ-

142 2910 271 2975 λος,
306 2909 456 2978 Τίμα
492 2910 601 2965 τόν
637 2914 865 2982 πατέρα
895 2931 1012 2969 σου
1043 2916 1142 2971 καί
1178 2915 1295 2983 τὴν
1327 2916 1558 2986 μητέρα
1596 2935 1736 2984 σου,

142 3000 252 3055 καί
277 3001 396 3069 ἔσῃ
424 3005 867 3073 μακροχρόνιος
886 3006 987 3059 ἐπὶ
1014 3006 1126 3076 τῆς
1153 3006 1286 3077 γῆς.
1326 3009 1402 3062 Τὰ
1426 3010 1612 3064 τέκνα
1634 3012 1742 3065 αὐ-

139 3091 271 3145 τῶν
310 3092 410 3145 ἵνα
435 3093 719 3162 αὐξήσας
742 3096 1075 3168 εὐλογήσῃ,
1107 3099 1209 3153 καί
1250 3101 1338 3167 εις
1358 3101 1583 3172 μέτρον
1606 3102 1742 3171 ἠλις-

141 3183 287 3251 κέας
327 3184 571 3254 ἀγαγὼν
605 3188 861 3257 σοφίσῃ.

213 3278 292 3344 η’.
313 3274 482 3328 Πάλιν
512 3276 748 3331 ένταῦθα
773 3279 871 3333 καὶ⁵
887 3282 1204 3350 σωματικὸν
1226 3281 1320 3337 καὶ
1342 3286 1735 3355 πνευματικὸν,

142 3365 250 3419 ἀτε
266 3366 697 3437 νηπιωδέστερον
720 3369 1105 3441 διακειμένοις.
1122 3366 1255 3425 Εἶτα
1271 3373 1331 3427 τὸ
1352 3373 1579 3445 ὓστερον
1606 3374 1740 3429 καθ-

140 3456 272 3510 όλου
311 3460 714 3528 πνευματικόν*
749 3461 878 3516 Ἵνα
938 3464 1275 3533 κατευθύνῃ
1306 3465 1513 3534 αὐτοῖς
1541 3468 1739 3522 πάντα

142 3550 222 3605 τὰ
250 3552 615 3621 προκείμενα
643 3554 793 3621 πρὸς
823 3554 891 3607 τὸ
931 3557 1268 3625 συμφέρον.
1304 3558 1379 3610 Οὐ
1410 3559 1518 3628 7&9
1549 3560 1740 3625 ἁπλῶς

142 3642 216 3695 τὰ
251 3642 611 3712 προκείμενα,
664 3643 801 3698 ἀλλά
848 3645 989 3718 πρὸς
1028 3647 1089 3699 τὸ
1120 3648 1419 3719 συμφέρον.
1469 3650 1739 3714 Πολλάκις

141 3731 256 3803 7&9
275 3734 567 3804 πρόκειται
590 3733 891 3807 ἀποδημία,
919 3735 1036 3789 ἀλλ’
1057 3737 1118 3789 οὐ
1146 3739 1416 3809 συμφέρει
1434 3755 1446 3769 °
1471 3739 1657 3811 ἔτερόν
1687 3759 1738 3795 τι

138 3824 411 3888 τοιοῦτον,
469 3823 585 3879 ἀλλ’
637 3827 741 3880 οὐκ
795 3827 913 3881 εστι
964 3826 1301 3884 λυσιτελοῦν.
1350 3831 1483 3885 Ἀπὸ
1532 3834 1738 3889 τούτων

142 3914 497 3971 παιδεύονται
528 3918 584 3970 έν
625 3920 795 3972 πᾶσιν
830 3918 1174 3991 εὐχαριστεῖν
1203 3919 1281 3991 τῷ
1313 3921 1452 3992 Θεῷ,
1484 3922 1561 3987 ὡς
1600 3941 1738 3996 συμ-

140 4005 426 4077 φερόντως
452 4005 782 4075 γινομένοις.
831 4008 945 4062 Καὶ
979 4009 1119 4079 μετά
1164 4008 1338 4064 ταῦτα
1364 4012 1543 4065 πάντα
1589 4013 1736 4081 έγείο

140 4097 337 4168 ρεσθαι
368 4097 583 4151 κελεύει
611 4098 820 4154 λοιπόν.
870 4100 1141 4171 Πρότερον
1177 4101 1286 4172 γὰρ
1328 4104 1530 4169 αὐτοὺς
1559 4106 1736 4177 χαμαὶ

140 4190 331 4261 ῥίψας,
362 4190 451 4243 ὅτε
482 4189 691 4262 ᾔτησαν
726 4191 870 4263 ἀπερ
914 4192 1125 4265 ᾔτησαν
1157 4195 1250 4247 καὶ¹
1295 4197 1612 4269 παῤῥησίας
1646 4201 1733 4252 ὲν-

138 4280 513 4353 επλήσθησαν,
557 4280 712 4355 [440]
756 4284 1041 4356 ἀνίστησιν
1089 4286 1286 4351 αὐτοὺς
1328 4289 1357 4341 ό
1404 4286 1582 4357 λόγος,
1637 4292 1730 4344 καὶ

137 4372 355 4428 κελεύει
383 4372 568 4427 λοιπὸν
597 4376 693 4429 καὶ
720 4376 918 4439 αὐτοὺς
945 4375 1166 4447 ἔχεσθαι
1195 4378 1295 4448 τῆς
1323 4380 1459 4450 πρὸς
1484 4381 1575 4433 τὸν
1597 4383 1729 4437 Θεὸν

137 4464 452 4535 ἱκετηρίας.
491 4465 572 4518 Τά
614 4465 713 4536 μὲν
742 4466 852 4537 7&9
881 4469 1044 4537 ἡμεῖς
1080 4466 1333 4538 λέγομεν,
1366 4469 1434 4523 τά
1458 4471 1516 4523 δὲ
1546 4474 1729 4538 αὐτοῖς

136 4557 537 4626 έπιτρέπομεν,
582 4556 684 4627 ήδη
718 4556 820 4620 τὰς
854 4557 1027 4628 θύρας
1070 4557 1256 4622 αὐτοῖς
1288 4560 1600 4629 ἀνοίγοντες
1634 4564 1728 4617 τοῦ

132 4649 311 4701 αίτεῖν
332 4662 347 4677 ’
381 4646 633 4716 καθάπερ
660 4647 787 4709 τοὺς
820 4648 1017 4711 παῖδας
1049 4648 1315 4719 πρότερον
1351 4651 1451 4719 μὲν
1475 4653 1630 4705 αὐτοὶ
1651 4652 1729 4705 διο

131 4737 435 4807 δάσκομεν,
468 4736 660 4791 ἔπειτα
706 4738 763 4790 δὲ
805 4737 902 4791 καὶ
933 4737 1000 4791 δι’
1028 4739 1237 4792 έαυτῶν
1265 4740 1602 4810 φθέγγεσθαι
1634 4761 1727 4798 κε-

130 4827 371 4898 λεύομεν
447 4827 697 4896 λέγοντες
725 4845 739 4858 ·
814 4828 926 4883 Τὸν
987 4830 1249 4901 ἅττ-ελον
1306 4833 1419 4901 τῆς
1482 4835 1728 4904 εἰρήνης

129 4921 447 4991 αίτήσατε,
475 4925 530 4975 οί
561 4925 1019 4993 κατηχούμενοι.
1055 4925 1211 4978 Ἔστι
1238 4925 1347 4994 7&9
1372 4928 1601 4996 ἄγγελος
1632 4932 1727 4984 κό-

129 5012 290 5066 λασιν
325 5012 483 5082 ἔχων,
513 5012 588 5078 ὡς
606 5015 735 5068 ὅταν
755 5014 909 5086 λέγῃ·
950 5016 1323 5085 Ἀποστολὴν
1352 5020 1427 5071 δι’
1454 5022 1728 5090 ἀγγέλων

127 5100 438 5172 πονηρῶν.
460 5104 650 5158 Ἔστιν
678 5105 800 5158 όλοθ
811 5107 1024 5177 ρευτής.
1062 5108 1163 5173 Διά
1194 5108 1354 5163 τοῦτο
1375 5112 1465 5165 τὸν
1493 5114 1725 5182 ἄγγελον

127 5194 235 5262 τῆς
256 5194 480 5265 είρήνης
509 5195 803 5266 κελεύομεν
827 5198 1021 5261 αἰτεῖν,
1056 5200 1429 5267 παιδεύοντες,
1453 5203 1482 5255 δ
1504 5205 1725 5261 πάντων

127 5281 251 5334 ἐστὶ
268 5280 565 5354 σύνδεσμος
580 5286 690 5340 τῶν
704 5289 1171 5363 ἀγαθῶν,είρήνη,
1190 5292 1349 5346 τοῦτο
1361 5293 1566 5364 ζητεῖν,
1582 5296 1723 5353 ὥστε

128 5373 321 5441 πάσης
359 5372 714 5445 ἀπηλλάχθαι
762 5382 967 5451 μάχης,
1007 5384 1212 5446 παντὸς
1249 5384 1511 5453 πολέμου,
1541 5388 1723 5459 πάσης

130 5461 699 5533 στάσεωςη.81ρηνικὰ
716 5469 864 5537 ὑμῖν
879 5471 1078 5526 πάντα
1102 5472 1173 5529 τὰ
1193 5475 1573 5544 προκείμενα.
1600 5480 1720 5534 Κᾶν

1262 348 1329 404 IN
1361 347 1580 404 EPIST.
1606 349 1650 403 11
1682 347 1774 403 AD
1793 346 1955 405 (ΞΟΠ.
1983 345 2223 404 ΒΟΜΙΙ...
2254 347 2317 402 ll.

3345 346 3450 405 ωι

1866 462 1974 533 7&9
2010 462 2267 534 φορτικὸν
2363 478 2441 526 τι,
2470 460 2696 532 είρήνην
2717 459 2775 513 δὲ
2796 457 2917 530 ἔχη,
2944 457 3150 526 κοῦφόν
3185 460 3322 514 ἐστι.
3354 464 3455 516 Διά

1862 551 2021 604 τοῦτο
2048 554 2143 605 καὶ
2170 554 2199 605 ὀ
2221 551 2457 622 Χριστὸς
2489 550 2676 619 ἔλεγεν
2703 568 2719 581 ·
2741 548 3011 619 Εἰρήνην
3032 549 3151 617 τὴν
3183 552 3341 618 ἐμὴν
3368 547 3461 603 δί-

1861 643 2007 713 δωμι
2064 644 2227 713 ὑμῖν.
2284 643 2455 697 Οὐδὲν
2504 643 2617 714 7&9
2667 642 2842 705 οὕτως
2892 641 3057 695 ὅπλον
3094 643 3317 713 ἰσχυρὸν
3376 641 3458 715 τῷ

1859 736 2103 807 διοὸόλῳ,
2132 736 2208 800 ὡς
2231 736 2381 807 μάχη
2403 737 2496 790 καὶ
2522 735 2691 806 ἔχθρα
2722 736 2817 788 καὶ
2844 735 3095 805 πόλεμος.
3126 732 3457 803 Ειρηνικὴν

1859 825 1977 893 τὴν
2023 826 2348 894 παροῦσαν
2383 826 2636 895 ἡμέραν,
2690 825 2789 879 καί
2825 824 3029 890 πάσας
3081 825 3189 889 τὰς
3225 823 3451 892 ἡμέρας

1856 918 1969 985 τῆς
1998 917 2149 987 ζωῆς
2186 917 2354 987 ὑμῶν
2390 916 2744 983 αΙτήσασθε.
2789 912 2942 980 Εἶδες
2992 915 3109 978 πῶς
3137 915 3298 969 πάλιν
3330 916 3450 968 ὁλό-

1857 1009 2062 1080 κληρον
2096 1008 2186 1063 τὸν
2218 1008 2334 1079 βίον
2366 1010 2425 1063 έν
2456 1010 2626 1079 ἀρετῇ
2677 1008 2894 1062 κελεύει
2917 1004 3088 1075 είναι;
3124 1010 3452 1078 Χριστιανὰ

1856 1098 2023 1171 ὑμῶν
2049 1100 2122 1154 τὰ
2166 1100 2342 1167 τέλη’
2372 1100 2436 1153 τὸ
2467 1099 2768 1167 κεφάλαιον
2812 1100 2921 1171 τῶν
2953 1099 3199 1168 ἀγαθῶν,
3246 1101 3312 1152 τὸ
3345 1116 3451 1152 κα·-

1852 1192 1969 1246 λὸν
2029 1190 2129 1244 καὶ
2190 1191 2257 1244 τὸ
2324 1189 2656 1260 συμφέρον.
2719 1192 2785 1244 ὐ
2816 1192 2925 1262 7&9
2984 1192 3058 1261 μὴ
3108 1192 3293 1254 καλὸν,
3328 1191 3451 1245 οὐδὲ

1854 1283 2157 1352 συμφέρον.
2193 1282 2361 1352 Ἀλλη
2389 1284 2499 1351 γὰρ
2527 1282 2660 1351 παρ’
2689 1284 2822 1353 ἡμῖν
2849 1282 2958 1334 τῶν
2988 1282 3383 1351 συμφερόντων
3409 1284 3446 1351 ἡ

1851 1374 2017 1442 φύσις
2067 1373 2219 1444 παρά
2270 1372 2368 1443 τὴν
2415 1373 2529 1427 τῶν
2567 1372 2776 1426 πολλῶν
2828 1372 3118 1443 ὑπόληψιν.
3164 1371 3448 1437 Ἑαυτοὺς

1848 1461 1929 1527 τῷ
1960 1462 2127 1522 ζῶντι
2159 1462 2281 1527 Θεῷ
2325 1463 2425 1516 καί
2457 1462 2539 1528 τῷ
2568 1461 2801 1531 Χριστῷ
2833 1463 3020 1517 αὐτοῦ
3049 1463 3444 1532 παραθέσθαι.

1849 1540 2019 1608 οὔπω
2070 1555 2179 1626 7&9
2225 1557 2336 1609 τῶν
2375 1557 2516 1626 ὑπὲρ
2569 1557 2774 1628 ἐτέρων
2815 1558 3000 1620 αὐτοῖς
3052 1558 3442 1629 ἐπιτρέπομεν,

1846 1646 1961 1699 ἀλλ’
1981 1658 2007 1685 ι
2040 1646 2325 1714 ἀγαπητὸν
2351 1647 2493 1719 ὑπὲρ
2520 1646 2705 1700 αὐτῶν
2726 1647 2989 1701 δύνασθαι
3022 1648 3255 1702 δεῖσθαι.
3290 1644 3447 1711 Εἶδες

1845 1735 2013 1805 εὐχὴν
2042 1734 2486 1805 ἀπηρτισμένην,
2525 1735 2619 1789 καὶ
2651 1734 2942 1805 δογμάτων
2986 1735 3175 1790 ἕνεκεν
3217 1736 3314 1789 καὶ
3343 1753 3444 1789 πο-

1845 1823 2081 1889 λιτείας;
2113 1824 2284 1878 Ὅταν
2303 1825 2413 1895 7&9
2440 1824 2773 1893 Εὐαγγέλιον
2798 1825 3065 1895 εἴπωμεν,
3084 1826 3214 1879 ὅταν
3239 1826 3445 1896 ἔνδυμα

1847 1911 2181 1982 ἀφθαρσίας,
2222 1912 2351 1964 ὅταν
2378 1911 2607 1983 λουτρὸν
2631 1911 3075 1981 παλιγγενεσίας,
3100 1914 3167 1967 τά
3193 1913 3444 1985 δόγματα

1846 2002 2081 2071 εἴπομεν
2130 2002 2341 2056 πάντα·
2387 2005 2519 2059 ὅταν
2572 2003 2698 2057 νοῦν
2755 2003 2959 2067 ένθεον,
3008 2004 3136 2058 ὅταν
3184 2004 3442 2076 σώφρονα

1846 2093 2129 2163 λογισμὸν,
2178 2094 2307 2147 ὅταν
2333 2094 2405 2148 τά
2443 2094 2579 2169 ἄλλα
2613 2095 2759 2166 ἀπερ
2788 2096 3116 2167 εἰρήκαμεν,
3150 2095 3253 2167 τὴν
3290 2096 3443 2149 πολι-

1844 2184 1999 2236 τείαν
2047 2182 2375 2254 ῂνιξάμεθα.
2406 2179 2543 2238 Εῐτα
2579 2183 2763 2239 κλῖναι
2808 2185 2911 2248 τὰς
2947 2185 3191 2254 κεφαλὰς
3216 2184 3443 2239 κελεύο-

1848 2288 1971 2342 μεν,
1998 2262 2301 2343 τεκμήριον
2328 2272 2425 2327 τοῦ
2451 2274 2549 2339 τάς
2572 2276 2743 2345 εὐχάς
2763 2275 3100 2346 ἀκουσθῆναι
3124 2264 3440 2347 ποιούμενοι

1842 2362 1905 2417 τὸ
1935 2363 2028 2415 τὸν
2062 2363 2194 2415 Θεὸν
2237 2364 2504 2440 εὐλογςῖν.
2554 2366 2629 2419 Οὐ
2676 2365 2787 2436 7&9
2812 2365 2877 2435 δὴ
2910 2366 3199 2437 ἄνθρωπός
3229 2368 3379 2419 εστιν
3408 2366 3442 2419 ό

1844 2452 2108 2522 εὐλογῶν,
2153 2453 2290 2507 ἀλλά
2337 2454 2428 2508 διά
2473 2455 2574 2525 τῆς
2612 2455 2822 2509 ἐκείνου
2850 2456 3035 2526 χειρὸς
3064 2457 3160 2509 καὶ
3189 2457 3440 2529 γλώττης

1843 2542 1994 2612 αὐτῷ
2048 2544 2399 2613 προσάγομεν
2453 2541 2530 2612 τῷ
2580 2542 2803 2596 Βασιλεῖ
2852 2540 2954 2605 τάς
3013 2543 3262 2611 κεφαλὰς
3324 2542 3438 2598 τῶν

1843 2635 2215 2704 παρεστώτων
2236 2636 2287 2690 ιι.
2328 2634 2441 2688 Καὶ
2488 2633 2781 2687 επιόοιῖισιν
2820 2634 3062 2697 ἀπαντες
3092 2634 3175 2700 τὸ,
3226 2632 3434 2704 ’Δμήν.

1842 2718 2034 2773 Ταῦτα
2079 2721 2137 2773 δέ
2190 2738 2283 2790 μοι
2330 2722 2510 2778 πάντα
2560 2723 2706 2786 τίνος
2757 2721 2946 2775 ἕνεκεν
3001 2723 3253 2793 είρηται;
3310 2721 3436 2776 ἰνα

1840 2804 2037 2870 διδάξω
2066 2808 2148 2860 ὅτι
2183 2808 2246 2861 τὸ
2286 2809 2493 2879 ἑτέρων
2521 2810 2605 2862 δεῖ
2651 2811 2861 2880 ζητεῖν,
2899 2810 2989 2866 (va
3027 2811 3105 2883 μὴ
3136 2812 3436 2882 νομίσωσιν

1839 2900 1889 2951 οί
1914 2899 2096 2951 πιστοὶ
2144 2899 2313 2970 μηδὲν
2350 2895 2491 2954 εῖναι
2522 2901 2660 2970 πρὸς
2704 2902 2926 2967 αὐτοὺς,
2962 2904 3093 2956 ὅταν
3138 2904 3317 2960 ταῦτα
3344 2906 3435 2960 λέο

1842 3005 2033 3061 γηται.
2075 2990 2151 3042 Οὐ
2205 2989 2317 3061 7&9
2367 2991 2433 3062 δὴ
2481 2994 2597 3056 τοῖς
2636 2992 2839 3063 τοίχοις
2890 2996 2919 3047 ό
2973 2994 3224 3060 διάκονος
3258 2997 3433 3064 λέγει’

1841 3078 2153 3150 Δεηθῶμεν
2194 3080 2350 3149 ὑπὲρ
2396 3080 2516 3135 τῶν
2548 3082 3036 3153 κατηχουμένων.
3083 3084 3247 3140 ’Δλλά
3287 3101 3436 3151 τινες

1841 3168 2015 3233 οὕτως
2039 3170 2178 3222 είσὶν
2217 3168 2437 3241 ἀνόητοι
2465 3173 2561 3225 καὶ
2588 3170 2785 3241 βλᾶκες
2811 3171 2905 3226 καὶ
2934 3171 3330 3243 διαλελυμένοι,
3354 3174 3434 3238 ὡς

1843 3257 1919 3329 μὴ
1950 3259 2111 3327 μόνον
2140 3260 2200 3311 ὲν
2227 3258 2305 3329 τῷ
2340 3260 2515 3330 καιρῷ
2545 3260 2656 3314 τῶν
2697 3262 3142 3331 κατηχουμένων,
3173 3261 3311 3316 ἀλλά
3332 3262 3433 3316 καὶ

1842 3350 1899 3400 ὲν
1931 3347 2009 3418 τῷ
2054 3349 2235 3419 καιρῷ
2278 3348 2389 3402 τῶν
2418 3350 2630 3403 πιστῶν
2676 3352 2901 3405 ἑστάναι
2929 3353 3023 3406 καὶ
3058 3351 3430 3423 διαλέγεσθαι.

1854 3439 2133 3493 Ἐντεῦθεν
2173 3442 2351 3495 πάντα
2392 3440 2774 3511 διέστραπται,
2823 3441 3076 3496 ἐντεῦθεν
3106 3443 3287 3497 πάντα
3322 3445 3431 3497 ἀπ-

1843 3531 2064 3595 όλωλεν,
2094 3532 2178 3584 ὅτι
2208 3533 2265 3585 έν
2298 3530 2377 3603 τῷ
2406 3531 2607 3603 καιρῷ,
2631 3533 2691 3585 έν
2724 3524 2769 3599 ᾧ
2797 3530 3035 3603 μάλιστα
3067 3532 3149 3585 δεῖ
3172 3534 3267 3587 τὸν
3295 3532 3429 3587 Θεὸν

1839 3620 2253 3684 καταλλάττειν,
2319 3623 2377 3675 έν
2435 3622 2609 3692 τούτῳ
2676 3610 3074 3693 παροξύνοντες
3099 3635 3121 3663 ε
3196 3624 3426 3695 ἄπιμεν.

1839 3708 1947 3763 Καὶ
1999 3707 2110 3779 7&9
2153 3709 2248 3762 ἐπὶ
2298 3708 2409 3762 τῶν
2463 3709 2674 3762 πιστῶν
2725 3711 2865 3779 ὑπέρ
2911 3712 3249 3779 ἐπισκόπων,
3284 3712 3426 3785 ὐπὶρ

1838 3800 2252 3873 πρεσϐυτέριον,
2292 3800 2434 3873 ὑπὲρ
2482 3800 2769 3873 βασιλέων,
2808 3802 2949 3873 ὑπὲρ
2993 3804 3105 3856 τῶν
3156 3803 3426 3874 κρατούν-

1836 3909 1968 3955 των,
2002 3892 2144 3963 ὐπὲρ
2173 3893 2278 3963 γῆς
2303 3894 2399 3948 καὶ
2426 3892 2725 3965 θαλάσσης,
2756 3894 2897 3967 ὑπὲρ
2924 3894 3125 3967 ἀέρων,
3158 3895 3298 3967 ὐπὲρ
3320 3895 3425 3967 τῆς

1837 3983 2166 4055 οἰκουμένης
2201 3985 2423 4056 ἀπάσης
2450 3984 2602 4057 [Mi]
2648 3987 2986 4057 κελευόμεθα
3019 3988 3304 4060 προσιέναι
3340 3988 3423 4061 τῷ

1837 4074 2209 4147 φιλανθρώπῳ
2234 4075 2377 4147 Θεῷ.
2410 4077 2582 4131 Ὅταν
2610 4072 2705 4131 οὖν
2732 4079 2781 4131 οἱ
2817 4078 3086 4149 τοσαύτην
3114 4079 3424 4148 ὀφείλοντες

1837 4167 1985 4238 ἔχειν
2016 4168 2351 4239 παρρησίαν,
2385 4168 2461 4231 ῶς
2500 4168 2640 4239 ὑπὲρ
2673 4168 2970 4239 ἀλλοτρίων
3010 4168 3240 4236 δεῖσθαι,
3284 4170 3422 4241 μηδὲ

1840 4260 1980 4330 ὑπὲρ
2025 4259 2235 4312 ἑαυτῶν
2288 4256 2552 4329 νήφοντες
2614 4257 3066 4331 προσευχώμεθα,
3109 4261 3188 4325 τίς
3220 4263 3351 4332 ἡμῖν
3381 4263 3415 4333 ἡ

1833 4352 2128 4421 ἀπολογία;
2160 4352 2289 4405 ποία
2318 4350 2653 4423 συγγνώμη;
2683 4351 2776 4404 Διὸ
2818 4353 2883 4424 δὴ
2914 4352 3219 4423 παρακαλῶ
3246 4352 3419 4407 ταῦτα

1834 4445 2012 4498 πάντα
2030 4444 2413 4513 ἐννοήσαντας.
2438 4442 2637 4496 εἰδέναι
2662 4443 2852 4514 καιρὸν
2878 4444 3070 4521 εὐχῆς,
3097 4444 3191 4497 καὶ
3220 4460 3419 4513 μεταρ-

1834 4538 1983 4601 σίους
2029 4535 2297 4605 γίνεσθαι,
2347 4536 2441 4590 καὶ
2497 4533 2938 4590 ἀπαλλάττεσθαι
2985 4536 3088 4605 τῆς
3144 4534 3268 4605 γῆς,
3320 4535 3416 4587 καὶ

1832 4628 2012 4684 αὐτῶν
2041 4628 2311 4683 ἅπτεσθαι
2346 4626 2451 4680 τῶν
2473 4626 2681 4697 ἀψίδων
2712 4624 2807 4679 τοῦ
2840 4626 3098 4698 οὐρανοῦ,
3136 4627 3222 4678 ἵνα
3251 4624 3413 4696 δυνη-

1832 4719 2014 4790 θῶμεν
2044 4718 2135 4772 τὸν
2160 4718 2294 4773 Θεὸν
2319 4717 2479 4772 τλεων
2501 4718 2746 4787 ποιῆσαι,
2780 4716 2873 4771 καὶ
2897 4719 3085 4788 τυχεῖν
3108 4714 3217 4769 τῶν
3250 4716 3418 4787 ἐπηγ-

1830 4810 2110 4881 γελμένων
2144 4808 2399 4879 ἀγαθῶνο
2439 4802 2515 4863 ὧν
2558 4810 2771 4878 γένοιτο
2807 4810 3016 4871 πάντας
3046 4808 3191 4878 ἡμᾶς
3220 4809 3411 4862 έπιτυο

1830 4902 1969 4970 χεῖν,
2024 4900 2209 4971 χάριτι
2261 4898 2357 4951 καὶ
2415 4897 2799 4971 φιλανθρωπία
2847 4899 2938 4952 τοῦ
2992 4897 3194 4967 Κυρίου
3252 4898 3414 4968 ἡμῶν

1842 4988 2017 5060 Ἰησοῦ
2066 4988 2326 5060 Χριστοῦ,
2373 4989 2495 5060 μεθ’
2542 4985 2603 5044 οὐ
2646 4990 2725 5061 τῷ
2756 4991 2926 5060 Πατρῒ
2981 4987 3097 5058 ἅμα
3146 4988 3224 5061 τῷ
3272 4990 3414 5061 ἁγίῳ

1830 5080 2109 5151 Πνεύματι
2143 5081 2292 5149 δόξα,
2330 5082 2554 5154 κράτος,
2596 5082 2755 5153 τιμὴ,
2806 5079 2903 5134 νῦν
2935 5079 3029 5134 καὶ
3058 5081 3167 5146 ἀεὶ,
3198 5081 3297 5135 καὶ
3330 5082 3410 5146 είς

1827 5175 1952 5235 τοὺς
1983 5171 2186 5235 αἰῶνας
2211 5171 2320 5227 τῶν
2342 5173 2578 5229 αἰώνων.
2623 5172 2815 5243 ’Δμήν.

1887 5370 1911 5448 ς
1937 5369 2599 5448 ξεινίιῇιεβειιόιξῖηιᾼςρηίίείι
2620 5371 2931 5448 ἐπιτρέπομεν
2962 5372 3119 5435 εὐχὴν,
3142 5370 3265 5423 ἀλλ’.

1887 5429 1915 5495 lg
1942 5430 2032 5495 με.
2057 5440 2110 5479 et
2134 5429 2288 5495 nfatg.
2315 5434 2464 5482 Savil.
2482 5429 2511 5491 ,⁷
2529 5432 2625 5479 τῶν
2648 5429 2983 5495 πρόεστῶτων.

1891 5492 1912 5518 ε
1942 5490 2052 5552 Ma,
2070 5490 2420 5554 παροξύναντες.
