4568 6424
191 377 312 441 ωε

1278 383 1345 441 IN
1381 384 1593 444 EPIST.
1633 386 1677 443 ll
1739 390 1831 446 AD
1857 391 2012 450 (30R.
2056 395 2288 455 HOMIL.
2329 401 2417 459 ill.

194 509 3491 590 “MN

3400 424 3501 479 tua

1619 599 1950 665 HOMILIA
1993 606 2096 668 III.
2182 609 2186 613 “

182 739 340 794 (ιλιι.
399 736 453 794 1.
502 755 555 792 v.
599 738 685 794 12.
717 736 861 794 Nam
909 738 1076 812 gloria
1113 750 1288 795 nostra
1319 740 1426 796 hac
1446 749 1546 805 est,
1575 742 1798 795 testimo-

1907 750 2035 845 tate,
2064 746 2116 801 in
2143 759 2324 807 mente
2361 752 2430 809 ab
2467 760 2616 814 omni
2645 761 2769 819 dolo
2788 783 2977 834 vacua,
3028 775 3162 834 nihil
3185 780 3395 840 tectum
3433 800 3490 845 et

269 830 421 886 niam
463 823 784 887 conscientia
819 843 1043 896 nostra,
1092 833 1228 904 quod
1285 835 1338 888 in
1387 835 1712 902 simplicitate
1755 843 1802 888 at
1907 837 2298 910 adumbratum,
2333 847 2466 906 nihil
2496 850 2726 910 fucatum
2767 874 2831 914 ac

251 924 564 978 sinceritate
603 924 734 993 Dei,
767 932 813 979 et
852 941 956 979 non
982 925 1037 979 in
1069 927 1318 996 sapientia
1362 927 1580 989 carnali,
1630 927 1719 981 sed
1743 930 1798 982 in

264 1015 444 1085 gratia
468 1014 563 1070 Dei
584 1016 866 1070 conversati
891 1032 1063 1070 suum
1090 1016 1144 1069 in
1170 1016 1379 1071 mundo.

266 1106 294 1160 1
309 1144 324 1158 .
359 1102 444 1160 Ex
472 1121 602 1175 pura
627 1106 934 1160 conscientia
961 1116 1149 1177 quanta
1169 1107 1452 1163 consolatio
1479 1107 1694 1161 oriatur.
1718 1133 1747 1145 -ρ
1762 1138 1794 1146 -

183 1197 299 1252 llic
345 1212 563 1252 rursum
608 1197 752 1253 aliud
783 1203 995 1268 quoque
1019 1214 1128 1253 non
1157 1214 1379 1269 parvum
1407 1199 1792 1255 consolationis

176 1297 573 1358 argumentum
623 1289 780 1344 nobis
833 1288 1046 1359 aperit,
1108 1288 1218 1344 imo
1256 1305 1513 1363 perquam
1566 1293 1788 1362 ingens,

176 1381 452 1451 quodque
504 1380 744 1436 animum
799 1381 854 1436 in
907 1383 1162 1452 periculis
1207 1383 1515 1440 demersum
1582 1371 1790 1454 erigere

177 1484 383 1543 queat.
410 1474 674 1544 Quoniam
701 1474 842 1529 enim
872 1474 1106 1539 dixerat,
1132 1475 1271 1531 Deus
1291 1492 1383 1530 nos
1407 1477 1611 1542 eripuit,
1629 1485 1788 1546 atque

179 1565 239 1619 id
292 1572 470 1621 totum
517 1565 953 1622 miserationibus
999 1566 1096 1622 Dei
1142 1567 1496 1637 precibusque
1545 1567 1785 1636 ipsorum

177 1657 593 1728 adscripserat;
639 1668 708 1715 ne
727 1657 840 1714 hac
866 1660 1080 1716 ratione
1127 1659 1391 1715 auditoris
1418 1661 1658 1714 animum
1685 1674 1782 1714 su-

178 1751 381 1820 pinum
423 1766 488 1807 ac
529 1750 840 1822 languidum
878 1752 1172 1832 redderet,
1197 1763 1381 1822 utpote
1431 1754 1524 1808 Dei
1573 1753 1785 1808 miseri-

175 1843 395 1899 cordia:
420 1843 700 1900 dumtaxat
723 1845 1062 1917 aliorumque
1091 1847 1346 1918 precibus
1393 1845 1777 1912 confidentem,

180 1936 436 1992 ostendit
463 1939 606 2008 ipsos
633 1954 848 2011 quoque
874 1955 980 1994 non
1010 1941 1197 2011 parum
1227 1956 1295 1996 ex
1345 1954 1404 1995 se
1435 1941 1775 2012 prastitisse.

185 2031 374 2100 Atrple
419 2031 471 2086 id
508 2032 721 2103 quidem
748 2031 900 2104 prius
924 2034 1087 2088 etiam
1116 2031 1201 2088 his
1228 2033 1403 2089 verbis
1448 2033 1774 2101 declaravit,

176 2123 337 2176 Sicut
383 2122 644 2178 abundant
690 2125 954 2194 passiones
1001 2126 1189 2179 Christi
1233 2125 1286 2179 in
1316 2127 1490 2191 nobis,
1518 2126 1591 2178 sic
1625 2128 1777 2178 etiam

172 2212 414 2266 abundat
439 2213 722 2269 consolatio
742 2224 916 2269 nostra
947 2231 966 2268 :
995 2214 1082 2270 hic
1107 2201 1287 2270 autem
1314 2216 1458 2270 aliud
1483 2231 1513 2270 a
1541 2232 1599 2271 se
1628 2224 1775 2273 recte

173 2305 386 2360 factum
414 2315 826 2363 commemorat.
873 2306 1156 2376 Quodnam
1211 2308 1349 2362 hoc?
1397 2307 1660 2376 Quoniam
1718 2309 1772 2363 in

175 2411 316 2466 pura
345 2397 671 2452 conscientia
701 2398 1028 2469 minimeque
1067 2400 1190 2454 ficta
1219 2407 1400 2454 mente
1429 2400 1627 2469 ubique
1659 2408 1770 2455 ter-

176 2503 367 2541 rarum
392 2490 696 2546 conversati
727 2505 934 2557 sumus,
982 2491 1172 2562 inquit.
1217 2491 1332 2548 Hoc
1382 2506 1545 2563 porro
1569 2493 1635 2547 ad
1669 2509 1769 2546 no-

173 2592 351 2636 stram
376 2583 800 2639 consolationem
851 2593 906 2639 et
947 2583 1376 2641 cobtirtationem
1429 2601 1537 2640 non
1583 2601 1768 2656 parum

173 2673 442 2727 momenti
474 2673 667 2741 habet;
696 2689 798 2730 nec
841 2675 908 2729 ad
939 2675 1362 2732 consolationem
1398 2684 1640 2741 tantum,
1673 2675 1768 2731 sed

171 2766 246 2820 ad
268 2765 414 2820 aliud
443 2766 605 2821 etiam
633 2768 874 2837 insuper,
890 2768 1035 2839 quod
1062 2767 1428 2824 consolatione
1453 2768 1609 2838 longe
1631 2783 1768 2838 pra:-

174 2858 411 2914 stantius
433 2869 537 2926 est,
572 2859 673 2914 huc
695 2870 800 2927 est,
823 2862 888 2915 ad
914 2862 1307 2932 gloriationem.
1336 2861 1432 2927 His
1447 2871 1626 2918 autem
1643 2877 1765 2916 ver-

176 2949 274 3007 bis.
305 2950 495 3019 partim
540 2966 636 3007 eos
681 2951 876 3019 docet,
905 2960 963 3007 ut
1008 2953 1064 3007 in
1101 2952 1485 3009 afﬂictionibus
1544 2953 1764 3009 minime

175 3041 376 3096 animis
401 3041 740 3114 frangantur,
755 3045 854 3100 sed
883 3045 1059 3114 potius
1083 3047 1400 3118 glorientur,
1430 3063 1551 3103 cum
1577 3063 1761 3116 puram

174 3133 563 3190 conscientiam
589 3135 821 3191 habeant
848 3153 862 3190 :
891 3138 1087 3206 partim
1115 3139 1275 3192 etiam
1310 3139 1471 3193 falsos
1489 3141 1762 3209 apostolos

177 3224 346 3280 tacite
395 3226 730 3297 perstringit.
782 3226 851 3282 Et
886 3227 1334 3298 quemadmodum
1392 3231 1443 3283 in
1483 3233 1760 3298 superiore

174 3315 405 3384 epistola
445 3317 541 3380 ait,
579 3316 719 3372 Misit
745 3335 824 3373 me
853 3318 1082 3374 Christus
1109 3328 1164 3373 ut
1191 3322 1547 3393 evangetizem,
1573 3340 1671 3376 non
1705 3325 1758 3377 in

173 3409 426 3478 sapientia
451 3411 719 3477 sermonis,
746 3427 810 3466 ne
847 3421 1109 3467 evacuatur
1148 3431 1274 3468 auat
1297 3411 1486 3469 Christi
1525 3417 1600 3482 (1.
1634 3412 1753 3470 Cor.

177 3499 338 3572 1.17)
359 3516 373 3564 ;
397 3511 471 3565 et,
496 3499 564 3555 Ut
586 3502 714 3571 ﬁdes
734 3513 896 3557 vestra
919 3505 1104 3561 non.sit
1126 3506 1177 3558 in
1197 3507 1444 3576 sapientia
1469 3507 1749 3571 hominum,

172 3592 263 3648 sed
292 3594 344 3646 in
377 3596 601 3661 potentia
631 3592 724 3647 Dei
749 3596 827 3667 (1.
854 3592 982 3667 Car.
1001 3596 1054 3650 2.
1085 3585 1140 3665 ὦ
1173 3615 1186 3650 :
1218 3599 1295 3652 sic
1321 3600 1481 3653 etiam
1510 3600 1608 3654 hoc
1639 3601 1756 3654 loco

177 3685 273 3751 ait,
308 3683 428 3739 Non
447 3687 511 3752 ,in
534 3687 808 3756 sapientia,
839 3689 927 3742 sed
953 3689 1004 3742 in
1027 3692 1193 3761 gratia
1219 3691 1425 3745 Christi.
1447 3694 1583 3760 Quin
1609 3695 1751 3749 aliud

169 3792 381 3848 quoque
411 3777 494 3832 his
527 3778 705 3833 verbis
734 3780 1110 3848 subindicavit,
1148 3782 1266 3836 Non
1287 3783 1338 3836 in
1353 3786 1625 3854 sapientia,
1652 3785 1752 3842 hoc

171 3880 286 3935 est,
315 3873 419 3925 hon
451 3871 504 3926 in
547 3871 736 3928 fraude
764 3889 776 3928 :
808 3875 1061 3928 nimirum
1105 3875 1191 3930 hic
1219 3892 1435 3947 quoque
1467 3878 1747 3946 profanam

171 3961 523 4018 eruditionem
567 3963 852 4032 impetens.
906 3964 1084 4020 Gloria
1128 3969 1260 4022 enim
1313 3980 1486 4023 nostra
1517 3971 1622 4024 haec
1651 3981 1744 4038 est,

173 4052 362 4122 inquit,
393 4054 735 4109 testimonium
763 4056 1084 4110 conscientiae
1107 4069 1311 4112 nostris.
1353 4059 1464 4114 lloc
1488 4069 1588 4125 est,
1618 4076 1747 4115 con-

170 4144 384 4200 scicntia
433 4157 634 4208 nostra.
666 4163 784 4218 qusi
825 4163 924 4204 nos
972 4149 1334 4207 condemnare
1376 4154 1577 4222 ueqllit,
1612 4161 1746 4209 tam-

169 4250 321 4304 quam
351 4235 439 4305 qui
465 4236 532 4291 ob
558 4237 799 4308 improba
827 4240 1057 4295 facinora
1107 4245 1457 4308 exagitentur.
1491 4245 1744 4312 Quamvis

169 4327 304 4380 enim
338 4327 632 4382 innumeris
655 4329 1385 4386 calamitatibusraﬂieiamnr.
1415 4346 1568 4405 atque
1591 4336 1742 4391 undi-

169 4433 269 4487 que
312 4417 631 4490 impetamur
669 4431 723 4475 et
773 4422 1173 4492 periclitemur,
1238 4418 1393 4480 nobis
1445 4439 1622 4482 tamen
1672 4427 1737 4481 ad

169 4509 603 4576 consolationem,
631 4527 731 4568 nec
771 4513 837 4567 ad
880 4514 1302 4571 consolationem
1353 4527 1554 4572 tantum
1581 4559 1594 4580 .
1643 4519 1736 4573 sed

168 4603 319 4656 etiam
343 4602 406 4656 ad
430 4616 682 4658 coronam
712 4605 908 4660 sufficit
938 4609 1262 4661 conscientia
1295 4624 1412 4678 qua:
1459 4626 1586 4678 ξιιμ-ξι
1631 4620 1733 4676 εει,

169 4694 418 4766 nobisque
470 4694 571 4750 hoc
621 4697 972 4762 testiﬁcatur,
1027 4715 1124 4755 nos
1179 4718 1281 4755 non
1321 4702 1538 4758 sceleris
1577 4705 1736 4760 ullius

166 4802 335 4850 causa,
368 4787 460 4842 sed
491 4787 561 4842 ob
593 4789 684 4843 Dei
714 4791 1065 4852 voluntatem,
1091 4793 1160 4847 ob
1190 4793 1434 4849 virtuts-'2:
1522 4796 1589 4850 ob
1619 4798 1734 4865 plli-

169 4879 473 4946 losophiam,
505 4879 574 4934 ob
600 4880 888 4934 multorum
918 4883 1144 4937 salutem
1175 4885 1284 4938 h'J'L‘.
1320 4888 1442 4952 pati.
1485 4889 1556 4941 [te
1586 4889 1734 4956 prior

166 4968 366 5036 quidem
400 4971 484 5024 illa
527 4972 822 5026 consolatio
859 4987 887 5025 a
932 4972 1044 5027 Deo
1077 4976 1358 5041 manabat;
1405 4979 1518 5031 liam:
1555 4989 1730 5034 autem

167 5063 226 5113 πὶ»
274 5061 397 5130 ipsis
450 5075 608 5131 aqua
640 5079 666 5115 :1
715 5065 832 5117 vita:
885 5064 1114 5132 puritate
1160 5067 1530 5138 colligebatur.
1569 5072 1722 5127 Unde

165 5151 311 5204 etiam
340 5149 562 5217 gloriam
597 5155 761 5218 ipsam
793 5162 965 5219 vocat,
994 5157 1243 5223 quoniam
1289 5160 1501 5227 propria
1541 5177 1725 5215 eorum

166 5244 343 5297 virtute
368 5245 795 5310 comparabatur.
827 5247 1080 5313 Quaenam
1104 5249 1261 5317 igitur
1290 5258 1372 5304 est
1398 5251 1511 5306 haec
1537 5252 1722 5320 gloria,

167 5346 215 5386 et
237 5330 483 5402 quidnam
509 5334 662 5388 nobis
685 5338 1012 5393 conscientia
1029 5350 1208 5393 nostra
1229 5341 1561 5408 testificatur,
1583 5344 1724 5410 Quo-

165 5429 285 5478 niam
315 5427 363 5478 in
402 5425 724 5493 simplicitate
749 5440 796 5481 et
836 5433 888 5482 in
916 5435 1244 5488 sinceritate?
1282 5435 1394 5490 Hoc
1437 5446 1538 5499 est,
1590 5439 1722 5495 nihil

166 5514 560 5582 fluudulentum,
577 5515 706 5569 nihil
720 5532 814 5586 per
829 5519 1168 5591 hypocrisin],
1189 5541 1283 5595 per
1303 5527 1718 5596 simulationem,

166 5623 247 5676 per
273 5609 703 5673 assentationem,
740 5625 835 5679 per
863 5613 1102 5681 insidias,
1130 5634 1220 5685 per
1244 5619 1525 5685 fallaciam,
1547 5637 1607 5676 ac
1628 5641 1720 5692 per

164 5697 288 5752 aliud
315 5701 600 5770 quidquam
624 5700 883 5769 erSmodi
912 5703 1166 5773 fecimus;
1197 5713 1287 5763 sed
1319 5713 1369 5764 in
1391 5713 1534 5765 omni
1563 5714 1720 5769 liber-

166 5801 275 5858 tate,
305 5791 356 5847 ill
387 5794 628 5859 veritate,
661 5795 712 5848 ill
739 5811 866 5863 pura
913 5797 1236 5869 minimeque
1263 5805 1485 5876 maligna
1520 5808 1710 5861 volun-

465 5903 724 5960 l’ATttOL.
773 5905 887 5958 tiu.
948 5907 1098 5963 LXI.

1902 939 2003 1026 tes.
2033 927 2156 984 Non
2181 934 2235 986 in
2275 940 2525 1006 sapientia
2549 949 2766 1001 carnali.
2799 950 2911 1007 lloc
2937 965 3038 1021 est,
3066 976 3169 1015 non
3193 937 3246 1018 in
3273 933 3484 1026 vafritie

1899 1031 1949 1074 et
1979 1021 2341 1131 irpprObitate,
2373 1047 2495 1131 .nec
2530 1035 2584 1091 in
2626 1046 2894 1100 sermonis
2935 1046 3179 1107 facundia
3232 1021 3482 1131 nexuque

1895 1111 2283 1218 sophismatum
2324 1139 2337 1175 :
2373 1120 2488 1180 haec
2540 1128 2682 1182 enim
2733 1147 2829 1201 per
2855 1141 3128 1197 carnalem
3155 1111 3476 1218 sapientiam

1896 1205 2160 1311 intelligit.
2183 1214 2355 1311 atque
2385 1216 2459 1281 id,
2477 1220 2621 1311 unde
2643 1223 2716 1277 illi
2740 1241 3063 1311 magnopere
3085 1205 3475 1311 gloriabantur,

1893 1295 2161 1390 inﬁciatur
2186 1303 2301 1372 ipse
2328 1321 2392 1362 ac
2430 1310 2603 1380 rejicit
2631 1322 2646 1367 ε
2675 1308 2752 1370 ex
2771 1295 3062 1378 abundanti
3087 1295 3342 1388 videlicet

1893 1388 2141 1496 tendens,
2166 1392 2306 1496 haud
2349 1400 2569 1472 dignum
2613 1406 2752 1473 istud
2782 1425 2927 1481 esse,
2959 1415 3027 1471 de
3053 1434 3159 1488 quo
3186 1388 3469 1496 quicquam

1887 1476 2182 1587 glorietur;
2209 1487 2403 1587 quippe
2431 1506 2551 1587 cum
2597 1494 2712 1574 ipse
2740 1514 2848 1557 non
2868 1476 3029 1560 modo
3057 1476 3106 1563 id

1886 1576 1989 1630 rat,
2015 1585 2194 1626 verum
2224 1577 2386 1632 ctialn
2413 1583 2726 1642 submoveat
2753 1605 2817 1646 ac
2844 1594 3044 1660 probro
3071 1597 3250 1655 ducat.
3282 1576 3388 1660 Sed
3411 1611 3468 1664 in

1883 1661 2049 1762 gratia
2078 1660 2176 1762 Dei
2223 1675 2504 1727 conpes-sati
2540 1693 2713 1732 sumus
2753 1682 2806 1735 in
2833 1687 3042 1740 munda.
3089 1689 3224 1757 Quid
3252 1703 3365 1762 est,
3401 1660 3468 1753 In

1883 1754 2049 1858 gratia
2077 1754 2214 1812 Dei!
2250 1760 2362 1816 lloc
2400 1774 2501 1828 est,
2527 1768 2842 1837 sapientiam
2879 1791 2942 1829 ac
2972 1754 3260 1846 potentiam
3298 1754 3465 1858 ipsius

1846 1880 1859 1887 ι
1882 1845 2143 1939 beneﬁcio
2168 1852 2324 1912 nobis
2352 1871 2663 1916 concessam
2688 1879 2784 1935 per
2810 1845 3062 1926 miracula
3094 1845 3463 1939 declarantes:

1880 1944 2040 2006 atque
2066 1938 2190 1996 hinc
2213 1944 2396 2014 etiam,
2425 1950 2588 2018 quod,
2611 1967 2732 2008 cum
2755 1958 2916 2013 rudes
2947 1976 3192 2021 essemus
3221 1971 3463 2042 nihilque

1879 2039 2115 2087 externa:
2129 2034 2387 2094 doctrina:
2401 2043 2675 2100 nobiscum
2689 2047 3024 2118 aﬂerremus.
3049 2057 3233 2116 doctos
3253 2034 3457 2135 tamen,

1851 2131 2139 2216 oratores,
2169 2126 2550 2202 philosophos,
2593 2153 2748 2210 reges
2774 2157 2836 2196 ac
2885 2148 3113 2216 populos
3153 2126 3457 2214 vicerimus;

1877 2210 2046 2267 Porro
2085 2233 2190 2272 non
2233 2222 2468 2292 vulgaris
2492 2237 2577 2282 est
2622 2231 2737 2286 lucc
2759 2239 3058 2294 consolatio
3086 2258 3149 2296 ac
3185 2247 3455 2315 gloriatio,

1876 2317 2070 2372 nempe
2091 2309 2231 2375 quod
2276 2311 2377 2381 ipsi
2412 2315 2515 2371 sibi
2556 2323 2758 2377 conscii
2788 2337 3004 2394 essent,
3030 2348 3090 2386 se
3130 2309 3235 2389 ne"
3265 2309 3456 2393 ιιυηιειζ

1875 2410 2008 2493 naui
2046 2405 2335 2493 potentiam
2364 2405 2659 2478 adhibere,
2688 2413 2786 2469 sed
2833 2416 3010 2475 divina
3062 2426 3230 2493 gratia
3275 2433 3456 2486 omnia

1871 2483 2156 2588 coniicere.
2183 2489 2252 2545 In
2281 2496 2493 2551 arundo.
2545 2499 2619 2555 lla
2649 2518 2756 2558 non
2800 2507 3044 2566 Corinthi
3065 2483 3456 2588 vtantumpscd

1871 2590 2071 2643 passim
2097 2594 2309 2652 quoque
2340 2594 2452 2640 toto
2479 2597 2746 2648 terrarum
2769 2597 2922 2653 orbe.
2973 2603 3330 2668 Abundantius
3353 2629 3450 2667 au-

1871 2677 1970 2721 tem
1990 2673 2264 2772 apud-sos.
2288 2676 2426 2744 Quid
2452 2683 2813 2746 abundantius
2836 2692 2902 2747 ad
2933 2698 3064 2750 vos?
3079 2697 3145 2754 In
3172 2704 3337 2772 gratia
3360 2705 3458 2762 Det

1864 2959 1970 3013 que
2000 2947 2068 3002 ab
2085 2951 2231 3005 omni
2259 2955 2680 3023 reprehensione
2706 2964 2958 3021 alienam.
3001 2970 3131 3027 Nam
3182 2975 3285 3032 hoc
3311 2996 3450 3050 quo-

1864 3054 1968 3110 que
1995 3045 2220 3139 gratiam
2249 3046 2344 3102 Dei
2365 3061 2540 3115 vocat,
2570 3055 2820 3111 nimirum
2865 3077 2928 3115 ea
2955 3063 3137 3133 etiam,
3179 3086 3297 3139 quae
3325 3045 3449 3132 cum

1864 3129 2060 3188 virtute
2083 3137 2272 3206 gessit,
2309 3140 2409 3210 ipsi
2435 3143 2770 3202 adscribens.
2804 3150 2920 3207 lllic
2962 3157 3103 3211 enim
3124 3129 3269 3215 vulira
3296 3129 3448 3235 septa

1865 3223 2112 3303 prosiliit,
2141 3227 2269 3281 dum
2300 3231 2420 3286 sine
2443 3246 2659 3305 sumptu
2697 3245 3034 3314 evangelium
3082 3264 3310 3320 poneret
3330 3223 3448 3318 ,nut

1859 3325 2045 3366 eorum
2094 3314 2447 3375 imbecillitati
2495 3326 2824 3383 consuleret.
2873 3333 2955 3386 ιε.
3002 3314 3124 3390 tvo}.
3165 3343 3299 3395 enim
3332 3314 3446 3401 alia

1855 3401 2123 3498 scribimus
2145 3407 2285 3462 vobis
2306 3450 2324 3476 ,
2368 3427 2522 3481 quam
2547 3429 2659 3483 qua
2683 3416 2850 3486 legitis
2885 3431 2931 3474 et
2970 3429 3267 3494 agnoscitis.
3298 3432 3445 3498 Quo-

1857 3493 2001 3596 niam
2028 3497 2305 3596 magniﬁca
2330 3501 2398 3556 de
2421 3518 2478 3558 se
2509 3507 2864 3578 proloquutus
2892 3493 3065 3570 fuerat
3091 3493 3433 3596 sibique-ipsi

1855 3585 2221 3643 testimonium
2255 3591 2483 3659 dixerat,
2517 3597 2570 3651 id
2601 3601 2741 3668 quod
2770 3604 3133 3673 importunum
3159 3585 3294 3681 erat,
3317 3585 3438 3672 rur-

1853 3688 1973 3778 sum
1999 3691 2192 3781 eorum
2215 3697 2335 3751 quae.
2379 3685 2511 3740 dicit
2554 3689 2700 3758 ipsos
2732 3703 2898 3750 testes
2925 3701 3187 3767 producit.
3217 3705 3295 3762 Ne
3319 3712 3440 3781 quis

1852 3771 2016 3833 enim,
2048 3771 2239 3841 inquit,
2265 3774 2537 3832 existimet
2561 3796 2645 3844 ea,
2678 3799 2797 3852 qua:
2822 3800 2851 3839 a
2882 3803 2967 3844 me
2993 3791 3276 3863 dicuntur,
3309 3771 3440 3856 ver-

1851 3858 2039 3913 borum
2080 3862 2359 3920 dumtaxat
2407 3883 2654 3938 pompam
2695 3889 2815 3931 esse
2860 3895 2875 3931 :
2922 3879 3038 3936 haec
3088 3858 3436 3951 enimivobis

1848 3964 2352 4023 commemoramus,
2403 3973 2521 4027 quae
2567 3962 2718 4018 vobis
2761 3965 2890 4035 ipsis
2938 3973 3215 4040 explorata
3266 3994 3430 4049 sunt;

1847 4045 2097 4114 quodque
2137 4063 2236 4102 nos
2267 4049 2490 4106 minime
2536 4057 2878 4126 mentiamur,
2917 4077 3028 4132 pra:
3074 4071 3285 4125 casteria
3331 4045 3433 4142 ipsi

1847 4145 2010 4189 testes
2040 4151 2160 4192 esse
2183 4141 2410 4209 queatis.
2449 4142 2712 4214 Legeates
2736 4151 2879 4205 enim
2911 4160 3224 4223 agnoscitis,
3252 4141 3420 4231 quod.

1845 4241 1965 4296 quae
1995 4243 2091 4282 nos
2113 4245 2174 4285 re
2200 4232 2313 4301 ipsa
2344 4236 2656 4302 praestitisse
2693 4253 3026 4312 compertum
3073 4250 3284 4307 habetis
3305 4296 3319 4317 ,
3363 4272 3426 4311 ea

1845 4332 1940 4387 per
1979 4318 2164 4375 literas
2211 4337 2428 4393 quoque
2475 4329 2871 4396 praedicamus:
2914 4351 3013 4390 nec
3058 4342 3426 4400 testimonium

1841 4419 2079 4466 vestrum
2110 4413 2278 4470 literis
2308 4420 2510 4474 nostris
2533 4433 2815 4493 repugnat,
2844 4427 2939 4481 sed
2962 4437 3151 4485 carum
3183 4433 3418 4502 ipsarum

1842 4500 2055 4557 lectioni
2100 4519 2359 4562 consonat
2389 4509 2504 4565 huic
2534 4517 2769 4584 cognitio
2789 4558 2804 4584 ,
2832 4534 2991 4590 quam
3019 4532 3144 4579 ante
3168 4500 3237 4582 de
3264 4529 3420 4585 nobis

1841 4593 2136 4652 habebatis.
2167 4599 2256 4652 14.
2283 4600 2431 4656 Sicut
2447 4613 2494 4657 et
2511 4612 2809 4676 cognovistis
2833 4627 2925 4665 nos
2947 4630 3010 4668 ea:
3038 4625 3203 4684 parte.
3226 4618 3411 4689 Neque

1837 4686 2077 4743 enimex
2128 4689 2354 4745 aliorum
2405 4709 2657 4750 sermone
2683 4712 2772 4753 res
2803 4713 3017 4758 nostras
3046 4686 3371 4775 cognovistis
3393 4754 3410 4778 ,

1836 4777 1928 4830 sed
1957 4792 2022 4831 ex
2050 4779 2162 4848 ipsa
2192 4784 2538 4851 experientia.
2584 4785 2718 4842 Illud
2744 4800 2920 4846 autem
2944 4832 2962 4858 ,
2993 4793 3073 4847 Ea:
3095 4805 3270 4863 parte,
3299 4777 3413 4856 mo-

1833 4869 2019 4924 destiie
2061 4887 2221 4927 causa
2250 4874 2402 4941 dixit.
2449 4878 2556 4933 lloc
2587 4882 2729 4934 enim
2780 4883 2878 4952 ipsi
2909 4885 2961 4938 in
2992 4901 3139 4940 more
3179 4891 3411 4956 positum

1832 4973 1934 5026 est,
1961 4979 2082 5018 cum
2115 4969 2431 5024 necessitate
2461 4969 2722 5026 adductus
2748 4974 2768 5045 (
2797 4991 2965 5043 neque
2985 4976 3128 5030 enim
3150 4979 3282 5036 alias
3308 4981 3410 5039 hoc

1833 5052 1980 5124 facit)
2004 5057 2178 5127 magni
2227 5058 2292 5114 de
2332 5073 2392 5113 se
2417 5060 2684 5130 quidpiam
2716 5065 3104 5134 pronuntiarit,
3133 5079 3190 5122 ut
3219 5086 3426 5128 eorum

1831 5160 1949 5215 qua:
1992 5148 2125 5201 dixit
2175 5159 2436 5203 tumorem
2489 5154 2671 5208 statim
2719 5155 2989 5209 retundat’.
3036 5157 3200 5229 Spero
3236 5173 3405 5218 autem

1828 5240 1960 5298 quod
1990 5244 2139 5292 etiam
2159 5256 2316 5309 usque
2345 5242 2397 5294 in
2421 5243 2570 5309 finem
2595 5246 2920 5315 cognoscetis.

1984 5328 2144 5382 Vides
2185 5345 2396 5384 rursum
2423 5349 2529 5402 quo
2559 5344 2713 5404 pacto
2742 5349 2770 5386 a
2802 5339 3087 5400 prazteritis
3115 5339 3273 5393 fidem
3308 5341 3395 5397 fu-

1827 5424 1956 5481 turis
1983 5421 2224 5474 adstruat
2245 5463 2260 5486 ,
2293 5438 2391 5476 nec
2415 5440 2444 5476 a
2477 5425 2752 5496 praeteritis
2788 5436 2994 5482 tantum
3014 5471 3029 5492 ,
3063 5431 3153 5484 sed
3179 5433 3337 5486 etiam
3366 5453 3396 5488 a

1828 5510 1920 5562 Dei
1967 5511 2201 5578 potentia
2226 5511 2265 5575 ?_
2295 5513 2475 5582 Neque
2503 5504 2644 5568 enim
2676 5518 2918 5571 absolute
2955 5520 3229 5574 afﬁrmavit
3253 5563 3267 5587 ,
3299 5526 3396 5579 sed

1826 5599 1926 5654 lloc
1959 5611 2123 5654 totum
2155 5602 2219 5655 ad
2253 5603 2422 5671 ipsum
2450 5619 2725 5673 spemque,
2753 5624 2910 5676 quam
2942 5611 2991 5661 in
3019 5610 3136 5677 ipso
3164 5616 3389 5681 positam

1826 5695 2004 5758 llaltel,
2055 5696 2325 5765 relegavit.
2376 5695 2521 5760 Quod
2561 5701 2722 5766 gloria
2753 5712 2911 5752 uestra
2936 5718 3107 5756 smnus
3128 5744 3142 5768 ,
3169 5705 3300 5758 sicut
3340 5717 3389 5759 et

1827 5804 1908 5841 vos
1939 5801 2109 5842 nostra
2136 5792 2185 5842 in
2213 5791 2292 5843 die
2319 5789 2522 5842 Domini
2565 5793 2722 5846 nostri
2746 5792 2869 5847 Jesu
2895 5792 3099 5849 Christi.
3133 5795 3244 5849 Hoc
3276 5798 3392 5852 loco

2971 5903 3048 5962 ‘26
