4568 6424
840 274 940 356 tu?

841 396 1096 451 invidiam
1127 437 1141 459 ,
1170 408 1327 465 quam
1357 408 1419 450 ea
1448 408 1568 463 quae
1612 392 1860 463 superius
1890 390 2100 445 dixerat
2120 389 2219 457 ipsi
2245 387 2422 441 conci-

841 500 955 543 tare
984 494 1286 558 potuerant,
1311 485 1561 550 succidit,
1589 484 1719 537 dum
1748 483 1813 535 ad
1841 496 2027 536 eorum
2056 494 2177 549 quae
2197 488 2343 532 recte
2371 484 2425 529 et

840 595 962 634 cum
991 580 1184 632 virtute
1210 584 1453 648 gesserat
1480 575 1810 630 c0nsortium
1839 588 1902 627 ac
1932 571 2241 625 societatem
2268 570 2413 637 ipsos

844 668 1116 724 adsciscit.
1152 667 1267 721 Non
1296 668 1438 721 enim
1491 666 1632 719 intra
1682 680 1783 717 nos
1810 662 2206 724 constiterunt,
2238 658 2331 713 sed
2365 656 2431 710 ad

846 777 941 815 vos
968 774 1184 831 quoque
1234 759 1512 813 dimanant
1532 796 1549 822 ,
1582 770 1644 809 ac
1672 755 1906 809 vicissim
1938 768 1967 807 a
1999 752 2151 806 vobis
2196 748 2264 804 ad
2310 764 2428 803 nos.

848 854 1115 921 Quoniam
1165 850 1311 906 enim
1359 848 1597 918 seipsum
1625 846 1889 901 extulerat
1913 886 1930 912 ,
1955 858 2017 898 ac
2043 841 2432 913 prteteritorum

844 931 1215 1013 argumentum
1242 939 1577 1001 exhibuerat,
1593 947 1646 992 et
1666 936 1734 991 de
1756 935 1948 990 futuris
1965 931 2348 1003 5p0ponderat,
2366 945 2435 984 ne

848 1034 1123 1091 auditores
1151 1047 1274 1087 eum
1310 1041 1579 1100 tamquam
1607 1042 1798 1098 magna
1843 1027 1911 1081 de
1955 1041 2012 1080 se
2058 1024 2435 1094 prazdicantem

852 1128 1203 1190 incesserent,
1227 1132 1387 1193 atque
1408 1123 1459 1175 in
1478 1120 1755 1183 invidiam,
1778 1128 1836 1173 ut
1856 1118 1985 1181 dixi,
2009 1115 2433 1186 prolaberentur,

854 1217 1222 1286 gloriationcm
1249 1230 1371 1270 cum
1388 1214 1525 1284 ipsis
1547 1212 1935 1275 communicat,
1964 1219 2123 1275 atque
2149 1208 2286 1260 hanc
2313 1207 2434 1260 lau-

856 1310 987 1371 dum,
1021 1323 1275 1362 coronam
1325 1307 1391 1360 ad
1442 1306 1587 1374 ipsos
1617 1304 1886 1372 pertinere
1917 1302 2011 1353 ait.
2057 1299 2190 1353 Nam
2235 1297 2278 1351 si
2307 1297 2441 1351 tales

856 1415 1209 1469 appareamus
1233 1439 1247 1462 ,
1293 1397 1499 1466 inquit,
1533 1403 1718 1450 nostra
1764 1396 1880 1448 laus
1909 1401 2085 1447 vestra
2116 1391 2283 1460 gloria
2313 1388 2396 1444 est
2425 1406 2438 1440 :

858 1487 1308 1559 quemadmodum
1356 1486 1562 1540 scilicet
1590 1500 1689 1538 nos
1716 1497 1927 1552 quoque
1947 1521 1961 1546 ,
2005 1481 2131 1534 dum
2163 1495 2257 1534 vos
2287 1479 2443 1533 laude

862 1595 1021 1650 atque
1052 1581 1215 1650 gloria
1240 1577 1471 1641 lloretis,
1508 1576 1837 1632 exsultamus
1857 1615 1872 1637 ,
1900 1574 2157 1643 gestimus
2188 1581 2443 1673 et'coro-

863 1689 1074 1726 nainur.
1108 1675 1276 1741 Atque
1306 1670 1393 1724 hic
1436 1684 1650 1739 quoque
1696 1683 1885 1722 rursus
1923 1682 2016 1735 per
2043 1680 2102 1719 ea
2127 1662 2444 1733 qute'dixit,

864 1768 1132 1835 ingentem
1186 1763 1500 1817 humilitatis
1551 1775 1661 1815 sum
1712 1757 2155 1828 signiﬁcationem
2223 1756 2444 1825 praebet.

863 1858 981 1911 Non
1029 1856 1171 1911 enim
1203 1865 1257 1908 ut
1288 1853 1537 1923 Magister
1587 1852 1654 1905 ad
1694 1850 1985 1919 discipulos
2012 1891 2026 1914 ,
2061 1847 2155 1902 sed
2184 1857 2239 1901 ut
2284 1846 2449 1900 disci-

863 1949 1019 2018 pulus
1069 1945 1358 2014 discipulos
1413 1944 1731 2013 alloquens,
1791 1941 1863 1995 ita
1917 1955 2224 1995 sermonem
2301 1953 2442 1993 exn:-

863 2049 1012 2110 quat.
1065 2040 1140 2093 Ac
1204 2037 1324 2091 vide
1376 2052 1481 2105 quo
1545 2045 1701 2105 pacto
1747 2050 1840 2089 eos
1903 2033 2161 2087 sublimes
2202 2029 2405 2085 efﬁciat
2436 2073 2449 2095 ,

862 2146 925 2185 ae
972 2129 1305 2201 philoSOphia
1358 2128 1595 2197 impleat,
1645 2127 1772 2180 dum
1821 2127 1965 2193 ipsos
2001 2122 2065 2177 ad
2117 2124 2263 2177 illum
2311 2122 2451 2176 diem

866 2221 1200 2275 transmittit.
1248 2220 1325 2273 Ne
1373 2220 1516 2273 enim
1567 2217 1697 2270 mihi
1740 2214 2027 2284 praesentia
2070 2229 2455 2267 commemore-

871 2316 958 2377 tis,
1012 2314 1209 2381 inquit,
1254 2311 1357 2364 hoc
1400 2319 1481 2363 est
1525 2308 1741 2377 probra,
1788 2306 2064 2369 convicia,
2122 2316 2449 2367 scommata,

868 2421 986 2473 qum.
1011 2404 1160 2461 vobis
1191 2417 1218 2453 a
1255 2401 1522 2469 plerisque
1552 2398 1894 2464 inferuntur;
1928 2413 2100 2465 neque
2128 2398 2267 2451 enim
2300 2395 2455 2464 quid-

870 2510 1029 2565 quam
1095 2492 1177 2547 hic
1234 2492 1404 2560 magni
1465 2490 1721 2544 momenti
1785 2498 1904 2553 est,
1970 2503 2074 2541 non
2137 2488 2299 2548 laeta,
2353 2500 2458 2540 non

870 2587 1110 2648 molesta,
1138 2600 1240 2637 non
1265 2590 1581 2645 scommata,
1608 2597 1711 2634 non
1745 2580 1993 2633 humana:
2021 2578 2204 2631 laudes
2232 2596 2245 2629 :
2276 2593 2458 2631 verum

780 2713 785 2717 -
872 2675 1133 2732 tremendi
1173 2674 1315 2729 illius
1350 2682 1509 2740 atque
1548 2670 1801 2724 horrendi
1829 2668 1932 2722 diei
1966 2667 2115 2721 vobis
2149 2669 2198 2719 in
2230 2678 2461 2719 mentem

874 2769 1071 2832 veniat,
1102 2769 1152 2821 in
1179 2782 1285 2837 quo
1314 2766 1491 2821 omnia
1537 2774 1719 2833 aperta
1749 2770 1925 2817 erunt.
1958 2761 2090 2815 Tum
2116 2762 2258 2814 enim
2285 2770 2338 2814 et
2365 2776 2463 2813 nos

876 2860 927 2911 in
959 2860 1127 2919 vobis,
1156 2869 1208 2911 et
1238 2873 1333 2911 vos
1361 2859 1412 2910 in
1444 2857 1598 2912 nobis
1626 2854 2005 2925 gloriabimini,
2030 2868 2149 2907 cum
2182 2862 2234 2907 et
2264 2868 2356 2906 vos
2386 2862 2462 2905 ta-

877 2949 955 3001 les
986 2948 1266 3016 magistros
1308 2947 1555 2999 habuisse
1588 2946 1923 3013 perspicuum
1955 2945 2077 3008 erit,
2113 2944 2201 3012 qui
2232 2958 2329 2996 nec
2362 2944 2460 2995 lm-

879 3038 1021 3091 mani
1050 3036 1337 3107 quidquam
1383 3034 1695 3098 docuerint,
1722 3049 1819 3087 nec
1852 3033 2091 3101 improbe
2118 3047 2181 3086 ac
2206 3034 2464 3102 flagitiose

878 3128 1126 3191 vixerint,
1153 3142 1253 3182 nec
1283 3127 1441 3181 ullam
1471 3126 1580 3183 vitii
1609 3140 1793 3181 ansam
1823 3124 2067 3195 cuiquam
2098 3126 2458 3195 porrexerint,

879 3238 941 3275 ac
974 3222 1127 3275 nobis
1154 3235 1337 3274 rursus
1385 3219 1517 3273 tales
1563 3217 1853 3287 discipulos
1901 3217 2086 3281 fuisse,
2120 3217 2209 3285 qui
2236 3230 2333 3268 nec
2366 3217 2464 3267 hu-

884 3314 1024 3366 mani
1056 3311 1254 3379 aliquid
1287 3311 1427 3378 passi
1459 3309 1671 3373 fuerint,
1697 3324 1799 3362 nec
1828 3307 2148 3371 vaeillarint,
2181 3305 2273 3359 sed
2304 3303 2467 3357 alacri

883 3419 945 3459 ac
992 3411 1236 3472 prompto
1275 3402 1455 3455 animo
1501 3408 1691 3455 cuncta
1736 3399 2066 3469 exceperint,
2115 3412 2213 3452 nec
2256 3396 2358 3449 ulla
2402 3411 2468 3450 ex

884 3506 1037 3567 parte
1068 3496 1326 3550 fallaciam
1353 3494 1452 3550 sibi
1485 3494 1599 3549 ﬁeri
1625 3493 1987 3564 permiserint.
2018 3491 2085 3545 Et
2115 3490 2229 3545 hmo
2255 3491 2469 3560 quidem

888 3603 1029 3642 nunc
1059 3596 1238 3641 mente
1265 3586 1499 3657 prmditis
1526 3586 1803 3641 manifesta
1826 3594 1973 3649 sunt,
1998 3592 2108 3637 tum
2137 3594 2312 3637 autem
2335 3597 2468 3637 cun-

884 3683 984 3735 etis
1011 3688 1185 3735 erunt.
1214 3679 1392 3747 Itaque
1418 3678 1625 3733 etiamsi
1649 3693 1787 3732 nunc
1808 3677 2113 3747 afﬂigimur,
2139 3692 2242 3731 non
2270 3677 2471 3729 medio-

888 3772 994 3824 cris
1028 3773 1138 3823 lucc
1166 3784 1376 3839 quoque
1402 3768 1556 3823 nobis
1576 3769 1871 3823 consolatio
1891 3769 2128 3837 suppetit
2157 3786 2169 3820 :
2201 3783 2319 3836 quae
2349 3768 2470 3836 qui-

887 3865 1009 3917 dem
1032 3878 1170 3918 nunc
1186 3878 1213 3917 a
1231 3862 1557 3917 conscientia
1571 3861 1945 3931 proﬁciscitur,
1958 3870 2065 3915 tum
2085 3871 2262 3915 autem
2277 3861 2343 3915 ab
2360 3862 2469 3931 ipsa

887 3954 1332 4008 manifestatione.
1358 3953 1510 4008 Nunc
1535 3953 1677 4008 enim
1706 3953 2031 4008 conscientia
2054 3952 2265 4023 quidem
2292 3962 2471 4008 nostra

888 4050 989 4102 hoc
1018 4057 1354 4118 perspectum
1384 4045 1561 4113 habet,
1580 4061 1679 4101 nos
1710 4046 1802 4102 Dei
1834 4047 2001 4117 gratia
2027 4047 2205 4101 omnia
2237 4045 2470 4109 efﬁcere.

886 4138 1336 4207 quemadmodum
1365 4139 1463 4209 ipsi
1492 4152 1706 4208 quoque
1734 4138 1883 4193 scitis
1924 4153 1988 4193 ac
2028 4138 2209 4193 scietis
2235 4156 2248 4192 :
2278 4146 2334 4190 at
2363 4146 2473 4192 tum

888 4248 1077 4287 omnes
1101 4231 1262 4286 etiam
1294 4230 1573 4298 mortales,
1602 4238 1708 4284 tam
1740 4239 1959 4296 nostra,
1990 4244 2150 4298 quam
2180 4238 2353 4283 vestra
2384 4243 2475 4282 co-

889 4331 1179 4393 gnoscent,
1214 4334 1419 4391 nosque
1448 4330 1633 4376 mutuo
1662 4320 1795 4375 alios
1822 4320 1890 4375 ab
1918 4319 2036 4374 aliis
2064 4318 2319 4375 celebrari
2350 4334 2473 4388 per-

889 4416 1136 4485 apicient.
1169 4413 1381 4468 Etenim
1410 4428 1478 4469 ne
1504 4412 1653 4469 solus
1684 4416 1795 4484 ipse
1825 4413 2164 4485 splendorem
2195 4429 2259 4467 ex
2284 4414 2477 4483 gloria-

889 4510 1035 4562 tione
1063 4505 1316 4576 consequi
1349 4505 1625 4569 videatur,
1656 4506 1783 4575 ipsis
1812 4519 2023 4575 quoque
2051 4504 2311 4575 gloriandi
2347 4520 2474 4558 cau-

890 4615 1003 4653 sam
1029 4598 1249 4668 praebet,
1264 4606 1421 4667 atque
1442 4613 1471 4652 a
1492 4597 1847 4668 prmsentibus
1868 4596 2127 4651 molestiis
2154 4612 2246 4651 eos
2269 4607 2473 4650 avocat.

890 4690 1150 4760 Quodque
1179 4689 1229 4742 in
1258 4688 1627 4743 consolatione
1658 4689 1890 4754 fecerat,
1920 4703 2041 4743 cum
2073 4688 2269 4742 diceret
2294 4729 2309 4753 ,
2344 4688 2475 4739 Pro-

893 4792 1009 4853 pter
1039 4798 1133 4837 vos
1161 4783 1529 4838 consolatione
1559 4782 1844 4848 aflicimur,
1879 4783 1981 4837 hoc
2008 4784 2167 4837 etiam
2202 4784 2285 4836 hic
2314 4781 2473 4842 facit,

892 4890 1013 4929 cum
1042 4876 1134 4939 ait,
1170 4876 1392 4944 Propter
1418 4891 1513 4930 vos
1543 4877 1855 4945 gloriamur,
1888 4874 2337 4945 quemadmodum
2384 4890 2476 4925 vos

896 4980 1109 5035 quoque
1127 4976 1343 5033 propter
1362 4981 1461 5021 nos
1476 4984 1489 5019 :
1506 4967 1703 5036 ubique
1716 4966 1919 5021 scilicet
1934 4980 2027 5021 eos
2046 4982 2225 5021 rerum
2241 4967 2476 5018 omniunt

894 5054 1070 5109 socius
1095 5054 1373 5121 adhibens,
1405 5058 1809 5123 consolationis,
1833 5056 2161 5127 passionum,
2193 5071 2301 5108 sua:
2328 5055 2479 5108 deni-

893 5166 999 5220 que
1028 5147 1211 5203 salutis
1232 5164 1244 5198 :
1264 5164 1384 5201 nam
1413 5150 1549 5202 hanc
1570 5149 1795 5202 salutem
1826 5149 2073 5217 precibus
2093 5162 2306 5217 quoque
2330 5147 2473 5213 ipso-

893 5260 1011 5298 rum
1033 5241 1267 5313 assignat
1297 5257 1308 5292 :
1338 5240 1707 5309 Adjuvantibus
1726 5240 1890 5299 enim,
1916 5239 2107 5305 inquit,
2132 5238 2266 5289 vobis
2289 5239 2337 5288 in
2366 5253 2481 5288 ora-

894 5338 1047 5400 tione,
1075 5333 1213 5396 Deus
1235 5348 1325 5386 nos
1346 5331 1550 5400 eripuit.
1576 5329 1655 5383 Ad
1686 5329 1828 5382 hunc
1854 5329 2009 5398 igitur
2027 5328 2239 5381 modum
2263 5344 2322 5382 ea
2352 5344 2481 5397 quo-

895 5441 1019 5492 que,
1050 5426 1120 5481 ob
1149 5440 1269 5496 qua}
1295 5424 1572 5493 gloriatur,
1604 5422 1907 5475 communia
1931 5435 2050 5474 cum
2082 5420 2209 5488 ipsis
2242 5419 2381 5473 facit.
2411 5419 2480 5475 Ut

897 5518 1038 5569 enim
1068 5519 1173 5572 illic
1194 5519 1261 5571 ait
1325 5518 1544 5569 \‘sientes
1576 5516 1813 5585 quoniam
1837 5515 1963 5567 sicut
1990 5514 2111 5567 socii
2140 5514 2256 5567 estis
2287 5512 2480 5583 pta-sio-

901 5623 1019 5659 num
1041 5650 1054 5672 ,
1086 5612 1156 5663 ita
1186 5622 1231 5664 et
1259 5612 1614 5665 retractationis
1644 5626 1661 5662 .'
1698 5609 1879 5664 eodem
1909 5608 1993 5662 hic
2028 5623 2241 5676 quoque
2286 5623 2443 5661 tnoao
2462 5648 2477 5675 ,

906 5694 1079 5750 Gloria
1105 5710 1266 5754 vestra
1293 5718 1488 5770 iunius,
1514 5710 1568 5756 ut
1596 5713 1643 5753 et
1667 5718 1751 5757 vos
1777 5710 1964 5757 nostra.
1996 5701 2079 5757 15.
2111 5698 2175 5753 Et
2202 5701 2294 5754 hac
2317 5698 2476 5769 conﬁ-

1527 277 1582 334 S.
1625 275 1901 334 JOANNIS
1935 266 2403 331 CHRYSOSTOMI
2443 268 2756 325 ARCHIEP.
2800 269 3331 329 CONSTANTINOP.

4014 283 4107 337 408

2536 387 2706 439 dentia
2734 388 2956 439 volebam
2985 386 3126 455 prius
3152 388 3318 441 venire
3344 388 3410 439 ad
3437 404 3540 443 vos.
3567 388 3816 456 Quanam
3845 391 4111 444 conﬁden-

2537 477 2648 531 tia?
2668 478 2819 544 Quod
2840 480 3021 532 virtuti
3044 488 3235 533 vestra:
3252 479 3506 548 majorem
3530 482 3581 534 in
3601 482 3823 535 modum
3840 481 4116 549 conﬁdam,

2536 571 2676 641 quod
2711 581 2929 639 propter
2959 586 3053 625 vos
3080 571 3298 640 glorier,
3322 571 3464 641 quod
3490 573 3742 642 gloriatio
3773 581 3960 628 nostra
3989 574 4116 637 sitis,

2536 662 2680 732 quod
2727 677 2821 717 vos
2860 663 3014 718 unice
3043 677 3215 716 amem
3236 704 3249 725 ,
3278 662 3421 731 quod
3455 664 3653 718 nullius
3679 665 3808 719 mali
3841 662 3972 719 mihi
3999 678 4121 719 cou-

2537 753 2679 807 scius
2711 754 2833 818 sim,
2863 752 3007 822 quod
3047 767 3151 807 non
3189 752 3425 807 dubitem
3466 754 3593 821 quin
3633 756 3815 810 omnia
3852 753 3996 825 apud
4036 770 4124 809 nos

2538 846 2833 913 spiritualia
2864 846 2991 908 sitit,
3020 860 3085 899 ac
3114 860 3209 899 vos
3239 843 3426 898 barum
3468 860 3649 909 rerum
3687 854 3854 901 testes
3881 846 4125 899 habeam.

2554 934 2789 990 Volebam
2816 937 2984 991 venire
3013 936 3081 988 ad
3096 951 3203 1000 vos,
3229 935 3316 990 16.
3346 946 3394 989 et
3420 952 3507 1003 per
3526 951 3612 989 vos
3645 939 3862 989 transire
3882 938 3939 989 in
3967 936 4130 989 Mace-

2541 1027 2767 1080 doniam.
2797 1028 2955 1095 Atqui
2986 1028 3313 1080 contrarium
3338 1028 3387 1080 in
3413 1026 3589 1094 priore
3616 1027 3842 1095 epistola
3870 1027 4133 1094 pollicitus

2545 1118 2736 1182 fuerat,
2770 1119 2853 1172 his
2886 1118 3064 1173 verbis
3095 1128 3249 1172 utens
3283 1134 3297 1170 :
3338 1116 3548 1170 Veniam
3579 1127 3746 1170 autem
3782 1117 3852 1168 ad
3888 1132 4002 1181 vos,
4026 1132 4135 1168 cunt

2546 1209 2904 1263 Macedoniam
2927 1212 3177 1263 transiero
3201 1226 3219 1263 :
3251 1208 3607 1262 Macedoniam
3634 1208 3767 1262 enim
3798 1209 4133 1277 pertransibo.

2544 1301 2643 1368 Qui
2674 1300 2731 1355 ﬁt
2759 1301 2958 1369 itaque,
2986 1309 3043 1354 ut
3070 1300 3157 1353 hic
3187 1301 3469 1368 pugnantia
3501 1298 3677 1353 dicat?
3705 1298 3822 1352 Non
3851 1299 4137 1367 pugnantia

2546 1393 2696 1457 dicit,
2741 1392 2880 1447 absit
2908 1412 2920 1447 :
2957 1392 3072 1447 hazc
3101 1393 3243 1446 enim
3269 1406 3389 1445 cum
3418 1394 3483 1446 iis
3512 1392 3725 1461 quidem
3754 1407 3877 1461 quae
3906 1393 4143 1461 scripse-

2547 1495 2651 1551 rat,
2683 1486 3026 1555 pugnabant;
3054 1501 3175 1539 cum
3204 1485 3267 1538 iis
3296 1494 3497 1549 autem,
3530 1501 3648 1554 qua:
3678 1486 3733 1539 in
3761 1484 3950 1537 animo
3978 1485 4144 1539 liabe-

2549 1576 2671 1642 bat,
2700 1577 2919 1631 minime
2964 1578 3285 1646 pugnabant.
3332 1576 3454 1630 Ideo
3485 1592 3589 1630 non
3622 1576 3709 1630 hic
3738 1576 3907 1639 dixit,
3944 1574 4147 1645 Scripsi

2552 1683 2637 1722 me
2660 1682 2753 1736 per
2773 1684 2865 1721 vos
2885 1669 2936 1722 in
2955 1667 3320 1722 Macedoniam
3344 1668 3709 1733 transiturum,
3732 1668 3846 1731 sed,
3884 1666 4145 1721 Volebam.

2551 1757 2681 1811 Nam
2713 1759 2922 1813 etiamsi
2955 1773 3059 1813 non
3093 1760 3164 1812 ita
3194 1759 3499 1828 scripserim
3523 1801 3539 1824 ,
3573 1760 3773 1827 inquit,
3804 1770 3989 1813 tamen
4033 1771 4149 1813 stu-

2553 1848 2744 1902 debam
2770 1864 2833 1903 ac
2860 1850 3138 1918 cupiebam
3181 1852 3327 1919 prius
3367 1867 3579 1922 quoque
3609 1852 3675 1906 ad
3705 1867 3799 1905 vos
3834 1852 4106 1921 proﬁcisci
4134 1870 4149 1917 ;

2555 1946 2864 2007 Lamumque
2892 1939 3063 2001 abest,
3096 1949 3153 1994 ut
3182 1942 3356 1995 serius
3383 1957 3541 2009 quam
3576 1944 3927 2011 promiseram
3956 1943 4024 1996 ad
4057 1960 4156 1997 vos

2557 2046 2641 2084 me
2668 2031 2983 2095 conferrem,
3012 2041 3068 2085 ut
3094 2033 3260 2099 ipsam
3283 2049 3500 2102 quoque
3527 2034 3973 2103 pollicitationem
4004 2045 4146 2089 ante.

2558 2133 2765 2177 vertere
2787 2138 3057 2191 cuperem.
3088 2122 3156 2177 Ut
3176 2126 3451 2177 secundum
3472 2128 3690 2195 gratiam
3714 2128 3989 2182 haberetis.
4016 2130 4155 2193 Quid

2557 2228 2659 2282 est,
2694 2216 2984 2270 Secundam
3006 2218 3031 2268 ?
3064 2217 3336 2285 Duplicem
3371 2236 3383 2270 :
3418 2218 3641 2272 alteram
3674 2234 3866 2287 nempe
3900 2236 3998 2288 per
4031 2220 4157 2273 lite.

2560 2329 2663 2377 ras,
2695 2313 2918 2365 alteram
2948 2326 3042 2379 per
3075 2310 3433 2378 praesentiam.
3465 2311 3567 2364 Per
3600 2313 3825 2380 gratiam
3861 2328 4027 2382 porro
4057 2314 4156 2367 hoc

2561 2408 2677 2460 loco
2705 2403 2943 2458 lzetitiam
2972 2401 3238 2472 intelligit.
3275 2400 3339 2454 Et
3371 2418 3457 2467 per
3479 2418 3563 2454 vos
3585 2402 3799 2453 transire
3825 2403 3879 2453 in
3910 2403 4156 2457 Macedo-

2562 2495 2718 2558 niam,
2749 2504 2793 2547 et
2820 2510 2997 2546 rursus
3027 2509 3057 2544 a
3091 2491 3391 2545 Macedonia
3422 2492 3637 2543 transire
3666 2492 3732 2543 ad
3762 2508 3866 2557 vos,
3892 2503 3934 2543 rt
3963 2509 3993 2544 α
4023 2496 4161 2546 ruitis

2562 2586 2742 2639 deduci
2766 2588 2818 2639 in
2846 2584 3103 2639 Judwam.
3146 2585 3235 2639 l7.
3265 2584 3389 2638 Cum
3415 2598 3534 2654 ergo
3562 2584 3656 2636 hoc
3680 2584 3880 2647 vellem,
3913 2589 4160 2653 numqui!

2564 2676 2764 2729 levitate
2789 2692 2909 2730 usus
2937 2693 3047 2729 sum
3070 2677 3095 2729 Ρ

2558 2782 2571 2793 ·
2635 2765 2687 2818 5.
2719 2765 2811 2817 llic
2838 2766 2944 2833 jam
2976 2775 3118 2818 recta
3146 2774 3200 2819 et
3227 2776 3411 2834 aperte
3462 2767 3817 2821 cunctationis
3877 2768 4158 2822 absentim-

2565 2871 2666 2925 que
2694 2857 2894 2909 crimen
2923 2870 2950 2907 a
2981 2870 3037 2908 se
3066 2858 3361 2923 propulsat.
3388 2859 3538 2921 Quod
3568 2860 3709 2912 enim
3740 2861 3834 2923 ait,
3867 2860 4008 2913 hanc
4034 2878 4157 2913 sen-

2567 2946 2785 3001 tentiam
2836 2945 3040 2999 habet:
3077 2945 3327 2999 Volebam
3380 2948 3562 3000 venire
3602 2949 3668 3001 ad
3715 2964 3855 3003 vos:
3889 2967 3988 3004 cur
4035 2968 4158 3020 ergo

2567 3054 2670 3091 non
2695 3038 2854 3092 veni?
2875 3053 2939 3089 an
2963 3036 3104 3106 quod
3130 3036 3340 3090 levitate
3362 3048 3415 3103 et
3438 3038 3791 3091 inconstantia
3816 3041 4160 3095 laborarem?

2571 3132 2668 3185 hoc
2696 3130 2838 3185 enim
2866 3128 3121 3199 signiﬁcat
3152 3128 3311 3193 istud,
3343 3127 3610 3199 Numquid
3634 3131 3831 3183 levitate
3858 3149 3982 3187 usus
4009 3136 4161 3186 sum?

2568 3222 2803 3276 Minime.
2836 3220 2974 3285 Quid
3002 3221 3159 3289 igitur
3184 3234 3357 3273 causa:
3386 3222 3509 3274 est?
3553 3221 3806 3287 Quoniam
3836 3239 3949 3292 qme
3973 3216 4163 3295 cogito,

2570 3330 2671 3367 non
2700 3314 2977 3366 secundum
3002 3328 3202 3364 carnem
3229 3313 3411 3381 cogito.
3444 3312 3579 3380 Quid
3608 3322 3710 3377 est,
3738 3312 3861 3367 Non
3883 3319 4166 3369 secundum

2570 3421 2772 3458 carnem
2792 3403 2995 3475 cegito?
3024 3402 3139 3457 Non
3169 3404 3371 3457 carnali
3402 3403 3579 3459 modo.
3612 3404 3677 3461 Ut
3698 3406 3762 3460 sit
3784 3407 3923 3476 apud
3943 3424 4045 3473 me,
4072 3407 4170 3462 Est

2570 3512 2662 3564 est,
2686 3499 2825 3563 Non,
2841 3517 2961 3552 non.
2980 3502 3043 3552 At
3059 3498 3109 3553 id
3128 3513 3337 3569 quoque
3350 3497 3636 3554 obscurum
3658 3511 3762 3556 est.
3778 3500 4045 3570 Quidnam
4070 3504 4173 3572 igic

2574 3604 2658 3648 tur
2684 3595 2768 3648 his
2795 3594 2970 3649 verbis
3000 3592 3099 3647 sibi
3130 3593 3280 3647 vult?
3310 3594 3549 3649 Carnalis
3578 3596 3757 3660 homo,
3794 3596 3897 3651 hoc
3934 3608 4043 3661 est,
4076 3600 4174 3667 qui

2572 3688 2923 3758 praesentibus
2952 3688 3114 3743 rebus
3139 3688 3331 3743 afﬁxus
3357 3697 3438 3742 est
3463 3703 3525 3742 ac
3557 3698 3815 3758 perpetuo
3847 3689 3901 3744 in
3938 3690 4007 3745 iis
4039 3708 4175 3747 ver-

2573 3790 2737 3843 satur,
2767 3788 2821 3833 et
2850 3794 2879 3832 a
2908 3779 3136 3848 Spiritus
3163 3781 3477 3849 operatione
3521 3780 3728 3834 alienus
3750 3789 3852 3846 est,
3888 3783 4176 3851 quaslibet

2574 3872 2627 3925 in
2658 3885 2780 3925 oras
2808 3871 3067 3941 proﬁcisci
3094 3881 3149 3925 et
3173 3872 3353 3941 vagari
3395 3886 3490 3942 pro
3528 3871 3694 3925 lubito
3726 3882 3917 3942 potest.
3942 3877 4018 3928 At
4042 3876 4179 3947 Spi-

2575 3963 2707 4016 ritus
2747 3962 3013 4027 minister,
3044 3962 3239 4030 quique
3284 3962 3352 4015 ab
3394 3976 3459 4016 eo
3485 3962 3697 4017 amatur
3720 3978 3782 4018 ac
3808 3965 4179 4023 circumduci.

2576 4063 2691 4119 tur,
2734 4068 2837 4107 non
2884 4062 3057 4123 potest
3101 4053 3296 4123 ubique
3332 4069 3427 4124 pro
3470 4054 3692 4111 arbitrio
3716 4071 3814 4112 suo
3850 4049 3908 4113 se
3934 4074 4141 4127 gerere
4165 4105 4179 4125 ,

2575 4146 2771 4215 quippe
2797 4159 2954 4214 quem
2983 4143 3214 4213 Spiritus
3242 4146 3546 4201 auctoritati
3576 4147 3647 4201 ita
3682 4148 3975 4213 addixerit,
4013 4162 4077 4205 ut
4110 4170 4181 4209 ex

2577 4238 2742 4307 ipsius
2770 4247 2899 4290 ntttu
2931 4236 3161 4313 pendeat
3190 4258 3202 4293 :
3232 4253 3413 4291 verum
3439 4238 3661 4307 perinde
3687 4240 3763 4293 illi
3788 4241 4000 4305 accidit,
4037 4253 4103 4297 ut
4133 4247 4181 4301 si

2578 4329 2772 4397 probus
2788 4328 3049 4398 quispiam
3070 4343 3276 4393 servus,
3298 4329 3386 4398 qui
3406 4330 3475 4383 ob
3493 4330 3678 4384 herilia
3697 4332 3915 4400 imperia
3930 4348 4182 4404 quoquo-

2577 4437 2787 4474 versum
2811 4420 3146 4487 distrahitur,
3176 4425 3275 4475 ne'c
3304 4422 3385 4475 sui
3410 4422 3543 4491 juris
3565 4433 3725 4492 atque
3746 4423 3948 4477 arbitrii
3967 4436 4084 4492 est,
4119 4446 4184 4483 ac

2579 4527 2646 4565 ne
2678 4511 2936 4564 tantillum
2962 4512 3174 4579 quidem
3196 4498 3491 4580 respirandi
3510 4512 3815 4569 facultatem
3838 4514 4021 4581 habet,
4045 4533 4180 4572 oon.

2578 4606 2748 4658 servis
2777 4605 2889 4659 suis
2916 4604 3092 4672 aliqua
3124 4604 3436 4671 promittat,
3463 4619 3523 4659 ac
3544 4604 3770 4670 deinde,
3802 4606 3922 4676 quit
3946 4606 4188 4663 domino

2578 4698 2729 4750 alitt-r
2763 4698 2999 4765 placeat,
3035 4698 3252 4750 minime
3281 4708 3498 4766 praestet
3523 4714 3641 4766 qua:
3673 4700 4012 4767 promiserat.
4067 4702 4188 4757 Ηεεο

2581 4790 2738 4858 igitur
2778 4790 2882 4852 ait,
2925 4789 3038 4842 Non
3081 4790 3375 4843 secundum
3418 4806 3634 4843 carnem
3674 4791 3947 4853 con5ultc,
3993 4808 4186 4861 neque

2580 4897 2608 4933 a
2651 4880 2883 4950 Spiritus
2916 4880 3303 4949 gubernatione
3347 4880 3482 4932 liber
3523 4892 3683 4939 atque
3719 4880 3968 4935 immunis
4008 4897 4180 4954 sum,

2583 4986 2679 5024 lltC
2721 4970 2883 5034 "lilii,
2926 4985 3033 5039 quo
3078 4970 3277 5031 libeat,
3313 4969 3579 5039 proﬁcisci
3627 4969 3769 5024 licet.
3820 4970 3951 5026 Nam
4000 4972 4183 5031 Para-

2582 5062 2701 5115 cleti
2735 5062 2959 5129 imperio
2984 5070 3037 5115 et
3065 5060 3254 5113 edictis
3275 5058 3561 5125 subjicior,
3593 5069 3753 5128 atque
3779 5060 3844 5115 ad
3873 5062 4043 5132 ipsius
4080 5070 4186 5120 ml-

2582 5153 2757 5204 culum
2786 5167 2914 5220 agor
2939 5166 3001 5205 ac
3026 5151 3380 5217 circumagor.
3404 5148 3538 5201 Hinc
3569 5148 3763 5205 factum
3792 5162 3874 5207 est
3904 5163 3957 5208 ut
3983 5161 4189 5211 venire

2582 5243 2916 5311 nequiverim
2962 5255 3115 5294 :non
3176 5239 3318 5294 enim
3372 5240 3591 5309 Spiritui
3650 5244 3864 5311 placuit.
3918 5244 3975 5299 Id
4031 5250 4185 5315 quod

2583 5332 2741 5386 etiam
2772 5332 2823 5384 in
2848 5332 3073 5385 Actuum
3107 5330 3243 5383 libro
3273 5330 3538 5401 plerisque
3569 5332 3698 5387 locis
3741 5334 3840 5403 ipsi
3880 5350 3976 5387 usu
4027 5339 4184 5388 venit

2584 5421 2935 5494 (Act.'16);
2986 5420 3094 5474 alio
3142 5420 3283 5475 enim
3334 5436 3392 5475 se
3438 5422 3688 5478 conferre
3748 5424 4186 5482 constituentetn

2584 5513 2813 5569 Spiritus
2838 5514 2943 5567 alio
2968 5512 3230 5582 proficisci
3256 5513 3492 5583 jubebat.
3519 5515 3878 5580 Quamobrem
3899 5528 4009 5574 non
4031 5530 4179 5570 meae

2584 5607 2812 5663 levitatis
2842 5616 2895 5661 et
2934 5606 3305 5660 inconstantia:
3332 5616 3436 5672 est,
3467 5606 3658 5676 inquit,
3688 5605 3832 5674 quod
3866 5617 3973 5657 non
4004 5619 4175 5661 vene-

2585 5702 2720 5769 rim,
2751 5698 2845 5755 sed
2891 5698 3031 5769 quod
3072 5698 3329 5770 Spiritui,
3370 5698 3455 5753 cui
3485 5696 3757 5765 subjectus
3804 5708 3955 5765 etim,
3986 5710 4183 5769 parm-
