4060 6346
203 317 312 373 ιον

199 434 307 504 τὴν
337 434 417 495 εἰς
446 434 608 487 αὐτὸν
644 433 854 490 ἐλπίδα.
899 436 1021 490 Ὅτι
1054 439 1337 505 καύχημα
1368 438 1538 505 ὑμῶν
1576 437 1784 505 ἐσμεν,

198 522 474 597 καθάπερ
516 524 613 578 καί
651 527 819 595 ὑμεῖς
849 528 1040 597 ἡμῶν,
1084 529 1154 582 ἐν
1191 527 1266 597 τῇ
1314 527 1505 597 ἡμέρᾳ
1537 525 1647 581 τοῦ
1676 532 1791 582 Kv—

196 586 535 685 ploJﬂﬁér
592 586 1109 686 ἸησοῦσΧριστοῦ.
1159 586 1549 673 Ἐνταῦθαντδν
1589 618 1653 672 ἐκ
1680 620 1792 671 τῶν

197 707 508 777 είρημένων
541 709 907 781 ὑποτέμνεται
939 711 1153 777 φθόνον,
1184 710 1449 782 μεριστάς
1476 712 1676 773 αὐτοὺς
1697 713 1791 763 καὶ

200 801 495 864 κοινωνοὺς
529 803 764 872 ποιήσας
793 803 893 872 τῆς
920 803 1077 874 δόξης
1105 803 1215 856 τῶν
1234 802 1400 857 αὐτοῦ
1428 801 1792 873 καξορθωμά-

196 905 333 945 των.
367 892 440 945 Οὐ
488 893 598 963 γὰρ
647 895 841 968 μέχρις
884 896 1041 965 ήμῶν
1086 894 1339 965 ἕστηκεν,
1389 894 1527 948 ἀλλά
1569 894 1663 947 καλ⁵
1711 896 1793 957 είς

197 984 348 1054 ὑμᾶς
377 985 659 1050 διαϐαίνει,
687 989 783 1039 καὶ
808 988 969 1041 πάλιν
1002 988 1095 1057 ἀφ’
1125 988 1279 1058 ὑμῶν
1304 990 1385 1050 είς
1409 988 1575 1058 ἡμᾶς.
1611 987 1793 1040 Ἐπει-

199 1073 266 1145 δὴ
300 1075 407 1146 γὰρ
451 1077 655 1146 ἐπῆρεν
694 1078 909 1141 ἑαυτὸν,
952 1080 1047 1132 καὶ
1094 1079 1203 1132 τῶν
1236 1080 1615 1150 παρελθόντων
1647 1094 1791 1146 παρ-

199 1168 360 1238 έσχεν
384 1169 678 1236 ἀπόδειξιν,
713 1170 807 1222 καὶ
826 1170 895 1223 τά
927 1170 1191 1239 μέλλοντα
1219 1172 1590 1241 ὲνεγγυήσατο
1609 1189 1622 1203 ·
1651 1170 1791 1223 ὥστε

202 1261 283 1329 μὴ
325 1262 631 1332 ἐπισκῆψαι
679 1267 806 1329 τοὺς
841 1266 1137 1330 ἀκούοντας
1174 1267 1250 1331 ὡς
1298 1265 1791 1338 μεγαληγοροῦντι,

199 1349 342 1420 μηδὲ
376 1352 457 1415 είς
489 1352 809 1421 βασκανίαν,
840 1358 977 1427 ὅπερ
1008 1355 1166 1425 ἔφην,
1215 1356 1583 1425 ἐξενεχθῆναι,
1624 1356 1796 1407 κοινοῖ

194 1438 261 1491 τὸ
282 1439 566 1510 καύχημα,
617 1442 712 1495 καὶ
765 1443 944 1496 αὐτῶν
993 1442 1131 1496 εἷναί
1161 1461 1296 1513 φησι
1338 1444 1431 1497 τὸν
1468 1445 1577 1496 τῶν
1614 1446 1790 1511 ἐγκω-

200 1529 345 1596 μίων
378 1531 642 1599 στέφανον
684 1532 895 1587 τοῦτον.
946 1534 1044 1586 Ἂν
1072 1534 1183 1603 γὰρ
1229 1533 1465 1586 τοιοῦτοι
1508 1534 1789 1601 φανῶμεν,

198 1616 388 1682 φησὶν,
417 1617 445 1667 ὁ
482 1617 704 1683 ἔπαινος
735 1620 892 1691 ήμῶν
917 1620 1073 1691 ὑμῶν
1101 1624 1134 1691 ή
1164 1621 1320 1685 δόξα·
1353 1621 1544 1692 ὥσπερ
1576 1616 1670 1674 οὖν
1697 1620 1791 1673 καὶ

198 1704 357 1773 ὑμῶν
389 1706 823 1777 εὐδοκιμούντων
858 1713 1019 1781 ἡμεῖς
1048 1711 1402 1781 ἀγαλλόμεθα
1429 1712 1523 1763 καὶ
1553 1710 1791 1776 σκιρτῶο

200 1812 306 1861 μεν
332 1796 426 1848 καὶ
459 1799 891 1871 στεφανούμεθα.
924 1803 1093 1855 Πάλιν
1127 1803 1411 1857 κάνταῦθα
1438 1803 1573 1856 πολύ
1602 1802 1664 1854 τὸ
1689 1802 1791 1871 τῆς

195 1890 708 1961 ταπεινοφροσύνης
739 1892 905 1945 αὐτοῦ
930 1894 998 1946 δι’
1021 1887 1097 1946 ὧν
1131 1896 1356 1965 εἴρηκεν
1390 1894 1788 1947 ἐπιδείκνυται.

197 1977 279 2028 Οὐ
307 1978 418 2048 γὰρ
448 1980 524 2041 ὡς
569 1980 890 2045 διδάσκαλος
936 1986 1228 2055 μαθηταῖς,
1272 1988 1387 2040 ἀλλ’
1424 1986 1498 2049 ὡς
1544 1985 1793 2055 μαθητὴς

201 2067 476 2137 μαθηταῖς
504 2072 787 2141 ὁμοτίμοις
813 2074 1214 2143 διαλεγόμενος,
1239 2076 1412 2138 οὕτως
1435 2077 1673 2141 ἐξισάξει
1704 2076 1793 2130 τὸν

196 2155 380 2225 λόγον.
414 2161 524 2211 Καὶ
551 2160 649 2214 θέα
686 2162 802 2226 πῶς
831 2165 1027 2228 αὐτοὺς
1059 2164 1297 2235 ὑψηλοὺς
1324 2169 1491 2229 ποιεῖ,
1523 2167 1617 2218 καὶ
1644 2166 1794 2233 φιλο-

94 2266 101 2275 ·
197 2248 401 2317 σοφίας
450 2249 669 2320 πληροῖ,
703 2253 1093 2327 παραπέμπων
1124 2256 1310 2327 ἐκείνῃ
1346 2258 1412 2326 τῇ
1465 2255 1664 2325 ἡμέρᾳ.
1699 2254 1791 2323 Μὴ

195 2338 311 2407 γάρ
340 2356 428 2407 μοι
455 2340 523 2394 τά
551 2343 797 2412 παρόντα
826 2343 1040 2415 εἴπητε,
1065 2346 1221 2416 φησὶ,
1253 2348 1523 2409 τουτέστι,
1556 2347 1625 2400 τὰ
1653 2346 1794 2399 ὀνεί-

194 2430 291 2499 δη,
321 2432 423 2495 τὰς
447 2432 735 2505 λοιδορίας,
766 2436 836 2488 τὰ
869 2436 1184 2507 σκώμματα
1216 2438 1285 2491 τά
1316 2440 1467 2507 παρά
1514 2440 1623 2491 τῶν
1662 2437 1793 2491 πολ-

197 2522 349 2576 λῶν·
375 2522 530 2575 οὐδὲν
562 2524 671 2593 γὰρ
711 2526 854 2594 μέγα
900 2526 971 2578 τά
1008 2528 1261 2594 ἐνταῦθα,
1310 2528 1433 2581 οὐτε
1477 2528 1546 2581 τὰ
1581 2528 1795 2599 χρηστὰ

196 2611 327 2665 οὔτε
357 2613 424 2667 τὰ
445 2612 686 2685 λυπηρὰ,
719 2617 779 2669 οὐ
802 2616 872 2668 τὰ
898 2618 1230 2688 σκώμματα,
1262 2618 1322 2670 οὐ
1351 2619 1419 2671 τὰ
1441 2617 1692 2688 ἐγκώμια
1722 2619 1792 2670 τά

196 2701 357 2771 παρά
402 2702 512 2755 τῶν
556 2703 894 2775 ἀνθρώπωνο
944 2706 1059 2759 ἀλλ’
1108 2707 1496 2777 ἀναμνήσθητέ
1559 2724 1649 2776 μοι
1691 2708 1791 2775 τῆς

156 2794 421 2864 ,ἡμέρας
467 2797 682 2869 ἐκείνης
730 2797 832 2867 τῆς
867 2797 1233 2869 φοϐερᾶςλκαὶ
1286 2798 1611 2871 φρικώδους,
1650 2800 1709 2851 ἐν

197 2887 383 2940 πάντα
442 2888 975 2959 ἀνακεκαλυμμένα.
1029 2892 1161 2944 Τότε
1212 2892 1323 2960 γάρ
1367 2892 1459 2944 καὶ
1512 2894 1673 2961 ἡμεῖς
1732 2892 1791 2942 ἐν

196 2975 335 3045 ὑμῖν
370 2976 466 3028 καὶ
502 2977 660 3045 ὑμεῖς
691 2979 751 3030 ἐν
781 2979 913 3047 ἡμῖν
940 2979 1478 3050 καλλωπισθήσεσθε,
1528 2982 1657 3034 ὅταν
1699 2981 1790 3034 καὶ

196 3068 364 3136 ὑμεῖς
393 3067 655 3137 φαίνησθε
699 3070 975 3135 τοιούτους
1018 3071 1234 3141 ἔχοντες
1266 3072 1642 3139 διδασκάλους,
1684 3091 1790 3143 μη-

194 3157 290 3210 δὲν
319 3155 662 3228 ἀνθρώπινον
691 3159 1067 3224 διδάσκοντας,
1114 3162 1251 3232 μηδὲ
1290 3164 1524 3235 πονηρίᾳ
1566 3165 1791 3233 συνεζη-

196 3245 388 3311 κότας,
434 3246 570 3318 μηδέ
597 3246 768 3318 λαϐήν
795 3266 922 3303 τινα
951 3250 1273 3315 δεδωκότας,
1306 3254 1401 3305 καὶ
1427 3255 1587 3323 ἡμεῖς
1618 3253 1791 3306 τοιού-

194 3351 331 3399 τους
358 3337 572 3406 έχοντες
598 3337 865 3408 μαθητὰς,
894 3340 1060 3410 μηδὲν
1084 3342 1426 3412 ἀνθρώπινον
1458 3346 1786 3414 πάσχοντας,

198 3434 345 3507 μηδέ
393 3433 809 3505 σαλευομένους,
863 3436 998 3489 ἀλλά
1055 3439 1193 3507 μετά
1252 3440 1561 3511 προθυμίας
1612 3444 1788 3497 πάντα

197 3526 665 3596 ὑποδεχομένους,
715 3528 811 3581 καὶ⁸
870 3527 1183 3598 μηδαμόθεν
1226 3532 1784 3605 παραλογιζομένους.

194 3619 315 3672 Καὶ
350 3617 444 3671 νῦν
476 3618 576 3687 μὲν
605 3619 712 3690 γὰρ
747 3618 920 3674 ταῦτα
949 3620 1083 3688 δῆλα
1110 3625 1222 3686 τοῖς
1248 3615 1377 3676 νοῦν
1400 3623 1585 3694 έχουσι
1619 3640 1631 3654 ·
1664 3627 1787 3680 τότε

196 3710 257 3763 δὲ
292 3710 480 3763 πᾶσιν.
516 3710 680 3762 ’Ὥστε
722 3712 771 3763 εί
811 3712 907 3764 καὶ
934 3710 1227 3783 θλιϐόμεθα
1274 3714 1421 3787 [444]
1455 3715 1570 3780 νῦν,
1605 3719 1666 3771 οὐ
1702 3736 1790 3788 μι-

199 3800 349 3871 κρὰν
389 3803 483 3853 καὶ
512 3800 717 3870 ταύτην
756 3800 954 3873 ἔχομεν
986 3806 1374 3874 παραμυθίαν·
1403 3806 1497 3861 νῦν
1544 3808 1645 3878 μὲν
1689 3810 1787 3879 τὴν

194 3892 315 3945 ἀπὸ
340 3893 432 3946 τοῦ
466 3893 787 3961 συνειδότος,
826 3895 947 3947 τότε
984 3894 1039 3947 δὲ
1071 3898 1165 3950 καὶ
1188 3899 1285 3970 τὴν
1314 3901 1423 3954 ἀπὸ
1452 3903 1552 3972 τῆς
1576 3902 1785 3974 ἐκλάμοι

194 3981 350 4049 ψεως
382 3982 572 4052 αὐτῆς.
605 3982 719 4036 Νῦν
760 3984 858 4053 μὲν
892 3983 1001 4054 γὰρ
1046 3986 1106 4039 τὸ
1142 3990 1381 4054 συνειδὸς
1418 3992 1575 4062 ἡμῶν
1623 3990 1783 4063 οἶδεν,

193 4074 285 4125 ὅτι
316 4073 501 4143 χάριτι
536 4074 672 4127 Θεοῦ
703 4076 879 4130 πάντα
912 4077 1195 4149 ποιοῦμεν,
1247 4083 1322 4146 ὠς
1358 4085 1451 4137 καὶ
1484 4085 1640 4155 ὑμεῖς
1672 4087 1784 4141 ἴστε

196 4164 301 4217 καὶ
326 4163 538 4217 εῐσεσθε
562 4182 575 4196 ·
612 4168 736 4221 τότε
774 4167 830 4220 δὲ
862 4169 955 4221 καὶ
985 4171 1183 4232 πάντες
1211 4174 1545 4245 μαθήσονται
1577 4176 1786 4249 ἀνθρω-

192 4272 295 4309 ποι
327 4256 421 4310 καὶ
445 4261 513 4308 τά
540 4258 784 4337 ἡμέτερα
820 4262 913 4314 καὶ
934 4264 1001 4315 τά
1026 4261 1199 4331 ὑμῶν,
1234 4265 1327 4316 καὶ
1360 4267 1577 4337 ὄψονται
1599 4269 1666 4321 δι’
1686 4272 1782 4324 ἀλ-

195 4350 381 4420 λήλων
413 4352 558 4420 ἡμᾶς
590 4352 1005 4424 δοξαζομένους.
1051 4357 1169 4409 Ἵνα
1204 4358 1311 4429 γάρ
1349 4364 1422 4432 μὴ
1463 4363 1589 4433 δόξῃ
1624 4365 1783 4433 μόνος

196 4441 367 4504 αὐτὸς
397 4437 534 4494 εἶναι
556 4444 804 4514 λαμπρὸς
832 4446 941 4499 ἀπὸ
970 4451 1069 4519 τῆς
1096 4450 1438 4517 καυχήσεως,
1477 4454 1568 4506 καὶ
1599 4455 1784 4519 αὐτοῖς

188 4535 415 4589 δίδωσιν
461 4536 639 4590 αἰτίαν
694 4536 787 4591 τοῦ
841 4541 1209 4609 καυχήματος,
1261 4542 1355 4595 καὶ
1409 4545 1611 4612 ἀπάγει
1675 4549 1782 4599 τῶν

193 4620 486 4690 παρόντων
520 4621 778 4694 λυπηρῶν
828 4626 939 4680 Καὶ
959 4626 1095 4697 ὅπερ
1124 4627 1216 4679 ἐπὶ
1253 4630 1351 4699 τῆς
1375 4634 1781 4703 παρακλήσεως

190 4710 458 4779 ἐποίησεν
477 4713 850 4779 είπὼν,ὅτιΔι’
883 4717 1026 4786 ὑμᾶς
1061 4735 1304 4787 παρακα,
1340 4721 1599 4792 λούμεθα,
1622 4725 1780 4779 τοῦτο

192 4802 297 4854 καὶ
325 4802 558 4857 ἐνταῦθα
597 4810 761 4873 ποιεῖ,
799 4809 875 4858 Δι’
910 4808 1051 4877 ὑμᾶς
1082 4812 1412 4879 καυχώμεθα
1442 4814 1633 4882 λέγων,
1668 4814 1776 4868 ὥσ-

187 4910 309 4966 περ
342 4894 436 4945 καὶ
459 4895 614 4963 ὑμεῖς
642 4898 707 4949 δι’
740 4900 907 4968 ἡμᾶς,
948 4901 1225 4971 πανταχοῦ
1266 4909 1552 4970 κοινωνοὺς
1581 4908 1779 4971 αὐτοὺς

191 4984 371 5039 ποιῶν
399 4986 675 5051 ἁπάντων,
703 4989 801 5058 τῆς
823 4993 1240 5063 παρακλήσεως,
1278 4995 1387 5047 τῶν
1417 4998 1776 5068 παθημάτων,

188 5077 301 5145 τῆς
344 5082 618 5148 σωτηρίας
661 5080 762 5150 τῆς
811 5084 975 5137 αὑτοῦ
1012 5101 1025 5115 ο
1082 5084 1176 5137 καὶ
1219 5084 1327 5155 γάρ
1365 5087 1463 5157 τὴν
1504 5092 1777 5161 σωτηρίαν

190 5167 405 5236 ταύτην
447 5173 566 5233 ταῖς
607 5171 793 5241 εὐχαῖς
844 5176 1024 5229 αὐτῶν
1076 5175 1385 5243 λογίζεται·
1426 5181 1777 5249 Συνυπουρ-

190 5261 469 5333 γούντων
499 5265 607 5335 γάρ
653 5264 815 5333 ὑμῶν
868 5266 943 5334 τῇ
993 5268 1217 5335 δεήσει,
1252 5268 1434 5337 φησὶν,
1481 5272 1776 5339 ἐρρύσατο

192 5360 229 5418 τὴ
248 5350 359 5417 σιᾶς
388 5355 420 5405 ό
448 5356 610 5420 Θεός.
649 5356 803 5409 Οὖτω
825 5354 890 5427 δὴ
929 5359 1022 5409 καὶ
1052 5359 1120 5412 τὰ
1158 5360 1487 5429 καυχήματα
1513 5364 1664 5416 κοινὰ
1695 5365 1777 5417 τί-

214 5460 378 5513 ξησιν.
409 5443 618 5515 Ὠσπερ
661 5447 768 5519 γὰρ
809 5450 926 5500 ἐκεῖ
959 5465 1141 5517 φησιν·
1180 5451 1419 5518 Είδότες
1450 5452 1538 5505 ὅτι
1571 5454 1774 5524 ὥσπερ

216 5552 265 5586 ει
276 5533 479 5597 ινωνοί
502 5532 642 5588 ἐστε
663 5536 780 5590 τῶν
803 5538 1182 5607 παθημάτων,
1214 5544 1367 5597 οὕτω
1403 5543 1501 5596 καὶ
1532 5545 1640 5613 τῆς
1666 5564 1774 5600 πα-

222 5624 557 5708 Δπιλήσεως
592 5641 607 5654 ⁸
647 5628 787 5682 οὑτω
830 5631 922 5683 καὶ
972 5631 1238 5699 ἐνταῦθα,
1278 5636 1568 5703 Καύχημα
1609 5639 1775 5705 ὑμῶν

193 5720 408 5784 εσμεν,
459 5714 721 5788 καθάπερ
761 5720 859 5775 καὶ
890 5722 1058 5791 ὑμεῖς
1094 5724 1281 5793 ἡμῶν.
1324 5727 1431 5781 Καὶ
1484 5727 1669 5795 ταύτῃ
1699 5728 1774 5797 τῇ

1264 322 1331 376 ΙΝ
1374 319 1598 377 EPIST.
1642 319 1801 375 lIAD
1842 319 1998 379 COB.
2040 319 2275 378 IIOMIL.
2301 320 2386 377 Ill.

3379 318 3483 373 408

1903 438 2251 505 πεποιθήσει
2292 435 2631 503 ἐϐουλόμην
2666 435 2955 502 πρότερον
3010 432 3160 500 πρὸς
3197 427 3352 500 ὑμᾶς
3380 429 3484 481 ὲλο

1898 527 2043 583 θεῖν.
2080 529 2219 600 Ποίᾳ
2249 528 2602 596 πεποιθήσει;
2628 526 2719 595 Τῷ
2742 524 2948 595 σφόδρα
2975 522 3201 595 θαρρεῖν
3228 524 3379 591 ὑμῖν,
3407 520 3487 589 τῷ

1899 622 2213 693 καυχᾶσθαι
2255 624 2341 692 ἐφ’
2370 623 2521 693 ὑμῖν,
2569 620 2649 691 τῷ
2696 617 2958 687 καύχημα
3002 614 3161 685 ὑμῶν
3203 610 3366 675 εἶναι,
3407 613 3488 683 τῷ

1899 713 2101 783 σφόδρα
2140 714 2288 785 ὑμᾶς
2336 714 2579 783 ἀγαπᾷν,
2626 712 2703 783 τῷ
2754 710 2916 781 μηδὲν
2960 706 3138 777 ἐαυτῷ
3186 705 3486 758 συνειδέναι

1898 805 2168 876 πονηρὸν,
2239 803 2316 875 τῷ
2371 804 2689 857 πεποιθέναι
2757 804 2840 855 ὅτι
2905 800 3082 853 πάντα
3140 796 3485 867 πνευματικά

1897 896 2027 968 παρ’
2056 897 2209 967 ἡμῖν,
2244 895 2340 948 καὶ
2372 896 2518 966 ὑμᾶς
2542 893 2751 946 τούτων
2780 892 3064 963 μάρτυρας
3087 887 3249 958 ἔχειν.
3285 885 3485 937 Ἐϐου-

1896 990 2096 1056 λόμην
2130 985 2332 1039 ἐλθεῖν
2364 984 2513 1052 πρὸς
2544 982 2725 1052 ὑμᾶς,
2774 981 2874 1035 καὶ
2910 981 2985 1035 δι’
3027 976 3193 1050 ὑμῶν
3222 974 3485 1030 διελθεῖν

1897 1082 1985 1146 είς
2022 1077 2421 1137 Μακεδονίαν.
2465 1074 2577 1129 Kal
2613 1075 2720 1146 μὴν
2762 1072 3072 1126 τούναντίον
3117 1066 3485 1139 ἐπηγγείλατο

1897 1173 1957 1224 ἐν
1996 1172 2063 1242 τῇ
2104 1170 2367 1240 προτέρᾳ,
2409 1167 2551 1222 οὕτω
2590 1166 2798 1234 λέγων’
2847 1164 3202 1230 Ἐλεύσομαι
3238 1160 3306 1212 δὲ
3335 1158 3485 1226 πρὸς

1896 1260 2074 1330 ὑμᾶς,
2103 1259 2251 1316 ὅταν
2280 1257 2663 1313 Μακεδονίαν
2690 1254 2903 1309 διέλθω
2922 1270 2935 1283 ·
2967 1250 3347 1305 Μακεδονίαν
3376 1249 3487 1316 γὰρ

1876 1352 2219 1422 διέρχομαι.
2251 1352 2376 1414 Πῶς
2402 1348 2495 1403 οὖν
2524 1347 2764 1403 ἐνταῦθα
2792 1344 3053 1399 τάναντία
3078 1340 3241 1411 φησίν
3265 1358 3280 1406 ;
3313 1340 3388 1391 Οὐ
3416 1339 3486 1390 τά

1898 1446 2117 1500 ἐναντία
2141 1446 2327 1515 φησὶν,
2358 1444 2539 1511 ἄπαγε
2559 1459 2572 1473 ⁸
2604 1440 2777 1495 ταῦτα
2810 1439 2922 1510 γὰρ
2952 1437 3169 1491 ἐναντία
3209 1434 3308 1505 μὲν
3337 1432 3484 1485 ἔστιν

1896 1532 1978 1600 οἷς
2016 1535 2253 1604 ἔγραψεν
2279 1575 2293 1598 ,
2340 1536 2441 1587 οὐκ
2484 1534 2702 1587 ἐναντία
2738 1531 2794 1585 δέ
2830 1526 2913 1594 οἷς
2959 1528 3227 1582 ἐϐούλετο.
3263 1525 3355 1577 Διὸ
3390 1526 3485 1576 καὶ

1897 1625 2133 1679 ἐνταῦθα
2163 1626 2263 1677 οὐκ
2298 1620 2472 1685 εἶπεν,
2515 1624 2599 1676 ὅτι
2632 1622 2893 1693 Ἔγραψα
2931 1621 2999 1673 δι’
3027 1618 3184 1687 ὑμῶν
3227 1614 3485 1669 ἀπελθεῖν

1897 1719 1976 1781 είς
2012 1715 2369 1782 Μακεδονίαν,
2413 1715 2553 1778 ἀλλ’,
2594 1714 2979 1779 Ἐϐουλόμην.
3015 1712 3077 1763 Εἰ
3114 1709 3225 1779 γὰρ
3256 1707 3349 1760 καὶ
3387 1708 3485 1775 οὐχ

1896 1807 2068 1869 οὕτως
2118 1806 2354 1877 ἔγραψα,
2407 1805 2595 1875 φησὶν,
2650 1802 2765 1855 ἀλλ’
2813 1802 2962 1871 ὅμως
3022 1799 3356 1863 ἐσπούδαζον
3392 1798 3485 1849 καὶ

1897 1896 2203 1967 ἐϐουλόμην
2232 1897 2326 1950 καὶ
2358 1897 2465 1966 πρὸ
2508 1894 2602 1948 τοῦ
2644 1893 2820 1947 ἐλθεῖν
2852 1891 2990 1962 πρὸς
3022 1891 3192 1959 ὑμᾶς·
3229 1888 3485 1941 τοσοῦτον

1899 1990 2138 2058 ἀπέσχον
2169 1988 2265 2041 τοῦ
2298 1971 2629 2058 βουληθῆῦαι
2653 1982 3078 2055 ὑστερῆσαιτῆς
3107 1980 3485 2048 ὑποσχέσεως.

1898 2083 1980 2134 ὅτι
2013 2082 2107 2135 καὶ
2147 2080 2352 2147 φθάσαι
2384 2079 2557 2149 αὐτὴν
2596 2077 2859 2146 ἠθέλησα.
2894 2076 3026 2127 Ἵνα
3058 2071 3346 2137 δευτέραν
3383 2070 3487 2136 χά-

1891 2187 1995 2237 ριν
2030 2171 2327 2241 ἔχητεητί
2364 2173 2501 2233 ἐστι,
2556 2168 2883 2235 Δευτέραν;
2928 2166 3046 2218 Ἵνα
3096 2163 3289 2231 διπλῆν
3323 2165 3482 2231 χάριν

1897 2258 2081 2327 ἔχητε,
2110 2260 2203 2311 καὶ
2232 2261 2333 2329 τὴν
2362 2261 2452 2314 διὰ
2471 2260 2582 2313 τῶν
2611 2259 2984 2330 γραμμάτων,
3020 2256 3114 2308 καὶ
3152 2254 3250 2326 τὴν
3269 2253 3353 2304 διὰ
3383 2252 3483 2319 τῆς

1898 2349 2222 2420 παρουσίας.
2256 2350 2433 2419 Χάριν
2459 2350 2517 2403 δὲ
2554 2349 2790 2402 ἐνταῦθα
2832 2349 2930 2419 τὴν
2961 2348 3133 2417 χαράν
3163 2345 3327 2413 λέγει.
3373 2342 3483 2395 Καὶ

1897 2442 1971 2497 δι’
1993 2441 2159 2512 ὑμῶν
2183 2440 2446 2495 διελθεῖν
2471 2444 2559 2508 είς
2591 2441 2993 2501 Μακεδονίαν,
3019 2440 3117 2491 καὶ
3148 2437 3337 2491 πάλιν
3365 2435 3482 2490 ἀπὸ

1896 2533 2272 2595 Μακεδονίας
2298 2532 2498 2587 ἐλθεῖν
2521 2531 2672 2599 πρὸς
2695 2528 2871 2599 ὑμᾶς,
2901 2530 2999 2582 καὶ
3027 2531 3125 2598 ὑφ’
3153 2528 3321 2597 ὑμῶν
3344 2542 3485 2595 προ·

1898 2624 2241 2694 πεμφθῆναι
2274 2628 2359 2690 είς
2390 2624 2507 2691 τὴν
2550 2621 2863 2677 Ἰουδαίαν.
2907 2620 3087 2674 Τοῦτο
3116 2615 3232 2674 οὖν
3256 2620 3485 2683 βουλό-

1890 2732 2093 2783 μενος,
2119 2714 2204 2784 μή
2233 2732 2287 2768 τι
2310 2717 2424 2783 ἄρα
2462 2714 2538 2785 τῇ
2573 2714 2830 2784 ἐλαφρίᾳ
2868 2710 3269 2781 ἐχρησάμηνὶ

1966 2903 2013 2965 γ’
2024 2940 2037 2952 .
2055 2894 2318 2953 Ἐνταῦθα
2333 2894 2516 2948 λοιπὸν
2532 2895 2592 2960 ἐξ
2604 2896 2818 2958 εὐθείας
2831 2897 3121 2951 ἀποδύεται
3146 2896 3206 2949 τὸ
3228 2893 3481 2965 ἔγκλημα

1896 2992 1955 3043 τὸ
1974 2991 2039 3043 ἐκ
2058 2990 2157 3059 τῆς
2182 2989 2495 3058 μελλήσεως
2522 2990 2734 3060 καὶτῆς
2761 2992 3049 3054 ἀπουσίας.
3087 2994 3151 3044 Ὃ
3174 2990 3282 3062 γὰρ
3308 2989 3476 3060 λέγει,

1894 3082 2133 3136 τοιοῦτόν
2163 3083 2310 3135 ἐστιν
2337 3100 2349 3112 ο
2394 3082 2725 3151 Ἐϐουλόμην
2762 3081 2938 3133 ἐλθεῖν
2962 3082 3097 3150 πρὸς
3129 3086 3272 3155 ὑμᾶς
3294 3101 3307 3115 ·
3334 3084 3480 3146 τίνος

1892 3170 1986 3227 οὖν
2020 3173 2205 3225 ἕνεκεν
2231 3174 2328 3225 οὐκ
2355 3169 2517 3243 ἦλθον
2551 3192 2564 3239 ;
2618 3170 2724 3243 ἆρα
2779 3174 2852 3235 ὡς
2887 3172 3087 3242 κοῦφος
3124 3175 3219 3225 καὶ
3265 3176 3479 3245 εὐρίπι-

1896 3282 2039 3330 στος;
2071 3264 2227 3317 τοῦτο
2261 3264 2372 3334 γάρ
2402 3267 2539 3327 ἐστι,
2572 3262 2736 3331 Μήτι
2768 3265 2883 3333 ἄρα
2917 3264 2989 3332 τῇ
3020 3266 3277 3333 ἐλαφρίᾳ
3306 3267 3477 3334 ἐχρη-

1894 3357 2138 3425 σάμην;
2166 3355 2429 3426 Οὐδαμῶς
2452 3368 2464 3381 ·
2499 3356 2634 3409 ἀλλὰ
2658 3356 2743 3409 διά
2764 3356 2849 3421 τίς
2877 3360 3002 3409 ’Ὁτι
3028 3356 3065 3410 ἂ
3079 3357 3471 3426 βουλεύομαι,

1893 3451 1965 3503 οὺ
2015 3448 2170 3502 κατά
2204 3446 2401 3516 σάρκα
2443 3448 2837 3515 βουλεύομαι.
2880 3448 2944 3500 Τί
2987 3451 3155 3512 ἐστιν,
3204 3451 3285 3503 Οὺ
3324 3449 3475 3502 κατά

1892 3541 2130 3608 σάρκα;
2180 3537 2329 3611 [445]
2386 3539 2460 3592 Οὐ
2520 3539 2798 3608 σαρκικῶς
2845 3538 3184 3608 βουλεύομαι.
3249 3540 3383 3593 Ἵνα
3433 3535 3471 3610 ᾗ

1893 3632 2027 3698 παρ’
2053 3630 2180 3698 ἐμοὶ
2222 3630 2285 3683 τὸ
2314 3630 2423 3683 Ναὶ
2459 3630 2583 3695 ναί,
2618 3630 2713 3682 καὶ
2743 3630 2807 3683 τὸ
2839 3630 2921 3682 Οὒ
2950 3632 3040 3686 οὕ.
3085 3630 3223 3683 Ἀλλ’
3251 3631 3331 3682 ἔτι
3381 3634 3473 3683 καὶ

1892 3722 2049 3776 τοῦτο
2094 3721 2305 3789 ἀσαφές
2366 3720 2431 3774 Τί
2466 3716 2557 3773 οὖν
2600 3722 2748 3774 ἐστιν
2782 3722 2810 3773 ὃ
2858 3740 3060 3791 φησιν;
3108 3723 3166 3774 '0
3212 3722 3472 3792 σαρκικδς

1893 3812 2197 3883 ἄνθρωπος,
2237 3812 2537 3877 τουτέστιν,
2565 3813 2593 3865 ὁ
2632 3815 2744 3874 τοῖς
2777 3813 3011 3883 παροῦσι
3042 3814 3470 3884 προσηλωμένος

1892 3908 1986 3959 καὶ
2009 3907 2068 3958 ἐν
2090 3904 2300 3969 τούτοις
2330 3904 2619 3968 διαπαντὸς
2653 3905 2748 3969 ὢν,
2778 3908 2871 3959 καὶ
2900 3907 2998 3976 τῆς
3031 3904 3125 3958 τοῦ
3150 3906 3289 3957 Πνεύ
3301 3923 3469 3974 ματος

1848 4054 1863 4057 _
1891 4000 2173 4070 ἐνεργείας
2204 4000 2360 4062 ἐκτὸς
2402 4000 2707 4069 τυγχάνων,
2750 4000 3029 4070 πανταχοῦ
3053 4000 3270 4054 ἀπιέναι
3312 3999 3471 4051 δύνα-

1890 4111 2001 4158 ται,
2044 4094 2138 4145 καὶ
2184 4093 2488 4146 πλανᾶσθαι
2532 4096 2666 4146 ὅπου
2713 4093 2993 4162 βούλεται·
3027 4095 3055 4145 ὁ
3098 4094 3153 4145 δὲ
3190 4094 3470 4161 ὑπηρέτης

1890 4180 1985 4234 τοῦ
2018 4179 2357 4249 Πνεύματος,
2388 4181 2482 4232 καὶ
2512 4181 2601 4232 ὑπ’
2640 4182 2847 4234 ἐκείνου
2894 4184 3156 4251 ἀγόμενος
3186 4183 3278 4234 καὶ
3307 4198 3468 4250 περι-

1891 4273 2176 4343 αγόμενος,
2207 4272 2266 4325 οὐ
2290 4272 2512 4326 δύναται
2534 4274 2723 4343 κύριος
2747 4268 2884 4326 εἶναι
2906 4273 3004 4340 τῆς
3022 4272 3215 4325 ἐαυτοῦ
3240 4273 3468 4343 γνώμης

1889 4362 2186 4431 πανταχοῦ,
2234 4363 2331 4433 τῆς
2372 4365 2582 4417 ἐκεῖθεν
2624 4365 2873 4427 ἐξουσίας
2914 4362 3220 4434 ἐξαρτήσας
3258 4364 3425 4431 αὐτήν
3451 4380 3464 4391 ·

1888 4454 2022 4508 ἀλλὰ
2083 4454 2321 4506 τοιοῦτον
2356 4457 2638 4524 ὑπομένει,
2685 4452 2795 4509 οἷον
2829 4456 2894 4510 ἂν
2941 4459 2989 4508 εί
3033 4456 3217 4517 δοῦλος
3257 4455 3463 4507 εὐδοκι-

1891 4547 2028 4615 μῶν,
2051 4547 2146 4600 καὶ
2172 4544 2448 4615 πανταχοῦ
2490 4540 2908 4615 περιελκόμενος
2944 4548 3048 4599 ὐπὸ
3075 4548 3183 4598 τῶν
3212 4546 3464 4596 δεσποτι-

1887 4640 1998 4691 κίον
2027 4638 2442 4708 ἐπιταγμάτων,
2487 4638 2581 4689 καὶ
2624 4639 2723 4689 οὐκ
2771 4639 2910 4704 ἔχων
2952 4637 3197 4699 ἐξουσίαν
3244 4637 3461 4699 ἑαυτοῦ,

1884 4732 2006 4783 οὐδέ
2050 4730 2385 4785 ἀναπνεῦσαι
2425 4728 2719 4797 δυνάμενος
2748 4728 2867 4779 οὐδέ
2914 4727 3128 4797 μικρὸν,
3184 4727 3462 4794 ἐπαγγέλ-

1886 4823 2029 4875 λοιτό
2060 4839 2181 4876 τινα
2207 4824 2317 4883 τοῖς
2348 4818 2668 4882 συνδούλοις,
2693 4815 2811 4871 εἶτα
2838 4819 2915 4888 τῷ
2944 4819 3179 4891 δεσπότῃ
3208 4820 3465 4872 τάναντία

1883 4914 2164 4978 δοκοῦντα,
2201 4913 2274 4983 μὴ
2308 4912 2459 4963 ἀνύοι
2490 4910 2559 4963 τά
2588 4911 3000 4980 ἀπηγγελμένα.
3038 4910 3207 4963 Τοῦτο
3237 4906 3329 4962 οὖν
3362 4926 3462 4976 φη-

1886 5022 1987 5065 σιν,
2010 5006 2092 5056 ὅτι
2129 5006 2210 5056 Οὐ
2234 5002 2381 5054 κατὰ
2406 5001 2606 5069 σάρκα
2622 5003 3021 5068 βουλεύομαι,
3056 5001 3150 5052 καὶ
3200 5001 3297 5051 οὐκ
3344 5000 3461 5068 εἰμὶ

1882 5096 1979 5163 τῆς
2009 5094 2099 5146 τοῦ
2132 5092 2446 5160 Πνεύματυς
2469 5092 2624 5154 ἐκτὸς
2646 5090 3041 5158 κυϐερνήσεως,
3066 5088 3185 5141 οὐδέ
3214 5087 3458 5151 ἐξουσίαν

1881 5188 1991 5256 ἔχω
2014 5186 2249 5255 βαδίζειν
2278 5185 2409 5235 ὅπου
2438 5183 2716 5253 βούλομαι.
2752 5182 2861 5234 Καὶ
2909 5181 3018 5251 γάρ
3054 5181 3349 5250 ὑπόκειμαι
3372 5182 3457 5233 δε-

1883 5276 2107 5347 σποτεία
2125 5279 2190 5346 τῇ
2219 5274 2311 5328 τοῦ
2339 5276 2698 5345 Παρακλήτου
2720 5274 2811 5325 καὶ
2832 5273 3189 5342 ἐπιτάγμασι,
3215 5275 3307 5325 καὶ
3335 5276 3455 5334 ταῖς

1880 5366 2088 5418 ἐκείνου
2127 5368 2328 5436 ψήφοις
2363 5365 2568 5436 ἄγομαι
2617 5366 2709 5416 καὶ
2756 5365 3115 5435 περιάγομαι.
3170 5366 3267 5417 Διὰ
3299 5363 3453 5415 τοῦτο

1879 5459 1977 5509 οὐκ
2001 5456 2273 5526 ἠδυνήθην
2314 5456 2490 5511 ἐλθεῖν
2515 5472 2529 5485 °
2565 5456 2624 5506 οὐ
2665 5457 2773 5525 γὰρ
2819 5456 2996 5521 ἔδοξεν
3034 5455 3111 5525 τῷ
3148 5455 3447 5521 Πνεύματι.

1887 5551 1949 5601 Ὃ
1971 5548 2063 5600 καὶ
2092 5548 2149 5600 ἐν
2174 5550 2291 5608 ταῖς
2321 5546 2557 5617 Πράξεσι
2590 5546 2857 5617 πολλαχοῦ
2904 5548 3124 5615 γέγονεν
3154 5564 3168 5578 ’
3218 5546 3450 5615 ἀλλαχοῦ

1878 5644 1987 5711 γὰρ
2017 5638 2398 5711 προῃρημένον
2436 5636 2630 5701 ἐλθεῖν,
2676 5638 2735 5690 τὸ
2776 5638 3000 5707 Πνεῦμα
3041 5638 3275 5707 ἀλλαχοῦ
3303 5638 3451 5707 βαδί-

1886 5737 1999 5799 ζειν
2019 5730 2286 5785 ἐκέλευεν.
2313 5728 2473 5779 Ὥστε
2501 5727 2559 5780 οὐ
2586 5729 2682 5798 τῆς
2714 5731 2849 5799 ἐμῆς
2874 5730 3152 5800 ἐλαφρίας,
3182 5730 3446 5787 τουτέστι.
