4568 6424
122 562 233 619 ιω
1232 559 1296 616 IN
1337 560 1549 619 EPIST.
1592 564 1630 617 ll
1688 563 1781 619 AD
1820 562 1971 619 COR.
2013 563 2245 621 HOMIL.
2288 566 2375 622 ill.
3301 573 3402 631 ιιο

118 676 254 732 dum
273 684 433 731 esset.
452 673 838 731 Videsrursum
851 681 1161 729 consuetam
1185 680 1284 745 ipsi
1299 674 1706 746 argumentandi

118 769 387 825 rationem
404 767 433 821 ἲ
444 766 597 824 Unde
613 766 756 825 enim
778 765 881 837 ipsi
896 780 957 823 se
976 764 1295 837 probaturos
1310 767 1705 835 existimabant,

119 874 250 914 eum
278 859 345 914 iis
368 859 612 915 consiliis
653 858 749 921 uti,
779 873 901 929 quae
938 872 970 913 a
1014 872 1180 913 carne
1217 857 1706 928 proﬁciscerentur,

118 952 269 1024 quod
297 954 548 1009 nimirum
581 952 856 1023 promissis
886 968 995 1008 non
1017 953 1289 1015 stetisset;
1322 951 1447 1007 hinc
1476 952 1591 1023 ipse
1628 953 1709 1008 vel

118 1045 361 1100 maxime
380 1060 440 1101 se
466 1044 727 1115 spirituali
752 1044 979 1099 consilio
1004 1044 1221 1099 ductum
1264 1042 1428 1099 fuisse
1452 1043 1708 1109 ostendit,

119 1150 190 1193 ac
232 1146 419 1193 contra
455 1136 659 1191 carnali
685 1136 846 1191 modo
869 1135 1228 1206 cogitaturum
1258 1134 1422 1191 fuisse
1445 1176 1462 1203 ,
1504 1135 1550 1189 si
1578 1149 1711 1190 con-

120 1229 350 1283 trarium
396 1227 632 1284 fecisset.
667 1227 807 1295 Quid
844 1228 1025 1298 igitur,
1056 1227 1199 1282 dicet
1238 1226 1433 1297 aliquis
1454 1267 1475 1293 ,
1501 1241 1568 1280 an
1602 1240 1708 1280 non

119 1338 187 1377 ex
232 1322 431 1391 Spiritu
477 1322 747 1392 pollicitus
790 1319 1013 1377 fuerat?
1042 1320 1257 1376 Minime
1302 1336 1434 1375 vero
1468 1338 1480 1375 :
1509 1320 1709 1377 etenim

114 1414 229 1483 jam
250 1412 451 1468 dictum
463 1420 546 1468 est
560 1426 592 1467 a
612 1427 720 1477 me,
745 1427 850 1467 non
862 1412 1041 1467 omnia
1061 1426 1123 1467 ea
1144 1412 1306 1467 Paulo
1321 1410 1530 1482 cognita
1548 1409 1710 1466 fuisse

119 1520 244 1575 (μηδ
288 1504 464 1560 futura
496 1513 651 1560 erant
690 1512 743 1559 et
768 1503 1159 1559 conducebant.
1195 1501 1320 1558 ideo
1346 1503 1398 1557 in
1426 1499 1708 1572 superiore

118 1597 340 1667 quidem
368 1597 595 1667 epistola
624 1595 713 1652 bis
730 1595 907 1651 verbis
930 1594 1112 1660 utitur,
1151 1593 1220 1650 Ut
1236 1610 1323 1649 vos
1349 1609 1427 1648 me
1445 1593 1711 1648 deducatis

118 1692 438 1759 quocumque
460 1688 759 1759 proﬁciscar
782 1686 804 1758 (
829 1689 881 1741 i.
913 1685 1032 1742 Cor.
1066 1685 1153 1742 16.
1188 1685 1256 1756 6)
1282 1702 1297 1752 ;
1329 1684 1433 1741 hoc
1462 1685 1711 1741 videlicet

119 1790 393 1847 metuens,
423 1794 489 1835 ne
518 1794 639 1835 cum
676 1779 728 1833 in
754 1778 997 1833 Judaeam
1026 1777 1270 1843 dixisset,
1300 1777 1407 1832 alio
1433 1777 1581 1832 abire
1618 1791 1712 1833 co-

116 1880 342 1941 geretur
373 1889 386 1924 :
418 1868 508 1927 hic
533 1880 734 1937 autem,
755 1870 1007 1939 quoniam
1030 1869 1131 1924 hac
1156 1884 1252 1940 spe
1267 1868 1487 1925 delusus
1515 1868 1713 1936 fuerat,

119 1964 265 2018 istud
310 1963 404 2029 ait,
436 1963 504 2018 Et
544 1980 577 2017 α
614 1965 750 2018 vobis
788 1963 972 2017 deduci
1010 1963 1064 2017 in
1098 1961 1360 2017 Judaram.
1391 1961 1525 2016 Nam
1564 1961 1709 2031 quod

117 2053 365 2110 caritatis
386 2062 521 2120 erat,
550 2053 603 2109 id
648 2054 820 2123 ponit,
851 2052 955 2109 hoe
979 2063 1084 2119 est,
1105 2052 1173 2107 ad
1198 2066 1294 2108 eos
1319 2052 1503 2108 venire
1529 2071 1542 2107 :
1569 2051 1709 2123 quod

115 2157 306 2202 autem
349 2160 537 2201 eorum
574 2146 707 2200 nihil
736 2148 997 2201 intererat
1019 2186 1035 2211 ,
1065 2159 1261 2215 nempe
1290 2153 1345 2199 ut
1375 2145 1429 2199 in
1471 2143 1709 2199 Judaeum

114 2236 332 2303 abiret,
398 2236 501 2291 hoc
578 2251 684 2291 non
752 2233 863 2305 jam
930 2235 1132 2291 diserte
1192 2234 1361 2290 addit.
1409 2235 1708 2306 Postquam

112 2338 299 2384 autem
353 2330 632 2386 convictus
683 2338 803 2392 est,
860 2328 947 2384 hic
993 2327 1105 2399 jam
1152 2327 1383 2394 ﬁdente;
1423 2327 1594 2395 dicit,
1644 2326 1710 2382 In

108 2422 382 2482 dudm.
423 2424 599 2493 Atque
644 2421 747 2477 hoc
790 2422 993 2477 utiliter
1037 2420 1416 2491 contingebat,
1473 2435 1541 2476 ne
1589 2422 1712 2490 quis

112 2514 358 2583 ipsorum
422 2515 683 2584 majorem
713 2554 727 2577 ,
787 2528 945 2584 quam
1001 2527 1099 2585 par
1155 2521 1343 2580 esset,
1400 2510 1709 2582 opinionem

110 2606 185 2662 de
242 2621 311 2662 eo
365 2593 608 2663 haberet.
670 2606 882 2661 Etenim
936 2605 1016 2670 si,
1077 2619 1199 2660 cum
1252 2603 1368 2659 haec
1422 2605 1584 2659 etiam
1637 2604 1710 2659 ita

108 2714 173 2754 se
204 2697 468 2755 haberent
487 2740 503 2765 ,
541 2706 719 2754 tamen
744 2714 850 2753 non
873 2697 1188 2761 defuerunt,
1214 2696 1303 2767 qui
1352 2705 1535 2751 tauros
1580 2694 1710 2766 ipsis

110 2791 399 2845 immolare
427 2790 666 2854 vellent;
717 2804 823 2859 quo
865 2788 1079 2843 tandem
1121 2787 1408 2855 impietatis
1438 2801 1543 2840 non
1585 2801 1710 2854 pro-

108 2883 391 2950 ruissent,
443 2882 544 2936 nisi
593 2881 757 2935 multa
814 2880 1060 2934 humanae
1116 2877 1493 2934 imbecillitatis
1546 2876 1710 2932 docn-

107 2984 303 3031 menta
344 2972 733 3047 prtehuissent?
771 2972 840 3027 Et
882 2988 978 3027 cur
1005 2971 1217 3026 miraris
1252 2985 1315 3026 ea
1346 2968 1559 3035 omnia,
1590 2984 1710 3039 quae

107 3068 298 3123 futura
335 3076 521 3134 erant,
553 3065 717 3120 Paulo
758 3065 981 3118 minime
1006 3074 1131 3117 nota
1159 3061 1353 3128 fuisse,
1396 3077 1518 3117 cum
1548 3062 1709 3117 etiam

106 3162 167 3216 in
205 3160 453 3232 precibus
480 3160 796 3229 plerumque
824 3156 967 3228 quod
1008 3154 1260 3226 expediat
1297 3153 1546 3226 ignoret?
1576 3152 1713 3221 Quid

105 3254 264 3309 enim
308 3268 541 3319 oremus.
589 3252 796 3322 inquit,
836 3249 1259 3321 quemadmodum
1306 3256 1499 3317 Oportet
1552 3246 1713 3300 nesci-

108 3363 234 3401 mus
262 3345 452 3417 (Rom.
476 3346 530 3401 8.
552 3342 623 3399 26
646 3344 685 3413 ).
717 3343 825 3397 Nec
848 3356 976 3397 vero
1005 3342 1107 3395 hoc
1133 3354 1199 3395 eo
1222 3339 1497 3394 dumtaxat
1520 3336 1614 3403 ait,
1655 3342 1714 3389 ut

109 3438 403 3496 modestia:
427 3436 733 3507 opinionem
756 3433 972 3504 colligat
992 3448 1006 3497 ;
1028 3431 1125 3487 sed
1139 3431 1299 3487 etiam
1322 3429 1576 3493 ostendit,
1595 3426 1712 3482 ubi-

112 3547 271 3597 nam,
302 3528 428 3599 quid
454 3529 505 3583 in
539 3527 789 3597 precibus
819 3526 946 3580 utile
972 3533 1137 3591 esset,
1170 3523 1449 3594 ignorarit.
1480 3520 1711 3579 Ubinam

112 3631 302 3678 autem
328 3619 630 3692 ignoravit?
654 3617 859 3687 Nempe
884 3632 1005 3671 cum
1034 3614 1279 3685 precibus
1299 3628 1329 3668 a
1357 3612 1467 3668 Deo
1491 3621 1715 3667 conten-

112 3715 309 3781 debat,
333 3722 390 3769 ut
410 3729 440 3769 e
466 3711 848 3767 tentatiOnihus
870 3709 1191 3778 eriperetur,
1218 3705 1300 3760 his
1321 3704 1499 3760 verbis
1520 3711 1709 3758 utens:

114 3808 295 3861 Datus
331 3814 403 3859 est
436 3804 562 3858 mihi
600 3802 832 3857 stimulus
860 3800 1030 3853 carnis
1056 3797 1266 3868 angelus
1295 3805 1488 3851 satana:
1511 3794 1598 3863 qui
1637 3808 1717 3847 me

114 3896 429 3966 solaphiset.
462 3893 682 3963 Propter
707 3888 842 3961 quod
871 3898 947 3943 ter
972 3887 1253 3942 Dominum
1277 3886 1488 3957 rogaui;
1509 3895 1557 3938 et
1586 3882 1717 3936 dixit

116 3989 256 4044 mihi
283 4003 303 4043 :
329 3987 524 4058 Suﬂicit
550 3985 636 4039 tibi
665 3986 829 4055 gratia
855 3999 997 4048 mea;
1017 3982 1175 4035 virtus
1200 3980 1332 4034 enim
1360 3993 1471 4031 mea
1493 3977 1547 4031 in
1569 3976 1717 4044 inﬁr-

116 4083 304 4135 mitate
329 4079 592 4149 perﬁcitur
622 4077 695 4149 (ἓ.
727 4074 846 4132 Cor.
904 4074 993 4129 η.
1016 4073 1185 4144 7.-9).
1234 4070 1393 4125 Vides
1420 4068 1712 4141 quomodo,

114 4170 258 4244 quid
284 4185 350 4225 ex
380 4185 479 4225 usu
499 4177 664 4229 esset,
690 4166 960 4237 postulare
987 4161 1312 4220 nesciverit?
1334 4162 1411 4217 Ac
1435 4170 1716 4232 pr0pterea

121 4278 237 4320 non
266 4261 496 4330 accepit,
518 4275 640 4314 cum
663 4269 840 4312 tamen
866 4272 1010 4327 saepe
1035 4255 1380 4327 postulasset.
1408 4253 1496 4310 18.
1523 4252 1718 4307 Fidelis

119 4362 302 4409 autem
328 4350 504 4416 Deus,
537 4351 654 4421 quia
684 4365 848 4403 sermo
878 4358 1067 4415 noster,
1098 4348 1186 4415 qui
1214 4347 1311 4416 fuit
1356 4344 1426 4399 ad
1467 4361 1552 4400 vos
1572 4388 1587 4412 ,
1616 4361 1719 4399 non

121 4446 231 4517 fuit
270 4443 364 4500 Est
406 4453 453 4498 et
488 4441 635 4501 Non.
678 4440 1020 4497 Exorientem
1064 4438 1420 4508 objectionem
1463 4436 1721 4508 przcclure

120 4537 371 4596 discutit.
402 4535 593 4593 Dicere
618 4536 760 4591 enim
792 4532 1090 4605 potuissent
1118 4551 1131 4584 :
1178 4523 1233 4585 Si
1260 4545 1381 4586 cum
1414 4532 1530 4601 ipse
1572 4540 1624 4584 te
1652 4529 1720 4583 ad

122 4647 235 4691 nos
258 4638 543 4687 venturum
573 4628 843 4701 receperis
863 4670 880 4696 ,
924 4627 978 4683 id
1007 4635 1185 4682 tamen
1224 4625 1402 4680 facere
1429 4624 1719 4689 distulisti,

121 4734 293 4797 atque
320 4723 393 4778 ita
421 4736 528 4778 non
556 4728 642 4778 est
667 4719 805 4791 apud
835 4727 908 4786 te,
937 4719 1032 4775 Est
1059 4727 1178 4785 est,
1210 4716 1324 4773 Non
1357 4732 1461 4770 non
1486 4756 1504 4783 ,
1536 4731 1720 4770 verum

122 4830 256 4888 qua:
298 4829 446 4869 nunc
482 4813 651 4879 dicis,
686 4821 869 4882 postea
898 4811 1164 4867 subvertis
1184 4851 1199 4876 ,
1241 4816 1299 4865 ut
1327 4808 1378 4863 in
1408 4817 1495 4863 tua
1528 4808 1594 4864 ad
1625 4823 1724 4863 nos

125 4904 467 4979 proiectione
491 4902 696 4969 fecisti;
725 4916 807 4956 vae
843 4901 1025 4969 nobis,
1043 4902 1095 4955 si
1116 4902 1215 4956 hoc
1240 4914 1452 4970 quoque
1478 4900 1533 4953 in
1554 4913 1721 4954 evan-

124 4996 260 5068 gelii
289 4994 669 5067 praedicatione
697 4992 975 5063 contingit.
1007 4991 1076 5047 Ut
1104 5005 1231 5062 ergo
1255 4990 1369 5046 haec
1399 5005 1498 5045 nec
1524 4990 1727 5061 cogita-

126 5097 258 5145 rcnt
285 5101 387 5143 nec
408 5086 870 5157 perturbarentur,
888 5084 982 5149 ait,
1014 5082 1209 5137 Fidelis
1243 5082 1397 5147 Deus,
1424 5083 1543 5151 quia
1562 5097 1725 5135 sermo

125 5192 309 5239 noster
333 5180 403 5237 ad
426 5196 512 5234 vos
535 5196 638 5233 non
666 5178 761 5251 fuit
792 5176 882 5232 Est
912 5188 959 5233 et
991 5175 1136 5241 Non.
1169 5175 1282 5230 Hoc
1308 5174 1449 5229 enim
1467 5174 1686 5244 ,~inquit
1707 5214 1723 5241 ,

127 5277 186 5330 in
219 5272 601 5345 praedicatione
622 5274 727 5326 non
753 5269 1033 5339 contingit.
1067 5266 1161 5322 scd
1190 5268 1243 5321 in
1270 5266 1367 5322 viis
1394 5280 1457 5320 ac
1484 5266 1724 5337 peregri-

127 5363 452 5422 nationibus
479 5362 758 5419 dumtaxat
782 5378 796 5415 :
826 5374 947 5416 nam
976 5360 1029 5413 in
1056 5356 1433 5428 praedicatione
1466 5354 1618 5411 ﬁrma
1640 5366 1724 5411 at-

125 5473 246 5531 que
276 5455 498 5511 immota
547 5460 767 5509 manent
809 5465 928 5522 quae
972 5449 1235 5505 diximus.
1276 5446 1379 5503 Per
1422 5460 1728 5503 sermonem

125 5549 285 5604 enim
315 5545 417 5600 hoc
446 5546 565 5600 loco
589 5543 1022 5615 praedicationem
1050 5539 1331 5608 signiﬁcat.
1364 5537 1557 5594 Postea
1587 5538 1726 5593 irre-

126 5637 360 5696 futabile
379 5648 750 5704 argumentum
774 5633 933 5703 hujus
953 5632 1030 5688 rei
1053 5630 1229 5697 aﬁ‘ert,
1248 5627 1317 5686 ad
1341 5629 1506 5684 Deum
1529 5629 1633 5686 hoc
1658 5641 1730 5686 to-

126 5744 253 5787 tum
284 5726 546 5783 referens.
576 5722 730 5791 Quod
765 5732 945 5777 autem
975 5723 1069 5790 ait,
1101 5721 1243 5777 hunc
1269 5732 1486 5776 sensum
1527 5719 1686 5775 habet
1711 5738 1725 5774 :

124 5823 421 5880 Adventus
446 5818 551 5873 mei
594 5813 909 5887 pollicitatio
945 5828 1066 5869 mea
1104 5822 1252 5879 erat,
1299 5820 1457 5883 atque
1482 5826 1582 5882 ego
1608 5828 1727 5867 mea

124 5922 337 5987 sponte
372 5910 423 5966 id
450 5908 835 5982 promiseram;
864 5912 920 5958 at
942 5903 1254 5976 praedicatio
1282 5921 1387 5959 non
1418 5917 1535 5958 mea
1574 5916 1691 5958 erat
1711 5944 1726 5969 ,

1816 676 2151 732 mendacium
2188 680 2378 737 cadere
2406 682 2587 753 nequit
2612 701 2625 736 :
2655 684 2795 739 unde
2820 686 2992 740 etiam
3010 685 3172 752 dicit,
3207 686 3405 747 Fidelis

1816 778 1981 823 autem
2018 769 2193 837 Deus;
2224 774 2327 829 hoc
2356 784 2465 840 est,
2498 790 2680 831 verax.
2716 777 3073 846 Quamobrem
3116 782 3249 836 nihil
3286 793 3402 851 est,

1815 873 1913 913 cur
1939 875 2000 915 ea
2027 903 2043 929 ,
2089 878 2211 933 qua:
2238 864 2380 923 illius
2421 875 2575 935 sunt,
2603 868 2754 923 Vobis
2793 880 3037 939 suspecta
3084 872 3194 927 sint
3223 890 3236 929 :
3271 875 3403 930 nihil

1816 951 1959 1005 enim
2008 954 2061 1007 in
2108 955 2238 1023 ipsis
2286 954 2577 1012 humanum
2624 969 2726 1014 est.
2774 962 2852 1016 Ac
2894 972 3237 1035 posteaquam
3288 980 3405 1021 scr-

1817 1053 2027 1095 monem
2068 1041 2235 1110 dixit,
2283 1043 2351 1100 de
2379 1060 2485 1117 quo
2535 1063 2783 1105 sermone
2823 1050 3109 1121 loquatur,
3142 1054 3404 1125 deinceps

1815 1133 2050 1201 exponit.

1884 1222 1938 1276 4.
1979 1222 2232 1291 Quisnam
2276 1227 2439 1297 igitur
2479 1227 2568 1286 hic
2608 1244 2788 1286 sermo
2826 1234 2955 1288 est?
2993 1234 3082 1291 i9.
3129 1234 3227 1290 Dei
3266 1237 3401 1291 enim

1816 1312 1985 1368 Filius
2004 1356 2018 1379 ,
2044 1318 2131 1386 qui
2163 1318 2216 1372 in
2242 1319 2380 1374 vobis
2407 1336 2499 1390 per
2526 1337 2620 1376 nos
2646 1324 2957 1394 paciﬁcatus
2977 1336 3052 1380 est
3076 1366 3090 1392 ,
3126 1343 3215 1397 per
3250 1345 3331 1383 me
3357 1340 3406 1384 et

1817 1405 2082 1463 Silvanum
2110 1421 2157 1465 et
2188 1410 2524 1484 Timotheum,
2555 1432 2659 1475 non
2686 1418 2786 1487 fuit
2813 1417 2908 1475 Est
2931 1429 2979 1474 et
3000 1419 3145 1475 Non.
3177 1421 3259 1479 0b
3284 1438 3404 1479 eam

1814 1499 1959 1555 enim
1990 1515 2205 1557 causam
2231 1491 2609 1575 magistrorum
2637 1506 2861 1568 chorum
2890 1511 2944 1564 in
2974 1512 3212 1567 medium
3237 1513 3408 1569 addu-

1814 1591 1915 1657 cit,
1931 1590 2055 1647 hinc
2079 1609 2293 1666 quoque
2322 1596 2629 1653 testimonio
2653 1613 2751 1653 suo
2774 1600 2934 1657 ﬁdem
2960 1602 3263 1670 adstruens,
3296 1621 3403 1658 non

1816 1696 1912 1750 per
1933 1683 2204 1740 auditores
2228 1695 2454 1754 tantum,
2483 1690 2578 1745 sed
2605 1692 2765 1746 etiam
2792 1707 2890 1763 per
2917 1696 3218 1765 magistros.
3245 1699 3405 1768 Atqui

1814 1774 2057 1846 discipuli
2091 1777 2163 1831 illi
2191 1790 2364 1846 erant,
2393 1782 2486 1837 sed
2514 1783 2791 1839 modestiae
2810 1778 2995 1841 studio
3020 1802 3114 1843 eos
3150 1789 3207 1844 in
3233 1792 3405 1860 magi-

1815 1874 2048 1923 strorum
2074 1868 2253 1925 album
2280 1872 2463 1927 refert.
2492 1874 2630 1941 Quid
2653 1886 2835 1931 autem
2860 1886 2944 1932 est
2966 1918 2979 1943 ,
3016 1878 3139 1933 Non
3171 1884 3282 1951 fuit
3312 1880 3415 1935 Est

1814 1966 1864 2011 et
1891 1955 2060 2013 Non?
2095 1959 2213 2015 Non
2256 1976 2318 2017 ea
2355 1963 2629 2033 subverti,
2674 1966 2879 2036 inquit,
2918 1983 3037 2037 qua:
3071 1970 3217 2037 prius
3267 1962 3407 2027 inter

1815 2051 2241 2107 concionandum
2267 2053 2377 2110 dixi
2402 2073 2415 2109 :
2445 2071 2552 2111 non
2578 2056 2738 2112 modo
2770 2059 2891 2125 hoc,
2917 2060 3078 2115 modo
3107 2063 3239 2118 illud
3264 2067 3403 2133 apud

1816 2156 1912 2196 vos
1936 2141 2206 2199 disserui:
2237 2146 2340 2202 hoc
2378 2148 2522 2204 enim
2568 2165 2675 2205 non
2726 2150 2848 2206 ﬁdei
2875 2152 3065 2218 fuerit,
3100 2156 3193 2209 sed
3239 2156 3402 2212 animi

1815 2232 2135 2289 aberrantis.
2166 2235 2273 2291 Sed
2299 2236 2394 2293 Est
2419 2241 2473 2293 in
2499 2241 2588 2294 illo
2618 2242 2733 2311 fuit.
2768 2242 2887 2297 lloe
2910 2254 3021 2313 est,
3055 2246 3307 2301 immotus
3340 2261 3404 2302 ac

1816 2324 2004 2381 ﬁrmus
2032 2342 2213 2383 sermo
2240 2341 2441 2387 manet.
2469 2332 2560 2385 20.
2598 2331 2851 2404 Quotquot
2881 2336 3013 2390 enim
3048 2339 3402 2408 promissione:

1814 2413 1913 2469 Dei
1941 2425 2078 2484 sunt,
2105 2420 2160 2471 in
2188 2419 2279 2475 illo
2307 2418 2423 2488 Est,
2452 2431 2501 2477 et
2535 2424 2587 2477 in
2614 2426 2725 2493 ipso
2752 2424 2932 2491 Amen,
2966 2424 3074 2481 Deo
3095 2430 3163 2481 ad
3188 2431 3403 2498 gloriam

1816 2522 1907 2575 per
1932 2523 2041 2563 nos.
2075 2508 2213 2575 Quid
2246 2520 2330 2566 est
2352 2551 2368 2578 ,
2402 2512 2657 2583 Quotquot
2697 2518 3054 2587 promissiones
3086 2518 3181 2574 Dei
3200 2522 3226 2574 ?
3255 2522 3403 2576 Prm-

1815 2598 2015 2654 dicatio
2063 2602 2370 2672 evangelica
2422 2604 2590 2659 multa
2653 2609 3041 2677 promittebat;
3095 2621 3255 2682 atque
3304 2613 3415 2684 ipsi!

1816 2691 1981 2745 multa
2012 2691 2127 2747 haec
2155 2695 2537 2764 promittebant
2577 2712 2640 2751 ac
2673 2699 3057 2768 praedicabant.
3094 2702 3227 2757 Nam
3255 2716 3309 2758 et
3337 2717 3408 2760 ue

1815 2783 2213 2840 resurrectione
2245 2786 2405 2843 verba
2454 2786 2694 2845 fecerant
2718 2832 2734 2857 ,
2764 2800 2819 2845 et
2844 2791 2920 2847 de
2952 2797 3321 2863 assumptione
3348 2805 3403 2849 et

1816 2873 1884 2927 de
1912 2876 2317 2945 incorruptione
2343 2889 2398 2934 et
2419 2879 2487 2935 de
2510 2882 2715 2951 magnis
2738 2885 2978 2951 praemiis
2999 2894 3161 2955 atque
3186 2888 3401 2941 arcanis

1814 2967 1920 3022 illis
1951 2968 2130 3025 bonis.
2162 2970 2270 3024 Has
2300 2970 2461 3042 igitur
2486 2972 2900 3042 pollicitationes
2931 2975 3113 3031 ﬁrmas
3137 2992 3203 3033 ac
3234 2979 3404 3033 stabi-

1814 3059 1911 3123 les,
1942 3075 2161 3115 manere
2187 3062 2297 3127 ait;
2343 3071 2397 3117 et
2427 3078 2533 3118 non
2576 3063 2671 3119 fuit
2700 3064 2798 3121 Est
2821 3076 2878 3122 ct
2901 3066 3017 3122 Non
3056 3068 3112 3122 in
3140 3069 3265 3125 illis.
3292 3069 3404 3126 Hoc

1816 3161 1918 3217 est,
1947 3168 2056 3207 non
2076 3154 2395 3226 quandoque
2424 3172 2572 3226 vera,
2605 3172 2723 3229 quae
2749 3158 2881 3226 dixi,
2910 3161 3230 3233 quandoque
3273 3163 3403 3219 falsa

1818 3242 2049 3307 fuerunt,
2084 3256 2141 3300 ut
2165 3261 2317 3303 meus
2344 3247 2408 3302 ad
2443 3263 2541 3303 vos
2566 3263 2816 3305 accessus
2837 3291 2853 3317 ,
2887 3252 2983 3307 sed
3022 3268 3236 3324 semper
3254 3270 3403 3311 vera.

1816 3334 1895 3389 Ac
1922 3336 2154 3403 primum
2183 3337 2397 3405 quidem
2426 3353 2524 3407 pro
2545 3340 2666 3394 ﬁdei
2688 3340 3025 3410 dogmatibus
3051 3358 3409 3417 sermoneque

1817 3423 1885 3479 de
1911 3423 2126 3480 Christo
2166 3426 2441 3481 contendit
2472 3428 2660 3484 dicens
2692 3447 2705 3483 :
2741 3430 2925 3486 Sermo
2952 3449 3092 3489 meus
3118 3444 3175 3489 et
3208 3437 3405 3505 praedi-

1817 3516 1957 3571 catio
1998 3531 2117 3572 mea
2156 3533 2258 3572 non
2301 3520 2395 3591 fuit
2436 3519 2526 3574 Est
2559 3530 2605 3576 et
2646 3520 2768 3577 Non
2795 3535 2815 3578 :
2841 3524 3036 3579 deinde
3086 3540 3182 3595 pro
3238 3528 3407 3597 ipsius

1818 3606 2292 3677 pollicitationibus
2324 3621 2521 3681 pugnat
2547 3628 2562 3670 :
2591 3612 2844 3683 Quotquot
2875 3616 3028 3683 enim,
3062 3616 3253 3687 inquit,
3283 3635 3406 3688 pro.

1820 3700 2087 3756 missiones
2114 3698 2211 3755 Dei
2238 3711 2375 3769 sunt,
2407 3704 2459 3757 in
2484 3702 2574 3757 illo
2603 3702 2713 3758 Est.
2743 3703 2897 3772 Quod
2924 3707 2968 3762 si
2997 3707 3149 3763 ﬁrma
3173 3723 3235 3763 ac
3262 3719 3426 3765 certa)

1821 3801 1945 3847 sunt
1970 3810 2090 3862 quae
2120 3795 2393 3862 promisit,
2431 3811 2532 3851 nec
2556 3796 2778 3853 dubium
2816 3808 2899 3855 est
2926 3801 3055 3871 quin
3084 3817 3147 3857 ea
3184 3803 3408 3859 daturus

1820 3884 1911 3951 sit,
1946 3883 2111 3938 multo
2140 3885 2321 3955 utique
2351 3887 2520 3956 magis
2548 3890 2682 3957 ipse,
2712 3903 2775 3943 ac
2804 3905 2985 3946 sermo
3005 3892 3095 3961 qui
3125 3892 3194 3947 de
3218 3908 3283 3948 eo
3309 3894 3407 3948 ha-
3472 3954 3477 3957 _

1821 3974 1997 4041 betur,
2031 3973 2215 4029 ﬁrmus
2254 3990 2318 4032 ac
2347 3986 2526 4033 certus
2551 3986 2633 4032 est
2664 3994 2678 4041 ;
2722 3994 2897 4048 nequc
2926 3980 3069 4036 istud
3096 3982 3202 4037 dici
3234 3994 3412 4053 potest

1820 4068 1961 4137 quod
1992 4082 2131 4123 nunc
2160 4068 2375 4139 quidem
2398 4070 2489 4136 sit,
2524 4086 2665 4127 nunc
2689 4082 2869 4128 autem
2900 4089 3008 4130 non
3034 4077 3123 4140 sit,
3151 4078 3246 4133 sed
3268 4092 3409 4134 sem-

1822 4174 1919 4230 per
1938 4170 2039 4227 est,
2072 4170 2232 4231 atque
2257 4161 2401 4217 idem
2433 4174 2534 4219 est.

1895 4250 2158 4306 Promissa
2205 4250 2299 4306 Dei
2329 4270 2480 4323 quam
2519 4257 2688 4325 ﬁrma.
2713 4256 2941 4326 -—Quid
2972 4270 3055 4314 est
3094 4256 3269 4315 autem
3296 4305 3311 4327 ,
3345 4261 3411 4316 In

1822 4344 1913 4398 illo
1945 4342 2036 4398 Est
2055 4386 2070 4409 ,
2100 4356 2147 4399 et
2176 4345 2380 4401 Amen?
2410 4347 2502 4403 llis
2530 4347 2709 4404 verbis
2752 4348 2805 4404 id
2833 4350 2976 4421 quod
3011 4352 3230 4426 omnino
3270 4353 3415 4427 futu-

1826 4452 1944 4505 rum
1974 4446 2059 4492 est
2086 4438 2369 4508 signiﬁcat.
2402 4438 2795 4499 Promissiones
2823 4441 2968 4497 enim
2999 4443 3050 4497 in
3074 4442 3189 4512 ipso
3210 4458 3273 4499 ac
3302 4460 3410 4499 non

1828 4526 1881 4581 in
1907 4527 2145 4595 homine,
2170 4528 2272 4584 hoc
2302 4530 2532 4596 habent,
2566 4541 2622 4585 ut
2645 4532 2957 4604 contingam
2985 4542 3040 4589 et
3069 4534 3406 4603 expleantur.

1825 4619 2003 4688 Quare
2032 4619 2165 4673 nihil
2193 4628 2277 4675 est
2313 4620 2457 4692 quod
2484 4630 2729 4677 metuas:
2759 4636 2867 4678 non
2903 4623 3045 4679 enim
3086 4623 3246 4677 homo
3288 4633 3367 4678 est
3394 4664 3409 4687 ,

1830 4720 1886 4766 ut
1912 4721 2219 4782 suspectum
2247 4727 2372 4768 eum
2400 4712 2602 4769 habere
2638 4714 2810 4784 possis
2830 4754 2847 4779 ,
2890 4714 2985 4769 sed
3016 4714 3157 4769 Deus
3185 4756 3201 4781 ,
3243 4715 3333 4785 qui
3360 4724 3414 4769 et

1830 4804 2040 4860 dixitet
2062 4804 2265 4874 explet.
2296 4804 2403 4860 Deo
2434 4806 2502 4859 ad
2530 4806 2745 4878 gloriam
2774 4822 2863 4877 per
2891 4822 3003 4862 nos.
3031 4806 3169 4875 Quid
3199 4816 3301 4874 est,
3334 4807 3413 4860 Ad

1830 4897 2047 4969 gloriam
2094 4914 2184 4967 per
2227 4898 2367 4953 nos?
2396 4899 2500 4953 Eas
2530 4914 2625 4969 per
2662 4913 2761 4955 nos
2793 4902 3007 4969 explet;
3036 4901 3140 4956 hoc
3171 4911 3254 4957 est
3275 4942 3289 4967 ,
3321 4915 3415 4971 per

1830 4989 2025 5044 collata
2054 4988 2106 5043 in
2138 5003 2239 5044 nos
2273 4989 2530 5045 beneﬁcia
2575 4991 2641 5046 ad
2684 4991 2907 5063 gloriam
2943 4994 3033 5048 Dei
3063 5010 3077 5046 :
3126 4992 3229 5051 hoc
3271 4994 3415 5051 enim

1808 5088 1948 5150 est,
1979 5078 2090 5135 Deo
2113 5080 2181 5135 ad
2209 5080 2444 5152 gloriam.
2477 5080 2532 5137 Si
2559 5090 2735 5138 autem
2772 5083 2839 5139 ad
2852 5074 2966 5141 “Dei
2993 5084 3219 5156 gloriam
3244 5127 3261 5153 ,
3289 5085 3417 5159 quin

1834 5173 1928 5228 ﬁat
1955 5187 2063 5229 non
2088 5182 2171 5229 est
2198 5170 2584 5240 dubitandum,
2618 5177 2913 5250 tum‘quis,
2947 5177 3160 5235 etiamsi
3187 5176 3431 5233 salutem-

1835 5274 2072 5319 nostram
2092 5264 2422 5334 contemptui
2443 5264 2686 5332 haberet,
2707 5280 2811 5321 non
2831 5274 3005 5322 tamen
3021 5267 3247 5338 gloriam
3270 5282 3420 5324 suam

1834 5364 2238 5425 contempturus
2260 5365 2341 5411 est
2364 5372 2381 5420 ;
2405 5365 2515 5411 tum
2538 5357 2661 5427 quia
2684 5353 3007 5429 singularem
3024 5372 3148 5429 erga
3174 5356 3426 5413 homines

1835 5446 2262 5503 benevolentiam
2293 5448 2449 5517 gerit.
2496 5447 2648 5503 Adde
2698 5448 2841 5519 quod
2888 5457 3073 5503 nostra
3121 5450 3268 5503 salus
3297 5464 3418 5503 cum

1834 5536 2001 5607 gloria
2030 5550 2115 5602 ea,
2143 5551 2261 5608 qua:
2293 5536 2418 5592 hinc
2463 5536 2531 5591 ad
2572 5538 2742 5606 ipsum
2786 5535 2966 5605 redit,
2997 5538 3286 5607 conjuncta
3312 5549 3415 5593 est.

1835 5626 1952 5694 Quo
1982 5625 2074 5691 ﬁt,
2107 5637 2164 5681 ut
2191 5642 2315 5682 cum
2345 5628 2727 5697 promissiones
2757 5626 2824 5682 ad
2852 5628 3018 5697 ipsius
3043 5629 3264 5698 gloriam
3297 5643 3421 5698 per-

1838 5720 2041 5773 tineant
2060 5759 2075 5783 ,
2108 5717 2329 5773 dubium
2361 5733 2481 5773 esse
2513 5732 2618 5771 non
2646 5719 2852 5788 possit,
2878 5720 3004 5790 quin
3033 5718 3179 5774 salus
3201 5734 3416 5790 quoque

1839 5818 2019 5865 nostra
2046 5820 2423 5879 consequatur.
2450 5808 2600 5875 Quod
2621 5811 2782 5864 etiam
2811 5812 2862 5865 in
2891 5810 3125 5880 Epistola
3146 5810 3213 5865 ad
3236 5810 3421 5880 Ephe-

1839 5904 1948 5959 sios
1974 5901 2164 5957 crebro
2190 5901 2418 5955 inculcat
2446 5899 2629 5954 dicens
2662 5919 2676 5954 :
2709 5903 2775 5955 In
2817 5901 3195 5967 acquisitionem
3237 5903 3416 5973 gloria:

129 6022 243 6067 nec
274 6005 509 6062 humana
532 6044 548 6073 ,
592 5999 692 6059 sed
734 5999 826 6058 Dei
855 6016 870 6054 :
902 5996 1043 6071 quod
1088 6006 1266 6053 autem
1307 5996 1401 6054 Dei
1439 6002 1559 6068 est,
1592 5997 1647 6053 in
1676 5996 1735 6052 id
1837 5996 2000 6067 ipsius
2031 5994 2244 6067 (Epltes.
2278 5994 2326 6050 l.
2362 5994 2471 6065 η).
2504 5994 2675 6065 Atque
2720 5995 2914 6066 ubique
2957 5994 3098 6050 istud
3145 5997 3327 6066 ppnit,
3360 6008 3426 6052 ut

4104 88 4180 267 li
4231 109 4238 160 ξ
4275 103 4330 160 '-;_

4143 155 4181 220 ξ
4303 209 4306 212 .

4132 280 4135 285 ι
4275 239 4336 312 ἧι

4104 193 4254 449 iis:

4147 383 4160 408 δ
4245 387 4332 410 Ξες¹

4120 488 4121 497 ι
4175 487 4202 500 -ι
4253 485 4338 506 tul

4151 509 4188 562 ἐκ
4295 517 4338 562 ζς

4223 563 4256 600 ἑῇς
4297 563 4302 568 ³
4331 575 4336 590 1

4145 735 4177 788 τ
4199 761 4202 766 ¹
4295 751 4338 784 El

4116 951 4262 1022 η’
4295 947 4340 1022 ξ

4124 1040 4268 1171 ἐξ
4297 1097 4342 1150 ³

4106 1324 4149 1427 Ξ“
4179 1353 4194 1376 ’ἑ
4291 1381 4306 1396 -ε

4106 1413 4274 1545 εἰ

4110 1538 4157 1595 ξε

4199 1576 4264 1620 ³Α
4303 1573 4350 1632 νιξ

4108 1598 4219 1721 ἐξ
4469 1657 4472 1660 ·

4110 1722 4352 1864 iiii:
4469 1797 4472 1820 ;

4110 1834 4175 1887 αἷίῖ
4202 1832 4276 1874 ίῖ

4144 1834 4350 1978 iiii

4110 1957 4370 2074 ὶέτ-ςῃῖ

4110 2086 4121 2119 *ε
4146 2058 4368 2145 ilignei:

4112 2100 4264 2177 iiii}
4305 2113 4348 2172 ίὲ
4425 2127 4428 2130 ’

4122 2182 4123 2185 η
4160 2186 4161 2195 ι
4208 2170 4233 2195 ⁷ῗ

4116 2266 4149 2297 ῑπἲ
4222 2264 4298 2297 ἓνῇ
4341 2271 4346 2274 “

4112 2310 4125 2359 ξ
4160 2272 4356 2378 ξω
4465 2279 4478 2348 ῗ

4154 2390 4175 2431 Α]
4190 2382 4249 2441 :3.
4270 2363 4374 2446 wgf-2
4419 2421 4426 2432 ε

4116 2413 4392 2534 εαξη
4465 2443 4478 2482 ι

4116 2484 4282 2519 ,ξηρή
4367 2495 4388 2514 -,
4469 2503 4476 2520 τ

4112 2520 4127 2605 ῖέ
4170 2455 4426 2728 ξ
4471 2529 4480 2582 έ

4112 2553 4472 2664 εὶ

4118 2651 4332 2751 tibi.“
4465 2691 4480 2732 ι

4114 2836 4129 2887 τί
4170 2796 4241 2907 illi
4321 2735 4481 2922 ῖ

4114 3066 4135 3095 ““”
4162 3064 4294 3153 ἓξὲξ

4114 3090 4306 3231 lilii?

4116 3265 4460 3380 σ-Ξςεε

4327 3373 4410 3416 εξῆι
4439 3377 4448 3396 ί

4115 3360 4308 3565 ﬁxi-VA

4236 3456 4251 3475 λ
4333 3487 4336 3490 .
4369 3459 4418 3490 EI:-

4154 3520 4165 3539 ί.
4312 3530 4315 3531 ν
4346 3503 4418 3546 ,ἒς
4446 3525 4474 3549 ‘7

4130 3444 4481 3797 ,ξς

4124 3632 4133 3691 ⁵,
4228 3624 4245 3657 ’ί

4124 3718 4131 3737 ξ
4182 3726 4185 3729 -
4282 3704 4373 3743 "‘23
4419 3704 4481 3745 ἷηὲν

4116 3770 4133 3801 -ς
4224 3796 4227 3803 ς
4264 3746 4373 3841 ὢ
4400 3742 4477 3815 ii

4120 3820 4127 3829 ‘
4178 3830 4209 3859 ;ᾧ
4408 3817 4479 3865 σεβί

4118 3864 4135 3935 ίέ
4202 3864 4213 3935 Ξ
4244 3844 4481 3941 zzz-fg?

4130 4012 4131 4015 “
4208 4016 4227 4031 ”
4264 3994 4481 4069 ἰῖὶετξκςεξ

4188 4108 4195 4115 .
4288 4066 4481 4116 {1.55351

4060 88 4075 129 ες

4060 132 4075 379 ἓ

4062 448 4071 461 κ

4058 478 4077 563 ἓ

4066 640 4069 669 l

4064 688 4077 767 ἒ

4062 776 4073 837 ξ

4060 842 4081 901 2;

4066 902 4077 941 ἒ

4066 902 4077 941 ξ

4060 984 4075 1075 ἓ

4068 1084 4079 1127 ξ

4070 1174 4075 1199 ξ
4082 1194 4085 1199 .

4070 1242 4079 1281 ἱ

4070 1386 4085 1429 ξ

4100 452 4123 745 ἑ

4104 748 4125 1427 ξ

4147 96 4175 141 i

4143 155 4175 191 ἒ

4147 189 4175 239 1

4147 329 4175 408 τ

4147 459 4175 511 ε

4151 509 4175 563 ξ

4143 695 4175 788 ς

4142 828 4143 831 η
4174 820 4175 841 1

4144 1418 4155 1441 εἱ

4144 1450 4157 1495 i

4142 1268 4173 1617 ᾗ

4144 1592 4173 1649 iit

4146 1650 4175 1747 ὲ

4146 1834 4173 1865 ii

4144 1870 4175 1959 ἓξ

4231 119 4236 136 ι

4219 359 4244 476 al.-

4223 511 4244 610 5i

4210 609 4244 688 —

4210 1043 4246 1096 ’1:

4210 1131 4248 1175 1

4210 1195 4248 1288 ί

4210 1454 4250 1507 ρ

4210 1752 4250 1829 ἕξ]

4222 1832 4250 1891 ἴ.

4253 1131 4268 1302 i

4301 143 4304 160 i

4301 301 4308 318 ε

4291 493 4300 504 .

4299 905 4314 916 ,ι

4295 983 4304 1010 i

4301 1065 4316 1082 ἓ

4297 1123 4304 1140 ξ

4299 1257 4316 1334 ξ.

4301 1423 4310 1466 ἐ

4303 1581 4312 1602 ι

4303 1667 4312 1700 ῒ

4293 1877 4314 1918 .i

4301 1931 4312 1964 ἒ

4307 1995 4314 2006 .

4291 2039 4300 2056 ‘-'

4327 387 4338 432 ὲ

4329 485 4338 506 Ι

4329 523 4338 560 ἕ

4331 575 4336 590 τ

4329 601 4338 642 i

4329 765 4342 910 ἓ

4333 1017 4344 1080 i

4335 1097 4342 1120 1

4331 1175 4342 1192 I

4329 1517 4348 1544 ".

4335 1657 4350 1706 Εἰ

4335 1713 4350 1752 ἑ

4070 1078 4079 1107 μ

4068 1110 4077 1141 ῗ

4070 1220 4079 1233 Α

4070 1302 4077 1331 ζ

4066 1344 4077 1353 .

4070 1406 4081 1429 ῐ,
