4568 6424
899 476 996 530 4η

896 586 1139 642 οειεηιιαι
1181 585 1230 639 id
1272 586 1572 639 necessario
1596 592 1908 640 eventurum
1939 602 1951 638 :
1983 585 2121 655 quod
2155 587 2313 640 etiam
2359 586 2460 642 hoc

899 680 1016 733 loco
1042 682 1142 742 ait,
1180 693 1370 746 nempe
1404 678 1540 745 quod
1596 678 1763 745 ipsius
1808 676 2219 747 pollicitationes
2242 678 2460 731 minime

897 773 1095 826 fallant.
1148 770 1327 840 Neque
1370 771 1509 825 enim
1553 770 1704 824 nubis
1746 769 2018 823 dumtaxat
2060 769 2317 835 salutem,
2365 767 2459 823 sed

895 861 993 927 ipsi
1022 879 1229 931 quoque
1254 862 1476 931 gloriam
1516 861 1759 916 atl‘erunt.
1808 860 1884 915 Ne
1927 873 2057 931 ergo
2104 860 2232 913 illud
2284 871 2457 913 tecum

892 964 1126 1021 reputes,
1155 954 1294 1023 quod
1324 968 1418 1022 per
1446 968 1543 1007 nos
1583 952 1682 1006 ista
1732 956 1988 1022 promissa
2032 953 2173 1018 sint,
2202 969 2301 1007 nec
2341 968 2462 1023 pro-

894 1054 1070 1109 pterca
1100 1044 1167 1099 de
1201 1045 1267 1099 iis
1296 1045 1504 1099 dubites
1535 1062 1548 1097 :
1582 1060 1753 1115 neque
1779 1045 1919 1100 enim
1952 1061 2045 1114 per
2074 1061 2171 1099 nos
2192 1087 2207 1109 ,
2238 1044 2333 1099 sed
2365 1060 2462 1114 per

890 1150 1010 1191 eum
1053 1134 1367 1205 explentur;
1400 1146 1453 1192 et
1496 1137 1876 1208 promissiones
1924 1152 2018 1207 per
2061 1138 2234 1207 ipsum
2284 1144 2454 1199 sunt;

894 1241 997 1277 non
1023 1225 1165 1279 enim
1196 1234 1374 1281 nostra
1400 1266 1417 1291 ,
1463 1227 1554 1280 sed
1590 1242 1707 1297 qua!
1734 1227 1825 1280 Dei
1858 1236 2001 1290 sunt,
2032 1226 2183 1279 vobis
2208 1226 2457 1279 diximus.

891 1315 983 1369 ‘21.
1019 1317 1117 1381 Qui
1153 1327 1318 1371 autem
1348 1319 1613 1385 conﬁrmat
1653 1333 1743 1369 nos
1769 1316 2020 1370 uobiscum
2049 1317 2101 1369 in
2131 1315 2331 1370 Christo
2356 1356 2373 1379 ,
2413 1326 2460 1369 et

890 1409 974 1476 qui
1000 1409 1139 1461 unxit
1175 1423 1288 1471 nos,
1323 1406 1459 1462 Deus
1474 1424 1495 1471 ;
1518 1407 1609 1461 22.
1652 1408 1741 1477 qui
1774 1416 1821 1460 et
1848 1407 2061 1477 signavit
2090 1423 2174 1460 vos
2195 1447 2209 1471 ,
2249 1415 2297 1459 et
2323 1405 2463 1459 dedit

890 1498 1070 1567 pignus
1141 1497 1368 1565 Spiritus
1437 1499 1489 1549 in
1547 1496 1781 1550 cordibus
1836 1499 2041 1551 nostris.
2094 1496 2320 1549 Rursum
2364 1509 2460 1564 per

888 1588 1153 1654 prazterita
1186 1586 1342 1640 ﬁdem
1395 1586 1581 1639 futuris
1619 1586 1890 1640 conciliat.
1934 1585 2067 1639 Nam
2109 1586 2153 1639 si
2192 1586 2305 1654 ipse
2334 1593 2455 1648 est,

886 1679 974 1747 qui
1003 1693 1101 1731 nos
1127 1679 1180 1733 in
1210 1677 1420 1731 Christo
1449 1677 1731 1731 confirmat
1752 1716 1767 1740 ,
1798 1675 1900 1730 hoc
1920 1686 2022 1741 est,
2053 1676 2141 1745 qui
2172 1691 2267 1728 nos
2296 1690 2323 1727 a
2354 1673 2462 1728 ﬁde

888 1783 1005 1835 qua:
1053 1766 1103 1820 in
1130 1766 1398 1822 Christum
1428 1776 1505 1821 est
1539 1766 1795 1820 dimoveri
1828 1780 1934 1820 non
1961 1766 2126 1830 sinit;
2158 1773 2314 1835 atque
2344 1765 2461 1831 ipse

888 1859 1046 1911 etiam
1079 1867 1199 1923 est,
1232 1859 1321 1927 qui
1368 1874 1463 1910 nos
1491 1859 1640 1911 unxit
1661 1898 1679 1924 ,
1713 1855 2076 1926 Spiritumque
2116 1856 2167 1908 in
2207 1854 2461 1909 cordibus

891 1952 1082 2004 nostris
1117 1950 1262 2005 dedit
1291 1969 1303 2003 :
1333 1949 1600 2020 quomodo
1640 1965 1743 2003 non
1790 1948 1961 2002 futura
1990 1961 2201 2016 quoque
2237 1947 2458 2000 daturus

888 2049 968 2094 est
988 2040 1011 2093 ἲ
1035 2039 1164 2095 Nam
1192 2055 1311 2095 cum
1344 2042 1601 2109 principia
1642 2050 1698 2094 et
1742 2039 2019 2107 materiam
2057 2051 2121 2090 ac
2144 2035 2378 2089 radicem
2405 2043 2459 2089 et

888 2133 1106 2197 fontem,
1133 2132 1233 2187 hoc
1262 2140 1364 2195 est,
1397 2147 1575 2185 veram
1607 2130 1772 2199 ipsius
1799 2127 2158 2198 cognitionem
2199 2140 2261 2181 ac
2285 2124 2457 2193 Spiri-

888 2230 973 2276 tns
1000 2223 1461 2294 participationem
1490 2221 1712 2289 largitus
1737 2220 1807 2273 sit
1838 2236 1852 2273 :
1884 2218 1970 2287 qui
2011 2217 2127 2272 ﬁeri
2156 2225 2369 2287 potest,
2402 2224 2460 2269 ut

892 2332 995 2369 non
1036 2330 1100 2369 ea
1128 2317 1287 2369 etiam
1324 2314 1579 2384 largiatur
1602 2354 1616 2375 ,
1658 2326 1778 2381 quae
1800 2326 1865 2366 ex
1898 2310 1980 2365 his
2008 2309 2296 2365 oriuntur?
2325 2309 2455 2363 Nam

890 2422 1011 2459 eum
1042 2406 1126 2458 illa
1157 2405 1343 2459 horum
1364 2418 1521 2459 causa
1549 2403 1815 2468 donentur
1837 2441 1853 2467 ,
1888 2401 2054 2456 multo
2081 2402 2248 2470 magis
2276 2402 2340 2463 is,
2368 2400 2457 2469 qui

893 2496 956 2546 In
976 2510 1006 2548 c
1034 2493 1202 2558 dedit,
1238 2494 1327 2548 illa
1354 2508 1566 2563 quoque
1593 2491 1852 2563 przebebit
1881 2509 1894 2544 :
1923 2499 2121 2546 etcum
2153 2492 2267 2544 tunc
2286 2490 2460 2543 adhuc

893 2583 1137 2637 hostibus
1153 2583 1381 2647 dederit,
1404 2583 1569 2638 multo
1596 2583 1764 2653 magis
1788 2582 1878 2636 illa
1904 2582 2091 2637 amicis
2118 2582 2357 2636 donabit.
2382 2582 2459 2634 Ac

890 2676 1115 2744 proinde
1158 2692 1225 2731 ne
1261 2676 1516 2745 Spiritum
1552 2676 1767 2746 quidem
1816 2674 2133 2742 simpliciter
2159 2674 2333 2737 dixit,
2365 2672 2461 2728 sed

888 2768 1078 2837 pignus
1110 2766 1423 2831 nominavit,
1452 2776 1510 2821 ut
1540 2781 1636 2835 per
1654 2765 1758 2820 hoc
1784 2764 1852 2819 de
1879 2772 1990 2820 toto
2016 2764 2261 2819 ﬁduciam
2281 2763 2461 2819 conci-

889 2858 1025 2929 pias.
1056 2856 1238 2927 Neque
1257 2858 1398 2911 enim
1428 2857 1472 2911 si
1504 2865 1671 2911 totum
1702 2856 1921 2910 daturus
1946 2871 2050 2909 non
2078 2863 2239 2920 esset,
2270 2854 2460 2924 pignus

890 2948 1150 3017 praebere,
1182 2962 1244 3001 ac
1264 2948 1454 3001 frustra
1482 2956 1536 3000 et
1561 2955 1760 3001 temere
1787 2944 2011 3014 perdere
2038 2944 2089 2997 in
2111 2946 2344 2998 animum
2374 2944 2458 2997 in—

889 3042 1147 3096 duxisset.
1190 3040 1266 3093 Ac
1296 3039 1452 3102 vide,
1494 3052 1694 3107 quaeso,
1740 3036 1886 3092 Pauli
1939 3036 2275 3105 probitatem.
2321 3033 2457 3099 Quid

891 3133 1056 3195 enim,
1088 3130 1277 3200 inquit,
1306 3129 1483 3183 dicere
1502 3128 1710 3191 attinet,
1744 3126 2154 3192 promissionum
2181 3126 2459 3179 veritatem

894 3225 945 3277 in
974 3221 1125 3276 nobis
1166 3220 1386 3275 minime
1420 3220 1573 3273 sitam
1602 3217 1765 3273 esse?
1796 3220 1903 3271 imo
1928 3215 2030 3271 hoc
2060 3218 2230 3284 ipsum
2256 3256 2273 3280 ,
2319 3214 2461 3284 quod

894 3330 986 3369 vos
1018 3314 1161 3368 ﬁrmi
1181 3322 1341 3383 atque
1372 3312 1672 3365 immobiles
1711 3311 1864 3363 statis
1889 3349 1905 3374 ,
1936 3323 2043 3363 non
2075 3309 2125 3363 in
2156 3305 2311 3361 nobis
2333 3314 2415 3359 est
2441 3346 2457 3371 ,

895 3406 987 3461 sed
1016 3406 1105 3459 Dei
1145 3404 1457 3458 beneﬁcium
1488 3410 1569 3455 est
1599 3418 1612 3455 :
1647 3401 1747 3466 Qui
1776 3399 1918 3453 enim
1945 3399 2209 3465 conﬁrmat
2238 3413 2352 3459 vos,
2385 3396 2464 3448 in-

895 3497 1032 3569 quit,
1061 3495 1197 3549 Deus
1221 3504 1312 3547 est.
1343 3491 1457 3546 Non
1498 3505 1622 3561 ergo
1657 3504 1756 3544 nos
1797 3504 1981 3543 sumus
2004 3528 2020 3551 ,
2047 3488 2138 3557 qui
2168 3501 2263 3539 vos
2305 3486 2461 3539 fulci-

898 3603 1015 3641 mus
1044 3605 1056 3640 :
1092 3600 1212 3639 nam
1241 3583 1337 3654 ipsi
1366 3597 1578 3652 quoque
1612 3579 1977 3635 conﬁrmantis
1997 3593 2099 3647 ope
2144 3577 2459 3647 indigemus.

895 3676 1154 3744 Quocirca
1193 3690 1298 3727 non
1326 3684 1404 3727 est
1424 3713 1439 3737 ,
1467 3672 1605 3742 quod
1637 3671 1913 3739 quisquam
1948 3667 2377 3737 prmdicutionem
2409 3668 2462 3720 in

897 3769 1049 3823 nobis
1076 3766 1359 3837 periclitari
1392 3763 1659 3819 existimet
1690 3779 1702 3815 :
1737 3763 1850 3831 ipse
1880 3770 2046 3816 totum
2081 3760 2180 3815 hoc
2210 3761 2261 3813 in
2300 3775 2359 3814 se
2382 3775 2465 3813 re-

896 3859 1058 3927 cepit,
1086 3857 1181 3927 ipsi
1214 3857 1374 3909 totius
1405 3854 1599 3924 negotii
1632 3868 1756 3906 cura
1786 3860 1887 3906 est.

970 3952 1022 4006 5.
1062 3949 1197 4016 Quid
1227 3957 1402 4003 autem
1428 3956 1529 4008 est,
1563 3946 1662 4011 Qui
1691 3944 1832 3997 unxit
1859 3952 1905 3996 et
1932 3943 2191 4011 signavit?
2220 3941 2331 3994 Hoc
2360 3949 2465 4003 est,

901 4044 987 4110 qui
1015 4041 1266 4108 Spiritum
1298 4037 1464 4101 dedit,
1494 4049 1589 4103 per
1615 4048 1773 4104 quem
1803 4042 2085 4099 utrumque
2116 4030 2305 4085 horum
2334 4029 2468 4083 cile-

901 4134 993 4196 cit,
1026 4130 1275 4185 nimirum
1308 4126 1461 4180 simul
1491 4134 1545 4179 et
1574 4123 1859 4193 prophetas
1884 4130 1933 4176 et
1965 4120 2270 4175 sacerdotes
2298 4130 2351 4173 et
2383 4134 2468 4175 re-

902 4237 994 4293 ges
1022 4220 1259 4276 efﬁciens
1289 4236 1303 4272 :
1335 4215 1617 4287 siquidem
1645 4215 1758 4268 haec
1796 4212 2069 4267 hominum
2100 4226 2295 4281 genera
2340 4211 2466 4265 olim

904 4312 1254 4383 ungebantur.
1295 4309 1363 4363 At
1393 4323 1489 4361 nos
1516 4320 1619 4359 non
1648 4318 1805 4357 unam
1831 4344 1846 4369 ,
1888 4302 1979 4356 sed
2013 4312 2121 4356 tres
2150 4302 2277 4355 istas
2299 4302 2469 4372 digni-

906 4417 1041 4462 tates
1089 4401 1459 4474 praestantiore
1502 4397 1809 4453 conditione
1852 4394 2155 4449 obtinemus
2198 4412 2210 4447 :
2257 4409 2376 4448 nam
2417 4403 2472 4448 et

842 4543 849 4551 .
906 4513 1071 4567 regno
1098 4493 1311 4565 potituri
1349 4503 1554 4554 sumus,
1586 4495 1661 4553 et,
1691 4500 1812 4540 cum
1844 4485 2072 4539 victima:
2101 4484 2218 4539 loco
2245 4500 2470 4555 corpora

906 4598 1086 4643 nostra
1103 4584 1393 4647 offerimus,
1414 4580 1719 4636 sacerdotes
1741 4576 2022 4641 efﬁcimur;
2044 4574 2287 4631 Ezhibete
2304 4577 2467 4643 enim,

906 4678 1095 4748 inquit,
1125 4674 1346 4729 membra
1397 4680 1560 4727 vestra
1607 4671 1825 4725 hostium
1866 4668 2109 4725 viventem
2135 4706 2151 4732 .
2197 4668 2472 4740 placentem

906 4770 1012 4825 Deo
1034 4768 1207 4838 (Rom.
1236 4765 1322 4820 η.
1349 4763 1439 4834 1);
1470 4770 1630 4832 atque
1654 4762 1872 4830 insuper
1895 4759 2169 4831 prephetre
2192 4759 2473 4814 censtitui-

906 4875 1044 4914 mur.
1072 4858 1198 4924 οιιω
1223 4856 1354 4909 enim
1383 4852 1559 4907 oculus
1589 4866 1690 4904 non
1718 4850 1861 4913 vidit,
1892 4866 1982 4903 nec
2007 4848 2147 4902 auris
2172 4850 2384 4914 audivit,
2416 4863 2476 4901 ea

906 4950 1047 5021 nobis
1078 4948 1330 5019 patefacta
1358 4953 1476 4998 sunt
1503 4942 1578 5013 (l.
1608 4939 1728 4995 Cor.
1762 4939 1818 4994 2.
1846 4940 1927 5011 9).
1959 4940 2290 5010 Quamquam
2315 4940 2472 4994 etiam

906 5042 1009 5096 alia
1031 5039 1237 5095 ratione
1266 5050 1421 5107 reges
1446 5032 1710 5088 efﬁcimur
1728 5073 1743 5096 ,
1784 5032 1829 5085 si
1859 5033 2115 5103 improbis
2137 5033 2475 5107 cogitationi-

908 5135 1009 5192 bus
1034 5133 1300 5203 imperare
1342 5125 1689 5182 voluerimus.
1729 5122 1861 5177 Nam
1887 5126 2028 5195 quod
2056 5125 2102 5179 is
2128 5125 2218 5196 qui
2257 5123 2379 5178 talis
2408 5122 2479 5177 sit

907 5233 1116 5296 regnet,
1137 5230 1195 5278 et
1217 5219 1427 5293 quidem
1450 5216 1639 5287 magis,
1662 5231 1818 5286 quam
1845 5217 1933 5286 qui
1953 5216 2255 5271 diademate
2272 5214 2478 5275 cinctus

908 5328 1011 5383 est,
1042 5315 1241 5385 liquido
1257 5314 1363 5383 jam
1392 5310 1544 5367 vobis
1564 5308 1961 5364 demonstrabo.
1995 5308 2188 5363 Multos
2214 5307 2301 5361 ille
2325 5321 2477 5361 exer-

906 5412 1043 5463 citus
1069 5409 1260 5470 habet;
1300 5414 1355 5458 at
1405 5418 1503 5458 nos
1528 5414 1740 5475 quoque
1769 5399 1949 5468 plures
1989 5400 2096 5456 illis
2123 5398 2476 5467 cogitationes

908 5501 1165 5554 habemus
1190 5516 1203 5551 :
1232 5510 1402 5565 neque
1431 5494 1571 5550 enim
1604 5490 1807 5547 inﬁnita
1837 5488 2235 5558 cogitationum,
2267 5503 2385 5558 quae
2424 5489 2477 5544 in

910 5592 1065 5645 nobis
1107 5598 1269 5653 sunt,
1310 5586 1595 5643 multitudo
1633 5580 1937 5640 enumerari
1979 5588 2167 5649 potest.
2213 5580 2324 5634 Nec
2352 5594 2479 5634 vero

914 5681 1303 5739 multitudinem
1329 5678 1611 5737 dumtaxat
1636 5673 1828 5730 intueri
1859 5670 2127 5747 licetksed
2154 5670 2314 5723 etiam
2342 5670 2478 5724 mul-

912 5790 995 5833 tos
1032 5779 1083 5832 in
1116 5781 1215 5833 hac
1245 5776 1624 5848 cogitationum
1653 5771 1807 5842 copia
1832 5769 1997 5825 duces
2016 5808 2028 5831 ,
2062 5762 2300 5819 tribunos
2323 5806 2338 5825 .
2369 5772 2481 5819 tur-

913 5883 1115 5923 marum
1158 5869 1461 5938 puteolos,
1505 5863 1838 5939 sagittarios,
1882 5856 2285 5920 fttpdibularios.
2332 5856 2473 5927 Quid

1621 470 1676 528 S.
1712 471 1985 528 JOANNIS
2019 471 2489 529 CHRYSOSTOMI
2531 471 2839 527 AltClllEP.
2865 473 3393 535 CONSTANTlNOP.

4033 490 4131 547 M2

2564 585 2701 641 aliud
2723 595 2824 651 est,
2847 589 2987 658 quod
3015 605 3189 661 regem
3219 595 3413 650 efficiat
3432 596 3458 649 τ
3480 600 3767 656 vestesne!
3796 604 3866 657 At
3893 604 3985 660 hic
4006 622 4133 675 quo-

2563 691 2666 744 que
2691 676 2893 731 melim-i
2925 694 2987 733 ac
3017 685 3369 747 praestantiori
3404 695 3548 740 veste
3585 691 3812 746 amictus
3837 703 3943 757 est.
3974 712 4128 761 quam

2564 780 2660 819 nec
2690 769 2826 820 tinea
2854 780 3036 834 exest,
3068 786 3166 825 nec
3192 783 3427 829 vetustas
3450 774 3679 833 conﬁcit.
3711 782 3849 849 Qum
3878 787 4133 855 multipli-

2562 869 2678 909 cem
2705 872 2912 926 quoque
2953 875 3205 915 coronam
3233 864 3429 933 habet,
3462 884 3655 939 nempe
3678 873 3864 941 gloria:
3895 884 3951 928 et
3979 879 4134 930 mise-

2564 947 2824 1001 rationum
2854 949 2944 1003 Dei
2971 969 2984 1003 :
3015 950 3235 1006 Benedic
3262 957 3426 1019 enim,
3457 958 3660 1028 inquit,
3690 964 3865 1015 anima
3889 982 4004 1017 mea
4030 965 4135 1018 Do-

2563 1038 2698 1089 mino
2718 1078 2732 1103 ,
2761 1040 2846 1108 qui
2874 1053 3083 1094 coronat
3109 1053 3156 1097 te
3192 1046 3251 1098 in
3282 1048 3627 1103 misericordia
3661 1064 3705 1105 et
3732 1056 4135 1110 miserationibus

2564 1126 2730 1195 (Psnl.
2762 1130 2883 1184 102.
2913 1132 2967 1185 2.
3001 1133 3055 1204 4)
3090 1152 3103 1187 :
3153 1146 3206 1189 et
3232 1135 3451 1206 gloriae;
3491 1140 3665 1194 Gloria
3699 1147 3839 1198 enim
3860 1187 3876 1211 ,
3920 1149 4132 1215 inquit,

2563 1230 2608 1271 et
2634 1219 2822 1273 honore
2847 1226 3102 1278 coronasti
3127 1243 3240 1279 eum
3273 1225 3440 1294 (Psal.
3471 1230 3524 1285 8.
3552 1232 3611 1302 6)
3636 1250 3649 1286 :
3680 1244 3733 1289 et
3763 1237 3916 1290 bonae
3948 1239 4140 1293 Volun-

2564 1312 2724 1370 tatis;
2760 1311 2827 1365 Ut
2855 1325 2999 1368 scuto
3036 1318 3176 1370 enim
3199 1360 3214 1382 ,
3247 1320 3453 1388 inquit,
3497 1323 3643 1378 bona:
3684 1328 3957 1384 voluntatis
3986 1348 4137 1385 coro-

2562 1402 2693 1454 nasti
2722 1419 2812 1459 nos
2840 1404 3009 1469 (Psal.
3029 1408 3083 1462 5.
3113 1409 3199 1479 15)
3233 1420 3323 1463 :et
3347 1413 3669 1481 gratiarum;
3695 1416 3946 1472 Coronam
3967 1424 4135 1485 enim,

2564 1491 2772 1583 inquit,
2820 1497 3100 1565 gratiarum
3144 1502 3357 1572 accipies
3395 1505 3548 1573 capiti
3590 1516 3675 1560 tuo
3717 1513 3734 1577 (
3757 1508 3912 1563 Prov.
3960 1514 4006 1564 Ι.
4041 1514 4133 1583 9).

2561 1579 2791 1637 Videsne
2829 1602 2986 1653 quam
3028 1591 3172 1643 varie
3216 1600 3417 1647 textum
3469 1606 3770 1666 (pauloque
3816 1604 4042 1669 gratius,

2562 1676 2833 1757 venustius
2858 1678 2928 1731 sit
2954 1679 3093 1733 istud
3115 1681 3357 1737 diadema
3381 1685 3406 1737 ἲ
3431 1685 3626 1741 Verum
3657 1688 3815 1744 altius
3843 1709 4054 1748 rursum
4083 1706 4137 1750 et

2562 1766 2859 1819 accuratius
2903 1767 3092 1823 horum
3137 1787 3319 1841 regum
3364 1783 3568 1830 statum
3605 1780 3996 1847 expendamus.
4046 1785 4142 1841 llle

2560 1849 2906 1918 stipatoribus
2935 1857 3047 1911 suis
3072 1859 3379 1915 dominatur
3405 1871 3459 1917 et
3494 1868 3701 1920 cunctis
3730 1868 3993 1939 imperat,
4023 1890 4141 1939 om.~

2563 1955 2765 2010 aesque
2796 1944 2892 2034 ipsi
2916 1957 3101 2014 parent
3121 1958 3176 2002 et
3201 1951 3567 2021 obsequuntur
3594 1974 3608 2010 :
3638 1966 3694 2011 at
3722 1974 3820 2027 ego
3847 1961 3933 2015 hic
3963 1967 4140 2034 majus

2562 2032 3006 2103 prmstantitisque
3033 2037 3313 2106 imperium
3347 2043 3438 2095 tibi
3461 2046 3707 2101 emendo.
3732 2048 3860 2103 Nam
3894 2032 4139 2109 multitu-

2560 2118 2631 2171 do
2651 2120 2861 2188 quidem
2894 2139 2989 2191 par
3016 2136 3130 2189 est,
3157 2140 3247 2182 aut
3275 2130 3434 2185 etiam
3467 2136 3695 2204 amplior
3723 2154 3736 2201 ;
3769 2154 4017 2208 superest
4045 2160 4143 2199 au-

2564 2218 2671 2263 tem
2733 2223 2789 2265 nt
2829 2215 3211 2282 subjeclionem
3255 2221 3422 2290 ipsam
3473 2226 3897 2285 consideremus.
3943 2236 4025 2288 Ac
4074 2253 4145 2293 ne

2563 2301 2690 2354 mihi
2724 2317 2817 2356 eos
2862 2306 2914 2358 in
2956 2308 3188 2363 medium
3229 2311 3501 2379 proferas,
3550 2317 3640 2384 qui
3695 2320 3834 2387 regia
3880 2321 4144 2393 dignitate

2562 2393 2693 2460 lapsi
2731 2405 2856 2449 sunt
2878 2437 2892 2455 .
2921 2406 3080 2467 atque
3109 2400 3176 2453 ab
3211 2402 3452 2470 ipsismet
3487 2408 3804 2464 satellitibus
3828 2416 3942 2466 suis
3972 2419 4141 2471 truci-

2563 2481 2690 2535 dati.
2713 2482 2810 2547 Ne,
2841 2486 3077 2553 inquam,
3099 2504 3194 2543 eos
3215 2492 3265 2543 in
3287 2493 3518 2547 medium
3550 2497 3925 2566 producamus,
3950 2519 4143 2560 verum

2563 2588 2654 2626 eos
2679 2575 3055 2644 conquiramus
3083 2618 3098 2642 ,
3146 2580 3234 2648 qui
3282 2583 3501 2648 pulchre
3530 2585 3582 2639 in
3614 2597 3835 2658 utraque
3866 2604 4019 2660 parte
4047 2612 4136 2650 rc-

2563 2678 2722 2732 gnum
2754 2666 3213 2723 administrarunt.
3248 2674 3324 2726 Ac
3355 2682 3407 2726 tu
3437 2677 3651 2743 quidem
3678 2718 3691 2740 .
3725 2696 3857 2747 quos
3890 2684 4101 2741 libuerit
4124 2730 4140 2751 ,

2564 2769 2733 2821 pone;
2769 2771 2870 2824 ego
2888 2766 3066 2812 autem
3100 2762 3450 2829 patriarcham
3480 2782 3640 2820 unum
3670 2772 3878 2825 cunctis
3902 2789 4138 2843 oppono.

2634 2845 2851 2900 Abrahae
2874 2847 3001 2915 ﬁdes
3022 2859 3070 2902 et
3094 2850 3268 2905 virtus.
3286 2878 3353 2893 -ι
3378 2854 3506 2907 Nam
3534 2871 3656 2912 eum
3686 2860 3799 2926 ipse
3827 2862 3995 2919 ﬁlium
4032 2883 4144 2933 ma-

2562 2948 2708 2991 ctare
2738 2937 3016 3007 juberetttr
3045 2940 3203 3010 (Gen.
3242 2943 3313 2996 22
3336 2944 3355 3007 )
3381 2985 3398 3008 ,
3428 2946 3632 3015 cogites
3678 2951 3834 3004 velim
3884 2966 4141 3022 quotnam

2566 3033 2674 3078 tum
2700 3026 2957 3081 adversus
2985 3044 3106 3082 eum
3147 3034 3499 3101 cogitationes
3528 3037 3934 3094 insurrexerint.
3972 3043 4039 3097 Et
4062 3054 4141 3095 ta-

2566 3131 2686 3169 men
2716 3131 2905 3172 omnes
2943 3120 3172 3188 subegit,
3201 3131 3359 3191 atque
3382 3138 3569 3180 omnes
3609 3144 3731 3182 eum
3772 3134 3941 3200 magis
3984 3150 4141 3202 quam

2565 3220 2745 3274 regem
2774 3208 3028 3261 satellites
3070 3211 3514 3278 pertimescebant
3550 3234 3562 3268 :
3597 3232 3659 3270 ac
3693 3220 3773 3271 vel
3806 3222 3926 3273 solo
3952 3225 4143 3278 obtutu

2564 3308 2752 3348 omnes
2776 3296 3185 3365 comprimebat,
3214 3300 3282 3353 ita
3310 3310 3367 3354 ut
3386 3317 3452 3357 ne
3474 3303 3681 3361 hiscere
3705 3308 3924 3377 quidem
3954 3328 4139 3367 earum

2565 3384 2673 3438 ulla
2699 3384 2954 3451 auderet;
2990 3402 3170 3442 verum
3213 3401 3418 3445 cunctae
3460 3404 3619 3462 caput
3667 3398 4047 3457 submitterent
4082 3422 4147 3461 ac

2568 3475 2711 3529 velut
2740 3476 2851 3544 ι·ῳὶ
2871 3480 3145 3545 cederent,
3177 3462 3417 3549 quamvis
3442 3484 3637 3554 alioqui
3667 3491 3945 3546 acerrimae
3966 3506 4146 3552 essent

2567 3574 2726 3634 atque
2751 3566 3011 3634 imprimis
3037 3569 3266 3624 acerbis.
3293 3571 3474 3642 Neque
3496 3578 3638 3628 enim
3662 3576 3935 3634 hastarum
3962 3589 4151 3648 cuspi-

2569 3655 2662 3710 des
2689 3664 2794 3710 tam
2823 3656 3101 3712 horrendae
3131 3669 3275 3727 sunt,
3297 3675 3416 3715 cum
3439 3677 3470 3716 a
3495 3665 3674 3721 multis
3699 3668 3955 3725 militibus
3980 3676 4155 3729 surri-

2567 3755 2781 3816 guntur,
2801 3762 2956 3816 quam
2983 3757 3091 3802 tum
3114 3748 3472 3807 formidabiles
3489 3764 3641 3808 erant
3658 3756 3759 3811 illae
3772 3760 4150 3828 cogitationes.

2570 3839 2761 3892 Annon
2791 3838 2936 3892 enim
2963 3837 3130 3893 hastis
3158 3841 3392 3895 atrocior
3437 3852 3553 3897 erat
3580 3845 3710 3908 illa,
3754 3862 3912 3917 quam
3958 3860 4154 3908 natura

2570 3927 2771 3993 ciebat,
2792 3929 3185 3983 commiseratio
3202 3928 3225 3982 τ
3242 3932 3317 3985 Ac
3340 3932 3561 4000 proinde
3603 3936 3834 3991 animam
3856 3939 4002 3993 illam
4034 3958 4155 3996 ma-

2570 4018 2670 4085 gis,
2694 4033 2851 4087 quam
2878 4028 3143 4088 prmacuta
3167 4020 3379 4088 cuspis,
3399 4023 3714 4082 exscindere
3738 4036 4012 4096 poterant.
4040 4033 4157 4088 Nec

2572 4111 2713 4163 enim
2740 4110 2846 4162 ulla
2871 4109 3021 4164 basta
3042 4118 3149 4164 tam
3177 4121 3332 4165 acuta
3361 4128 3609 4186 umquam
3636 4131 3755 4173 esse
3776 4130 3955 4188 queat,
3987 4138 4158 4192 quam

2572 4201 2949 4270 cogitationum
2973 4202 3176 4257 illarum
3195 4204 3389 4271 aculei,
3417 4206 3509 4275 qui
3534 4208 3603 4261 ab
3624 4208 3825 4265 intimis
3854 4214 4162 4271 visceribus

2573 4294 2897 4347 acuebantur
2917 4310 2979 4349 ac
3006 4296 3427 4365 surrigebantur,
3454 4297 3582 4368 justi
3606 4301 3699 4355 viri
3721 4302 3950 4355 animam
3972 4314 4168 4361 trans—

2576 4385 2823 4455 ﬁgebant.
2856 4386 2984 4440 Nam
3017 4387 3103 4441 hic
3130 4397 3185 4442 et
3215 4397 3455 4459 tempore
3479 4398 3533 4445 et
3556 4392 3780 4446 consilio
3807 4404 3861 4447 et
3890 4394 4043 4464 plaga
4104 4410 4165 4459 et

2576 4476 2763 4532 dolore
2783 4492 2917 4546 opus
2947 4488 3059 4544 est;
3090 4494 3154 4534 ac
3202 4486 3313 4533 tum
3341 4495 3485 4534 mors
3522 4484 3761 4552 sequitur
3789 4501 3802 4536 :
3838 4484 3943 4538 illic
3967 4497 4165 4546 autem

2576 4573 2708 4627 nihil
2740 4572 2927 4625 horum
2959 4572 3361 4642 requirebatur;
3410 4572 3542 4627 adeo
3582 4582 3691 4629 tum
3729 4577 4003 4642 celeriora,
4042 4590 4163 4637 tum

2576 4666 2781 4719 acriora
2812 4664 3030 4718 vulnera
3056 4673 3231 4720 erant.
3271 4662 3340 4718 Et
3370 4674 3566 4729 tamen,
3597 4680 3719 4719 cum
3748 4666 4002 4722 adversus
4026 4682 4163 4727 eum

2577 4758 2924 4827 cogitationes
2968 4771 3114 4811 arma
3141 4755 3457 4820 induissent,
3488 4756 3674 4828 ingens
3708 4768 3822 4812 erat
3852 4763 4165 4829 tranquilli-

2580 4855 2681 4913 ωε,
2709 4861 3001 4915 omnesque
3043 4846 3341 4915 composite
3380 4846 3629 4910 stabant,
3682 4859 3931 4905 ornautes
3973 4854 4165 4918 potius

2580 4938 2751 5007 ipsum
2798 4952 2955 5007 quam
2989 4947 3192 4992 terrore
3215 4934 3529 4991 allicientes.
3565 4935 3699 4991 Eum
3746 4940 3886 4994 enim
3915 4939 4163 5009 gladium

2578 5029 2955 5086 extendentem
2986 5038 3111 5084 ante
3134 5028 3319 5083 oculos
3355 5027 3448 5083 tibi
3478 5042 3641 5097 pone,
3671 5044 3733 5084 ac
3760 5046 3892 5102 quos
3916 5030 4163 5090 volueris

2581 5136 2753 5191 reges,
2784 5124 3072 5193 Augustos,
3102 5120 3362 5186 Caesares,
3408 5119 3462 5174 in
3510 5120 3745 5192 medium
3785 5121 3976 5191 profer.
4006 5124 4164 5182 Nihil

2580 5217 2720 5272 enim
2747 5214 2922 5271 simile
2946 5212 3164 5276 dixeris,
3190 5228 3288 5267 nec
3303 5212 3534 5281 speciem
3557 5214 3718 5267 ullam
3735 5214 3990 5281 ejusmodi
4017 5226 4167 5273 tam.

2581 5324 2684 5377 que
2731 5306 2961 5377 amplam
2991 5313 3046 5359 et
3072 5303 3339 5373 insignem
3363 5317 3426 5357 ac
3452 5303 3599 5358 ctelis
3627 5304 3839 5375 dignam
3866 5310 4163 5367 Ostendet-0

2583 5400 2803 5472 poteris.
2832 5399 2966 5461 Tum
2995 5396 3137 5457 enim
3163 5395 3244 5449 vir
3265 5395 3356 5450 ille
3378 5394 3551 5462 justus
3580 5396 3646 5450 de
3674 5400 4035 5465 potentissima
4074 5413 4162 5472 ty-

2585 5493 2803 5550 rannide
2828 5486 3149 5556 triumphum
3170 5486 3310 5556 egit:
3330 5485 3456 5541 nihil
3483 5487 3623 5541 enim
3640 5496 3722 5541 est
3742 5491 3878 5555 quod
3898 5491 4160 5559 iuniorem

2587 5580 2918 5653 tyrannidem
2938 5577 3148 5641 habent,
3171 5590 3328 5645 quam
3348 5586 3554 5631 natura.
3573 5580 3747 5646 Atque
3770 5589 3827 5633 ttt
3847 5596 4137 5637 sexcentos

2586 5675 2672 5744 qui
2728 5686 2913 5727 necem
2961 5667 3201 5739 tyrannis
3227 5668 3522 5732 intulerint,
3554 5667 3813 5737 proferas,
3844 5671 4047 5725 nullum
4080 5687 4161 5727 ta-

2586 5780 2706 5816 men
2756 5759 3012 5832 ejusmodi
3044 5758 3197 5812 nobis
3222 5758 3542 5812 ostenderis.
3578 5758 3787 5811 Etenim
3836 5759 3947 5811 Ita't'
3980 5764 4157 5827 palma

2588 5854 2759 5924 angeli
2811 5854 2989 5908 verius
3036 5864 3190 5919 quam
3245 5848 3475 5906 hominis
3513 5857 3634 5902 tunc
3664 5858 3797 5903 erat.
3845 5850 3930 5907 Sic
3959 5856 4158 5927 quippe

4319 1775 4323 1871 Α

4321 2238 4323 2389 γ
