4060 6346
137 410 248 468 εει-ι

128 540 239 576 νυν
278 524 436 578 τοῦτο
488 525 772 598 ἐννοήσῃς,
804 529 887 584 ὅτι
937 532 1005 585 δι’
1045 533 1201 605 ἡμῶν
1251 538 1673 613 ἐπηγγέλθησαν
1700 581 1715 605 ,

125 619 237 672 καὶ
298 619 557 692 διστάσῃς
585 638 599 651 ·
629 624 692 675 οὐ
735 621 845 695 γὰρ
873 624 942 678 δί’
976 629 1134 698 ἡμῶν
1182 630 1518 703 πληροῦνται
1540 676 1554 698 ,
1586 633 1721 690 άλλά

126 714 209 766 δι⁹
242 714 409 767 αὐτοῦ
429 734 443 747 ⁸
476 718 571 769 καὶ
626 720 682 789 αί
722 720 1047 790 ἐπαγγελίαι
1081 724 1138 777 δὲ
1182 726 1250 779 δι’
1274 729 1442 783 αὑτοῦ
1466 748 1479 761 ·
1520 734 1581 785 οὐ
1606 726 1723 803 ’γάρ

123 812 204 865 τὰ
243 814 487 884 ἡμέτερα
511 854 526 878 ,
562 816 697 871 άλλά
729 819 799 873 τά
837 822 1005 876 αὐτοῦ
1040 824 1177 894 πρὸς
1214 826 1358 895 ὑμᾶς
1392 830 1721 901 εἰρήκαμεν.

139 908 215 959 '0
246 909 320 962 δὲ
342 910 609 973 βεϐαιῶν
641 912 803 983 ἡμᾶς
826 954 841 980 ,
873 919 997 971 σὺν
1017 918 1161 987 ὑμῖν
1196 924 1285 987 εὶς
1312 926 1599 992 Χριστὸν,
1625 926 1724 979 καί

130 1005 365 1073 χρίσας
425 1007 617 1076 ἡμᾶς,
656 1011 838 1078 Θεόςο
874 1013 973 1067 καὶ
1027 1018 1563 1088 σφραγισάμενος,
1624 1020 1725 1073 καὶ

128 1100 292 1167 δοὺς
321 1102 430 1156 τὸν
458 1104 777 1172 ἀρραϐῶνα
798 1108 903 1161 τοῦ
926 1109 1275 1179 Πνεύματος
1312 1115 1382 1166 ἐν
1409 1114 1541 1181 ταῖς
1577 1133 1722 1185 καρ-

126 1196 299 1263 δίαις
353 1199 543 1266 ἡμῶν.
590 1201 759 1254 Πάλιν
798 1202 908 1255 ἀπὸ
943 1203 1050 1257 τῶν
1077 1208 1458 1277 παρελθόντων
1496 1210 1563 1263 τὰ
1593 1211 1694 1281 μελ

136 1290 313 1346 λοντα
357 1294 695 1364 βεϐαιοῦται.
747 1298 811 1350 Εἰ
862 1299 977 1369 γάρ
1008 1303 1171 1367 αὐτός
1226 1306 1375 1358 ἐστιν
1415 1310 1443 1360 ὁ
1488 1306 1724 1376 βεϐαιῶν

136 1391 292 1459 ἡμᾶς
325 1394 404 1455 είς
433 1395 693 1462 Χριστὸν,
726 1394 1028 1463 τουτέστιν,
1066 1400 1094 1450 δ
1129 1400 1203 1471 μὴ
1237 1401 1343 1454 ἐῶν
1372 1402 1520 1473 ἡμᾶς
1546 1419 1727 1472 παρα-

136 1484 477 1542 σαλεύεσθαι
519 1491 583 1542 ἐκ
630 1489 728 1558 τῆς
774 1490 1013 1554 πίστεως
1048 1493 1149 1562 τῆς
1187 1496 1267 1557 είς
1295 1495 1387 1547 τὸν
1443 1497 1720 1567 Χριστὸν,

131 1582 235 1634 καὶ
276 1582 437 1647 αὐτὸς
464 1585 493 1636 ό
531 1584 723 1652 χρίσας
757 1588 906 1656 ἡμᾶς
931 1629 945 1651 ,
972 1589 1067 1641 καὶ
1130 1589 1253 1652 δοὺς
1288 1590 1350 1642 τὸ
1390 1590 1617 1661 Πνεῦμα
1664 1594 1723 1645 ἐν

128 1676 262 1738 ταῖς
302 1677 553 1748 καρδίαις
601 1679 760 1749 ἡμῶν
789 1699 803 1711 ·
844 1681 963 1745 πῶς
1002 1682 1074 1736 τὰ
1118 1683 1381 1751 μέλλοντα
1423 1688 1485 1740 οὐ
1520 1687 1720 1752 δώσεις

130 1769 201 1821 FZ
241 1769 352 1841 γάρ
378 1773 478 1835 τάς
528 1774 705 1845 ἀρχὰς
729 1776 947 1841 καὶτὰς
974 1778 1263 1843 ὑποθέσεις
1286 1780 1455 1835 ἔδωκε
1491 1782 1586 1837 καὶ
1623 1782 1724 1853 τὴν

130 1864 297 1933 ῥίζαν
341 1867 437 1920 καὶ
464 1868 564 1940 τὴν
608 1870 815 1943 πηγὴν,
863 1867 980 1926 οἷον
1010 1874 1108 1945 τὴν
1167 1876 1342 1945 άληθῆ
1394 1879 1523 1947 περὶ
1554 1876 1719 1930 αὐτοῦ

126 1961 341 2027 γνῶσιν
360 2004 380 2029 ,
410 1966 512 2036 τὴν
538 1962 634 2020 τοῦ
678 1969 997 2039 Πνεύματος
1042 1971 1350 2041 μετάληψιν
1376 1990 1389 2003 ⁸
1419 1973 1538 2037 πῶς
1565 1974 1635 2027 τά
1660 1976 1726 2027 ἐκ

126 2059 346 2113 τούτων
376 2062 437 2115 οὐ
462 2061 661 2129 δώσεις
697 2064 759 2117 Et
780 2067 898 2134 γὰρ
925 2067 1119 2119 ἐκεῖνα
1146 2068 1235 2121 διὰ
1261 2069 1440 2123 ταῦτα
1468 2070 1723 2136 δίδονται,

130 2153 326 2221 πολλῷ
342 2156 542 2225 μᾶλλον
557 2156 769 2209 όταῦτα
784 2158 928 2221 δοὺς,
952 2160 1042 2212 καὶ
1068 2162 1255 2214 ἐκεῖνα
1266 2164 1515 2231 παρέξει*
1550 2168 1645 2217 καὶ
1674 2168 1723 2219 εί

126 2248 312 2301 ταῦτα
357 2249 576 2319 ἐχθροῖς
623 2246 777 2310 οὖσιν
812 2252 980 2306 ἔδωκε
1008 2294 1023 2319 ,
1066 2254 1248 2325 πολλῷ
1289 2257 1490 2326 μᾶλλον
1537 2259 1723 2323 ἐκεῖνα

125 2343 315 2413 φίλοις
357 2348 674 2417 γενομένοις
718 2352 1010 2419 χαριεῖται.
1042 2351 1141 2405 Διὰ
1162 2351 1321 2406 τοῦτο
1354 2354 1476 2406 οὑδέ
1500 2354 1723 2424 Πνεῦμα

127 2436 296 2494 εἶπεν
348 2440 559 2510 ἁπλῶς,
610 2442 726 2495 ἀλλ’
768 2444 1067 2516 ἀρραϐῶνα
1116 2446 1429 2519 ὠνόμασεν,
1471 2449 1559 2502 ἵνα
1612 2448 1723 2503 ἀπὸ

124 2535 329 2590 τούτου
356 2538 451 2591 καὶ
482 2539 612 2609 περὶ
646 2539 741 2592 τοῦ
772 2539 975 2601 παντὸς
1004 2540 1247 2611 θαρρῇς.
1280 2543 1357 2595 Οὐ
1392 2544 1534 2613 γάρ,
1565 2547 1615 2597 εί
1647 2544 1724 2617 μὴ

126 2630 332 2700 ἔμελλε
355 2630 416 2683 τὺ
444 2632 553 2684 πᾶν
577 2631 801 2696 διδόναι,
836 2632 1009 2685 είλετο
1036 2632 1103 2688 ἂν
1116 2634 1208 2689 τὸν
1239 2634 1392 2707 [448]
1421 2637 1722 2709 ἀρραϐῶνα

128 2727 444 2796 παρασχεῖν
474 2766 490 2790 ,
513 2726 610 2781 καὶ
649 2726 918 2781 ἀπολέσαι
944 2728 1070 2800 εἰκῆ
1107 2730 1205 2784 καὶ
1234 2730 1435 2801 μάτην.
1475 2731 1590 2786 Καὶ
1621 2732 1724 2801 ὅρα

129 2825 560 2896 εὐγνωμοσύνην
604 2826 818 2882 Παύλου
842 2829 929 2883 ,Τί
968 2829 1078 2902 γὰρ
1095 2830 1175 2883 δεῖ
1202 2830 1404 2896 λέγειν,
1435 2833 1619 2903 φησὶν,
1641 2833 1726 2886 ὅτι

126 2922 237 2975 οὐκ
266 2923 324 2975 ἐν
354 2922 488 2992 ἡμῖν
512 2924 545 2993 ή
588 2922 700 2975 τῶν
729 2923 1079 2991 ἐπαγγελιῶν
1118 2924 1385 2995 ἀλήθειαες
1406 2926 1542 2980 αὐτὸ
1563 2926 1725 2981 τοῦτο

127 3018 193 3071 τὸ
220 3016 450 3070 ἑστάναι
489 3017 912 3089 ἀπεριτρέπτως
942 3019 1037 3073 καὶ
1051 3020 1364 3090 πεπηγέναι
1407 3022 1600 3092 ὑμᾶς,
1622 3025 1726 3077 οὐκ

128 3113 192 3167 ἐν
223 3112 357 3183 ἡμῖν
380 3153 396 3178 ,
434 3112 571 3167 ἀλλὰ
598 3114 693 3167 καὶ
722 3113 883 3167 τοῦτο
896 3114 993 3168 τοῦ
1021 3113 1158 3169 Θεοῦ
1184 3132 1197 3145 ο
1238 3116 1291 3169 '0
1312 3117 1427 3189 γὰρ
1460 3116 1725 3183 βεϐαιῶν

127 3205 315 3276 ὑμᾶς,
365 3207 521 3276 φησὶ,
564 3209 729 3274 Θεός.
764 3209 877 3261 Οὐκ
920 3209 1029 3281 άρα
1061 3212 1228 3281 ἡμεῖς
1263 3212 1431 3283 ἐσμεν
1454 3214 1505 3265 οί
1530 3212 1725 3284 στηρί-

131 3303 325 3368 ζοντες
376 3304 562 3375 ὑμᾶς·
606 3306 701 3359 καὶ
752 3304 862 3377 γὰρ
909 3307 1004 3360 καὶ
1049 3310 1214 3379 ἡμεῖς
1244 3308 1481 3379 δεόμεθα
1509 3308 1601 3363 τοῦ
1636 3308 1725 3379 βε-

134 3399 447 3463 ϐαιοῦντος.
479 3401 644 3454 Ὥστε
680 3400 869 3474 μηδεὶς
894 3404 953 3455 ἐν
970 3406 1102 3473 ἡμῖν
1127 3404 1396 3474 νομιζέτω
1418 3405 1726 3458 κινδυνεύε-

136 3495 267 3548 σθαι
314 3494 375 3548 τὺ
410 3497 678 3567 κήρυγμα
702 3514 715 3529 ’
754 3499 914 3562 αὐτὸς
954 3502 1016 3552 τὸ
1059 3501 1169 3553 πᾶν
1206 3502 1534 3569 ἀνεδέξατο,
1574 3501 1725 3570 αὑτῷ

139 3592 296 3662 μέλει
327 3592 420 3647 τοῦ
446 3595 674 3657 παντός.

208 3820 275 3867 ε’.
308 3813 376 3867 Τί
405 3814 463 3867 δέ
496 3816 631 3877 ἐστι,
664 3814 910 3883 Χρίσας,
954 3816 1051 3868 καί
1080 3816 1612 3885 σφραγισάμενος;
1657 3816 1730 3869 Τδ

140 3911 371 3983 Πνεῦμα
398 3911 541 3976 δοὺς,
570 3912 637 3965 δι’
664 3906 725 3965 οὐ
758 3911 933 3966 ταῦτα
956 3911 1245 3982 ἀμφότερα
1276 3915 1558 3985 ἐποίησεν,
1590 3916 1729 3987 ἁμοῦ

142 4012 433 4081 προφήτας
488 4012 587 4064 καὶ
640 4012 807 4081 ἱερεῖς
866 4010 961 4063 καὶ
1002 4008 1258 4080 βασιλέας
1301 4010 1673 4080 ἐργαςόμενος
1707 4028 1721 4042 ο

139 4105 327 4159 ταῦτα
365 4105 476 4175 γὰρ
508 4105 570 4158 τὸ
604 4105 834 4159 παλαιὸν
874 4107 1089 4174 ἐχρίετο
1128 4106 1196 4159 τά
1216 4106 1373 4176 γένη.
1404 4104 1544 4160 Ἀλλ’
1570 4107 1732 4177 ἡμεῖς

142 4201 243 4271 οὐχ
298 4199 359 4252 ἓν
384 4240 401 4264 ,
429 4199 568 4252 ἀλλά
596 4199 664 4253 τά
729 4199 859 4269 τρία
898 4199 1019 4269 μεθ’
1037 4200 1315 4271 ὑπεροχῆς
1338 4202 1536 4273 ἐχομεν
1566 4200 1733 4268 ἀξιὼ-

150 4312 301 4368 ματα
326 4293 424 4349 νῦν
446 4311 458 4325 ·
503 4292 600 4347 καὶ
632 4294 744 4365 γάρ
776 4292 1055 4364 βασιλείας
1085 4294 1354 4366 μέλλομεν
1397 4297 1698 4351 ἀπολαύειν
1718 4337 1734 4363 ,

144 4393 243 4450 καὶ
269 4393 441 4465 ἱερεῖς
465 4389 729 4461 γινόμεθα
759 4392 1164 4463 προσφέροντες
1186 4392 1378 4447 θυσίαν
1401 4392 1471 4445 τά
1504 4392 1761 4463 σώματα

143 4491 327 4564 ἠμιῖιν.
367 4488 807 4559 Παραστήσατε
852 4490 963 4563 γὰρ
1006 4491 1080 4546 τὰ
1123 4490 1283 4561 μέλη
1346 4488 1513 4560 ὑμῶν
1564 4530 1580 4554 ,
1642 4496 1741 4548 θυ-

149 4588 297 4641 σίαν
321 4584 538 4652 ζῶσαν,
576 4585 911 4655 εὐάρεστον
939 4588 1021 4654 τῷ
1051 4585 1189 4654 Θεῷ,
1228 4587 1363 4659 φησί
1392 4603 1405 4618 ·
1448 4588 1546 4641 καὶ
1589 4589 1731 4657 μετά

149 4684 366 4741 τούτων
395 4684 490 4738 καὶ
515 4682 795 4754 προφῆται
820 4682 1228 4754 καθιστάμεθα·
1270 4686 1339 4738 Ἀ
1369 4683 1479 4752 γὰρ
1518 4684 1731 4753 ὀφθαλ-

149 4780 264 4851 μὸς
290 4782 406 4833 οὐκ
443 4777 567 4835 εἶδε
585 4822 601 4848 ,
642 4778 740 4837 καί
766 4774 877 4845 οὖς
907 4781 1019 4833 οὐκ
1048 4779 1280 4848 ἤκουσε
1300 4821 1315 4845 ,
1348 4780 1539 4836 ταῦτα
1572 4780 1739 4833 ἐκκε-

154 4873 519 4944 καλυμμένα
568 4876 719 4946 ἡμῖν
768 4876 921 4931 ἐστι.
976 4875 1089 4928 Kal
1149 4875 1326 4939 άλλως
1376 4876 1434 4930 δὲ
1499 4875 1742 4947 βασιλεῖς

152 4970 423 5045 γινόμεθα
448 5010 463 5035 ,
491 4971 587 5025 ἐὰν
620 4972 975 5045 βουληθῶμεν
1018 4972 1240 5042 κρατεῖν
1270 4971 1379 5025 τῶν
1403 4972 1625 5025 ἀτόπων
1653 4971 1742 5023 λο-

156 5069 401 5141 γισμῶν.
426 5068 551 5121 Ὅτι
580 5066 741 5138 γὰρδ
760 5065 1330 5137 τοιοῦτοςβασιλεύει,
1363 5068 1458 5121 καὶ
1484 5068 1689 5136 μᾶλλον
1708 5067 1743 5139 ἡ

156 5165 184 5217 ὑ
209 5166 273 5219 τδ
314 5164 552 5234 διάδημα
590 5163 996 5232 περικείμενος,
1028 5162 1130 5233 ἤδη
1160 5159 1321 5214 τοῦτο
1350 5164 1563 5233 ποιήσω
1586 5162 1745 5231 δῆλον

162 5259 320 5330 ὑμῖν
345 5256 522 5311 Πολλὰ
548 5256 662 5326 ἔχει
696 5254 1035 5324 στρατόπεδα
1064 5254 1291 5315 ἐκεῖνος,
1309 5252 1441 5306 ἀλλὰ
1475 5253 1563 5306 ιιαὶ
1584 5253 1747 5323 ἡμεῖς

158 5354 373 5411 τούτων
443 5352 664 5417 πλείους
721 5351 919 5424 ἔχομεν
960 5348 1289 5422 λογισμούς·
1332 5351 1394 5402 οὐ
1436 5350 1548 5421 γάρ
1593 5348 1745 5401 ἐστιν

160 5448 473 5523 ἀριθμῆσαι
512 5448 576 5500 τὸ
613 5449 840 5521 ἄπειρον
878 5445 989 5499 τῶν
1032 5445 1251 5501 ἐννοιῶν
1294 5444 1502 5516 πλῆθος
1550 5444 1659 5497 τῶν
1687 5460 1744 5498 ιν

162 5549 320 5616 ἡμῖν.
365 5545 441 5598 Οὐ
490 5542 695 5615 πλῆθος
748 5544 805 5596 δέ
850 5542 1011 5613 μόνον
1057 5542 1205 5596 ἐστιν
1256 5540 1409 5603 ἰδεῖν,
1463 5540 1601 5595 ἀλλά
1648 5540 1744 5594 καὶ

163 5626 425 5704 πολλοὺς
456 5643 515 5694 ἐν
565 5638 645 5711 τῷ
700 5638 894 5711 πλήθει
947 5637 1123 5711 τούτῳ
1182 5636 1293 5691 τῶν
1342 5635 1620 5706 λογισμῶν
1649 5638 1744 5688 καὶ

166 5739 514 5813 στρατηγοὺς
550 5737 645 5792 καὶ
680 5734 1007 5807 ταξιάρχους
1032 5736 1129 5790 καὶ
1151 5733 1417 5804 λοχαγοὺς
1466 5733 1562 5787 καὶ
1588 5731 1730 5799 τοξόο

164 5856 269 5908 τας
310 5837 405 5893 καὶ
449 5834 836 5908 σφενδονήτας.
870 5832 935 5886 Τί
967 5833 1156 5904 ἕτερον
1187 5832 1334 5885 ποιεῖ
1368 5830 1628 5901 βασιλέα;
1672 5832 1743 5887 τὰ

1220 418 1290 474 ιΝ
1328 418 1547 477 EPIST.
1582 419 1625 477 ΙΙ
1659 421 1749 477 AD
1786 422 1943 480 COR.
1986 424 2219 484 HOMII).
2255 427 2342 485 lll.

3302 423 3409 479 “2

1836 546 2078 616 ἱμάτια;
2131 549 2294 602 Ἀλλά
2338 548 2433 603 καὶ
2494 540 2648 612 οὗτος
2692 546 2887 617 βελτίω
2945 544 3257 615 περίκειται
3314 542 3409 596 καὶ

1833 643 2042 710 ἀμείνω
2095 644 2311 715 στολὴν,
2360 646 2427 716 ἢν
2490 644 2616 699 οὐτε
2678 643 2778 714 σὴς
2818 641 3011 706 ἐσθίει,
3055 638 3180 691 οὐτε
3215 638 3409 707 χρὸνῡς

1830 737 2075 808 δαπανᾷο
2112 741 2206 791 καὶ
2244 740 2508 807 στέφανον
2548 739 2661 810 ἔχει
2694 736 2936 792 ποικίλον
2962 734 3053 787 τὸν
3103 734 3203 802 τῆς
3228 732 3407 801 δόξης,
3436 739 3439 743 ’

1830 832 1921 884 τὸν
1947 832 2055 885 τῶν
2083 834 2388 905 οἰκτιρμῶν
2424 834 2518 887 τοῦ
2549 834 2708 887 Θεοῦ⁹
2728 836 2984 900 Εὺλόγει
3010 829 3141 898 γὰρ,
3165 827 3203 893 ἢ
3232 827 3406 894 ψυχή

1825 944 1968 995 μου,
2004 929 2179 999 φησὶ,
2221 930 2329 982 τὸν
2376 931 2618 998 Κύριον,
2645 930 2755 983 τὸν
2778 944 2993 996 στεφαί
3052 922 3200 977 διν-τά
3224 936 3298 974 σε
3340 921 3410 972 ἐν

1830 1021 1987 1075 ἐλέει
2041 1021 2141 1076 καί
2180 1022 2506 1092 οίκτιρμοῒς
2531 1039 2545 1053 ⁸
2592 1023 2686 1076 καὶ
2728 1022 2823 1075 τὸν
2856 1022 2955 1090 τῆς
3001 1019 3161 1086 δόξης
3185 1034 3198 1048 ·
3252 1015 3409 1081 Δόξῃ

1833 1120 1946 1185 γὰρ
1988 1118 2091 1171 καὶ
2128 1119 2266 1188 τιμῇ
2306 1118 2740 1187 ἐστεφάνωσας
2770 1118 2962 1169 αὐτόν
2984 1132 2997 1146 ·
3037 1116 3132 1168 καὶ
3163 1112 3276 1183 [τὸν
3307 1112 3413 1178 τῆς

1830 1211 2105 1284 εὐδοκίας]
2123 1230 2134 1242 ’
2167 1213 2262 1279 Ὠς
2280 1213 2449 1278 ὅπλῳ
2469 1211 2752 1276 εὐδοκίας
2775 1209 3206 1277 ἐστεφάνωσας
3230 1205 3407 1274 ἡμᾶς·

1832 1309 1926 1362 καὶ
1956 1310 2046 1363 τὸν
2083 1327 2190 1361 των
2218 1290 2486 1379 χαρίτων·
2513 1307 2819 1377 Στέφανον
2845 1306 2953 1375 γάρ
2983 1306 3242 1372 χαρίτων
3264 1302 3411 1371 δέξῃ

1832 1403 1918 1471 σῇ
1986 1404 2243 1474 κεφαλῇ.
2300 1399 2457 1468 Εἶδες
2513 1404 2855 1457 πολύπλοκον
2924 1401 3017 1452 καὶ
3058 1398 3413 1469 χαριέστερον

1832 1501 1983 1551 τουτὶ
2009 1500 2070 1551 τὸ
2086 1499 2324 1569 διάδημα
2344 1516 2359 1564 ;
2383 1499 2531 1568 Πλὴν
2555 1498 2671 1552 ἀλλ’
2689 1498 2895 1549 ἀνωθεν
2923 1495 3065 1549 αὐτά
3091 1494 3412 1565 ἀκριῦέστε-

1839 1610 1928 1662 ρον
1980 1592 2330 1662 ἐξετάσωμεν
2386 1593 2555 1647 πάλιν
2611 1594 2678 1645 τὰ
2705 1593 2814 1646 τῶν
2862 1591 3126 1661 βασιλέων
3180 1588 3408 1649 τούτων.

1846 1689 2085 1753 Ἐκεῖνος
2106 1694 2301 1763 κρατεῖ
2322 1691 2432 1745 τῶν
2461 1689 2776 1761 δορυφόρων
2800 1690 2898 1741 καὶ
2916 1690 3079 1741 πᾶσιν
3109 1686 3410 1747 ἐπιτάττει,

1836 1787 1931 1840 καὶ
1957 1787 2159 1851 πάντες
2194 1788 2533 1841 ὑπακούουσι
2572 1791 2672 1840 καὶ
2710 1786 3055 1839 διακονοῦσιν
3086 1783 3267 1855 αὐτῷ’
3296 1782 3411 1835 ἀλλ’

1832 1881 2219 1953 ἐγὼνδείκνυμι
2250 1881 2475 1953 μείζονα
2501 1881 2733 1935 ἐνταῦθα
2750 1882 2847 1952 τὴν
2873 1881 3066 1951 ἀρχήν.
3091 1878 3165 1932 Τὸ
3184 1880 3283 1948 μὲν
3307 1877 3415 1947 γὰρ

1837 1976 2041 2047 πλῆθος
2088 1978 2230 2042 ῖσον,
2263 1978 2297 2048 ἡ
2332 1979 2424 2032 καὶ¹
2460 1978 2642 2031 πλεῖον
2662 1995 2676 2009 ο
2706 1977 2894 2031 λοιπὸν
2918 1974 2975 2026 δὲ
2995 1974 3249 2045 περὶτῆς
3274 1974 3412 2026 ὑπο-

1832 2073 2010 2142 ταγῆς
2066 2074 2355 2140 ἐξετάζειν
2383 2076 2479 2128 δεῖ.
2516 2076 2624 2127 Καὶ
2673 2075 2746 2145 μή
2778 2090 2868 2143 μοι
2894 2073 2972 2135 είς
3000 2070 3166 2141 μέσον
3197 2069 3415 2138 ἀγάγῃς

1833 2170 1963 2232 τοὺς
2007 2169 2343 2232 ἐκπεσόντας
2386 2168 2486 2239 τῆς
2518 2168 2822 2239 βασιλείας,
2858 2166 2955 2220 καὶ
2987 2163 3298 2234 σφαγέντας
3321 2162 3415 2212 ὑπ’

1832 2264 2010 2317 αὐτῶν
2042 2264 2153 2316 τῶν
2192 2263 2702 2335 σωματοφυλάκων.
2738 2262 2830 2333 Μὴ
2858 2261 3039 2313 τοίνυν
3066 2257 3293 2319 τούτους
3330 2256 3413 2319 είς

1834 2358 1998 2426 μέσον
2068 2356 2320 2426 ἄγωμεν,
2372 2357 2507 2411 ἀλλὰ
2550 2358 2679 2421 τοὺς
2730 2356 2913 2418 καλῶς
2968 2355 3029 2409 ἐν
3082 2350 3413 2424 ἀμφοτέροις

1832 2455 1931 2526 τὴν
1962 2453 2171 2507 ἑαυτῶν
2203 2452 2582 2521 διοικήσαντας
2621 2450 2902 2522 βασιλείαν
2928 2450 3278 2520 ζητήσωμεν.
3303 2442 3417 2499 Καὶ

1834 2551 1899 2604 σύ
1943 2550 2076 2621 μὲν,
2116 2548 2207 2613 οὒς
2244 2547 2444 2619 βούλει,
2469 2546 2610 2601 τίθει
2630 2563 2644 2577 '
2670 2545 2781 2613 ἐγὼ
2818 2544 2875 2598 δέ
2907 2561 2988 2597 σοι
3014 2543 3106 2596 τὸν
3135 2540 3412 2612 πατριάρ-

1832 2665 1936 2718 χην
1964 2647 2266 2701 άντιτάττω
2296 2647 2483 2699 πᾶσιν.

1903 2807 2031 2860 Ὅτε
2064 2804 2173 2877 γάρ
2198 2805 2289 2858 τὸν
2317 2806 2431 2859 υίὺν
2462 2802 2749 2858 ἐκελεύετο
2778 2801 3108 2873 σφαγιάσαι,
3155 2798 3412 2867 ἐννόησον

1832 2902 1984 2976 [449]
2012 2900 2169 2955 πόσοι
2201 2901 2322 2954 τότε
2365 2900 2744 2969 ἐπανέστησαν
2780 2896 2932 2967 αὑτῷ
2978 2895 3262 2966 λογισμοί”
3296 2891 3411 2947 ἀλλ’

1831 3003 1984 3073 ὅμως
2026 3002 2232 3063 πάντας
2264 2997 2519 3064 ὑπέταξε,
2568 2997 2663 3049 καὶ
2721 2995 2924 3054 πάντες
2980 2992 3148 3045 αὐτὸν
3179 2990 3415 3061 ἔτρεμον

1839 3096 2059 3168 μᾶλλον,
2086 3096 2121 3164 ἢ
2153 3094 2377 3166 βασιλέα
2399 3095 2447 3146 οἱ
2481 3092 2791 3163 δορυφόροι,
2828 3095 2922 3144 καὶ
2952 3089 3227 3159 βλέμματι
3267 3084 3417 3155 μόνῳ

1838 3193 2049 3256 πάντας
2080 3189 2429 3253 κατέστελλε,
2466 3188 2561 3241 καὶ
2582 3187 2705 3240 οὐδέ
2730 3186 2931 3256 γρύξαι
2966 3185 3172 3255 ἐτόλμα
3207 3181 3418 3236 τούτων

1835 3290 2032 3353 οὐδεὶς,
2062 3285 2178 3342 ἀλλ’
2205 3285 2542 3349 ὑπέκυπτον,
2586 3282 2683 3336 καὶ
2710 3282 2788 3345 ώις
2814 3280 3024 3352 βασιλεῖ
3060 3276 3419 3349 παρεχώρουν

1840 3386 2098 3449 ἅπαντες,
2121 3380 2300 3435 καίτοι
2327 3398 2391 3449 γε
2420 3377 2671 3443 ὀξύτατοι
2697 3377 2851 3441 ὄντες
2895 3376 2992 3430 καὶ
3040 3375 3251 3444 σφόδρα
3278 3369 3419 3425 ἀπό-

1837 3495 2009 3549 τομοι.
2042 3478 2177 3531 Οὐδέ
2209 3477 2317 3546 γὰρ
2341 3474 2514 3537 οὑτως
2547 3474 2686 3526 είσὶν
2707 3474 2775 3525 al
2810 3472 2920 3524 τῶν
2949 3470 3203 3540 δοράτων
3221 3464 3423 3536 αίχμαὶ

1837 3584 2091 3654 φοϐεραὶ,
2113 3582 2271 3653 ὀρθαὶ
2298 3580 2403 3634 ὑπὸ
2426 3578 2635 3631 πολλῶν
2661 3576 3024 3645 ἀνιστάμεναι
3046 3568 3418 3641 στρατιωτῶν,

1837 3687 1921 3749 ὡς
1942 3688 2142 3738 ἐκεῖνοι
2172 3684 2292 3737 τότε
2334 3696 2360 3723 ι
2402 3678 2542 3753 ἦσαν
2575 3680 2804 3749 φοϐεροὶ⁸
2840 3679 2890 3730 οί
2923 3674 3197 3744 λογισμοί.
3230 3672 3306 3725 Οὐ
3334 3671 3423 3722 δο-

1844 3782 2022 3851 ράτων
2070 3776 2141 3851 ἦν
2191 3776 2551 3848 χαλεπωτέρα
2601 3776 2634 3843 ἡ
2685 3774 2786 3842 τῆς
2822 3770 3039 3840 φύσεως
3064 3765 3418 3838 συμπάθεια;

1841 3881 1932 3933 Διὸ
1965 3879 2058 3932 καὶ
2084 3876 2289 3948 αἰχμῆς
2310 3876 2481 3944 ὴκονη
2492 3871 2657 3942 μένης
2694 3868 2895 3939 μᾶλλον
2916 3866 3140 3935 τέμνειν
3158 3863 3423 3931 ἠδύναντο

1842 3978 1944 4046 τὴν
1972 3978 2194 4029 ἐκείνου
2214 3974 2415 4043 ψυχήν.
2444 3972 2521 4024 Οὐ
2552 3971 2662 4041 γάρ
2692 3967 2866 4030 οὕτως
2912 3964 3005 4029 ὀξὺ
3052 3963 3179 4033 δόρυ
3222 3958 3423 4029 γένοιτ’

1842 4075 1908 4126 ἀν
1943 4088 2095 4134 ποτε,
2118 4071 2195 4132 ὡς
2223 4069 2449 4121 ἐκείνων
2479 4066 2589 4117 τῶν
2618 4063 2897 4139 λογισμῶν
2923 4062 2987 4114 τὰ
3023 4062 3223 4130 κέντρα
3247 4058 3425 4112 κάτω-

1844 4174 1937 4227 θεν
1966 4170 2073 4226 ἀπὸ
2100 4168 2208 4222 τῶν
2237 4166 2564 4235 σπλάγχνων
2593 4161 2894 4230 δξυνόμενά
2919 4177 2977 4212 τε
2999 4160 3094 4211 καὶ⁵
3118 4157 3279 4227 ὀρθού
3288 4174 3435 4228 μενα-

1843 4269 2084 4339 διέπειρε
2113 4262 2206 4318 τοῦ
2234 4260 2444 4317 δικαίου
2472 4259 2570 4333 τὴν
2605 4258 2865 4312 διάνοιαν.
2901 4252 3166 4309 Ἐνταῦθα
3191 4252 3288 4323 μὲν
3314 4250 3426 4320 γάρ

1846 4369 1943 4424 καὶ
1971 4366 2166 4437 χρόνου
2205 4363 2287 4416 δεῖ
2328 4360 2424 4415 καί
2456 4359 2652 4431 βουλῆς
2681 4357 2779 4412 καὶ
2817 4356 3035 4426 πληγῆς
3074 4351 3169 4407 καὶ
3210 4348 3426 4418 ὀδύνης,

1847 4465 1944 4518 καὶ
1968 4462 2089 4514 τότε
2128 4461 2158 4512 ό
2197 4457 2429 4518 θάνατος
2464 4455 2680 4508 ἐπεται·
2732 4453 2850 4505 ἐκεῖ
2887 4451 2944 4503 δὲ
2983 4448 3195 4511 οὐδενὸς
3221 4445 3428 4500 τούτων

1849 4559 1973 4613 ἔδει⁸
2007 4555 2149 4609 οὓτω
2169 4553 2441 4624 ταχύτερα
2472 4549 2568 4602 καὶ
2596 4546 2898 4619 δριμύτερα
2925 4541 2994 4615 ἦν
3021 4544 3090 4597 τά
3114 4543 3426 4613 τραύματα.

1861 4653 2001 4709 Ἀλλ’
2047 4650 2198 4721 ὅμως
2244 4644 2511 4704 τοσούτων
2547 4644 2669 4697 τότε
2714 4640 3081 4696 ὁπλισθέντων
3110 4637 3230 4691 κατ’
3259 4634 3430 4689 αὐτοῦ

1849 4749 2150 4821 λογισμῶν,
2184 4744 2355 4815 πολλὴ
2382 4738 2451 4815 ἦν
2484 4740 2705 4813 ἡσυχία,
2744 4740 2841 4793 καὶ
2877 4737 3077 4799 πάντες
3105 4733 3430 4804 εἱστήκεσαν

1851 4848 2150 4911 εὐτάκτως,
2185 4839 2524 4912 κοσμοῦντες
2579 4837 2778 4909 μᾶλλον
2824 4833 3070 4905 αὐτὸν,ἡ
3113 4828 3427 4903 φοϐοῦντες.

1852 4961 1995 5029 Ὅρα
2018 4958 2150 5028 γοῦν
2178 4954 2277 5025 τὴν
2304 4952 2581 5024 μάχαιραν
2610 4949 2772 5004 αὐτὸν
2796 4947 3126 5009 ἐκτείνοντα,
3158 4942 3254 4995 καὶ
3273 4942 3432 5021 ὅσους

1854 5056 2034 5129 βούλει
2090 5053 2229 5107 τίθει
2285 5050 2529 5121 βασιλεῖς
2557 5049 2638 5113 είς
2685 5046 2748 5100 τὸ
2810 5045 2998 5117 μέσον,
3060 5038 3433 5107 Δύγούστους,

1852 5153 2156 5223 Καίσαρας.
2215 5146 2357 5200 Ἀλλ’
2392 5145 2547 5199 οὐδὲν
2601 5142 2857 5197 τοσοῦτον
2909 5141 3078 5210 ἐρεῖς,
3123 5136 3248 5191 οὐδὲ
3294 5136 3437 5199 ἐξεις

1856 5250 2045 5321 σχῆμα
2091 5245 2260 5309 δεῖξαι
2290 5244 2555 5311 τοιοῦτον,
2594 5239 2738 5294 οὕτω
2788 5236 3133 5310 μεγαλοφυές
3182 5233 3281 5286 καὶ
3326 5232 3435 5284 τῶν

1852 5348 2100 5421 οὐρανῶν
2148 5342 2318 5408 ἀξιον.
2364 5339 2522 5396 Κατά
2551 5340 2663 5411 γὰρ
2692 5336 3008 5409 τυραννίδος
3050 5331 3437 5397 δυνατωτάτης

1854 5446 2050 5515 ἔστησε
2085 5442 2347 5513 τρόπαιον
2387 5442 2415 5493 ό
2444 5438 2651 5500 δίκαιος
2686 5436 2810 5488 τότε
2860 5435 3098 5493 ἐκεῖνος’
3137 5428 3293 5481 οὐδὲν
3326 5424 3438 5494 γὰρ

1854 5541 2069 5611 φύσεως
2099 5538 2569 5607 τυραννικώτερον
2596 5550 2607 5560 ·
2646 5533 2751 5586 κᾶν
2792 5526 3019 5601 μυρίους
3052 5526 3206 5596 τιθῇς
3237 5538 3436 5595 τυραν-

1854 5638 2157 5699 νοκτόνους,
2193 5634 2383 5687 οὐδένα
2420 5630 2661 5685 τοιοῦτον
2694 5626 2966 5697 ἐπιδείξῃς
3000 5626 3154 5695 ἡμῖν.
3187 5622 3300 5677 Καὶ
3326 5622 3435 5689 γὰο

1917 5839 1940 5866 ι
1968 5834 2227 5899 Legebam
2244 5831 2378 5881 mi.
