4568 6424
559 396 664 452 H3

559 508 835 566 c-msidera
869 526 882 561 :
915 518 1099 563 natura
1128 523 1248 562 cum
1273 508 1435 563 armis
1476 508 1607 570 suis,
1644 519 1765 560 cum
1808 504 2125 559 militaribus

557 600 806 655 omnibus
824 601 993 669 copiis
1010 599 1120 654 suis
1148 596 1293 653 humi
1316 598 1559 669 jacehat;
1589 597 1701 665 ipse
1727 603 1907 651 autem
1949 592 2126 649 stabat

556 699 771 745 extenta
801 703 981 756 manu,
1004 705 1109 744 non
1139 703 1411 756 coronam,
1444 689 1537 744 sed
1567 687 1801 758 gladium
1823 688 2011 757 quavis
2036 698 2129 739 co-

558 797 692 836 rona
720 782 1058 837 illustriorem
1098 790 1313 837 tenente
1343 798 1357 834 :
1386 790 1543 850 atque
1583 777 1892 848 angelorum
1937 789 2130 847 agmen

556 871 932 940 applaudehat,
960 887 1023 927 ac
1052 873 1193 927 Deus
1219 888 1250 927 e
1278 871 1420 927 caelis
1449 870 1702 925 victorem
1727 884 1848 924 eum
1886 881 2129 939 pronun-

556 962 745 1016 tiabat.
764 961 1022 1030 Quoniam
1036 964 1176 1018 enim
1195 964 1245 1017 in
1268 962 1412 1017 caelis
1427 960 1759 1017 conversatio
1775 968 1910 1023 erat,
1934 956 2132 1011 idcirco

557 1051 762 1107 ealesti
786 1068 998 1123 quoque
1026 1053 1290 1123 praeconio
1312 1046 1703 1107 celebrabatur.
1731 1048 1995 1118 Quidnam
2027 1045 2130 1101 hoc

557 1138 930 1209 Splendidius?
960 1144 1065 1196 imo
1089 1141 1338 1211 quidnam
1365 1154 1486 1195 cum
1542 1140 1645 1195 hoc
1673 1149 1873 1208 tropaeo
1898 1134 2131 1192 conferri

559 1234 760 1299 queat?
782 1230 912 1287 Nam
944 1233 1008 1295 si,
1037 1247 1158 1286 cum
1182 1232 1379 1286 athleta
1402 1232 1636 1296 vicisset,
1675 1245 1782 1285 non
1814 1241 1990 1299 prmco
2014 1226 2130 1306 qui-

560 1321 686 1376 dam
711 1338 776 1378 ex
802 1321 1037 1378 inferiori
1059 1323 1197 1386 loco,
1228 1322 1320 1377 sed
1346 1338 1441 1379 rex
1470 1324 1584 1393 ipse
1603 1337 1635 1377 e
1655 1320 1928 1391 superiore
1953 1332 2132 1373 assur-

559 1425 695 1482 gens
722 1413 937 1467 victoris
962 1412 1141 1468 laudes
1171 1411 1484 1482 praedicaret
1502 1429 1519 1478 ;
1539 1426 1717 1467 annon
1739 1411 1840 1467 hoc
1860 1410 1949 1465 ille
1973 1423 2129 1464 coro-

561 1502 650 1555 nis
675 1501 800 1570 ipsis
822 1500 1255 1556 honoriﬁcentius
1274 1501 1375 1556 sibi
1392 1515 1511 1571 esse
1529 1502 1765 1563 duceret,
1789 1502 2131 1566 omniumque

560 1601 920 1659 spectatorum
950 1591 1134 1645 oculos
1183 1591 1249 1645 ad
1294 1605 1355 1646 se
1405 1588 1786 1646 converteret?
1813 1589 1943 1643 Cum
1977 1589 2134 1657 igitur

561 1697 671 1737 non
700 1682 934 1738 mortalis
964 1682 1220 1752 quiSpiam
1244 1697 1359 1748 rex,
1382 1682 1476 1737 sed
1502 1682 1638 1736 Deus
1661 1682 1794 1749 ipse,
1817 1695 1921 1734 non
1950 1680 2002 1732 in
2031 1679 2133 1733 hoc

562 1773 794 1837 theatro,
819 1773 911 1827 sed
940 1782 1051 1827 toto
1079 1772 1210 1827 orbe
1240 1773 1585 1842 inspectante,
1625 1779 1782 1838 atque
1826 1769 2132 1839 angelorum

559 1876 621 1919 et
648 1865 1080 1937 archangelorum
1101 1881 1282 1936 grege,
1313 1866 1420 1919 alta
1447 1879 1575 1918 voce
1604 1864 1670 1917 de
1708 1864 1836 1918 calo
1860 1863 2094 1917 clamans
2114 1899 2131 1926 ,

560 1956 817 2010 victorem
848 1958 1015 2026 ipsum
1047 1959 1386 2026 pronuntiet,
1432 1958 1667 2021 ubinam,
1696 1968 1895 2024 qumso,
1931 1953 2132 2022 justum

561 2048 714 2101 illum
742 2048 1159 2103 collocabimus?
1194 2048 1355 2114 Quin,
1382 2049 1426 2102 si
1453 2047 1626 2117 placet
1646 2056 1673 2111 ,‘
1695 2060 1882 2100 vocem
1920 2057 2135 2116 quoque

561 2139 732 2207 ipsam
750 2139 1043 2192 audiamus.
1064 2139 1316 2207 Quaenam
1333 2152 1458 2209 ergo
1474 2136 1590 2193 hate
1608 2152 1705 2189 vox
1722 2136 1841 2191 est?
1856 2136 2131 2200 Abraham,

560 2229 839 2293 Abraham,
868 2246 964 2283 non
994 2229 1233 2284 extendas
1262 2244 1465 2282 manum
1507 2238 1645 2287 tuam
1694 2227 1745 2279 in
1803 2224 1954 2279 Isaac
1976 2265 1993 2291 ,
2044 2239 2135 2277 nec

562 2322 726 2391 faciat
753 2322 828 2374 illi
850 2321 1139 2391 quidquam.
1168 2320 1319 2374 Nunc
1336 2322 1469 2375 enim
1494 2319 1703 2391 cognovi
1726 2318 1860 2387 quod
1880 2328 1935 2371 tu
1958 2319 2136 2371 timeas

566 2412 861 2479 Dominum,
889 2414 1124 2485 quoniam
1144 2429 1244 2467 non
1291 2413 1555 2482 pepercisti
1584 2411 1836 2481 unigenito
1889 2409 1997 2477 ﬁlio
2048 2418 2136 2464 tuo

562 2514 770 2574 propter
795 2520 872 2558 me
896 2503 1057 2575 (Gen.
1080 2502 1169 2557 ἃ.
1200 2502 1266 2563 12
1286 2504 1326 2574 ).
1359 2502 1494 2570 Quid
1533 2513 1710 2556 autem
1736 2499 1875 2555 hoc?
1904 2501 2018 2554 isne
2046 2497 2137 2568 qui

563 2596 745 2649 omnia
772 2594 915 2647 novit
940 2603 1220 2663 antequam
1251 2592 1511 2659 oriantur,
1540 2606 1680 2645 nunc
1704 2590 1915 2645 demum
1937 2603 2135 2658 cogno-

565 2686 678 2739 vit'!
700 2688 856 2754 Atqui
880 2686 1181 2740 hominibus
1196 2698 1406 2754 quoque
1427 2691 1698 2751 perspecta
1711 2681 1819 2749 jam
1836 2691 1947 2735 erat
1972 2680 2137 2748 ipsius

566 2782 739 2852 pietas
768 2798 779 2833 :
814 2789 888 2836 tot
921 2795 1031 2835 sua:
1057 2794 1181 2850 erga
1213 2780 1375 2833 Deum
1405 2775 1793 2832 benevolentia:
1824 2782 2136 2844 argumenta

565 2871 817 2937 dederat;
847 2886 967 2926 cum
988 2872 1126 2926 Deus
1143 2870 1210 2926 ad
1234 2886 1355 2925 eum
1372 2868 1614 2932 dixisset,
1643 2865 1894 2938 Egredere
1917 2866 1981 2920 de
2004 2874 2140 2919 terra

568 2972 679 3027 tua,
710 2971 756 3015 et
774 2963 837 3016 de
859 2962 1154 3032 cognatione
1177 2971 1267 3014 tua
1288 2960 1308 3032 (
1326 2958 1452 3013 Gen.
1484 2959 1572 3013 12.
1597 2960 1621 3012 1
1644 2958 1664 3028 )
1693 2972 1848 3011 :cum
1869 2956 1938 3012 ob
1964 2956 2137 3026 ipsum

567 3062 731 3120 atque
756 3051 971 3105 honoris
1001 3050 1167 3120 ipsius
1189 3063 1347 3103 causa
1369 3048 1547 3119 nepoti
1573 3062 1671 3100 suo
1691 3047 1922 3118 primatu
1948 3046 2141 3100 cessis-

567 3150 655 3195 set
686 3159 699 3195 :
727 3155 848 3195 cum
878 3154 997 3195 eum
1028 3155 1060 3194 e
1088 3149 1163 3195 tot
1199 3139 1464 3209 tantisque
1493 3137 1744 3208 periculis
1772 3136 2091 3191 extraxisset
2120 3152 2133 3189 :

568 3247 692 3287 cum
714 3231 764 3287 in
792 3230 1079 3304 Egyptum
1109 3232 1273 3303 ipsius
1284 3230 1437 3301 jussu
1459 3226 1726 3301 prolectus
1748 3227 1953 3294 fuisset,
1979 3233 2140 3295 atque

570 3338 738 3378 uxore
764 3322 863 3378 sibi
892 3323 1137 3392 adempta
1164 3337 1269 3375 non
1317 3320 1733 3391 indignationem
1763 3316 2137 3387 concepisset,

568 3413 779 3483 aliaque
805 3413 964 3467 multa
993 3414 1221 3468 fecisset.
1254 3411 1456 3479 Quibus
1484 3425 1547 3465 ex
1573 3410 1733 3465 rebus
1759 3408 1921 3463 homo
1954 3410 2137 3476 etiam,

570 3516 633 3559 ut
662 3505 771 3576 jam
818 3504 946 3572 dixi,
978 3504 1229 3573 pietatem
1256 3502 1419 3573 ipsius
1445 3510 1771 3568 compertam
1820 3500 2015 3556 habere
2045 3514 2140 3569 po-

570 3598 791 3661 tuisset,
821 3596 1014 3652 nedum
1040 3595 1179 3650 Deus
1203 3635 1220 3662 ,
1251 3594 1340 3665 qui
1362 3609 1467 3648 non
1489 3600 1767 3662 exspectat
1794 3601 1849 3646 ut
1873 3608 1969 3661 per
1997 3591 2139 3661 ipsas

569 3702 663 3744 res
690 3687 849 3741 ﬁnem
871 3696 1071 3741 noscat.
1111 3684 1350 3753 Quonam
1374 3692 1551 3741 autem
1578 3682 1736 3736 modo
1762 3681 1913 3737 illum
1933 3682 2137 3753 justum

572 3778 1001 3851 pronuntiasset,
1029 3777 1072 3831 si
1102 3778 1272 3847 ipsum
1312 3772 1647 3847 ignorasset?
1697 3772 1920 3827 Credidit
1957 3775 2136 3842 enim,

572 3869 1113 4015 Inﬂg'i’t'udg'tﬁtam,
1153 3875 1200 3922 et
1251 3875 1538 3952 reputatum
1582 3874 1655 3919 est
1678 3864 1776 3935 ἱραί
1803 3865 1870 3918 ad
1884 3865 2139 3935 justitiam

644 4033 697 4087 ϐ.
728 4024 864 4101 Quid
893 4032 1049 4101 igitur
1072 4039 1154 4085 est
1190 4028 1352 4095 istud,
1374 4026 1526 4083 Nunc
1554 4030 1797 4100 cognovi?
1824 4030 1989 4102 Syrus
2014 4028 2137 4097 qui—

571 4125 695 4181 dem
726 4124 803 4178 sic
832 4120 1009 4187 habet,
1036 4119 1191 4174 Nunc
1218 4120 1507 4186 declarati,
1530 4119 1776 4186 subaudi,
1808 4117 2136 4174 hominibus.
2174 4138 2179 4143 ι

569 4216 704 4272 Nam
726 4215 839 4284 ipse
853 4212 1170 4286 jampridem
1187 4222 1348 4283 atque
1362 4222 1485 4269 ante
1504 4213 1680 4267 omnia
1694 4212 1839 4280 jussa
1858 4213 1909 4267 id
1928 4227 2135 4268 noram.

568 4309 680 4363 Cur
694 4313 871 4361 autem
891 4321 1023 4359 nunc
1041 4318 1252 4374 quoque
1273 4302 1610 4357 hominibus?
1630 4316 1805 4356 annon
1834 4302 1922 4357 illa
1948 4302 2015 4357 ad
2046 4303 2140 4358 de-

567 4395 873 4455 clarandam
904 4396 1069 4467 ipsius
1094 4409 1219 4466 erga
1251 4394 1414 4449 Deum
1455 4394 1877 4448 benevolentiam
1906 4394 2139 4451 sufﬁcie-

569 4489 731 4548 bant!
757 4486 1099 4543 Sufﬂciebant
1126 4500 1289 4550 sane;
1316 4500 1505 4540 verum
1531 4484 1633 4539 hoc
1659 4492 1805 4539 tanto
1842 4485 1931 4539 illa
1958 4488 2137 4541 omnia

568 4578 860 4643 antecellit,
877 4588 932 4633 ut
956 4593 1064 4648 prae
1086 4593 1152 4634 eo
1176 4577 1307 4633 nihil
1331 4591 1548 4648 prorsus
1572 4575 1658 4630 illa
1689 4590 1809 4631 esse
1836 4576 2135 4632 videantur.

567 4672 948 4745 Quamobrem,
978 4683 1036 4727 ut
1066 4673 1377 4743 praeclarum
1420 4672 1519 4735 hoc
1539 4670 1741 4726 facinus
1765 4671 2134 4741 ampliﬁcaret,

566 4778 728 4837 atque
748 4763 965 4833 reliquis
976 4765 1222 4819 omnibus
1232 4764 1699 4836 prastantiusesse
1715 4762 2039 4832 ostenderet,
2054 4764 2136 4820 bis

565 4859 747 4916 verbis
765 4870 890 4911 usus
905 4862 1005 4909 est.
1025 4854 1238 4911 Etenim
1259 4856 1357 4910 hoc
1374 4856 1533 4910 etiam
1553 4854 1602 4908 in
1621 4853 1894 4909 hominum
1917 4868 2136 4910 consue-

567 4952 751 5007 tudine
768 4949 993 5020 positum
1010 4958 1112 5008 est,
1133 4948 1257 5001 utin
1279 4948 1489 5003 eximiis
1508 4961 1571 5001 ac
1596 4946 2025 5015 praecellentibus
2047 4963 2135 5002 re-

566 5041 670 5096 bus
687 5039 1016 5110 palmamque
1037 5035 1399 5092 obtinentibus
1412 5036 1480 5091 ad
1509 5036 1650 5090 hunc
1670 5034 1885 5090 modum
1907 5036 2134 5107 loquan-

566 5146 690 5191 tur:
718 5133 863 5188 verbi
884 5131 1070 5203 gratia,
1094 5143 1217 5183 cum
1241 5132 1361 5197 quia
1384 5130 1556 5199 majus
1575 5143 1735 5200 quam
1756 5140 1913 5185 antea
1941 5146 2134 5187 munus

563 5243 595 5282 a
627 5222 857 5297 quodam
880 5223 1091 5293 accipit,
1112 5235 1254 5290 saepe
1280 5221 1353 5275 ita
1382 5222 1616 5291 loquitur
1642 5239 1656 5276 :
1685 5219 1833 5277 Nunc
1861 5225 2130 5292 perspexi,

563 5314 709 5387 quod
737 5327 823 5367 me
842 5312 931 5368 ille
944 5322 1122 5368 amet:
1148 5324 1250 5365 non
1278 5309 1379 5364 hoc
1406 5309 1589 5367 dicens
1606 5311 1753 5382 quasi
1774 5324 1836 5364 ea
1860 5325 1979 5379 quae
2000 5326 2135 5380 prae-

564 5404 810 5464 cedentis
852 5405 1102 5473 temporis
1126 5411 1277 5459 erant
1307 5402 1546 5471 ignoret;
1590 5401 1684 5458 sed
1714 5411 1772 5457 ut
1798 5401 1899 5455 hac
1924 5400 2132 5458 ratiOne

564 5496 838 5559 ostendat,
865 5508 1057 5565 munus
1082 5492 1221 5547 istud
1246 5507 1351 5563 quo
1376 5504 1517 5546 nunc
1541 5491 1765 5546 alectus
1788 5500 1893 5555 est,
1923 5489 2135 5545 caeteris

562 5587 814 5645 mortibus
844 5592 1115 5653 praestare.
1158 5582 1247 5638 Sic
1296 5583 1435 5637 Deus
1474 5595 1685 5651 quoque
1712 5580 1947 5636 humano
1984 5594 2134 5636 more

562 5680 812 5748 ιαμιειιιι,
847 5672 1020 5739 Nune,
1048 5672 1240 5743 inquit,
1264 5671 1473 5742 cognoui
1495 5685 1516 5726 :
1541 5670 1672 5726 nihil
1713 5671 1865 5728 hisce
1915 5670 2131 5739 verbis,

561 5781 727 5838 quam
751 5763 1058 5824 certaminis
1083 5763 1494 5833 maguitndinem
1520 5802 1535 5829 ,
1579 5762 1881 5832 exprimere
1908 5762 2095 5820 volens
2114 5802 2130 5827 ,

1655 393 1720 449 iN
1758 390 1974 448 EPIST.
2012 389 2059 446 11
2118 389 2212 445 AD
2248 388 2401 445 (ΞΟΠ.
2442 388 2672 445 HOMIL.
2711 390 2799 447 ιιι.

3692 394 3792 451 ιιι

2237 504 2343 557 non
2376 511 2552 558 autem
2579 504 2719 575 quod
2745 511 2853 558 tum
2891 500 3190 569 dumtaxat,
3231 512 3317 558 aut
3352 504 3595 559 timorem
3623 515 3713 561 aut
3736 509 3796 561 ti-

2235 594 2397 648 moris
2440 593 2858 663 magnitudinem
2882 602 3245 664 cognosceret.
3285 593 3416 647 Nam
3462 596 3623 650 etiam
3676 612 3799 653 cum

2232 685 2327 751 ait,
2367 682 2541 738 Venite
2566 686 2923 741 descendam»
2949 682 3113 757 (Gen.
3148 687 3234 739 11.
3264 686 3327 757 ‘7)
3378 701 3443 740 ac
3485 686 3797 753 videamus,

2235 790 2340 827 non
2366 772 2564 828 idcirco
2587 773 2687 829 hac
2714 776 2921 831 ratione
2965 776 3147 841 utitur,
3197 776 3335 844 quod
3379 777 3637 830 descensu
3665 792 3799 847 opus

2235 863 2453 929 habeat;
2485 864 2680 933 quippe
2706 857 2794 934 qui
2822 866 2998 920 omnia
3020 866 3254 935 impleat,
3276 877 3431 933 nume
3450 868 3624 921 omnia
3646 882 3799 937 aper-

2236 956 2438 1011 tissime
2455 964 2739 1025 cognoscat
2756 956 2891 1021 ;sed
2909 967 2967 1011 ut
2990 956 3116 1011 hinc
3142 958 3431 1026 discamus,
3455 958 3520 1013 de
3542 959 3799 1037 realiqua

2237 1060 2341 1099 non
2368 1054 2569 1100 temere
2594 1046 2957 1115 pronuntiare.
2984 1048 3156 1115 Atque
3194 1050 3341 1116 item,
3363 1064 3484 1104 cum
3525 1050 3599 1103 ait
3648 1049 3796 1104 Scri-

2237 1145 2422 1204 ptura,
2476 1134 2614 1190 Deus
2663 1135 2725 1188 de
2752 1134 2874 1191 calo
2924 1138 3175 1205 prospexit
3225 1137 3408 1206 (Psal.
3452 1140 3537 1195 15.
3570 1138 3679 1211 2),
3706 1157 3800 1210 per

2237 1224 2602 1294 metaphoram
2620 1223 2687 1278 ab
2710 1224 3011 1280 hominibus
3033 1225 3262 1292 ductam,
3294 1231 3681 1285 exactissimam
3710 1246 3799 1286 co-

2237 1316 2523 1386 gnitionem
2548 1316 2809 1386 intelligit.
2840 1318 3038 1373 Eodem
3080 1319 3239 1375 modo
3275 1320 3359 1374 hic
3386 1308 3618 1391 quoque,
3649 1322 3803 1378 Nunc

2237 1410 2444 1477 cognovi
2467 1450 2481 1473 ,
2510 1410 2587 1464 ait
2617 1428 2629 1462 :
2656 1419 2711 1464 ut
2739 1410 2841 1464 hoc
2860 1412 3111 1466 omnibus
3140 1413 3403 1481 prioribus
3432 1415 3602 1483 majus
3627 1417 3803 1472 excclc

2239 1498 2539 1569 leutiusque
2584 1516 2704 1557 esse
2744 1502 3095 1559 demonstret.
3129 1506 3239 1559 Hoc
3285 1507 3351 1559 ita
3379 1521 3497 1561 esse
3525 1507 3711 1577 prohat
3736 1525 3801 1563 ex

2236 1602 2325 1652 eo,
2368 1588 2508 1658 quod
2553 1589 2809 1659 deinceps
2853 1593 3157 1663 subjungit,
3206 1595 3338 1662 Quia
3388 1612 3486 1649 non
3540 1599 3804 1669 pepercisti

2238 1679 2344 1745 ﬁlio
2369 1688 2454 1731 tuo
2474 1678 2653 1733 dilecto
2682 1690 2884 1749 propter
2912 1699 3010 1735 nte.
3031 1682 3145 1738 Non
3185 1685 3459 1741 dumtaxat
3486 1686 3637 1754 dixit,
3667 1687 3803 1743 Filio

2237 1778 2349 1837 tuo,
2376 1770 2491 1837 sed,
2525 1770 2661 1827 Filio
2702 1773 2902 1829 dilecto.
2932 1772 3048 1830 Non
3092 1777 3233 1831 enim
3278 1779 3533 1837 adversus
3562 1792 3802 1837 naturam

2239 1870 2462 1924 tantum,
2490 1862 2583 1917 sed
2613 1863 2779 1918 etiam
2809 1864 3065 1919 adversus
3091 1864 3481 1925 benevolentia:
3508 1871 3757 1927 allectum
3781 1911 3801 1939 s,

2238 1954 2325 2023 qui
2354 1964 2461 2008 tum
2505 1954 2572 2009 ob
2604 1956 2845 2024 preprios
2885 1972 3062 2012 mores
3082 1999 3096 2022 ,
3149 1966 3257 2012 tum
3288 1960 3357 2014 ob
3383 1976 3624 2031 magnam
3661 1969 3805 2033 pueri

2239 2044 2484 2100 virtutem
2513 2046 2697 2114 ingens
2738 2056 2873 2114 erat,
2923 2048 3245 2118 intrepidum
3273 2064 3333 2103 se
3362 2054 3609 2119 prmbuit.
3654 2057 3807 2122 Quod

2238 2138 2305 2199 si,
2336 2152 2403 2191 ne
2428 2148 2482 2193 ut
2510 2138 2779 2208 improbos
2803 2141 3016 2210 quidem
3066 2142 3203 2198 ﬁlios
3227 2155 3599 2212 aspernentur,
3654 2148 3811 2204 facile

2238 2226 2426 2281 adduci
2458 2238 2702 2296 parentes
2732 2241 2951 2299 queunt,
2984 2247 3167 2286 verum
3204 2238 3298 2288 eos
3320 2248 3531 2304 quoque
3561 2235 3810 2306 lacrymis

2240 2327 2637 2386 prosequuntur
2668 2337 2682 2373 :
2709 2334 2831 2374 cum
2852 2331 2907 2375 et
2932 2322 3071 2377 ﬁlius
3114 2321 3293 2390 fuerit,
3320 2332 3373 2379 et
3422 2341 3724 2396 germanus,
3757 2340 3809 2383 et

2240 2406 2563 2477 unigenitus,
2587 2416 2641 2461 ει
2662 2408 2909 2474 dilectus,
2937 2422 2994 2467 et
3024 2413 3191 2479 lsaac,
3219 2424 3271 2468 et
3299 2416 3374 2470 ab
3403 2415 3520 2486 ipso
3552 2426 3699 2485 patre
3718 2418 3807 2486 jn-

2239 2496 2502 2567 gulandus
2524 2499 2613 2563 sit,
2631 2499 2871 2569 quisnam
2888 2500 3249 2557 incredibilem
3264 2504 3405 2558 illam
3424 2506 3808 2577 philosophiam

2240 2590 2419 2645 verbis
2438 2592 2715 2661 complecti
2739 2592 2947 2662 possit?
2966 2592 3226 2647 Nimirum
3256 2594 3357 2649 hoc
3376 2605 3645 2653 certamen
3669 2601 3813 2654 mille

2240 2678 2545 2734 diademata
2568 2690 2727 2752 atque
2757 2682 3066 2738 innumeras
3091 2698 3319 2739 coronas
3341 2685 3627 2754 splendore
3651 2704 3811 2758 snpe-

2241 2776 2341 2822 rat.
2374 2769 2579 2823 Etenim
2607 2773 2677 2835 ei,
2704 2774 2794 2843 qui
2832 2789 3082 2829 coronam
3114 2776 3255 2830 illam
3296 2778 3450 2847 gerit,
3499 2780 3809 2851 plerumque

2242 2866 2296 2912 et
2324 2872 2469 2913 mors
2489 2863 2869 2929 superveniens
2897 2864 3088 2920 infesta
3113 2875 3216 2933 est,
3238 2877 3289 2924 et
3316 2869 3464 2924 mille
3502 2870 3662 2924 etiam
3689 2884 3811 2927 ante

2244 2958 2469 3004 mortem
2501 2967 2678 3007 rerum
2710 2953 2916 3009 insidia:
2946 2972 2960 3009 :
2988 2955 3092 3010 hoc
3121 2968 3298 3013 autem
3325 2960 3623 3019 diademate
3664 2966 3811 3033 quis-

2243 3041 2367 3110 quis
2389 3041 2667 3099 redimitus
2693 3042 2872 3112 iuerit,
2902 3044 2955 3100 id
2983 3046 3035 3101 ei
3066 3060 3133 3101 ne
3163 3058 3284 3116 post
3325 3059 3549 3105 mortem
3599 3052 3810 3121 quidem

2242 3132 2522 3202 quisquam
2553 3134 2763 3205 eripere
2786 3136 3003 3207 poterit,
3031 3150 3139 3203 non
3179 3152 3394 3203 suorum
3416 3181 3432 3208 ,
3482 3158 3588 3197 non
3613 3145 3814 3198 alieno-

2244 3238 2381 3277 rum.
2410 3225 2583 3295 Atque
2620 3228 2780 3281 etiam
2824 3229 3265 3297 pretiosissimum
3316 3230 3471 3301 hujus
3500 3234 3813 3293 diadematis

2243 3314 2473 3384 lapidem
2496 3316 2787 3386 perspicias
2812 3319 2994 3377 velim.
3017 3319 3086 3376 Ut
3102 3320 3243 3375 enim
3272 3323 3533 3393 pretiosus
3556 3325 3705 3394 lapis,
3733 3328 3812 3382 sic

2243 3420 2365 3461 eum
2394 3405 2462 3460 ad
2492 3415 2791 3462 extremum
2815 3409 2996 3480 cingit.
3037 3411 3297 3479 Quidnam
3332 3424 3506 3469 autem
3553 3415 3654 3472 hoc
3694 3428 3811 3484 est,

2242 3495 2464 3566 Propter
2485 3501 2603 3554 me?
2624 3498 2807 3571 Neque
2832 3502 2971 3557 enim
2998 3503 3099 3558 hoc
3126 3513 3226 3568 est,
3250 3505 3387 3575 quod
3407 3506 3811 3565 admirationem

2244 3598 2500 3657 tueretur,
2529 3605 2719 3661 nempe
2739 3592 2879 3663 quod
2909 3608 3014 3648 non
3047 3597 3343 3664 pepercerit
3367 3637 3381 3659 ,
3409 3598 3500 3651 sed
3521 3600 3662 3667 quod
3691 3616 3813 3670 pro-

2244 3690 2364 3751 pter
2391 3696 2533 3736 eum.
2563 3681 2607 3737 Ο
2631 3683 2904 3738 dexteram
2932 3685 3173 3752 beatam,
3223 3686 3366 3756 quali
3402 3680 3575 3756 gladio
3618 3689 3812 3747 donata

2243 3773 2356 3827 eStl
2388 3786 2422 3827 ο
2448 3771 2818 3828 admirandum
2856 3774 3111 3844 gladium,
3157 3777 3301 3847 quali
3330 3778 3544 3834 dextera
3585 3781 3810 3839 donatus

2243 3870 2325 3915 est
2348 3862 2361 3914 ι
2393 3876 2426 3917 o
2452 3863 2660 3919 beatum
2684 3863 2894 3934 inquam
2921 3864 3170 3935 gladium,
3203 3866 3267 3920 ad
3298 3868 3436 3937 quod
3461 3870 3805 3927 ministerium

2244 3963 2460 4021 paratus
2505 3956 2620 4010 est!
2653 3955 2795 4025 quod
2822 3970 3015 4011 munus
3045 3956 3229 4023 obivit,
3256 3966 3310 4011 et
3337 3958 3423 4012 cui
3470 3959 3649 4029 ﬁgurae
3679 3962 3807 4016 sub-

2244 4044 2499 4099 servivitl
2527 4060 2756 4114 quonam
2788 4056 2939 4115 pacto
2964 4062 3158 4102 cruore
3181 4049 3374 4104 tinctus
3403 4060 3505 4115 est,
3534 4063 3590 4107 et
3618 4067 3808 4110 cruore

2243 4149 2349 4188 non
2373 4143 2456 4189 est
2485 4136 2716 4192 tinctusl
2747 4137 2929 4207 Neque
2954 4140 3119 4206 enim,
3141 4155 3248 4210 quo
3276 4142 3441 4197 verbo
3468 4153 3606 4211 utar,
3655 4147 3767 4201 scio
3792 4166 3808 4201 :

2241 4224 2378 4279 adeo
2403 4225 2731 4281 tremendum
2759 4227 2897 4281 istud
2946 4227 3256 4300 mysterium
3307 4240 3440 4285 erat.
3491 4231 3608 4286 Non
3657 4237 3810 4304 pueri

2244 4316 2435 4385 pellem
2466 4317 2659 4387 attigit,
2682 4333 2780 4373 nec
2805 4319 2971 4372 sancti
3004 4320 3145 4374 illius
3165 4328 3344 4389 guttur
3365 4323 3679 4389 penetravit,
3708 4339 3809 4380 nec

2238 4406 2367 4476 justi
2396 4422 2589 4463 cruore
2610 4408 2823 4464 rubuit:
2852 4410 2959 4465 imo
2982 4424 3108 4464 vero
3155 4420 3209 4465 et
3228 4411 3401 4481 attigit
3428 4422 3480 4466 et
3517 4417 3807 4482 penetravit

2243 4508 2300 4552 et
2318 4513 2508 4553 cruore
2531 4499 2729 4562 rubuit,
2760 4508 2813 4553 et
2838 4489 3120 4554 immersus
3147 4508 3249 4560 est.
3275 4511 3329 4553 et
3369 4517 3472 4553 non
3504 4503 3804 4558 immersus.

2242 4588 2434 4643 Mentis
2461 4602 2643 4643 errore
2672 4586 2807 4643 afﬁci
2833 4589 3057 4641 fortasse
3077 4588 3227 4641 vobis
3250 4587 3453 4653 videor,
3491 4593 3579 4658 qui
3610 4592 3677 4644 ita
3705 4607 3805 4660 puo

2240 4680 2452 4750 gnantia
2485 4678 2691 4747 loquar.
2716 4677 2786 4732 Et
2809 4687 2956 4733 certe
2975 4678 3201 4745 afﬁcior,
3228 4679 3352 4735 dum
3374 4679 3503 4752 justi
3533 4682 3671 4738 illius
3700 4684 3804 4739 mi-

2242 4769 2478 4825 raculnm
2521 4768 2701 4821 animo
2751 4768 3107 4840 contemplor,
3158 4785 3259 4826 nec
3308 4780 3481 4828 tamen
3522 4777 3805 4844 pugnantia

2241 4861 2449 4929 loquor.
2480 4855 2691 4913 Etenim
2715 4856 2843 4927 justi
2868 4858 2965 4913 viri
2992 4875 3180 4915 manus
3198 4876 3319 4916 eum
3343 4863 3395 4916 in
3425 4865 3571 4931 pueri
3595 4875 3807 4934 gutture

2241 4948 2460 5014 deﬁxit;
2492 4959 2546 5003 at
2572 4948 2712 5004 Deus
2739 4949 2898 5002 etiam
2944 4947 3167 5004 inﬁxum
3211 4965 3318 5005 non
3368 4955 3609 5022 permisit
3656 4957 3803 5029 puerl

2240 5055 2435 5095 cruore
2459 5039 2824 5094 contaminari.
2844 5036 3027 5106 Neque
3051 5039 3192 5095 enim
3222 5040 3484 5095 Abraham
3508 5042 3653 5097 solus
3680 5061 3800 5100 eum

2245 5129 2480 5193 tenebat,
2505 5128 2600 5184 sed
2624 5127 2783 5182 etiam
2816 5127 2955 5182 Deus
2985 5146 2999 5183 :
3024 5129 3114 5184 ille
3141 5144 3237 5197 per
3258 5130 3579 5186 voluntatem
3609 5133 3801 5203 impel-

2241 5223 2415 5289 lebat,
2449 5222 2535 5277 hic
2582 5234 2678 5291 per
2705 5234 2889 5275 vocem
2931 5220 3276 5289 reprimebat.
3322 5220 3454 5277 Nam
3483 5224 3669 5279 eadem
3696 5243 3798 5281 vox

2240 5314 2481 5370 dextram
2512 5310 2651 5366 illius
2674 5319 2726 5365 et
2752 5311 2978 5365 armavit
3002 5319 3057 5365 et
3083 5313 3435 5380 compescuit,
3467 5324 3624 5383 atque
3655 5314 3800 5383 Deo,

2242 5414 2506 5471 tamquam
2522 5399 2712 5454 bellico
2725 5400 2932 5455 cuidam
2955 5400 3282 5471 imperatori,
3297 5402 3525 5457 subdita.
3546 5402 3610 5455 ad
3635 5403 3803 5472 ipsius

2241 5501 2428 5547 nutum
2442 5489 2624 5543 omnia
2641 5491 3051 5559 exsequebatur,
3069 5502 3364 5561 cunctaque
3377 5493 3442 5546 ad
3464 5490 3605 5547 illius
3618 5509 3800 5551 Vocem

2240 5578 2761 5636 administrabantur.
2785 5580 2874 5634 Sic
2896 5581 3037 5635 enim
3066 5581 3340 5635 considera
3368 5597 3381 5633 :
3408 5581 3558 5646 dixit,
3583 5582 3801 5650 Occide,

2240 5686 2305 5727 ac
2326 5671 2505 5726 statim
2553 5672 2860 5725 armabatur
2886 5687 2901 5725 :
2932 5669 3101 5737 dixit,
3127 5669 3205 5725 Ne
3236 5670 3492 5738 occidas,
3521 5687 3587 5727 ac
3621 5675 3802 5729 statim

2250 5776 2395 5819 arma
2419 5760 2718 5831 deponebat
2752 5778 2768 5817 :
2795 5760 3057 5831 siquidem
3092 5759 3270 5816 omnia
3289 5767 3473 5830 parata
3492 5760 3602 5830 jam
3626 5774 3799 5820 erant.
