4568 6424
776 379 885 435 U5

775 493 856 544 Ac
885 496 1067 557 postea
1108 486 1249 543 Deus
1296 484 1520 543 miiitcm
1548 504 1701 543 suum
1729 502 1793 543 ac
1821 486 2013 542 ducem
2043 486 2161 541 orbi
2187 494 2369 541 osten-

772 578 874 645 dit,
902 578 1156 633 victorem
1179 578 1493 649 angelorum
1516 577 1748 645 theatro,
1770 578 1922 631 illum
1943 576 2158 646 inquam
2183 589 2366 632 sacer-

771 670 953 726 dotem
975 712 990 734 ,
1041 672 1189 725 illum
1227 685 1444 741 regem,
1491 670 1672 740 gladio
1713 670 1883 739 magis
1920 683 2079 739 quam
2109 668 2221 723 ullo
2246 667 2363 722 dia-

776 760 985 818 demate
1003 770 1342 827 coronatum,
1370 762 1517 817 illum
1543 768 1747 831 tropaeo
1772 768 2138 830 praestantem,
2165 773 2229 814 ac
2246 759 2365 813 sine

774 850 1023 911 conflictu
1088 852 1369 907 victorem.
1427 851 1888 917 Quemadmodum
1945 852 2089 907 enim
2145 852 2191 906 si
2243 851 2361 921 quis

770 941 1064 1012 imperator
1084 942 1515 997 strenuissimum
1556 942 1777 999 militem
1818 943 2030 1008 habeat,
2061 943 2223 997 etiam
2248 945 2359 1011 ipsa

768 1032 1128 1103 gerendorum
1154 1046 1426 1087 armorum
1454 1033 1793 1101 dexteritate,
1818 1034 1930 1104 ipsa
1959 1034 2211 1099 statione,
2242 1032 2360 1101 ipso

768 1124 974 1193 impetu
996 1162 1012 1188 ,
1044 1122 1255 1195 hostem
1304 1134 1451 1180 metu
1481 1126 1729 1195 percellit
1757 1145 1770 1179 :
1815 1127 1893 1180 sic
1925 1127 2063 1181 Deus
2095 1126 2205 1180 sola
2228 1125 2358 1195 justi

766 1214 868 1267 viri
900 1214 1171 1269 voluntate
1195 1257 1212 1281 ,
1243 1216 1361 1270 solo
1388 1224 1577 1285 gestu,
1623 1217 1739 1273 sola
1794 1216 2027 1286 denique
2082 1217 2313 1271 statione
2334 1255 2353 1284 ,

764 1319 1107 1360 communem
1132 1306 1370 1361 omnium
1400 1316 1645 1361 nostrum
1686 1307 1895 1360 hostem
1939 1306 2211 1361 diabolum
2262 1322 2354 1362 ex-

766 1395 959 1449 terruit
983 1405 1143 1465 atque
1168 1396 1219 1449 in
1256 1397 1434 1465 fugam
1466 1397 1643 1450 vertit.
1672 1394 1806 1450 Nam
1836 1402 1892 1449 et
1928 1395 2076 1450 illum
2108 1397 2354 1452 existimo

766 1494 878 1541 tum
928 1487 1336 1542 tremebundam
1396 1487 1709 1543 recessisse.
1762 1487 1867 1553 At,
1907 1486 2101 1541 dixerit
2127 1487 2354 1543 fortasse

762 1576 979 1646 aliquis,
1004 1593 1170 1647 quare
1210 1579 1354 1634 Deus
1384 1578 1629 1633 dextram
1660 1579 1927 1632 cruentari
1959 1592 2065 1630 non
2096 1579 2354 1646 permise-

762 1668 865 1732 rit,
892 1682 956 1721 ac
984 1676 1169 1737 postea
1199 1678 1487 1723 mactatum
1518 1678 1741 1737 repente
1766 1667 1833 1721 ad
1866 1668 2027 1720 vitam
2055 1666 2353 1722 revocarit?

761 1757 1024 1824 Quoniam
1056 1759 1133 1814 fas
1159 1776 1266 1815 non
1320 1768 1439 1815 erat
1489 1760 1655 1816 Deum
1686 1758 1993 1828 hujusmodi
2040 1758 2351 1829 sanguinem

760 1862 987 1916 capere;
1015 1850 1109 1904 sed
1140 1849 1426 1918 pestiferos
1451 1849 1724 1903 demones
1758 1864 1943 1903 mensa
1972 1848 2086 1904 haec
2105 1849 2346 1906 decebat.

766 1942 938 2009 Atque
966 1942 1053 1995 hic
1090 1950 1376 2011 utrumque
1401 1940 1810 2008 declarabatur,
1841 1956 2032 2011 nempe
2056 1951 2111 1996 et
2142 1941 2350 1999 Domini

759 2029 1061 2101 benignitas
1111 2043 1165 2087 et
1214 2035 1355 2088 servi
1401 2033 1662 2103 probitas.
1703 2035 1782 2089 Ac
1834 2034 1983 2103 prius
2025 2034 2241 2103 quidem
2282 2033 2351 2089 de

758 2130 901 2176 terra
924 2136 1019 2176 sua
1047 2137 1296 2194 egressus
1326 2123 1530 2189 fuerat;
1578 2133 1687 2178 tum
1737 2138 1867 2179 vero
1895 2124 1962 2178 ab
1999 2124 2113 2193 ipsa
2128 2138 2350 2193 quoque

757 2222 943 2266 natura
974 2215 1220 2269 excessit.
1282 2214 1470 2284 quue
1499 2216 1720 2269 nomine
1749 2224 1953 2269 sortem
1983 2231 2103 2270 cum
2144 2217 2349 2271 fmuore

756 2305 989 2373 accepit,
1016 2305 1177 2374 idque
1201 2306 1487 2361 admodum
1514 2305 1708 2360 merito
1744 2324 1758 2361 :
1789 2306 1954 2376 patris
1981 2307 2124 2361 enim
2153 2321 2346 2360 nomen

755 2396 1009 2449 amittere
1036 2395 1264 2459 maluit,
1296 2412 1457 2466 quam
1502 2412 1532 2451 a
1585 2396 1736 2465 probi
1782 2397 1923 2451 servi
1970 2395 2149 2452 officio
2200 2412 2349 2452 recc-

755 2482 906 2536 dere.
941 2481 1021 2536 Eo
1048 2482 1246 2538 factum
1272 2494 1376 2551 est,
1405 2494 1463 2540 ut
1504 2501 1612 2540 non
1641 2485 1803 2541 modo
1832 2496 2006 2556 pater,
2053 2485 2148 2541 sed
2185 2487 2345 2541 etiam

754 2572 1008 2627 sacerdos
1037 2574 1356 2643 exsisteret;
1408 2588 1460 2631 et
1500 2577 1623 2647 quia
1673 2577 1766 2631 Dei
1799 2591 1959 2630 causa
1986 2577 2205 2631 etiam-a
2235 2579 2346 2632 suis

753 2664 1125 2730 abscesserat,
1169 2668 1369 2722 idcirco
1398 2669 1540 2723 Deus
1570 2669 1670 2739 ipsi
1701 2684 1823 2723 cum
1848 2668 1954 2723 illis
1996 2685 2093 2724 sua
2134 2684 2346 2740 quoque

754 2754 976 2827 largitus
1004 2766 1106 2813 est.
1146 2760 1223 2814 Ac
1249 2759 1465 2828 quidem
1494 2762 1609 2830 ipse
1628 2802 1645 2827 ,
1686 2776 1809 2814 eum
1837 2761 1906 2815 ab
1937 2762 2182 2817 hostibus
2212 2764 2343 2817 insi-

751 2847 855 2901 diae
881 2859 1163 2918 creantur,
1195 2852 1357 2907 etiam
1404 2868 1571 2923 usque
1617 2853 1683 2908 ad
1715 2870 1829 2909 rem
1859 2856 2027 2923 ipsam
2067 2857 2342 2927 progredi-

756 2948 879 3004 tur,
906 2956 970 2995 ac
999 2943 1252 2997 miracula
1276 2944 1420 3010 edit;
1454 2955 1511 2999 ut
1530 2946 1583 2999 in
1606 2945 1826 3000 fornace
1847 2987 1862 3013 ,
1892 2960 1956 3000 ac
1981 2947 2224 3003 leonibus
2247 2964 2343 3003 usu

751 3034 897 3087 venit
921 3032 1095 3099 (Dan.
1146 3036 1199 3091 3.
1232 3045 1279 3090 et
1316 3039 1383 3107 6)
1414 3055 1429 3091 :
1460 3052 1582 3092 cum
1629 3047 1807 3093 autem
1856 3039 2082 3109 ipsemet
2132 3050 2215 3096 est
2253 3042 2343 3112 qui

751 3124 999 3196 imperat,
1027 3128 1166 3182 intra
1189 3130 1349 3184 animi
1375 3131 1854 3201 promptitudinem
1880 3132 2158 3202 imperium
2185 3148 2342 3189 suum

750 3219 915 3274 sistit.

824 3314 877 3363 7.
904 3312 1121 3365 Abram:
1145 3315 1447 3369 constantia.
1467 3344 1540 3355 â€”
1558 3316 1693 3381 Quid
1720 3322 1885 3385 enim,
1908 3318 2041 3374 heus
2072 3328 2148 3385 tu,
2174 3320 2227 3373 in
2254 3321 2341 3375 illa

750 3400 916 3455 animi
964 3400 1275 3459 fortitudine
1312 3421 1375 3460 ac
1412 3409 1717 3475 praastantia
1758 3409 1866 3478 jam
1896 3409 2343 3466 desiderabatur?

752 3510 881 3550 num
901 3496 1167 3551 Abraham
1190 3500 1328 3569 quod
1351 3509 1669 3554 eventurum
1690 3510 1824 3565 erat,
1844 3503 2194 3572 praesciebat?
2216 3519 2341 3559 num

752 3587 846 3641 Dei
876 3588 1297 3643 misericordiam
1327 3590 1436 3644 ullo
1476 3590 1706 3647 artificio
1735 3594 2022 3662 captabat?
2050 3594 2180 3649 Nam
2218 3595 2345 3651 licet

755 3680 1013 3747 propheta
1040 3690 1205 3745 esset,
1238 3690 1292 3736 at
1322 3683 1580 3751 propheta
1608 3700 1713 3738 non
1743 3686 1921 3740 omnia
1962 3687 2130 3744 novit.
2160 3688 2343 3759 Itaque

752 3778 1152 3837 supervacanea
1186 3772 1297 3841 jam
1342 3788 1409 3827 ac
1443 3773 1552 3829 Deo
1598 3774 1813 3845 indigna
1857 3778 2143 3835 trucidatio
2179 3780 2343 3834 exsti-

754 3863 924 3917 tisset.
949 3864 1101 3931 Quod
1124 3866 1167 3918 si
1196 3865 1326 3920 illud
1353 3880 1533 3933 operze
1549 3867 1775 3933 pretium
1798 3868 1971 3922 fuerat
1995 3871 2154 3934 scire,
2176 3871 2341 3926 Deum

752 3964 995 4008 mortuos
1020 3954 1086 4007 ad
1114 3955 1276 4007 vitam
1304 3968 1559 4008 revocare
1590 3970 1768 4023 posse,
1815 3960 1987 4014 multo
2014 3960 2220 4016 scilicet
2244 3961 2342 4018 ad-

751 4045 1053 4099 mirabilius
1088 4044 1141 4099 id
1171 4046 1238 4101 ab
1267 4046 1455 4102 uxoris
1480 4047 1635 4103 vulva
1675 4050 2039 4121 intellexerat,
2071 4056 2178 4111 imo
2219 4069 2343 4115 ante

753 4136 892 4190 hanc
916 4151 1128 4207 quoque
1166 4137 1704 4209 demonstrationem,
1738 4151 1795 4198 ut
1820 4145 1909 4214 qui
1952 4146 2058 4203 fide
2089 4149 2343 4219 prmditus

752 4238 916 4283 esset.
946 4228 1025 4282 Tu
1056 4244 1185 4283 vero
1224 4229 1430 4298 justum
1477 4232 1624 4287 illum
1671 4250 1779 4289 non
1820 4238 1993 4292 solum
2034 4240 2339 4313 admireris,

751 4320 847 4373 sed
872 4320 1032 4374 etiam
1058 4318 1287 4374 imiteris
1315 4335 1331 4373 :
1362 4328 1589 4391 cumque
1623 4338 1745 4378 eum
1770 4326 1822 4379 in
1851 4334 1999 4382 tanto
2027 4332 2257 4387 tumultu
2280 4350 2345 4391 ac

754 4417 898 4463 tanta
930 4408 1186 4465 fluctuum
1230 4419 1549 4481 tempestate
1586 4428 1690 4469 non
1728 4430 1882 4472 secus
1912 4428 2071 4490 atque
2112 4421 2166 4476 in
2193 4433 2343 4479 tran-

752 4499 1017 4567 quillitate
1048 4501 1389 4569 navigantem
1422 4504 1618 4571 cernis,
1643 4504 1726 4562 fac
1748 4509 1908 4564 etiam
1939 4521 1995 4565 ut
2018 4512 2344 4570 obedientize

753 4598 807 4643 et
837 4588 1166 4644 fortitudinis
1192 4590 1401 4645 clavum
1425 4595 1669 4664 arripias.
1694 4598 1803 4654 Nec
1832 4602 1959 4655 mihi
1988 4602 2114 4659 illud
2139 4614 2342 4660 tantum

752 4694 1139 4748 commemora,
1163 4680 1305 4751 quod
1331 4682 1500 4738 altare
1524 4690 1850 4745 exstruxerit
1874 4700 1927 4747 et
1949 4693 2087 4765 ligna
2111 4698 2339 4767 pararit;

752 4771 851 4827 sed
882 4772 1032 4842 pueri
1054 4789 1268 4844 quoque
1299 4790 1485 4831 vocem
1531 4778 1585 4832 in
1628 4789 1861 4835 mentem
1890 4799 2108 4854 revoca,
2134 4797 2343 4846 tecum-

753 4879 859 4934 que
888 4863 1016 4918 illud
1046 4872 1256 4934 reputa,
1284 4877 1482 4936 quanta
1501 4871 1829 4926 exercituum
1856 4876 2064 4944 agmina
2088 4878 2341 4948 impetum

756 4961 809 5015 in
843 4974 968 5017 eum
994 4956 1242 5025 fecerint,
1274 4960 1375 5031 ipsi
1408 4978 1660 5033 pavorem
1705 4967 2020 5038 injicientia,
2064 4987 2183 5027 eum
2215 4990 2343 5043 pue-
2386 4992 2389 4995 á½·

754 5066 873 5106 rum
900 5050 1168 5107 dicentem
1191 5053 1417 5121 audivit,
1446 5054 1621 5123 Pater,
1646 5059 1853 5118 ubinam
1875 5071 1946 5117 est
1971 5063 2171 5117 victim
2188 5064 2338 5137 (Gen.

751 5142 843 5197 22.
876 5143 972 5213 7)?
997 5144 1383 5214 animadverte,
1412 5157 1676 5218 quot'tum
1693 5154 2044 5227 cogitationes
2062 5166 2344 5215 commotae

754 5234 883 5300 sint,
925 5248 1031 5290 non
1058 5232 1225 5305 ferro,
1258 5239 1354 5295 sed
1384 5240 1551 5313 igneis
1584 5240 1753 5299 hastis
1780 5257 2022 5315 armatae,
2053 5262 2216 5324 atque
2245 5269 2344 5309 un-

753 5324 916 5396 dique
939 5341 1063 5382 cum
1091 5338 1387 5401 pungentes
1424 5344 1479 5389 et
1506 5335 1939 5396 conscindentes.
1966 5340 2102 5399 Nam
2124 5346 2169 5401 si
2198 5361 2343 5403 nunc

752 5434 967 5491 quoque
1015 5422 1211 5489 multi,
1251 5423 1413 5481 etiam
1457 5428 1546 5498 qui
1593 5439 1773 5500 patres
1815 5450 1922 5491 non
1966 5446 2110 5506 sunt,
2154 5439 2342 5497 dolore

753 5508 1092 5580 franguntur,
1120 5521 1175 5569 et
1213 5516 1714 5591 collacrymassent,
1752 5526 1853 5581 nisi
1882 5528 1960 5585 rei
1989 5530 2191 5586 exitum
2221 5546 2344 5601 per-

753 5611 994 5693 spectum
1025 5605 1316 5673 haberent;
1342 5609 1451 5664 imo
1475 5615 1641 5671 etiam
1667 5619 1994 5690 complures,
2018 5637 2341 5693 quamquam

753 5690 902 5785 illum
946 5694 1146 5765 norint,
1186 5698 1551 5770 lacrymantes
1592 5718 1769 5766 tamen
1811 5690 2059 5769 intueor;
2092 5690 2342 5785 quoâ€”tan-

753 5780 879 5840 dem
904 5786 1141 5846 cruciatu
1183 5787 1433 5855 allectum
1460 5814 1582 5857 eum
1607 5798 1772 5860 fuisse
1809 5804 2082 5877 probabile
2109 5780 2212 5878 est,
2250 5811 2338 5882 qui

1487 373 1548 431 s.
1586 373 1865 433 JOANNIS
1900 369 2374 430 otmvsosrom
2415 370 2726 429 meum.
2773 377 3309 438 CONSTANTINOP.
4007 401 4060 447 Î»Ï‚

2477 488 2650 557 ipsum
2679 501 2960 559 genuerat,
3004 493 3093 562 qui
3138 494 3481 562 educaverat,
3531 499 3620 569 qui
3661 500 3714 555 in
3759 513 4063 563 senectute.

2471 580 2563 649 qui
2589 582 2763 637 solum
2795 583 3047 652 habebat,
3078 587 3165 656 qui
3196 587 3379 653 talem,
3413 592 3499 659 qui
3522 594 3798 660 cernebat,
3843 598 3925 665 qui
3960 614 4056 651 auâ€”

2471 670 2674 740 diebat,
2719 674 2811 745 qui
2843 676 3065 745 jamjam
3096 679 3164 733 de
3194 680 3371 735 medio
3400 683 3702 740 sublaturus
3736 688 3901 741 erat?
3929 693 4057 755 Qua

2471 761 2754 818 verborum
2779 766 3058 833 prudentia
3080 768 3105 820 ?
3128 784 3248 840 qua:
3275 774 3642 840 responsionis
3666 780 4058 834 mansuetudo?

2470 856 2804 922 Quisautem
2852 870 2965 914 tum
3004 863 3374 931 operabatur?
3417 865 3752 938 diabolusne,
3799 880 3861 927 ut
3912 872 4058 931 faces

2466 947 2723 1015 quasdam
2755 959 2959 1007 natura:
2988 953 3339 1012 admoveret?
3368 957 3584 1014 Minime
3623 979 3637 1015 :
3669 978 3857 1019 verum
3892 966 4057 1034 Deus,

2466 1045 2524 1089 ut
2557 1034 2777 1094 auream
2813 1041 2945 1111 justi
2970 1044 3202 1101 animam
3247 1048 3418 1119 magis
3460 1050 3783 1119 exploraret.
3840 1055 4057 1111 Etenim

2464 1142 2605 1183 cumÂ»
2629 1128 2750 1187 Jobi
2787 1148 2931 1189 uxor
2966 1137 3128 1191 verba
3168 1138 3389 1204 faceret,
3418 1140 3663 1196 diabolus
3689 1146 4054 1213 cperahatur;

2464 1219 2572 1275 tale
2599 1223 2796 1294 quippe
2820 1225 2945 1281 illud
2972 1228 3255 1283 consilium
3281 1240 3399 1286 erat
3426 1248 3439 1283 :
3470 1234 3555 1288 hic
3584 1249 3712 1289 vero
3736 1235 3867 1290 nihil
3893 1239 4058 1309 impie

2463 1309 2782 1380 loquebatur
2805 1357 2820 1381 ,
2861 1317 2955 1371 sed
3010 1334 3265 1389 perquam
3310 1322 3399 1391 pie
3437 1332 3493 1378 et
3530 1325 3921 1396 circumspecte
3947 1347 3961 1383 :
3992 1346 4055 1386 ac

2462 1401 2628 1455 multa
2659 1413 2911 1459 venustas
2938 1406 2991 1460 in
3019 1410 3196 1464 verbis
3224 1409 3521 1479 efflorcbat,
3549 1429 3848 1485 magnaque
3876 1419 4057 1474 mellis

2460 1494 2613 1562 copia
2643 1509 2674 1548 e
2702 1498 3044 1553 sermonibus
3070 1502 3341 1569 manabat,
3368 1518 3397 1558 a
3429 1509 3712 1576 tranquilla
3736 1510 3824 1563 illa
3852 1520 3905 1565 et
3931 1512 4053 1581 pla-

2459 1582 2577 1638 cida
2612 1586 2789 1640 anima
2822 1586 2994 1645 fluens
3020 1606 3034 1642 :
3057 1600 3218 1660 atque
3246 1600 3445 1648 tantam
3479 1595 3585 1649 vim
3616 1596 3731 1653 htec
3754 1600 3918 1654 verba
3950 1600 4051 1655 ha-

2458 1674 2673 1743 bebant,
2703 1688 2764 1733 ut
2788 1680 2869 1734 vel
2901 1695 3122 1736 saxeum
3157 1694 3340 1752 pectus
3382 1688 3627 1743 emollire
3655 1702 3897 1758 possent.
3938 1693 4051 1749 Nec

2460 1772 2636 1827 tamen
2675 1767 3013 1826 adamantem
3044 1771 3191 1826 illum
3224 1776 3585 1843 perculerunt,
3641 1778 3750 1834 imo
3782 1797 3881 1837 nec
3922 1798 4057 1838 con-

2457 1868 2776 1924 eusseruut;
2807 1875 2906 1915 nec
2929 1861 3085 1928 dixit,
3120 1863 3257 1931 Quid
3289 1875 3493 1934 patrem
3527 1882 3707 1936 vocas,
3755 1873 3845 1941 qui
3890 1875 4057 1939 paulo

2456 1957 2578 2016 post
2596 1957 2750 2019 pater
2770 1960 2893 2007 tuus
2916 1952 3130 2010 futurus
3159 1971 3264 2011 non
3286 1967 3388 2025 est,
3410 1959 3609 2029 quique
3624 1960 3734 2029 jam
3762 1961 3921 2031 hujus
3952 1965 4073 2021 lioâ€”-

2455 2040 2605 2096 noris
2630 2041 2894 2109 iacturam
2944 2042 3108 2100 fecit?
3150 2047 3391 2115 Quanam
3426 2066 3586 2121 porro
3629 2052 3698 2107 de
3723 2068 3886 2110 causa
3912 2072 4061 2125 puer:

2453 2144 2669 2200 quoque
2693 2132 3035 2188 sciscitatur?
3061 2134 3221 2191 Certe
3247 2152 3352 2193 non
3370 2140 3512 2209 quod
3539 2143 3852 2199 curiositate
3878 2144 4046 2203 duces

2455 2229 2625 2287 retur,
2654 2222 2749 2277 sed
2778 2224 2921 2293 quod
2950 2224 3018 2279 de
3063 2225 3151 2293 iis,
3192 2242 3312 2296 quae
3352 2232 3621 2299 proposita
3657 2245 3815 2288 erant
3838 2275 3853 2299 ,
3886 2237 4048 2289 anxio

2452 2326 2516 2366 ac
2545 2312 2779 2369 sollicito
2820 2317 3004 2371 animo
3041 2327 3204 2373 esset.
3234 2316 3322 2374 Sic
3352 2321 3495 2376 enim
3525 2337 3708 2378 secum
3750 2326 4051 2395 cogitabat,

2453 2402 2554 2456 nisi
2584 2414 2737 2471 pater
2763 2420 2885 2460 eum
2928 2407 3239 2477 participem
3286 2424 3471 2465 carum
3518 2428 3697 2468 rerum
3736 2431 3855 2485 qua:
3886 2432 4043 2487 gere-

2452 2492 2647 2547 bantur
2669 2493 2925 2551 adhibere
2954 2497 3249 2565 voluisset,
3300 2498 3521 2556 minimc
3560 2501 3825 2558 facturum
3856 2506 4043 2573 fuisse,

2450 2596 2511 2641 ut
2538 2589 2709 2644 servis
2732 2590 2865 2644 infra
2890 2606 3110 2647 manere
3125 2592 3313 2662 jussis,
3334 2594 3505 2663 ipsum
3523 2594 3696 2650 solmu
3720 2613 4042 2655 assumeret.
4094 2626 4097 2627 Î½

2449 2679 2531 2735 0b
2558 2679 2717 2750 idque
2746 2692 2856 2737 tum
2887 2682 3133 2753 denique
3168 2685 3338 2753 ipsqu
3393 2686 3714 2758 interrogat,
3764 2704 3886 2744 cum
3931 2693 4043 2759 jam

2449 2771 2550 2824 soli
2575 2781 2777 2839 essent,
2798 2788 2899 2827 nec
2920 2773 3205 2844 quisquam
3232 2789 3292 2829 ea
3319 2790 3438 2845 quae
3458 2776 3773 2832 dicebantur
3796 2781 4007 2837 audiret
4028 2802 4043 2835 :

2451 2868 2597 2915 tanta
2648 2863 2797 2931 pueri
2828 2864 3110 2932 prudentia
3140 2875 3276 2920 erat.
3325 2868 3519 2921 Annon
3560 2881 3923 2933 omnes,,tann
3942 2875 4045 2927 viri

2448 2968 2609 3022 quam
2654 2969 2878 3020 uxores,
2929 2955 3271 3024 incaluistis?
3305 2973 3493 3013 annon
3541 2961 3905 3031 unusquisque
3952 2979 4045 3016 ve-

2448 3053 2618 3099 strum
2648 3060 2875 3115 puerum
2906 3047 3055 3101 illum
3082 3048 3261 3104 animo
3289 3049 3705 3119 complectitur,,
3727 3061 3781 3107 et
3808 3068 4045 3111 exoscu-

2448 3135 2611 3201 latur,
2660 3137 3107 3210 prudentiamque
3152 3140 3396 3211 suscipit,
3425 3149 3585 3211 atque
3633 3143 3809 3213 ipsius
3841 3145 4045 3215 pietate

2448 3234 2839 3294 commovetur,
2870 3244 2976 3299 qua
3016 3229 3180 3285 fiebat
3217 3240 3298 3294 ut,
3331 3246 3452 3286 cum
3494 3229 4046 3305 etiamzeolligaretur

2448 3331 2517 3373 ac
2536 3332 2672 3388 rogo
2693 3319 3080 3388 imponeretur,
3109 3335 3214 3376 non
3246 3332 3391 3379 metu
3417 3334 3795 3383 concuteretur
3825 3342 3926 3382 nec
3946 3344 4038 3383 re-

2447 3408 2620 3463 siliret
2648 3423 2747 3463 nec
2773 3419 2977 3479 patrem
3006 3420 3065 3466 ut
3093 3410 3276 3469 furore
3303 3415 3911 3484 percitumaacuusaret;
3943 3436 4044 3475 vc-

2447 3513 2566 3553 rum
2608 3507 2663 3554 et
2689 3500 2917 3556 vinculis
2955 3502 3346 3573 astringeretur
3370 3513 3427 3560 et
3470 3506 3751 3567 tollerentr
3772 3525 3836 3565 ac
3867 3510 4044 3581 impo-

2448 3599 2686 3657 neretur,
2713 3600 3030 3663 cunctaque,
3049 3594 3196 3649 velut
3222 3609 3393 3666 agnus
3412 3598 3702 3669 quispim,
3724 3603 3810 3657 vel
3839 3603 4041 3673 potius,

2449 3692 2508 3738 ut
2534 3685 2834 3739 communis
2862 3686 3099 3741 omnium
3128 3687 3385 3743 Dominus
3404 3729 3420 3755 ,
3452 3690 3682 3749 silentio
3705 3693 3914 3750 ferret?
3945 3697 4049 3752 Et-

2453 3775 2598 3829 enim
2623 3774 2765 3829 illius
2786 3776 3247 3833 mansuetudinem
3278 3780 3601 3848 imitabatur,
3620 3797 3685 3839 ac
3704 3784 3927 3856 figuram
3958 3798 4043 3843 te-

2449 3866 2630 3921 nebat.
2660 3866 2946 3935 Tamquam
2974 3870 3080 3923 ovis
3106 3871 3272 3937 enim,
3296 3873 3486 3943 inquit,
3518 3876 3593 3929 ad
3617 3878 3917 3931 occisionem
3944 3881 4046 3935 du-

2449 3966 2559 4011 ctus
2587 3967 2682 4025 est,
2718 3969 2764 4012 et
2812 3961 2962 4029 quasi
2999 3977 3163 4031 agnus
3205 3978 3376 4016 coram
3421 3966 3656 4021 tondente
3698 3982 3753 4021 se
3791 3969 4044 4027 obmutuit

2450 4047 2603 4121 (Isai.
2633 4050 2812 4121 55.7).
2837 4052 2998 4120 Atqui
3027 4051 3274 4120 loquutus
3304 4064 3389 4109 est
3405 4055 3540 4122 iste;
3572 4072 3693 4113 nam
3712 4068 3766 4114 et
3783 4059 4044 4120 Dominus

2448 4156 2664 4217 quoque
2711 4141 2880 4212 ipsius
2919 4143 3170 4211 loquutus
3221 4153 3304 4200 est
3348 4163 3361 4200 :
3396 4162 3627 4216 quonam
3676 4151 3838 4222 igitur
3879 4154 4045 4209 modo

2448 4231 2757 4288 obmutuit?
2783 4232 2898 4289 Hoc
2924 4242 3031 4301 est,
3062 4234 3192 4289 nihil
3220 4251 3499 4307 arrogans,
3531 4240 3665 4295 nihil
3694 4258 3948 4313 asperum
3970 4246 4046 4298 lo-

2449 4334 2648 4394 quutus
2672 4334 2775 4394 est,
2802 4326 2896 4400 sed
2922 4326 3114 4382 blanda
3146 4330 3328 4384 omnia
3355 4340 3411 4386 et
3439 4346 3753 4401 mansueta;
3784 4349 3848 4388 ac
3877 4338 4041 4393 verba

2450 4415 2563 4483 ipsa
2595 4416 2712 4486 plus
2753 4417 3183 4472 mansuetudinis
3221 4434 3332 4491 prze
3372 4435 3430 4475 se
3470 4420 3748 4488 ferebant,
3791 4438 3951 4497 quam
3994 4430 4040 4483 si

2452 4510 2725 4565 tacuisset.
2758 4507 3205 4579 Quandoquidem
3238 4512 3400 4568 etiam
3427 4511 3673 4570 Christus
3708 4514 3941 4588 dicebat,
3979 4520 4042 4576 Si

2450 4600 2582 4655 male
2609 4602 2844 4668 loquutus
2875 4617 2988 4655 sum
3009 4641 3027 4669 ,
3059 4603 3393 4661 testimonium
3432 4607 3637 4676 per/sibe
3673 4607 3741 4663 ds
3780 4612 3960 4677 malo;
3998 4615 4045 4667 si

2448 4703 2618 4747 autem
2649 4692 2790 4759 bene,
2822 4693 2943 4761 quid
2983 4678 3063 4749 {ne
3103 4695 3256 4751 mdis
3290 4696 3469 4763 (Joan.
3498 4696 3587 4750 l8.
3616 4696 3745 4769 35)?
3777 4711 3833 4756 et
3860 4712 4040 4759 tamen

2450 4785 2528 4840 sic
2562 4783 3027 4839 mansuetudinem
3058 4800 3209 4843 suam
3238 4788 3407 4857 magis
3431 4785 3758 4856 declaravit,
3795 4807 3954 4863 quam
3995 4796 4051 4851 si

2449 4876 2666 4932 silentio
2693 4889 2820 4930 usus
2849 4874 3055 4935 fuisset.
3090 4878 3159 4934 Et
3187 4886 3243 4933 ut
3275 4875 3361 4932 hic
3389 4877 3527 4946 patri
3549 4894 3613 4939 ex
3642 4882 3822 4951 altari,
3853 4884 3932 4940 sic
3953 4886 4051 4951 ille,

2448 4969 2611 5023 etiam
2642 4980 2674 5022 e
2711 4980 2871 5023 cruce
2914 4968 3167 5041 loquitur,
3201 4966 3381 5032 Pater,
3416 4968 3613 5028 dimitts
3634 4973 3761 5039 illis,
3794 4974 3921 5043 qvja
3954 5001 4049 5039 ÎºÎµ-

2450 5063 2615 5116 sciunt
2640 5059 2763 5131 quid
2788 5063 2981 5135 faciunt
3013 5059 3165 5133 (Luc.
3196 5059 3289 5113 25.
3315 5060 3430 5133 54).
3470 5062 3609 5133 Quid
3647 5065 3813 5144 igitur
3848 5074 3916 5130 ad
3942 5075 4047 5131 ista

2450 5154 2795 5226 patriarcha?
2825 5155 2969 5211 Deus
2994 5152 3269 5225 providebit
3296 5156 3389 5211 sibi
3421 5158 3680 5221 victimam
3705 5168 3759 5221 in
3795 5168 4046 5226 holocau-

2452 5258 2607 5316 stum,
2635 5248 2713 5317 ï¬ti
2735 5248 2890 5323 (0m.
2921 5244 3013 5300 22.
3043 5243 3363 5320 8).Ulerque
3389 5253 3598 5314 natura:
3612 5260 3870 5316 vocabula
3892 5279 4050 5319 usur-

2449 5349 2543 5412 pat
2566 5359 2581 5396 :
2613 5342 2705 5401 ille
2733 5341 2968 5404 Patrem,
2996 5339 3084 5395 hic
3108 5338 3275 5404 filium
3300 5360 3471 5405 vocat.
3500 5351 3578 5404 Ac
3598 5364 3759 5420 grave
3776 5354 4047 5421 utrimque

2452 5432 2653 5492 bellum
2681 5432 2966 5497 excitatur,
2997 5440 3160 5507 atque
3186 5439 3374 5509 ingens
3407 5448 3733 5508 tempestas;
3780 5457 4044 5512 nusquam

2452 5537 2633 5585 tamen
2677 5523 3009 5599 naufragium
3040 5543 3056 5581 :
3099 5527 3435 5599 philosophia
3464 5530 3609 5584 enim
3640 5533 3821 5586 omnia
3855 5532 4040 5588 vincit.

2453 5623 2656 5679 Deinde
2684 5630 2742 5676 ut
2768 5621 2861 5676 Dei
2904 5634 3102 5677 nomen
3133 5620 3358 5687 audivit,
3392 5622 3598 5677 nullum
3637 5625 3777 5679 ultra
3815 5628 4039 5681 verbum

2453 5714 2678 5781 addidit,
2704 5727 2807 5771 nec
2824 5714 3088 5769 curiosius
3110 5713 3388 5784 inquisivit
3412 5730 3427 5767 :
3457 5728 3626 5785 usque
3644 5715 3782 5771 adeo
3796 5708 4043 5793 prudens

2455 5819 2573 5875 erat
2599 5808 2685 5863 hic
2712 5823 2863 5879 puer,
2894 5806 3053 5879 idque
3092 5806 3147 5862 in
3186 5807 3300 5877 ipso
3325 5805 3496 5863 aetatis
3525 5805 3677 5865 ï¬‚ore.
3725 5806 3885 5865 Vides
3910 5821 4042 5881 quot
