4060 6346
199 438 313 496 MS

203 558 388 611 πάντα
417 554 482 626 τῇ
512 549 721 605 ἐκείνου
738 551 889 621 φωνῇ
920 547 1253 618 διηκόνηται.
1276 547 1477 600 Σκόπει
1494 543 1553 597 δέ
1574 561 1586 575 ·
1622 539 1779 605 Εἷπε,

201 647 441 718 Σφάξον,
474 645 569 697 xal
628 641 833 704 εὐθέως
871 637 1142 702 ὡπλίζετο
1167 654 1180 666 ·
1223 633 1367 701 εἷπε,
1413 636 1506 706 Μή
1551 634 1780 705 σφάξῃς.

200 743 301 793 καὶ
330 738 533 798 εὐθέως
573 732 944 804 ἀφωπλίζετο·
987 731 1082 785 καὶ
1114 730 1222 800 γὰρ
1250 724 1317 798 ἦν
1343 728 1520 781 πάντα
1552 728 1786 794 ἀπηρτι-

201 830 406 901 σμένα.
454 827 561 880 Kal
606 825 814 879 ἐδείκνυ
867 821 1055 875 λοιπὸν
1081 823 1108 874 6
1154 819 1287 882 Θεὸς
1316 818 1406 872 τὸν
1443 815 1783 887 στρατιώτην

197 924 302 976 καὶ
343 917 649 991 στρατηγὸν
706 918 773 985 τῇ
816 912 1137 985 οἰκουμένῃ,
1192 910 1285 963 τὸν
1336 906 1666 977 στεφανίτην
1705 904 1785 975 τῷ

198 1014 423 1083 θεάτρῳ
450 1010 558 1063 τῶν
608 1008 879 1076 ἀγγέλων,
912 1006 1005 1058 τὸν
1036 1004 1208 1074 ἱερέα,
1251 1003 1345 1054 τὸν
1398 998 1645 1069 βασιλέα,
1692 995 1785 1048 τὸν

195 1105 533 1174 διαδήματος
581 1099 779 1170 μᾶλλον
811 1100 876 1168 τῇ
912 1094 1157 1167 μαχαίρᾳ
1199 1090 1657 1160 στεφανούμενον,
1693 1085 1781 1140 τὸν

197 1192 591 1267 τροπαιοῦχον,
625 1191 715 1244 τὸν
771 1187 1023 1260 ἀριστέα,
1059 1185 1151 1237 τὸν
1197 1184 1366 1254 χωρὶς
1398 1178 1675 1249 συμϐολῆς
1704 1193 1785 1230 νι-

200 1288 403 1358 κητήν.
433 1285 543 1340 Kal
579 1284 689 1352 7&9
723 1280 912 1351 ὥσπερ
940 1278 1005 1331 ἂν
1032 1276 1085 1329 εῐ
1117 1293 1202 1339 τις
1231 1272 1535 1343 στρατηγὸς
1560 1270 1784 1358 ἀριστον

199 1356 348 1446 ἔχων
382 1371 741 1446 στρατιώτην,
767 1369 877 1423 ἀπὸ
899 1368 999 1438 τῆς
1022 1363 1358 1431 όπλοδεξιᾶς,
1389 1360 1500 1415 ἀπὸ
1526 1360 1626 1431 τῆς
1651 1356 1785 1411 στά-

202 1484 370 1531 σεως,
394 1464 505 1519 ἀπὺ
547 1462 645 1530 τῆς
700 1459 891 1529 ῥώμης
926 1454 1293 1524 καταπλήξειε
1341 1454 1434 1505 τὸν
1476 1450 1782 1504 ἀντίδικον·

199 1553 466 1609 οὕτωκαὶ
511 1553 540 1605 6
580 1550 732 1613 Θεὸς,
771 1548 879 1601 ἀπὸ
903 1546 1006 1616 τῆς
1029 1544 1276 1615 γνώμης,
1306 1540 1527 1596 ἀπὸτοῦ
1565 1540 1783 1610 σχήμα-

200 1661 317 1711 τος,
347 1644 459 1696 ἀπὸ
479 1642 580 1712 τῆς
611 1639 863 1701 στάσεως
895 1638 1062 1707 μόνης
1093 1634 1187 1689 τοῦ
1216 1634 1429 1687 δικαίου
1469 1631 1558 1684 τὸν
1608 1630 1786 1683 κοινὸν

201 1735 463 1790 ἁπάντων
484 1730 645 1804 ἡμῶν
674 1728 867 1801 ἐχθρὸν
899 1726 1148 1782 διάϐολον
1177 1720 1485 1793 κατέπληξε
1515 1722 1612 1775 καὶ
1650 1721 1786 1789 ἐφυ-

201 1826 454 1895 γάδευσε.
471 1823 582 1878 Kal
604 1821 711 1892 7&9
732 1816 883 1889 οἶμαι
916 1819 1168 1873 κάκεῖνον
1196 1815 1319 1868 τότε
1360 1812 1626 1884 φρίξαντα
1650 1812 1786 1864 ἀνα-

200 1917 476 1989 χωρῆσαι.
529 1915 592 1968 El
640 1913 698 1967 δέ
745 1913 896 1980 λέγοι
930 1926 1039 1973 τις·
1100 1907 1215 1962 Kal
1261 1905 1409 1969 τίνος
1458 1904 1647 1957 ἐνεκεν
1685 1901 1788 1954 οὐκ

202 2012 356 2064 είασε
390 2006 754 2077 βαπτισθῆναι
774 2003 873 2073 τὴν
900 2000 1101 2067 δεξιάν,
1127 1996 1249 2053 εἶτα
1281 1997 1478 2068 ἀθρόον
1517 1994 1785 2065 ἀνέστησε

200 2099 295 2151 τὸν
321 2095 759 2166 σφαγιασθέντας
791 2093 915 2146 Ὀτι
961 2088 1084 2160 Θεῷ
1112 2088 1277 2157 θέμις
1309 2088 1411 2140 οὐκ
1458 2081 1529 2158 ἦν
1576 2084 1789 2154 αῖματα

199 2186 457 2257 δέκεσθαι
485 2183 734 2245 τοιαῦτα,
755 2179 893 2235 ἀλλά
921 2176 1073 2250 [452]
1100 2176 1421 2245 ἀλαστόρων
1454 2173 1727 2244 δαιμόνων
1750 2173 1786 2243 ή

200 2275 428 2346 τοιαύτη
463 2271 734 2344 τράπεζαι
760 2268 1028 2325 Ἐνταῦθα
1055 2267 1115 2321 δέ
1155 2266 1445 2335 ἀμφότερα
1484 2264 1784 2328 ἐδείκνυτο,

200 2367 300 2419 καὶ
329 2366 364 2434 ἡ
392 2362 485 2416 τοῦ
516 2361 788 2414 Δεσπότου
835 2354 1221 2427 φιλανθρωπία
1258 2353 1354 2406 καὶ¹
1389 2353 1424 2422 ή
1465 2350 1561 2403 τοῦ
1597 2348 1787 2401 δούλου

202 2452 619 2523 εὐγνωμοσύνη.
641 2449 751 2503 Kal
776 2446 1041 2519 πεότερον
1060 2442 1159 2514 μὲν
1175 2440 1397 2513 ἐξῆλθεν
1417 2438 1524 2492 ἀπδ
1537 2438 1637 2507 τῆς
1661 2436 1787 2505 γῆς·

200 2548 328 2601 τότε
379 2545 437 2598 δέ
470 2544 579 2598 ἀπὸ
613 2544 714 2612 τῆς
738 2537 969 2609 φύσεως
991 2535 1162 2602 αὐτῆς
1196 2530 1537 2602 ἀνεχώρησε.
1567 2527 1661 2581 Διὸ
1695 2526 1792 2579 καὶ

203 2634 369 2689 ἔλαϐε
400 2634 540 2704 μετά
574 2628 737 2682 τόκου
767 2626 833 2679 τὸ
854 2623 1173 2694 κεφάλαιον
1204 2620 1302 2674 καὶ
1343 2620 1491 2689 μάλα
1522 2615 1751 2704 είκότως
1772 2628 1788 2643 ⁸

204 2726 385 2780 είλετο
404 2702 527 2791 7&9
564 2721 640 2787 μὴ
669 2715 940 2786 κληθῆναι
964 2711 1173 2783 πατὴρ,
1205 2709 1348 2763 ὥστε
1376 2706 1563 2768 δοῦλος
1588 2702 1794 2772 εὐγνώ-

209 2831 327 2885 μων
358 2812 620 2882 φανῆναι.
673 2806 775 2860 Διά
808 2805 972 2858 τοῦτο
1020 2802 1143 2871 οὐχὶ
1193 2798 1376 2869 πατὴρ
1420 2796 1604 2867 μόνον,
1652 2791 1794 2885 ἀλλά

206 2882 303 2958 καὶ
332 2902 513 2973 ἱερεὺς
540 2898 784 2967 ἐγίνετο·
815 2896 913 2949 καὶ
955 2892 1146 2962 ἐπειδὴ
1188 2890 1403 2959 ἀπέστη
1447 2886 1557 2940 τῶν
1594 2882 1793 2939 ἐαυτοῦ

207 2996 299 3049 διὰ
320 2995 415 3048 τὸν
437 2992 589 3054 Θεὸν,
621 2989 712 3043 διὰ
736 2988 905 3043 τοῦτο
936 2988 1032 3041 καὶ
1057 2986 1087 3038 6
1114 2982 1247 3045 Θεὸς
1273 2980 1412 3051 μετὰ
1441 2978 1647 3032 τούτων
1677 2978 1798 3047 ἐχα-

211 3086 405 3158 ρίσατο
435 3081 585 3155 αὐτῷ
611 3082 707 3135 καὶ
730 3080 799 3133 τά
828 3076 1016 3132 αὐτοῦ.
1046 3076 1221 3127 Ὅταν
1268 3071 1368 3142 μέν
1404 3067 1499 3124 οὖν
1543 3068 1797 3138 πολέμιοι

212 3173 630 3239 ἐπιϐουλεύωσι,
658 3172 759 3225 καὶ
781 3170 946 3240 μέχρι
965 3167 1064 3237 τῆς
1086 3165 1286 3235 πείρας
1308 3161 1525 3232 πρόεισι
1547 3158 1795 3228 θαυματε

212 3266 428 3340 ουργῶν
449 3281 467 3298 ο
532 3260 645 3318 οἷον
690 3261 786 3316 ἐπὶ
816 3261 919 3331 τῆς
958 3257 1216 3327 καμίνου,
1258 3253 1355 3307 καὶ
1394 3250 1502 3307 τῶν
1528 3247 1793 3340 λεόντων-⁶

212 3336 342 3413 δταν
362 3357 438 3410 ιδέ
464 3354 627 3416 αὐτὸς
661 3350 951 3421 ἐπιτάττῃ,
982 3345 1147 3419 μέχρι
1175 3341 1488 3417 προθυμίας
1522 3339 1707 3409 ἵστησι
1735 3336 1798 3391 τδ

214 3448 520 3517 ἐπίταγμα.

286 3625 359 3687 ζ”ι
372 3622 439 3676 Τί
464 3620 575 3693 7&9
599 3618 831 3681 ἔλειπεν,
854 3614 976 3668 είπέ
999 3628 1115 3683 μοι,
1130 3612 1199 3681 τῇ
1222 3608 1475 3683 ἀριστεία
1494 3604 1667 3676 ταύτῃ
1685 3602 1800 3656 λοι-

221 3717 355 3781 πόν;
385 3713 462 3785 μὴ
493 3712 603 3783 γάρ
631 3708 852 3781 προῄδει
874 3706 936 3759 τὸ
962 3702 1155 3775 μέλλον
1187 3702 1215 3753 6
1257 3698 1545 3768 Ἆϐραάμ;
1580 3695 1656 3766 μὴ
1692 3694 1803 3765 7&9

220 3803 671 3879 ἐπραγματεύετο
697 3801 791 3855 τοῦ
819 3797 954 3853 Θεοῦ
976 3796 1077 3866 τὴν
1107 3790 1555 3864 φιλανθρωπίαν;
1590 3786 1805 3879 Είῌγάρ

222 3874 317 3952 καῖ
350 3874 639 3968 προφήτης
676 3886 765 3961 ἦν,
798 3886 914 3942 ἀλλ’
945 3886 1008 3940 οὐ
1038 3884 1223 3939 πάντα
1258 3884 1287 3937 6
1321 3882 1608 3952 προφήτης
1639 3874 1803 3933 οἶδεν.

224 3990 387 4043 Ὥστε
423 3984 654 4057 περιττὴ
675 3981 863 4035 λοιπὸν
887 3975 954 4051 ἦν
987 3980 1023 4050 ή
1052 3975 1254 4047 σφαγὴ,
1294 3974 1389 4029 καὶ
1426 3971 1621 4037 ἀναξία
1644 3969 1801 4027 Θεοῦ.

224 4082 288 4139 Et
309 4080 368 4136 δὲ
398 4079 507 4135 ιδει
544 4076 756 4148 μαθεῖν,
789 4074 871 4128 ὅτι
906 4074 971 4124 ἐκ
1003 4072 1215 4141 νεκρῶν
1249 4067 1483 4137 ἐγείρειν
1512 4063 1743 4128 δυνατὸς
1776 4064 1805 4117 6

224 4170 377 4236 Θεὸς,
411 4168 519 4223 ἀπὸ
562 4167 661 4235 τῆς
691 4165 906 4235 μήτρας
955 4160 1145 4233 πολλῷ
1170 4158 1611 4229 θαυμαστότερον
1648 4156 1807 4211 τοῦτο

225 4263 417 4334 ἔμαθε·
464 4258 664 4332 μᾶλλον
694 4258 775 4321 δὲ,
806 4255 900 4309 καὶ
942 4253 1051 4326 πρὸ
1078 4251 1178 4322 τῆς
1201 4250 1532 4315 ἀποδείξεως
1566 4248 1803 4319 ἐκείνης.

228 4355 416 4419 πιστὸς
438 4353 549 4423 7&9
577 4346 668 4423 ἢν.
701 4348 773 4402 Σὺ
803 4346 862 4400 δέ
889 4344 965 4417 μὴ
986 4344 1231 4416 θαύμαζε
1258 4341 1349 4396 τὸν
1375 4341 1583 4394 δίκαιον
1622 4340 1805 4412 μόνον,

227 4446 361 4501 ἀλλὰ
387 4446 483 4500 καὶ
513 4444 697 4515 ζήλοιν
744 4440 839 4494 καὶ
863 4440 1009 4509 ὁρῶν
1044 4437 1207 4491 αὐτὸν
1235 4435 1292 4487 ἐν
1320 4430 1563 4515 τοσούτῳ
1593 4430 1809 4503 θορύϐῳ

229 4534 324 4590 καὶ
363 4533 507 4606 ζάλῃ
536 4513 820 4603 κυμάτων,
863 4527 940 4591 ὡς
978 4529 1039 4581 ἐν
1061 4525 1272 4597 γαλήνῃ
1303 4513 1563 4587 πλέοντα,
1606 4520 1809 4593 ὁμοίως

231 4626 325 4679 καὶ
349 4626 416 4680 σὺ
441 4621 823 4697 μεταχειρίζου
846 4619 947 4691 τῆς
970 4617 1216 4688 ὑπακοῆς
1240 4615 1451 4686 καὶτῆς
1473 4613 1725 4684 ἀνδρείας
1749 4612 1810 4665 1:6

233 4716 516 4789 πηδάλιον.
548 4714 640 4785 Μή
660 4716 769 4784 γάρ
805 4728 896 4781 μοι
918 4709 1078 4764 τοῦτο
1102 4710 1266 4780 εῖπῃς
1300 4705 1485 4777 μόνον,
1510 4706 1594 4759 δτι
1623 4703 1812 4758 θυσια-

236 4810 459 4882 στήριον
488 4806 831 4879 ᾠκοδόμησε,
862 4802 958 4855 καὶ
983 4800 1053 4855 τά
1081 4798 1237 4867 ξύλα⁸
1270 4798 1407 4851 ἀλλὰ
1430 4797 1813 4868 ἀναμνήσθητι

235 4903 329 4957 καὶ
364 4904 468 4974 τῆς
499 4902 682 4971 φωνῆς
706 4895 801 4951 τοῦ
830 4896 1065 4961 παιδίου,
1098 4894 1194 4947 καὶ
1216 4890 1435 4959 λόγισαι
1465 4890 1630 4942 πόσαι
1654 4887 1815 4957 νιφά-

236 4998 321 5061 δες
354 4994 595 5067 ἐπῆλθον
626 4990 775 5064 αὐτῷ
823 4974 1199 5061 στρατοπέδων
1239 4980 1680 5054 ἐκδειματοῦσαι,
1725 4980 1816 5033 ὅτε

237 5089 437 5160 ήκουσε
470 5087 565 5143 τοῦ
592 5086 805 5142 παιδίου
847 5084 1096 5153 λέγοντος
1130 5081 1159 5133 6
1180 5078 1389 5155 πατήρ*
1425 5077 1496 5130 Τὸ
1519 5075 1817 5144 πρόϐατον

242 5180 392 5248 1:017;
416 5181 673 5250 ἐννόησον
712 5178 869 5233 πόσοι
910 5175 1033 5229 τότε
1073 5170 1404 5242 ἐκινήθησαν
1444 5168 1718 5239 λογισμοὶ,
1752 5165 1813 5219 οὐ

245 5272 466 5345 σιδήρῳ,
522 5269 659 5324 ἀλλὰ
713 5268 986 5338 φλογίνοις
1040 5264 1259 5334 δόρασιν
1307 5257 1664 5345 ὠπλισμένοι,
1723 5256 1817 5345 καὶ.

247 5362 509 5417 πάντοθεν
536 5354 991 5417 κατακεντοῦντες
1011 5351 1171 5407 αὐτὸν
1196 5349 1290 5407 καὶ
1321 5344 1722 5414 διατέμνοντες.
1755 5344 1819 5397 El

249 5436 348 5529 7&9
386 5454 479 5511 καὶ
526 5450 622 5505 νῦν
672 5443 1053 5501 κατακλῶνται
1102 5441 1288 5497 πολλοὶ
1329 5439 1421 5492 καὶ
1464 5436 1545 5505 ’μὴ
1577 5433 1815 5505 πατέρες

250 5526 415 5612 ὅντες,
460 5542 555 5601 καὶ
582 5541 909 5611 ἐδάκρυσαν,
943 5535 992 5587 ει
1022 5532 1096 5605 μὴ
1127 5532 1188 5586 τὸ
1218 5532 1371 5595 τέλος
1406 5527 1649 5602 ᾔδεισανο
1686 5526 1814 5579 πολ-

252 5639 369 5705 λοὺς
404 5639 482 5703 δέ,
528 5634 727 5691 καίτοι
751 5627 911 5684 τοῦτο
961 5624 1191 5686 εἰδότας,
1235 5622 1571 5693 δακρύοντας
1598 5617 1730 5688 όρῶ·
1767 5618 1821 5671 τί

257 5732 476 5802 πάσχειν
504 5728 711 5786 ἐκεῖνον
743 5720 890 5786 εἰκὸς
913 5714 1001 5791 ἦν,
1025 5716 1117 5769 τὸν
1144 5714 1309 5768 αὐτὸν
1339 5714 1697 5783 γεννήσαντα,
1726 5711 1821 5765 τὸν

259 5826 547 5899 θρέψαντα.
573 5821 665 5876 τὸν
693 5821 752 5873 ἐν
794 5815 964 5887 γήρα,
1005 5811 1094 5865 τὸν
1132 5809 1290 5882 μόνον
1325 5806 1517 5877 ἔχοντα
1552 5801 1813 5869 τοιοῦτον,

1247 434 1316 491 ΙΝ
1357 432 1578 490 EPIST.
1613 430 1658 485 ll
1694 429 1787 485 AD
1827 427 1984 485 εοιι.
2027 425 2261 485 ηονιι.
2295 425 2384 482 Ill.

3350 424 3454 479 εισ

1886 538 1980 593 τὸν
2004 538 2238 609 ὁρῶντα,
2265 537 2357 591 τὸν
2389 533 2675 602 ἀκούοντα,
2703 534 2795 589 τὸν
2817 533 3021 599 εὐθέως
3060 534 3319 604 μέλλοντα
3359 537 3457 589 ἀν-

1885 632 2093 700 αιρεῖν;
2116 629 2199 692 τίς
2224 629 2260 699 ή
2288 628 2505 692 σύνεσις
2545 627 2653 680 τῶν
2679 627 2965 698 ρημάτων;
3012 627 3076 688 ῑῖς
3116 629 3148 696 ή
3184 627 3461 681 ἐπιείκεια

1884 723 1983 791 τῆς
2004 721 2283 786 πεύσεως;
2322 722 2418 785 Τίς
2443 722 2550 793 ἄρα
2584 722 2614 772 6
2646 719 2878 790 ἐνεργῶν
2904 761 2921 785 ,
2954 722 2984 772 6
3007 719 3270 782 διάϐολος,
3317 720 3460 771 ὥστε

1886 811 2165 881 ἐμπρῆσαι
2196 809 2294 883 τὴν
2333 810 2531 879 φύσιν;
2570 810 2663 879 Μὴ
2696 810 2929 877 γένοιτο,
2966 808 3079 860 ἀλλ’
3117 810 3144 861 ὁ
3180 808 3333 871 Θεὸς,
3374 809 3463 861 ἵνα

1888 900 2089 970 μᾶλλον
2131 900 2401 970 βασανίσῃ
2439 900 2541 969 τὴν
2595 896 2818 970 χρυσῆν
2860 896 2952 950 τοῦ
3002 899 3210 951 δικαίου
3257 898 3457 966 ψυχήν.

1887 992 2056 1044 Ὅταν
2088 990 2188 1061 μὲν
2217 990 2327 1061 γάρ
2357 993 2390 1060 ὴ
2420 990 2559 1061 γυνὴ
2584 988 2891 1058 φθέγγηται
2924 987 3019 1041 τοῦ
3051 988 3192 1051 Ἰὼϐ,
3220 989 3463 1051 διάϐολος

1885 1085 2117 1151 ἐνεργεῖσ
2166 1081 2392 1150 τοιαύτη
2434 1080 2540 1149 7&9
2583 1082 2617 1146 ἡ
2658 1078 2967 1149 συμϐουλή·
3016 1074 3168 1141 οὗτος
3210 1078 3266 1131 δέ
3310 1078 3462 1130 οὐδὲν

1890 1171 2206 1250 βλάσφημον
2234 1171 2557 1241 φθέγγεται,
2588 1170 2725 1223 ἀλλά
2760 1170 2853 1225 καὶ
2881 1169 3088 1239 σφόδρα
3117 1169 3337 1232 εὐσεϐὲς
3366 1169 3465 1221 καὶ

1890 1263 2391 1333 μεμεριμνημένονθ
2438 1260 2533 1313 καὶ
2584 1259 2822 1330 πολλὴή
2870 1260 3029 1328 χάρις
3075 1259 3301 1329 ἐπήνθει
3348 1262 3461 1323 τοῖς

1888 1348 2119 1422 ῥήμασι,
2146 1351 2279 1404 πολὺ
2305 1351 2368 1403 τὸ
2407 1350 2530 1421 μέλι
2552 1348 2661 1402 τῶν
2685 1349 2858 1417 λόγων
2891 1348 3194 1412 ἀπέσταξεν
3221 1348 3330 1401 ἀπὸ
3362 1365 3465 1416 γα-

1886 1441 2054 1513 λήνης
2101 1440 2198 1494 καὶ
2232 1440 2439 1512 ἡμέρου
2488 1440 2609 1510 ῥέον
2651 1439 2848 1511 ψυχῆς·
2902 1440 2995 1493 καὶ
3039 1439 3248 1502 λιθίνην
3306 1440 3469 1491 ἱκανά

1887 1528 2062 1583 ταῦτα
2089 1525 2158 1599 ἦν
2192 1530 2432 1598 μαλάξαι
2478 1528 2719 1582 διάνοιαν
2752 1526 2905 1600 [453]
2939 1529 3006 1580 τά
3050 1530 3288 1598 ῥήματα.
3326 1526 3469 1579 Ἀλλ’

1887 1618 1947 1671 οὐ
1978 1618 2069 1689 τὸν
2094 1617 2378 1687 ἀδάμαντα
2405 1617 2614 1669 ἐκεῖνον
2640 1614 3020 1686 περιέτρεψεν,
3042 1613 3159 1667 ἀλλ’
3181 1613 3300 1665 οὐδέ
3328 1612 3469 1665 ἔσει-

1890 1722 2002 1768 σεν,
2024 1704 2147 1757 οὐδὲ
2176 1697 2322 1756 εἶπεν
2353 1702 2419 1757 Τί
2448 1701 2661 1773 πατέρα
2681 1701 2868 1764 καλεῖς
2893 1701 2987 1754 τὸν
3020 1699 3216 1770 μικρὸν
3245 1698 3472 1771 ὕστερον

1888 1798 1989 1851 οὐκ
2017 1795 2279 1867 ἐσόμενόν
2329 1811 2423 1847 σου
2460 1793 2698 1862 πατέρα,
2733 1792 2825 1844 τὸν
2870 1791 2970 1862 ήδη
3016 1790 3224 1859 ταύτην
3273 1789 3471 1844 ἀπολέ-

1892 1903 2063 1941 σαντα
2094 1886 2194 1956 τὴν
2217 1886 2384 1956 τιμήν
2406 1903 2421 1951 ;
2446 1885 2603 1947 Τίνος
2622 1883 2678 1935 δέ
2706 1883 2891 1936 ἕνεκεν
2923 1882 3016 1934 καὶ
3045 1884 3073 1934 6
3096 1884 3225 1944 παῖς
3251 1882 3468 1951 ἐρωτᾷς

1890 1979 1965 2031 Οὐ
2004 1974 2506 2048 περιεργαζόμενος
2552 1972 2739 2037 ἁπλῶς
2787 1972 2907 2025 οὐδὲ
2967 1969 3469 2040 πολυπραγμονῶν,

1890 2068 2006 2121 ἀλλ’
2034 2067 2284 2137 ἀγωνιῶν
2317 2066 2457 2138 ὐπέρ
2481 2065 2591 2118 τῶν
2621 2063 3021 2135 προκειμένων.
3062 2062 3174 2114 Kal
3228 2062 3336 2133 7&9
3381 2062 3473 2112 ἐν-

1896 2158 2041 2212 ενόει
2070 2160 2175 2225 ὅτι,
2203 2159 2253 2211 εί
2287 2158 2362 2229 μὴ
2391 2156 2645 2210 ἐϐούλετο
2670 2154 2855 2209 λαϐεῖν
2893 2153 3145 2207 κοινωνὸν
3180 2151 3288 2204 τῶν
3321 2168 3473 2220 γινο-

1893 2249 2093 2319 μένων,
2115 2249 2218 2302 οὐκ
2242 2249 2309 2302 ἂν
2337 2248 2465 2311 τοὺς
2500 2249 2619 2317 μένκ
2633 2247 2827 2310 παῖδας
2859 2246 3038 2316 ἀφῆκε
3077 2245 3227 2298 κάτω
3264 2245 3469 2313 μένειν,

1890 2338 2054 2392 αὐτὸν
2084 2338 2141 2391 δέ
2163 2337 2327 2407 μόνον
2355 2337 2657 2409 παρέλαϐε.
2684 2339 2783 2390 Διὰ
2804 2336 2869 2408 δὴ
2892 2334 3050 2389 τοῦτο
3075 2336 3171 2389 καὶ
3202 2336 3290 2387 ὅτε
3319 2333 3473 2405 μόνοι

1891 2427 2169 2497 γεγόνασι,
2206 2427 2331 2480 τότε
2368 2424 2533 2480 αὐτὸν
2564 2427 2767 2496 ἐρωτᾷ,
2806 2426 2898 2479 ὅτε
2940 2426 3117 2488 οὐδεὶς
3158 2425 3325 2496 ήκουτ
3362 2423 3474 2476 τῶν

1892 2518 2221 2589 λεγομένων·
2256 2516 2494 2587 τοσαύτη
2522 2514 2617 2569 τοῦ
2646 2514 2839 2579 παιδὸς
2890 2517 2923 2584 ή
2966 2515 3181 2577 σύνεσις
3209 2510 3474 2585 ἦνΠΔρα

1894 2609 1957 2660 οὐ
1990 2605 2419 2677 διεθερμάνθητε
2453 2603 2678 2669 πάντες,
2710 2603 2806 2657 xal
2830 2602 3024 2674 ἀνδρες
3063 2603 3156 2655 καὶ
3182 2604 3471 2668 γυναῖκες;

1893 2699 2016 2769 οὐχὶ
2067 2699 2299 2761 ἕκαστος
2337 2696 2509 2767 ὐμῶν·
2540 2680 2972 2768 περιπτύσσεται
3017 2696 3085 2764 τῇ
3121 2693 3332 2761 διανοίᾳ
3381 2694 3478 2744 καὶ

1894 2788 2191 2859 καταφιλεῖ
2210 2789 2271 2842 τὺ
2295 2788 2532 2851 παιδίον,
2564 2787 2660 2841 καὶ
2691 2784 2963 2854 θαυμάζει
2991 2786 3089 2855 τὴν
3119 2783 3365 2845 σύνεσιν,
3384 2782 3481 2835 καὶ

1896 2880 2129 2933 αἰδεῖται
2166 2878 2267 2950 τὴν
2298 2876 2609 2937 εὐλάϐειαν,
2644 2875 2765 2944 μεθ’
2794 2872 2862 2945 ἧς
2889 2876 2985 2929 καὶ
3015 2874 3479 2945 συμποδιζόμενος

1898 2970 1995 3025 καὶ
2033 2970 2127 3023 ἐπὶ
2164 2971 2275 3032 τοῖς
2316 2966 2495 3034 ξύλοις
2533 2964 2929 3035 ἐπιτιθέμενος,
2962 2966 3063 3019 οὐκ
3100 2959 3481 3036 ἐξεπλήττετο,

1898 3062 2000 3115 οὐκ
2029 3060 2280 3131 ἐσκίρτα,
2315 3059 2375 3113 οὐ
2406 3057 2781 3126 κατεγίνωσκε
2809 3056 2903 3109 τοῦ
2937 3056 3145 3126 πατρὸς
3177 3058 3253 3121 ὡς
3294 3073 3483 3128 μαινο-

1902 3152 2089 3223 μένου,
2131 3150 2269 3204 ἁλλά
2296 3151 2393 3205 xal
2433 3151 2714 3222 ἐδεσμεῖτο
2752 3150 2844 3202 καὶ
2874 3148 3236 3215 ἀνεϐιϐάζετο.
3262 3152 3357 3203 καὶ
3385 3152 3484 3203 ἐπ-

1900 3242 2130 3307 ετίθετο,
2163 3243 2258 3295 καὶ⁸
2280 3242 2464 3295 πάντα
2490 3241 2655 3311 ἔφερε
2682 3243 2830 3311 σιγῇ,
2858 3240 3112 3311 καθάπερ
3138 3258 3229 3304 τις
3242 3243 3479 3311 ἀρνειὸς,

1905 3334 2106 3405 μᾶλλον
2129 3333 2209 3397 δὲ,
2238 3333 2490 3404 καθάπερ
2511 3334 2539 3385 6
2575 3333 2751 3396 κοινὸς
2780 3333 2998 3386 πάντων
3024 3334 3300 3404 Δεσπότη,
3326 3352 3341 3399 ;
3371 3336 3484 3387 Ka‘.

1902 3423 2013 3495 7&9
2049 3423 2262 3477 ἐκείνου
2295 3425 2548 3494 ἐμιμεῖτο
2580 3424 2680 3494 τὴν
2709 3423 3035 3488 ἐπιείκειαν,
3066 3425 3162 3477 καὶ
3192 3426 3283 3477 τὸν
3315 3424 3485 3478 τύπον

1903 3516 2222 3583 ἐφύλαττεν·
2274 3516 2371 3580 Ὠς
2399 3514 2700 3582 πρόϐατον
2727 3505 2852 3585 ’γὰρ
2889 3514 2987 3566 ἐπὶ
3025 3515 3274 3586 σφαγὴν
3305 3514 3485 3583 ἤχθη,

1903 3607 2002 3662 καὶ
2023 3608 2105 3672 ὡς
2128 3605 2323 3678 ἀμνὸς
2349 3606 2628 3660 ἐναντίον
2654 3605 2762 3659 τοῦ
2794 3606 3098 3674 κείροντος
3122 3606 3309 3659 αὐτὸν
3330 3609 3489 3677 ἀφωο

1903 3713 2049 3763 νος..
2073 3697 2269 3751 Καίτοι
2306 3712 2372 3763 γε
2406 3695 2706 3763 ἐφθέγξατο
2742 3689 2916 3758 οὗτος·
2948 3698 3041 3748 καὶ
3068 3697 3179 3767 γάρ
3206 3698 3299 3751 καὶ
3330 3699 3357 3748 6
3392 3701 3490 3749 Δεο

1908 3789 2113 3859 σπότης
2168 3786 2335 3842 αὐτοῦ
2378 3785 2696 3855 ἐφθέγξατο·
2748 3787 2865 3849 πῶς
2907 3783 2999 3838 οὖν
3034 3787 3285 3855 ἄφωνοςς
3317 3790 3487 3842 Τουτ..

1908 3879 2077 3943 έστιν,
2105 3876 2261 3931 οὐδὲν
2293 3875 2524 3939 αὔθαδες
2556 3871 2731 3940 εἶπεν,
2763 3874 2885 3927 οὐδέ
2918 3874 3113 3945 τραχὺ,
3144 3875 3279 3929 ἀλλὰ
3310 3877 3490 3930 πάντα

1907 3971 2088 4042 ἥμερα
2111 3969 2203 4025 καὶ
2226 3968 2495 4040 προσηνῆ,
2520 3968 2613 4021 καὶ
2638 3967 2840 4036 μᾶλλον
2861 3966 2962 4039 τῆς
2983 3967 3141 4035 σιγῆς
3172 3968 3242 4019 τὰ
3263 3967 3485 4037 ῥήματα

1909 4060 2007 4131 τὴν
2042 4058 2344 4113 ἐπιείκειαν
2378 4058 2588 4128 ἐδήλου.
2632 4056 2783 4109 Ἐπεὶ
2825 4058 2917 4111 καὶ
2956 4060 2984 4109 ὁ
3015 4057 3247 4123 Χριστὸς
3274 4056 3481 4125 ἐλεγεν⁶

1909 4154 1981 4206 El
2021 4147 2141 4219 μὲν
2194 4146 2392 4215 κακῶς
2438 4145 2738 4214 ἐλάλησα,
2786 4148 3173 4214 μαρτύρησον
3208 4146 3342 4215 περὶ
3382 4147 3489 4201 τοῦ

1911 4241 2122 4297 κακοῦ
2165 4243 2219 4295 εί
2273 4238 2342 4293 δὲ
2391 4237 2612 4305 καλῶς,
2640 4239 2699 4291 τί
2737 4256 2813 4308 με
2852 4238 3085 4306 δέρεις;
3115 4239 3211 4292 καὶ
3242 4238 3342 4308 τὴν
3368 4239 3491 4289 ἐπι-

1911 4334 2116 4388 είκειαν
2152 4331 2353 4403 μᾶλλον
2391 4330 2677 4401 ἐδήλωσεν,
2708 4331 2743 4402 ἦ
2788 4332 2838 4383 εί
2876 4330 3124 4399 ἐσίγησε.
3157 4330 3264 4382 Kal
3298 4327 3490 4397 ὥσπερ

1911 4419 2064 4485 οῦτος
2088 4421 2167 4493 τῷ
2187 4422 2355 4493 πατρὶ
2373 4420 2483 4475 ἀπὸ
2504 4419 2596 4473 τοῦ
2623 4419 3038 4490 θυσιαστηρίου,
3060 4418 3204 4472 οὕτω
3230 4418 3324 4471 καὶ
3349 4420 3493 4470 ἐκεῖ-

1913 4532 2003 4578 νος
2037 4513 2147 4567 ἀπὸ
2188 4512 2283 4567 τοῦ
2324 4512 2558 4582 σταυροῦ
2594 4511 2929 4581 διαλέγεται,
2966 4511 3181 4578 Πάτερ,
3209 4510 3357 4578 ἇςρες
3383 4514 3493 4561 αὑ·

1913 4606 2061 4673 τοῖς,
2094 4604 2288 4673 λέγων’
2326 4604 2399 4657 οὺ
2434 4603 2545 4672 γὰρ
2592 4602 2795 4657 οἴδασι
2838 4602 2897 4655 τί
2939 4601 3202 4655 ποιοῦσι.
3234 4602 3297 4653 Τί
3340 4596 3432 4653 οῦν
3464 4601 3495 4653 6

1915 4694 2295 4767 πατριάρχης;
2346 4694 2401 4746 '0
2435 4694 2580 4759 Θεὸς
2609 4692 2820 4761 ὄψεται
2850 4689 3043 4757 ἑαυτῷ
3072 4692 3370 4759 πρόϐατον
3405 4692 3495 4756 εὶς

1917 4766 2365 4857 ὀλοκάρπωσιν,
2392 4785 2629 4840 τέκνον.
2668 4785 2950 4857 Ἐκάτεροι
2999 4783 3069 4838 τὰ
3110 4781 3348 4849 ὀνόματα
3396 4780 3495 4851 τῆς
3536 4766 3539 4769 ’

1917 4881 2133 4951 φύσεως
2160 4877 2437 4933 καλοῦσιν’
2473 4878 2677 4941 ἐκεῖνος
2703 4877 2943 4947 Πατέρα,
2980 4880 3073 4929 καὶ
3099 4874 3287 4927 τέκνον
3318 4865 3495 4938 οὗτος.

1918 4974 2031 5029 Kal
2056 4970 2293 5043 χαλεπὸς
2320 4969 2661 5041 ἑκατέρωθεν
2701 4970 2729 5023 6
2761 4969 2996 5040 πόλεμος
3028 4964 3373 5036 διεγείρεται,
3406 4967 3500 5019 καὶ

1919 5065 2091 5138 πολλὴ
2122 5066 2155 5136 ή
2180 5062 2341 5136 ζάλη,
2377 5062 2471 5117 καὶ
2510 5060 2769 5130 ναυάγιον
2792 5056 3047 5130 οὐδαμοῦ’
3079 5058 3113 5129 ή
3144 5057 3254 5129 γὰρ
3282 5058 3500 5125 φιλοσο-

1921 5160 2020 5231 φία
2059 5158 2277 5212 πάντων
2310 5155 2522 5226 κρατεῖ.
2565 5149 2700 5207 Εἶτα
2737 5152 2923 5223 ἐπειδὴ
2975 5150 3177 5220 ἤκουσε
3221 5150 3311 5203 τὸν
3341 5149 3498 5210 Θεὸν,

1922 5251 2104 5305 οὐκέτι
2125 5242 2278 5302 εἶπεν
2301 5244 2473 5307 οὐδὲν,
2493 5244 2617 5299 οὐδὲ
2642 5242 3089 5316 περιειργάσατοι
3113 5240 3255 5295 οὕτω
3284 5239 3502 5293 συνετὸν

1922 5338 1991 5414 ἦν
2031 5338 2093 5393 τὸ
2128 5336 2358 5403 παιδίον,
2394 5336 2490 5391 καὶ
2520 5338 2580 5391 ἐν
2613 5334 2760 5401 αὐτῷ
2797 5333 2895 5402 τῆς
2944 5334 3159 5408 ήλικίας
3200 5332 3277 5402 τῷ
3325 5329 3501 5386 ἄνθει.

1924 5430 2079 5497 Εἶδες
2098 5431 2189 5485 τὸν
2214 5429 2437 5501 βασιλέα
2465 5428 2645 5482 πόσων
2677 5425 2953 5497 ἐκράτησε
2982 5424 3383 5497 στρατοπέδων,
3416 5424 3508 5479 πό-

1926 5543 2036 5580 σων
2088 5522 2340 5595 πολέμων
2373 5521 2671 5583 ἐπιόντων;
2718 5517 2855 5573 Οὐδὲ
2900 5517 3011 5588 γὰρ
3055 5516 3229 5580 οὔτως
3268 5513 3411 5591 ἦσαν
3452 5518 3504 5569 οί

1929 5619 2193 5691 βάρϐαροι
2238 5620 2305 5689 τῇ
2340 5615 2494 5669 πόλει
2539 5612 2647 5667 τῶν
2692 5612 3080 5691 Ἱεροσολύμων
3128 5610 3374 5684 φοϐεροὶ,
3415 5611 3507 5665 ὅτε

1927 5708 2163 5781 ἐπῆλθον
2217 5709 2355 5779 αὐτῇ
2416 5704 2700 5772 πολλάκις,
2756 5706 2833 5771 ὡς
2886 5706 2935 5759 οῑ
2994 5701 3250 5776 λογισμοὶ
3302 5702 3509 5757 τούτων

1929 5802 2193 5861 πάντοθεν
2238 5799 2399 5856 αὐτὸν
2440 5798 2893 5874 περικαθήμενοιο
2932 5796 3045 5853 ἀλλ’
3070 5798 3222 5870 ὅμως
3250 5796 3510 5852 ἁπάντων
