4568 6424
556 390 663 445 ιη

556 490 949 559 exercitare:
976 499 1063 556 hic
1086 499 1374 570 superarit,
1406 502 1537 569 quut
1558 498 1815 557 inuentis
1837 499 1977 556 bella
1999 514 2143 556 com-

555 592 858 663 presserit?
879 591 1064 662 Neque
1089 593 1236 648 enim
1257 590 1610 665 Jerusolymm
1642 602 1752 646 tam
1780 591 2146 649 formidabiles

557 692 712 739 erant
742 683 976 750 barbari,
1005 697 1129 739 cum
1155 696 1276 738 eam
1302 695 1676 751 saepenumero
1702 682 2142 753 aggrederentur,

552 790 716 845 quam
744 773 829 829 ba:
850 774 1204 846 cogitationes
1231 771 1465 843 undique
1485 772 1659 841 ipsum
1678 771 2141 837 circumsidentes;

551 873 612 920 et
651 874 829 921 tttmen
873 878 1064 920 omnes
1109 863 1407 935 superavit.
1462 862 1553 919 Vis
1598 862 1760 919 etiam
1806 862 2142 919 sacerdotem

552 958 823 1014 cernere?
852 973 959 1013 non
992 958 1151 1029 longe
1178 956 1484 1027 exemplum
1528 964 1634 1012 est.
1676 954 1810 1010 Nam
1854 969 1976 1010 cum
2018 970 2143 1009 eum

554 1051 734 1123 ignem
760 1060 815 1108 et
842 1050 1077 1122 gladium
1116 1051 1425 1116 habentem,
1452 1058 1507 1106 et
1533 1048 1690 1105 altari
1722 1048 2024 1103 adstantem
2064 1048 2146 1101 in-

552 1142 745 1209 tueris,
761 1141 890 1212 quid
899 1142 1012 1211 jam
1030 1149 1117 1197 est
1138 1140 1280 1212 quod
1306 1140 1375 1196 de
1399 1139 1700 1195 sacerdotio
1720 1138 1969 1193 dubites?
1990 1136 2142 1203 Quod

548 1232 598 1287 si
617 1233 698 1286 vis
726 1232 996 1287 victimam
1020 1244 1232 1302 quoque
1254 1228 1459 1297 videre,
1489 1228 1759 1298 duplicem
1784 1240 1976 1283 cernas
1996 1228 2139 1281 licet.

544 1323 757 1380 Obtulit
786 1324 929 1379 enim
976 1323 1166 1391 ﬁlium,
1196 1320 1391 1377 obtulit
1420 1329 1477 1376 et
1509 1335 1689 1386 ovem,
1721 1319 1826 1386 vel,
1857 1327 1915 1373 ut
1943 1318 2142 1374 rectius

548 1416 764 1485 loquar,
790 1425 919 1470 ante
941 1413 1120 1468 omnia
1154 1412 1486 1466 voluntatem
1510 1426 1683 1466 suam.
1713 1411 1885 1479 Atque
1908 1423 2002 1479 per
2025 1409 2142 1463 ovis

545 1507 767 1577 quidem
792 1520 1062 1569 cruorem,
1090 1519 1347 1569 manum;
1376 1518 1474 1573 per
1498 1502 1596 1558 lilii
1642 1510 1821 1557 autem
1861 1500 2142 1555 mactatio-

448 1644 455 1655 ,
547 1613 677 1653 nem
699 1597 934 1652 animam
960 1595 1331 1651 sanctiﬁcavit.
1359 1598 1534 1666 Atque
1560 1594 1630 1648 ita
1652 1592 1905 1648 sacerdos
1924 1600 2140 1647 creatus

546 1699 653 1748 est.
688 1704 783 1759 per
810 1686 1072 1757 unigeniti
1115 1686 1457 1757 sanguinem,
1500 1700 1601 1756 per
1643 1683 1765 1759 agni
1796 1676 2133 1737 sacrificium.

544 1777 683 1835 Nam
707 1785 765 1833 et
786 1776 1095 1835 sacerdotes
1118 1792 1215 1847 per
1254 1780 1611 1840 victimarum,
1639 1762 1761 1845 qum
1806 1772 1916 1827 Deo
1943 1758 2136 1826 offere-

543 1871 766 1935 bantur,
793 1869 1107 1940 sanguinem
1142 1868 1271 1924 olim
1312 1867 1633 1923 sanctiﬁcari
1661 1864 1927 1923 solebant.
1974 1862 2138 1917 Visne

542 1961 709 2016 etiam
750 1959 1067 2031 prophetam
1107 1958 1459 2030 conspicere?
1503 1957 1763 2012 Abraham
1799 1962 2139 2026 patersester

542 2054 815 2109 multavit
846 2063 907 2107 ut
929 2051 1120 2107 videret
1148 2052 1284 2107 diem
1319 2050 1486 2106 meum
1510 2060 1531 2105 :
1554 2060 1603 2105 et
1640 2049 1766 2103 vidit
1787 2089 1804 2115 ,
1842 2057 1891 2103 et
1936 2046 2139 2117 gauisus

540 2154 620 2200 est
648 2144 825 2217 (Jun.
855 2145 911 2201 ὃ.
938 2143 1052 2216 35).
1094 2142 1177 2200 Ad
1210 2146 1462 2200 eumdem
1506 2141 1725 2198 modum
1753 2146 1808 2195 tu
1835 2152 2049 2212 quoque
2078 2137 2132 2190 in

1616 385 1685 444 IN
1719 384 1938 445 EPiST.
1979 385 2024 443 ll
2086 385 2179 443 AD
2215 386 2371 445 008.
2410 386 2639 449 HOMiL.
2682 393 2772 451 IV.

2248 502 2515 574 baptismo
2536 520 2654 573 rex,
2680 515 2738 563 et
2759 507 3032 575 sacerdos,
3052 517 3108 565 et
3127 511 3387 582 propheta
3410 513 3644 576 eiiieeris.
3667 537 3685 575 :
3708 535 3832 589 res,

2248 607 2371 651 cum
2401 610 2589 653 omnes
2628 613 2820 667 pravas
2860 601 3098 658 actiones
3138 604 3201 658 in
3223 611 3423 662 terram
3461 606 3730 677 abiecisti,
3770 627 3839 669 ac

2249 696 2467 755 peccata
2522 686 2842 745 interemisti
2883 706 2902 745 ι
2946 692 3235 758 sacerdos,
3276 709 3401 751 cum
3452 696 3683 767 teipsum
3726 701 3840 758 Deo

2247 774 2506 844 obtulisti,
2546 792 2609 832 ac
2636 793 2833 849 corpus
2858 783 3125 848 mactasti,
3151 796 3313 854 atque
3339 784 3457 856 ipse
3482 802 3697 861 quoque
3715 805 3836 846 ma-

2246 873 2420 921 ctatus
2448 882 2507 922 es
2530 882 2543 925 :
2577 868 2641 924 Si
2656 871 2791 925 enim
2810 871 2858 925 ei
2882 875 3181 929 commortui
3201 892 3399 942 sum,
3424 879 3613 953 inquit,
3637 892 3687 937 et
3707 900 3834 938 cott-

2247 957 2469 1013 uivemus
2501 958 2551 1013 ei
2582 959 2655 1029 (2.
2685 960 2791 1016 Tit.
2826 961 2881 1017 2.
2913 962 3005 1036 Η)
3038 982 3053 1020 :
3101 966 3359 1036 propheta
3403 967 3672 1041 denique,
3710 986 3834 1030 cum

2248 1046 2422 1104 futura
2446 1049 2610 1105 discis
2634 1066 2696 1108 ac
2722 1051 2911 1108 divino
2935 1057 3155 1112 numine
3176 1057 3377 1115 afﬂaris
3397 1068 3558 1131 atque
3575 1060 3832 1132 obsigna-

2246 1140 2344 1194 ris.
2371 1140 2829 1208 Quemadmodum
2862 1147 3006 1200 enim
3035 1154 3159 1201 nota
3188 1149 3436 1219 quamdam
3457 1151 3735 1218 militibus,
3758 1151 3833 1207 ita

2248 1230 2500 1287 ﬁdelibus
2537 1249 2749 1305 quoque
2790 1234 3025 1305 Spiritus
3065 1238 3383 1307 imponitur.
3413 1240 3533 1307 Quo
3572 1242 3746 1308 ﬁt,.ut
3784 1242 3833 1297 si

2246 1322 2491 1377 ordinem
2518 1322 2841 1390 deserueris,
2876 1328 3186 1401 perspicuus
3229 1328 3481 1384 omnibus
3515 1329 3836 1388 εἰκαδιιὰῑί

2244 1413 2388 1468 enim
2414 1414 2551 1483 signi
2580 1415 2701 1472 loco
2727 1415 3189 1473 circumcisionem
3213 1418 3502 1487 habebant,
3530 1437 3631 1478 nos
3652 1435 3834 1480 autem

2246 1505 2439 1574 pignus
2464 1504 2717 1576 Spiritus.
2764 1508 2890 1562 [huc
2929 1508 3087 1579 igitur
3113 1511 3382 1577 scientes,
3425 1527 3489 1567 ac
3516 1513 3829 1583 dignitatem

2243 1607 2480 1649 nostram
2500 1596 2926 1664 considerantes,
2944 1601 3116 1675 vitam
3150 1602 3322 1671 gratia
3347 1603 3563 1674 dignam
3585 1616 3829 1676 ‘prarste-

2243 1699 2383 1749 mus,
2411 1694 2469 1739 ut
2489 1683 2668 1741 futuro
2695 1702 2907 1758 quoque
2936 1705 3105 1760 regno
3144 1694 3413 1761 potiamur
3440 1714 3455 1751 :
3494 1696 3637 1766 quod
3674 1697 3835 1753 detur

2242 1773 2491 1830 omnibus
2518 1776 2676 1831 nobis
2705 1779 2942 1847 assequi,
2985 1781 3157 1849 gratia
3180 1791 3237 1837 et
3262 1784 3594 1855 benignitate
3619 1787 3835 1853 Domini

2242 1866 2408 1920 uestri
2438 1865 2569 1921 Jesu
2606 1866 2830 1935 Christi,
2872 1884 2996 1925 cum
3022 1886 3132 1941 quo
3163 1872 3307 1928 Patri
3345 1876 3611 1947 simulque
3632 1876 3837 1934 sancto

2240 1957 2462 2028 Spiritui
2492 1960 2683 2033 gloria,
2715 1962 3017 2032 imperium,
3049 1964 3241 2035 honor,
3264 1984 3407 2026 nunc
3433 1979 3490 2026 et
3510 1982 3749 2043 scalper,
3774 1982 3836 2031 et

2242 2048 2295 2105 iu
2318 2050 2516 2105 stecula
2544 2052 2887 2109 saeculorum.
2910 2055 3104 2112 Amen.

553 2280 3750 2307 mw

1934 2346 2273 2410 EOMILIA
2317 2346 2425 2407 ιν.

538 2488 676 2547 Car.
709 2491 762 2564 i.
791 2508 845 2547 v.
874 2493 967 2550 23.
996 2492 1110 2564 Ego
1132 2503 1305 2549 atem
1332 2503 1504 2570 testem
1522 2491 1691 2549 Deum
1718 2491 1897 2547 invoco
1923 2490 1978 2545 in
2012 2489 2128 2543 ani-

616 2602 751 2639 mam
780 2602 963 2652 nteant,
988 2588 1129 2656 quod
1154 2603 1370 2657 pacm
1408 2585 1549 2640 vobis
1590 2600 1693 2639 non
1728 2584 1867 2639 ultra
1896 2578 2132 2635 vatillu-

614 2678 863 2730 rintlmm.

615 2766 668 2822 i.
696 2766 835 2834 Quid
875 2769 976 2827 ais.
1022 2767 1179 2821 beate
1205 2767 1406 2836 Paule}
1430 2781 1658 2838 parcens
1691 2766 1773 2822 eis
1798 2780 1908 2823 non
1937 2765 2131 2822 venisti

537 2857 860 2913 Corinthum
877 2858 902 2909 ἲ
926 2859 1067 2930 Ergo
1092 2872 1399 2914 sermonem
1425 2873 1611 2915 secum
1632 2868 1957 2931 pugnantem
1981 2858 2135 2914 nobis

543 2950 650 3005 hoc
676 2951 795 3005 loco
824 2949 1030 3005 inducis
1082 2949 1345 3025 Superius
1368 2951 1514 3009 enim
1540 2949 1643 3007 hoc
1667 2951 1967 3017 asserebas,
1998 2950 2135 3006 hanc

542 3040 643 3097 tibi
672 3057 777 3096 non
801 3041 1054 3097 veniendi
1092 3057 1312 3097 causam
1338 3042 1525 3109 fuisse,
1558 3041 1705 3113 quod
1732 3046 1880 3098 carni
1906 3056 2136 3097 consen-

540 3142 701 3188 tanea
725 3134 946 3188 consilia
965 3134 1191 3199 minime
1214 3134 1552 3198 admitteres,
1577 3150 1677 3190 nec
1705 3134 1779 3189 tui
1803 3134 1939 3203 juris
1959 3147 2131 3198 esses,

540 3239 731 3279 verum
778 3223 1009 3295 Spiritus
1045 3224 1270 3280 arbitrio
1310 3226 1508 3296 ubique
1549 3225 2027 3297 circumagereris;
2052 3232 2135 3279 at-

540 3330 650 3385 que
686 3314 1006 3371 al'ilictiones
1051 3317 1215 3372 etiam
1267 3317 1320 3371 in
1369 3316 1603 3370 medium
1649 3314 1961 3385 proferebas
1990 3333 2003 3369 :
2034 3314 2135 3368 hoc

540 3415 727 3463 autem
755 3406 877 3462 loco
904 3409 979 3462 tui
1009 3409 1217 3463 arbitrii
1263 3410 1431 3464 fuisse
1457 3409 1559 3475 ais,
1587 3408 1732 3479 quod
1764 3424 1870 3462 non
1898 3408 2131 3474 veneris,

543 3512 656 3552 non
699 3506 875 3552 autem
904 3499 1237 3553 anetoritatis
1268 3514 1333 3575 ac
1363 3499 1645 3569 potestatis
1688 3497 1921 3568 Spiritus
1950 3516 1963 3551 τ
1997 3496 2134 3551 Ρατά

545 3606 665 3643 cens
692 3590 835 3644 enim
866 3590 1024 3655 vobis,
1056 3591 1245 3660 inquit,
1274 3606 1377 3645 non
1396 3592 1505 3645 veni
1531 3590 1847 3645 Corinthum.
1870 3589 2132 3655 Quidnam

544 3683 709 3752 igitur
732 3680 1052 3736 dicendum?
1080 3679 1283 3751 Nempe
1307 3689 1401 3735 aut
1424 3680 1567 3751 quod
1592 3680 1696 3734 hoc
1722 3695 1934 3749 quoque
1960 3680 2133 3749 ipsum

548 3788 580 3826 a
611 3770 813 3841 Spiritu
836 3770 1277 3840 proficiscebatur
1302 3787 1316 3836 ;
1342 3784 1573 3840 cumque
1597 3770 1782 3823 venire
1806 3769 1920 3838 ipse
1952 3768 2130 3833 vellet,

548 3864 604 3919 in
636 3873 869 3917 mentem
912 3862 963 3917 ei
990 3862 1221 3933 Spiritus
1268 3862 1473 3933 injecit,
1517 3872 1576 3916 ut
1621 3877 1729 3918 non
1768 3862 1993 3924 veniret,
2031 3860 2135 3915 boc

548 3952 802 4009 videlicet
847 3968 1185 4023 proponens,
1236 3953 1363 4022 ipsis
1408 3952 1788 4024 indulgendum
1832 3968 2000 4008 esse:
2044 3963 2135 4007 aut

546 4044 619 4101 de
645 4046 815 4100 altero
842 4045 1074 4100 adventu
1102 4045 1358 4115 loquitur,
1386 4054 1546 4115 atque
1586 4044 1689 4100 hoc
1714 4044 2001 4115 signiﬁcat,
2033 4044 2133 4098 sibi

545 4136 763 4206 quidem
796 4136 849 4189 in
882 4137 1061 4201 animo
1087 4136 1272 4201 fuisse,
1308 4137 1613 4207 priusquam
1656 4136 1991 4206 superiorem
2020 4136 2133 4203 cpi-

545 4225 741 4282 stolam
773 4226 1053 4293 scriberet,
1079 4226 1146 4281 ad
1187 4241 1282 4282 eos
1323 4241 1382 4282 se
1409 4231 1654 4282 conferre
1675 4266 1691 4291 ,
1733 4238 1987 4283 caeterum
2019 4241 2137 4280 sese

544 4319 621 4373 ob
646 4316 926 4372 caritatem
972 4302 1324 4384 continuisse,
1372 4332 1438 4372 ne
1470 4333 1564 4373 eos
1595 4318 1922 4373 incorrectos
1951 4326 2136 4373 osten-

547 4407 723 4462 deret.
765 4406 1048 4462 Probabile
1090 4416 1268 4461 autem
1312 4417 1419 4484 est,
1464 4416 1587 4477 post
1637 4408 1785 4462 illam
1812 4408 2135 4487 \epistolam,

550 4497 756 4568 Spiritu
781 4496 894 4566 jam
921 4501 1045 4551 eum
1088 4497 1308 4552 minime
1338 4495 1675 4567 prohibente,
1720 4507 1905 4567 suapte
1949 4506 2139 4566 Sponte

549 4588 622 4644 ob
660 4587 799 4643 hanc
843 4603 1057 4643 causam
1106 4590 1389 4643 mansisse.
1432 4588 1584 4657 Quod
1620 4588 1781 4643 etiam
1812 4588 1979 4657 magis
2005 4603 2138 4642 con-

544 4682 719 4752 jicere
747 4688 849 4742 est,
872 4695 1067 4751 nempe
1092 4680 1232 4751 quod
1266 4680 1417 4736 initio
1443 4681 1655 4751 quidem
1683 4680 1917 4751 Spiritus
1956 4678 2139 4749 prohi-

550 4772 735 4838 bebat,
784 4782 906 4842 post
949 4782 1125 4829 autem
1174 4774 1288 4845 ipse
1326 4789 1539 4845 quoque
1581 4787 1759 4826 secum
1801 4783 2054 4841 reputans
2087 4771 2139 4825 id

550 4864 747 4922 melius
774 4878 916 4931 esse,
947 4866 1223 4921 manserit.
1255 4865 1332 4919 Tu
1359 4880 1489 4919 vero
1518 4865 1827 4919 consideres
1854 4866 2010 4917 velim
2033 4880 2140 4932 quo

551 4966 712 5030 pacto
743 4972 931 5012 rursus
966 4960 1293 5013 mentionem
1321 4958 1402 5012 sui
1428 4958 1601 5012 iaciat.
1633 4956 1784 5025 Quod
1814 4956 2029 5025 quidem
2062 4955 2140 5009 id-

551 5050 697 5104 circo
749 5046 874 5101 facit
914 5047 987 5119 (id
1032 5051 1174 5103 enim
1226 5050 1497 5102 inculcare
1544 5063 1651 5100 non
1697 5046 1982 5117 desinam),
2016 5053 2073 5099 ut
2109 5060 2139 5098 a

551 5139 842 5195 contrariis
885 5140 1240 5209 patrocinium
1286 5140 1387 5195 sibi
1426 5147 1650 5210 quaerat.
1692 5137 1952 5204 Quoniam
1996 5137 2138 5191 enim

546 5230 844 5286 verisimile
886 5238 1000 5283 erat
1039 5244 1134 5286 eos
1171 5234 1372 5287 sini‘stri
1418 5231 1617 5303 aliquid
1666 5229 1925 5299 suspicari
1963 5243 2025 5283 ac
2060 5228 2143 5282 di-

556 5336 679 5376 cere
709 5337 723 5374 :
757 5318 961 5373 Idcirco
983 5320 1046 5373 ad
1074 5337 1169 5375 nos
1201 5338 1309 5377 non
1337 5323 1550 5386 venisti,
1576 5322 1699 5391 quia
1727 5320 1878 5376 nobis
1902 5316 2140 5373 infensus

550 5425 743 5485 esses;
781 5410 1112 5465 contrarium
1160 5412 1415 5480 ostendit,
1462 5414 1655 5482 nempe
1694 5425 1754 5466 se
1802 5410 1921 5463 ideo
1955 5409 2023 5462 ad
2046 5422 2142 5465 eos

552 5502 853 5574 profectum
880 5516 987 5555 non
1014 5514 1156 5566 esse,
1200 5503 1340 5570 quod
1382 5518 1476 5557 eos
1515 5513 1739 5557 amaret.
1788 5500 1923 5569 Quid
1962 5506 2141 5555 autem

555 5606 666 5663 est,
698 5596 925 5651 Parcens
946 5595 971 5647 ?
1011 5592 1242 5661 Audivi,
1294 5593 1485 5662 inquit,
1532 5596 1818 5649 nonnullos
1848 5609 1967 5648 esse
2001 5594 2141 5664 apud

556 5702 664 5745 vos
688 5690 775 5758 qui
804 5698 1045 5755 stuprum
1084 5685 1475 5754 perpetrarint;
1510 5686 1759 5756 noluique
1780 5686 1845 5741 ad
1878 5700 1973 5739 vos
2001 5686 2142 5740 veni-

557 5798 641 5847 te,
672 5796 737 5836 ne
760 5795 854 5836 vos
882 5781 934 5834 in
967 5791 1250 5833 mmrorem
1274 5776 1616 5847 conjicerem.
1652 5779 1841 5835 Coram
1872 5780 2012 5834 enim
2042 5794 2138 5835 ne-

2243 2501 2395 2543 cesse
2423 2488 2611 2559 luisset
2635 2489 2846 2548 facinus
2865 2498 3197 2563 examinare,
3220 2507 3277 2554 et
3297 2499 3566 2557 vindicare
3584 2516 3651 2557 ac
3671 2503 3831 2574 puni-

2242 2592 2321 2649 re,
2351 2586 2509 2648 atque
2534 2579 2602 2636 de
2631 2582 2811 2638 multis
2841 2598 3029 2653 pmnas
3054 2601 3291 2642 sumere.
3320 2587 3504 2660 Itaque
3522 2592 3690 2648 satius
3710 2607 3833 2649 esse

2240 2668 2368 2724 duxi
2417 2670 2633 2737 abesse,
2674 2688 2741 2728 ac
2778 2676 3168 2745 resipiscentiaa
3212 2678 3388 2734 locum
3426 2681 3587 2737 vobis
3632 2665 3832 2741 conce-

2239 2759 2391 2827 dere,
2442 2778 2603 2836 quam
2632 2780 2870 2834 praesens
2898 2765 3102 2823 facinus
3132 2769 3335 2835 ulcisci,
3365 2772 3689 2842 graviusque
3718 2776 3829 2831 ira-

2240 2853 2339 2907 sci.
2372 2852 2584 2909 Etenim
2612 2856 2713 2911 sub
2736 2859 2979 2927 epistola:
3011 2860 3171 2915 linem
3197 2861 3436 2931 apertius
3479 2864 3619 2919 istud
3646 2864 3831 2921 decla-

2240 2942 2401 3010 ravit,
2427 2958 2549 2999 cum
2574 2945 2711 3000 dixit
2742 2965 2755 2998 :
2788 2947 2978 3004 Timeo
2999 2959 3203 3014 autem,
3232 2951 3315 3006 Ns
3338 2955 3472 3022 forte
3494 2970 3611 3011 cum
3630 2972 3841 3025 venero,

2242 3035 2470 3090 Itumitiet
2512 3054 2591 3091 me
2626 3038 2769 3094 Deus
2798 3042 2939 3111 apud
2970 3058 3062 3097 eos
3083 3084 3101 3109 ,
3128 3055 3175 3099 et
3199 3044 3398 3116 lugeam
3420 3047 3605 3103 multos
3653 3065 3720 3104 ea:
3743 3050 3831 3121 iis,

2240 3128 2328 3199 qui
2356 3139 2474 3183 ante
2493 3142 2847 3199 peccaverunt,
2871 3141 2916 3187 et
2940 3150 3042 3189 non
3081 3148 3286 3207 egerunt
3314 3141 3660 3207 pmiitentiam
3676 3158 3834 3209 super

2238 3220 2563 3275 immunditia
2590 3231 2640 3276 et
2687 3223 3023 3293 fornicatione
3054 3218 3208 3295 quam
3239 3231 3465 3298 fecerunt
3491 3230 3570 3293 (2.
3592 3215 3713 3285 Cor.
3736 3233 3841 3291 12..

2238 3311 2356 3383 2i).
2388 3312 2501 3368 Hoc
2528 3314 2687 3384 igitur
2712 3313 2800 3371 hic
2826 3331 3040 3387 quoque
3069 3318 3322 3386 ostendit,
3352 3330 3515 3392 atque
3536 3320 3589 3379 id
3613 3322 3831 3392 quidem
3918 3382 3923 3383 ,

2242 3401 2480 3471 profert,
2514 3412 2792 3475 tamquam
2819 3420 2879 3461 se
2920 3421 3212 3475 excusans,
3242 3423 3335 3465 eos
3389 3426 3518 3465 vero
3568 3414 3833 3470 acerrime

2243 3495 2557 3564 perstringit
2575 3511 2637 3551 ac
2657 3504 2842 3551 terret.
2865 3497 2959 3552 llis
2979 3500 3123 3554 enim
3155 3501 3333 3557 verbis
3357 3503 3678 3572 signiﬁcavit
3694 3545 3713 3572 ,
3736 3520 3833 3561 eus

2243 3600 2414 3651 νωηω
2438 3586 2702 3641 obnoxios
2721 3602 2863 3655 esse,
2886 3598 3046 3659 atque
3069 3589 3205 3669 adeo
3226 3591 3338 3647 fore
3358 3601 3417 3648 ut
3437 3594 3613 3649 acerbi
3631 3574 3833 3666 aliquid

2242 3677 2536 3743 patiantur,
2559 3677 2659 3731 nisi
2676 3680 3071 3747 quamprimum
3093 3682 3468 3738 emendentur.
3488 3684 3643 3751 Quod
3669 3688 3831 3742 etiam

2242 3763 2414 3831 ipsum
2443 3780 2627 3834 rursus
2646 3767 2711 3818 ad
2735 3767 2974 3835 epistolae
2991 3770 3194 3825 calcem
3215 3772 3311 3837 ait,
3350 3772 3413 3826 Si
3433 3790 3609 3827 rursus
3624 3792 3828 3844 venero,

2241 3870 2343 3907 non
2370 3870 2598 3923 parcam.
2630 3846 2897 3910 Caeterum
2928 3858 3037 3913 illic
3064 3862 3306 3930 apertius
3354 3862 3495 3917 istud
3535 3866 3784 3934 exprimit
3810 3883 3829 3933 ;

2245 3946 2329 3999 hic
2358 3956 2561 4009 autem,
2608 3948 2859 4017 quoniam
2895 3949 3101 4005 initium
3148 3952 3416 4009 scribendi
3446 3953 3692 4021 faciebat,
3721 3972 3828 4012 non

2244 4036 2315 4090 ita
2340 4036 2440 4091 huc
2469 4036 2617 4102 dicit,
2654 4037 2749 4092 sed
2768 4038 3087 4094 submissius
3112 4060 3125 4095 :
3150 4057 3213 4098 ac
3242 4058 3310 4098 ne
3340 4042 3443 4098 hoc
3460 4044 3674 4115 quidem
3700 4061 3830 4101 con-

2244 4136 2443 4189 tentus,
2473 4127 2523 4180 id
2556 4143 2769 4196 quoque
2796 4128 2968 4197 ipsum
3003 4146 3189 4186 rursus
3216 4134 3443 4203 mitigat,
3463 4150 3525 4189 ac
3540 4138 3828 4192 correctio-

2243 4232 2311 4271 ne
2335 4216 2563 4287 quudam
2589 4218 2770 4271 utitur.
2796 4219 2930 4284 Quia
2948 4220 3088 4273 enim
3113 4220 3215 4276 hoc
3234 4223 3437 4277 dictum
3460 4225 3691 4279 hominis
3707 4242 3829 4282 esse

2242 4309 2516 4363 videbatur
2542 4308 2684 4363 haud
2706 4324 2921 4379 parvam
2944 4313 3315 4369 auctoritatem
3342 4331 3450 4384 prce
3477 4330 3536 4369 se
3563 4317 3819 4385 ferentis;

2245 4399 2310 4453 iis
2334 4401 2477 4455 enim
2510 4402 2679 4471 parcit
2706 4402 2901 4474 aliquis
2926 4446 2940 4467 ,
2972 4404 3024 4458 in
3056 4419 3190 4475 quos
3215 4420 3313 4461 suo
3335 4406 3456 4475 jure
3481 4408 3827 4464 animadver-

2248 4502 2360 4549 tere
2390 4503 2600 4569 potest;
2632 4494 2833 4549 idcirco
2882 4495 3014 4549 illud
3043 4497 3293 4552 molliens
3314 4539 3330 4565 ,
3381 4493 3641 4568 atque'id,
3689 4504 3832 4569 quod

2244 4585 2480 4652 Speciem
2502 4564 2833 4653 “asperitatis
2882 4586 3134 4653 habebat,
3188 4564 3538 4657 adumbrans,
3584 4564 3661 4644 ait
3691 4564 3829 4646 ζει..

2248 4674 2371 4727 Non
2400 4674 2525 4743 quia
2549 4674 2869 4726 dominamur
2916 4675 3037 4740 ﬁdei
3080 4663 3274 4731 vestrae.
3307 4677 3420 4731 Hoc
3476 4689 3579 4743 est,
3604 4680 3720 4734 Non
3751 4681 3833 4735 id-

2244 4767 2386 4821 circe
2417 4766 2521 4817 dixi
2546 4781 2650 4830 me,
2684 4774 2739 4818 ut
2765 4766 2915 4819 vobis
2946 4781 3242 4834 parcerem,
3260 4766 3576 4827 Corinthum
3600 4788 3706 4829 non
3734 4789 3830 4829 ve-

2248 4859 2296 4911 ni
2333 4874 2409 4921 se,
2433 4872 2493 4910 ac
2517 4857 2561 4909 si
2586 4856 2734 4909 vobis
2751 4856 3014 4911 detramur.
3038 4860 3144 4915 Nec
3164 4862 3317 4925 dixit,
3342 4863 3522 4933 Vobis,
3545 4868 3662 4934 sed,
3688 4871 3830 4941 quod

2245 4950 2424 5003 mitius
2456 4963 2516 5001 ac
2544 4948 2715 5001 verius
2740 4958 2873 5013 erat.
2912 4952 3061 5009 Μῶα
3084 4965 3257 5010 κείνω
3285 4974 3301 5011 :
3336 4974 3458 5013 nam
3486 4962 3708 5017 credere
3733 4979 3835 5019 no-

2246 5040 2440 5093 lentem
2465 5039 2583 5108 quis
2605 5047 2687 5092 est
2706 5040 2796 5108 qui
2818 5056 3012 5113 cogere
3034 5032 3233 5116 queat?
3254 5046 3360 5102 Sed
3380 5050 3639 5121 adjutores
3661 5070 3835 5107 sumus

2245 5131 2423 5202 gaudii
2450 5131 2619 5184 vestri.
2648 5130 2934 5201 Quoniam,
2970 5136 3162 5206 inquit,
3196 5139 3449 5207 gaudium
3480 5152 3713 5196 vestrum
3744 5158 3835 5198 no-

2246 5222 2415 5288 strum
2446 5229 2548 5285 est,
2578 5221 2697 5276 ideo
2725 5238 2830 5277 non
2854 5226 2998 5290 veni,
3032 5241 3098 5281 ne
3122 5242 3214 5281 vos
3246 5228 3297 5281 in
3338 5244 3625 5285 maerorem
3660 5233 3832 5303 conjio

2247 5329 2427 5370 cerem
2458 5355 2473 5380 ,
2518 5322 2678 5383 atque
2723 5314 2793 5368 ita
2837 5331 3125 5373 maerorem
3180 5334 3354 5371 meum
3404 5335 3691 5390 augerem;
3741 5326 3835 5380 sed

2248 5406 2418 5464 νηπιιεί
2439 5447 2455 5473 ,
2485 5414 2542 5460 ut
2569 5406 2730 5461 minis
2768 5411 2997 5464 correcti
3028 5408 3301 5464 lmtemini.
3333 5411 3521 5467 Omnia
3552 5419 3696 5470 enim
3739 5417 3837 5472 Ite-

2254 5500 2382 5554 lilia:
2415 5512 2603 5553 vestra:
2640 5514 2801 5554 causa
2826 5500 3069 5566 facimus,
3096 5508 3150 5553 et
3175 5498 3275 5554 hac
3302 5502 3353 5556 in
3384 5519 3441 5558 re
3469 5507 3705 5562 studium
3734 5524 3832 5578 pu-

2250 5594 2456 5659 nimus,
2489 5594 2609 5663 quia
2664 5591 2806 5647 illam
2861 5592 3134 5646 vobiscum
3182 5608 3521 5652 communem
3555 5598 3835 5653 habemus.

2252 5684 2392 5737 Nam
2414 5684 2514 5751 [ide
2540 5684 2700 5736 statis.
2730 5681 2858 5736 Vide
2907 5696 3011 5749 quo
3039 5691 3196 5751 pacto
3224 5700 3434 5740 rursum
3464 5686 3728 5742 submisse
3757 5690 3837 5742 lo-

2249 5786 2443 5849 quatur
2474 5792 2488 5829 :
2546 5786 2760 5831 veretur
2780 5776 2920 5829 enim
2952 5774 3145 5831 iterum
3177 5792 3269 5833 eos
3296 5780 3674 5849 perstringere,
3704 5797 3833 5836 nuo-
