  <div class='ocr_page' id='page_1' title='image "/cluster/home/n/w/nwhite01/storage/ocr_20150623/61/pst.000005712618/425.png"; bbox 0 0 4568 6424; ppageno 0'>
   <div class='ocr_carea' id='block_1_1' title="bbox 826 326 931 384">
    <p class='ocr_par' dir='ltr' id='par_1_1' title="bbox 826 326 931 384">
     <span class='ocr_line' id='line_1_1' title="bbox 826 326 931 384; baseline 0 -1"><span class='ocrx_word' id='word_1_1' title='bbox 826 326 931 384; x_wconf 66' lang='lat'><strong>£19</strong></span> 
     </span>
    </p>
   </div>
   <div class='ocr_carea' id='block_1_2' title="bbox 824 416 2408 503">
    <p class='ocr_par' dir='ltr' id='par_1_2' title="bbox 824 416 2408 503">
     <span class='ocr_line' id='line_1_2' title="bbox 824 416 2408 503; baseline -0.021 -9"><span class='ocrx_word' id='word_1_2' title='bbox 824 444 967 493; x_wconf 82' lang='lat' dir='ltr'><strong>niam</strong></span> <span class='ocrx_word' id='word_1_3' title='bbox 998 436 1053 489; x_wconf 90' lang='lat' dir='ltr'><strong>in</strong></span> <span class='ocrx_word' id='word_1_4' title='bbox 1081 433 1258 503; x_wconf 89' lang='lat' dir='ltr'><strong>priore</strong></span> <span class='ocrx_word' id='word_1_5' title='bbox 1279 427 1506 500; x_wconf 88' lang='lat' dir='ltr'><strong>epistola</strong></span> <span class='ocrx_word' id='word_1_6' title='bbox 1534 425 1883 480; x_wconf 75' lang='lat' dir='ltr'><strong>vehementer</strong></span> <span class='ocrx_word' id='word_1_7' title='bbox 1907 422 2054 487; x_wconf 87' lang='lat' dir='ltr'><strong>ipsos</strong></span> <span class='ocrx_word' id='word_1_8' title='bbox 2092 416 2408 503; x_wconf 85' lang='lat' dir='ltr'><strong>incesserat,</strong></span> 
     </span>
    </p>
   </div>
   <div class='ocr_carea' id='block_1_3' title="bbox 824 502 2415 595">
    <p class='ocr_par' dir='ltr' id='par_1_3' title="bbox 824 502 2415 595">
     <span class='ocr_line' id='line_1_3' title="bbox 824 502 2415 595; baseline -0.018 -12"><span class='ocrx_word' id='word_1_9' title='bbox 824 542 890 583; x_wconf 87' lang='lat' dir='ltr'><strong>ac</strong></span> <span class='ocrx_word' id='word_1_10' title='bbox 925 502 1349 595; x_wconf 81' lang='lat' dir='ltr'><strong>resipiscentiam</strong></span> <span class='ocrx_word' id='word_1_11' title='bbox 1391 516 1677 587; x_wconf 82' lang='lat' dir='ltr'><strong>quamdam</strong></span> <span class='ocrx_word' id='word_1_12' title='bbox 1704 505 2083 567; x_wconf 62' lang='lat' dir='ltr'><strong>eihibuerant.</strong></span> <span class='ocrx_word' id='word_1_13' title='bbox 2109 506 2283 573; x_wconf 83' lang='lat' dir='ltr'><strong>Atque</strong></span> <span class='ocrx_word' id='word_1_14' title='bbox 2315 502 2415 595; x_wconf 78' lang='lat' dir='ltr'><strong>lioc</strong></span> 
     </span>
    </p>
   </div>
   <div class='ocr_carea' id='block_1_4' title="bbox 824 594 2413 674">
    <p class='ocr_par' dir='ltr' id='par_1_4' title="bbox 824 594 2413 674">
     <span class='ocr_line' id='line_1_4' title="bbox 824 594 2413 674; baseline -0.018 0"><span class='ocrx_word' id='word_1_15' title='bbox 824 634 1017 674; x_wconf 87' lang='lat' dir='ltr'><strong>eorum</strong></span> <span class='ocrx_word' id='word_1_16' title='bbox 1040 594 1259 671; x_wconf 79' lang='lat' dir='ltr'><strong>animos</strong></span> <span class='ocrx_word' id='word_1_17' title='bbox 1288 613 1677 667; x_wconf 87' lang='lat' dir='ltr'><strong>subversurum</strong></span> <span class='ocrx_word' id='word_1_18' title='bbox 1702 614 1841 667; x_wconf 90' lang='lat' dir='ltr'><strong>erat,</strong></span> <span class='ocrx_word' id='word_1_19' title='bbox 1870 602 1937 665; x_wconf 89' lang='lat' dir='ltr'><strong>si,</strong></span> <span class='ocrx_word' id='word_1_20' title='bbox 1978 613 2100 654; x_wconf 90' lang='lat' dir='ltr'><strong>cum</strong></span> <span class='ocrx_word' id='word_1_21' title='bbox 2130 595 2196 650; x_wconf 90' lang='lat' dir='ltr'><strong>ad</strong></span> <span class='ocrx_word' id='word_1_22' title='bbox 2224 594 2413 648; x_wconf 83' lang='lat' dir='ltr'><strong>melio-</strong></span> 
     </span>
    </p>
   </div>
   <div class='ocr_carea' id='block_1_5' title="bbox 824 684 2413 778">
    <p class='ocr_par' dir='ltr' id='par_1_5' title="bbox 824 684 2413 778">
     <span class='ocr_line' id='line_1_5' title="bbox 824 684 2413 778; baseline -0.018 -13"><span class='ocrx_word' id='word_1_23' title='bbox 824 724 937 765; x_wconf 85' lang='lat' dir='ltr'><strong>rem</strong></span> <span class='ocrx_word' id='word_1_24' title='bbox 961 708 1162 778; x_wconf 79' lang='lat' dir='ltr'><strong>frugem</strong></span> <span class='ocrx_word' id='word_1_25' title='bbox 1193 720 1252 759; x_wconf 87' lang='lat' dir='ltr'><strong>se</strong></span> <span class='ocrx_word' id='word_1_26' title='bbox 1279 700 1700 762; x_wconf 78' lang='lat' dir='ltr'><strong>convenissent,</strong></span> <span class='ocrx_word' id='word_1_27' title='bbox 1726 692 1969 749; x_wconf 83' lang='lat' dir='ltr'><strong>eamdem</strong></span> <span class='ocrx_word' id='word_1_28' title='bbox 1988 684 2413 778; x_wconf 85' lang='lat' dir='ltr'><strong>objurgationem</strong></span> 
     </span>
    </p>
   </div>
   <div class='ocr_carea' id='block_1_6' title="bbox 823 776 2410 857">
    <p class='ocr_par' dir='ltr' id='par_1_6' title="bbox 823 776 2410 857">
     <span class='ocr_line' id='line_1_6' title="bbox 823 776 2410 857; baseline -0.02 1"><span class='ocrx_word' id='word_1_29' title='bbox 823 776 1110 857; x_wconf 79' lang='lat' dir='ltr'><strong>subiissent</strong></span> <span class='ocrx_word' id='word_1_30' title='bbox 1121 839 1133 852; x_wconf 94' lang='lat'><strong>.</strong></span> <span class='ocrx_word' id='word_1_31' title='bbox 1144 797 1268 850; x_wconf 87' lang='lat' dir='ltr'><strong>Ideo</strong></span> <span class='ocrx_word' id='word_1_32' title='bbox 1281 794 1396 847; x_wconf 65' lang='lat' dir='ltr'><strong>haec</strong></span> <span class='ocrx_word' id='word_1_33' title='bbox 1408 788 1631 857; x_wconf 79' lang='lat' dir='ltr'><strong>epiStola</strong></span> <span class='ocrx_word' id='word_1_34' title='bbox 1648 786 1925 854; x_wconf 82' lang='lat' dir='ltr'><strong>superiore</strong></span> <span class='ocrx_word' id='word_1_35' title='bbox 1942 780 2111 835; x_wconf 89' lang='lat' dir='ltr'><strong>multo</strong></span> <span class='ocrx_word' id='word_1_36' title='bbox 2128 776 2298 830; x_wconf 90' lang='lat' dir='ltr'><strong>lenior</strong></span> <span class='ocrx_word' id='word_1_37' title='bbox 2309 782 2410 827; x_wconf 91' lang='lat' dir='ltr'><strong>est.</strong></span> 
     </span>
    </p>
   </div>
   <div class='ocr_carea' id='block_1_7' title="bbox 824 868 2418 963">
    <p class='ocr_par' dir='ltr' id='par_1_7' title="bbox 824 868 2418 963">
     <span class='ocr_line' id='line_1_7' title="bbox 824 868 2418 963; baseline -0.019 -17"><span class='ocrx_word' id='word_1_38' title='bbox 824 894 977 963; x_wconf 83' lang='lat' dir='ltr'><strong>(Cap.</strong></span> <span class='ocrx_word' id='word_1_39' title='bbox 1000 891 1111 962; x_wconf 82' lang='grc'><strong>11.)</strong></span> <span class='ocrx_word' id='word_1_40' title='bbox 1131 891 1180 942; x_wconf 78' lang='grc'>1.</span> <span class='ocrx_word' id='word_1_41' title='bbox 1207 884 1379 941; x_wconf 87' lang='lat' dir='ltr'><strong>Statui</strong></span> <span class='ocrx_word' id='word_1_42' title='bbox 1397 893 1563 935; x_wconf 88' lang='lat' dir='ltr'><strong>autem</strong></span> <span class='ocrx_word' id='word_1_43' title='bbox 1584 880 1676 932; x_wconf 78' lang='lat' dir='ltr'><strong>hoc</strong></span> <span class='ocrx_word' id='word_1_44' title='bbox 1693 879 1861 947; x_wconf 83' lang='lat' dir='ltr'><strong>ipsum</strong></span> <span class='ocrx_word' id='word_1_45' title='bbox 1880 872 2019 943; x_wconf 83' lang='lat' dir='ltr'><strong>apud</strong></span> <span class='ocrx_word' id='word_1_46' title='bbox 2040 884 2138 932; x_wconf 81' lang='lat' dir='ltr'><strong>me,</strong></span> <span class='ocrx_word' id='word_1_47' title='bbox 2155 883 2217 921; x_wconf 85' lang='lat' dir='ltr'><strong>ne</strong></span> <span class='ocrx_word' id='word_1_48' title='bbox 2232 868 2418 963; x_wconf 66' lang='lat' dir='ltr'><strong>iterum</strong></span> 
     </span>
    </p>
   </div>
   <div class='ocr_carea' id='block_1_8' title="bbox 824 960 2418 1038">
    <p class='ocr_par' dir='ltr' id='par_1_8' title="bbox 824 960 2418 1038">
     <span class='ocr_line' id='line_1_8' title="bbox 824 960 2418 1038; baseline -0.018 0"><span class='ocrx_word' id='word_1_49' title='bbox 824 960 875 1038; x_wconf 84' lang='lat' dir='ltr'><strong>in</strong></span> <span class='ocrx_word' id='word_1_50' title='bbox 897 960 1101 1037; x_wconf 82' lang='lat' dir='ltr'><strong>tristitia</strong></span> <span class='ocrx_word' id='word_1_51' title='bbox 1118 980 1335 1033; x_wconf 82' lang='lat' dir='ltr'><strong>venirem</strong></span> <span class='ocrx_word' id='word_1_52' title='bbox 1354 976 1420 1028; x_wconf 89' lang='lat' dir='ltr'><strong>ad</strong></span> <span class='ocrx_word' id='word_1_53' title='bbox 1436 990 1540 1027; x_wconf 79' lang='lat' dir='ltr'><strong>vos.</strong></span> <span class='ocrx_word' id='word_1_54' title='bbox 1571 972 1702 1027; x_wconf 87' lang='lat' dir='ltr'><strong>Cum</strong></span> <span class='ocrx_word' id='word_1_55' title='bbox 1723 970 1815 1032; x_wconf 95' lang='lat' dir='ltr'><strong>ait,</strong></span> <span class='ocrx_word' id='word_1_56' title='bbox 1856 967 1883 1020; x_wconf 83' lang='grc'><em>1</em></span> <span class='ocrx_word' id='word_1_57' title='bbox 1891 978 2072 1028; x_wconf 86' lang='lat' dir='ltr'><strong>terum,</strong></span> <span class='ocrx_word' id='word_1_58' title='bbox 2099 960 2333 1015; x_wconf 72' lang='lat' dir='ltr'><strong>ostendit</strong></span> <span class='ocrx_word' id='word_1_59' title='bbox 2360 972 2418 1010; x_wconf 85' lang='lat' dir='ltr'><strong>se</strong></span> 
     </span>
    </p>
   </div>
   <div class='ocr_carea' id='block_1_9' title="bbox 824 1059 2417 1144">
    <p class='ocr_par' dir='ltr' id='par_1_9' title="bbox 824 1059 2417 1144">
     <span class='ocr_line' id='line_1_9' title="bbox 824 1059 2417 1144; baseline -0.016 -16"><span class='ocrx_word' id='word_1_60' title='bbox 824 1078 932 1144; x_wconf 79' lang='lat' dir='ltr'><strong>jam</strong></span> <span class='ocrx_word' id='word_1_61' title='bbox 962 1074 1030 1126; x_wconf 90' lang='lat' dir='ltr'><strong>ab</strong></span> <span class='ocrx_word' id='word_1_62' title='bbox 1066 1071 1177 1124; x_wconf 86' lang='lat' dir='ltr'><strong>illis</strong></span> <span class='ocrx_word' id='word_1_63' title='bbox 1202 1082 1433 1124; x_wconf 58' lang='lat' dir='ltr'><strong>maerore</strong></span> <span class='ocrx_word' id='word_1_64' title='bbox 1463 1066 1712 1119; x_wconf 71' lang='lat' dir='ltr'><strong>affectum</strong></span> <span class='ocrx_word' id='word_1_65' title='bbox 1745 1059 1909 1112; x_wconf 90' lang='lat' dir='ltr'><strong>fuisse</strong></span> <span class='ocrx_word' id='word_1_66' title='bbox 1938 1068 2207 1121; x_wconf 90' lang='lat' dir='ltr'><strong>:cumque</strong></span> <span class='ocrx_word' id='word_1_67' title='bbox 2233 1066 2291 1104; x_wconf 88' lang='lat' dir='ltr'><strong>se</strong></span> <span class='ocrx_word' id='word_1_68' title='bbox 2321 1065 2417 1144; x_wconf 44' lang='grc' dir='ltr'><strong>θεῖ</strong></span> 
     </span>
    </p>
   </div>
   <div class='ocr_carea' id='block_1_10' title="bbox 826 1140 2418 1225">
    <p class='ocr_par' dir='ltr' id='par_1_10' title="bbox 826 1140 2418 1225">
     <span class='ocr_line' id='line_1_10' title="bbox 826 1140 2418 1225; baseline -0.019 -3"><span class='ocrx_word' id='word_1_69' title='bbox 826 1140 1022 1222; x_wconf 78' lang='lat' dir='ltr'><strong>cusare</strong></span> <span class='ocrx_word' id='word_1_70' title='bbox 1052 1164 1280 1225; x_wconf 90' lang='lat' dir='ltr'><strong>videtur,</strong></span> <span class='ocrx_word' id='word_1_71' title='bbox 1314 1178 1409 1216; x_wconf 90' lang='lat' dir='ltr'><strong>eos</strong></span> <span class='ocrx_word' id='word_1_72' title='bbox 1440 1160 1600 1211; x_wconf 87' lang='lat' dir='ltr'><strong>tacite</strong></span> <span class='ocrx_word' id='word_1_73' title='bbox 1637 1152 1966 1222; x_wconf 77' lang='lat' dir='ltr'><strong>perstringit.</strong></span> <span class='ocrx_word' id='word_1_74' title='bbox 1999 1148 2132 1203; x_wconf 82' lang='lat' dir='ltr'><strong>Nam</strong></span> <span class='ocrx_word' id='word_1_75' title='bbox 2160 1144 2205 1198; x_wconf 87' lang='lat' dir='ltr'><strong>si</strong></span> <span class='ocrx_word' id='word_1_76' title='bbox 2230 1144 2339 1211; x_wconf 84' lang='lat' dir='ltr'><strong>jam</strong></span> <span class='ocrx_word' id='word_1_77' title='bbox 2368 1140 2418 1193; x_wconf 90' lang='lat' dir='ltr'><strong>ei</strong></span> 
     </span>
    </p>
   </div>
   <div class='ocr_carea' id='block_1_11' title="bbox 835 1230 2421 1312">
    <p class='ocr_par' dir='ltr' id='par_1_11' title="bbox 835 1230 2421 1312">
     <span class='ocr_line' id='line_1_11' title="bbox 835 1230 2421 1312; baseline -0.019 0"><span class='ocrx_word' id='word_1_78' title='bbox 835 1272 1121 1312; x_wconf 73' lang='lat' dir='ltr'><strong>mterorem</strong></span> <span class='ocrx_word' id='word_1_79' title='bbox 1148 1254 1456 1312; x_wconf 87' lang='lat' dir='ltr'><strong>attulerant,</strong></span> <span class='ocrx_word' id='word_1_80' title='bbox 1481 1262 1544 1300; x_wconf 91' lang='lat' dir='ltr'><strong>ac</strong></span> <span class='ocrx_word' id='word_1_81' title='bbox 1566 1258 1752 1299; x_wconf 83' lang='lat' dir='ltr'><strong>rursus</strong></span> <span class='ocrx_word' id='word_1_82' title='bbox 1780 1240 1992 1295; x_wconf 83' lang='lat' dir='ltr'><strong>aliaturi</strong></span> <span class='ocrx_word' id='word_1_83' title='bbox 2015 1243 2190 1299; x_wconf 88' lang='lat' dir='ltr'><strong>erant,</strong></span> <span class='ocrx_word' id='word_1_84' title='bbox 2217 1230 2421 1299; x_wconf 73' lang='lat' dir='ltr'><strong>cogites</strong></span> 
     </span>
    </p>
   </div>
   <div class='ocr_carea' id='block_1_12' title="bbox 834 1323 2423 1415">
    <p class='ocr_par' dir='ltr' id='par_1_12' title="bbox 834 1323 2423 1415">
     <span class='ocr_line' id='line_1_12' title="bbox 834 1323 2423 1415; baseline -0.016 -18"><span class='ocrx_word' id='word_1_85' title='bbox 834 1350 994 1401; x_wconf 73' lang='lat' dir='ltr'><strong>\elim</strong></span> <span class='ocrx_word' id='word_1_86' title='bbox 1057 1355 1291 1415; x_wconf 87' lang='lat' dir='ltr'><strong>quantus</strong></span> <span class='ocrx_word' id='word_1_87' title='bbox 1334 1353 1535 1395; x_wconf 76' lang='lat' dir='ltr'><strong>mceror</strong></span> <span class='ocrx_word' id='word_1_88' title='bbox 1588 1336 1754 1406; x_wconf 89' lang='lat' dir='ltr'><strong>ipsius</strong></span> <span class='ocrx_word' id='word_1_89' title='bbox 1802 1327 2168 1385; x_wconf 87' lang='lat' dir='ltr'><strong>verisimiliter</strong></span> <span class='ocrx_word' id='word_1_90' title='bbox 2214 1323 2423 1415; x_wconf 81' lang='lat' dir='ltr'><strong>futurus</strong></span> 
     </span>
    </p>
   </div>
   <div class='ocr_carea' id='block_1_13' title="bbox 832 1410 2422 1492">
    <p class='ocr_par' dir='ltr' id='par_1_13' title="bbox 832 1410 2422 1492">
     <span class='ocr_line' id='line_1_13' title="bbox 832 1410 2422 1492; baseline -0.02 0"><span class='ocrx_word' id='word_1_91' title='bbox 832 1448 969 1492; x_wconf 81' lang='lat' dir='ltr'><strong>erat.</strong></span> <span class='ocrx_word' id='word_1_92' title='bbox 1005 1410 1206 1491; x_wconf 68' lang='lat' dir='ltr'><strong>Verum</strong></span> <span class='ocrx_word' id='word_1_93' title='bbox 1236 1434 1336 1485; x_wconf 87' lang='lat' dir='ltr'><strong>hoc</strong></span> <span class='ocrx_word' id='word_1_94' title='bbox 1368 1446 1471 1482; x_wconf 91' lang='lat' dir='ltr'><strong>non</strong></span> <span class='ocrx_word' id='word_1_95' title='bbox 1523 1427 1666 1487; x_wconf 85' lang='lat' dir='ltr'><strong>dicit,</strong></span> <span class='ocrx_word' id='word_1_96' title='bbox 1698 1422 1841 1492; x_wconf 87' lang='lat' dir='ltr'><strong>quod</strong></span> <span class='ocrx_word' id='word_1_97' title='bbox 1891 1415 2143 1473; x_wconf 63' lang='lat' dir='ltr'><strong>maestitia</strong></span> <span class='ocrx_word' id='word_1_98' title='bbox 2195 1412 2261 1466; x_wconf 92' lang='lat' dir='ltr'><strong>ab</strong></span> <span class='ocrx_word' id='word_1_99' title='bbox 2294 1410 2422 1479; x_wconf 90' lang='lat' dir='ltr'><strong>ipsis</strong></span> 
     </span>
    </p>
   </div>
   <div class='ocr_carea' id='block_1_14' title="bbox 832 1500 2424 1585">
    <p class='ocr_par' dir='ltr' id='par_1_14' title="bbox 832 1500 2424 1585">
     <span class='ocr_line' id='line_1_14' title="bbox 832 1500 2424 1585; baseline -0.021 -1"><span class='ocrx_word' id='word_1_100' title='bbox 832 1529 1058 1583; x_wconf 77' lang='lat' dir='ltr'><strong>achctus</strong></span> <span class='ocrx_word' id='word_1_101' title='bbox 1086 1527 1176 1585; x_wconf 90' lang='lat' dir='ltr'><strong>sit,</strong></span> <span class='ocrx_word' id='word_1_102' title='bbox 1214 1521 1307 1577; x_wconf 90' lang='lat' dir='ltr'><strong>sed</strong></span> <span class='ocrx_word' id='word_1_103' title='bbox 1332 1520 1437 1573; x_wconf 77' lang='lat' dir='ltr'><strong>alio</strong></span> <span class='ocrx_word' id='word_1_104' title='bbox 1462 1516 1620 1570; x_wconf 88' lang='lat' dir='ltr'><strong>modo</strong></span> <span class='ocrx_word' id='word_1_105' title='bbox 1644 1515 1889 1583; x_wconf 89' lang='lat' dir='ltr'><strong>loquens,</strong></span> <span class='ocrx_word' id='word_1_106' title='bbox 1916 1510 2016 1562; x_wconf 91' lang='lat' dir='ltr'><strong>boc</strong></span> <span class='ocrx_word' id='word_1_107' title='bbox 2046 1507 2218 1574; x_wconf 90' lang='lat' dir='ltr'><strong>ipsum</strong></span> <span class='ocrx_word' id='word_1_108' title='bbox 2251 1500 2424 1555; x_wconf 86' lang='lat' dir='ltr'><strong>innuit</strong></span> 
     </span>
    </p>
   </div>
   <div class='ocr_carea' id='block_1_15' title="bbox 832 1593 2420 1689">
    <p class='ocr_par' dir='ltr' id='par_1_15' title="bbox 832 1593 2420 1689">
     <span class='ocr_line' id='line_1_15' title="bbox 832 1593 2420 1689; baseline -0.018 -15"><span class='ocrx_word' id='word_1_109' title='bbox 832 1622 1010 1689; x_wconf 79' lang='lat' dir='ltr'><strong>aitque</strong></span> <span class='ocrx_word' id='word_1_110' title='bbox 1043 1615 1363 1681; x_wconf 87' lang='lat' dir='ltr'><strong>:Propterea</strong></span> <span class='ocrx_word' id='word_1_111' title='bbox 1392 1626 1496 1663; x_wconf 90' lang='lat' dir='ltr'><strong>non</strong></span> <span class='ocrx_word' id='word_1_112' title='bbox 1527 1608 1666 1672; x_wconf 92' lang='lat' dir='ltr'><strong>veni,</strong></span> <span class='ocrx_word' id='word_1_113' title='bbox 1689 1622 1755 1659; x_wconf 90' lang='lat' dir='ltr'><strong>ne</strong></span> <span class='ocrx_word' id='word_1_114' title='bbox 1778 1618 1872 1657; x_wconf 88' lang='lat' dir='ltr'><strong>vos</strong></span> <span class='ocrx_word' id='word_1_115' title='bbox 1894 1612 2128 1655; x_wconf 68' lang='lat' dir='ltr'><strong>maerore</strong></span> <span class='ocrx_word' id='word_1_116' title='bbox 2156 1593 2420 1689; x_wconf 74' lang='lat' dir='ltr'><strong>afﬁciam:</strong></span> 
     </span>
    </p>
   </div>
   <div class='ocr_carea' id='block_1_16' title="bbox 833 1682 2418 1781">
    <p class='ocr_par' dir='ltr' id='par_1_16' title="bbox 833 1682 2418 1781">
     <span class='ocr_line' id='line_1_16' title="bbox 833 1682 2418 1781; baseline -0.021 -16"><span class='ocrx_word' id='word_1_117' title='bbox 833 1682 976 1781; x_wconf 74' lang='lat' dir='ltr'><strong>quod</strong></span> <span class='ocrx_word' id='word_1_118' title='bbox 1004 1706 1248 1761; x_wconf 84' lang='lat' dir='ltr'><strong>eamdem</strong></span> <span class='ocrx_word' id='word_1_119' title='bbox 1272 1700 1486 1771; x_wconf 80' lang='lat' dir='ltr'><strong>quidem</strong></span> <span class='ocrx_word' id='word_1_120' title='bbox 1522 1700 1628 1752; x_wconf 86' lang='lat' dir='ltr'><strong>vim</strong></span> <span class='ocrx_word' id='word_1_121' title='bbox 1656 1696 1819 1750; x_wconf 81' lang='lat' dir='ltr'><strong>habet</strong></span> <span class='ocrx_word' id='word_1_122' title='bbox 1844 1702 2005 1781; x_wconf 73' lang='lat' dir='ltr'><strong>atque</strong></span> <span class='ocrx_word' id='word_1_123' title='bbox 2034 1684 2258 1781; x_wconf 76' lang='lat' dir='ltr'><strong>idquod</strong></span> <span class='ocrx_word' id='word_1_124' title='bbox 2290 1682 2418 1743; x_wconf 75' lang='lat' dir='ltr'><strong>dixi,</strong></span> 
     </span>
    </p>
   </div>
   <div class='ocr_carea' id='block_1_17' title="bbox 837 1776 2425 1869">
    <p class='ocr_par' dir='ltr' id='par_1_17' title="bbox 837 1776 2425 1869">
     <span class='ocr_line' id='line_1_17' title="bbox 837 1776 2425 1869; baseline -0.021 -13"><span class='ocrx_word' id='word_1_125' title='bbox 837 1776 1166 1869; x_wconf 62' lang='lat' dir='ltr'><strong>aequioribus</strong></span> <span class='ocrx_word' id='word_1_126' title='bbox 1205 1805 1381 1847; x_wconf 90' lang='lat' dir='ltr'><strong>autem</strong></span> <span class='ocrx_word' id='word_1_127' title='bbox 1413 1790 1604 1845; x_wconf 86' lang='lat' dir='ltr'><strong>animis</strong></span> <span class='ocrx_word' id='word_1_128' title='bbox 1634 1784 1925 1855; x_wconf 81' lang='lat' dir='ltr'><strong>excipitur.</strong></span> <span class='ocrx_word' id='word_1_129' title='bbox 1954 1778 2009 1833; x_wconf 72' lang='lat'><strong>9..</strong></span> <span class='ocrx_word' id='word_1_130' title='bbox 2044 1779 2104 1833; x_wconf 91' lang='lat' dir='ltr'><strong>Si</strong></span> <span class='ocrx_word' id='word_1_131' title='bbox 2157 1776 2290 1829; x_wconf 89' lang='lat' dir='ltr'><strong>enim</strong></span> <span class='ocrx_word' id='word_1_132' title='bbox 2335 1787 2425 1842; x_wconf 75' lang='lat' dir='ltr'><strong>ego</strong></span> 
     </span>
    </p>
   </div>
   <div class='ocr_carea' id='block_1_18' title="bbox 837 1866 2427 1955">
    <p class='ocr_par' dir='ltr' id='par_1_18' title="bbox 837 1866 2427 1955">
     <span class='ocr_line' id='line_1_18' title="bbox 837 1866 2427 1955; baseline -0.018 -10"><span class='ocrx_word' id='word_1_133' title='bbox 837 1866 1082 1947; x_wconf 79' lang='lat' dir='ltr'><strong>contristo</strong></span> <span class='ocrx_word' id='word_1_134' title='bbox 1122 1906 1226 1953; x_wconf 85' lang='lat' dir='ltr'><strong>vos,</strong></span> <span class='ocrx_word' id='word_1_135' title='bbox 1266 1897 1310 1939; x_wconf 83' lang='lat' dir='ltr'><strong>et</strong></span> <span class='ocrx_word' id='word_1_136' title='bbox 1337 1887 1557 1955; x_wconf 84' lang='lat' dir='ltr'><strong>quisest</strong></span> <span class='ocrx_word' id='word_1_137' title='bbox 1584 1883 1668 1951; x_wconf 87' lang='lat' dir='ltr'><strong>qui</strong></span> <span class='ocrx_word' id='word_1_138' title='bbox 1698 1896 1774 1932; x_wconf 87' lang='lat' dir='ltr'><strong>me</strong></span> <span class='ocrx_word' id='word_1_139' title='bbox 1815 1876 2058 1943; x_wconf 70' lang='lat' dir='ltr'><strong>lmtiﬁcet,</strong></span> <span class='ocrx_word' id='word_1_140' title='bbox 2112 1870 2213 1923; x_wconf 86' lang='lat' dir='ltr'><strong>nisi</strong></span> <span class='ocrx_word' id='word_1_141' title='bbox 2252 1870 2293 1920; x_wconf 91' lang='lat' dir='ltr'><strong>is</strong></span> <span class='ocrx_word' id='word_1_142' title='bbox 2340 1866 2427 1934; x_wconf 85' lang='lat' dir='ltr'><strong>qui</strong></span> 
     </span>
    </p>
   </div>
   <div class='ocr_carea' id='block_1_19' title="bbox 838 1957 2426 2041">
    <p class='ocr_par' dir='ltr' id='par_1_19' title="bbox 838 1957 2426 2041">
     <span class='ocr_line' id='line_1_19' title="bbox 838 1957 2426 2041; baseline -0.017 -4"><span class='ocrx_word' id='word_1_143' title='bbox 838 1982 1165 2037; x_wconf 88' lang='lat' dir='ltr'><strong>contristatur</strong></span> <span class='ocrx_word' id='word_1_144' title='bbox 1190 1995 1251 2032; x_wconf 73' lang='lat' dir='ltr'><strong>ca:</strong></span> <span class='ocrx_word' id='word_1_145' title='bbox 1286 1978 1403 2030; x_wconf 85' lang='lat' dir='ltr'><strong>me?</strong></span> <span class='ocrx_word' id='word_1_146' title='bbox 1435 1977 1687 2041; x_wconf 57' lang='lat' dir='ltr'><strong>Qua‘nani</strong></span> <span class='ocrx_word' id='word_1_147' title='bbox 1723 1970 1837 2023; x_wconf 74' lang='lat' dir='ltr'><strong>lucc</strong></span> <span class='ocrx_word' id='word_1_148' title='bbox 1866 1962 2249 2035; x_wconf 77' lang='lat' dir='ltr'><strong>consequentia</strong></span> <span class='ocrx_word' id='word_1_149' title='bbox 2303 1957 2426 2013; x_wconf 82' lang='lat' dir='ltr'><strong>est?</strong></span> 
     </span>
    </p>
   </div>
   <div class='ocr_carea' id='block_1_20' title="bbox 842 2051 2428 2129">
    <p class='ocr_par' dir='ltr' id='par_1_20' title="bbox 842 2051 2428 2129">
     <span class='ocr_line' id='line_1_20' title="bbox 842 2051 2428 2129; baseline -0.015 0"><span class='ocrx_word' id='word_1_150' title='bbox 842 2077 1065 2129; x_wconf 80' lang='lat' dir='ltr'><strong>Maxima</strong></span> <span class='ocrx_word' id='word_1_151' title='bbox 1092 2082 1237 2128; x_wconf 90' lang='lat' dir='ltr'><strong>certe</strong></span> <span class='ocrx_word' id='word_1_152' title='bbox 1270 2088 1283 2123; x_wconf 88' lang='lat'><strong>:</strong></span> <span class='ocrx_word' id='word_1_153' title='bbox 1329 2070 1406 2122; x_wconf 90' lang='lat' dir='ltr'><strong>sic</strong></span> <span class='ocrx_word' id='word_1_154' title='bbox 1436 2068 1577 2121; x_wconf 91' lang='lat' dir='ltr'><strong>enim</strong></span> <span class='ocrx_word' id='word_1_155' title='bbox 1610 2064 1907 2119; x_wconf 89' lang='lat' dir='ltr'><strong>considera.</strong></span> <span class='ocrx_word' id='word_1_156' title='bbox 1939 2057 2115 2122; x_wconf 84' lang='lat' dir='ltr'><strong>Nolui,</strong></span> <span class='ocrx_word' id='word_1_157' title='bbox 2142 2055 2331 2123; x_wconf 82' lang='lat' dir='ltr'><strong>inquit,</strong></span> <span class='ocrx_word' id='word_1_158' title='bbox 2361 2051 2428 2106; x_wconf 89' lang='lat' dir='ltr'><strong>ad</strong></span> 
     </span>
    </p>
   </div>
   <div class='ocr_carea' id='block_1_21' title="bbox 841 2148 2425 2236">
    <p class='ocr_par' dir='ltr' id='par_1_21' title="bbox 841 2148 2425 2236">
     <span class='ocr_line' id='line_1_21' title="bbox 841 2148 2425 2236; baseline -0.016 -16"><span class='ocrx_word' id='word_1_159' title='bbox 841 2183 935 2220; x_wconf 87' lang='lat' dir='ltr'><strong>vos</strong></span> <span class='ocrx_word' id='word_1_160' title='bbox 962 2165 1247 2236; x_wconf 84' lang='lat' dir='ltr'><strong>proﬁcisci,</strong></span> <span class='ocrx_word' id='word_1_161' title='bbox 1280 2176 1346 2214; x_wconf 92' lang='lat' dir='ltr'><strong>ne</strong></span> <span class='ocrx_word' id='word_1_162' title='bbox 1371 2173 1463 2212; x_wconf 89' lang='lat' dir='ltr'><strong>vos</strong></span> <span class='ocrx_word' id='word_1_163' title='bbox 1490 2157 1715 2225; x_wconf 89' lang='lat' dir='ltr'><strong>amplius</strong></span> <span class='ocrx_word' id='word_1_164' title='bbox 1741 2153 2077 2215; x_wconf 76' lang='lat' dir='ltr'><strong>contristent,</strong></span> <span class='ocrx_word' id='word_1_165' title='bbox 2117 2148 2425 2214; x_wconf 83' lang='lat' dir='ltr'><strong>objurgans,</strong></span> 
     </span>
    </p>
   </div>
   <div class='ocr_carea' id='block_1_22' title="bbox 841 2241 2431 2318">
    <p class='ocr_par' dir='ltr' id='par_1_22' title="bbox 841 2241 2431 2318">
     <span class='ocr_line' id='line_1_22' title="bbox 841 2241 2431 2318; baseline -0.016 -5"><span class='ocrx_word' id='word_1_166' title='bbox 841 2257 1261 2318; x_wconf 78' lang='lat' dir='ltr'><strong>excandescens,</strong></span> <span class='ocrx_word' id='word_1_167' title='bbox 1286 2266 1563 2313; x_wconf 73' lang='lat' dir='ltr'><strong>avet-suns.</strong></span> <span class='ocrx_word' id='word_1_168' title='bbox 1584 2247 1805 2310; x_wconf 86' lang='lat' dir='ltr'><strong>Deinde,</strong></span> <span class='ocrx_word' id='word_1_169' title='bbox 1828 2244 2077 2312; x_wconf 90' lang='lat' dir='ltr'><strong>quoniam</strong></span> <span class='ocrx_word' id='word_1_170' title='bbox 2104 2241 2203 2291; x_wconf 83' lang='lat' dir='ltr'><strong>lioc</strong></span> <span class='ocrx_word' id='word_1_171' title='bbox 2220 2249 2431 2305; x_wconf 88' lang='lat' dir='ltr'><strong>quoque</strong></span> 
     </span>
    </p>
   </div>
   <div class='ocr_carea' id='block_1_23' title="bbox 841 2330 2431 2420">
    <p class='ocr_par' dir='ltr' id='par_1_23' title="bbox 841 2330 2431 2420">
     <span class='ocr_line' id='line_1_23' title="bbox 841 2330 2431 2420; baseline -0.016 -15"><span class='ocrx_word' id='word_1_172' title='bbox 841 2366 1003 2420; x_wconf 86' lang='lat' dir='ltr'><strong>grave</strong></span> <span class='ocrx_word' id='word_1_173' title='bbox 1038 2354 1188 2409; x_wconf 83' lang='lat' dir='ltr'><strong>erat,</strong></span> <span class='ocrx_word' id='word_1_174' title='bbox 1218 2355 1375 2412; x_wconf 89' lang='lat' dir='ltr'><strong>atque</strong></span> <span class='ocrx_word' id='word_1_175' title='bbox 1406 2344 1644 2410; x_wconf 87' lang='lat' dir='ltr'><strong>ipsorum</strong></span> <span class='ocrx_word' id='word_1_176' title='bbox 1674 2338 2071 2392; x_wconf 76' lang='lat' dir='ltr'><strong>accusationem</strong></span> <span class='ocrx_word' id='word_1_177' title='bbox 2104 2330 2431 2399; x_wconf 86' lang='lat' dir='ltr'><strong>complecte-</strong></span> 
     </span>
    </p>
   </div>
   <div class='ocr_carea' id='block_1_24' title="bbox 845 2418 2430 2506">
    <p class='ocr_par' dir='ltr' id='par_1_24' title="bbox 845 2418 2430 2506">
     <span class='ocr_line' id='line_1_24' title="bbox 845 2418 2430 2506; baseline -0.015 -12"><span class='ocrx_word' id='word_1_178' title='bbox 845 2418 1019 2502; x_wconf 80' lang='lat' dir='ltr'><strong>batur,</strong></span> <span class='ocrx_word' id='word_1_179' title='bbox 1052 2439 1094 2490; x_wconf 92' lang='lat' dir='ltr'><strong>si</strong></span> <span class='ocrx_word' id='word_1_180' title='bbox 1122 2435 1334 2506; x_wconf 88' lang='lat' dir='ltr'><strong>quidem</strong></span> <span class='ocrx_word' id='word_1_181' title='bbox 1360 2432 1429 2486; x_wconf 85' lang='lat' dir='ltr'><strong>ita</strong></span> <span class='ocrx_word' id='word_1_182' title='bbox 1461 2432 1719 2493; x_wconf 89' lang='lat' dir='ltr'><strong>viverent,</strong></span> <span class='ocrx_word' id='word_1_183' title='bbox 1754 2438 1807 2481; x_wconf 92' lang='lat' dir='ltr'><strong>ut</strong></span> <span class='ocrx_word' id='word_1_184' title='bbox 1832 2428 2047 2481; x_wconf 82' lang='lat' dir='ltr'><strong>Paulum</strong></span> <span class='ocrx_word' id='word_1_185' title='bbox 2074 2422 2327 2477; x_wconf 70' lang='lat' dir='ltr'><strong>mmstitia</strong></span> <span class='ocrx_word' id='word_1_186' title='bbox 2351 2418 2430 2472; x_wconf 83' lang='lat' dir='ltr'><strong>af-</strong></span> 
     </span>
    </p>
   </div>
   <div class='ocr_carea' id='block_1_25' title="bbox 847 2513 2433 2591">
    <p class='ocr_par' dir='ltr' id='par_1_25' title="bbox 847 2513 2433 2591">
     <span class='ocr_line' id='line_1_25' title="bbox 847 2513 2433 2591; baseline -0.017 -5"><span class='ocrx_word' id='word_1_187' title='bbox 847 2536 1088 2591; x_wconf 89' lang='lat' dir='ltr'><strong>ticerent,</strong></span> <span class='ocrx_word' id='word_1_188' title='bbox 1142 2526 1534 2581; x_wconf 70' lang='lat' dir='ltr'><strong>correctiOuem</strong></span> <span class='ocrx_word' id='word_1_189' title='bbox 1566 2522 1804 2581; x_wconf 83' lang='lat' dir='ltr'><strong>adhibet,</strong></span> <span class='ocrx_word' id='word_1_190' title='bbox 1839 2518 2019 2584; x_wconf 80' lang='lat' dir='ltr'><strong>aitque</strong></span> <span class='ocrx_word' id='word_1_191' title='bbox 2047 2533 2059 2567; x_wconf 90' lang='lat'><strong>:</strong></span> <span class='ocrx_word' id='word_1_192' title='bbox 2094 2514 2151 2567; x_wconf 86' lang='lat' dir='ltr'><strong>Si</strong></span> <span class='ocrx_word' id='word_1_193' title='bbox 2178 2513 2311 2564; x_wconf 87' lang='lat' dir='ltr'><strong>enim</strong></span> <span class='ocrx_word' id='word_1_194' title='bbox 2342 2523 2433 2578; x_wconf 83' lang='lat' dir='ltr'><strong>ego</strong></span> 
     </span>
    </p>
   </div>
   <div class='ocr_carea' id='block_1_26' title="bbox 846 2600 2435 2685">
    <p class='ocr_par' dir='ltr' id='par_1_26' title="bbox 846 2600 2435 2685">
     <span class='ocr_line' id='line_1_26' title="bbox 846 2600 2435 2685; baseline -0.015 -10"><span class='ocrx_word' id='word_1_195' title='bbox 846 2620 1087 2676; x_wconf 87' lang='lat' dir='ltr'><strong>contristo</strong></span> <span class='ocrx_word' id='word_1_196' title='bbox 1126 2634 1233 2682; x_wconf 85' lang='lat' dir='ltr'><strong>vos,</strong></span> <span class='ocrx_word' id='word_1_197' title='bbox 1272 2626 1317 2669; x_wconf 87' lang='lat' dir='ltr'><strong>et</strong></span> <span class='ocrx_word' id='word_1_198' title='bbox 1348 2616 1458 2685; x_wconf 85' lang='lat' dir='ltr'><strong>quis</strong></span> <span class='ocrx_word' id='word_1_199' title='bbox 1509 2624 1578 2667; x_wconf 86' lang='lat' dir='ltr'><strong>est</strong></span> <span class='ocrx_word' id='word_1_200' title='bbox 1608 2613 1692 2681; x_wconf 88' lang='lat' dir='ltr'><strong>qui</strong></span> <span class='ocrx_word' id='word_1_201' title='bbox 1726 2626 1802 2661; x_wconf 88' lang='lat' dir='ltr'><strong>me</strong></span> <span class='ocrx_word' id='word_1_202' title='bbox 1828 2608 2069 2674; x_wconf 70' lang='lat' dir='ltr'><strong>lctiﬁcet,</strong></span> <span class='ocrx_word' id='word_1_203' title='bbox 2112 2603 2211 2656; x_wconf 85' lang='lat' dir='ltr'><strong>nisi</strong></span> <span class='ocrx_word' id='word_1_204' title='bbox 2263 2603 2305 2653; x_wconf 89' lang='lat' dir='ltr'><strong>is</strong></span> <span class='ocrx_word' id='word_1_205' title='bbox 2348 2600 2435 2669; x_wconf 86' lang='lat' dir='ltr'><strong>qui</strong></span> 
     </span>
    </p>
   </div>
   <div class='ocr_carea' id='block_1_27' title="bbox 848 2694 2436 2767">
    <p class='ocr_par' dir='ltr' id='par_1_27' title="bbox 848 2694 2436 2767">
     <span class='ocr_line' id='line_1_27' title="bbox 848 2694 2436 2767; baseline -0.015 0"><span class='ocrx_word' id='word_1_206' title='bbox 848 2716 1172 2767; x_wconf 83' lang='lat' dir='ltr'><strong>contristatur</strong></span> <span class='ocrx_word' id='word_1_207' title='bbox 1203 2728 1263 2763; x_wconf 69' lang='lat' dir='ltr'><strong>ea;</strong></span> <span class='ocrx_word' id='word_1_208' title='bbox 1289 2710 1403 2761; x_wconf 88' lang='lat' dir='ltr'><strong>me?</strong></span> <span class='ocrx_word' id='word_1_209' title='bbox 1437 2706 1636 2760; x_wconf 87' lang='lat' dir='ltr'><strong>Horum</strong></span> <span class='ocrx_word' id='word_1_210' title='bbox 1664 2712 1840 2755; x_wconf 81' lang='lat' dir='ltr'><strong>autent</strong></span> <span class='ocrx_word' id='word_1_211' title='bbox 1877 2699 2160 2753; x_wconf 73' lang='lat' dir='ltr'><strong>verborum</strong></span> <span class='ocrx_word' id='word_1_212' title='bbox 2196 2694 2282 2747; x_wconf 90' lang='lat' dir='ltr'><strong>hic</strong></span> <span class='ocrx_word' id='word_1_213' title='bbox 2313 2707 2436 2745; x_wconf 82' lang='lat' dir='ltr'><strong>sen-</strong></span> 
     </span>
    </p>
   </div>
   <div class='ocr_carea' id='block_1_28' title="bbox 849 2785 2436 2873">
    <p class='ocr_par' dir='ltr' id='par_1_28' title="bbox 849 2785 2436 2873">
     <span class='ocr_line' id='line_1_28' title="bbox 849 2785 2436 2873; baseline -0.014 -12"><span class='ocrx_word' id='word_1_214' title='bbox 849 2824 940 2861; x_wconf 85' lang='lat' dir='ltr'><strong>sus</strong></span> <span class='ocrx_word' id='word_1_215' title='bbox 966 2818 1045 2859; x_wconf 87' lang='lat' dir='ltr'><strong>cst</strong></span> <span class='ocrx_word' id='word_1_216' title='bbox 1080 2824 1094 2858; x_wconf 72' lang='grc' dir='ltr'>ε</span> <span class='ocrx_word' id='word_1_217' title='bbox 1124 2805 1261 2873; x_wconf 87' lang='lat' dir='ltr'><strong>quod</strong></span> <span class='ocrx_word' id='word_1_218' title='bbox 1292 2802 1335 2854; x_wconf 84' lang='lat' dir='ltr'><strong>si</strong></span> <span class='ocrx_word' id='word_1_219' title='bbox 1364 2800 1523 2853; x_wconf 83' lang='lat' dir='ltr'><strong>etiam</strong></span> <span class='ocrx_word' id='word_1_220' title='bbox 1559 2797 1790 2847; x_wconf 86' lang='lat' dir='ltr'><strong>futurum</strong></span> <span class='ocrx_word' id='word_1_221' title='bbox 1842 2801 2005 2854; x_wconf 82' lang='lat' dir='ltr'><strong>esset,</strong></span> <span class='ocrx_word' id='word_1_222' title='bbox 2060 2800 2117 2842; x_wconf 87' lang='lat' dir='ltr'><strong>ut</strong></span> <span class='ocrx_word' id='word_1_223' title='bbox 2162 2787 2215 2842; x_wconf 87' lang='lat' dir='ltr'><strong>in</strong></span> <span class='ocrx_word' id='word_1_224' title='bbox 2247 2785 2436 2840; x_wconf 88' lang='lat' dir='ltr'><strong>dolore</strong></span> 
     </span>
    </p>
   </div>
   <div class='ocr_carea' id='block_1_29' title="bbox 853 2877 2436 2961">
    <p class='ocr_par' dir='ltr' id='par_1_29' title="bbox 853 2877 2436 2961">
     <span class='ocr_line' id='line_1_29' title="bbox 853 2877 2436 2961; baseline -0.015 -7"><span class='ocrx_word' id='word_1_225' title='bbox 853 2913 1120 2961; x_wconf 87' lang='lat' dir='ltr'><strong>versarer,</strong></span> <span class='ocrx_word' id='word_1_226' title='bbox 1146 2897 1273 2949; x_wconf 91' lang='lat' dir='ltr'><strong>dum</strong></span> <span class='ocrx_word' id='word_1_227' title='bbox 1301 2892 1507 2945; x_wconf 82' lang='lat' dir='ltr'><strong>scilicet</strong></span> <span class='ocrx_word' id='word_1_228' title='bbox 1547 2904 1642 2941; x_wconf 89' lang='lat' dir='ltr'><strong>vos</strong></span> <span class='ocrx_word' id='word_1_229' title='bbox 1670 2888 1957 2955; x_wconf 85' lang='lat' dir='ltr'><strong>objurgare</strong></span> <span class='ocrx_word' id='word_1_230' title='bbox 2003 2898 2065 2935; x_wconf 90' lang='lat' dir='ltr'><strong>ac</strong></span> <span class='ocrx_word' id='word_1_231' title='bbox 2095 2889 2318 2935; x_wconf 70' lang='lat' dir='ltr'><strong>maestos</strong></span> <span class='ocrx_word' id='word_1_232' title='bbox 2358 2877 2436 2931; x_wconf 85' lang='lat' dir='ltr'><strong>vi-</strong></span> 
     </span>
    </p>
   </div>
   <div class='ocr_carea' id='block_1_30' title="bbox 850 2972 2433 3056">
    <p class='ocr_par' dir='ltr' id='par_1_30' title="bbox 850 2972 2433 3056">
     <span class='ocr_line' id='line_1_30' title="bbox 850 2972 2433 3056; baseline -0.015 -11"><span class='ocrx_word' id='word_1_233' title='bbox 850 2991 979 3044; x_wconf 89' lang='lat' dir='ltr'><strong>dere</strong></span> <span class='ocrx_word' id='word_1_234' title='bbox 1007 3001 1229 3056; x_wconf 84' lang='lat' dir='ltr'><strong>cogerer</strong></span> <span class='ocrx_word' id='word_1_235' title='bbox 1260 3002 1273 3037; x_wconf 86' lang='lat'><strong>:</strong></span> <span class='ocrx_word' id='word_1_236' title='bbox 1303 2991 1356 3035; x_wconf 88' lang='lat' dir='ltr'><strong>at</strong></span> <span class='ocrx_word' id='word_1_237' title='bbox 1380 2996 1447 3035; x_wconf 81' lang='lat' dir='ltr'><strong>ex</strong></span> <span class='ocrx_word' id='word_1_238' title='bbox 1478 2981 1577 3034; x_wconf 89' lang='lat' dir='ltr'><strong>hoc</strong></span> <span class='ocrx_word' id='word_1_239' title='bbox 1599 2992 1812 3049; x_wconf 88' lang='lat' dir='ltr'><strong>quoque</strong></span> <span class='ocrx_word' id='word_1_240' title='bbox 1842 2976 1957 3043; x_wconf 90' lang='lat' dir='ltr'><strong>ipso</strong></span> <span class='ocrx_word' id='word_1_241' title='bbox 1989 2972 2315 3041; x_wconf 81' lang='lat' dir='ltr'><strong>voluptatem</strong></span> <span class='ocrx_word' id='word_1_242' title='bbox 2341 2983 2433 3023; x_wconf 77' lang='lat' dir='ltr'><strong>ca-</strong></span> 
     </span>
    </p>
   </div>
   <div class='ocr_carea' id='block_1_31' title="bbox 853 3070 2432 3153">
    <p class='ocr_par' dir='ltr' id='par_1_31' title="bbox 853 3070 2432 3153">
     <span class='ocr_line' id='line_1_31' title="bbox 853 3070 2432 3153; baseline -0.015 -15"><span class='ocrx_word' id='word_1_243' title='bbox 853 3100 1054 3153; x_wconf 88' lang='lat' dir='ltr'><strong>perem.</strong></span> <span class='ocrx_word' id='word_1_244' title='bbox 1088 3079 1371 3134; x_wconf 82' lang='lat' dir='ltr'><strong>Maximum</strong></span> <span class='ocrx_word' id='word_1_245' title='bbox 1405 3076 1545 3131; x_wconf 91' lang='lat' dir='ltr'><strong>enim</strong></span> <span class='ocrx_word' id='word_1_246' title='bbox 1573 3074 1675 3127; x_wconf 86' lang='lat' dir='ltr'><strong>lioc</strong></span> <span class='ocrx_word' id='word_1_247' title='bbox 1705 3070 1903 3124; x_wconf 82' lang='lat' dir='ltr'><strong>amoris</strong></span> <span class='ocrx_word' id='word_1_248' title='bbox 1933 3076 2307 3137; x_wconf 81' lang='lat' dir='ltr'><strong>argumentum</strong></span> <span class='ocrx_word' id='word_1_249' title='bbox 2331 3071 2432 3127; x_wconf 86' lang='lat' dir='ltr'><strong>est,</strong></span> 
     </span>
    </p>
   </div>
   <div class='ocr_carea' id='block_1_32' title="bbox 855 3156 2435 3237">
    <p class='ocr_par' dir='ltr' id='par_1_32' title="bbox 855 3156 2435 3237">
     <span class='ocr_line' id='line_1_32' title="bbox 855 3156 2435 3237; baseline -0.01 -10"><span class='ocrx_word' id='word_1_250' title='bbox 855 3174 988 3227; x_wconf 88' lang='lat' dir='ltr'><strong>tanti</strong></span> <span class='ocrx_word' id='word_1_251' title='bbox 1030 3188 1116 3225; x_wconf 89' lang='lat' dir='ltr'><strong>me</strong></span> <span class='ocrx_word' id='word_1_252' title='bbox 1147 3186 1175 3223; x_wconf 89' lang='lat' dir='ltr'><strong>a</strong></span> <span class='ocrx_word' id='word_1_253' title='bbox 1205 3170 1352 3223; x_wconf 83' lang='lat' dir='ltr'><strong>vobis</strong></span> <span class='ocrx_word' id='word_1_254' title='bbox 1384 3167 1570 3237; x_wconf 89' lang='lat' dir='ltr'><strong>pendi,</strong></span> <span class='ocrx_word' id='word_1_255' title='bbox 1606 3175 1663 3219; x_wconf 93' lang='lat' dir='ltr'><strong>ut</strong></span> <span class='ocrx_word' id='word_1_256' title='bbox 1690 3164 1898 3217; x_wconf 85' lang='lat' dir='ltr'><strong>animos</strong></span> <span class='ocrx_word' id='word_1_257' title='bbox 1948 3168 2158 3213; x_wconf 91' lang='lat' dir='ltr'><strong>vestros</strong></span> <span class='ocrx_word' id='word_1_258' title='bbox 2189 3156 2435 3211; x_wconf 83' lang='lat' dir='ltr'><strong>mordere</strong></span> 
     </span>
    </p>
   </div>
   <div class='ocr_carea' id='block_1_33' title="bbox 851 3262 1612 3334">
    <p class='ocr_par' dir='ltr' id='par_1_33' title="bbox 851 3262 1612 3334">
     <span class='ocr_line' id='line_1_33' title="bbox 851 3262 1612 3334; baseline -0.009 -17"><span class='ocrx_word' id='word_1_259' title='bbox 851 3279 1065 3334; x_wconf 86' lang='lat' dir='ltr'><strong>queam,</strong></span> <span class='ocrx_word' id='word_1_260' title='bbox 1098 3262 1221 3316; x_wconf 90' lang='lat' dir='ltr'><strong>dum</strong></span> <span class='ocrx_word' id='word_1_261' title='bbox 1250 3276 1343 3315; x_wconf 90' lang='lat' dir='ltr'><strong>vos</strong></span> <span class='ocrx_word' id='word_1_262' title='bbox 1373 3273 1612 3313; x_wconf 89' lang='lat' dir='ltr'><strong>aversor.</strong></span> 
     </span>
    </p>
   </div>
   <div class='ocr_carea' id='block_1_34' title="bbox 923 3339 2436 3421">
    <p class='ocr_par' dir='ltr' id='par_1_34' title="bbox 923 3339 2436 3421">
     <span class='ocr_line' id='line_1_34' title="bbox 923 3339 2436 3421; baseline -0.011 -14"><span class='ocrx_word' id='word_1_263' title='bbox 923 3354 973 3407; x_wconf 71' lang='lat'><strong>2.</strong></span> <span class='ocrx_word' id='word_1_264' title='bbox 1022 3351 1682 3421; x_wconf 78' lang='lat' dir='ltr'><strong>Pautiprudentia.—Ac</strong></span> <span class='ocrx_word' id='word_1_265' title='bbox 1732 3344 1851 3399; x_wconf 83' lang='lat' dir='ltr'><strong>vide</strong></span> <span class='ocrx_word' id='word_1_266' title='bbox 1894 3342 2248 3413; x_wconf 83' lang='lat' dir='ltr'><strong>prudentiain.</strong></span> <span class='ocrx_word' id='word_1_267' title='bbox 2304 3339 2436 3393; x_wconf 89' lang='lat' dir='ltr'><strong>Nam</strong></span> 
     </span>
    </p>
   </div>
   <div class='ocr_carea' id='block_1_35' title="bbox 853 3432 2438 3519">
    <p class='ocr_par' dir='ltr' id='par_1_35' title="bbox 853 3432 2438 3519">
     <span class='ocr_line' id='line_1_35' title="bbox 853 3432 2438 3519; baseline -0.011 -16"><span class='ocrx_word' id='word_1_268' title='bbox 853 3448 995 3519; x_wconf 90' lang='lat' dir='ltr'><strong>quod</strong></span> <span class='ocrx_word' id='word_1_269' title='bbox 1023 3449 1072 3501; x_wconf 90' lang='lat' dir='ltr'><strong>in</strong></span> <span class='ocrx_word' id='word_1_270' title='bbox 1104 3461 1253 3500; x_wconf 88' lang='lat' dir='ltr'><strong>more</strong></span> <span class='ocrx_word' id='word_1_271' title='bbox 1293 3443 1673 3510; x_wconf 88' lang='lat' dir='ltr'><strong>discipulorum</strong></span> <span class='ocrx_word' id='word_1_272' title='bbox 1704 3438 1932 3507; x_wconf 85' lang='lat' dir='ltr'><strong>positum</strong></span> <span class='ocrx_word' id='word_1_273' title='bbox 1960 3447 2062 3498; x_wconf 80' lang='lat' dir='ltr'><strong>est,</strong></span> <span class='ocrx_word' id='word_1_274' title='bbox 2108 3444 2167 3488; x_wconf 91' lang='lat' dir='ltr'><strong>ut</strong></span> <span class='ocrx_word' id='word_1_275' title='bbox 2220 3432 2438 3486; x_wconf 89' lang='lat' dir='ltr'><strong>doleant</strong></span> 
     </span>
    </p>
   </div>
   <div class='ocr_carea' id='block_1_36' title="bbox 855 3524 2440 3608">
    <p class='ocr_par' dir='ltr' id='par_1_36' title="bbox 855 3524 2440 3608">
     <span class='ocr_line' id='line_1_36' title="bbox 855 3524 2440 3608; baseline -0.011 -15"><span class='ocrx_word' id='word_1_276' title='bbox 855 3551 1017 3608; x_wconf 88' lang='lat' dir='ltr'><strong>atque</strong></span> <span class='ocrx_word' id='word_1_277' title='bbox 1039 3553 1179 3606; x_wconf 80' lang='lat' dir='ltr'><strong>:rgre</strong></span> <span class='ocrx_word' id='word_1_278' title='bbox 1212 3535 1384 3588; x_wconf 85' lang='lat' dir='ltr'><strong>ferant</strong></span> <span class='ocrx_word' id='word_1_279' title='bbox 1409 3536 1525 3585; x_wconf 77' lang='lat' dir='ltr'><strong>eum</strong></span> <span class='ocrx_word' id='word_1_280' title='bbox 1549 3532 1915 3599; x_wconf 84' lang='lat' dir='ltr'><strong>objurgantnr,</strong></span> <span class='ocrx_word' id='word_1_281' title='bbox 1942 3528 2017 3580; x_wconf 91' lang='lat' dir='ltr'><strong>sic</strong></span> <span class='ocrx_word' id='word_1_282' title='bbox 2038 3538 2211 3579; x_wconf 77' lang='lat' dir='ltr'><strong>tamen</strong></span> <span class='ocrx_word' id='word_1_283' title='bbox 2240 3539 2331 3578; x_wconf 86' lang='lat' dir='ltr'><strong>eos</strong></span> <span class='ocrx_word' id='word_1_284' title='bbox 2361 3524 2440 3576; x_wconf 86' lang='lat' dir='ltr'><strong>in-</strong></span> 
     </span>
    </p>
   </div>
   <div class='ocr_carea' id='block_1_37' title="bbox 856 3616 2438 3696">
    <p class='ocr_par' dir='ltr' id='par_1_37' title="bbox 856 3616 2438 3696">
     <span class='ocr_line' id='line_1_37' title="bbox 856 3616 2438 3696; baseline -0.009 -12"><span class='ocrx_word' id='word_1_285' title='bbox 856 3631 1040 3696; x_wconf 91' lang='lat' dir='ltr'><strong>ducit,</strong></span> <span class='ocrx_word' id='word_1_286' title='bbox 1075 3640 1344 3695; x_wconf 86' lang='lat' dir='ltr'><strong>tamquam</strong></span> <span class='ocrx_word' id='word_1_287' title='bbox 1378 3626 1473 3677; x_wconf 87' lang='lat' dir='ltr'><strong>bac</strong></span> <span class='ocrx_word' id='word_1_288' title='bbox 1503 3624 1552 3676; x_wconf 92' lang='lat' dir='ltr'><strong>in</strong></span> <span class='ocrx_word' id='word_1_289' title='bbox 1588 3639 1643 3676; x_wconf 89' lang='lat' dir='ltr'><strong>re</strong></span> <span class='ocrx_word' id='word_1_290' title='bbox 1672 3622 1770 3691; x_wconf 91' lang='lat' dir='ltr'><strong>ipsi</strong></span> <span class='ocrx_word' id='word_1_291' title='bbox 1820 3620 2227 3689; x_wconf 90' lang='lat' dir='ltr'><strong>gratiﬁcentur:</strong></span> <span class='ocrx_word' id='word_1_292' title='bbox 2256 3616 2438 3683; x_wconf 81' lang='lat' dir='ltr'><strong>Neque</strong></span> 
     </span>
    </p>
   </div>
   <div class='ocr_carea' id='block_1_38' title="bbox 856 3708 2440 3787">
    <p class='ocr_par' dir='ltr' id='par_1_38' title="bbox 856 3708 2440 3787">
     <span class='ocr_line' id='line_1_38' title="bbox 856 3708 2440 3787; baseline -0.009 -11"><span class='ocrx_word' id='word_1_293' title='bbox 856 3723 1019 3783; x_wconf 83' lang='lat' dir='ltr'><strong>enim,</strong></span> <span class='ocrx_word' id='word_1_294' title='bbox 1055 3719 1249 3787; x_wconf 91' lang='lat' dir='ltr'><strong>inquit,</strong></span> <span class='ocrx_word' id='word_1_295' title='bbox 1280 3733 1363 3770; x_wconf 88' lang='lat' dir='ltr'><strong>me</strong></span> <span class='ocrx_word' id='word_1_296' title='bbox 1392 3715 1658 3786; x_wconf 85' lang='lat' dir='ltr'><strong>quiSpiam</strong></span> <span class='ocrx_word' id='word_1_297' title='bbox 1710 3711 1929 3781; x_wconf 84' lang='lat' dir='ltr'><strong>perinde</strong></span> <span class='ocrx_word' id='word_1_298' title='bbox 1955 3709 2217 3765; x_wconf 77' lang='lat' dir='ltr'><strong>exliilarat</strong></span> <span class='ocrx_word' id='word_1_299' title='bbox 2261 3720 2318 3762; x_wconf 91' lang='lat' dir='ltr'><strong>ut</strong></span> <span class='ocrx_word' id='word_1_300' title='bbox 2352 3708 2440 3761; x_wconf 90' lang='lat' dir='ltr'><strong>ille</strong></span> 
     </span>
    </p>
   </div>
   <div class='ocr_carea' id='block_1_39' title="bbox 858 3801 2438 3883">
    <p class='ocr_par' dir='ltr' id='par_1_39' title="bbox 858 3801 2438 3883">
     <span class='ocr_line' id='line_1_39' title="bbox 858 3801 2438 3883; baseline -0.009 -18"><span class='ocrx_word' id='word_1_301' title='bbox 858 3814 947 3883; x_wconf 91' lang='lat' dir='ltr'><strong>qui</strong></span> <span class='ocrx_word' id='word_1_302' title='bbox 976 3812 1132 3866; x_wconf 84' lang='lat' dir='ltr'><strong>verba</strong></span> <span class='ocrx_word' id='word_1_303' title='bbox 1158 3826 1273 3864; x_wconf 88' lang='lat' dir='ltr'><strong>mea</strong></span> <span class='ocrx_word' id='word_1_304' title='bbox 1306 3818 1477 3872; x_wconf 85' lang='lat' dir='ltr'><strong>curat,</strong></span> <span class='ocrx_word' id='word_1_305' title='bbox 1506 3814 1569 3860; x_wconf 88' lang='lat' dir='ltr'><strong>ac</strong></span> <span class='ocrx_word' id='word_1_306' title='bbox 1591 3806 1946 3859; x_wconf 88' lang='lat' dir='ltr'><strong>discruciatur</strong></span> <span class='ocrx_word' id='word_1_307' title='bbox 1968 3818 2088 3855; x_wconf 93' lang='lat' dir='ltr'><strong>cum</strong></span> <span class='ocrx_word' id='word_1_308' title='bbox 2122 3816 2205 3854; x_wconf 88' lang='lat' dir='ltr'><strong>me</strong></span> <span class='ocrx_word' id='word_1_309' title='bbox 2248 3801 2438 3853; x_wconf 89' lang='lat' dir='ltr'><strong>iratum</strong></span> 
     </span>
    </p>
   </div>
   <div class='ocr_carea' id='block_1_40' title="bbox 857 3894 2440 3971">
    <p class='ocr_par' dir='ltr' id='par_1_40' title="bbox 857 3894 2440 3971">
     <span class='ocr_line' id='line_1_40' title="bbox 857 3894 2440 3971; baseline -0.007 -12"><span class='ocrx_word' id='word_1_310' title='bbox 857 3904 1049 3959; x_wconf 89' lang='lat' dir='ltr'><strong>cernit.</strong></span> <span class='ocrx_word' id='word_1_311' title='bbox 1082 3903 1145 3956; x_wconf 86' lang='lat' dir='ltr'><strong>Et</strong></span> <span class='ocrx_word' id='word_1_312' title='bbox 1172 3901 1389 3971; x_wconf 87' lang='lat' dir='ltr'><strong>quidem</strong></span> <span class='ocrx_word' id='word_1_313' title='bbox 1422 3908 1839 3953; x_wconf 81' lang='lat' dir='ltr'><strong>consentaneum</strong></span> <span class='ocrx_word' id='word_1_314' title='bbox 1870 3906 1984 3951; x_wconf 88' lang='lat' dir='ltr'><strong>erat</strong></span> <span class='ocrx_word' id='word_1_315' title='bbox 2013 3905 2067 3948; x_wconf 92' lang='lat' dir='ltr'><strong>ut</strong></span> <span class='ocrx_word' id='word_1_316' title='bbox 2106 3894 2312 3949; x_wconf 90' lang='lat' dir='ltr'><strong>diceret</strong></span> <span class='ocrx_word' id='word_1_317' title='bbox 2340 3913 2353 3948; x_wconf 92' lang='lat'>:</span> <span class='ocrx_word' id='word_1_318' title='bbox 2384 3895 2440 3948; x_wconf 90' lang='lat' dir='ltr'><strong>Si</strong></span> 
     </span>
    </p>
   </div>
   <div class='ocr_carea' id='block_1_41' title="bbox 857 3986 2441 4062">
    <p class='ocr_par' dir='ltr' id='par_1_41' title="bbox 857 3986 2441 4062">
     <span class='ocr_line' id='line_1_41' title="bbox 857 3986 2441 4062; baseline -0.006 -13"><span class='ocrx_word' id='word_1_319' title='bbox 857 3998 999 4049; x_wconf 91' lang='lat' dir='ltr'><strong>enim</strong></span> <span class='ocrx_word' id='word_1_320' title='bbox 1023 4009 1122 4062; x_wconf 90' lang='lat' dir='ltr'><strong>ego</strong></span> <span class='ocrx_word' id='word_1_321' title='bbox 1141 3992 1402 4045; x_wconf 87' lang='lat' dir='ltr'><strong>contristo</strong></span> <span class='ocrx_word' id='word_1_322' title='bbox 1428 4004 1543 4052; x_wconf 87' lang='lat' dir='ltr'><strong>vos,</strong></span> <span class='ocrx_word' id='word_1_323' title='bbox 1567 3989 1752 4058; x_wconf 87' lang='lat' dir='ltr'><strong>ecquis</strong></span> <span class='ocrx_word' id='word_1_324' title='bbox 1783 3996 1865 4042; x_wconf 75' lang='grc' dir='ltr'><strong>ρει</strong></span> <span class='ocrx_word' id='word_1_325' title='bbox 1895 3990 1981 4055; x_wconf 88' lang='lat' dir='ltr'><strong>qui</strong></span> <span class='ocrx_word' id='word_1_326' title='bbox 2016 3986 2252 4040; x_wconf 61' lang='lat' dir='ltr'><strong>laetitiam</strong></span> <span class='ocrx_word' id='word_1_327' title='bbox 2289 3986 2441 4039; x_wconf 83' lang='lat' dir='ltr'><strong>vobis</strong></span> 
     </span>
    </p>
   </div>
   <div class='ocr_carea' id='block_1_42' title="bbox 858 4075 2441 4152">
    <p class='ocr_par' dir='ltr' id='par_1_42' title="bbox 858 4075 2441 4152">
     <span class='ocr_line' id='line_1_42' title="bbox 858 4075 2441 4152; baseline -0.007 -13"><span class='ocrx_word' id='word_1_328' title='bbox 858 4085 1054 4139; x_wconf 74' lang='lat' dir='ltr'><strong>aﬁ‘erre</strong></span> <span class='ocrx_word' id='word_1_329' title='bbox 1079 4082 1283 4152; x_wconf 83' lang='lat' dir='ltr'><strong>possit?</strong></span> <span class='ocrx_word' id='word_1_330' title='bbox 1314 4090 1365 4134; x_wconf 82' lang='lat' dir='ltr'><strong>at</strong></span> <span class='ocrx_word' id='word_1_331' title='bbox 1398 4081 1499 4133; x_wconf 90' lang='lat' dir='ltr'><strong>hoc</strong></span> <span class='ocrx_word' id='word_1_332' title='bbox 1526 4090 1700 4133; x_wconf 88' lang='lat' dir='ltr'><strong>tamen</strong></span> <span class='ocrx_word' id='word_1_333' title='bbox 1735 4094 1838 4132; x_wconf 93' lang='lat' dir='ltr'><strong>non</strong></span> <span class='ocrx_word' id='word_1_334' title='bbox 1866 4078 2027 4141; x_wconf 90' lang='lat' dir='ltr'><strong>dicit,</strong></span> <span class='ocrx_word' id='word_1_335' title='bbox 2053 4076 2144 4130; x_wconf 90' lang='lat' dir='ltr'><strong>sed</strong></span> <span class='ocrx_word' id='word_1_336' title='bbox 2179 4075 2227 4129; x_wconf 91' lang='lat' dir='ltr'><strong>id</strong></span> <span class='ocrx_word' id='word_1_337' title='bbox 2258 4090 2441 4128; x_wconf 90' lang='lat' dir='ltr'><strong>rursus</strong></span> 
     </span>
    </p>
   </div>
   <div class='ocr_carea' id='block_1_43' title="bbox 856 4166 2440 4238">
    <p class='ocr_par' dir='ltr' id='par_1_43' title="bbox 856 4166 2440 4238">
     <span class='ocr_line' id='line_1_43' title="bbox 856 4166 2440 4238; baseline -0.007 -8"><span class='ocrx_word' id='word_1_338' title='bbox 856 4176 1093 4238; x_wconf 85' lang='lat' dir='ltr'><strong>invertit,</strong></span> <span class='ocrx_word' id='word_1_339' title='bbox 1130 4189 1223 4227; x_wconf 91' lang='lat' dir='ltr'><strong>eos</strong></span> <span class='ocrx_word' id='word_1_340' title='bbox 1266 4172 1516 4225; x_wconf 86' lang='lat' dir='ltr'><strong>videlicet</strong></span> <span class='ocrx_word' id='word_1_341' title='bbox 1546 4170 1829 4229; x_wconf 89' lang='lat' dir='ltr'><strong>delinicns,</strong></span> <span class='ocrx_word' id='word_1_342' title='bbox 1858 4184 1920 4221; x_wconf 92' lang='lat' dir='ltr'><strong>ac</strong></span> <span class='ocrx_word' id='word_1_343' title='bbox 1950 4170 2132 4221; x_wconf 85' lang='lat' dir='ltr'><strong>dicens</strong></span> <span class='ocrx_word' id='word_1_344' title='bbox 2171 4184 2184 4219; x_wconf 92' lang='lat'><strong>:</strong></span> <span class='ocrx_word' id='word_1_345' title='bbox 2218 4166 2440 4220; x_wconf 82' lang='lat' dir='ltr'><strong>Etiamsi</strong></span> 
     </span>
    </p>
   </div>
   <div class='ocr_carea' id='block_1_44' title="bbox 857 4258 2441 4323">
    <p class='ocr_par' dir='ltr' id='par_1_44' title="bbox 857 4258 2441 4323">
     <span class='ocr_line' id='line_1_44' title="bbox 857 4258 2441 4323; baseline -0.004 -6"><span class='ocrx_word' id='word_1_346' title='bbox 857 4282 953 4321; x_wconf 89' lang='lat' dir='ltr'><strong>vos</strong></span> <span class='ocrx_word' id='word_1_347' title='bbox 984 4267 1225 4319; x_wconf 89' lang='lat' dir='ltr'><strong>molestia</strong></span> <span class='ocrx_word' id='word_1_348' title='bbox 1254 4265 1457 4323; x_wconf 77' lang='lat' dir='ltr'><strong>aiticio,</strong></span> <span class='ocrx_word' id='word_1_349' title='bbox 1492 4264 1543 4315; x_wconf 90' lang='lat' dir='ltr'><strong>in</strong></span> <span class='ocrx_word' id='word_1_350' title='bbox 1569 4262 1670 4315; x_wconf 92' lang='lat' dir='ltr'><strong>hoc</strong></span> <span class='ocrx_word' id='word_1_351' title='bbox 1703 4272 1877 4315; x_wconf 90' lang='lat' dir='ltr'><strong>tamen</strong></span> <span class='ocrx_word' id='word_1_352' title='bbox 1910 4262 2203 4313; x_wconf 81' lang='lat' dir='ltr'><strong>maximum</strong></span> <span class='ocrx_word' id='word_1_353' title='bbox 2232 4275 2259 4310; x_wconf 93' lang='lat' dir='ltr'><strong>a</strong></span> <span class='ocrx_word' id='word_1_354' title='bbox 2292 4258 2441 4311; x_wconf 84' lang='lat' dir='ltr'><strong>vobis</strong></span> 
     </span>
    </p>
   </div>
   <div class='ocr_carea' id='block_1_45' title="bbox 861 4350 2439 4423">
    <p class='ocr_par' dir='ltr' id='par_1_45' title="bbox 861 4350 2439 4423">
     <span class='ocr_line' id='line_1_45' title="bbox 861 4350 2439 4423; baseline -0.006 -11"><span class='ocrx_word' id='word_1_355' title='bbox 861 4357 1179 4412; x_wconf 86' lang='lat' dir='ltr'><strong>beneﬁcium</strong></span> <span class='ocrx_word' id='word_1_356' title='bbox 1202 4354 1377 4423; x_wconf 89' lang='lat' dir='ltr'><strong>capio,</strong></span> <span class='ocrx_word' id='word_1_357' title='bbox 1408 4352 1547 4420; x_wconf 87' lang='lat' dir='ltr'><strong>quod</strong></span> <span class='ocrx_word' id='word_1_358' title='bbox 1573 4352 1908 4404; x_wconf 88' lang='lat' dir='ltr'><strong>sermonibus</strong></span> <span class='ocrx_word' id='word_1_359' title='bbox 1934 4352 2065 4404; x_wconf 88' lang='lat' dir='ltr'><strong>meis</strong></span> <span class='ocrx_word' id='word_1_360' title='bbox 2086 4350 2247 4402; x_wconf 89' lang='lat' dir='ltr'><strong>animi</strong></span> <span class='ocrx_word' id='word_1_361' title='bbox 2281 4351 2439 4403; x_wconf 89' lang='lat' dir='ltr'><strong>vestri</strong></span> 
     </span>
    </p>
   </div>
   <div class='ocr_carea' id='block_1_46' title="bbox 860 4441 2437 4520">
    <p class='ocr_par' dir='ltr' id='par_1_46' title="bbox 860 4441 2437 4520">
     <span class='ocr_line' id='line_1_46' title="bbox 860 4441 2437 4520; baseline -0.008 -17"><span class='ocrx_word' id='word_1_362' title='bbox 860 4450 1309 4520; x_wconf 74' lang='lat' dir='ltr'><strong>perstringuntur.</strong></span> <span class='ocrx_word' id='word_1_363' title='bbox 1360 4445 1412 4498; x_wconf 84' lang='grc'><strong>5.</strong></span> <span class='ocrx_word' id='word_1_364' title='bbox 1466 4442 1668 4495; x_wconf 80' lang='lat' dir='ltr'><strong>Etenim</strong></span> <span class='ocrx_word' id='word_1_365' title='bbox 1712 4442 1806 4493; x_wconf 83' lang='lat' dir='ltr'><strong>hoc</strong></span> <span class='ocrx_word' id='word_1_366' title='bbox 1850 4442 2015 4511; x_wconf 85' lang='lat' dir='ltr'><strong>ipsum</strong></span> <span class='ocrx_word' id='word_1_367' title='bbox 2066 4441 2246 4509; x_wconf 84' lang='lat' dir='ltr'><strong>scripsi</strong></span> <span class='ocrx_word' id='word_1_368' title='bbox 2285 4441 2437 4494; x_wconf 78' lang='lat' dir='ltr'><strong>vobis.</strong></span> 
     </span>
    </p>
   </div>
   <div class='ocr_carea' id='block_1_47' title="bbox 859 4534 2437 4610">
    <p class='ocr_par' dir='ltr' id='par_1_47' title="bbox 859 4534 2437 4610">
     <span class='ocr_line' id='line_1_47' title="bbox 859 4534 2437 4610; baseline -0.006 -15"><span class='ocrx_word' id='word_1_369' title='bbox 859 4541 1165 4610; x_wconf 83' lang='lat' dir='ltr'><strong>Quidnam?</strong></span> <span class='ocrx_word' id='word_1_370' title='bbox 1214 4538 1363 4605; x_wconf 84' lang='lat' dir='ltr'><strong>Quod</strong></span> <span class='ocrx_word' id='word_1_371' title='bbox 1398 4545 1452 4589; x_wconf 90' lang='lat' dir='ltr'><strong>ut</strong></span> <span class='ocrx_word' id='word_1_372' title='bbox 1482 4537 1631 4589; x_wconf 86' lang='lat' dir='ltr'><strong>vobis</strong></span> <span class='ocrx_word' id='word_1_373' title='bbox 1661 4550 1967 4603; x_wconf 85' lang='lat' dir='ltr'><strong>parcerem,</strong></span> <span class='ocrx_word' id='word_1_374' title='bbox 2021 4550 2124 4587; x_wconf 90' lang='lat' dir='ltr'><strong>non</strong></span> <span class='ocrx_word' id='word_1_375' title='bbox 2179 4534 2437 4587; x_wconf 85' lang='lat' dir='ltr'><strong>venerim.</strong></span> 
     </span>
    </p>
   </div>
   <div class='ocr_carea' id='block_1_48' title="bbox 859 4628 2439 4701">
    <p class='ocr_par' dir='ltr' id='par_1_48' title="bbox 859 4628 2439 4701">
     <span class='ocr_line' id='line_1_48' title="bbox 859 4628 2439 4701; baseline -0.007 -14"><span class='ocrx_word' id='word_1_376' title='bbox 859 4632 1085 4701; x_wconf 86' lang='lat' dir='ltr'><strong>Quando</strong></span> <span class='ocrx_word' id='word_1_377' title='bbox 1115 4642 1290 4684; x_wconf 85' lang='lat' dir='ltr'><strong>autem</strong></span> <span class='ocrx_word' id='word_1_378' title='bbox 1326 4630 1375 4682; x_wconf 88' lang='lat' dir='ltr'><strong>id</strong></span> <span class='ocrx_word' id='word_1_379' title='bbox 1423 4628 1730 4681; x_wconf 81' lang='lat' dir='ltr'><strong>scribebat?</strong></span> <span class='ocrx_word' id='word_1_380' title='bbox 1769 4644 1834 4679; x_wconf 88' lang='lat' dir='ltr'><strong>an</strong></span> <span class='ocrx_word' id='word_1_381' title='bbox 1880 4629 1930 4681; x_wconf 92' lang='lat' dir='ltr'><strong>in</strong></span> <span class='ocrx_word' id='word_1_382' title='bbox 1977 4629 2153 4697; x_wconf 87' lang='lat' dir='ltr'><strong>priore</strong></span> <span class='ocrx_word' id='word_1_383' title='bbox 2192 4628 2439 4696; x_wconf 84' lang='lat' dir='ltr'><strong>epistola,</strong></span> 
     </span>
    </p>
   </div>
   <div class='ocr_carea' id='block_1_49' title="bbox 859 4719 2444 4780">
    <p class='ocr_par' dir='ltr' id='par_1_49' title="bbox 859 4719 2444 4780">
     <span class='ocr_line' id='line_1_49' title="bbox 859 4719 2444 4780; baseline -0.006 0"><span class='ocrx_word' id='word_1_384' title='bbox 859 4742 981 4780; x_wconf 87' lang='lat' dir='ltr'><strong>cum</strong></span> <span class='ocrx_word' id='word_1_385' title='bbox 1014 4724 1223 4777; x_wconf 89' lang='lat' dir='ltr'><strong>diccbat</strong></span> <span class='ocrx_word' id='word_1_386' title='bbox 1255 4739 1269 4775; x_wconf 91' lang='lat'><strong>:</strong></span> <span class='ocrx_word' id='word_1_387' title='bbox 1302 4720 1438 4773; x_wconf 82' lang='lat' dir='ltr'><strong>Nolo</strong></span> <span class='ocrx_word' id='word_1_388' title='bbox 1477 4729 1645 4771; x_wconf 81' lang='lat' dir='ltr'><strong>autem</strong></span> <span class='ocrx_word' id='word_1_389' title='bbox 1674 4736 1805 4771; x_wconf 86' lang='lat' dir='ltr'><strong>nunc</strong></span> <span class='ocrx_word' id='word_1_390' title='bbox 1832 4735 1915 4769; x_wconf 88' lang='lat' dir='ltr'><strong>vos</strong></span> <span class='ocrx_word' id='word_1_391' title='bbox 1943 4720 1993 4771; x_wconf 86' lang='lat' dir='ltr'><strong>in</strong></span> <span class='ocrx_word' id='word_1_392' title='bbox 2024 4720 2237 4772; x_wconf 87' lang='lat' dir='ltr'><strong>transitu</strong></span> <span class='ocrx_word' id='word_1_393' title='bbox 2278 4719 2444 4772; x_wconf 78' lang='lat' dir='ltr'><strong>videre</strong></span> 
     </span>
    </p>
   </div>
   <div class='ocr_carea' id='block_1_50' title="bbox 861 4811 2438 4886">
    <p class='ocr_par' dir='ltr' id='par_1_50' title="bbox 861 4811 2438 4886">
     <span class='ocr_line' id='line_1_50' title="bbox 861 4811 2438 4886; baseline -0.005 -15"><span class='ocrx_word' id='word_1_394' title='bbox 861 4820 940 4886; x_wconf 79' lang='grc'><strong>(1.</strong></span> <span class='ocrx_word' id='word_1_395' title='bbox 972 4818 1091 4871; x_wconf 90' lang='lat' dir='ltr'><strong>Cor.</strong></span> <span class='ocrx_word' id='word_1_396' title='bbox 1121 4816 1207 4871; x_wconf 78' lang='grc'>16.</span> <span class='ocrx_word' id='word_1_397' title='bbox 1232 4816 1329 4882; x_wconf 83' lang='lat'><strong>7)?</strong></span> <span class='ocrx_word' id='word_1_398' title='bbox 1358 4813 1472 4867; x_wconf 90' lang='lat' dir='ltr'><strong>Non</strong></span> <span class='ocrx_word' id='word_1_399' title='bbox 1503 4812 1739 4881; x_wconf 90' lang='lat' dir='ltr'><strong>quidem,</strong></span> <span class='ocrx_word' id='word_1_400' title='bbox 1776 4821 1831 4863; x_wconf 90' lang='grc' dir='ltr'><strong>ιιι</strong></span> <span class='ocrx_word' id='word_1_401' title='bbox 1860 4811 2049 4877; x_wconf 85' lang='lat' dir='ltr'><strong>opinor</strong></span> <span class='ocrx_word' id='word_1_402' title='bbox 2070 4851 2083 4874; x_wconf 93' lang='lat'><strong>,</strong></span> <span class='ocrx_word' id='word_1_403' title='bbox 2145 4811 2237 4864; x_wconf 88' lang='lat' dir='ltr'><strong>sed</strong></span> <span class='ocrx_word' id='word_1_404' title='bbox 2272 4813 2321 4863; x_wconf 92' lang='lat' dir='ltr'><strong>in</strong></span> <span class='ocrx_word' id='word_1_405' title='bbox 2347 4826 2438 4864; x_wconf 86' lang='lat' dir='ltr'><strong>ea-</strong></span> 
     </span>
    </p>
   </div>
   <div class='ocr_carea' id='block_1_51' title="bbox 862 4901 2438 4974">
    <p class='ocr_par' dir='ltr' id='par_1_51' title="bbox 862 4901 2438 4974">
     <span class='ocr_line' id='line_1_51' title="bbox 862 4901 2438 4974; baseline -0.006 -10"><span class='ocrx_word' id='word_1_406' title='bbox 862 4910 984 4963; x_wconf 91' lang='lat' dir='ltr'><strong>dem</strong></span> <span class='ocrx_word' id='word_1_407' title='bbox 1015 4906 1237 4974; x_wconf 88' lang='lat' dir='ltr'><strong>epistola</strong></span> <span class='ocrx_word' id='word_1_408' title='bbox 1270 4945 1283 4966; x_wconf 91' lang='lat'><strong>,</strong></span> <span class='ocrx_word' id='word_1_409' title='bbox 1338 4919 1457 4956; x_wconf 91' lang='lat' dir='ltr'><strong>cum</strong></span> <span class='ocrx_word' id='word_1_410' title='bbox 1488 4904 1690 4957; x_wconf 80' lang='lat' dir='ltr'><strong>diceret</strong></span> <span class='ocrx_word' id='word_1_411' title='bbox 1724 4920 1735 4954; x_wconf 93' lang='lat'>:</span> <span class='ocrx_word' id='word_1_412' title='bbox 1774 4901 1856 4954; x_wconf 87' lang='lat' dir='ltr'><strong>Ne</strong></span> <span class='ocrx_word' id='word_1_413' title='bbox 1881 4918 1993 4952; x_wconf 90' lang='lat' dir='ltr'><strong>cum</strong></span> <span class='ocrx_word' id='word_1_414' title='bbox 2022 4916 2196 4953; x_wconf 78' lang='lat' dir='ltr'><strong>venero</strong></span> <span class='ocrx_word' id='word_1_415' title='bbox 2228 4919 2401 4955; x_wconf 82' lang='lat' dir='ltr'><strong>rursus</strong></span> <span class='ocrx_word' id='word_1_416' title='bbox 2424 4943 2438 4965; x_wconf 92' lang='lat'><strong>,</strong></span> 
     </span>
    </p>
   </div>
   <div class='ocr_carea' id='block_1_52' title="bbox 863 4993 2441 5062">
    <p class='ocr_par' dir='ltr' id='par_1_52' title="bbox 863 4993 2441 5062">
     <span class='ocr_line' id='line_1_52' title="bbox 863 4993 2441 5062; baseline -0.009 -5"><span class='ocrx_word' id='word_1_417' title='bbox 863 4999 1089 5056; x_wconf 78' lang='lat' dir='ltr'><strong>humilict</strong></span> <span class='ocrx_word' id='word_1_418' title='bbox 1122 5013 1199 5048; x_wconf 84' lang='lat' dir='ltr'><strong>nte</strong></span> <span class='ocrx_word' id='word_1_419' title='bbox 1228 4995 1362 5047; x_wconf 84' lang='lat' dir='ltr'><strong>Dens</strong></span> <span class='ocrx_word' id='word_1_420' title='bbox 1412 4994 1549 5061; x_wconf 82' lang='lat' dir='ltr'><strong>apud</strong></span> <span class='ocrx_word' id='word_1_421' title='bbox 1578 5011 1661 5046; x_wconf 88' lang='lat' dir='ltr'><strong>vos</strong></span> <span class='ocrx_word' id='word_1_422' title='bbox 1702 4996 1778 5061; x_wconf 69' lang='lat'><strong>(2.</strong></span> <span class='ocrx_word' id='word_1_423' title='bbox 1812 4994 1929 5047; x_wconf 80' lang='lat' dir='ltr'><strong>Cor.</strong></span> <span class='ocrx_word' id='word_1_424' title='bbox 1978 4994 2065 5047; x_wconf 70' lang='lat'><strong>19..</strong></span> <span class='ocrx_word' id='word_1_425' title='bbox 2099 4993 2210 5062; x_wconf 66' lang='lat' dir='ltr'><strong>2i).</strong></span> <span class='ocrx_word' id='word_1_426' title='bbox 2241 4995 2441 5062; x_wconf 88' lang='lat' dir='ltr'><strong>Scripsi</strong></span> 
     </span>
    </p>
   </div>
   <div class='ocr_carea' id='block_1_53' title="bbox 862 5086 2441 5163">
    <p class='ocr_par' dir='ltr' id='par_1_53' title="bbox 862 5086 2441 5163">
     <span class='ocr_line' id='line_1_53' title="bbox 862 5086 2441 5163; baseline -0.005 -16"><span class='ocrx_word' id='word_1_427' title='bbox 862 5108 1009 5163; x_wconf 85' lang='lat' dir='ltr'><strong>ergo,</strong></span> <span class='ocrx_word' id='word_1_428' title='bbox 1046 5092 1250 5160; x_wconf 91' lang='lat' dir='ltr'><strong>inquit,</strong></span> <span class='ocrx_word' id='word_1_429' title='bbox 1288 5090 1338 5143; x_wconf 91' lang='lat' dir='ltr'><strong>in</strong></span> <span class='ocrx_word' id='word_1_430' title='bbox 1372 5088 1475 5141; x_wconf 90' lang='lat' dir='ltr'><strong>ﬁne</strong></span> <span class='ocrx_word' id='word_1_431' title='bbox 1508 5087 1782 5155; x_wconf 82' lang='lat' dir='ltr'><strong>epistol:e:</strong></span> <span class='ocrx_word' id='word_1_432' title='bbox 1818 5086 1898 5139; x_wconf 84' lang='lat' dir='ltr'><strong>Ne</strong></span> <span class='ocrx_word' id='word_1_433' title='bbox 1945 5091 2073 5155; x_wconf 79' lang='lat' dir='ltr'><strong>forte</strong></span> <span class='ocrx_word' id='word_1_434' title='bbox 2111 5104 2225 5139; x_wconf 88' lang='lat' dir='ltr'><strong>cum</strong></span> <span class='ocrx_word' id='word_1_435' title='bbox 2266 5102 2441 5139; x_wconf 79' lang='lat' dir='ltr'><strong>venero</strong></span> 
     </span>
    </p>
   </div>
   <div class='ocr_carea' id='block_1_54' title="bbox 864 5177 2442 5246">
    <p class='ocr_par' dir='ltr' id='par_1_54' title="bbox 864 5177 2442 5246">
     <span class='ocr_line' id='line_1_54' title="bbox 864 5177 2442 5246; baseline -0.003 -12"><span class='ocrx_word' id='word_1_436' title='bbox 864 5183 1093 5235; x_wconf 83' lang='lat' dir='ltr'><strong>Iutmitiet</strong></span> <span class='ocrx_word' id='word_1_437' title='bbox 1135 5195 1213 5233; x_wconf 83' lang='lat' dir='ltr'><strong>me</strong></span> <span class='ocrx_word' id='word_1_438' title='bbox 1264 5179 1437 5243; x_wconf 88' lang='lat' dir='ltr'><strong>Deus,</strong></span> <span class='ocrx_word' id='word_1_439' title='bbox 1482 5188 1525 5229; x_wconf 82' lang='lat' dir='ltr'><strong>et</strong></span> <span class='ocrx_word' id='word_1_440' title='bbox 1567 5178 1764 5246; x_wconf 85' lang='lat' dir='ltr'><strong>lugeam</strong></span> <span class='ocrx_word' id='word_1_441' title='bbox 1792 5177 1973 5230; x_wconf 86' lang='lat' dir='ltr'><strong>multos</strong></span> <span class='ocrx_word' id='word_1_442' title='bbox 2000 5194 2062 5229; x_wconf 79' lang='lat' dir='ltr'><strong>ea:</strong></span> <span class='ocrx_word' id='word_1_443' title='bbox 2090 5178 2152 5229; x_wconf 88' lang='lat' dir='ltr'><strong>iis</strong></span> <span class='ocrx_word' id='word_1_444' title='bbox 2198 5180 2283 5246; x_wconf 88' lang='lat' dir='ltr'><strong>qui</strong></span> <span class='ocrx_word' id='word_1_445' title='bbox 2326 5187 2442 5230; x_wconf 78' lang='lat' dir='ltr'><strong>ante</strong></span> 
     </span>
    </p>
   </div>
   <div class='ocr_carea' id='block_1_55' title="bbox 865 5266 2441 5341">
    <p class='ocr_par' dir='ltr' id='par_1_55' title="bbox 865 5266 2441 5341">
     <span class='ocr_line' id='line_1_55' title="bbox 865 5266 2441 5341; baseline -0.004 -16"><span class='ocrx_word' id='word_1_446' title='bbox 865 5279 1213 5341; x_wconf 80' lang='lat' dir='ltr'><strong>peccaverunt.</strong></span> <span class='ocrx_word' id='word_1_447' title='bbox 1248 5271 1354 5321; x_wconf 80' lang='lat' dir='ltr'><strong>Cur</strong></span> <span class='ocrx_word' id='word_1_448' title='bbox 1384 5281 1558 5321; x_wconf 89' lang='lat' dir='ltr'><strong>autem</strong></span> <span class='ocrx_word' id='word_1_449' title='bbox 1588 5266 1902 5319; x_wconf 78' lang='lat' dir='ltr'><strong>scribebas?</strong></span> <span class='ocrx_word' id='word_1_450' title='bbox 1947 5266 2011 5320; x_wconf 89' lang='lat' dir='ltr'><strong>Ut</strong></span> <span class='ocrx_word' id='word_1_451' title='bbox 2040 5284 2140 5319; x_wconf 89' lang='lat' dir='ltr'><strong>non</strong></span> <span class='ocrx_word' id='word_1_452' title='bbox 2164 5284 2275 5320; x_wconf 88' lang='lat' dir='ltr'><strong>cum</strong></span> <span class='ocrx_word' id='word_1_453' title='bbox 2306 5283 2441 5319; x_wconf 83' lang='lat' dir='ltr'><strong>vene-</strong></span> 
     </span>
    </p>
   </div>
   <div class='ocr_carea' id='block_1_56' title="bbox 862 5357 2440 5425">
    <p class='ocr_par' dir='ltr' id='par_1_56' title="bbox 862 5357 2440 5425">
     <span class='ocr_line' id='line_1_56' title="bbox 862 5357 2440 5425; baseline -0.003 -9"><span class='ocrx_word' id='word_1_454' title='bbox 862 5381 939 5425; x_wconf 87' lang='lat' dir='ltr'><strong>ro,</strong></span> <span class='ocrx_word' id='word_1_455' title='bbox 984 5362 1235 5416; x_wconf 80' lang='lat' dir='ltr'><strong>tristitiam</strong></span> <span class='ocrx_word' id='word_1_456' title='bbox 1267 5359 1473 5411; x_wconf 80' lang='lat' dir='ltr'><strong>habeam</strong></span> <span class='ocrx_word' id='word_1_457' title='bbox 1504 5360 1563 5411; x_wconf 77' lang='lat' dir='ltr'><strong>de</strong></span> <span class='ocrx_word' id='word_1_458' title='bbox 1595 5360 1677 5420; x_wconf 87' lang='lat' dir='ltr'><strong>iis,</strong></span> <span class='ocrx_word' id='word_1_459' title='bbox 1716 5357 1777 5408; x_wconf 82' lang='lat' dir='ltr'><strong>de</strong></span> <span class='ocrx_word' id='word_1_460' title='bbox 1818 5358 1994 5422; x_wconf 80' lang='lat' dir='ltr'><strong>quibus</strong></span> <span class='ocrx_word' id='word_1_461' title='bbox 2024 5369 2315 5424; x_wconf 84' lang='lat' dir='ltr'><strong>aportnerat</strong></span> <span class='ocrx_word' id='word_1_462' title='bbox 2362 5376 2440 5411; x_wconf 86' lang='lat' dir='ltr'><strong>me</strong></span> 
     </span>
    </p>
   </div>
   <div class='ocr_carea' id='block_1_57' title="bbox 863 5448 2439 5524">
    <p class='ocr_par' dir='ltr' id='par_1_57' title="bbox 863 5448 2439 5524">
     <span class='ocr_line' id='line_1_57' title="bbox 863 5448 2439 5524; baseline -0.003 -18"><span class='ocrx_word' id='word_1_463' title='bbox 863 5454 1081 5524; x_wconf 85' lang='lat' dir='ltr'><strong>gaudere</strong></span> <span class='ocrx_word' id='word_1_464' title='bbox 1111 5468 1128 5505; x_wconf 90' lang='lat'><strong><em>:</em></strong></span> <span class='ocrx_word' id='word_1_465' title='bbox 1156 5452 1414 5519; x_wconf 78' lang='lat' dir='ltr'><strong>conﬁdens</strong></span> <span class='ocrx_word' id='word_1_466' title='bbox 1460 5452 1509 5501; x_wconf 88' lang='lat' dir='ltr'><strong>in</strong></span> <span class='ocrx_word' id='word_1_467' title='bbox 1562 5452 1790 5502; x_wconf 79' lang='lat' dir='ltr'><strong>omnibus</strong></span> <span class='ocrx_word' id='word_1_468' title='bbox 1833 5448 1967 5500; x_wconf 74' lang='lat' dir='ltr'><strong>vobis</strong></span> <span class='ocrx_word' id='word_1_469' title='bbox 1992 5486 2005 5509; x_wconf 91' lang='lat'><strong>,</strong></span> <span class='ocrx_word' id='word_1_470' title='bbox 2036 5450 2150 5516; x_wconf 84' lang='lat' dir='ltr'><strong>quia</strong></span> <span class='ocrx_word' id='word_1_471' title='bbox 2197 5451 2439 5518; x_wconf 89' lang='lat' dir='ltr'><strong>gaudium</strong></span> 
     </span>
    </p>
   </div>
   <div class='ocr_carea' id='block_1_58' title="bbox 863 5538 2439 5610">
    <p class='ocr_par' dir='ltr' id='par_1_58' title="bbox 863 5538 2439 5610">
     <span class='ocr_line' id='line_1_58' title="bbox 863 5538 2439 5610; baseline -0.003 -12"><span class='ocrx_word' id='word_1_472' title='bbox 863 5562 1027 5599; x_wconf 81' lang='lat' dir='ltr'><strong>meum</strong></span> <span class='ocrx_word' id='word_1_473' title='bbox 1057 5544 1281 5597; x_wconf 88' lang='lat' dir='ltr'><strong>omnium</strong></span> <span class='ocrx_word' id='word_1_474' title='bbox 1322 5553 1537 5595; x_wconf 82' lang='lat' dir='ltr'><strong>vestrum</strong></span> <span class='ocrx_word' id='word_1_475' title='bbox 1563 5554 1650 5592; x_wconf 83' lang='lat' dir='ltr'><strong>est.</strong></span> <span class='ocrx_word' id='word_1_476' title='bbox 1684 5542 1811 5609; x_wconf 87' lang='lat' dir='ltr'><strong>Quia</strong></span> <span class='ocrx_word' id='word_1_477' title='bbox 1838 5540 1977 5592; x_wconf 84' lang='lat' dir='ltr'><strong>enim</strong></span> <span class='ocrx_word' id='word_1_478' title='bbox 2010 5538 2223 5593; x_wconf 74' lang='lat' dir='ltr'><strong>dixerat</strong></span> <span class='ocrx_word' id='word_1_479' title='bbox 2248 5542 2439 5610; x_wconf 41' lang='lat' dir='ltr'><strong>voittp‘</strong></span> 
     </span>
    </p>
   </div>
   <div class='ocr_carea' id='block_1_59' title="bbox 864 5633 2441 5700">
    <p class='ocr_par' dir='ltr' id='par_1_59' title="bbox 864 5633 2441 5700">
     <span class='ocr_line' id='line_1_59' title="bbox 864 5633 2441 5700; baseline -0.004 -8"><span class='ocrx_word' id='word_1_480' title='bbox 864 5649 970 5692; x_wconf 88' lang='lat' dir='ltr'><strong>tate</strong></span> <span class='ocrx_word' id='word_1_481' title='bbox 995 5653 1053 5692; x_wconf 89' lang='lat' dir='ltr'><strong>se</strong></span> <span class='ocrx_word' id='word_1_482' title='bbox 1080 5636 1238 5697; x_wconf 88' lang='lat' dir='ltr'><strong>afﬁci,</strong></span> <span class='ocrx_word' id='word_1_483' title='bbox 1269 5650 1387 5688; x_wconf 90' lang='lat' dir='ltr'><strong>cum</strong></span> <span class='ocrx_word' id='word_1_484' title='bbox 1414 5633 1509 5700; x_wconf 88' lang='lat' dir='ltr'><strong>ipsi</strong></span> <span class='ocrx_word' id='word_1_485' title='bbox 1537 5644 1858 5699; x_wconf 81' lang='lat' dir='ltr'><strong>augerentur</strong></span> <span class='ocrx_word' id='word_1_486' title='bbox 1884 5673 1897 5693; x_wconf 93' lang='lat'><strong>,</strong></span> <span class='ocrx_word' id='word_1_487' title='bbox 1930 5642 2087 5700; x_wconf 92' lang='lat' dir='ltr'><strong>atque</strong></span> <span class='ocrx_word' id='word_1_488' title='bbox 2120 5633 2219 5683; x_wconf 82' lang='lat' dir='ltr'><strong>hoc</strong></span> <span class='ocrx_word' id='word_1_489' title='bbox 2266 5633 2441 5686; x_wconf 78' lang='lat' dir='ltr'><strong>adhuc</strong></span> 
     </span>
    </p>
   </div>
   <div class='ocr_carea' id='block_1_60' title="bbox 866 5723 2436 5802">
    <p class='ocr_par' dir='ltr' id='par_1_60' title="bbox 866 5723 2436 5802">
     <span class='ocr_line' id='line_1_60' title="bbox 866 5723 2436 5802; baseline -0.004 -17"><span class='ocrx_word' id='word_1_490' title='bbox 866 5730 1103 5802; x_wconf 73' lang='lat' dir='ltr'><strong>asperius</strong></span> <span class='ocrx_word' id='word_1_491' title='bbox 1122 5726 1562 5798; x_wconf 84' lang='lat' dir='ltr'><strong>arrogantiusquc</strong></span> <span class='ocrx_word' id='word_1_492' title='bbox 1594 5723 1756 5776; x_wconf 78' lang='lat' dir='ltr'><strong>videri</strong></span> <span class='ocrx_word' id='word_1_493' title='bbox 1791 5730 2016 5791; x_wconf 87' lang='lat' dir='ltr'><strong>poterat,</strong></span> <span class='ocrx_word' id='word_1_494' title='bbox 2048 5723 2096 5776; x_wconf 91' lang='lat' dir='ltr'><strong>id</strong></span> <span class='ocrx_word' id='word_1_495' title='bbox 2126 5737 2308 5776; x_wconf 89' lang='lat' dir='ltr'><strong>rursus</strong></span> <span class='ocrx_word' id='word_1_496' title='bbox 2331 5725 2436 5778; x_wconf 89' lang='lat' dir='ltr'><strong>alio</strong></span> 
     </span>
    </p>
   </div>
   <div class='ocr_carea' id='block_1_61' title="bbox 1570 289 3379 365">
    <p class='ocr_par' dir='ltr' id='par_1_61' title="bbox 1570 289 3379 365">
     <span class='ocr_line' id='line_1_61' title="bbox 1570 289 3379 365; baseline -0.011 0"><span class='ocrx_word' id='word_1_497' title='bbox 1570 308 1628 365; x_wconf 86' lang='lat' dir='ltr'><strong>S.</strong></span> <span class='ocrx_word' id='word_1_498' title='bbox 1669 302 1949 365; x_wconf 81' lang='lat' dir='ltr'><strong>JOANNIS</strong></span> <span class='ocrx_word' id='word_1_499' title='bbox 1984 291 2468 355; x_wconf 69' lang='lat' dir='ltr'><strong>CIIRYSOSTOMI</strong></span> <span class='ocrx_word' id='word_1_500' title='bbox 2508 292 2823 349; x_wconf 79' lang='lat' dir='ltr'><strong>ARCHIEP.</strong></span> <span class='ocrx_word' id='word_1_501' title='bbox 2854 289 3379 348; x_wconf 75' lang='lat' dir='ltr'><strong>CONSTANTINOP.</strong></span> 
     </span>
    </p>
   </div>
   <div class='ocr_carea' id='block_1_62' title="bbox 3996 283 4099 339">
    <p class='ocr_par' dir='ltr' id='par_1_62' title="bbox 3996 283 4099 339">
     <span class='ocr_line' id='line_1_62' title="bbox 3996 283 4099 339; baseline 0 0"><span class='ocrx_word' id='word_1_502' title='bbox 3996 283 4099 339; x_wconf 64' lang='lat'><strong>£20</strong></span> 
     </span>
    </p>
   </div>
   <div class='ocr_carea' id='block_1_63' title="bbox 2522 406 4097 478">
    <p class='ocr_par' dir='ltr' id='par_1_63' title="bbox 2522 406 4097 478">
     <span class='ocr_line' id='line_1_63' title="bbox 2522 406 4097 478; baseline -0.003 -16"><span class='ocrx_word' id='word_1_503' title='bbox 2522 410 2683 463; x_wconf 88' lang='lat' dir='ltr'><strong>modo</strong></span> <span class='ocrx_word' id='word_1_504' title='bbox 2712 409 2963 474; x_wconf 89' lang='lat' dir='ltr'><strong>invertit,</strong></span> <span class='ocrx_word' id='word_1_505' title='bbox 2989 422 3051 462; x_wconf 91' lang='lat' dir='ltr'><strong>ac</strong></span> <span class='ocrx_word' id='word_1_506' title='bbox 3079 424 3173 478; x_wconf 87' lang='lat' dir='ltr'><strong>per</strong></span> <span class='ocrx_word' id='word_1_507' title='bbox 3199 424 3282 474; x_wconf 81' lang='lat' dir='ltr'><strong>ea,</strong></span> <span class='ocrx_word' id='word_1_508' title='bbox 3328 424 3447 477; x_wconf 76' lang='lat' dir='ltr'><strong>qua:</strong></span> <span class='ocrx_word' id='word_1_509' title='bbox 3474 408 3767 477; x_wconf 73' lang='lat' dir='ltr'><strong>subiunxit,</strong></span> <span class='ocrx_word' id='word_1_510' title='bbox 3812 406 4097 476; x_wconf 78' lang='lat' dir='ltr'><strong>mitigavit.</strong></span> 
     </span>
    </p>
   </div>
   <div class='ocr_carea' id='block_1_64' title="bbox 2521 498 4098 571">
    <p class='ocr_par' dir='ltr' id='par_1_64' title="bbox 2521 498 4098 571">
     <span class='ocr_line' id='line_1_64' title="bbox 2521 498 4098 571; baseline -0.004 -14"><span class='ocrx_word' id='word_1_511' title='bbox 2521 501 2647 557; x_wconf 84' lang='lat' dir='ltr'><strong>Ideo</strong></span> <span class='ocrx_word' id='word_1_512' title='bbox 2700 502 2864 567; x_wconf 88' lang='lat' dir='ltr'><strong>enim,</strong></span> <span class='ocrx_word' id='word_1_513' title='bbox 2890 502 3081 570; x_wconf 86' lang='lat' dir='ltr'><strong>inquit,</strong></span> <span class='ocrx_word' id='word_1_514' title='bbox 3111 502 3257 570; x_wconf 89' lang='lat' dir='ltr'><strong>prius</strong></span> <span class='ocrx_word' id='word_1_515' title='bbox 3286 500 3351 555; x_wconf 90' lang='lat' dir='ltr'><strong>ad</strong></span> <span class='ocrx_word' id='word_1_516' title='bbox 3378 516 3470 555; x_wconf 86' lang='lat' dir='ltr'><strong>vos</strong></span> <span class='ocrx_word' id='word_1_517' title='bbox 3497 501 3725 571; x_wconf 87' lang='lat' dir='ltr'><strong>scripsi,</strong></span> <span class='ocrx_word' id='word_1_518' title='bbox 3775 516 3846 554; x_wconf 91' lang='lat' dir='ltr'><strong>ne</strong></span> <span class='ocrx_word' id='word_1_519' title='bbox 3896 498 4098 554; x_wconf 78' lang='lat' dir='ltr'><strong>dolenti</strong></span> 
     </span>
    </p>
   </div>
   <div class='ocr_carea' id='block_1_65' title="bbox 2519 589 4101 662">
    <p class='ocr_par' dir='ltr' id='par_1_65' title="bbox 2519 589 4101 662">
     <span class='ocr_line' id='line_1_65' title="bbox 2519 589 4101 662; baseline -0.001 -17"><span class='ocrx_word' id='word_1_520' title='bbox 2519 592 2703 646; x_wconf 87' lang='lat' dir='ltr'><strong>animo</strong></span> <span class='ocrx_word' id='word_1_521' title='bbox 2729 608 2823 647; x_wconf 87' lang='lat' dir='ltr'><strong>vos</strong></span> <span class='ocrx_word' id='word_1_522' title='bbox 2849 592 3114 646; x_wconf 87' lang='lat' dir='ltr'><strong>inveniam</strong></span> <span class='ocrx_word' id='word_1_523' title='bbox 3143 607 3247 646; x_wconf 88' lang='lat' dir='ltr'><strong>non</strong></span> <span class='ocrx_word' id='word_1_524' title='bbox 3271 602 3560 648; x_wconf 86' lang='lat' dir='ltr'><strong>correctos.</strong></span> <span class='ocrx_word' id='word_1_525' title='bbox 3586 593 3667 648; x_wconf 90' lang='lat' dir='ltr'><strong>Ob</strong></span> <span class='ocrx_word' id='word_1_526' title='bbox 3696 594 3855 662; x_wconf 89' lang='lat' dir='ltr'><strong>idque</strong></span> <span class='ocrx_word' id='word_1_527' title='bbox 3876 591 4009 657; x_wconf 78' lang='lat' dir='ltr'><strong>dixi,</strong></span> <span class='ocrx_word' id='word_1_528' title='bbox 4033 589 4101 646; x_wconf 85' lang='lat' dir='ltr'><strong>Ut</strong></span> 
     </span>
    </p>
   </div>
   <div class='ocr_carea' id='block_1_66' title="bbox 2518 681 4100 752">
    <p class='ocr_par' dir='ltr' id='par_1_66' title="bbox 2518 681 4100 752">
     <span class='ocr_line' id='line_1_66' title="bbox 2518 681 4100 752; baseline -0.001 -17"><span class='ocrx_word' id='word_1_529' title='bbox 2518 699 2619 735; x_wconf 81' lang='lat' dir='ltr'><strong>non</strong></span> <span class='ocrx_word' id='word_1_530' title='bbox 2646 689 2939 748; x_wconf 80' lang='lat' dir='ltr'><strong>contrister;</strong></span> <span class='ocrx_word' id='word_1_531' title='bbox 2971 698 3075 737; x_wconf 92' lang='lat' dir='ltr'><strong>non</strong></span> <span class='ocrx_word' id='word_1_532' title='bbox 3102 682 3245 752; x_wconf 88' lang='lat' dir='ltr'><strong>quod</strong></span> <span class='ocrx_word' id='word_1_533' title='bbox 3272 681 3371 736; x_wconf 87' lang='lat' dir='ltr'><strong>bac</strong></span> <span class='ocrx_word' id='word_1_534' title='bbox 3401 683 3450 735; x_wconf 92' lang='lat' dir='ltr'><strong>in</strong></span> <span class='ocrx_word' id='word_1_535' title='bbox 3474 698 3531 735; x_wconf 89' lang='lat' dir='ltr'><strong>re</strong></span> <span class='ocrx_word' id='word_1_536' title='bbox 3552 683 3893 738; x_wconf 89' lang='lat' dir='ltr'><strong>commodum</strong></span> <span class='ocrx_word' id='word_1_537' title='bbox 3925 696 4100 736; x_wconf 88' lang='lat' dir='ltr'><strong>meum</strong></span> 
     </span>
    </p>
   </div>
   <div class='ocr_carea' id='block_1_67' title="bbox 2520 773 4101 843">
    <p class='ocr_par' dir='ltr' id='par_1_67' title="bbox 2520 773 4101 843">
     <span class='ocr_line' id='line_1_67' title="bbox 2520 773 4101 843; baseline -0.001 -17"><span class='ocrx_word' id='word_1_538' title='bbox 2520 782 2779 843; x_wconf 82' lang='lat' dir='ltr'><strong>spectem,</strong></span> <span class='ocrx_word' id='word_1_539' title='bbox 2816 773 2909 827; x_wconf 90' lang='lat' dir='ltr'><strong>sed</strong></span> <span class='ocrx_word' id='word_1_540' title='bbox 2942 784 3198 829; x_wconf 88' lang='lat' dir='ltr'><strong>vestrum.</strong></span> <span class='ocrx_word' id='word_1_541' title='bbox 3230 773 3354 829; x_wconf 90' lang='lat' dir='ltr'><strong>Scio</strong></span> <span class='ocrx_word' id='word_1_542' title='bbox 3398 775 3541 829; x_wconf 91' lang='lat' dir='ltr'><strong>enim</strong></span> <span class='ocrx_word' id='word_1_543' title='bbox 3571 790 3687 840; x_wconf 90' lang='lat' dir='ltr'><strong>vos,</strong></span> <span class='ocrx_word' id='word_1_544' title='bbox 3734 790 3856 829; x_wconf 91' lang='lat' dir='ltr'><strong>cum</strong></span> <span class='ocrx_word' id='word_1_545' title='bbox 3888 788 3976 827; x_wconf 88' lang='lat' dir='ltr'><strong>me</strong></span> <span class='ocrx_word' id='word_1_546' title='bbox 4009 773 4101 826; x_wconf 74' lang='lat' dir='ltr'><strong>la:-</strong></span> 
     </span>
    </p>
   </div>
   <div class='ocr_carea' id='block_1_68' title="bbox 2523 866 4106 937">
    <p class='ocr_par' dir='ltr' id='par_1_68' title="bbox 2523 866 4106 937">
     <span class='ocr_line' id='line_1_68' title="bbox 2523 866 4106 937; baseline -0.001 -19"><span class='ocrx_word' id='word_1_547' title='bbox 2523 879 2629 919; x_wconf 88' lang='lat' dir='ltr'><strong>tnm</strong></span> <span class='ocrx_word' id='word_1_548' title='bbox 2655 866 2891 930; x_wconf 84' lang='lat' dir='ltr'><strong>cernitis,</strong></span> <span class='ocrx_word' id='word_1_549' title='bbox 2924 866 3075 921; x_wconf 70' lang='lat' dir='ltr'><strong>ltetos</strong></span> <span class='ocrx_word' id='word_1_550' title='bbox 3101 881 3312 937; x_wconf 89' lang='lat' dir='ltr'><strong>quoque</strong></span> <span class='ocrx_word' id='word_1_551' title='bbox 3336 881 3488 931; x_wconf 88' lang='lat' dir='ltr'><strong>esse;</strong></span> <span class='ocrx_word' id='word_1_552' title='bbox 3529 881 3649 920; x_wconf 89' lang='lat' dir='ltr'><strong>cum</strong></span> <span class='ocrx_word' id='word_1_553' title='bbox 3674 866 3947 921; x_wconf 86' lang='lat' dir='ltr'><strong>dolentem</strong></span> <span class='ocrx_word' id='word_1_554' title='bbox 3978 881 4106 919; x_wconf 83' lang='lat' dir='ltr'><strong>con-</strong></span> 
     </span>
    </p>
   </div>
   <div class='ocr_carea' id='block_1_69' title="bbox 2523 958 4106 1029">
    <p class='ocr_par' dir='ltr' id='par_1_69' title="bbox 2523 958 4106 1029">
     <span class='ocr_line' id='line_1_69' title="bbox 2523 958 4106 1029; baseline 0.001 -19"><span class='ocrx_word' id='word_1_555' title='bbox 2523 959 2743 1025; x_wconf 76' lang='lat' dir='ltr'><strong>Spicitis,</strong></span> <span class='ocrx_word' id='word_1_556' title='bbox 2765 959 2817 1012; x_wconf 85' lang='lat' dir='ltr'><strong>in</strong></span> <span class='ocrx_word' id='word_1_557' title='bbox 2834 958 3017 1013; x_wconf 88' lang='lat' dir='ltr'><strong>dolore</strong></span> <span class='ocrx_word' id='word_1_558' title='bbox 3035 961 3195 1013; x_wconf 88' lang='lat' dir='ltr'><strong>etiam</strong></span> <span class='ocrx_word' id='word_1_559' title='bbox 3210 960 3425 1013; x_wconf 84' lang='lat' dir='ltr'><strong>versari.</strong></span> <span class='ocrx_word' id='word_1_560' title='bbox 3454 958 3585 1013; x_wconf 83' lang='lat' dir='ltr'><strong>Vide</strong></span> <span class='ocrx_word' id='word_1_561' title='bbox 3610 959 3770 1027; x_wconf 90' lang='lat' dir='ltr'><strong>igitur</strong></span> <span class='ocrx_word' id='word_1_562' title='bbox 3786 975 3973 1013; x_wconf 89' lang='lat' dir='ltr'><strong>rursus</strong></span> <span class='ocrx_word' id='word_1_563' title='bbox 4000 974 4106 1029; x_wconf 88' lang='lat' dir='ltr'><strong>quo</strong></span> 
     </span>
    </p>
   </div>
   <div class='ocr_carea' id='block_1_70' title="bbox 2525 1050 4104 1120">
    <p class='ocr_par' dir='ltr' id='par_1_70' title="bbox 2525 1050 4104 1120">
     <span class='ocr_line' id='line_1_70' title="bbox 2525 1050 4104 1120; baseline 0.001 -21"><span class='ocrx_word' id='word_1_564' title='bbox 2525 1060 2703 1119; x_wconf 77' lang='lat' dir='ltr'><strong>pacto,</strong></span> <span class='ocrx_word' id='word_1_565' title='bbox 2737 1066 2856 1120; x_wconf 70' lang='lat' dir='ltr'><strong>quin</strong></span> <span class='ocrx_word' id='word_1_566' title='bbox 2882 1050 3023 1104; x_wconf 90' lang='lat' dir='ltr'><strong>dicta</strong></span> <span class='ocrx_word' id='word_1_567' title='bbox 3053 1060 3196 1116; x_wconf 88' lang='lat' dir='ltr'><strong>sunt,</strong></span> <span class='ocrx_word' id='word_1_568' title='bbox 3220 1051 3358 1104; x_wconf 92' lang='lat' dir='ltr'><strong>inter</strong></span> <span class='ocrx_word' id='word_1_569' title='bbox 3379 1066 3437 1105; x_wconf 90' lang='lat' dir='ltr'><strong>se</strong></span> <span class='ocrx_word' id='word_1_570' title='bbox 3461 1050 3767 1104; x_wconf 68' lang='lat' dir='ltr'><strong>cobazreant</strong></span> <span class='ocrx_word' id='word_1_571' title='bbox 3794 1067 3806 1102; x_wconf 95' lang='lat'>:</span> <span class='ocrx_word' id='word_1_572' title='bbox 3841 1051 3919 1104; x_wconf 88' lang='lat' dir='ltr'><strong>sic</strong></span> <span class='ocrx_word' id='word_1_573' title='bbox 3940 1052 4104 1114; x_wconf 87' lang='lat' dir='ltr'><strong>enim,</strong></span> 
     </span>
    </p>
   </div>
   <div class='ocr_carea' id='block_1_71' title="bbox 2525 1141 4109 1210">
    <p class='ocr_par' dir='ltr' id='par_1_71' title="bbox 2525 1141 4109 1210">
     <span class='ocr_line' id='line_1_71' title="bbox 2525 1141 4109 1210; baseline 0.001 -17"><span class='ocrx_word' id='word_1_574' title='bbox 2525 1142 2650 1210; x_wconf 86' lang='lat' dir='ltr'><strong>quid</strong></span> <span class='ocrx_word' id='word_1_575' title='bbox 2684 1141 2878 1195; x_wconf 69' lang='lat' dir='ltr'><strong>Paulus</strong></span> <span class='ocrx_word' id='word_1_576' title='bbox 2903 1142 3061 1207; x_wconf 73' lang='lat' dir='ltr'><strong>dic-it,</strong></span> <span class='ocrx_word' id='word_1_577' title='bbox 3090 1141 3296 1195; x_wconf 82' lang='lat' dir='ltr'><strong>facilius</strong></span> <span class='ocrx_word' id='word_1_578' title='bbox 3325 1143 3598 1197; x_wconf 89' lang='lat' dir='ltr'><strong>intellectu</strong></span> <span class='ocrx_word' id='word_1_579' title='bbox 3630 1156 3999 1209; x_wconf 88' lang='lat' dir='ltr'><strong>assequemur.</strong></span> <span class='ocrx_word' id='word_1_580' title='bbox 4033 1142 4109 1195; x_wconf 86' lang='lat' dir='ltr'><strong>ld-</strong></span> 
     </span>
    </p>
   </div>
   <div class='ocr_carea' id='block_1_72' title="bbox 2526 1231 4108 1300">
    <p class='ocr_par' dir='ltr' id='par_1_72' title="bbox 2526 1231 4108 1300">
     <span class='ocr_line' id='line_1_72' title="bbox 2526 1231 4108 1300; baseline 0.001 -16"><span class='ocrx_word' id='word_1_581' title='bbox 2526 1232 2689 1294; x_wconf 91' lang='lat' dir='ltr'><strong>circo,</strong></span> <span class='ocrx_word' id='word_1_582' title='bbox 2722 1232 2914 1300; x_wconf 89' lang='lat' dir='ltr'><strong>inquit,</strong></span> <span class='ocrx_word' id='word_1_583' title='bbox 2948 1248 3052 1285; x_wconf 87' lang='lat' dir='ltr'><strong>non</strong></span> <span class='ocrx_word' id='word_1_584' title='bbox 3082 1232 3224 1297; x_wconf 90' lang='lat' dir='ltr'><strong>veni,</strong></span> <span class='ocrx_word' id='word_1_585' title='bbox 3258 1248 3327 1286; x_wconf 90' lang='lat' dir='ltr'><strong>ne</strong></span> <span class='ocrx_word' id='word_1_586' title='bbox 3352 1248 3448 1285; x_wconf 90' lang='lat' dir='ltr'><strong>vos</strong></span> <span class='ocrx_word' id='word_1_587' title='bbox 3479 1247 3710 1286; x_wconf 66' lang='lat' dir='ltr'><strong>maerore</strong></span> <span class='ocrx_word' id='word_1_588' title='bbox 3731 1231 4029 1295; x_wconf 84' lang='lat' dir='ltr'><strong>afﬁcerem,</strong></span> <span class='ocrx_word' id='word_1_589' title='bbox 4064 1234 4108 1285; x_wconf 85' lang='lat' dir='ltr'><strong>si</strong></span> 
     </span>
    </p>
   </div>
   <div class='ocr_carea' id='block_1_73' title="bbox 2530 1324 4111 1389">
    <p class='ocr_par' dir='ltr' id='par_1_73' title="bbox 2530 1324 4111 1389">
     <span class='ocr_line' id='line_1_73' title="bbox 2530 1324 4111 1389; baseline -0.001 -10"><span class='ocrx_word' id='word_1_590' title='bbox 2530 1327 2856 1380; x_wconf 86' lang='lat' dir='ltr'><strong>incorreetos</strong></span> <span class='ocrx_word' id='word_1_591' title='bbox 2886 1326 3249 1380; x_wconf 77' lang='lat' dir='ltr'><strong>offendissem.</strong></span> <span class='ocrx_word' id='word_1_592' title='bbox 3296 1325 3407 1379; x_wconf 83' lang='lat' dir='ltr'><strong>Hoc</strong></span> <span class='ocrx_word' id='word_1_593' title='bbox 3444 1336 3621 1380; x_wconf 90' lang='lat' dir='ltr'><strong>autem</strong></span> <span class='ocrx_word' id='word_1_594' title='bbox 3674 1341 3777 1379; x_wconf 90' lang='lat' dir='ltr'><strong>non</strong></span> <span class='ocrx_word' id='word_1_595' title='bbox 3810 1341 3963 1389; x_wconf 82' lang='lat' dir='ltr'><strong>mea,</strong></span> <span class='ocrx_word' id='word_1_596' title='bbox 4016 1324 4111 1377; x_wconf 87' lang='lat' dir='ltr'><strong>sed</strong></span> 
     </span>
    </p>
   </div>
   <div class='ocr_carea' id='block_1_74' title="bbox 2528 1418 4113 1488">
    <p class='ocr_par' dir='ltr' id='par_1_74' title="bbox 2528 1418 4113 1488">
     <span class='ocr_line' id='line_1_74' title="bbox 2528 1418 4113 1488; baseline 0.001 -18"><span class='ocrx_word' id='word_1_597' title='bbox 2528 1430 2705 1473; x_wconf 89' lang='lat' dir='ltr'><strong>vestra</strong></span> <span class='ocrx_word' id='word_1_598' title='bbox 2736 1434 2898 1473; x_wconf 85' lang='lat' dir='ltr'><strong>causa</strong></span> <span class='ocrx_word' id='word_1_599' title='bbox 2925 1419 3209 1474; x_wconf 89' lang='lat' dir='ltr'><strong>faciebam.</strong></span> <span class='ocrx_word' id='word_1_600' title='bbox 3244 1418 3354 1488; x_wconf 86' lang='lat' dir='ltr'><strong>Ego</strong></span> <span class='ocrx_word' id='word_1_601' title='bbox 3381 1419 3524 1473; x_wconf 90' lang='lat' dir='ltr'><strong>enim</strong></span> <span class='ocrx_word' id='word_1_602' title='bbox 3552 1432 3619 1473; x_wconf 81' lang='lat' dir='ltr'><strong>ex</strong></span> <span class='ocrx_word' id='word_1_603' title='bbox 3660 1429 3839 1472; x_wconf 89' lang='lat' dir='ltr'><strong>vestro</strong></span> <span class='ocrx_word' id='word_1_604' title='bbox 3876 1434 4113 1472; x_wconf 65' lang='lat' dir='ltr'><strong>marrore</strong></span> 
     </span>
    </p>
   </div>
   <div class='ocr_carea' id='block_1_75' title="bbox 2532 1511 4114 1581">
    <p class='ocr_par' dir='ltr' id='par_1_75' title="bbox 2532 1511 4114 1581">
     <span class='ocr_line' id='line_1_75' title="bbox 2532 1511 4114 1581; baseline -0.001 -16"><span class='ocrx_word' id='word_1_605' title='bbox 2532 1512 2669 1565; x_wconf 77' lang='lat' dir='ltr'><strong>haud</strong></span> <span class='ocrx_word' id='word_1_606' title='bbox 2708 1527 2924 1580; x_wconf 84' lang='lat' dir='ltr'><strong>parvam</strong></span> <span class='ocrx_word' id='word_1_607' title='bbox 2954 1511 3281 1581; x_wconf 87' lang='lat' dir='ltr'><strong>voluptatem</strong></span> <span class='ocrx_word' id='word_1_608' title='bbox 3305 1512 3481 1579; x_wconf 90' lang='lat' dir='ltr'><strong>capio,</strong></span> <span class='ocrx_word' id='word_1_609' title='bbox 3513 1526 3633 1565; x_wconf 91' lang='lat' dir='ltr'><strong>cum</strong></span> <span class='ocrx_word' id='word_1_610' title='bbox 3660 1525 3744 1565; x_wconf 89' lang='lat' dir='ltr'><strong>me</strong></span> <span class='ocrx_word' id='word_1_611' title='bbox 3774 1511 3924 1563; x_wconf 87' lang='lat' dir='ltr'><strong>vobis</strong></span> <span class='ocrx_word' id='word_1_612' title='bbox 3952 1520 4114 1564; x_wconf 67' lang='lat' dir='ltr'><strong>tanta</strong></span> 
     </span>
    </p>
   </div>
   <div class='ocr_carea' id='block_1_76' title="bbox 2529 1602 4114 1669">
    <p class='ocr_par' dir='ltr' id='par_1_76' title="bbox 2529 1602 4114 1669">
     <span class='ocr_line' id='line_1_76' title="bbox 2529 1602 4114 1669; baseline -0.001 -11"><span class='ocrx_word' id='word_1_613' title='bbox 2529 1619 2672 1658; x_wconf 84' lang='lat' dir='ltr'><strong>curae</strong></span> <span class='ocrx_word' id='word_1_614' title='bbox 2698 1619 2818 1657; x_wconf 89' lang='lat' dir='ltr'><strong>esse</strong></span> <span class='ocrx_word' id='word_1_615' title='bbox 2849 1617 3035 1667; x_wconf 89' lang='lat' dir='ltr'><strong>cerno,</strong></span> <span class='ocrx_word' id='word_1_616' title='bbox 3070 1613 3127 1657; x_wconf 93' lang='lat' dir='ltr'><strong>ut</strong></span> <span class='ocrx_word' id='word_1_617' title='bbox 3151 1603 3312 1657; x_wconf 92' lang='lat' dir='ltr'><strong>etiam</strong></span> <span class='ocrx_word' id='word_1_618' title='bbox 3336 1603 3388 1657; x_wconf 91' lang='lat' dir='ltr'><strong>in</strong></span> <span class='ocrx_word' id='word_1_619' title='bbox 3412 1618 3642 1659; x_wconf 78' lang='lat' dir='ltr'><strong>mmrore</strong></span> <span class='ocrx_word' id='word_1_620' title='bbox 3671 1618 3733 1657; x_wconf 89' lang='lat' dir='ltr'><strong>ac</strong></span> <span class='ocrx_word' id='word_1_621' title='bbox 3760 1602 3951 1657; x_wconf 86' lang='lat' dir='ltr'><strong>dolore</strong></span> <span class='ocrx_word' id='word_1_622' title='bbox 3972 1604 4114 1669; x_wconf 89' lang='lat' dir='ltr'><strong>sitis,</strong></span> 
     </span>
    </p>
   </div>
   <div class='ocr_carea' id='block_1_77' title="bbox 2529 1694 4117 1763">
    <p class='ocr_par' dir='ltr' id='par_1_77' title="bbox 2529 1694 4117 1763">
     <span class='ocr_line' id='line_1_77' title="bbox 2529 1694 4117 1763; baseline 0 -15"><span class='ocrx_word' id='word_1_623' title='bbox 2529 1709 2651 1748; x_wconf 89' lang='lat' dir='ltr'><strong>cum</strong></span> <span class='ocrx_word' id='word_1_624' title='bbox 2690 1694 3055 1762; x_wconf 86' lang='lat' dir='ltr'><strong>indignatione</strong></span> <span class='ocrx_word' id='word_1_625' title='bbox 3085 1694 3291 1748; x_wconf 79' lang='lat' dir='ltr'><strong>afﬁcior</strong></span> <span class='ocrx_word' id='word_1_626' title='bbox 3322 1714 3334 1748; x_wconf 92' lang='lat'><strong>:</strong></span> <span class='ocrx_word' id='word_1_627' title='bbox 3370 1695 3496 1761; x_wconf 85' lang='lat' dir='ltr'><strong>Quis</strong></span> <span class='ocrx_word' id='word_1_628' title='bbox 3511 1697 3640 1749; x_wconf 80' lang='lat' dir='ltr'><strong>enim</strong></span> <span class='ocrx_word' id='word_1_629' title='bbox 3666 1705 3737 1749; x_wconf 80' lang='lat' dir='ltr'><strong>est</strong></span> <span class='ocrx_word' id='word_1_630' title='bbox 3758 1696 3845 1763; x_wconf 86' lang='lat' dir='ltr'><strong>qui</strong></span> <span class='ocrx_word' id='word_1_631' title='bbox 3867 1712 3946 1749; x_wconf 78' lang='lat' dir='ltr'><strong>me</strong></span> <span class='ocrx_word' id='word_1_632' title='bbox 3970 1696 4117 1750; x_wconf 67' lang='lat' dir='ltr'><strong>exhi-</strong></span> 
     </span>
    </p>
   </div>
   <div class='ocr_carea' id='block_1_78' title="bbox 2532 1785 4118 1853">
    <p class='ocr_par' dir='ltr' id='par_1_78' title="bbox 2532 1785 4118 1853">
     <span class='ocr_line' id='line_1_78' title="bbox 2532 1785 4118 1853; baseline 0.001 -16"><span class='ocrx_word' id='word_1_633' title='bbox 2532 1786 2677 1845; x_wconf 80' lang='lat' dir='ltr'><strong>taret,</strong></span> <span class='ocrx_word' id='word_1_634' title='bbox 2709 1785 2807 1837; x_wconf 88' lang='lat' dir='ltr'><strong>ntsi</strong></span> <span class='ocrx_word' id='word_1_635' title='bbox 2828 1785 2914 1853; x_wconf 83' lang='lat' dir='ltr'><strong>qui</strong></span> <span class='ocrx_word' id='word_1_636' title='bbox 2932 1800 2995 1838; x_wconf 69' lang='lat' dir='ltr'><strong>ex</strong></span> <span class='ocrx_word' id='word_1_637' title='bbox 3014 1801 3092 1836; x_wconf 85' lang='lat' dir='ltr'><strong>me</strong></span> <span class='ocrx_word' id='word_1_638' title='bbox 3115 1785 3481 1839; x_wconf 83' lang='lat' dir='ltr'><strong>contristatur?</strong></span> <span class='ocrx_word' id='word_1_639' title='bbox 3508 1785 3706 1839; x_wconf 89' lang='lat' dir='ltr'><strong>Tamen</strong></span> <span class='ocrx_word' id='word_1_640' title='bbox 3730 1786 3978 1853; x_wconf 75' lang='lat' dir='ltr'><strong>quamvis</strong></span> <span class='ocrx_word' id='word_1_641' title='bbox 4000 1787 4118 1839; x_wconf 87' lang='lat' dir='ltr'><strong>ani-</strong></span> 
     </span>
    </p>
   </div>
   <div class='ocr_carea' id='block_1_79' title="bbox 2532 1874 4116 1945">
    <p class='ocr_par' dir='ltr' id='par_1_79' title="bbox 2532 1874 4116 1945">
     <span class='ocr_line' id='line_1_79' title="bbox 2532 1874 4116 1945; baseline 0.001 -18"><span class='ocrx_word' id='word_1_642' title='bbox 2532 1890 2620 1928; x_wconf 92' lang='lat' dir='ltr'><strong>mo</strong></span> <span class='ocrx_word' id='word_1_643' title='bbox 2650 1874 2718 1928; x_wconf 88' lang='lat' dir='ltr'><strong>ita</strong></span> <span class='ocrx_word' id='word_1_644' title='bbox 2746 1876 3063 1928; x_wconf 87' lang='lat' dir='ltr'><strong>constitutus</strong></span> <span class='ocrx_word' id='word_1_645' title='bbox 3095 1874 3217 1939; x_wconf 90' lang='lat' dir='ltr'><strong>sim,</strong></span> <span class='ocrx_word' id='word_1_646' title='bbox 3262 1876 3510 1945; x_wconf 89' lang='lat' dir='ltr'><strong>quoniam</strong></span> <span class='ocrx_word' id='word_1_647' title='bbox 3541 1876 3702 1931; x_wconf 89' lang='lat' dir='ltr'><strong>vestri</strong></span> <span class='ocrx_word' id='word_1_648' title='bbox 3733 1877 3994 1930; x_wconf 88' lang='lat' dir='ltr'><strong>rationem</strong></span> <span class='ocrx_word' id='word_1_649' title='bbox 4019 1879 4116 1929; x_wconf 79' lang='lat' dir='ltr'><strong>ha-</strong></span> 
     </span>
    </p>
   </div>
   <div class='ocr_carea' id='block_1_80' title="bbox 2535 1966 4115 2037">
    <p class='ocr_par' dir='ltr' id='par_1_80' title="bbox 2535 1966 4115 2037">
     <span class='ocr_line' id='line_1_80' title="bbox 2535 1966 4115 2037; baseline 0.001 -17"><span class='ocrx_word' id='word_1_650' title='bbox 2535 1967 2658 2028; x_wconf 87' lang='lat' dir='ltr'><strong>beo,</strong></span> <span class='ocrx_word' id='word_1_651' title='bbox 2690 1966 2791 2021; x_wconf 85' lang='lat' dir='ltr'><strong>hoc</strong></span> <span class='ocrx_word' id='word_1_652' title='bbox 2815 1968 2988 2036; x_wconf 89' lang='lat' dir='ltr'><strong>ipsum</strong></span> <span class='ocrx_word' id='word_1_653' title='bbox 3019 1967 3083 2021; x_wconf 91' lang='lat' dir='ltr'><strong>ad</strong></span> <span class='ocrx_word' id='word_1_654' title='bbox 3113 1982 3208 2022; x_wconf 88' lang='lat' dir='ltr'><strong>vos</strong></span> <span class='ocrx_word' id='word_1_655' title='bbox 3238 1968 3463 2037; x_wconf 89' lang='lat' dir='ltr'><strong>scripsi,</strong></span> <span class='ocrx_word' id='word_1_656' title='bbox 3492 1978 3547 2022; x_wconf 90' lang='lat' dir='ltr'><strong>ut</strong></span> <span class='ocrx_word' id='word_1_657' title='bbox 3588 1984 3656 2024; x_wconf 89' lang='lat' dir='ltr'><strong>ne</strong></span> <span class='ocrx_word' id='word_1_658' title='bbox 3692 1969 3987 2023; x_wconf 90' lang='lat' dir='ltr'><strong>contrister</strong></span> <span class='ocrx_word' id='word_1_659' title='bbox 4016 1987 4030 2021; x_wconf 90' lang='lat'>:</span> <span class='ocrx_word' id='word_1_660' title='bbox 4060 1969 4115 2022; x_wconf 89' lang='lat' dir='ltr'><strong>in</strong></span> 
     </span>
    </p>
   </div>
   <div class='ocr_carea' id='block_1_81' title="bbox 2534 2057 4119 2127">
    <p class='ocr_par' dir='ltr' id='par_1_81' title="bbox 2534 2057 4119 2127">
     <span class='ocr_line' id='line_1_81' title="bbox 2534 2057 4119 2127; baseline 0.003 -16"><span class='ocrx_word' id='word_1_661' title='bbox 2534 2057 2636 2111; x_wconf 90' lang='lat' dir='ltr'><strong>hoc</strong></span> <span class='ocrx_word' id='word_1_662' title='bbox 2666 2073 2877 2127; x_wconf 89' lang='lat' dir='ltr'><strong>quoque</strong></span> <span class='ocrx_word' id='word_1_663' title='bbox 2904 2074 3088 2111; x_wconf 88' lang='lat' dir='ltr'><strong>rursus</strong></span> <span class='ocrx_word' id='word_1_664' title='bbox 3118 2074 3222 2112; x_wconf 90' lang='lat' dir='ltr'><strong>non</strong></span> <span class='ocrx_word' id='word_1_665' title='bbox 3255 2074 3453 2124; x_wconf 89' lang='lat' dir='ltr'><strong>meum,</strong></span> <span class='ocrx_word' id='word_1_666' title='bbox 3483 2059 3575 2113; x_wconf 91' lang='lat' dir='ltr'><strong>sed</strong></span> <span class='ocrx_word' id='word_1_667' title='bbox 3611 2071 3844 2114; x_wconf 88' lang='lat' dir='ltr'><strong>vestrum</strong></span> <span class='ocrx_word' id='word_1_668' title='bbox 3875 2074 4119 2115; x_wconf 85' lang='lat' dir='ltr'><strong>commo-</strong></span> 
     </span>
    </p>
   </div>
   <div class='ocr_carea' id='block_1_82' title="bbox 2534 2151 4121 2222">
    <p class='ocr_par' dir='ltr' id='par_1_82' title="bbox 2534 2151 4121 2222">
     <span class='ocr_line' id='line_1_82' title="bbox 2534 2151 4121 2222; baseline 0.001 -17"><span class='ocrx_word' id='word_1_669' title='bbox 2534 2152 2661 2205; x_wconf 88' lang='lat' dir='ltr'><strong>dum</strong></span> <span class='ocrx_word' id='word_1_670' title='bbox 2687 2162 2955 2219; x_wconf 83' lang='lat' dir='ltr'><strong>spectans.</strong></span> <span class='ocrx_word' id='word_1_671' title='bbox 2992 2151 3175 2220; x_wconf 86' lang='lat' dir='ltr'><strong>Neque</strong></span> <span class='ocrx_word' id='word_1_672' title='bbox 3197 2153 3339 2206; x_wconf 90' lang='lat' dir='ltr'><strong>enim</strong></span> <span class='ocrx_word' id='word_1_673' title='bbox 3370 2168 3455 2206; x_wconf 89' lang='lat' dir='ltr'><strong>me</strong></span> <span class='ocrx_word' id='word_1_674' title='bbox 3486 2152 3635 2222; x_wconf 91' lang='lat' dir='ltr'><strong>fugit,</strong></span> <span class='ocrx_word' id='word_1_675' title='bbox 3662 2154 3789 2222; x_wconf 89' lang='lat' dir='ltr'><strong>quin</strong></span> <span class='ocrx_word' id='word_1_676' title='bbox 3819 2168 3882 2206; x_wconf 88' lang='lat' dir='ltr'><strong>ea</strong></span> <span class='ocrx_word' id='word_1_677' title='bbox 3914 2166 4003 2206; x_wconf 90' lang='lat' dir='ltr'><strong>res</strong></span> <span class='ocrx_word' id='word_1_678' title='bbox 4025 2168 4121 2206; x_wconf 83' lang='lat' dir='ltr'><strong>vo-</strong></span> 
     </span>
    </p>
   </div>
   <div class='ocr_carea' id='block_1_83' title="bbox 2535 2242 4121 2309">
    <p class='ocr_par' dir='ltr' id='par_1_83' title="bbox 2535 2242 4121 2309">
     <span class='ocr_line' id='line_1_83' title="bbox 2535 2242 4121 2309; baseline 0.001 -13"><span class='ocrx_word' id='word_1_679' title='bbox 2535 2242 2617 2296; x_wconf 88' lang='lat' dir='ltr'><strong>bis</strong></span> <span class='ocrx_word' id='word_1_680' title='bbox 2644 2244 2861 2296; x_wconf 66' lang='lat' dir='ltr'><strong>mozrori</strong></span> <span class='ocrx_word' id='word_1_681' title='bbox 2894 2243 3067 2294; x_wconf 87' lang='lat' dir='ltr'><strong>futura</strong></span> <span class='ocrx_word' id='word_1_682' title='bbox 3096 2244 3185 2309; x_wconf 87' lang='lat' dir='ltr'><strong>sit,</strong></span> <span class='ocrx_word' id='word_1_683' title='bbox 3216 2244 3258 2295; x_wconf 91' lang='lat' dir='ltr'><strong>si</strong></span> <span class='ocrx_word' id='word_1_684' title='bbox 3291 2242 3559 2297; x_wconf 88' lang='lat' dir='ltr'><strong>dolentem</strong></span> <span class='ocrx_word' id='word_1_685' title='bbox 3606 2260 3691 2298; x_wconf 89' lang='lat' dir='ltr'><strong>me</strong></span> <span class='ocrx_word' id='word_1_686' title='bbox 3731 2244 3971 2298; x_wconf 85' lang='lat' dir='ltr'><strong>videritis</strong></span> <span class='ocrx_word' id='word_1_687' title='bbox 4004 2260 4017 2297; x_wconf 91' lang='lat'><strong>:</strong></span> <span class='ocrx_word' id='word_1_688' title='bbox 4062 2254 4121 2298; x_wconf 85' lang='lat' dir='ltr'><strong>ut</strong></span> 
     </span>
    </p>
   </div>
   <div class='ocr_carea' id='block_1_84' title="bbox 2536 2333 4122 2404">
    <p class='ocr_par' dir='ltr' id='par_1_84' title="bbox 2536 2333 4122 2404">
     <span class='ocr_line' id='line_1_84' title="bbox 2536 2333 4122 2404; baseline 0 -16"><span class='ocrx_word' id='word_1_689' title='bbox 2536 2343 2721 2388; x_wconf 90' lang='lat' dir='ltr'><strong>contra</strong></span> <span class='ocrx_word' id='word_1_690' title='bbox 2753 2333 2969 2398; x_wconf 60' lang='lat' dir='ltr'><strong>laititizn,</strong></span> <span class='ocrx_word' id='word_1_691' title='bbox 3004 2334 3047 2387; x_wconf 88' lang='lat' dir='ltr'><strong>si</strong></span> <span class='ocrx_word' id='word_1_692' title='bbox 3080 2350 3165 2387; x_wconf 92' lang='lat' dir='ltr'><strong>me</strong></span> <span class='ocrx_word' id='word_1_693' title='bbox 3198 2334 3377 2387; x_wconf 54' lang='lat' dir='ltr'><strong>la‘tum</strong></span> <span class='ocrx_word' id='word_1_694' title='bbox 3404 2337 3813 2404; x_wconf 81' lang='lat' dir='ltr'><strong>conspexeritis.</strong></span> <span class='ocrx_word' id='word_1_695' title='bbox 3846 2335 3982 2389; x_wconf 81' lang='lat' dir='ltr'><strong>Vide</strong></span> <span class='ocrx_word' id='word_1_696' title='bbox 4023 2337 4122 2388; x_wconf 83' lang='lat' dir='ltr'><strong>ita-</strong></span> 
     </span>
    </p>
   </div>
   <div class='ocr_carea' id='block_1_85' title="bbox 2538 2426 4122 2494">
    <p class='ocr_par' dir='ltr' id='par_1_85' title="bbox 2538 2426 4122 2494">
     <span class='ocr_line' id='line_1_85' title="bbox 2538 2426 4122 2494; baseline 0.002 -16"><span class='ocrx_word' id='word_1_697' title='bbox 2538 2441 2641 2494; x_wconf 88' lang='lat' dir='ltr'><strong>que</strong></span> <span class='ocrx_word' id='word_1_698' title='bbox 2670 2426 3045 2493; x_wconf 84' lang='lat' dir='ltr'><strong>prudentiam:</strong></span> <span class='ocrx_word' id='word_1_699' title='bbox 3079 2426 3308 2487; x_wconf 79' lang='lat' dir='ltr'><strong>dixerat,</strong></span> <span class='ocrx_word' id='word_1_700' title='bbox 3342 2426 3461 2478; x_wconf 85' lang='lat' dir='ltr'><strong>Non</strong></span> <span class='ocrx_word' id='word_1_701' title='bbox 3511 2428 3639 2492; x_wconf 81' lang='lat' dir='ltr'><strong>veni,</strong></span> <span class='ocrx_word' id='word_1_702' title='bbox 3676 2436 3729 2479; x_wconf 91' lang='lat' dir='ltr'><strong>ut</strong></span> <span class='ocrx_word' id='word_1_703' title='bbox 3763 2444 3827 2480; x_wconf 91' lang='lat' dir='ltr'><strong>ne</strong></span> <span class='ocrx_word' id='word_1_704' title='bbox 3862 2442 3958 2480; x_wconf 86' lang='lat' dir='ltr'><strong>vos</strong></span> <span class='ocrx_word' id='word_1_705' title='bbox 3992 2443 4122 2481; x_wconf 85' lang='lat' dir='ltr'><strong>con-</strong></span> 
     </span>
    </p>
   </div>
   <div class='ocr_carea' id='block_1_86' title="bbox 2540 2517 4121 2587">
    <p class='ocr_par' dir='ltr' id='par_1_86' title="bbox 2540 2517 4121 2587">
     <span class='ocr_line' id='line_1_86' title="bbox 2540 2517 4121 2587; baseline 0.001 -16"><span class='ocrx_word' id='word_1_706' title='bbox 2540 2519 2754 2582; x_wconf 83' lang='lat' dir='ltr'><strong>trister;</strong></span> <span class='ocrx_word' id='word_1_707' title='bbox 2796 2528 2849 2572; x_wconf 90' lang='lat' dir='ltr'><strong>et</strong></span> <span class='ocrx_word' id='word_1_708' title='bbox 2884 2528 3058 2572; x_wconf 89' lang='lat' dir='ltr'><strong>tamen</strong></span> <span class='ocrx_word' id='word_1_709' title='bbox 3107 2518 3333 2587; x_wconf 88' lang='lat' dir='ltr'><strong>gaudeo,</strong></span> <span class='ocrx_word' id='word_1_710' title='bbox 3367 2520 3555 2587; x_wconf 91' lang='lat' dir='ltr'><strong>inquit.</strong></span> <span class='ocrx_word' id='word_1_711' title='bbox 3589 2517 3809 2580; x_wconf 88' lang='lat' dir='ltr'><strong>Deinde,</strong></span> <span class='ocrx_word' id='word_1_712' title='bbox 3842 2533 3910 2572; x_wconf 90' lang='lat' dir='ltr'><strong>ne</strong></span> <span class='ocrx_word' id='word_1_713' title='bbox 3935 2534 4000 2573; x_wconf 81' lang='lat' dir='ltr'><strong>ex</strong></span> <span class='ocrx_word' id='word_1_714' title='bbox 4031 2534 4121 2573; x_wconf 87' lang='lat' dir='ltr'><strong>eo-</strong></span> 
     </span>
    </p>
   </div>
   <div class='ocr_carea' id='block_1_87' title="bbox 2541 2609 4119 2679">
    <p class='ocr_par' dir='ltr' id='par_1_87' title="bbox 2541 2609 4119 2679">
     <span class='ocr_line' id='line_1_87' title="bbox 2541 2609 4119 2679; baseline -0.001 -14"><span class='ocrx_word' id='word_1_715' title='bbox 2541 2626 2659 2665; x_wconf 90' lang='lat' dir='ltr'><strong>rum</strong></span> <span class='ocrx_word' id='word_1_716' title='bbox 2691 2609 2879 2664; x_wconf 88' lang='lat' dir='ltr'><strong>dolore</strong></span> <span class='ocrx_word' id='word_1_717' title='bbox 2910 2610 3234 2679; x_wconf 84' lang='lat' dir='ltr'><strong>voluptatem</strong></span> <span class='ocrx_word' id='word_1_718' title='bbox 3285 2610 3382 2665; x_wconf 90' lang='lat' dir='ltr'><strong>sibi</strong></span> <span class='ocrx_word' id='word_1_719' title='bbox 3431 2626 3551 2665; x_wconf 88' lang='lat' dir='ltr'><strong>esse</strong></span> <span class='ocrx_word' id='word_1_720' title='bbox 3595 2611 3859 2676; x_wconf 85' lang='lat' dir='ltr'><strong>videatur,</strong></span> <span class='ocrx_word' id='word_1_721' title='bbox 3893 2610 3945 2664; x_wconf 85' lang='lat' dir='ltr'><strong>in</strong></span> <span class='ocrx_word' id='word_1_722' title='bbox 3996 2611 4119 2676; x_wconf 84' lang='lat' dir='ltr'><strong>hoc,</strong></span> 
     </span>
    </p>
   </div>
   <div class='ocr_carea' id='block_1_88' title="bbox 2540 2700 4117 2771">
    <p class='ocr_par' dir='ltr' id='par_1_88' title="bbox 2540 2700 4117 2771">
     <span class='ocr_line' id='line_1_88' title="bbox 2540 2700 4117 2771; baseline -0.001 -16"><span class='ocrx_word' id='word_1_723' title='bbox 2540 2702 2731 2771; x_wconf 90' lang='lat' dir='ltr'><strong>inquit,</strong></span> <span class='ocrx_word' id='word_1_724' title='bbox 2765 2700 2993 2769; x_wconf 88' lang='lat' dir='ltr'><strong>gaudeo,</strong></span> <span class='ocrx_word' id='word_1_725' title='bbox 3023 2701 3165 2770; x_wconf 91' lang='lat' dir='ltr'><strong>quod</strong></span> <span class='ocrx_word' id='word_1_726' title='bbox 3198 2715 3289 2754; x_wconf 88' lang='lat' dir='ltr'><strong>vos</strong></span> <span class='ocrx_word' id='word_1_727' title='bbox 3331 2702 3707 2770; x_wconf 85' lang='lat' dir='ltr'><strong>perstringam.</strong></span> <span class='ocrx_word' id='word_1_728' title='bbox 3756 2702 3886 2754; x_wconf 86' lang='lat' dir='ltr'><strong>Nam</strong></span> <span class='ocrx_word' id='word_1_729' title='bbox 3916 2702 4117 2770; x_wconf 87' lang='lat' dir='ltr'><strong>alioqui</strong></span> 
     </span>
    </p>
   </div>
   <div class='ocr_carea' id='block_1_89' title="bbox 2538 2794 4119 2862">
    <p class='ocr_par' dir='ltr' id='par_1_89' title="bbox 2538 2794 4119 2862">
     <span class='ocr_line' id='line_1_89' title="bbox 2538 2794 4119 2862; baseline -0.003 -15"><span class='ocrx_word' id='word_1_730' title='bbox 2538 2794 2858 2857; x_wconf 88' lang='lat' dir='ltr'><strong>discrucior,</strong></span> <span class='ocrx_word' id='word_1_731' title='bbox 2904 2808 3023 2846; x_wconf 91' lang='lat' dir='ltr'><strong>cum</strong></span> <span class='ocrx_word' id='word_1_732' title='bbox 3050 2808 3164 2857; x_wconf 89' lang='lat' dir='ltr'><strong>eos,</strong></span> <span class='ocrx_word' id='word_1_733' title='bbox 3196 2808 3225 2845; x_wconf 91' lang='lat' dir='ltr'><strong>a</strong></span> <span class='ocrx_word' id='word_1_734' title='bbox 3254 2794 3444 2861; x_wconf 93' lang='lat' dir='ltr'><strong>quibus</strong></span> <span class='ocrx_word' id='word_1_735' title='bbox 3475 2802 3754 2862; x_wconf 87' lang='lat' dir='ltr'><strong>tantopere</strong></span> <span class='ocrx_word' id='word_1_736' title='bbox 3784 2808 3957 2858; x_wconf 88' lang='lat' dir='ltr'><strong>amor,</strong></span> <span class='ocrx_word' id='word_1_737' title='bbox 4007 2806 4119 2846; x_wconf 87' lang='lat' dir='ltr'><strong>mo-</strong></span> 
     </span>
    </p>
   </div>
   <div class='ocr_carea' id='block_1_90' title="bbox 2541 2883 4117 2954">
    <p class='ocr_par' dir='ltr' id='par_1_90' title="bbox 2541 2883 4117 2954">
     <span class='ocr_line' id='line_1_90' title="bbox 2541 2883 4117 2954; baseline -0.001 -17"><span class='ocrx_word' id='word_1_738' title='bbox 2541 2885 2691 2939; x_wconf 88' lang='lat' dir='ltr'><strong>lestia</strong></span> <span class='ocrx_word' id='word_1_739' title='bbox 2713 2884 2924 2939; x_wconf 87' lang='lat' dir='ltr'><strong>afﬁcere</strong></span> <span class='ocrx_word' id='word_1_740' title='bbox 2942 2898 3125 2953; x_wconf 90' lang='lat' dir='ltr'><strong>cogor,</strong></span> <span class='ocrx_word' id='word_1_741' title='bbox 3142 2898 3248 2937; x_wconf 92' lang='lat' dir='ltr'><strong>non</strong></span> <span class='ocrx_word' id='word_1_742' title='bbox 3274 2886 3342 2939; x_wconf 89' lang='lat' dir='ltr'><strong>ob</strong></span> <span class='ocrx_word' id='word_1_743' title='bbox 3362 2883 3414 2937; x_wconf 91' lang='lat' dir='ltr'><strong>id</strong></span> <span class='ocrx_word' id='word_1_744' title='bbox 3438 2892 3639 2937; x_wconf 90' lang='lat' dir='ltr'><strong>tantum</strong></span> <span class='ocrx_word' id='word_1_745' title='bbox 3658 2883 3801 2952; x_wconf 90' lang='lat' dir='ltr'><strong>quod</strong></span> <span class='ocrx_word' id='word_1_746' title='bbox 3819 2883 4117 2954; x_wconf 78' lang='lat' dir='ltr'><strong>obiurgem,</strong></span> 
     </span>
    </p>
   </div>
   <div class='ocr_carea' id='block_1_91' title="bbox 2541 2974 4121 3045">
    <p class='ocr_par' dir='ltr' id='par_1_91' title="bbox 2541 2974 4121 3045">
     <span class='ocr_line' id='line_1_91' title="bbox 2541 2974 4121 3045; baseline -0.001 -15"><span class='ocrx_word' id='word_1_747' title='bbox 2541 2976 2635 3030; x_wconf 90' lang='lat' dir='ltr'><strong>sed</strong></span> <span class='ocrx_word' id='word_1_748' title='bbox 2658 2977 2725 3030; x_wconf 91' lang='lat' dir='ltr'><strong>ob</strong></span> <span class='ocrx_word' id='word_1_749' title='bbox 2748 2976 2799 3030; x_wconf 89' lang='lat' dir='ltr'><strong>id</strong></span> <span class='ocrx_word' id='word_1_750' title='bbox 2828 2976 2989 3031; x_wconf 89' lang='lat' dir='ltr'><strong>etiam</strong></span> <span class='ocrx_word' id='word_1_751' title='bbox 3022 2974 3163 3044; x_wconf 89' lang='lat' dir='ltr'><strong>quod</strong></span> <span class='ocrx_word' id='word_1_752' title='bbox 3193 2976 3305 3045; x_wconf 90' lang='lat' dir='ltr'><strong>ipse</strong></span> <span class='ocrx_word' id='word_1_753' title='bbox 3335 2990 3546 3044; x_wconf 91' lang='lat' dir='ltr'><strong>quoque</strong></span> <span class='ocrx_word' id='word_1_754' title='bbox 3576 2975 3626 3028; x_wconf 91' lang='lat' dir='ltr'><strong>in</strong></span> <span class='ocrx_word' id='word_1_755' title='bbox 3659 2990 3893 3029; x_wconf 67' lang='lat' dir='ltr'><strong>maerore</strong></span> <span class='ocrx_word' id='word_1_756' title='bbox 3915 2976 4039 3039; x_wconf 90' lang='lat' dir='ltr'><strong>sim,</strong></span> <span class='ocrx_word' id='word_1_757' title='bbox 4062 2990 4121 3029; x_wconf 86' lang='lat' dir='ltr'><strong>ac</strong></span> 
     </span>
    </p>
   </div>
   <div class='ocr_carea' id='block_1_92' title="bbox 2543 3069 4121 3123">
    <p class='ocr_par' dir='ltr' id='par_1_92' title="bbox 2543 3069 4121 3123">
     <span class='ocr_line' id='line_1_92' title="bbox 2543 3069 4121 3123; baseline 0 -2"><span class='ocrx_word' id='word_1_758' title='bbox 2543 3070 2694 3121; x_wconf 88' lang='lat' dir='ltr'><strong>vobis</strong></span> <span class='ocrx_word' id='word_1_759' title='bbox 2724 3083 2911 3122; x_wconf 89' lang='lat' dir='ltr'><strong>rursus</strong></span> <span class='ocrx_word' id='word_1_760' title='bbox 2944 3069 3045 3122; x_wconf 84' lang='lat' dir='ltr'><strong>hoc</strong></span> <span class='ocrx_word' id='word_1_761' title='bbox 3072 3070 3288 3123; x_wconf 89' lang='lat' dir='ltr'><strong>nomine</strong></span> <span class='ocrx_word' id='word_1_762' title='bbox 3328 3084 3614 3122; x_wconf 73' lang='lat' dir='ltr'><strong>mterorem</strong></span> <span class='ocrx_word' id='word_1_763' title='bbox 3658 3084 3954 3123; x_wconf 86' lang='lat' dir='ltr'><strong>accersam.</strong></span> <span class='ocrx_word' id='word_1_764' title='bbox 3990 3070 4121 3122; x_wconf 82' lang='lat' dir='ltr'><strong>Ani-</strong></span> 
     </span>
    </p>
   </div>
   <div class='ocr_carea' id='block_1_93' title="bbox 2542 3158 4123 3228">
    <p class='ocr_par' dir='ltr' id='par_1_93' title="bbox 2542 3158 4123 3228">
     <span class='ocr_line' id='line_1_93' title="bbox 2542 3158 4123 3228; baseline 0.001 -15"><span class='ocrx_word' id='word_1_765' title='bbox 2542 3160 2818 3214; x_wconf 87' lang='lat' dir='ltr'><strong>madverte</strong></span> <span class='ocrx_word' id='word_1_766' title='bbox 2866 3170 3047 3214; x_wconf 88' lang='lat' dir='ltr'><strong>autem</strong></span> <span class='ocrx_word' id='word_1_767' title='bbox 3077 3174 3183 3228; x_wconf 91' lang='lat' dir='ltr'><strong>quo</strong></span> <span class='ocrx_word' id='word_1_768' title='bbox 3220 3168 3377 3228; x_wconf 90' lang='lat' dir='ltr'><strong>pacto</strong></span> <span class='ocrx_word' id='word_1_769' title='bbox 3426 3158 3565 3223; x_wconf 86' lang='lat' dir='ltr'><strong>istud</strong></span> <span class='ocrx_word' id='word_1_770' title='bbox 3599 3160 3758 3212; x_wconf 88' lang='lat' dir='ltr'><strong>etiam</strong></span> <span class='ocrx_word' id='word_1_771' title='bbox 3801 3175 3925 3213; x_wconf 90' lang='lat' dir='ltr'><strong>cum</strong></span> <span class='ocrx_word' id='word_1_772' title='bbox 3966 3160 4123 3214; x_wconf 89' lang='lat' dir='ltr'><strong>laude</strong></span> 
     </span>
    </p>
   </div>
   <div class='ocr_carea' id='block_1_94' title="bbox 2545 3245 4125 3321">
    <p class='ocr_par' dir='ltr' id='par_1_94' title="bbox 2545 3245 4125 3321">
     <span class='ocr_line' id='line_1_94' title="bbox 2545 3245 4125 3321; baseline 0.001 -18"><span class='ocrx_word' id='word_1_773' title='bbox 2545 3263 2706 3321; x_wconf 90' lang='lat' dir='ltr'><strong>ponat</strong></span> <span class='ocrx_word' id='word_1_774' title='bbox 2735 3251 2920 3306; x_wconf 90' lang='lat' dir='ltr'><strong>dicens</strong></span> <span class='ocrx_word' id='word_1_775' title='bbox 2940 3293 2953 3315; x_wconf 92' lang='lat'><strong>,</strong></span> <span class='ocrx_word' id='word_1_776' title='bbox 2999 3250 3076 3303; x_wconf 87' lang='lat' dir='ltr'><strong>De</strong></span> <span class='ocrx_word' id='word_1_777' title='bbox 3101 3252 3279 3319; x_wconf 86' lang='lat' dir='ltr'><strong>quibus</strong></span> <span class='ocrx_word' id='word_1_778' title='bbox 3309 3260 3600 3317; x_wconf 84' lang='lat' dir='ltr'><strong>Oportuerat</strong></span> <span class='ocrx_word' id='word_1_779' title='bbox 3627 3266 3704 3302; x_wconf 84' lang='lat' dir='ltr'><strong>me</strong></span> <span class='ocrx_word' id='word_1_780' title='bbox 3729 3251 3969 3319; x_wconf 83' lang='lat' dir='ltr'><strong>gaudere.</strong></span> <span class='ocrx_word' id='word_1_781' title='bbox 4002 3245 4125 3305; x_wconf 56' lang='lat' dir='ltr'><strong>Hic</strong></span> 
     </span>
    </p>
   </div>
   <div class='ocr_carea' id='block_1_95' title="bbox 2542 3340 4125 3410">
    <p class='ocr_par' dir='ltr' id='par_1_95' title="bbox 2542 3340 4125 3410">
     <span class='ocr_line' id='line_1_95' title="bbox 2542 3340 4125 3410; baseline -0.005 -11"><span class='ocrx_word' id='word_1_782' title='bbox 2542 3344 2685 3399; x_wconf 89' lang='lat' dir='ltr'><strong>enim</strong></span> <span class='ocrx_word' id='word_1_783' title='bbox 2714 3344 2875 3397; x_wconf 90' lang='lat' dir='ltr'><strong>verba</strong></span> <span class='ocrx_word' id='word_1_784' title='bbox 2902 3342 3133 3395; x_wconf 85' lang='lat' dir='ltr'><strong>lioniinis</strong></span> <span class='ocrx_word' id='word_1_785' title='bbox 3174 3349 3319 3407; x_wconf 90' lang='lat' dir='ltr'><strong>sunt,</strong></span> <span class='ocrx_word' id='word_1_786' title='bbox 3353 3341 3714 3394; x_wconf 83' lang='lat' dir='ltr'><strong>sinceritatem</strong></span> <span class='ocrx_word' id='word_1_787' title='bbox 3746 3351 3911 3408; x_wconf 88' lang='lat' dir='ltr'><strong>atque</strong></span> <span class='ocrx_word' id='word_1_788' title='bbox 3940 3340 4125 3410; x_wconf 82' lang='lat' dir='ltr'><strong>ingen-</strong></span> 
     </span>
    </p>
   </div>
   <div class='ocr_carea' id='block_1_96' title="bbox 2546 3433 4127 3491">
    <p class='ocr_par' dir='ltr' id='par_1_96' title="bbox 2546 3433 4127 3491">
     <span class='ocr_line' id='line_1_96' title="bbox 2546 3433 4127 3491; baseline -0.001 -2"><span class='ocrx_word' id='word_1_789' title='bbox 2546 3448 2650 3491; x_wconf 90' lang='lat' dir='ltr'><strong>tem</strong></span> <span class='ocrx_word' id='word_1_790' title='bbox 2704 3437 2905 3489; x_wconf 87' lang='lat' dir='ltr'><strong>amoris</strong></span> <span class='ocrx_word' id='word_1_791' title='bbox 2958 3433 3202 3488; x_wconf 84' lang='lat' dir='ltr'><strong>affectum</strong></span> <span class='ocrx_word' id='word_1_792' title='bbox 3259 3433 3594 3487; x_wconf 80' lang='lat' dir='ltr'><strong>testiﬁcantis</strong></span> <span class='ocrx_word' id='word_1_793' title='bbox 3625 3449 3638 3485; x_wconf 90' lang='lat'>:</span> <span class='ocrx_word' id='word_1_794' title='bbox 3667 3448 3772 3487; x_wconf 92' lang='lat' dir='ltr'><strong>non</strong></span> <span class='ocrx_word' id='word_1_795' title='bbox 3805 3446 3960 3487; x_wconf 89' lang='lat' dir='ltr'><strong>secus</strong></span> <span class='ocrx_word' id='word_1_796' title='bbox 3990 3448 4052 3487; x_wconf 89' lang='lat' dir='ltr'><strong>ac</strong></span> <span class='ocrx_word' id='word_1_797' title='bbox 4080 3434 4127 3488; x_wconf 92' lang='lat' dir='ltr'><strong>si</strong></span> 
     </span>
    </p>
   </div>
   <div class='ocr_carea' id='block_1_97' title="bbox 2542 3525 4125 3597">
    <p class='ocr_par' dir='ltr' id='par_1_97' title="bbox 2542 3525 4125 3597">
     <span class='ocr_line' id='line_1_97' title="bbox 2542 3525 4125 3597; baseline 0.001 -18"><span class='ocrx_word' id='word_1_798' title='bbox 2542 3529 2661 3597; x_wconf 90' lang='lat' dir='ltr'><strong>quis</strong></span> <span class='ocrx_word' id='word_1_799' title='bbox 2687 3527 2754 3581; x_wconf 92' lang='lat' dir='ltr'><strong>de</strong></span> <span class='ocrx_word' id='word_1_800' title='bbox 2773 3526 2915 3589; x_wconf 85' lang='lat' dir='ltr'><strong>ﬁliis,</strong></span> <span class='ocrx_word' id='word_1_801' title='bbox 2941 3542 3073 3596; x_wconf 90' lang='lat' dir='ltr'><strong>quos</strong></span> <span class='ocrx_word' id='word_1_802' title='bbox 3099 3525 3277 3579; x_wconf 90' lang='lat' dir='ltr'><strong>multis</strong></span> <span class='ocrx_word' id='word_1_803' title='bbox 3304 3526 3577 3581; x_wconf 88' lang='lat' dir='ltr'><strong>beneficiis</strong></span> <span class='ocrx_word' id='word_1_804' title='bbox 3606 3526 3890 3588; x_wconf 67' lang='lat' dir='ltr'><strong>affecisset,</strong></span> <span class='ocrx_word' id='word_1_805' title='bbox 3917 3536 3969 3581; x_wconf 90' lang='lat' dir='ltr'><strong>et</strong></span> <span class='ocrx_word' id='word_1_806' title='bbox 3990 3541 4125 3597; x_wconf 89' lang='lat' dir='ltr'><strong>quo-</strong></span> 
     </span>
    </p>
   </div>
   <div class='ocr_carea' id='block_1_98' title="bbox 2545 3611 4125 3687">
    <p class='ocr_par' dir='ltr' id='par_1_98' title="bbox 2545 3611 4125 3687">
     <span class='ocr_line' id='line_1_98' title="bbox 2545 3611 4125 3687; baseline -0.001 -15"><span class='ocrx_word' id='word_1_807' title='bbox 2545 3635 2661 3673; x_wconf 91' lang='lat' dir='ltr'><strong>rum</strong></span> <span class='ocrx_word' id='word_1_808' title='bbox 2690 3633 2849 3671; x_wconf 84' lang='lat' dir='ltr'><strong>causa</strong></span> <span class='ocrx_word' id='word_1_809' title='bbox 2879 3618 3162 3687; x_wconf 83' lang='lat' dir='ltr'><strong>plurimum</strong></span> <span class='ocrx_word' id='word_1_810' title='bbox 3190 3617 3388 3671; x_wconf 88' lang='lat' dir='ltr'><strong>laboris</strong></span> <span class='ocrx_word' id='word_1_811' title='bbox 3420 3611 3765 3686; x_wconf 76' lang='lat' dir='ltr'><strong>suscepisset,</strong></span> <span class='ocrx_word' id='word_1_812' title='bbox 3789 3615 4125 3687; x_wconf 88' lang='lat' dir='ltr'><strong>loqueretur.</strong></span> 
     </span>
    </p>
   </div>
   <div class='ocr_carea' id='block_1_99' title="bbox 2544 3709 4126 3779">
    <p class='ocr_par' dir='ltr' id='par_1_99' title="bbox 2544 3709 4126 3779">
     <span class='ocr_line' id='line_1_99' title="bbox 2544 3709 4126 3779; baseline 0 -14"><span class='ocrx_word' id='word_1_813' title='bbox 2544 3713 2839 3777; x_wconf 84' lang='lat' dir='ltr'><strong>Quocirca,</strong></span> <span class='ocrx_word' id='word_1_814' title='bbox 2897 3711 3087 3779; x_wconf 90' lang='lat' dir='ltr'><strong>inquit,</strong></span> <span class='ocrx_word' id='word_1_815' title='bbox 3147 3713 3191 3763; x_wconf 83' lang='lat' dir='ltr'><strong>si</strong></span> <span class='ocrx_word' id='word_1_816' title='bbox 3241 3709 3338 3763; x_wconf 88' lang='lat' dir='ltr'><strong>hac</strong></span> <span class='ocrx_word' id='word_1_817' title='bbox 3385 3710 3592 3765; x_wconf 90' lang='lat' dir='ltr'><strong>ratione</strong></span> <span class='ocrx_word' id='word_1_818' title='bbox 3643 3710 3856 3777; x_wconf 90' lang='lat' dir='ltr'><strong>scribo,</strong></span> <span class='ocrx_word' id='word_1_819' title='bbox 3903 3726 3967 3764; x_wconf 89' lang='lat' dir='ltr'><strong>ac</strong></span> <span class='ocrx_word' id='word_1_820' title='bbox 4021 3726 4126 3765; x_wconf 89' lang='lat' dir='ltr'><strong>non</strong></span> 
     </span>
    </p>
   </div>
   <div class='ocr_carea' id='block_1_100' title="bbox 2550 3802 4130 3873">
    <p class='ocr_par' dir='ltr' id='par_1_100' title="bbox 2550 3802 4130 3873">
     <span class='ocr_line' id='line_1_100' title="bbox 2550 3802 4130 3873; baseline 0.003 -17"><span class='ocrx_word' id='word_1_821' title='bbox 2550 3805 2704 3858; x_wconf 84' lang='lat' dir='ltr'><strong>venio</strong></span> <span class='ocrx_word' id='word_1_822' title='bbox 2732 3845 2747 3867; x_wconf 92' lang='lat'><strong>,</strong></span> <span class='ocrx_word' id='word_1_823' title='bbox 2800 3812 2857 3857; x_wconf 91' lang='lat' dir='ltr'><strong>ut</strong></span> <span class='ocrx_word' id='word_1_824' title='bbox 2914 3804 3089 3873; x_wconf 89' lang='lat' dir='ltr'><strong>magni</strong></span> <span class='ocrx_word' id='word_1_825' title='bbox 3134 3802 3331 3872; x_wconf 90' lang='lat' dir='ltr'><strong>aliquid</strong></span> <span class='ocrx_word' id='word_1_826' title='bbox 3385 3819 3665 3872; x_wconf 89' lang='lat' dir='ltr'><strong>procurem</strong></span> <span class='ocrx_word' id='word_1_827' title='bbox 3709 3819 3813 3857; x_wconf 89' lang='lat' dir='ltr'><strong>non</strong></span> <span class='ocrx_word' id='word_1_828' title='bbox 3852 3804 4034 3871; x_wconf 86' lang='lat' dir='ltr'><strong>venio,</strong></span> <span class='ocrx_word' id='word_1_829' title='bbox 4068 3820 4130 3861; x_wconf 83' lang='lat' dir='ltr'><strong>ac</strong></span> 
     </span>
    </p>
   </div>
   <div class='ocr_carea' id='block_1_101' title="bbox 2547 3894 4132 3966">
    <p class='ocr_par' dir='ltr' id='par_1_101' title="bbox 2547 3894 4132 3966">
     <span class='ocr_line' id='line_1_101' title="bbox 2547 3894 4132 3966; baseline 0.002 -18"><span class='ocrx_word' id='word_1_830' title='bbox 2547 3912 2651 3949; x_wconf 91' lang='lat' dir='ltr'><strong>non</strong></span> <span class='ocrx_word' id='word_1_831' title='bbox 2702 3894 2841 3963; x_wconf 91' lang='lat' dir='ltr'><strong>quod</strong></span> <span class='ocrx_word' id='word_1_832' title='bbox 2882 3910 2978 3948; x_wconf 89' lang='lat' dir='ltr'><strong>vos</strong></span> <span class='ocrx_word' id='word_1_833' title='bbox 3029 3894 3237 3948; x_wconf 90' lang='lat' dir='ltr'><strong>oderim</strong></span> <span class='ocrx_word' id='word_1_834' title='bbox 3281 3903 3439 3964; x_wconf 89' lang='lat' dir='ltr'><strong>atque</strong></span> <span class='ocrx_word' id='word_1_835' title='bbox 3466 3910 3701 3960; x_wconf 87' lang='lat' dir='ltr'><strong>averser,</strong></span> <span class='ocrx_word' id='word_1_836' title='bbox 3734 3895 3826 3950; x_wconf 89' lang='lat' dir='ltr'><strong>sed</strong></span> <span class='ocrx_word' id='word_1_837' title='bbox 3854 3896 3995 3966; x_wconf 91' lang='lat' dir='ltr'><strong>quod</strong></span> <span class='ocrx_word' id='word_1_838' title='bbox 4036 3898 4132 3951; x_wconf 86' lang='lat' dir='ltr'><strong>ad—</strong></span> 
     </span>
    </p>
   </div>
   <div class='ocr_carea' id='block_1_102' title="bbox 2546 3985 4131 4054">
    <p class='ocr_par' dir='ltr' id='par_1_102' title="bbox 2546 3985 4131 4054">
     <span class='ocr_line' id='line_1_102' title="bbox 2546 3985 4131 4054; baseline 0 -13"><span class='ocrx_word' id='word_1_839' title='bbox 2546 3987 2761 4041; x_wconf 88' lang='lat' dir='ltr'><strong>modum</strong></span> <span class='ocrx_word' id='word_1_840' title='bbox 2786 4001 2986 4042; x_wconf 87' lang='lat' dir='ltr'><strong>amem.</strong></span> <span class='ocrx_word' id='word_1_841' title='bbox 3010 3986 3213 4040; x_wconf 89' lang='lat' dir='ltr'><strong>Deinde</strong></span> <span class='ocrx_word' id='word_1_842' title='bbox 3238 3985 3489 4054; x_wconf 88' lang='lat' dir='ltr'><strong>quoniam</strong></span> <span class='ocrx_word' id='word_1_843' title='bbox 3517 3987 3858 4052; x_wconf 79' lang='lat' dir='ltr'><strong>dixerat,Qui</strong></span> <span class='ocrx_word' id='word_1_844' title='bbox 3894 4003 3981 4041; x_wconf 92' lang='lat' dir='ltr'><strong>me</strong></span> <span class='ocrx_word' id='word_1_845' title='bbox 3997 4002 4095 4042; x_wconf 89' lang='lat' dir='ltr'><strong>con</strong></span> <span class='ocrx_word' id='word_1_846' title='bbox 4116 4018 4131 4027; x_wconf 87' lang='lat'><strong>-</strong></span> 
     </span>
    </p>
   </div>
   <div class='ocr_carea' id='block_1_103' title="bbox 2547 4077 4132 4146">
    <p class='ocr_par' dir='ltr' id='par_1_103' title="bbox 2547 4077 4132 4146">
     <span class='ocr_line' id='line_1_103' title="bbox 2547 4077 4132 4146; baseline 0.001 -14"><span class='ocrx_word' id='word_1_847' title='bbox 2547 4080 2741 4142; x_wconf 89' lang='lat' dir='ltr'><strong>tristat,</strong></span> <span class='ocrx_word' id='word_1_848' title='bbox 2788 4093 2875 4132; x_wconf 91' lang='lat' dir='ltr'><strong>me</strong></span> <span class='ocrx_word' id='word_1_849' title='bbox 2916 4078 3187 4141; x_wconf 67' lang='lat' dir='ltr'><strong>laetificat;</strong></span> <span class='ocrx_word' id='word_1_850' title='bbox 3217 4092 3285 4131; x_wconf 89' lang='lat' dir='ltr'><strong>ne</strong></span> <span class='ocrx_word' id='word_1_851' title='bbox 3309 4077 3381 4130; x_wconf 91' lang='lat' dir='ltr'><strong>illi</strong></span> <span class='ocrx_word' id='word_1_852' title='bbox 3415 4077 3675 4141; x_wconf 84' lang='lat' dir='ltr'><strong>dicerent,</strong></span> <span class='ocrx_word' id='word_1_853' title='bbox 3715 4077 3950 4133; x_wconf 81' lang='lat' dir='ltr'><strong>iloccine</strong></span> <span class='ocrx_word' id='word_1_854' title='bbox 3974 4079 4132 4146; x_wconf 86' lang='lat' dir='ltr'><strong>igitur</strong></span> 
     </span>
    </p>
   </div>
   <div class='ocr_carea' id='block_1_104' title="bbox 2548 4168 4127 4235">
    <p class='ocr_par' dir='ltr' id='par_1_104' title="bbox 2548 4168 4127 4235">
     <span class='ocr_line' id='line_1_104' title="bbox 2548 4168 4127 4235; baseline 0.002 -13"><span class='ocrx_word' id='word_1_855' title='bbox 2548 4170 2640 4222; x_wconf 91' lang='lat' dir='ltr'><strong>tibi</strong></span> <span class='ocrx_word' id='word_1_856' title='bbox 2674 4169 2851 4222; x_wconf 90' lang='lat' dir='ltr'><strong>studio</strong></span> <span class='ocrx_word' id='word_1_857' title='bbox 2895 4178 3012 4231; x_wconf 88' lang='lat' dir='ltr'><strong>est,</strong></span> <span class='ocrx_word' id='word_1_858' title='bbox 3044 4178 3101 4222; x_wconf 94' lang='lat' dir='ltr'><strong>ut</strong></span> <span class='ocrx_word' id='word_1_859' title='bbox 3156 4168 3461 4233; x_wconf 74' lang='lat' dir='ltr'><strong>lmtificeris,</strong></span> <span class='ocrx_word' id='word_1_860' title='bbox 3517 4178 3677 4235; x_wconf 90' lang='lat' dir='ltr'><strong>atque</strong></span> <span class='ocrx_word' id='word_1_861' title='bbox 3718 4171 3967 4225; x_wconf 89' lang='lat' dir='ltr'><strong>omnibus</strong></span> <span class='ocrx_word' id='word_1_862' title='bbox 4023 4171 4127 4225; x_wconf 89' lang='lat' dir='ltr'><strong>vim</strong></span> 
     </span>
    </p>
   </div>
   <div class='ocr_carea' id='block_1_105' title="bbox 2548 4259 4128 4329">
    <p class='ocr_par' dir='ltr' id='par_1_105' title="bbox 2548 4259 4128 4329">
     <span class='ocr_line' id='line_1_105' title="bbox 2548 4259 4128 4329; baseline 0.001 -15"><span class='ocrx_word' id='word_1_863' title='bbox 2548 4272 2693 4314; x_wconf 89' lang='lat' dir='ltr'><strong>tuam</strong></span> <span class='ocrx_word' id='word_1_864' title='bbox 2725 4260 2998 4313; x_wconf 81' lang='lat' dir='ltr'><strong>ostentes?</strong></span> <span class='ocrx_word' id='word_1_865' title='bbox 3025 4259 3145 4315; x_wconf 87' lang='lat' dir='ltr'><strong>ideo</strong></span> <span class='ocrx_word' id='word_1_866' title='bbox 3177 4260 3471 4329; x_wconf 82' lang='lat' dir='ltr'><strong>subjunxit,</strong></span> <span class='ocrx_word' id='word_1_867' title='bbox 3497 4263 3549 4316; x_wconf 70' lang='grc'>4.</span> <span class='ocrx_word' id='word_1_868' title='bbox 3577 4260 3714 4315; x_wconf 84' lang='lat' dir='ltr'><strong>Nam</strong></span> <span class='ocrx_word' id='word_1_869' title='bbox 3740 4280 3804 4317; x_wconf 74' lang='lat' dir='ltr'><strong>ea:</strong></span> <span class='ocrx_word' id='word_1_870' title='bbox 3846 4266 4008 4317; x_wconf 88' lang='lat' dir='ltr'><strong>multa</strong></span> <span class='ocrx_word' id='word_1_871' title='bbox 4037 4269 4128 4317; x_wconf 87' lang='lat' dir='ltr'><strong>tri-</strong></span> 
     </span>
    </p>
   </div>
   <div class='ocr_carea' id='block_1_106' title="bbox 2547 4353 4130 4423">
    <p class='ocr_par' dir='ltr' id='par_1_106' title="bbox 2547 4353 4130 4423">
     <span class='ocr_line' id='line_1_106' title="bbox 2547 4353 4130 4423; baseline 0.003 -18"><span class='ocrx_word' id='word_1_872' title='bbox 2547 4354 2803 4407; x_wconf 84' lang='lat' dir='ltr'><strong>bulatione</strong></span> <span class='ocrx_word' id='word_1_873' title='bbox 2828 4362 2873 4405; x_wconf 89' lang='lat' dir='ltr'><strong>et</strong></span> <span class='ocrx_word' id='word_1_874' title='bbox 2896 4353 3129 4422; x_wconf 82' lang='lat' dir='ltr'><strong>angustia</strong></span> <span class='ocrx_word' id='word_1_875' title='bbox 3156 4353 3324 4405; x_wconf 86' lang='lat' dir='ltr'><strong>cordis</strong></span> <span class='ocrx_word' id='word_1_876' title='bbox 3352 4354 3533 4422; x_wconf 83' lang='lat' dir='ltr'><strong>scripsi</strong></span> <span class='ocrx_word' id='word_1_877' title='bbox 3561 4355 3696 4406; x_wconf 76' lang='lat' dir='ltr'><strong>vobis</strong></span> <span class='ocrx_word' id='word_1_878' title='bbox 3723 4370 3811 4423; x_wconf 86' lang='lat' dir='ltr'><strong>per</strong></span> <span class='ocrx_word' id='word_1_879' title='bbox 3840 4358 4024 4409; x_wconf 82' lang='lat' dir='ltr'><strong>multas</strong></span> <span class='ocrx_word' id='word_1_880' title='bbox 4051 4357 4130 4409; x_wconf 86' lang='lat' dir='ltr'><strong>la-</strong></span> 
     </span>
    </p>
   </div>
   <div class='ocr_carea' id='block_1_107' title="bbox 2547 4444 4130 4517">
    <p class='ocr_par' dir='ltr' id='par_1_107' title="bbox 2547 4444 4130 4517">
     <span class='ocr_line' id='line_1_107' title="bbox 2547 4444 4130 4517; baseline 0.001 -19"><span class='ocrx_word' id='word_1_881' title='bbox 2547 4464 2762 4517; x_wconf 81' lang='lat' dir='ltr'><strong>crymas,</strong></span> <span class='ocrx_word' id='word_1_882' title='bbox 2796 4462 2898 4499; x_wconf 81' lang='lat' dir='ltr'><strong>non</strong></span> <span class='ocrx_word' id='word_1_883' title='bbox 2919 4455 2971 4497; x_wconf 89' lang='lat' dir='ltr'><strong>ut</strong></span> <span class='ocrx_word' id='word_1_884' title='bbox 2994 4446 3375 4507; x_wconf 84' lang='lat' dir='ltr'><strong>contristemini,</strong></span> <span class='ocrx_word' id='word_1_885' title='bbox 3404 4444 3491 4497; x_wconf 83' lang='lat' dir='ltr'><strong>sed</strong></span> <span class='ocrx_word' id='word_1_886' title='bbox 3520 4455 3573 4496; x_wconf 91' lang='lat' dir='ltr'><strong>ut</strong></span> <span class='ocrx_word' id='word_1_887' title='bbox 3615 4446 3786 4499; x_wconf 85' lang='lat' dir='ltr'><strong>sciatis</strong></span> <span class='ocrx_word' id='word_1_888' title='bbox 3813 4464 3965 4517; x_wconf 86' lang='lat' dir='ltr'><strong>quam</strong></span> <span class='ocrx_word' id='word_1_889' title='bbox 3994 4451 4130 4501; x_wconf 83' lang='lat' dir='ltr'><strong>cari-</strong></span> 
     </span>
    </p>
   </div>
   <div class='ocr_carea' id='block_1_108' title="bbox 2549 4536 3582 4606">
    <p class='ocr_par' dir='ltr' id='par_1_108' title="bbox 2549 4536 3582 4606">
     <span class='ocr_line' id='line_1_108' title="bbox 2549 4536 3582 4606; baseline -0.004 -15"><span class='ocrx_word' id='word_1_890' title='bbox 2549 4549 2701 4591; x_wconf 80' lang='lat' dir='ltr'><strong>tatem</strong></span> <span class='ocrx_word' id='word_1_891' title='bbox 2730 4538 2940 4590; x_wconf 81' lang='lat' dir='ltr'><strong>Iiabeam</strong></span> <span class='ocrx_word' id='word_1_892' title='bbox 2968 4536 3303 4589; x_wconf 85' lang='lat' dir='ltr'><strong>abundantius</strong></span> <span class='ocrx_word' id='word_1_893' title='bbox 3333 4553 3450 4606; x_wconf 80' lang='lat' dir='ltr'><strong>erga</strong></span> <span class='ocrx_word' id='word_1_894' title='bbox 3480 4552 3582 4590; x_wconf 83' lang='lat' dir='ltr'><strong>vos.</strong></span> 
     </span>
    </p>
   </div>
   <div class='ocr_carea' id='block_1_109' title="bbox 2624 4628 4128 4697">
    <p class='ocr_par' dir='ltr' id='par_1_109' title="bbox 2624 4628 4128 4697">
     <span class='ocr_line' id='line_1_109' title="bbox 2624 4628 4128 4697; baseline 0.005 -15"><span class='ocrx_word' id='word_1_895' title='bbox 2624 4628 2775 4682; x_wconf 78' lang='lat' dir='ltr'><strong>Pauli</strong></span> <span class='ocrx_word' id='word_1_896' title='bbox 2805 4646 2948 4681; x_wconf 86' lang='lat' dir='ltr'><strong>amor</strong></span> <span class='ocrx_word' id='word_1_897' title='bbox 2984 4644 3102 4697; x_wconf 86' lang='lat' dir='ltr'><strong>erga</strong></span> <span class='ocrx_word' id='word_1_898' title='bbox 3147 4628 3679 4695; x_wconf 83' lang='lat' dir='ltr'><strong>discipulos.—Quid</strong></span> <span class='ocrx_word' id='word_1_899' title='bbox 3711 4630 3809 4683; x_wconf 85' lang='lat' dir='ltr'><strong>hac</strong></span> <span class='ocrx_word' id='word_1_900' title='bbox 3841 4631 4016 4686; x_wconf 77' lang='lat' dir='ltr'><strong>anima</strong></span> <span class='ocrx_word' id='word_1_901' title='bbox 4066 4632 4128 4688; x_wconf 81' lang='lat' dir='ltr'><strong>ad</strong></span> 
     </span>
    </p>
   </div>
   <div class='ocr_carea' id='block_1_110' title="bbox 2549 4720 4129 4792">
    <p class='ocr_par' dir='ltr' id='par_1_110' title="bbox 2549 4720 4129 4792">
     <span class='ocr_line' id='line_1_110' title="bbox 2549 4720 4129 4792; baseline 0.003 -18"><span class='ocrx_word' id='word_1_902' title='bbox 2549 4723 2830 4774; x_wconf 83' lang='lat' dir='ltr'><strong>amandum</strong></span> <span class='ocrx_word' id='word_1_903' title='bbox 2865 4720 3223 4790; x_wconf 66' lang='lat' dir='ltr'><strong>propensius?</strong></span> <span class='ocrx_word' id='word_1_904' title='bbox 3269 4720 3508 4775; x_wconf 80' lang='lat' dir='ltr'><strong>Ostendit</strong></span> <span class='ocrx_word' id='word_1_905' title='bbox 3535 4723 3676 4775; x_wconf 91' lang='lat' dir='ltr'><strong>enim</strong></span> <span class='ocrx_word' id='word_1_906' title='bbox 3713 4737 3769 4774; x_wconf 86' lang='lat' dir='ltr'><strong>se</strong></span> <span class='ocrx_word' id='word_1_907' title='bbox 3799 4738 3903 4777; x_wconf 90' lang='lat' dir='ltr'><strong>non</strong></span> <span class='ocrx_word' id='word_1_908' title='bbox 3936 4727 4129 4792; x_wconf 85' lang='lat' dir='ltr'><strong>minus,</strong></span> 
     </span>
    </p>
   </div>
   <div class='ocr_carea' id='block_1_111' title="bbox 2552 4811 4129 4886">
    <p class='ocr_par' dir='ltr' id='par_1_111' title="bbox 2552 4811 4129 4886">
     <span class='ocr_line' id='line_1_111' title="bbox 2552 4811 4129 4886; baseline 0.003 -22"><span class='ocrx_word' id='word_1_909' title='bbox 2552 4814 2659 4864; x_wconf 92' lang='lat' dir='ltr'><strong>imo</strong></span> <span class='ocrx_word' id='word_1_910' title='bbox 2687 4812 2846 4865; x_wconf 83' lang='lat' dir='ltr'><strong>etiam</strong></span> <span class='ocrx_word' id='word_1_911' title='bbox 2882 4812 3046 4863; x_wconf 89' lang='lat' dir='ltr'><strong>multo</strong></span> <span class='ocrx_word' id='word_1_912' title='bbox 3078 4813 3244 4879; x_wconf 79' lang='lat' dir='ltr'><strong>magis</strong></span> <span class='ocrx_word' id='word_1_913' title='bbox 3269 4811 3505 4864; x_wconf 90' lang='lat' dir='ltr'><strong>doluisse</strong></span> <span class='ocrx_word' id='word_1_914' title='bbox 3527 4852 3540 4873; x_wconf 92' lang='lat'><strong>,</strong></span> <span class='ocrx_word' id='word_1_915' title='bbox 3573 4827 3732 4879; x_wconf 88' lang='lat' dir='ltr'><strong>quam</strong></span> <span class='ocrx_word' id='word_1_916' title='bbox 3768 4813 3839 4865; x_wconf 92' lang='lat' dir='ltr'><strong>illi</strong></span> <span class='ocrx_word' id='word_1_917' title='bbox 3873 4816 3994 4884; x_wconf 87' lang='lat' dir='ltr'><strong>ipsi,</strong></span> <span class='ocrx_word' id='word_1_918' title='bbox 4044 4818 4129 4886; x_wconf 88' lang='lat' dir='ltr'><strong>qui</strong></span> 
     </span>
    </p>
   </div>
   <div class='ocr_carea' id='block_1_112' title="bbox 2551 4902 4126 4971">
    <p class='ocr_par' dir='ltr' id='par_1_112' title="bbox 2551 4902 4126 4971">
     <span class='ocr_line' id='line_1_112' title="bbox 2551 4902 4126 4971; baseline 0.003 -17"><span class='ocrx_word' id='word_1_919' title='bbox 2551 4912 2923 4971; x_wconf 80' lang='lat' dir='ltr'><strong>peccaverant.</strong></span> <span class='ocrx_word' id='word_1_920' title='bbox 2943 4902 3059 4955; x_wconf 90' lang='lat' dir='ltr'><strong>Non</strong></span> <span class='ocrx_word' id='word_1_921' title='bbox 3089 4903 3230 4956; x_wconf 86' lang='lat' dir='ltr'><strong>enim</strong></span> <span class='ocrx_word' id='word_1_922' title='bbox 3263 4916 3329 4955; x_wconf 80' lang='lat' dir='ltr'><strong>ex</strong></span> <span class='ocrx_word' id='word_1_923' title='bbox 3366 4902 3708 4955; x_wconf 89' lang='lat' dir='ltr'><strong>tribulatione</strong></span> <span class='ocrx_word' id='word_1_924' title='bbox 3740 4913 3946 4959; x_wconf 87' lang='lat' dir='ltr'><strong>tantum</strong></span> <span class='ocrx_word' id='word_1_925' title='bbox 3975 4907 4126 4971; x_wconf 77' lang='lat' dir='ltr'><strong>dixit,</strong></span> 
     </span>
    </p>
   </div>
   <div class='ocr_carea' id='block_1_113' title="bbox 2548 4991 4131 5060">
    <p class='ocr_par' dir='ltr' id='par_1_113' title="bbox 2548 4991 4131 5060">
     <span class='ocr_line' id='line_1_113' title="bbox 2548 4991 4131 5060; baseline -0.002 -15"><span class='ocrx_word' id='word_1_926' title='bbox 2548 4993 2663 5059; x_wconf 81' lang='lat' dir='ltr'><strong>sed,</strong></span> <span class='ocrx_word' id='word_1_927' title='bbox 2691 4992 2774 5045; x_wconf 75' lang='lat' dir='ltr'><strong>Ea;</strong></span> <span class='ocrx_word' id='word_1_928' title='bbox 2793 4992 2981 5057; x_wconf 84' lang='lat' dir='ltr'><strong>multa;</strong></span> <span class='ocrx_word' id='word_1_929' title='bbox 3005 5008 3099 5046; x_wconf 90' lang='lat' dir='ltr'><strong>nec</strong></span> <span class='ocrx_word' id='word_1_930' title='bbox 3122 5007 3212 5060; x_wconf 90' lang='lat' dir='ltr'><strong>per</strong></span> <span class='ocrx_word' id='word_1_931' title='bbox 3235 4992 3496 5060; x_wconf 81' lang='lat' dir='ltr'><strong>laerymas</strong></span> <span class='ocrx_word' id='word_1_932' title='bbox 3518 4991 3711 5059; x_wconf 83' lang='lat' dir='ltr'><strong>solum,</strong></span> <span class='ocrx_word' id='word_1_933' title='bbox 3737 4996 3853 5058; x_wconf 76' lang='lat' dir='ltr'><strong>sed,</strong></span> <span class='ocrx_word' id='word_1_934' title='bbox 3873 4994 3974 5046; x_wconf 76' lang='lat' dir='ltr'><strong>Per</strong></span> <span class='ocrx_word' id='word_1_935' title='bbox 4000 4999 4131 5051; x_wconf 71' lang='lat' dir='ltr'><strong>mut.</strong></span> 
     </span>
    </p>
   </div>
   <div class='ocr_carea' id='block_1_114' title="bbox 2551 5083 4131 5153">
    <p class='ocr_par' dir='ltr' id='par_1_114' title="bbox 2551 5083 4131 5153">
     <span class='ocr_line' id='line_1_114' title="bbox 2551 5083 4131 5153; baseline 0.006 -18"><span class='ocrx_word' id='word_1_936' title='bbox 2551 5094 2625 5135; x_wconf 87' lang='lat' dir='ltr'><strong>tas</strong></span> <span class='ocrx_word' id='word_1_937' title='bbox 2672 5083 2921 5153; x_wconf 81' lang='lat' dir='ltr'><strong>lacryntas</strong></span> <span class='ocrx_word' id='word_1_938' title='bbox 2973 5093 3017 5135; x_wconf 71' lang='lat' dir='ltr'><strong>et</strong></span> <span class='ocrx_word' id='word_1_939' title='bbox 3045 5084 3212 5135; x_wconf 86' lang='lat' dir='ltr'><strong>cordis</strong></span> <span class='ocrx_word' id='word_1_940' title='bbox 3259 5084 3562 5150; x_wconf 88' lang='lat' dir='ltr'><strong>angustiam.</strong></span> <span class='ocrx_word' id='word_1_941' title='bbox 3594 5084 3704 5139; x_wconf 91' lang='lat' dir='ltr'><strong>Hoc</strong></span> <span class='ocrx_word' id='word_1_942' title='bbox 3730 5096 3847 5151; x_wconf 87' lang='lat' dir='ltr'><strong>est,</strong></span> <span class='ocrx_word' id='word_1_943' title='bbox 3900 5086 4131 5145; x_wconf 58' lang='lat' dir='ltr'><strong>Mamre</strong></span> 
     </span>
    </p>
   </div>
   <div class='ocr_carea' id='block_1_115' title="bbox 2554 5172 4127 5250">
    <p class='ocr_par' dir='ltr' id='par_1_115' title="bbox 2554 5172 4127 5250">
     <span class='ocr_line' id='line_1_115' title="bbox 2554 5172 4127 5250; baseline 0.004 -24"><span class='ocrx_word' id='word_1_944' title='bbox 2554 5174 2880 5242; x_wconf 66' lang='lat' dir='ltr'><strong>prmfocabar</strong></span> <span class='ocrx_word' id='word_1_945' title='bbox 2902 5191 2950 5225; x_wconf 75' lang='lat' dir='ltr'><strong>at</strong></span> <span class='ocrx_word' id='word_1_946' title='bbox 2994 5172 3368 5240; x_wconf 75' lang='lat' dir='ltr'><strong>strangulabar</strong></span> <span class='ocrx_word' id='word_1_947' title='bbox 3397 5188 3410 5225; x_wconf 91' lang='lat'>:</span> <span class='ocrx_word' id='word_1_948' title='bbox 3444 5188 3506 5228; x_wconf 89' lang='lat' dir='ltr'><strong>ac</strong></span> <span class='ocrx_word' id='word_1_949' title='bbox 3536 5177 3766 5229; x_wconf 78' lang='lat' dir='ltr'><strong>tristitia:</strong></span> <span class='ocrx_word' id='word_1_950' title='bbox 3798 5176 3993 5231; x_wconf 90' lang='lat' dir='ltr'><strong>nubem</strong></span> <span class='ocrx_word' id='word_1_951' title='bbox 4020 5182 4127 5250; x_wconf 85' lang='lat' dir='ltr'><strong>jam</strong></span> 
     </span>
    </p>
   </div>
   <div class='ocr_carea' id='block_1_116' title="bbox 2551 5262 4135 5335">
    <p class='ocr_par' dir='ltr' id='par_1_116' title="bbox 2551 5262 4135 5335">
     <span class='ocr_line' id='line_1_116' title="bbox 2551 5262 4135 5335; baseline 0.004 -17"><span class='ocrx_word' id='word_1_952' title='bbox 2551 5282 2653 5318; x_wconf 91' lang='lat' dir='ltr'><strong>non</strong></span> <span class='ocrx_word' id='word_1_953' title='bbox 2687 5264 2886 5327; x_wconf 83' lang='lat' dir='ltr'><strong>ferens,</strong></span> <span class='ocrx_word' id='word_1_954' title='bbox 2920 5279 2987 5315; x_wconf 69' lang='lat' dir='ltr'><strong>an</strong></span> <span class='ocrx_word' id='word_1_955' title='bbox 3013 5278 3107 5315; x_wconf 91' lang='lat' dir='ltr'><strong>vos</strong></span> <span class='ocrx_word' id='word_1_956' title='bbox 3135 5262 3354 5330; x_wconf 89' lang='lat' dir='ltr'><strong>scripsi;</strong></span> <span class='ocrx_word' id='word_1_957' title='bbox 3389 5262 3509 5317; x_wconf 86' lang='lat' dir='ltr'><strong>Non</strong></span> <span class='ocrx_word' id='word_1_958' title='bbox 3538 5275 3590 5318; x_wconf 88' lang='lat' dir='ltr'><strong>ut</strong></span> <span class='ocrx_word' id='word_1_959' title='bbox 3618 5265 4002 5335; x_wconf 83' lang='lat' dir='ltr'><strong>contristemini,</strong></span> <span class='ocrx_word' id='word_1_960' title='bbox 4055 5272 4135 5324; x_wconf 91' lang='lat' dir='ltr'><strong>in-</strong></span> 
     </span>
    </p>
   </div>
   <div class='ocr_carea' id='block_1_117' title="bbox 2550 5355 4131 5424">
    <p class='ocr_par' dir='ltr' id='par_1_117' title="bbox 2550 5355 4131 5424">
     <span class='ocr_line' id='line_1_117' title="bbox 2550 5355 4131 5424; baseline 0.004 -19"><span class='ocrx_word' id='word_1_961' title='bbox 2550 5357 2684 5424; x_wconf 89' lang='lat' dir='ltr'><strong>quit,</strong></span> <span class='ocrx_word' id='word_1_962' title='bbox 2713 5358 2799 5410; x_wconf 86' lang='lat' dir='ltr'><strong>sed</strong></span> <span class='ocrx_word' id='word_1_963' title='bbox 2822 5366 2872 5409; x_wconf 88' lang='lat' dir='ltr'><strong>ut</strong></span> <span class='ocrx_word' id='word_1_964' title='bbox 2900 5355 3161 5407; x_wconf 59' lang='lat' dir='ltr'><strong>caoitatem</strong></span> <span class='ocrx_word' id='word_1_965' title='bbox 3203 5369 3311 5405; x_wconf 88' lang='lat' dir='ltr'><strong>eam</strong></span> <span class='ocrx_word' id='word_1_966' title='bbox 3340 5357 3578 5419; x_wconf 87' lang='lat' dir='ltr'><strong>noscatis,</strong></span> <span class='ocrx_word' id='word_1_967' title='bbox 3612 5370 3763 5423; x_wconf 89' lang='lat' dir='ltr'><strong>quam</strong></span> <span class='ocrx_word' id='word_1_968' title='bbox 3788 5357 4131 5416; x_wconf 85' lang='lat' dir='ltr'><strong>abundantius</strong></span> 
     </span>
    </p>
   </div>
   <div class='ocr_carea' id='block_1_118' title="bbox 2551 5444 4128 5524">
    <p class='ocr_par' dir='ltr' id='par_1_118' title="bbox 2551 5444 4128 5524">
     <span class='ocr_line' id='line_1_118' title="bbox 2551 5444 4128 5524; baseline 0.001 -24"><span class='ocrx_word' id='word_1_969' title='bbox 2551 5466 2665 5516; x_wconf 81' lang='lat' dir='ltr'><strong>ergo</strong></span> <span class='ocrx_word' id='word_1_970' title='bbox 2692 5465 2775 5501; x_wconf 84' lang='lat' dir='ltr'><strong>vos</strong></span> <span class='ocrx_word' id='word_1_971' title='bbox 2814 5449 2988 5524; x_wconf 75' lang='lat' dir='ltr'><strong>habeo.</strong></span> <span class='ocrx_word' id='word_1_972' title='bbox 3023 5445 3180 5512; x_wconf 85' lang='lat' dir='ltr'><strong>Atqui</strong></span> <span class='ocrx_word' id='word_1_973' title='bbox 3206 5449 3467 5499; x_wconf 76' lang='lat' dir='ltr'><strong>sermonis</strong></span> <span class='ocrx_word' id='word_1_974' title='bbox 3483 5446 3647 5498; x_wconf 80' lang='lat' dir='ltr'><strong>series</strong></span> <span class='ocrx_word' id='word_1_975' title='bbox 3681 5444 3782 5501; x_wconf 89' lang='lat' dir='ltr'><strong>hoc</strong></span> <span class='ocrx_word' id='word_1_976' title='bbox 3806 5450 4128 5517; x_wconf 80' lang='lat' dir='ltr'><strong>postulabat,</strong></span> 
     </span>
    </p>
   </div>
   <div class='ocr_carea' id='block_1_119' title="bbox 2551 5536 4127 5608">
    <p class='ocr_par' dir='ltr' id='par_1_119' title="bbox 2551 5536 4127 5608">
     <span class='ocr_line' id='line_1_119' title="bbox 2551 5536 4127 5608; baseline 0.003 -18"><span class='ocrx_word' id='word_1_977' title='bbox 2551 5549 2607 5591; x_wconf 87' lang='lat' dir='ltr'><strong>ut</strong></span> <span class='ocrx_word' id='word_1_978' title='bbox 2636 5540 2859 5600; x_wconf 85' lang='lat' dir='ltr'><strong>diceret,</strong></span> <span class='ocrx_word' id='word_1_979' title='bbox 2893 5536 3003 5589; x_wconf 91' lang='lat' dir='ltr'><strong>Non</strong></span> <span class='ocrx_word' id='word_1_980' title='bbox 3038 5546 3093 5587; x_wconf 90' lang='lat' dir='ltr'><strong>ut</strong></span> <span class='ocrx_word' id='word_1_981' title='bbox 3125 5538 3531 5597; x_wconf 88' lang='lat' dir='ltr'><strong>contristemini,</strong></span> <span class='ocrx_word' id='word_1_982' title='bbox 3558 5536 3649 5589; x_wconf 88' lang='lat' dir='ltr'><strong>sed</strong></span> <span class='ocrx_word' id='word_1_983' title='bbox 3682 5549 3737 5590; x_wconf 91' lang='lat' dir='ltr'><strong>ut</strong></span> <span class='ocrx_word' id='word_1_984' title='bbox 3764 5541 4127 5608; x_wconf 77' lang='lat' dir='ltr'><strong>resipiscatis:</strong></span> 
     </span>
    </p>
   </div>
   <div class='ocr_carea' id='block_1_120' title="bbox 2550 5630 4125 5698">
    <p class='ocr_par' dir='ltr' id='par_1_120' title="bbox 2550 5630 4125 5698">
     <span class='ocr_line' id='line_1_120' title="bbox 2550 5630 4125 5698; baseline 0 -13"><span class='ocrx_word' id='word_1_985' title='bbox 2550 5633 2747 5685; x_wconf 89' lang='lat' dir='ltr'><strong>etenim</strong></span> <span class='ocrx_word' id='word_1_986' title='bbox 2778 5630 2955 5684; x_wconf 80' lang='lat' dir='ltr'><strong>hacde</strong></span> <span class='ocrx_word' id='word_1_987' title='bbox 2978 5646 3135 5683; x_wconf 87' lang='lat' dir='ltr'><strong>causa</strong></span> <span class='ocrx_word' id='word_1_988' title='bbox 3166 5634 3450 5698; x_wconf 87' lang='lat' dir='ltr'><strong>scripserat</strong></span> <span class='ocrx_word' id='word_1_989' title='bbox 3483 5642 3497 5681; x_wconf 69' lang='grc' dir='ltr'>ξ</span> <span class='ocrx_word' id='word_1_990' title='bbox 3530 5631 3628 5683; x_wconf 82' lang='lat' dir='ltr'><strong>hoc</strong></span> <span class='ocrx_word' id='word_1_991' title='bbox 3658 5641 3833 5685; x_wconf 89' lang='lat' dir='ltr'><strong>tamen</strong></span> <span class='ocrx_word' id='word_1_992' title='bbox 3855 5648 3957 5683; x_wconf 88' lang='lat' dir='ltr'><strong>non</strong></span> <span class='ocrx_word' id='word_1_993' title='bbox 3979 5633 4125 5696; x_wconf 88' lang='lat' dir='ltr'><strong>dicit,</strong></span> 
     </span>
    </p>
   </div>
   <div class='ocr_carea' id='block_1_121' title="bbox 2553 5720 4129 5791">
    <p class='ocr_par' dir='ltr' id='par_1_121' title="bbox 2553 5720 4129 5791">
     <span class='ocr_line' id='line_1_121' title="bbox 2553 5720 4129 5791; baseline 0.003 -16"><span class='ocrx_word' id='word_1_994' title='bbox 2553 5724 2668 5786; x_wconf 86' lang='lat' dir='ltr'><strong>sed,</strong></span> <span class='ocrx_word' id='word_1_995' title='bbox 2714 5730 2770 5774; x_wconf 92' lang='lat' dir='ltr'><strong>ut</strong></span> <span class='ocrx_word' id='word_1_996' title='bbox 2798 5721 2915 5791; x_wconf 90' lang='lat' dir='ltr'><strong>plus</strong></span> <span class='ocrx_word' id='word_1_997' title='bbox 2946 5722 3221 5775; x_wconf 84' lang='lat' dir='ltr'><strong>suavitatis</strong></span> <span class='ocrx_word' id='word_1_998' title='bbox 3261 5720 3491 5775; x_wconf 86' lang='lat' dir='ltr'><strong>orationi</strong></span> <span class='ocrx_word' id='word_1_999' title='bbox 3519 5735 3628 5775; x_wconf 64' lang='lat' dir='ltr'><strong>suae</strong></span> <span class='ocrx_word' id='word_1_1000' title='bbox 3656 5721 3928 5787; x_wconf 84' lang='lat' dir='ltr'><strong>conciliet,</strong></span> <span class='ocrx_word' id='word_1_1001' title='bbox 3970 5730 4129 5791; x_wconf 81' lang='lat' dir='ltr'><strong>atque</strong></span> 
     </span>
    </p>
   </div>
  </div>
