4060 6346
301 337 410 393 419

298 450 561 505 καθίκετο
587 446 897 517 Ἐπιστολῇ,
921 449 1015 500 καί
1039 464 1159 500 τινα
1184 447 1487 519 μεταϐολὴν
1504 448 1848 512 ἐπεδείξαντο
1867 461 1881 477 ο

299 551 398 602 καὶ
430 545 653 618 ἔμελλεν
682 546 878 609 αὐτοὺς
909 547 1070 600 τοῦτο
1094 548 1440 619 ἀνατρέπειν,
1474 550 1523 600 εί
1550 545 1887 617 μεταδαλλό-

303 661 459 714 μενοι
504 641 666 694 πάλιν
718 642 819 711 τὴν
873 643 1043 714 αὐτὴν
1099 644 1421 714 ἐπιτίμησιν
1462 643 1750 713 ὑπέμενον.
1795 641 1889 694 Διδ

300 736 485 806 πολλῷ
531 740 631 806 τῆς
666 737 938 808 προτέρας
976 739 1309 810 ἡμερωτέρα
1342 737 1502 807 αὕτη.
1538 739 1788 805 Ἐκρινα
1818 735 1889 790 δὲ

297 830 538 899 ἐμαυτῷ
579 831 648 885 τὸ
669 832 757 900 μὴ
788 832 976 887 πάλιν
1005 834 1076 887 ἐν
1099 836 1267 901 λύπῃ
1300 832 1502 887 ἐλθεῖν
1528 832 1679 901 πρὸς
1706 829 1884 900 ὑμᾶς.

298 927 398 989 Τὸ,
426 926 643 991 Πάλιν,
676 928 917 981 δείκνυσι
943 930 1038 983 καὶ
1062 930 1163 999 ἤδη
1195 928 1505 998 λυπηθέντα
1530 928 1759 981 ἐκεῖθενο
1793 927 1888 980 καὶ

295 1020 475 1075 δοκῶν
518 1023 929 1091 ἀπολογεῖσθαι,
988 1022 1138 1095 [456]
1173 1022 1476 1094 λεληθότως
1523 1022 1702 1075 αὐτῶν
1750 1020 1887 1073 καθ-

290 1119 555 1171 άπτεται.
586 1120 651 1173 Et
680 1120 739 1172 δὲ
770 1122 861 1173 καὶ
883 1121 984 1190 ἤδη
1013 1119 1314 1190 ἐλύπησαν,
1346 1122 1440 1174 καὶ
1473 1119 1637 1174 πάλιν
1663 1118 1887 1187 ἔμελλον

299 1212 513 1277 λυπεῖν,
549 1216 802 1286 ἐννόησον
835 1218 966 1285 ὅσην
1005 1214 1153 1278 εἰκὸς
1196 1215 1450 1283 γενέσθαι
1484 1217 1583 1287 τὴν
1614 1215 1806 1284 ἀηδίαν
1834 1227 1883 1266 ι.

314 1310 479 1362 Ἀλλά
509 1310 667 1364 τοῦτο
708 1312 806 1381 μὲν
839 1311 901 1362 οὐ
938 1310 1110 1378 λέγει,
1159 1311 1242 1363 ὅτι
1284 1310 1647 1380 Ἐλυπήσατε·
1683 1309 1887 1379 ἑτέρως

295 1407 356 1460 δὲ
391 1407 669 1476 μεθοδεύει
708 1408 801 1461 τὸν
839 1408 997 1476 λόγον
1021 1407 1084 1460 τὸ
1119 1407 1252 1460 αὐτὸ
1282 1406 1442 1460 τοῦτο
1486 1407 1883 1475 αἰνιττόμενος,

298 1511 396 1561 καὶ
429 1509 625 1575 λέγων,
654 1508 736 1560 ὅτι
765 1508 865 1562 Διά
889 1508 1047 1561 τοῦτο
1080 1508 1179 1561 οὐκ
1203 1503 1389 1577 ἦλθον,
1422 1508 1509 1560 ἵνα
1543 1507 1617 1577 μὴ
1658 1507 1888 1576 λυπήσω

298 1609 466 1677 ὑμᾶς·
493 1606 520 1656 6
553 1605 651 1675 τὴν
682 1605 851 1674 αὐτὴν
879 1605 978 1675 μὲν
1011 1606 1163 1675 ἰσχὺν
1194 1604 1306 1673 ἔχει
1334 1604 1508 1674 τούτῳ
1536 1598 1580 1670 ᾧ
1605 1599 1781 1668 εἷπον,
1805 1603 1890 1655 εὐ-

296 1702 643 1771 παράδεκτον
670 1700 726 1753 δὲ
753 1700 952 1771 μᾶλλόν
973 1704 1111 1755 ἐστι.
1142 1702 1210 1753 Εὶ
1239 1699 1350 1768 γὰρ
1374 1698 1489 1768 ἐγὼ
1510 1697 1685 1752 λυπῶ
1709 1695 1886 1766 ὑμᾶς,

296 1801 401 1851 καὶ
436 1798 525 1858 τίς
554 1799 726 1851 ἐστιν
763 1800 795 1851 ὀ
831 1796 1171 1866 εὐφραίνων
1199 1813 1295 1865 με,
1326 1798 1380 1848 εί
1405 1794 1491 1864 μὴ
1538 1797 1571 1848 ό
1594 1795 1890 1863 λυπούμε-

293 1910 483 1965 μενος
508 1894 576 1957 ἐξ
602 1892 782 1963 ἐμοῦ;
808 1893 945 1946 Ποία
973 1892 1112 1963 αὐτη
1140 1891 1471 1956 ἀκολουθία;
1506 1892 1754 1963 Μεγίστη
1790 1893 1889 1961 μὲν

254 1988 417 2044 Αοῦν.
475 1991 671 2042 Σκόπει
720 1990 796 2042 δέ·
843 1991 956 2042 Οὐκ
993 1988 1254 2058 ἠθέλησα,
1291 1989 1475 2057 φησὶν,
1525 1988 1699 2040 ἐλθεῖν
1753 1987 1889 2056 πρὸς

298 2090 469 2158 ὑμᾶς,
514 2089 600 2139 ἵνα
649 2087 723 2155 μὴ
758 2087 985 2156 λυπήσω
1030 2086 1173 2155 ὑμᾶς
1207 2086 1389 2149 πλέον,
1427 2084 1717 2154 ἐπιτιμῶν,
1755 2084 1889 2149 ἀγα-

296 2186 539 2247 νακτῶν,
568 2184 1064 2253 ἀποστρεφόμενος.
1093 2175 1226 2234 Εἶτα
1260 2182 1447 2251 ἐπειδὴ
1482 2183 1576 2233 καὶ
1602 2181 1734 2235 αὐτὸ
1760 2199 1891 2249 σφο-

293 2280 429 2350 δρὸν
462 2278 552 2349 ἦν,
600 2281 695 2332 καὶ
730 2279 1066 2348 κατηγορίαν
1104 2278 1285 2331 αὐτῶν
1320 2274 1486 2347 εἶχεν,
1524 2278 1576 2330 εί
1602 2294 1665 2344 γε
1717 2276 1889 2340 οὕτως

297 2379 440 2443 ἔζων
473 2378 547 2440 ὡς
582 2378 792 2431 Παῦλον
823 2378 1032 2441 λυπεῖν,
1067 2376 1765 2449 ἐπιδιορθώσειχρώμενος,
1788 2393 1890 2445 φη-

298 2478 409 2528 σίν·
447 2479 514 2528 Εὶ
542 2475 650 2543 γὰρ
689 2474 803 2543 ἐγὼ
846 2454 1017 2528 λυπῶ
1047 2472 1224 2542 ὑμᾶς,
1267 2474 1367 2526 καὶ
1396 2475 1485 2540 τίς
1526 2475 1693 2526 ἐστιν
1730 2477 1761 2526 ό
1793 2476 1889 2526 εὐ-

298 2576 576 2643 φραίνων
598 2592 694 2641 με,
725 2575 776 2624 εἰ
807 2571 891 2639 μὴ
930 2576 961 2625 ό
985 2573 1373 2639 λυπούμενος
1410 2571 1478 2635 ἐξ
1506 2571 1690 2639 ἐμοῦ;
1732 2573 1796 2623 Ὃ
1833 2572 1890 2623 δὲ

296 2668 476 2734 λέγει,
501 2666 743 2717 τοιοῦτόν
779 2668 946 2716 ἐστιν·
989 2666 1051 2715 EE
1085 2665 1140 2715 δὲ
1167 2668 1258 2715 καὶ
1286 2667 1343 2716 ἐν
1375 2666 1519 2735 λύπῃ
1543 2666 1767 2733 ἔμελλον
1809 2661 1890 2717 εἷ-

299 2782 415 2824 ναι,
448 2758 893 2829 ἀναγκαζόμενος
926 2760 1055 2829 ύμῖν
1098 2761 1360 2830 ἐπιτιμᾷν
1406 2761 1501 2812 καὶ
1528 2762 1658 2830 όρᾷν
1689 2761 1891 2813 λυπουο·

301 2858 525 2929 μένους,
558 2857 671 2910 ἀλλ’
702 2858 850 2925 ὅμως
886 2828 979 2909 καὶ.
1004 2828 1141 2908 αύτδ
1174 2828 1332 2908 τοῦτο
1360 2828 1629 2925 ηὐφραινέ
1662 2873 1749 2926 με.
1779 2857 1890 2908 Με-

297 2958 499 3028 γίστης
533 2956 643 3028 γὰρ
693 2955 853 3008 τοῦτο
900 2956 1124 3023 ἀγάπης
1172 2955 1497 3025 τεκμήριον,
1536 2953 1597 3006 τὸ
1634 2953 1889 3007 τοσούτου

296 3051 437 3121 παρ’
470 3052 597 3121 ὑμῖν
628 3048 778 3115 ἀξιον
807 3045 949 3101 εἶναί
986 3065 1074 3117 με,
1115 3047 1189 3110 ὡς
1216 3046 1476 3099 δύνασθαι
1501 3047 1718 3100 δάκνειν
1747 3048 1891 3118 ὑμᾶς

297 3144 805 3217 ἀποστρεφόμενον.

379 3349 443 3420 β’.
467 3350 574 3401 Καὶ
601 3350 703 3419 ὅρα
722 3347 1036 3403 σύνεσιν.Ὃ
1062 3349 1170 3420 γάρ
1187 3348 1280 3402 τοῦ
1306 3348 1473 3420 νόμου
1490 3348 1601 3402 τῶν
1633 3349 1890 3420 μαθητῶν

296 3442 395 3517 ἦν,
422 3446 481 3506 τὸ
514 3446 701 3512 ἀλγεῖν
731 3438 824 3498 καί
854 3445 1206 3497 αἰσθάνεσθαι
1238 3446 1705 3516 ἐπιτιμωμένους,
1732 3448 1891 3501 τοῦτο

298 3543 382 3605 ὡς
397 3539 792 3611 χαριζομένους
812 3540 1010 3601 αὐτοὺς
1033 3541 1264 3608 εἰσάγει.
1290 3542 1477 3604 Οὐδεὶς
1498 3543 1603 3614 γάρ
1626 3560 1695 3613 με
1717 3542 1891 3608 οὕτως

298 3637 612 3708 εὐφραίνει.
648 3635 836 3706 φησὶν,
862 3635 940 3698 ὡς
977 3636 1189 3699 ἐκεῖνος
1224 3638 1251 3689 6
1276 3640 1741 3708 ἐπιστρεφόμενος
1779 3641 1890 3695 τῶν

298 3734 456 3806 ἐμῶν
484 3734 767 3804 ῥημάτων,
799 3732 893 3785 καὶ
921 3732 1262 3804 λυπούμενος
1290 3734 1419 3786 ὅταν
1454 3734 1628 3807 βλέπῃ
1657 3754 1722 3806 με
1745 3738 1891 3807 697:-

296 3831 550 3902 ζόμενον.
575 3828 861 3890 Καίτοιτὸ
889 3828 1181 3883 ἀκόλουθον
1221 3824 1289 3901 ἦν
1320 3831 1511 3884 εἰπεῖν.
1539 3832 1602 3884 Εἰ
1641 3834 1751 3903 γὰρ
1775 3834 1888 3902 ἐγὼ

298 3925 462 3980 λυπῶ
486 3927 650 3995 ὑμᾶς,
674 3926 770 3979 καὶ
786 3925 868 3989 τίς
893 3926 1039 3978 ἐστιν
1058 3926 1086 3977 6
1106 3925 1399 3996 δυνάμενος
1420 3925 1564 3995 ὑμᾶς
1585 3927 1850 3999 εὐφρᾶναι
1870 3949 1885 3996 ;

293 4024 421 4078 ἀλλ’
471 4023 531 4075 οὐ
582 4023 731 4090 λέγει
787 4022 965 4085 τοῦτο,
1005 4021 1119 4074 ἀλλ’
1150 4022 1502 4092 ἀντιστρέφει
1538 4024 1697 4078 πάλιν
1732 4026 1884 4091 αὐτὸ,

295 4118 624 4187 θεραπεύων
650 4119 866 4181 αὐτοὺς,
895 4118 990 4172 καὶ
1020 4118 1213 4186 λέγων’
1251 4120 1314 4171 Εἰ
1370 4121 1464 4172 καὶ
1523 4120 1677 4175 λυπῶ
1717 4123 1884 4193 ὑμᾶς,

296 4216 466 4287 χάριν
490 4229 581 4283 μοι
606 4214 873 4283 παρέχετε
894 4217 997 4268 κάν
1019 4215 1192 4286 τούτῳ
1216 4216 1503 4287 μεγίστην,
1523 4217 1602 4270 δτι
1626 4219 1886 4274 δάκνεσθε

296 4309 409 4365 ὑπὸ
440 4310 549 4363 τῶν
588 4310 720 4379 παρ’
757 4309 893 4379 ἐμοῦ
940 4309 1273 4381 λεγομένων.
1333 4311 1445 4364 Καὶ
1490 4313 1602 4381 γὰρ
1649 4315 1889 4384 ἕῃοαψα

294 4407 448 4477 ὑμῖν
471 4406 617 4459 αὐτὸ
654 4404 851 4458 τοῦτο.
886 4405 1045 4458 Ποῖον
1070 4422 1085 4469 ;
1120 4406 1242 4459 Ὀτι
1272 4405 1359 4459 διά
1387 4405 1546 4460 τοῦτο
1576 4409 1675 4463 οὐκ
1699 4406 1883 4481 ἦλθον,

297 4504 622 4575 φειδόμενος
650 4501 823 4572 ὑμῶν.
855 4502 991 4555 Πότε
1020 4500 1295 4572 ἐγραφεν;
1325 4503 1383 4556 ἐν
1404 4505 1470 4576 τῇ
1506 4505 1770 4577 προτέρᾳ,
1796 4508 1885 4560 ὅτε

296 4603 511 4669 ἔλεγεν
546 4600 629 4653 Οὐ
654 4598 808 4653 θέλω
839 4596 991 4667 ὑμᾶς
1021 4597 1153 4665 ἄρτι
1184 4598 1255 4652 ἐν
1282 4598 1523 4668 παρόδῳ
1555 4599 1739 4663 ίδεῖν;
1770 4602 1884 4654 Οὐκ

296 4699 478 4765 ἔγωγε
505 4691 683 4767 οἴμαι,
704 4695 818 4748 ἀλλ’
840 4697 896 4746 ὲν
921 4695 1057 4764 αὐτῇ
1082 4696 1147 4764 τῇ
1188 4695 1498 4767 Ἐπιστολῇ,
1520 4697 1606 4748 ὅτε
1621 4691 1763 4751 εἷπε.
1786 4698 1881 4765 Μὴ

218 4836 229 4841 ν
291 4793 555 4847 ἐλθόντα
583 4808 659 4861 με
689 4793 879 4843 πάλιν
930 4788 1270 4857 ταπεινώσῃ
1318 4793 1350 4843 ό
1388 4793 1532 4856 Θεός
1570 4809 1687 4861 μου
1730 4793 1883 4859 πρὸς

293 4885 479 4954 ὑμᾶς.
542 4887 799 4956 Ἔγραψα
864 4880 957 4937 οὖν
1004 4884 1138 4937 αὐτὸ
1185 4885 1344 4938 τοῦτο
1392 4886 1528 4956 πρὸς
1588 4886 1666 4956 τῷ
1714 4886 1879 4950 τέλει,

295 4980 455 5046 φησί·
487 4980 582 5044 Μή
615 4998 739 5045 πως
760 4982 1015 5035 ἐλθόντα
1035 4997 1111 5049 με
1136 4981 1476 5049 ταπεινώσῃ
1501 4984 1536 5033 ὀ
1570 4982 1713 5047 Θεός
1740 4999 1878 5051 μου,

292 5072 401 5129 καί
428 5074 711 5137 πενθήσω
740 5077 1013 5140 πολλοὺς
1037 5077 1157 5129 τῶν
1193 5080 1757 5145 προημαρτηκότων.
1782 5079 1882 5132 Διὰ

292 5171 353 5226 τί
384 5170 441 5223 δὲ
472 5169 739 5236 ἔγραφες
774 5172 907 5222 Ἵνα
931 5172 1018 5238 μὴ
1054 5173 1249 5225 ἐλθὼν
1272 5176 1478 5239 λύπην
1508 5176 1639 5240 σχῶ
1665 5177 1766 5241 ἀφ’
1794 5172 1882 5230 ὧν

292 5268 421 5324 ἔδει
443 5282 519 5335 με
544 5265 795 5332 χαίρειν,
832 5266 1129 5327 πεποιθὼς
1160 5269 1257 5317 ἐπὶ
1295 5269 1527 5331 πάντας
1564 5270 1739 5335 ὑμᾶς,
1788 5272 1879 5322 ὅτι

295 5370 340 5436 ἠ
369 5363 481 5436 ἐμὴ
518 5362 671 5431 χαρὰ
699 5360 941 5412 πάντων
976 5359 1143 5426 ὑμῶν
1178 5362 1369 5413 ἐστιν.
1420 5364 1634 5431 Ἐπειδὴ
1659 5364 1767 5432 γὰρ
1797 5362 1878 5415 εἶ-

369 5589 393 5618 ⁸
417 5588 467 5636 In
493 5583 642 5635 editis
664 5578 957 5643 legitur_rhv
978 5575 1141 5643 ἀδίᾳν,
1178 5571 1227 5643 _in
1388 5574 1473 5631 τήν
1495 5574 1684 5643 ᾅνο-ιαῖγ
1726 5576 1873 5625 τηειρ.

291 5649 453 5701 Savil.
476 5648 526 5698 in
554 5637 773 5708 margiﬁe
802 5637 1549 5708 aliamprqfeyplectiongm_:rﬁv
1568 5638 1879 5699 anaiav.qua»

291 5698 490 5773 δριἰπιε
513 5698 763 5765 ςοηοοῖιεῑ,
786 5710 836 5754 et
859 5702 923 5753 ita
950 5698 1076 5765 [egit
1102 5701 1349 5762 interpres
1375 5698 1590 5747 Latinus.

1367 330 1434 387 IN
1470 331 1690 387 EPIST.
1734 330 1777 385 ll
1811 327 1903 384 AD
1940 326 2098 386 COR.
2142 330 2377 387 HOMIL.
2419 333 2504 389 IV.

3465 334 3570 390 420

1998 463 2117 511 πεν,
2170 450 2252 501 ὃτι
2288 450 2687 518 Εὐφραίνομαι,
2749 446 3058 517 ἀλγούντων
3115 447 3291 518 ὑμῶν,
3349 458 3444 502 και
3488 454 3570 502 ἐτι

1972 542 2388 613 ἀὐθαδέστερον
2426 544 2587 597 τοῦτο
2613 540 2682 616 ἦν
2719 546 2815 597 καὶ
2847 542 3206 614 τραχύτερον,
3239 543 3402 598 πάλιν
3439 545 3573 598 αὐτὸ

1991 638 2327 709 ἀνέστρεψεν
2354 641 2579 710 ἑτέρως,
2607 639 2704 693 καὶ
2746 637 3098 709 ἡμερώτερον
3141 640 3274 691 αὐτὸ
3317 641 3573 710 ἐποίησεν

1991 727 2363 803 οἶςέπήγαγε.
2397 736 2498 788 Διά
2522 734 2682 788 τοῦτο
2708 734 2839 804 γὰρ,
2864 734 3022 806 φησὶ,
3059 735 3387 806 προέγραψα
3418 737 3569 807 ὑμῖν,

1995 829 2079 882 (va
2127 832 2203 899 μὴ
2235 833 2293 885 ἐν
2325 831 2486 904 όδύνῃ
2516 833 2660 902 ὑμᾶς
2704 830 2850 901 εὕρω
2899 831 2975 902 μὴ
3007 831 3422 901 διορθωθέντας.
3473 834 3573 887 Διά

1992 924 2152 979 τοῦτο
2184 922 2358 989 εἷπον,
2382 928 2515 982 Ἵνα
2541 927 2628 995 μὴ
2657 926 2930 994 λυπηθῶ,
2966 926 3029 979 οὐ
3052 926 3113 980 τὺ
3162 927 3400 996 ἐμαυτοῦ
3443 944 3573 981 σκο-

1994 1020 2134 1086 πῶν,
2170 1020 2307 1074 ἀλλά
2361 1021 2422 1074 τὸ
2470 1022 2757 1092 ὑμέτερον.
2795 1021 2947 1094 [457]
3000 1019 3131 1075 Οἶδα
3186 1024 3314 1093 γὰρ,
3348 1022 3431 1074 ὅτι
3478 1023 3574 1075 ἐὰν

1996 1120 2143 1189 ἴδητε
2174 1120 2455 1189 χαίροντα,
2507 1120 2754 1189 χαίρετε·
2797 1119 2903 1172 κᾶν
2958 1118 3230 1188 θεάσησθε
3280 1117 3572 1186 ἀλγοῦντα,

1993 1215 2232 1284 ἀλγεῖτε.
2268 1215 2410 1286 Ὅρα
2433 1215 2613 1268 τοίνυν
2650 1214 2855 1268 ἀνωθεν
2877 1213 2977 1284 τὴν
3003 1213 3325 1267 ἀκολουθίαν
3351 1215 3461 1267 τῶν
3496 1217 3575 1266 εί·-

1996 1313 2268 1383 ρημένων·
2314 1310 2456 1364 οὓτω
2498 1311 2609 1381 γὰρ
2644 1309 3046 1380 εὐμαθέστερος
3079 1310 3209 1379 ἡμῖν
3244 1308 3397 1362 ἔσται
3431 1312 3460 1361 6
3485 1309 3575 1361 λόε-

1993 1427 2110 1479 γος.
2151 1410 2266 1462 Οὐκ
2300 1404 2487 1481 ἦλθον,
2524 1408 2710 1477 φησὶν,
2753 1409 2839 1463 ἵνα
2882 1407 2957 1476 μὴ
2999 1405 3227 1475 λυπήσω
3259 1406 3424 1475 ὑμᾶς,
3463 1406 3577 1458 ἀδιο

1993 1505 2267 1574 ορθώτους
2320 1505 2515 1574 εὑρών.
2553 1503 2727 1558 Τοῦτο
2768 1504 2824 1557 δὲ
2866 1503 3105 1568 ἐποίουν,
3142 1504 3201 1555 ού
3236 1503 3295 1558 τὸ
3335 1504 3575 1575 ἐμαυτοῦ

1997 1602 2237 1663 σκοπῶν,
2273 1601 2407 1653 ἀλλὰ
2431 1601 2490 1652 τὸ
2514 1601 2799 1670 ὑμέτερον.
2839 1599 2981 1668 Ἐγὼ
3020 1602 3119 1672 μέν
3154 1600 3262 1671 γὰρ
3299 1601 3577 1672 λυπουμέ-

1998 1700 2175 1769 μένων
2206 1698 2378 1768 ὑμῶν,
2404 1697 2511 1767 ἔχω
2537 1698 2735 1768 ἡδονὴν
2764 1698 2825 1749 οὐ
2862 1699 3087 1767 μικρὰν,
3113 1700 3244 1753 ὅταν
3273 1699 3368 1753 ίδω
3388 1702 3579 1755 τοσοῦ-

1995 1814 2085 1848 τον
2115 1794 2250 1863 ἐμοῦ
2284 1796 2691 1866 φροντίζοντας,
2726 1795 2801 1859 ὡς
2829 1797 2923 1850 καὶ
2947 1797 3236 1852 λυπεῖσθαι
3272 1800 3365 1851 καλ⁵
3394 1798 3579 1866 ἀλγεῖν

1995 1891 2431 1960 ἀγανακτοῦντος
2480 1892 2635 1962 ἐμοῦ.
2674 1891 2771 1958 Τίς
2818 1892 2928 1961 γάρ
2964 1893 3136 1945 ἐστιν
3181 1896 3214 1947 ό
3239 1896 3580 1962 εὐφραίνων

1991 2006 2088 2059 με,
2121 1991 2170 2041 εί
2216 1987 2301 2056 μὴ
2339 1991 2370 2041 ὀ
2398 1990 2783 2055 λυπούμενος
2824 1989 2893 2053 ἐξ
2919 1989 3065 2057 ἐμοῦ
3089 2005 3107 2053 ;
3133 1990 3281 2060 Πλὴν
3316 1990 3451 2043 ἀλλά
3485 1992 3580 2043 καὶ

1996 2086 2138 2137 οὕτω
2156 2085 2521 2155 διακείμενος,
2548 2084 2737 2155 ἐπειδὴ
2759 2084 2817 2137 τὸ
2843 2085 3107 2157 ὑμέτερον
3131 2086 3338 2150 σκοπῶ,
3366 2086 3579 2157 ἔγραψα

1996 2184 2125 2252 ὑμῖν
2168 2183 2228 2235 τὸ
2270 2183 2404 2235 αὐτὸ
2434 2182 2609 2247 τοῦτο,
2656 2182 2743 2235 ἵνα
2784 2183 2857 2254 μὴ
2901 2183 3147 2255 λυπηθῶ·
3185 2186 3280 2238 καὶ
3320 2187 3378 2239 ἐν
3408 2187 3581 2255 τούτῳ

1998 2279 2158 2330 πάλιν
2198 2279 2257 2328 οὐ
2305 2278 2363 2329 τὸ
2407 2278 2537 2347 ἐμὸν
2585 2278 2824 2342 σκοπῶν,
2859 2278 2995 2331 ἀλλὰ
3030 2280 3089 2332 τὸ
3120 2280 3402 2349 ὑμέτερον.
3448 2277 3581 2334 Οἶδα

1996 2373 2105 2441 γὰρ
2134 2374 2214 2424 ὅτι
2252 2374 2345 2423 καὶ
2379 2372 2539 2440 ὑμεῖς
2582 2373 2805 2441 μέλλετε
2850 2374 3158 2438 λυπεῖσθαι,
3198 2374 3469 2440 ἀλγοῦντά
3511 2395 3578 2446 με

1996 2468 2249 2539 ὁρῶντες,
2276 2465 2465 2536 ῶσπερ
2486 2458 2582 2518 οὖν
2607 2470 2702 2519 καὶ
2727 2468 3139 2538 εὐφραίνεσθαι,
3167 2472 3425 2541 χαίροντα
3447 2472 3580 2525 θεω-

2002 2562 2236 2633 ροῦντες.
2270 2561 2467 2614 Σκόπει
2512 2560 2694 2614 τοίνυν
2734 2562 2970 2615 σύνεσινο
3000 2563 3188 2619 Εἶπενο
3224 2568 3342 2621 Ἵνα
3380 2568 3453 2638 μὴ
3487 2568 3577 2620 λυ-

1999 2661 2155 2728 πήσω
2178 2657 2275 2708 οὐκ
2300 2652 2483 2725 ἦλθον,
2508 2655 2686 2708 καίτοι
2706 2673 2769 2725 γε
2796 2658 3180 2729 εὐφραίνομαι,
3211 2663 3391 2729 φησίν.
3423 2659 3555 2715 Εἶτα

2000 2754 2085 2805 ἵνα
2126 2752 2200 2822 μὴ
2231 2753 2358 2823 δόξῃ
2388 2751 2611 2806 ἐκείνων
2643 2751 2954 2821 ἀλγούντων
2983 2754 3399 2824 εὐφραίνεσθαι,
3420 2758 3578 2810 Κατά

1996 2847 2176 2908 τοῦτο,
2202 2849 2355 2915 φησι,
2381 2848 2580 2917 χαίρω,
2604 2849 2740 2902 καθὸ
2770 2849 3145 2919 καθάπτομαι·
3174 2852 3296 2903 ἐπεὶ
3319 2850 3442 2903 καθ’
3464 2852 3581 2905 ἕτε-

2000 2960 2091 3013 ρον
2117 2941 2413 3013 λυποῦμαι,
2445 2943 2574 2995 ὅταν
2608 2945 2735 3007 τοὺς
2764 2944 2908 2998 οὕτω
2934 2945 3224 3015 φιλοῦντας
3254 2947 3582 3015 ἀναγκάζω-

2002 3059 2100 3111 μαι
2156 3040 2367 3101 λυπεῖν,
2397 3039 2457 3090 οὐ
2486 3038 2663 3109 τούτῳ
2706 3040 2867 3110 μόνον
2901 3042 2985 3111 τῷ
3022 3044 3305 3113 ἐπιτιμᾷν,
3335 3044 3469 3096 ἀλλά
3502 3044 3581 3115 τῷ

1997 3138 2091 3189 καὶ
2123 3135 2283 3197 αὐτὸς
2314 3136 2371 3186 ἐν
2396 3132 2540 3205 λύπῃ
2570 3132 2732 3197 εἶναι,
2765 3137 2859 3188 καὶ
2886 3137 3030 3205 ὑμᾶς
3066 3137 3155 3190 διὰ
3181 3138 3369 3191 τούτου
3415 3139 3581 3193 πάλιν

1996 3233 2204 3286 λυπεῖν.
2233 3231 2431 3283 Σκόπει
2454 3231 2509 3282 δὲ
2534 3230 2653 3293 πῶς
2676 3230 2807 3283 αὐτὸ
2832 3232 2927 3283 καὶ
2953 3233 3071 3302 μετ’
3095 3234 3373 3303 ἐγκωμίου
3396 3234 3579 3306 τίθησι

1996 3330 2191 3398 λέγων·
2232 3328 2355 3397 Ἀφ’
2380 3323 2466 3380 ὦν
2490 3325 2611 3381 ἔδει
2634 3343 2710 3398 με
2733 3328 2985 3397 χαίρειν.
3022 3327 3194 3381 Τοῦτο
3224 3328 3333 3401 γὰρ
3365 3330 3582 3401 γνησιόο

1993 3444 2134 3496 τητα
2173 3422 2578 3496 μαρτυροῦντός
2613 3426 2749 3489 ἐστι,
2797 3424 2891 3493 καὶ
2926 3423 3127 3495 πολλὴν
3168 3426 3575 3499 φιλοστοργίανο

1994 3521 2069 3585 ὡς
2101 3522 2167 3575 ἀν
2206 3521 2254 3573 εί
2282 3522 2410 3590 περὶ
2443 3519 2576 3573 υίῶν
2606 3536 2693 3593 τις
2722 3516 2843 3572 εἷπε
2880 3519 3051 3573 πολλά
3084 3522 3577 3594 εύεργετηθέντων,

1995 3620 2089 3673 καὶ
2130 3620 2259 3689 περὶ
2295 3620 2388 3680 οὒς
2420 3618 2704 3687 ἐπόνησεν.
2738 3618 2801 3671 Et
2838 3619 3018 3669 τοίνυν
3050 3618 3138 3671 διὰ
3170 3618 3329 3672 τοῦτο
3355 3623 3574 3692 γράφω,

1996 3715 2088 3767 καὶ
2110 3715 2209 3766 οὐκ
2232 3714 2481 3781 ἔρχομαι,
2515 3712 2656 3781 μέγα
2676 3729 2728 3763 τι
2749 3712 3051 3781 οἰκονομῶν
3075 3713 3174 3767 οὐκ
3206 3714 3467 3787 ἔρχομαι,
3485 3722 3581 3772 καὶ

1994 3811 2055 3863 οὐ
2089 3808 2262 3879 μισῶν
2289 3806 2409 3860 οὐδὲ
2438 3806 2935 3877 ἀποστρεφόμενος,
2967 3807 3104 3861 ἀλλά
3131 3810 3226 3862 καὶ
3255 3811 3460 3884 σφόδρα
3492 3831 3582 3883 φι.

1994 3908 2121 3962 λῶν.
2152 3902 2305 3971 Εἶτα,
2341 3902 2529 3977 ἐπειδὴ
2549 3900 2723 3971 εἶπεν,
2752 3906 2835 3959 ὅτι
2867 3907 2925 3961 '0
2944 3905 3130 3960 λυπῶν
3160 3907 3465 3978 εὐφραίνει,
3492 3911 3579 3964 ἴνα

1998 4005 2071 4074 μὴ
2100 4003 2319 4070 λέγωσι·
2347 4001 2518 4055 Τοῦτο
2546 3997 2639 4054 οὖν
2668 4001 2797 4055 αὐτὸ
2824 4002 3167 4069 σπουδάζεις,
3200 4004 3285 4057 ἵνα
3311 4005 3581 4080 εὐφραίνῃ

1968 4099 2086 4151 ’καὶ
2119 4093 2361 4165 ἐπιδείξῃ
2392 4095 2528 4147 πᾶσι
2557 4095 2733 4164 πόσην
2763 4093 2895 4165 ἔχῃς
2928 4096 3118 4166 ίσχύν;
3151 4098 3449 4169 ἐπήγαγεν·
3482 4101 3579 4153 Ἐκ

1993 4194 2103 4263 γὰρ
2134 4189 2375 4259 πολλῆς
2403 4192 2667 4259 θλίψεως
2691 4190 2789 4244 καὶ
2816 4191 3095 4261 συνοχῆς
3118 4194 3367 4261 καρδίας
3401 4195 3579 4264 ἐγρα-

1992 4294 2081 4357 ψα
2100 4287 2242 4356 ὑμῖν
2263 4285 2361 4339 διὰ
2378 4286 2631 4340 πολλῶν
2645 4288 2938 4357 δακρύωνο
2975 4289 3089 4358 οὐχ
3115 4289 3216 4343 ἵνα
3236 4291 3575 4363 λυπηθῆτε,

1992 4383 2153 4438 ἀλλὰ
2184 4382 2299 4449 τὴν
2320 4380 2564 4449 ἀγάπην
2588 4382 2689 4436 ἵνα
2709 4382 2919 4451 γνῶτε,
2953 4382 3035 4451 ἢν
3064 4383 3183 4453 ἔχω
3216 4389 3576 4455 περισσοτέ-

1985 4498 2103 4549 ρως
2127 4481 2216 4543 είς
2245 4477 2420 4547 ὑμᾶς.

2060 4655 2125 4708 Τί
2146 4653 2351 4725 ταύτης
2373 4653 2856 4725 φιλοστοργότερον
2885 4654 2984 4725 τῆς
3011 4654 3225 4728 ψυχῆςς
3248 4657 3439 4711 Αὐτῶν
3464 4660 3577 4731 γὰρ

1989 4758 2097 4811 τῶν
2119 4757 2519 4828 ἡμαρτηκότων
2542 4758 2642 4811 οὐκ
2663 4758 2907 4823 ἔλαττον,
2933 4760 3071 4813 ἀλλά
3094 4762 3187 4815 καὶ
3208 4761 3389 4830 πολλῷ
3411 4761 3575 4815 πλέον

1988 4863 2261 4917 δείκνυσιν
2294 4862 2482 4916 ἐαυτὸν
2517 4862 2852 4933 ἀλγήσαντα.
2884 4863 2961 4916 Οὐ
2985 4864 3118 4933 γὰρ,
3153 4866 3286 4919 Ἀπὸ
3318 4865 3571 4934 θλίψεως,

1989 4969 2123 5036 φησὶ
2146 4967 2327 5039 μόνον,
2354 4968 2492 5033 ἀλλ’,
2509 4968 2643 5021 Ἀπὸ
2667 4967 2932 5037 πολλῆς·
2956 4970 3101 5035 οὐδὲ,
3126 4972 3408 5042 Δακρύων,
3435 4972 3574 5025 ἀλλὰ

1988 5074 2091 5126 Διὰ
2112 5073 2358 5128 πολλῶν
2384 5074 2662 5141 δακρύων
2690 5074 2789 5126 καὶ
2816 5075 3094 5143 συνοχῆς
3118 5075 3386 5142 καρδίαςο
3416 5092 3571 5126 τουτ-

1988 5180 2155 5239 έστιν,
2204 5178 2712 5248 Ἀπηγχονιζόμην,
2744 5180 3128 5247 ἀπεπνιγόμην
3162 5179 3266 5229 ὑπὸ
3293 5180 3393 5248 τῆς
3431 5178 3567 5229 ἀθυ-

1988 5282 2133 5347 μίας·
2191 5282 2285 5332 καὶ
2347 5280 2544 5347 μηκέτι
2599 5279 2779 5346 φέρων
2836 5280 2934 5344 τῆς
2987 5278 3229 5346 ἀθυμίας
3274 5280 3335 5331 τὸ
3384 5279 3566 5347 νέφος,

1985 5382 2200 5449 ἔγραψα
2238 5382 2367 5449 ὑμῖν
2392 5396 2403 5409 ο
2427 5382 2548 5445 Οὐχ
2580 5381 2681 5431 ἵνα
2712 5379 3057 5447 λυπηθῆτε,
3084 5381 3223 5435 ἀλλ’
3247 5382 3349 5435 ἵνα
3377 5383 3567 5453 γνῶτε

1989 5487 2099 5553 τὴν
2138 5463 2413 5555 ἀγάπην,
2463 5485 2648 5553 φησὶν,
2704 5484 2787 5551 ἦν
2834 5485 2952 5553 ἔχω
2984 5490 3422 5557 περισσοτέρως
3475 5496 3562 5561 εις

1984 5592 2157 5661 ὑμᾶς.
2188 5590 2383 5644 Καίτοι
2406 5590 2467 5641 τὸ
2491 5589 2783 5644 ἀκόλουθον
2818 5589 2886 5663 ἦν
2910 5594 3109 5648 εἰπεῖν’
3141 5596 3252 5668 Οὐχ
3280 5597 3365 5652 ίνα
3389 5600 3564 5673 λυπη-

1987 5694 2136 5767 θῆτε,
2165 5692 2279 5747 ἀλλ’
2311 5695 2397 5747 ἴνα
2424 5693 2780 5770 διορθωθῆτεο
2817 5699 2907 5753 καὶ
2946 5699 3057 5770 γὰρ
3081 5696 3171 5755 διὰ
3204 5701 3363 5758 τοῦτο
3391 5704 3562 5779 ἔγρα-
