4568 6424
181 468 276 525 tat
1197 462 1263 521 1N
1303 460 1516 521 EPIST.
1559 460 1601 518 tt
1666 456 1755 516 an
1793 458 1950 517 con.
1992 459 2219 521 llOMlL.
2263 465 2351 521 tv.
3333 476 3435 534 ωε

177 588 231 643 in
260 584 517 657 majorem
546 582 629 641 sui
653 596 889 640 amorem
915 595 1007 638 eos
1030 581 1325 652 pertrabat,
1350 580 1454 635 hoc
1473 579 1616 634 illius
1637 577 1754 631 loco

182 678 350 747 ponit,
375 677 667 732 ostendens
687 691 746 731 se
770 690 954 730 amore
975 673 1193 730 ductum
1216 676 1392 727 omnia
1422 671 1620 725 facere.
1642 666 1757 721 Nec.

180 770 454 824 caritatem
480 776 685 822 tantum
714 766 870 829 dixit,
896 765 1011 828 sed,
1041 763 1205 829 Quam
1233 761 1573 816 abundantius
1598 757 1754 811 habeo

178 874 300 930 erga
340 873 445 912 sos.
479 856 604 911 Vult
630 857 771 911 enim
804 855 905 909 hac
933 868 1144 925 quoque
1185 852 1392 906 ratione
1416 849 1626 903 animos
1663 862 1755 903 eo-

178 965 297 1005 rum
328 951 547 1006 allicere
570 989 586 1016 ,
628 948 753 1003 dum
780 962 840 1002 se
865 961 959 1002 eos
990 960 1096 1015 prae
1126 942 1335 998 caeteris
1365 954 1565 1006 amare,
1596 948 1754 1007 atque

176 1050 235 1095 ut
257 1055 381 1110 erga
403 1040 629 1095 eximios
659 1036 953 1106 discipulos
975 1035 1221 1090 allectum
1251 1047 1371 1087 esse
1399 1032 1751 1085 demonstret.

174 1128 333 1184 Unde
358 1130 513 1184 etiam
542 1130 635 1197 ait,
664 1128 727 1181 Et
753 1130 797 1182 si
822 1128 938 1181 aliis
967 1142 1067 1180 non
1091 1142 1200 1179 sum
1229 1122 1503 1193 apostolus,
1534 1128 1585 1174 at
1620 1119 1754 1173 vobis

179 1227 349 1272 tamen
376 1234 524 1284 sum;
548 1228 623 1281 et,
652 1219 713 1274 Si
734 1218 918 1271 multos
945 1216 1245 1286 paedagogos
1270 1213 1513 1277 habeatis,
1547 1227 1645 1263 non
1667 1219 1747 1262 ta-

175 1326 290 1364 men
310 1310 491 1365 multos
515 1322 682 1381 patres
714 1310 790 1381 (Ι.
821 1310 938 1367 Cor.
962 1309 1014 1375 9.
1049 1308 1102 1361 2.
1136 1317 1180 1361 et
1209 1308 1260 1361 4.
1293 1305 1385 1376 {5)
1410 1320 1423 1365 ;
1455 1318 1516 1358 ac
1544 1317 1750 1369 rursus,

178 1398 248 1453 In
271 1402 434 1471 gratia
464 1400 555 1455 Dei
575 1401 853 1455 conversati
878 1415 1051 1454 sumus
1080 1400 1131 1452 in
1172 1396 1381 1462 mundo,
1413 1393 1753 1447 abundantius

173 1508 347 1547 amens
371 1493 509 1564 apud
533 1508 637 1547 eos.
669 1494 845 1561 Atque
877 1490 1011 1546 infra
1037 1492 1195 1546 etiam
1226 1489 1396 1559 inquit
1418 1528 1433 1553 ,
1478 1485 1755 1540 Abundan-

170 1585 275 1638 tius
304 1602 388 1639 vos
414 1586 646 1655 diligens,
680 1587 845 1639 minus
875 1585 1062 1655 diligor
1103 1581 1190 1653 (2.
1224 1582 1340 1635 Cor.
1371 1582 1420 1634 1.
1453 1579 1538 1634 12.
1571 1590 1617 1633 et
1661 1576 1747 1633 12.

182 1677 315 1746 15);
367 1685 423 1733 et
446 1677 547 1731 hoc
577 1676 696 1731 loco
717 1719 730 1742 ,
768 1676 930 1743 Quam
958 1674 1113 1728 habeo
1139 1672 1473 1726 abundantius
1500 1686 1617 1738 erga
1644 1684 1749 1723 ros.

245 1769 300 1822 3.
344 1766 523 1837 Itaque
550 1766 757 1822 etiamsi
786 1766 947 1820 verba
980 1763 1267 1819 iracundim
1286 1762 1436 1831 plena
1461 1767 1645 1823 erant,
1676 1768 1754 1812 ta-

174 1872 299 1911 men
323 1857 439 1912 haec
464 1857 624 1911 animi
660 1858 952 1911 concitatio
982 1871 1047 1910 ex
1078 1855 1278 1923 ingenti
1312 1852 1532 1906 caritate
1562 1866 1623 1903 ac
1658 1849 1754 1902 do-

168 1947 287 2003 lore
305 1950 636 2004 nascebatur.
664 1948 906 2017 Cumque
925 1947 1206 2015 epistolam
1224 1942 1535 2003 scriberem,
1560 1940 1751 2009 inquit,

170 2038 424 2094 dolebam
454 2049 506 2094 et
533 2040 788 2110 angebar,
821 2053 925 2091 non
959 2038 1059 2092 hoc
1088 2044 1291 2089 tantum
1337 2033 1575 2097 nomine,
1612 2028 1752 2100 quod

168 2130 518 2198 peccassetis,
544 2129 636 2183 sed
668 2129 849 2191 etiam,
881 2126 1022 2197 quod
1050 2126 1199 2179 vobis
1229 2138 1516 2179 maerorem
1564 2120 1755 2175 afferre

165 2236 414 2292 cogerer.
469 2222 659 2276 Verum
691 2220 794 2275 hoc
840 2233 1050 2289 quoque
1077 2220 1249 2286 ipsum
1286 2231 1351 2270 ex
1384 2229 1565 2267 amore
1595 2228 1608 2266 :
1648 2228 1752 2265 non

165 2326 330 2366 secus
360 2327 422 2367 ac
448 2312 490 2365 si
521 2313 659 2381 quis,
693 2326 813 2365 cum
847 2310 1011 2363 filium
1042 2309 1093 2361 in
1120 2306 1307 2379 primis
1336 2322 1517 2360 carum
1543 2303 1751 2368 habeat,

166 2402 258 2471 qui
280 2403 427 2456 sanie
459 2402 681 2467 laboret,
708 2415 934 2470 eumque
954 2414 1140 2454 secare
1166 2409 1324 2467 atque
1342 2412 1496 2451 urere
1513 2404 1751 2465 cogatur,

166 2502 400 2561 utroque
424 2493 641 2545 nomine
667 2491 864 2555 doleat,
895 2501 1004 2544 tum
1033 2488 1175 2559 quod
1191 2503 1333 2558 acger
1355 2488 1443 2552 sit,
1475 2496 1585 2539 tum
1613 2484 1754 2553 quod

165 2597 293 2636 cum
322 2596 505 2637 secare
536 2596 756 2637 necesse
786 2582 997 2636 habeat.
1032 2585 1107 2634 Ac
1128 2579 1351 2649 proinde
1389 2579 1458 2643 id,
1489 2576 1627 2647 quod
1650 2576 1754 2630 mei

165 2673 225 2726 in
254 2689 351 2727 vos
377 2674 482 2727 odii
516 2675 723 2743 signum
750 2689 871 2728 esse
890 2672 1225 2739 existimatis,
1248 2672 1423 2741 magni
1445 2670 1643 2723 amoris
1670 2683 1756 2723 ar-

163 2772 481 2831 gumentum
513 2773 648 2817 erat.
682 2764 833 2831 Quod
858 2763 900 2816 si
926 2764 1025 2817 hoc
1053 2763 1246 2831 ipsum,
1273 2761 1413 2831 quod
1437 2775 1531 2813 vos
1556 2758 1756 2814 contri-

166 2855 380 2917 starim,
413 2854 479 2909 ab
504 2869 687 2908 amore
711 2864 885 2907 ortum
917 2836 1096 2919 trahii,
1130 2853 1298 2906 multo
1324 2866 1452 2905 sane
1480 2849 1607 2904 illud
1638 2863 1755 2903 ma-

163 2946 276 3015 gis,
311 2945 449 3015 quod
469 2988 481 3010 ,
508 2946 633 3000 dum
658 2947 709 2999 in
760 2960 991 3000 maerore
1027 2946 1159 2999 estis
1179 2986 1194 3012 ,
1226 2948 1277 2997 in
1326 2944 1510 2998 laetitia
1542 2957 1752 2998 verser.

165 3040 305 3092 Cum
336 3053 462 3108 ergo
493 3054 551 3093 se
582 3039 695 3108 ipse
722 3037 1346 3107 exeusassct(siquidem
1376 3037 1642 3107 plerisque
1672 3036 1755 3090 lo-

168 3129 255 3182 cis
286 3143 344 3183 se
394 3139 642 3194 excusat;
677 3144 774 3183 nec
807 3138 1087 3199 prepterea
1117 3127 1387 3183 erubescit
1416 3145 1429 3183 :
1462 3127 1593 3181 Nam
1633 3142 1755 3182 cum

170 3220 321 3274 Deus
351 3221 401 3273 id
450 3220 608 3275 faciat
647 3220 831 3275 dicens
853 3260 865 3281 ,
916 3219 1117 3287 Popule
1146 3236 1284 3273 meus
1312 3259 1328 3285 ,
1370 3219 1493 3289 quid
1522 3218 1620 3287 feci
1668 3218 1756 3271 tibi

168 3309 363 3383 (uicit.
393 3313 447 3367 6.
478 3309 559 3383 5]?
577 3312 743 3365 multo
763 3311 932 3381 magis
956 3310 1005 3364 id
1027 3310 1247 3364 Paulum
1266 3310 1440 3364 facere
1461 3307 1753 3376 convenit):

167 3420 321 3469 cum,
345 3405 583 3473 inquam,
613 3419 670 3459 se
704 3404 816 3474 ipse
838 3411 1169 3468 excusasset,
1199 3417 1261 3455 ac
1286 3402 1395 3471 jam
1425 3416 1521 3471 pro
1551 3417 1616 3455 eo
1636 3415 1757 3455 ver-

169 3497 242 3551 ba
272 3496 447 3552 facere
468 3506 702 3566 pararet,
723 3498 810 3566 qui
840 3496 1008 3565 stupri
1031 3495 1253 3550 crimine
1280 3510 1341 3549 se
1362 3494 1752 3549 obstrinxerat:

170 3601 245 3640 ne
262 3586 360 3649 illi,
384 3596 650 3655 tamquam
666 3586 755 3656 qui
774 3587 1037 3640 contraria
1054 3584 1201 3655 jussa
1222 3584 1542 3653 :.;-ciperent,
1568 3583 1758 3636 distoro

168 3686 468 3746 querentur
518 3677 947 3747 pertinaciusque
985 3676 1410 3739 contenderent,
1444 3674 1566 3745 quia
1614 3674 1756 3728 idem

171 3768 292 3837 ipse
315 3777 447 3833 erat,
480 3769 569 3838 qui
592 3778 645 3823 et
675 3778 784 3823 tum
816 3769 885 3821 ita
924 3778 1197 3823 exarserat
1222 3776 1277 3822 et
1306 3782 1447 3823 nunc
1474 3783 1597 3824 eum
1624 3766 1756 3821 mis-

170 3872 295 3911 sum
324 3856 500 3912 facere
525 3857 766 3927 jubebat,
806 3857 924 3912 vide
948 3872 1053 3927 quo
1083 3868 1239 3926 pacto
1270 3866 1381 3911 tum
1406 3873 1500 3927 per
1541 3872 1602 3912 ea
1638 3873 1757 3927 quae

170 3949 326 4013 dixit,
358 3961 466 4003 tum
490 3964 586 4018 per
611 3965 673 4004 ea
715 3965 832 4019 quae
860 3950 1101 4004 dicturus
1147 3959 1250 4017 est,
1276 3951 1377 4005 hoc
1404 3951 1757 4020 prtemunive-

173 4042 268 4096 rit.
300 4042 436 4110 Quid
468 4045 611 4099 enim
663 4044 771 4099 ait?
800 4045 851 4099 5.
883 4045 944 4099 Si
970 4046 1080 4114 quis
1104 4054 1269 4098 autem
1300 4047 1625 4112 contristabit,
1657 4061 1757 4099 non

170 4152 255 4187 me
278 4136 612 4189 contristabit.
644 4136 995 4207 Posteaquam
1020 4137 1167 4207 prius
1193 4137 1310 4189 illos
1337 4136 1590 4203 laudavit,
1615 4135 1757 4205 quod

170 4227 365 4283 iisdem
392 4228 555 4283 rebus
578 4237 630 4284 et
652 4231 1010 4298 gauderentet
1029 4239 1371 4299 angerentur,
1403 4239 1513 4284 tum
1539 4231 1755 4285 demum

170 4333 484 4374 sermonem
514 4320 581 4374 de
602 4320 701 4374 hac
732 4336 787 4375 re
817 4320 1121 4389 aggreditur
1152 4338 1165 4372 :
1199 4336 1318 4375 cum
1343 4322 1488 4389 prius
1510 4322 1753 4385 dixisset,

172 4409 433 4464 Gaudium
465 4427 625 4464 meum
646 4421 865 4464 vestrum
889 4412 1112 4465 omnium
1142 4422 1233 4465 est.
1262 4413 1412 4478 Quod
1436 4413 1478 4465 si
1506 4413 1753 4481 gaudium

170 4518 355 4555 meum
386 4504 624 4556 omnium
660 4512 896 4557 vestrum
927 4512 1030 4569 est,
1061 4512 1272 4572 oportet
1300 4514 1356 4557 ut
1384 4518 1587 4558 mecum
1616 4519 1757 4558 nunc

170 4608 391 4663 quoque
420 4593 713 4664 gaudeatis,
744 4603 801 4648 ut
825 4604 948 4649 tunc
979 4610 1187 4649 mecum
1235 4595 1504 4651 doluistis.
1540 4596 1670 4650 Nam
1698 4607 1756 4652 ut

171 4694 289 4737 tum
314 4685 546 4739 dolendo
580 4686 705 4740 mihi
726 4687 1050 4755 voluptatem
1073 4688 1347 4752 attulistis,
1381 4689 1448 4741 ita
1469 4704 1607 4744 nunc
1627 4705 1758 4759 gau-

170 4777 375 4839 dendo,
409 4777 670 4845 siquidem
702 4779 868 4846 gavisi
912 4778 1131 4844 fueritis,
1165 4780 1303 4835 idem
1354 4781 1767 4849 cfficietis.,NeG

171 4867 329 4929 dixit,
361 4866 556 4922 Maeror
587 4883 737 4923 meus
760 4885 959 4925 mceror
988 4873 1223 4924 omnium
1251 4881 1487 4926 vestrum
1512 4881 1621 4938 est;
1646 4871 1765 4927 sed

171 4978 299 5018 cum
340 4962 391 5016 in
440 4963 561 5019 aliis
608 4963 741 5019 locis
768 4962 871 5018 hoc
899 4965 1269 5031 adstruxisset,
1302 4980 1443 5020 nunc
1482 4966 1531 5020 id
1562 4967 1753 5032 solum,

171 5070 287 5125 quo
315 5053 543 5109 habebat
585 5069 742 5124 opus,
776 5055 975 5124 posuit,
1009 5070 1200 5121 nempe
1227 5056 1500 5124 gaudium,
1549 5058 1755 5122 dicens,

167 5146 440 5202 Gaudium
473 5162 639 5200 mum
660 5147 884 5201 omnium
913 5156 1126 5200 vestrum
1154 5156 1244 5203 est.
1291 5149 1490 5204 Deinde
1520 5152 1760 5219 superio-

173 5256 295 5296 rem
319 5254 536 5309 quoque
562 5240 810 5295 meminit
838 5239 921 5294 his
946 5241 1122 5293 verbis
1155 5254 1167 5290 :
1201 5239 1261 5293 Si
1287 5241 1398 5307 quis
1426 5254 1590 5294 autem
1631 5258 1756 5315 con-

170 5328 416 5393 tristabit,
442 5345 544 5382 non
569 5346 647 5382 me
671 5331 1003 5394 contristabit,
1038 5329 1125 5383 sed
1154 5346 1213 5382 ex
1234 5339 1394 5398 parte,
1424 5338 1476 5381 ut
1520 5347 1618 5381 non
1645 5346 1763 5385 one-

173 5440 285 5478 rem
307 5437 393 5474 vos
414 5436 605 5474 omnes.
624 5421 762 5483 Scio,
798 5424 987 5492 inquit,
1017 5424 1159 5491 quod
1200 5423 1273 5475 ira
1303 5432 1357 5477 et
1396 5422 1759 5493 indignatione

173 5529 396 5573 mecum
425 5513 676 5568 commoti
707 5514 877 5569 fuistis
901 5525 1117 5584 propter
1141 5531 1261 5571 eum
1290 5516 1381 5586 qui
1402 5524 1644 5587 stuprum
1667 5518 1763 5573 ad-

172 5610 404 5665 miserat
434 5623 447 5658 :
477 5615 635 5675 atque
664 5606 766 5660 hoc
811 5606 1015 5661 facinus
1039 5624 1132 5663 vos
1157 5624 1348 5663 omnes
1372 5624 1436 5662 ex
1462 5618 1611 5677 parte
1629 5625 1764 5664 mte-

175 5699 326 5756 stitia
351 5696 545 5753 affecit.
583 5697 757 5765 Atque
780 5695 900 5750 ideo
927 5697 1058 5763 dixi,
1085 5696 1168 5752 Ea:
1196 5708 1355 5767 parte,
1385 5713 1489 5752 non
1511 5700 1651 5767 quod
1671 5715 1764 5756 vos

174 5792 447 5847 minorem
474 5787 913 5844 inde-maerorem
940 5791 1277 5859 acceperitis,
1307 5806 1466 5862 quam
1495 5806 1626 5861 ego:
1668 5794 1761 5848 sed

176 5900 253 5941 ne
281 5886 453 5953 illum,
477 5882 570 5954 qui
594 5891 835 5951 stuprum
869 5883 1212 5951 perpetravit,
1243 5884 1464 5939 nimium
1516 5899 1755 5942 onerent.

517 6009 784 6056 .l’A'l‘ltOL.
832 5990 949 6051 Gn.
999 5993 1153 6050 LXI.

1862 575 2122 643 Quocirca
2151 595 2255 637 non
2277 595 2363 637 me
2375 582 2547 637 solum
2566 582 2655 639 ille
2677 584 2727 639 in
2748 584 3033 643 maerorem
3074 606 3081 607 ί
3138 590 3311 659 ‘iieeit,
3342 593 3436 649 sed

1860 682 1957 723 vos
1999 669 2161 725 etiam
2209 686 2426 739 omnes;
2474 675 2681 730 etiamsi
2713 685 2771 730 ut
2798 676 3071 748 indulgent
3104 697 3160 736 .s
3200 696 3323 739 cum
3364 700 3436 740 eo

1860 771 2093 829 agerem,
2127 759 2262 828 dixi,
2297 761 2376 817 Ea:
2398 775 2558 832 parte.
2582 764 2750 821 Vides
2771 769 3041 836 quomodo
3069 772 3247 827 statim
3266 773 3435 831 iratos

1859 864 2044 905 eorum
2063 853 2274 909 animos
2297 854 2528 923 lenierit,
2547 871 2668 911 cum
2691 859 2926 913 ostendit
2949 859 3092 929 ipsos
3110 861 3437 934 indignatio-

1858 955 1940 995 ms
1970 957 2179 1012 quoque
2209 946 2491 1015 participes
2518 946 2718 1003 fuisse?
2744 949 2797 1002 6.
2828 948 3020 1019 Suﬁcit
3036 952 3116 1006 illi
3143 994 3157 1018 ,
3187 954 3275 1022 qui
3294 972 3437 1027 quso‘

1858 1033 1997 1087 modi
2032 1044 2104 1089 est
2130 1076 2145 1100 ,
2176 1036 2463 1107 objurgatio
2487 1054 2549 1091 ea
2573 1054 2687 1109 qua!
2705 1040 2766 1107 fit
2801 1055 2832 1092 a
2860 1042 3107 1110 pluribus.
3136 1043 3250 1099 Non
3273 1046 3431 1115 dixit,

1858 1122 2214 1195 Fornicatori,
2240 1128 2334 1184 sed
2362 1144 2572 1197 rursus,
2605 1130 2671 1184 Ei
2695 1131 2785 1202 qui
2810 1132 3058 1201 ejusmodi
3083 1142 3156 1188 est
3175 1176 3190 1201 ,
3216 1145 3273 1192 ut
3300 1147 3356 1193 et
3382 1140 3435 1194 in

1858 1217 2180 1285 praecedenti
2207 1220 2453 1289 epistola;
2480 1235 2666 1277 verum
2694 1238 2803 1277 non
2819 1223 3061 1279 eamdem
3080 1226 3150 1280 ob
3174 1241 3390 1285 causam
3418 1249 3435 1283 :

1858 1307 1965 1362 illic
2017 1309 2160 1363 enim
2206 1310 2275 1365 ob
2327 1310 2585 1381 pudorem
2610 1312 2682 1367 ita
2712 1313 3073 1382 loquebatur,
3111 1317 3197 1371 hic
3234 1319 3306 1374 ob
3349 1320 3434 1374 in-

1857 1396 2199 1468 dulgentiam.
2224 1399 2303 1455 Ob
2328 1401 2487 1471 idque
2513 1403 2734 1473 necjam
2755 1405 2958 1475 uspiam
2984 1410 3183 1475 peccati
3203 1411 3435 1467 mentio-

1859 1505 1980 1543 nem
2012 1490 2154 1557 facit,
2181 1491 2322 1561 quod
2353 1501 2561 1563 tempus
2588 1502 2752 1561 esset,
2782 1505 2838 1549 ut
2870 1496 3037 1565 ipsius
3080 1501 3434 1568 patrocinium

1858 1581 2168 1650 susciperet.
2194 1582 2246 1635 7.
2268 1582 2353 1635 Ita
2376 1592 2434 1636 ut
2457 1600 2484 1637 ε
2508 1586 2762 1640 contrario
2786 1586 2943 1657 magis
2966 1588 3159 1643 donatis
3184 1600 3231 1643 et
3250 1606 3432 1648 conus

1857 1671 2045 1736 femini,
2081 1688 2142 1725 ne
2167 1672 2296 1741 forte
2324 1672 2689 1730 abundantiore
2728 1678 2930 1731 tristitia
2980 1680 3303 1737 absorbeatur
3347 1687 3439 1755 qui

1855 1773 1928 1817 est
1955 1766 2222 1834 ejusmodi.
2250 1766 2365 1822 Non
2388 1769 2531 1824 enim
2553 1769 2885 1840 solumjubet
2905 1772 3254 1844 objurgationi
3275 1777 3437 1833 finem

1857 1855 2077 1924 imponi,
2103 1858 2195 1912 sed
2225 1859 2384 1912 etiam
2420 1859 2565 1913 illum
2594 1860 2660 1915 ad
2699 1862 2932 1930 priorem
2986 1874 3180 1933 statum
3228 1844 3437 1925 reduci”.

1858 1947 2066 2000 Etenim
2092 1949 2136 2002 si
2177 1949 2299 2019 quis
2328 1964 2472 2015 eum,
2506 1951 2595 2019 qui
2624 1951 2939 2007 verberibus
2981 1968 3153 2009 caesus
3181 1956 3285 2021 sit,
3320 1966 3439 2012 tan-

1859 2037 2134 2092 tummodo
2158 2039 2379 2093 missum
2406 2038 2566 2094 faciat
2594 2055 2693 2095 nec
2718 2042 2767 2095 ei
2790 2042 3090 2112 medeatur,
3121 2046 3251 2100 nihil
3285 2046 3431 2103 fecit.

1861 2127 1992 2183 Vide
2018 2138 2193 2183 autem
2226 2144 2455 2199 quonam
2480 2146 2665 2185 rursus
2686 2130 2846 2189 modo
2872 2132 3021 2188 illum
3045 2149 3256 2205 quoque
3281 2152 3435 2193 coer-

1860 2230 2019 2286 ceat,
2062 2236 2130 2274 ne
2176 2220 2246 2275 ob
2294 2222 2653 2276 condonatum
2702 2232 2980 2291 peccatum
3036 2225 3282 2281 deterior.
3320 2228 3434 2283 flat.

1857 2308 1989 2363 Nam
2022 2311 2268 2377 quamvis
2306 2320 2581 2379 peccatum
2609 2313 2886 2367 confessus
2916 2314 3111 2381 fuerit,
3163 2315 3435 2387 ipsiusque

1798 2454 1801 2457 Α
1858 2413 1981 2453 cum
2008 2400 2344 2466 pcenituerit;
2386 2401 2621 2459 ostendit
2642 2411 2817 2458 tamen
2841 2419 2962 2458 eum
2996 2420 3099 2460 non
3133 2415 3237 2461 tam
3260 2411 3435 2478 poeni-

1862 2488 2041 2544 tentiae
2071 2503 2252 2555 opera,
2286 2505 2444 2559 quam
2497 2491 2667 2558 gratia
2706 2500 2759 2546 et
2784 2492 3044 2548 beneflcio
3071 2496 3279 2551 veniam
3312 2512 3443 2553 con-

1858 2580 2029 2649 sequi.
2064 2579 2144 2633 0b
2172 2579 2331 2650 idque
2369 2581 2465 2646 ait,
2492 2580 2699 2637 Donetis
2736 2594 2783 2637 et
2823 2587 3168 2641 consotemini.
3202 2590 3267 2645 Et
3295 2592 3437 2661 quod

1858 2671 2116 2741 sequitur,
2146 2672 2285 2726 idem
2308 2672 2564 2726 declarat.
2593 2673 2707 2727 Non
2727 2676 2866 2729 enim
2891 2678 3031 2745 quod
3057 2680 3106 2733 id
3124 2696 3439 2750 promeres.

1860 2769 1965 2827 tur,
1993 2777 2091 2818 nec
2117 2763 2258 2833 quod
2284 2778 2423 2827 eam,
2456 2779 2614 2833 quam
2655 2780 2749 2833 par
2778 2766 2868 2829 sit,
2904 2770 3270 2835 paenitentiam
3303 2790 3441 2843 pra:-

1856 2855 2074 2921 stiterit,
2102 2855 2196 2911 sed
2222 2858 2344 2926 quia
2374 2857 2617 2911 infirmus
2642 2866 2745 2923 est,
2777 2858 2997 2926 idcirco,
3021 2862 3112 2927 ait,
3157 2862 3256 2918 hoc
3278 2874 3400 2934 peto
3424 2885 3441 2900 ο

1859 2946 2002 3001 unde
2031 2947 2191 3001 etiam
2224 2948 2497 3017 subju‘nxit
2520 2988 2537 3014 ,
2567 2948 2651 3002 Ne
2691 2952 2821 3021 forte
2849 2952 3203 3009 abundantiori
3234 2958 3442 3013 tristitia

1858 3038 2185 3093 absorbeatur
2211 3039 2295 3109 qui
2317 3049 2391 3093 est
2426 3040 2698 3109 ejusmodi.
2725 3041 2855 3108 Qua:
2877 3044 3038 3098 verba
3062 3056 3187 3099 sunt
3209 3048 3443 3105 hominis

1860 3145 2065 3200 magnae
2094 3129 2424 3199 poenitentiae
2452 3131 2816 3186 testimonium
2856 3133 2954 3203 ipsi
2987 3135 3263 3200 tribuentis
3285 3179 3299 3204 ,
3342 3155 3442 3195 nec

1858 3236 1980 3275 eum
2004 3222 2055 3275 in
2074 3221 2501 3291 desperationem
2520 3237 2675 3277 ruere
2702 3224 2947 3279 sinentis.
2968 3226 3103 3293 Quid
3129 3228 3211 3282 est
3237 3238 3438 3297 autem,

1860 3314 2238 3368 Absorbeatur?
2262 3314 2462 3383 Nempe
2490 3315 2572 3369 vel
2599 3314 2699 3369 hoc
2732 3316 2948 3379 faciens,
2978 3319 3117 3388 quod
3139 3334 3167 3373 a
3199 3320 3331 3376 Iuda
3360 3322 3440 3375 fa-

1860 3418 2006 3461 ctum
2038 3415 2149 3470 est;
2206 3405 2291 3461 vel
2320 3405 2502 3472 etiam,
2531 3407 2575 3461 si
2607 3407 2730 3461 vitae
2756 3423 2917 3462 usura
2949 3408 3174 3475 fruatur,
3204 3411 3441 3467 deterior

1861 3496 2050 3552 factus.
2105 3497 2315 3551 Etenim
2344 3497 2388 3552 si
2430 3497 2654 3562 resiliat,
2688 3498 2880 3567 inquit,
2913 3501 3057 3569 quod
3107 3512 3438 3559 contractum

1862 3606 1929 3646 ex
1986 3593 2228 3661 longiore
2291 3590 2664 3661 objurgatione
2735 3591 2978 3647 dolorem
3055 3610 3159 3649 non
3212 3598 3442 3666 amplius

1861 3680 2003 3737 ferre
2046 3690 2237 3751 queat;
2270 3680 2552 3750 desperata
2604 3680 2798 3747 salute,
2850 3692 2942 3737 aut
2972 3683 3023 3737 in
3053 3684 3320 3754 laqueum,
3349 3698 3445 3742 aut

1861 3775 1915 3829 in
1969 3774 2228 3844 majorem
2290 3773 2543 3843 deinceps
2607 3773 3000 3842 improbitatem
3064 3786 3200 3830 ruet.
3256 3776 3441 3846 Itaque

1861 3864 2253 3921 occurrendum
2284 3876 2406 3930 est,
2460 3878 2528 3919 ne
2583 3864 2736 3918 ulcus
2779 3864 3150 3935 ingravescat,
3220 3882 3353 3923 neve
3388 3869 3438 3922 id

1861 3956 2001 4027 quod
2029 3966 2172 4009 recte
2195 3956 2436 4021 fecimus,
2460 3955 2530 4009 ob
2554 3956 2851 4025 neglectum
2867 3956 3081 4011 modum
3111 3958 3434 4014 amittamus.

1931 4050 1983 4103 4.
2020 4047 2142 4101 Haec
2172 4054 2347 4099 autem
2390 4059 2456 4099 eo
2485 4043 2731 4117 dicebat,
2761 4053 2819 4098 ut
2844 4054 2897 4099 et
2922 4045 3070 4100 illum
3093 4086 3107 4111 ,
3152 4048 3293 4117 quod
3319 4049 3432 4117 jam

1861 4138 2008 4201 dixi,
2060 4145 2335 4191 coerceret
2377 4143 2431 4189 et
2470 4135 2783 4190 admoneret
2808 4177 2822 4203 ,
2854 4150 2921 4191 ne
2950 4145 3070 4207 post
3098 4136 3435 4209 impetratam

1860 4229 2071 4282 veniam
2102 4228 2341 4296 ignavior
2368 4227 2539 4281 ﬁeret.
2572 4227 2689 4282 Non
2740 4229 2879 4282 enim
2904 4268 2919 4295 ,
2962 4230 3132 4299 inquit
3158 4273 3172 4297 ,
3200 4248 3319 4287 eum
3365 4234 3436 4291 ita

1861 4317 2232 4387 excepi,quasi
2263 4315 2450 4370 sordes
2476 4316 2687 4383 penitus
2714 4317 3045 4383 absterserit,
3065 4318 3159 4373 sed
3187 4322 3326 4389 quod
3342 4337 3437 4377 ve-

1862 4424 2011 4464 rerer
2048 4423 2115 4462 ne
2159 4407 2370 4477 gravius
2415 4405 2613 4475 aliquid
2650 4406 2702 4459 in
2747 4420 2805 4460 se
2848 4406 3175 4464 admitteret.
3219 4410 3296 4465 Ex
3327 4428 3437 4484 quo

1864 4500 1991 4555 illud
2018 4499 2294 4565 discimus,
2324 4512 2430 4552 non
2456 4512 2524 4551 ex
2554 4492 2815 4552 scelerum
2849 4508 3051 4552 tantum
3083 4508 3271 4556 natura
3295 4543 3310 4567 ,
3342 4506 3437 4561 sed

1863 4610 1929 4649 ex
1955 4593 2287 4663 peccantium
2317 4593 2477 4646 etiam
2506 4590 2682 4645 animo
2706 4599 2863 4661 atque
2892 4591 3169 4650 allectione
3200 4596 3441 4653 indicen-

1862 4689 1984 4743 dam
2013 4701 2133 4741 esse
2160 4683 2547 4755 pmnitentiam,
2580 4691 2637 4736 ut
2668 4690 2776 4735 tum
2810 4681 2932 4737 fecit
2962 4684 3267 4752 Apostolus,
3296 4690 3441 4757 quod

1866 4780 2030 4848 ipsius
2060 4776 2476 4831 imbecillitatem
2506 4772 2900 4827 extimesceret.
2945 4773 3176 4844 Ideoque
3204 4777 3440 4847 dicebat,

1867 4871 1948 4924 Ne
1976 4869 2299 4923 absorbeatur
2322 4906 2336 4929 ,
2361 4864 2505 4920 velut
2525 4878 2555 4917 a
2583 4863 2755 4917 bellua
2782 4862 3033 4933 quadam,
3061 4874 3221 4938 atque
3250 4884 3279 4923 a
3302 4879 3442 4926 tem-

1866 4968 2067 5033 pestate
2094 4975 2154 5013 ac
2182 4956 2448 5027 procellis.
2471 4955 2524 5012 8.
2554 4954 2776 5026 Propter
2796 4956 2930 5025 quod
2960 4957 3163 5013 obsecro
3184 4976 3290 5015 vos.
3319 4962 3438 5019 Non

1862 5056 1971 5123 jam
2000 5054 2243 5119 imperat,
2272 5049 2367 5105 sed
2395 5048 2660 5115 obsecrat,
2690 5063 2797 5103 non
2826 5057 2880 5103 ut
2909 5060 3223 5121 prmeeptor,
3253 5054 3346 5109 sed
3377 5067 3439 5110 ut

1864 5145 2104 5214 aequalis,
2160 5151 2319 5212 atque
2367 5142 2471 5196 illis
2518 5141 2570 5195 in
2611 5141 2889 5212 judiciaria
2941 5143 3068 5198 sede
3118 5148 3442 5209 constitutis,

1867 5236 1981 5306 ipse
2008 5236 2060 5289 in
2092 5234 2298 5304 patroni
2328 5233 2448 5288 loco
2477 5241 2636 5304 atque
2664 5232 2853 5290 ordine
2880 5246 2939 5286 se
2968 5234 3269 5288 collocavit.
3293 5236 3443 5304 Quo-

1868 5328 2011 5382 niam
2036 5326 2179 5381 enim
2208 5325 2259 5379 id
2286 5364 2302 5390 ,
2334 5322 2475 5393 quod
2506 5322 2560 5375 in
2586 5309 2764 5376 animo
2792 5321 3061 5388 habebat,
3095 5323 3438 5393 confecerat,

1869 5436 1977 5491 prce
1999 5419 2189 5490 gaudio
2206 5419 2313 5486 jam
2341 5415 2560 5475 modum
2584 5415 2634 5469 in
2654 5414 2999 5482 supplicando
3024 5417 3257 5473 excedit.
3276 5419 3446 5488 Quid-

1871 5528 1992 5568 nam
2022 5520 2121 5573 cSt,
2151 5523 2353 5579 qtueso,
2378 5508 2447 5563 de
2477 5522 2581 5578 quo
2604 5505 2891 5561 obsecras?
2924 5506 2994 5563 Ut
3015 5510 3225 5579 ﬁrmatis
3256 5514 3306 5566 in
3330 5530 3445 5569 sum

1870 5609 2146 5659 caritatem.
2192 5602 2304 5657 lloc
2343 5610 2446 5667 est,
2488 5597 2894 5666 eonstabilistis,
2941 5616 3041 5657 nec
3089 5618 3210 5657 eum
3261 5604 3451 5662 leviter

1872 5711 1935 5750 ac
1990 5692 2195 5765 vulgari
2238 5692 2396 5746 modo
2440 5690 2760 5761 suscipiatis.
2804 5692 3009 5759 Quibus
3055 5694 3226 5753 etiam
3271 5696 3449 5752 verbis

1874 5801 2098 5841 summa:
2126 5785 2337 5838 virtutis
2378 5782 2739 5837 testiinonium
2766 5783 2894 5853 ipsis
2923 5784 3187 5839 tribuebat
3211 5800 3225 5841 :
3254 5786 3301 5841 si
3327 5788 3449 5856 qui-

1878 5879 1998 5937 dem
2029 5879 2085 5940 ii,
2115 5879 2200 5946 qui
2233 5876 2501 5933 hominem
2530 5875 2680 5932 illum
2730 5891 2895 5946 usque
2923 5874 3060 5932 adeo
3099 5878 3349 5937 amabant
3386 5895 3450 5937 ac

3030 5976 3107 6036 27

4131 112 4195 166 τῖε
4269 113 4326 180 ii.

4129 173 4150 232 ξ
4319 181 4328 234 r

4090 108 4246 659 *ψ
4287 243 4328 326 ti

4169 335 4174 346 τ
4209 323 4246 372 d‘
4281 363 4286 372 ..
4319 323 4328 374 ἓ

4122 336 4176 461 ξ
4211 375 4246 434 tt
4283 375 4330 434 :t

4082 503 4328 632 δέξίίἒεῖῑ

4131 597 4172 628 ’ξ’
4211 603 4252 634 ἰ-ε-
4275 595 4294 634 ,ἒ

4213 633 4248 682 ᾖ

4094 662 4157 817 iii
4213 701 4254 822 ti
4283 693 4330 802 ‘ii

4128 1009 4178 1149 ς
4211 991 4258 1120 ξ’ξὶ

4094 1246 4180 1331 ἓει

4227 1461 4262 1556 i‘

4098 1541 4262 1730 Eftii-

4102 1680 4340 1800 ς
4373 1791 4376 1794 _
4461 1737 4464 1742 '

4104 1787 4342 1902 Ἥ
4375 1821 4378 1824 ·

4102 1850 4340 1963 ἒ

4086 2064 4344 2164 redigi,
4461 2133 4468 2138 .

4144 2146 4256 2235 ξ

4099 2184 4348 2334 ἲέτίτὲἐέ
4455 2269 4480 2332 ε

4106 2344 4115 2377 ;
4236 2328 4249 2381 ι
4413 2375 4418 2378 _
4455 2333 4466 2396 ξ

4186 2475 4311 2513 ι

4104 2660 4111 2701 έ
4142 2670 4193 2685 ξπ
4234 2666 4247 2681 ν
4289 2669 4294 2672 “
4357 2659 4426 2704 ξιξ-’⁸
4451 2671 4476 2696 ut

4102 2704 4117 2749 ί
4180 2704 4251 2777 ἒῑίξ
4397 2709 4420 2752 ’·
4455 2715 4481 2779 ,,

4150 2904 4165 2941 ί
4180 2908 4199 2971 ῗῖ
4226 2898 4293 2975 ³ξὲ
4464 2910 4485 2967 ri

4090 3036 4125 3123 i1
4154 3088 4157 3089 ε
4250 3044 4485 3157 ρει-ξ

4104 3110 4157 3253 ΞΑ,

4090 3222 4109 3245 ι⁷
4140 3222 4147 3235 ⁸
4186 3220 4201 3253 εί
4248 3216 4483 3258 “nerui

4090 3350 4171 3383 ιε’*
4192 3356 4229 3387 τε
4250 3358 4301 3377 ‘1‘
4429 3349 4432 3352 '
4470 3362 4485 3395 ri

4090 3418 4485 3591 τέκε-ἐξιεῖξέ

4120 3526 4471 3709 magis

4138 3620 4193 3699 τί
4270 3648 4333 3707 ξτέέ

4144 3672 4293 3765 ΘΞ*
4312 3698 4337 3749 ‘3
4350 3692 4479 3759 “fit

4394 3848 4469 3881 9"!

4108 3882 4119 3917 λ
4194 3876 4473 3953 ξ
