4568 6424
919 378 1034 434 323

920 490 1233 555 tuebantur,
1267 497 1325 544 ut
1349 489 1512 544 etiam
1540 487 1733 543 animis
1770 489 2083 543 iullarentur
2106 528 2122 552 ,
2148 488 2283 544 adeo
2308 504 2492 543 rursus

912 596 1043 637 eum
1071 580 1303 635 aversati
1341 580 1449 636 sint
1473 621 1488 645 ,
1520 588 1578 634 ut
1604 588 1882 649 tantopere
1934 578 2280 634 laborandum
2327 577 2493 634 Paulo

918 670 1099 737 fuerit,
1131 680 1188 723 ut
1234 672 1510 724 caritatem
1556 668 1607 723 in
1646 682 1767 723 eum
1793 666 2084 724 ﬁrmarent.
2116 668 2241 722 litec
2262 667 2493 738 discipu-

914 762 1127 835 lorum,
1155 758 1271 815 haec
1299 758 1544 830 magistri
1573 759 1746 814 virtus
1767 767 1849 814 est
1880 776 1894 812 :
1921 759 2061 830 quod
2094 759 2170 814 illi
2192 767 2298 814 tam
2326 744 2493 815 mori-

915 863 1073 919 geros
1100 863 1159 905 se
1182 850 1478 918 prtehean’t,
1511 848 1599 905 hic
1617 858 1724 904 tam
1754 849 2009 919 praeclare
2033 849 2179 919 ipsos
2206 862 2493 919 componat

916 956 979 1002 ac
1004 940 1331 996 moderetur.
1372 941 1490 997 lloc
1514 940 1561 995 si
1606 954 1751 995 nunc
1783 955 1996 1011 quoque
2026 941 2176 996 ﬁeret
2200 982 2217 1010 ,
2248 942 2337 1012 qui
2366 956 2492 1011 pec-

915 1039 1058 1098 cant,
1108 1031 1249 1089 haud
1290 1033 1408 1088 sine
1451 1047 1613 1089 sensu
1652 1043 1953 1104 peecareut.
1983 1032 2094 1090 Nec
2118 1035 2259 1091 enim
2290 1042 2491 1089 temere

916 1140 1099 1180 amare
1123 1133 1355 1195 oportet,
1387 1139 1487 1180 nec
1512 1125 1629 1180 sine
1655 1126 1863 1181 ratione
1901 1128 2158 1181 aversari.
2195 1126 2251 1182 9.
2280 1124 2347 1179 In
2394 1127 2490 1179 hoc

919 1219 1050 1271 enim
1082 1219 1234 1271 etiam
1259 1217 1438 1287 scripsi
1465 1217 1599 1271 vobis
1619 1258 1635 1282 ,
1668 1228 1722 1273 ut
1764 1233 2060 1289 cognoscam
2098 1218 2491 1287 experimentum

914 1317 1131 1361 oestrum
1154 1348 1169 1374 ,
1200 1324 1266 1363 an
1295 1308 1349 1362 in
1372 1308 1603 1362 omnibus
1630 1308 1913 1362 obedientes
1939 1309 2069 1363 sitis.
2100 1307 2212 1362 Hoc
2238 1315 2320 1361 est
2337 1345 2352 1371 ,
2382 1320 2486 1360 non

913 1397 1075 1455 modo
1091 1398 1150 1453 in
1173 1398 1516 1468 amputanda,
1552 1396 1645 1452 sed
1666 1396 1829 1450 etiam
1859 1397 1914 1451 in
1940 1395 2295 1467 adjungcndo.
2326 1394 2488 1449 Vides

912 1505 1147 1560 quonam
1174 1499 1334 1560 pacto
1382 1490 1467 1543 hic
1496 1503 1707 1558 quoque
1744 1501 1930 1543 rursus
1969 1496 2168 1541 metum
2200 1483 2485 1540 immittat?

915 1580 981 1638 Iit
1000 1580 1146 1654 enim
1188 1595 1313 1636 cum
1339 1579 1428 1635 ille
1464 1586 1733 1648 peccasset
1758 1617 1773 1643 ,
1808 1586 2068 1633 terrorem
2100 1576 2231 1646 ipsis
2259 1576 2483 1646 injecit,

912 1672 1011 1730 nisi
1052 1683 1175 1729 eum
1210 1669 1609 1733 abscinderent,
1639 1669 1825 1724 dicens
1847 1710 1863 1737 ,
1898 1667 2155 1739 Exiguum
2186 1670 2483 1732 fermentum

908 1771 1064 1819 totam
1089 1777 1309 1815 massam
1334 1761 1608 1831 corrumpit
1628 1760 1674 1831 (i
1692 1800 1704 1813 .
1728 1760 1846 1815 Cor.
1871 1760 1922 1815 5.
1942 1759 2036 1828 6),
2059 1760 2269 1829 aliaque
2294 1759 2481 1828 plura:

907 1852 1094 1909 eodem
1121 1854 1209 1909 hic
1233 1867 1446 1923 quoque
1474 1851 1635 1908 modo
1658 1850 2038 1907 inobedientiae
2066 1860 2263 1906 metum
2293 1849 2480 1903 iisdem

907 1944 1103 2014 injicit,
1133 1944 1217 1999 bis
1247 1944 1357 1998 fere
1385 1942 1564 1997 verbis
1607 1950 1762 1996 utens
1804 1958 1820 1999 :
1852 1941 1918 1997 Ut
1948 1949 2074 1994 tunc
2120 1954 2225 1993 non
2265 1953 2361 2008 pro
2390 1938 2481 1993 illo

905 2043 1128 2099 tantum,
1170 2032 1265 2089 sed
1292 2034 1452 2090 etiam
1485 2045 1583 2102 pro
1614 2031 1787 2096 vobis,
1834 2032 1912 2085 sic
1946 2044 2085 2084 nunc
2120 2042 2330 2099 quoque
2372 2043 2479 2084 non

900 2124 1069 2194 magis
1092 2124 1235 2179 illius
1263 2164 1279 2188 ,
1310 2137 1469 2193 quam
1521 2130 1696 2176 vestra
1725 2134 1885 2175 causa
1910 2118 2191 2175 consilium
2217 2118 2365 2174 vobis
2389 2133 2479 2173 ca-

900 2215 1155 2285 piendum
1180 2224 1263 2271 est
1283 2254 1300 2281 ,
1331 2228 1398 2270 ne
1423 2214 1728 2283 pervicaces
1753 2196 2217 2282 atque‘iubumani
2245 2225 2365 2266 esse
2392 2212 2471 2266 vi-

897 2305 1149 2368 deamini,
1173 2319 1274 2360 nec
1306 2304 1360 2359 in
1384 2303 1631 2359 omnibus
1660 2302 1988 2358 obedientes.
2021 2303 2099 2357 Ac
2128 2302 2351 2372 proinde
2376 2302 2474 2369 ait,

897 2394 965 2449 In
989 2396 1084 2449 Itoc
1113 2396 1245 2449 enim
1270 2395 1423 2448 etiam
1448 2394 1630 2463 scripsi
1667 2393 1823 2457 vobis,
1866 2403 1919 2446 ut
1949 2395 2474 2464 cognoscamexperi-

894 2493 1119 2540 ruentum
1175 2492 1393 2539 oestrum
1417 2524 1435 2551 ,
1484 2500 1553 2537 an
1605 2483 1660 2535 in
1708 2480 1938 2537 omnibus
2000 2482 2282 2537 obedientes
2338 2484 2469 2536 sitis.

896 2578 1104 2633 Etenim
1147 2575 1279 2631 illud
1320 2575 1534 2631 invidiae
1578 2574 1805 2630 fortasse
1829 2588 1892 2628 ac
1918 2574 2103 2628 livoris
2148 2587 2267 2629 esse
2304 2574 2469 2628 videri

890 2671 1196 2740 potuisset;
1228 2668 1332 2723 hoc
1355 2676 1533 2722 autem
1563 2681 1747 2735 puram
1779 2666 1831 2719 in
1878 2666 2065 2733 primis
2100 2678 2163 2719 ac
2206 2665 2467 2719 sinceram

889 2759 1251 2816 obedientiam
1296 2757 1568 2822 ostendit,
1615 2764 1671 2811 et
1702 2772 1770 2810 an
1799 2754 1866 2811 ad
1895 2754 2245 2809 humanitatis
2293 2753 2467 2811 cilicia

888 2848 1066 2905 idonei
1100 2850 1240 2904 sitis.

955 2941 1335 3011 Discipuiorum
1367 2937 1605 3011 ofﬁcium.
1649 2968 1720 2979 —
1753 2938 1865 2994 Hoc
1894 2938 2043 2994 enim
2068 2937 2355 3008 proborum
2383 2938 2465 2993 di-

839 3101 850 3113 _
885 3035 1212 3106 scipulorum
1239 3042 1345 3099 est,
1385 3048 1581 3102 nempe
1601 3047 1707 3087 non
1735 3031 1897 3086 modo
1925 3032 2035 3097 illa,
2067 3031 2163 3087 sed
2197 3034 2463 3089 contraria

882 3140 1096 3196 quoque
1117 3122 1398 3193 imperanti
1426 3123 1819 3191 obtemperare.
1842 3120 1966 3176 Ideo
1990 3121 2144 3185 dixit,
2171 3122 2252 3175 Ad
2270 3122 2458 3177 omnia.

883 3217 1089 3283 Quibus
1115 3215 1294 3270 verbis
1319 3214 1575 3278 ostendit,
1610 3214 1712 3269 nisi
1734 3213 1990 3269 obediant
2016 3254 2031 3281 ,
2062 3214 2114 3269 id
2145 3230 2250 3269 non
2282 3223 2385 3270 tam
2412 3216 2461 3271 ei

881 3322 1045 3379 quam
1069 3308 1171 3363 sibi
1198 3308 1327 3377 ipsis
1358 3308 1555 3377 probro
1580 3321 1644 3361 ac
1683 3305 1935 3362 dedecori
1973 3306 2107 3374 fore,
2138 3316 2195 3361 ut
2223 3307 2316 3376 qui
2343 3322 2462 3377 per-

880 3398 1099 3452 vicacia:
1141 3396 1446 3467 opinionem
1474 3395 1753 3450 collecturi
1784 3395 1911 3449 sint.
1946 3395 2058 3450 lloc
2098 3405 2276 3450 autem
2308 3396 2453 3463 facit,

878 3498 937 3542 ut
966 3488 1088 3542 hinc
1116 3501 1331 3558 quoque
1368 3486 1515 3556 ipsos
1545 3485 1611 3540 ad
1653 3485 1948 3557 parendum
1979 3485 2217 3555 impellat
2261 3503 2274 3539 :
2317 3487 2459 3540 unde

878 3581 1038 3634 etiam
1062 3579 1157 3644 ait,
1185 3575 1251 3631 In
1280 3577 1375 3630 hoc
1400 3575 1531 3630 enim
1556 3584 1602 3629 et
1625 3575 1804 3645 scripsi
1831 3575 1988 3629 vobis.
2009 3575 2191 3645 Neque
2215 3576 2356 3631 enim
2388 3576 2458 3633 ob

877 3684 995 3725 eam
1017 3682 1231 3723 causam
1260 3666 1498 3736 scripsit,
1527 3665 1623 3719 sed
1653 3666 1755 3721 hoc
1783 3665 1983 3720 idcirco
2003 3666 2156 3734 dixit,
2184 3674 2245 3721 ut
2270 3681 2455 3723 eorum

871 3763 1083 3835 annuos
1107 3760 1385 3831 pelliceret
1416 3773 1430 3811 :
1490 3757 1637 3828 quod
1680 3758 1821 3813 enim
1854 3758 2123 3828 prmcipue
2172 3759 2451 3828 agebatur,

876 3861 991 3907 erat
1018 3853 1160 3907 illius
1176 3852 1341 3917 salus,
1367 3851 1453 3920 qui
1478 3859 1749 3921 peccarat.
1765 3850 1963 3905 Verum
1982 3851 2071 3906 ubi
2099 3852 2232 3906 nihil
2248 3853 2450 3919 damni,

873 3947 1001 4016 ipsis
1034 3946 1194 4000 etiam
1231 3944 1576 4015 gratificatur.
1623 3942 1725 3998 Per
1771 3942 1884 3996 haec
1923 3952 2100 3997 autem
2140 3944 2301 3997 verba
2325 3985 2339 4008 ,
2375 3944 2453 3997 Ad

872 4040 1062 4103 munia,
1084 4050 1273 4091 rursus
1299 4048 1393 4089 eos
1417 4032 1619 4095 laudat,
1652 4032 1931 4101 pristinam
1962 4047 2148 4087 eorum
2185 4032 2445 4099 obedien-

874 4130 1000 4181 tiam
1050 4137 1502 4189 commemorans,
1558 4132 1718 4191 atque
1772 4123 1825 4176 in
1874 4121 2106 4176 medium
2158 4123 2446 4179 adducens.

871 4218 958 4273 10.
984 4217 1075 4271 Cui
1090 4222 1258 4270 autem
1277 4214 1470 4283 aliquid
1490 4213 1692 4267 donatis
1718 4254 1732 4279 ,
1757 4222 1804 4267 et
1832 4228 1944 4283 ego.
1964 4212 2128 4267 Vides
2154 4228 2260 4283 quo
2290 4224 2449 4283 pacto

874 4323 1057 4363 rursus
1102 4306 1431 4376 posteriores
1468 4303 1568 4357 sibi
1598 4303 1817 4370 tribuit,
1848 4303 1967 4357 illos
2006 4303 2255 4358 videlicet
2284 4304 2449 4361 duces

868 4406 1027 4466 atque
1073 4395 1350 4463 auspices,
1390 4407 1448 4446 se
1482 4407 1613 4447 vero
1655 4393 1905 4446 comitem
1947 4391 2228 4447 dumtaxat
2262 4404 2447 4448 esten.

867 4484 1045 4541 dens?
1070 4483 1160 4541 Sic
1199 4483 1449 4537 nimirum
1494 4481 1846 4535 exacerbatus
1885 4481 2095 4536 animus
2142 4483 2445 4553 mitigatur,

872 4579 950 4635 sic
972 4577 1139 4633 durus
1165 4590 1229 4630 ac
1278 4574 1517 4645 pertinax
1551 4572 1845 4628 emollitur.
1884 4572 2073 4628 Postea
2107 4589 2175 4629 ne
2223 4576 2446 4645 supinos

872 4684 964 4724 eos
992 4667 1199 4731 reddat,
1228 4675 1285 4720 ut
1314 4679 1479 4736 penes
1521 4679 1655 4734 quos
1703 4665 1901 4734 negotii
1932 4678 2141 4719 summa
2162 4665 2271 4732 sit,
2300 4676 2353 4721 et
2380 4681 2448 4722 ne

871 4760 1019 4814 illum
1048 4760 1270 4813 missum
1299 4756 1513 4823 iaciant,
1543 4756 1733 4810 adhoc
1766 4757 1911 4825 ipsos
1937 4755 2182 4826 impellit,
2214 4755 2341 4811 dum
2372 4762 2447 4813 alt

871 4866 932 4905 se
957 4863 1166 4917 quoque
1183 4849 1258 4901 illi
1278 4848 1634 4903 condonasse.
1668 4846 1807 4900 Nam
1833 4858 1879 4900 et
1903 4864 1995 4918 ego
2018 4848 2062 4901 si
2090 4849 2213 4917 quid
2240 4848 2442 4917 donavi,

871 4939 1005 5008 quod
1025 4938 1231 5001 donavi,
1256 4946 1460 5005 propter
1484 4954 1591 4990 vos.
1619 4936 1758 5002 Quin
1786 4937 1888 4991 hoc
1914 4953 2125 5008 quoque
2155 4940 2328 5009 ipsum
2355 4956 2447 4995 ve-

874 5040 985 5085 stra
1008 5044 1169 5084 causa
1202 5026 1327 5093 feci,
1355 5027 1545 5096 inquit.
1575 5026 1643 5081 Et
1670 5028 1831 5092 sicut,
1860 5042 1982 5084 cum
2010 5030 2157 5085 illum
2182 5034 2443 5101 amputari

867 5122 1089 5192 jubebat
1112 5162 1127 5186 ,
1157 5134 1256 5174 nec
1284 5117 1335 5173 ei
1364 5116 1671 5187 indulgendi
1704 5116 1983 5172 arbitrium
2014 5121 2141 5189 ipsis
2172 5122 2440 5191 permisit,

870 5214 1074 5278 dicens,
1114 5212 1234 5266 Jam
1256 5210 1481 5282 jadicaei
1511 5210 1710 5264 tradere
1736 5210 2030 5280 hujusmodi
2077 5214 2327 5268 hominem
2356 5233 2449 5270 sa-

868 5314 1007 5356 tanca
1032 5302 1121 5373 (l.
1152 5304 1271 5358 Cor.
1295 5304 1348 5357 5.
1375 5304 1467 5373 5),
1495 5317 1558 5357 ac
1598 5316 1788 5357 rursus
1815 5310 1990 5356 tamen
2018 5318 2113 5357 eos
2154 5308 2441 5363 sententire

873 5393 1052 5447 socios
1076 5392 1284 5455 ascivit,
1313 5408 1434 5447 cum
1469 5393 1690 5460 diceret,
1724 5391 2053 5465 Congregatis
2083 5395 2218 5449 vobis
2248 5398 2460 5464 tradere.

874 5499 989 5538 am
1017 5497 1034 5537 :
1062 5483 1196 5537 duas
1221 5482 1466 5537 videlicet
1494 5501 1581 5541 res
1600 5485 1869 5543 maximas
1890 5494 2105 5539 struens
2123 5525 2138 5549 ,
2170 5500 2368 5555 nempe
2390 5496 2447 5541 ut

869 5582 925 5627 et
950 5573 1211 5629 sententia
1242 5572 1489 5639 ferretur,
1518 5584 1574 5630 et
1603 5586 1781 5629 tamen
1814 5589 1920 5630 non
1950 5574 2064 5628 sine
2090 5574 2215 5637 illis,
2247 5590 2316 5629 ne
2345 5576 2446 5629 hac

870 5666 1076 5720 ratione
1113 5680 1210 5720 eos
1248 5664 1446 5720 laedere
1486 5665 1788 5728 videretur;
1818 5682 1881 5721 ac
1912 5681 2084 5737 neque
2133 5667 2283 5721 solus
2323 5683 2440 5721 eam

868 5753 1189 5825 proferebat,
1218 5771 1285 5813 ne
1314 5757 1388 5813 illi
1415 5772 1538 5813 eum
1568 5766 1901 5828 arrogantem
1931 5772 2072 5828 esse,
2102 5771 2163 5812 ac
2193 5770 2251 5811 se
2282 5747 2347 5811 ab
2373 5771 2437 5813 eo

1640 374 1697 433 3.
1736 375 2010 433 JOANNIS
2042 376 2510 435 CIIRYSCBTOMI
2548 379 2863 436 ARCHIEP.
2902 381 3428 443 CONSTANTINOP.

4082 393 4181 450 (Si

2598 491 2866 546 contemni
2882 492 3188 562 judicarent
3204 511 3236 562 ;.
3249 512 3350 553 nec
3377 513 3563 554 rursus
3590 515 3703 555 rem
3743 509 3907 557 totam
3940 502 4173 574 ipsorum

2602 579 2825 637 arbitrio
2850 584 3255 653 committebat,
3284 602 3353 644 ne
3383 598 3599 659 accepta
3642 592 3866 662 hujusce
3900 594 3981 649 rei
4029 606 4173 665 pole-

2599 678 2737 725 state
2784 672 3076 741 proderent
3101 690 3223 730 eum
3256 678 3346 747 qui
3370 691 3710 748 peccaverat,
3743 682 4172 754 intempestivam

2599 772 2727 847 erga
2749 761 2922 831 ipsum
2954 763 3336 836 indulgentiam
3353 768 3666 827 adhibentes
3696 791 3708 825 :
3742 774 3813 827 ita
3840 774 3931 830 hic
3955 790 4167 847 quoque

2598 846 2745 917 facit,
2773 852 2958 908 dicens
2988 871 3003 909 :
3033 855 3147 926 Ego
3168 856 3281 927 jam
3303 859 3625 929 condonavi,
3650 864 3741 933 qui
3772 868 3825 918 in
3852 866 4036 935 priore
4065 867 4172 935 epi-

2595 941 2732 995 stola
2764 942 2875 1012 jsm
2904 945 3347 1004 condemnaram.
3391 949 3592 1008 Deinde
3620 968 3706 1017 ne,
3741 964 4015 1026 tamquam
4040 970 4169 1011 eon-

2596 1032 2803 1100 templi,
2826 1036 3017 1089 animis
3046 1035 3446 1095 oﬂ'endercntur
3463 1081 3479 1105 ,
3503 1042 3614 1108 ait,
3645 1041 3868 1114 Propter
3891 1060 4001 1099 vos.
4035 1046 4169 1112 Quid

2595 1116 2787 1187 igitur?
2802 1135 2869 1174 an
2882 1130 2950 1176 ut
2969 1123 3037 1178 ab
3054 1123 3360 1183 hominibus
3373 1130 3596 1199 gratiam
3620 1132 3792 1197 iniret,
3810 1133 3910 1203 ipsi
3934 1135 4171 1203 ignovit?

2591 1208 2835 1267 Minime:
2853 1214 3076 1285 ideoque
3117 1217 3330 1287 adjecit,
3354 1218 3421 1273 In
3438 1238 3653 1291 persona
3667 1221 3874 1278 Christi.
3899 1225 4039 1291 Quid
4066 1236 4168 1291 est,

2591 1298 2658 1355 In
2681 1316 2899 1372 persona
2925 1305 3153 1362 Christi?
3173 1308 3288 1365 Hoc
3316 1320 3423 1379 est,
3442 1313 3737 1368 secundum
3764 1315 3959 1382 Deum,
3988 1316 4073 1371 vel
4104 1316 4170 1370 ad

2590 1385 2785 1446 Christi
2812 1392 3057 1462 gloriam.
3080 1394 3163 1450 Ne
3180 1398 3630 1455 circumreniamur
3649 1419 3681 1454 α
3706 1412 3885 1457 satana
3905 1420 3928 1458 :
3953 1406 4039 1459 il.
4068 1422 4170 1460 non

2588 1480 2723 1533 enim
2761 1482 3054 1552 ignoramus
3090 1488 3418 1557 cogitationes
3451 1493 3584 1562 ejus.
3638 1491 3846 1557 Viden’,
3881 1502 3939 1547 ut
3983 1502 4037 1549 et
4066 1495 4171 1551 illis

2589 1581 2913 1641 potestatem
2936 1577 3196 1633 concedat
3221 1619 3237 1645 ,
3267 1590 3322 1636 et
3348 1581 3593 1638 eamdem
3619 1599 3803 1639 rursus
3828 1586 4029 1640 adimat
4061 1604 4078 1641 :
4115 1599 4173 1642 ut

2589 1662 2733 1718 illinc
2760 1664 2973 1734 quidem
2993 1681 3087 1721 eos
3116 1669 3324 1741 mitiget
3347 1685 3413 1725 ac
3433 1673 3693 1739 emolliat,
3722 1675 3846 1730 hinc
3871 1686 4054 1731 autem
4085 1693 4170 1732 eo-

2587 1769 2705 1809 rum
2746 1758 3106 1828 arrogantiam
3147 1762 3429 1831 amputet?
3456 1763 3566 1819 Nec
3594 1780 3721 1822 vero
3757 1767 3811 1822 id
3855 1767 4031 1823 solum
4066 1769 4168 1822 hac

2586 1845 2709 1901 loco
2728 1847 2966 1915 molitur,
2988 1849 3081 1904 sed
3108 1850 3236 1906 illud
3266 1844 3500 1924 quoque,
3527 1864 3585 1909 ttt
3602 1856 3853 1911 ostendat
3874 1872 4170 1913 commune

2584 1935 2967 1993 detrimentum
2998 1939 3111 1997 fore
3135 1981 3152 2008 ,
3187 1942 3233 1996 si
3282 1958 3387 1998 non
3432 1943 3736 2000 ohedierint
3762 1963 3777 2000 :
3807 1948 3953 2017 quod
4003 1949 4165 2003 etiam

2583 2026 2635 2081 in
2666 2028 2932 2099 principio
2961 2029 3106 2085 fecit.
3138 2030 3269 2086 Nam
3301 2041 3412 2087 tum
3438 2033 3600 2088 etiam
3632 2034 3863 2096 dicebat,
3896 2036 4165 2091 Modicum

2579 2117 2881 2191 fermentum
2909 2128 3063 2173 totam
3092 2136 3309 2174 massam
3352 2123 3631 2192 corrumpit
3661 2122 3729 2193 (i
3786 2122 3905 2177 Cor.
3964 2126 4019 2179 ε.
4052 2126 4162 2193 6);

2579 2218 2631 2263 et
2662 2223 2845 2265 rursus
2872 2209 2977 2275 hic,
3011 2209 3079 2265 Ut
3100 2227 3199 2264 non
3225 2214 3677 2266 circumveniantur
3695 2230 3727 2267 a
3746 2223 3927 2267 satana
3954 2230 3973 2268 :
4002 2225 4164 2285 atque

2578 2300 2723 2354 illius
2743 2300 2832 2371 qui
2880 2311 3129 2371 peccarat
3169 2303 3558 2358 absolutionem
3596 2304 3790 2375 ubique
3830 2305 3935 2359 sibi
3967 2314 4022 2361 et
4052 2308 4162 2360 illis

2577 2400 2810 2460 arrogat.

2646 2481 2701 2537 5.
2728 2480 2923 2536 Verum
2950 2482 3111 2538 altius
3136 2497 3253 2538 rem
3280 2482 3564 2539 constdera
3599 2501 3615 2539 :
3645 2482 3840 2556 Siquis
3889 2494 4058 2540 autem
4083 2504 4160 2539 me

2573 2573 2883 2628 contristavit
2902 2615 2918 2641 ,
2948 2572 3139 2643 inquit,
3170 2589 3271 2627 non
3296 2589 3376 2628 me
3401 2575 3743 2640 contristavit,
3778 2574 3867 2629 sed
3893 2591 3958 2629 ea:
3988 2588 4152 2645 parte,

2573 2674 2753 2717 utnon
2787 2680 2986 2719 onerent
3012 2680 3185 2718 omnes
3222 2679 3348 2727 vos;
3377 2678 3439 2719 ac
3467 2664 3661 2719 deinde
3698 2680 3885 2721 rursus
3909 2709 3923 2731 ,
3960 2667 4157 2737 δυβίῆ

2572 2756 2617 2809 ei
2663 2756 2750 2825 qui
2800 2756 3046 2825 ejusmodi
3090 2764 3182 2823 est,
3232 2754 3515 2827 objurgatio
3563 2772 3644 2824 ea,
3696 2773 3809 2827 qua
3856 2758 3913 2826 ﬁt
3944 2775 3979 2811 a
4034 2761 4151 2829 pist-

2570 2845 2729 2900 ribus.
2782 2845 2897 2901 Hoc
2966 2846 3133 2915 ipsius
3184 2844 3460 2900 decretum
3520 2855 3604 2901 est
3646 2858 3809 2917 atque
3855 2851 4141 2903 sententia.

2570 2934 2677 2990 Nec
2707 2942 2883 2989 tamen
2913 2936 2967 2989 in
2994 2934 3096 2989 hoc
3121 2934 3337 2989 decreto
3372 2935 3633 3001 constitit,
3682 2936 3777 2991 sed
3808 2952 4027 2991 rursum
4053 2954 4141 2994 eos

2569 3040 2780 3098 quoque
2808 3025 2985 3079 socios
3009 3024 3263 3090 adhibet,
3294 3024 3479 3081 dicens
3512 3042 3526 3080 :
3558 3023 3626 3081 Ut
3655 3042 3683 3081 e
3705 3028 3966 3080 contrario
3992 3031 4147 3100 magis

2566 3116 2855 3170 condonetis
2882 3124 2931 3170 et
2957 3114 3303 3168 consolemini.
3338 3113 3556 3186 Propter
3573 3116 3711 3187 quod
3730 3116 3937 3171 obsecro
3960 3134 4066 3183 vos,
4095 3130 4146 3172 ut

2565 3206 2772 3275 ﬁrmetis
2811 3205 2865 3258 in
2914 3220 3029 3259 eum
3070 3205 3352 3259 caritatem.
3406 3206 3477 3259 At
3524 3215 3709 3276 postea
3761 3221 3924 3276 quam
3978 3216 4144 3263 totum

2565 3296 2707 3351 istud
2736 3310 2920 3350 eorum
2952 3294 3176 3349 arbitrio
3202 3296 3462 3364 permisit,
3493 3295 3559 3351 ad
3584 3299 3962 3352 auctoritatem
3995 3313 4148 3353 suam

2563 3386 2817 3456 deinceps
2842 3385 3051 3449 transit,
3072 3383 3155 3439 his
3178 3386 3355 3441 verbis
3376 3393 3531 3441 utens
3556 3407 3568 3441 :
3598 3385 3663 3440 In
3691 3386 3786 3442 hoc
3805 3388 3938 3441 enim
3962 3391 4148 3459 scripsi

2562 3480 2698 3533 vobis
2718 3518 2733 3544 ,
2762 3488 2816 3532 ut
2845 3493 3146 3547 cognoscam
3176 3479 3571 3547 experimentum
3594 3489 3832 3547 vestrum,
3863 3497 3930 3534 an
3960 3483 4015 3535 in
4038 3500 4147 3536 ont-

2561 3572 2708 3639 nibus
2737 3570 3021 3623 obedientes
3063 3570 3205 3624 estis.
3246 3570 3364 3624 Mox
3392 3585 3579 3626 rursus
3627 3572 3853 3641 gratiam
3886 3572 4023 3642 ipsis
4051 3574 4173 3645 ad—_

2560 3663 2766 3729 scribit,
2796 3678 2918 3719 cum
2948 3663 3039 3728 ait,
3062 3662 3157 3716 Cui
3180 3672 3345 3716 autem
3371 3662 3595 3717 donastis
3617 3678 3636 3717 :
3663 3671 3773 3717 tum
3803 3677 3995 3720 rursus
4016 3667 4147 3736 sibi,

2559 3755 2761 3820 dicens,
2818 3754 2881 3808 Et
2904 3770 2994 3825 ego
3020 3754 3063 3808 si
3088 3754 3170 3807 cui
3196 3754 3411 3819 donaui,
3443 3764 3648 3825 prapter
3686 3768 3773 3809 vos
3792 3770 3812 3809 :
3843 3753 4146 3814 deindesi-

2559 3847 2669 3901 mul
2698 3854 2754 3902 et
2781 3846 2912 3916 ipsis
2938 3855 2993 3900 et
3043 3845 3143 3900 sibi
3172 3859 3290 3899 eam
3321 3845 3574 3912 vindieat,
3605 3860 3729 3900 cum
3760 3846 3869 3909 ait,
3923 3845 4063 3902 Nam
4095 3861 4146 3904 et

2557 3954 2668 4009 ego,
2692 3938 2736 3991 si
2760 3938 2882 4007 quid
2908 3936 3113 4004 donavi,
3131 3946 3336 4006 propter
3351 3952 3435 3992 eos
3459 3937 3512 3990 in
3534 3953 3749 4007 persona
3773 3936 3991 3993 Christi.
4022 3941 4137 3999 Hoc

2555 4040 2669 4095 est,
2698 4029 2765 4084 ad
2788 4030 3011 4100 gloriam
3050 4028 3280 4095 Christi;
3322 4028 3427 4096 vel,
3476 4038 3747 4099 tamquam
3785 4029 4007 4087 Christo
4036 4032 4142 4090 hoc

2554 4120 2711 4174 etiam
2739 4120 3035 4190 imperante
3067 4136 3080 4171 :
3112 4117 3272 4194 idque
3302 4121 3531 4174 maxime
3578 4120 3697 4174 illos
3741 4121 4014 4177 movebat.
4044 4123 4140 4179 τὶ-

2555 4209 2772 4263 mebant
2809 4208 2951 4262 enim
2984 4222 3051 4263 ne
3076 4208 3402 4279 indulgentia
3432 4210 3608 4265 minus
3635 4218 3923 4266 uterentur
3956 4213 4011 4267 in
4055 4229 4137 4279 re,

2552 4314 2671 4369 qua:
2697 4297 2761 4351 ad
2789 4297 2983 4353 Christi
3024 4298 3245 4368 gloriam
3277 4299 3602 4370 pertineret,
3632 4302 3841 4373 ipsique
3873 4302 4135 4373 placeret.

2557 4389 2754 4445 Deinde
2800 4405 2985 4444 rursus
3035 4404 3317 4447 commune
3355 4391 3759 4459 detrimentum,
3812 4393 3861 4448 si
3914 4394 4139 4451 obedire

2553 4482 2900 4552 negligerent,
2929 4484 3181 4553 proponit
3207 4483 3391 4540 dicens
3417 4524 3433 4551 ,
3458 4483 3527 4539 Ut
3554 4502 3655 4539 non
3681 4487 4140 4543 circumveniantur

2552 4591 2583 4629 a
2602 4586 2802 4629 satana.
2831 4576 2947 4643 Quo
2972 4577 3090 4631 loco
3109 4577 3332 4645 pulchre
3355 4585 3620 4644 πλωνιείας
3637 4580 3957 4636 vocabulum
3987 4598 4139 4638 usur-

2555 4667 2697 4735 pavit
2744 4682 2757 4719 :
2814 4681 2984 4735 neque
3010 4668 3153 4721 enim
3185 4668 3275 4722 ille
3304 4683 3397 4722 sua
3438 4668 3547 4738 jam
3572 4671 3756 4739 capit,
3806 4673 3905 4727 sed
3948 4685 4134 4730 nostra

2552 4755 2729 4826 eripit.
2756 4753 2865 4811 Nec
2908 4772 3037 4812 vero
3078 4758 3206 4812 mihi
3249 4758 3351 4814 hoc
3396 4759 3616 4828 dixeris,
3658 4762 3799 4832 quod
3837 4764 3991 4821 solus
4043 4769 4134 4824 ille

2554 4848 2841 4903 fornicator
2868 4848 3057 4905 bellua:
3084 4850 3134 4904 in
3160 4852 3391 4921 przedam
3415 4853 3590 4920 cedat,
3620 4870 3807 4911 verum
3831 4859 3963 4913 illud
3991 4877 4133 4931 quo-

2552 4948 2656 5009 que
2684 4948 2858 4995 tecum
2886 4950 3070 5011 reputa
3094 4982 3110 5007 ,
3142 4943 3284 5013 quod
3310 4946 3487 5015 gregis
3516 4961 3774 5002 numerus
3819 4950 3998 5005 minor
4032 4955 4088 5007 iit
4112 4970 4130 5019 ;

2551 5047 2615 5087 ac
2659 5048 2801 5086 nunc
2828 5034 3146 5102 praesertim,
3173 5050 3295 5090 cum
3332 5035 3384 5090 id
3414 5036 3554 5106 quod
3582 5038 3836 5093 amissum
3864 5051 3949 5096 est
3976 5060 4139 5100 recu—

2554 5137 2742 5190 perare
2789 5122 2934 5178 licet.
2987 5122 3110 5178 Non
3154 5130 3285 5178 enim
3314 5126 3421 5195 ejus
3454 5128 3783 5196 cogitationes
3809 5132 4128 5200 ignoramus.

2551 5212 2752 5284 Nempe
2779 5214 2919 5284 quod
2945 5216 3158 5284 pietatis
3184 5224 3446 5285 pra-textu
3490 5216 3644 5271 nobis
3671 5219 3893 5275 exitium
3917 5225 4128 5281 atl'erat.

2550 5303 2664 5358 Non
2710 5306 2851 5358 enim
2894 5304 3017 5359 hinc
3059 5307 3250 5369 Solum,
3304 5305 3446 5375 quod
3491 5307 3726 5377 aliquem
3764 5312 3832 5366 ad
3878 5324 4129 5387 stuprum

2552 5394 2804 5462 inducat,
2837 5396 2932 5451 sed
2970 5412 2999 5449 a
3049 5396 3319 5449 contrario
3350 5412 3558 5468 quoque
3612 5404 3900 5469 perniciem
3932 5408 4132 5466 afferre

2552 5494 2745 5552 potest,
2770 5486 3020 5539 nimirum
3050 5486 3117 5538 ab
3147 5485 3434 5540 immodico
3455 5504 3685 5545 mterore
3716 5509 3779 5547 ex
3809 5498 4127 5565 pteniteutia

2549 5582 2839 5627 contracto.
2873 5575 3004 5628 Cum
3037 5573 3195 5642 igitur
3224 5589 3326 5628 una
3353 5589 3471 5629 cum
3500 5578 3612 5631 suis
3651 5593 3863 5636 nostros
3906 5602 4128 5657 quoque

2549 5663 2795 5731 abripiat,
2820 5680 2941 5718 cum
2971 5674 3025 5717 et
3052 5678 3274 5731 peccare
3295 5664 3490 5735 iubens
3519 5669 3727 5737 perdat,
3750 5683 3805 5727 et
3825 5675 3977 5729 nobis
4008 5692 4131 5747 ptr-

2552 5755 2828 5810 nitentiam
2875 5754 3229 5812 indicentibus
3256 5757 3425 5827 rapiat
3450 5800 3465 5827 ,
3496 5774 3671 5816 annon
3714 5762 3853 5819 istud
3880 5768 4126 5830 uiso-natu
