4568 6424
216 575 326 644 ηδ
1207 579 1270 637 IN
1310 578 1519 637 EPIST.
1562 577 1602 633 ll
1668 575 1759 631 AD
1799 574 1951 630 COR.
1997 576 2020 630 Ι

1668 575 1759 631 AD
1799 574 1951 630 (ΞΟΠ.
1997 575 2220 633 llOlllL.
2265 578 2351 633 IV.
3356 580 3468 636 ωδ

223 713 330 768 est,
362 701 464 755 hoc
509 708 626 765 est,
655 698 842 752 aliena:
886 696 962 749 rei
990 694 1303 764 usurpatio?
1331 694 1443 748 Non
1486 691 1626 747 enim
1656 688 1791 743 satis

219 794 390 848 habet
415 805 507 861 per
557 796 831 859 peceatum
864 800 962 841 nos
999 786 1250 855 dejicere,
1287 783 1380 837 sed
1408 797 1502 852 per
1532 780 1794 850 pmniten-

224 886 353 940 tiam
380 897 609 953 quoque,
638 881 739 935 nisi
765 879 1063 949 vigilemus,
1097 877 1236 931 idem
1268 876 1452 931 efficit.
1480 875 1654 942 Atque
1674 870 1797 926 ideo

226 984 491 1040 «lamna
535 972 727 1026 merito
754 968 1075 1039 appellavit,
1117 981 1237 1021 cum
1267 980 1364 1036 per
1400 979 1463 1019 ca
1494 964 1652 1018 etiam
1679 975 1796 1030 quae

224 1076 408 1121 nostra
433 1072 590 1129 sunt,
616 1062 891 1117 victoriam
921 1058 1251 1129 adipiscitur.
1288 1055 1499 1110 Etenim
1542 1068 1639 1123 per
1668 1065 1796 1121 pec-

222 1168 402 1213 catum
428 1170 621 1226 capere
663 1154 936 1224 proprium
963 1152 1129 1221 ipsius
1154 1160 1277 1215 est,
1311 1157 1365 1202 at
1392 1163 1491 1217 per
1532 1145 1798 1215 paeniten-

223 1249 378 1315 tiam,
401 1261 508 1301 non
530 1246 655 1300 item
686 1261 703 1299 :
736 1252 973 1298 nostrum
1000 1243 1165 1307 enim,
1199 1255 1305 1294 non
1333 1247 1509 1293 autem
1542 1238 1685 1295 illius
1714 1244 1798 1289 est

220 1343 333 1392 hoc
371 1349 636 1390 armorum
661 1349 848 1404 genus.
873 1332 1238 1400 Quamobrem
1264 1344 1384 1384 cum
1434 1329 1559 1382 hinc
1587 1341 1797 1396 quoque

223 1443 421 1497 capere
451 1435 646 1496 potest,
679 1422 1044 1487 animadverte
1068 1437 1226 1491 quam
1256 1420 1422 1489 turpis
1449 1420 1520 1473 sit
1548 1418 1662 1472 hare
1688 1417 1799 1470 cla-

224 1520 346 1584 des.
372 1528 734 1589 quantumque
752 1517 842 1571 ille
869 1524 923 1569 ut
952 1515 1195 1569 imbelles
1216 1522 1268 1567 et
1295 1513 1521 1567 miseros
1548 1510 1799 1565 irrisurus

226 1620 390 1681 atque
414 1610 779 1679 exagitaturus
806 1616 888 1661 est
911 1646 926 1673 ,
973 1604 1234 1675 siquidem
1262 1618 1360 1658 nos
1384 1602 1693 1657 nostrismet
1716 1615 1797 1655 ar-

228 1700 335 1753 mis
376 1698 665 1768 subegerit.
720 1696 985 1765 Perquam
1012 1695 1152 1749 enim
1185 1693 1463 1748 ridiculum
1492 1707 1555 1745 ac
1592 1705 1800 1745 summe

229 1786 530 1858 pudendum
573 1785 702 1840 illud
743 1794 862 1850 est,
900 1784 1040 1853 quod
1070 1799 1160 1854 per
1205 1782 1590 1837 medicamenta
1618 1791 1797 1835 nostra

228 1878 347 1946 ipse
371 1875 587 1930 vulnera
618 1874 834 1930 efficiat.
866 1873 991 1929 ideo
1020 1873 1214 1928 Paulus
1236 1872 1445 1927 dicebat
1464 1913 1479 1937 ,
1522 1869 1644 1924 Non
1669 1871 1801 1923 enim

227 1966 390 2035 ipsius
429 1965 757 2035 cogitationes
783 1965 1113 2034 ignoramus;
1140 1962 1241 2016 hoc
1282 1970 1364 2015 est
1389 2002 1404 2026 ,
1429 1976 1586 2030 quam
1620 1960 1797 2014 multi-

226 2056 353 2125 ple:
378 2096 394 2122 ,
434 2070 593 2126 quam
634 2055 782 2109 vafer
805 2095 821 2121 ,
852 2069 1010 2124 quam
1037 2061 1307 2107 veterator
1335 2066 1397 2105 ac
1426 2059 1670 2105 versutus
1710 2049 1804 2116 sit,

224 2162 387 2217 quam
422 2146 651 2215 denique
700 2146 798 2200 sub
844 2145 1057 2214 pietatis
1100 2143 1324 2198 obtentu
1364 2142 1611 2197 infestum
1651 2140 1804 2194 nobis

229 2238 440 2293 hostem
486 2237 737 2306 praebeat.
776 2236 901 2290 Haec
944 2235 1100 2305 igitur
1125 2249 1226 2289 nos
1274 2248 1486 2304 quoque
1509 2234 1804 2302 cogitantes

225 2327 497 2381 neminem
525 2340 771 2395 umquam
799 2333 1204 2380 contemnamus
1227 2365 1240 2390 ,
1270 2338 1367 2377 nec
1402 2332 1681 2392 peccantes
1711 2321 1803 2375 de-

222 2432 525 2488 speremus,
554 2433 652 2473 nec
678 2433 887 2472 rursum
914 2416 1157 2471 socordia
1186 2416 1528 2485 langueamus
1552 2431 1567 2479 ;
1596 2428 1801 2478 verum,

222 2526 350 2564 cum
381 2519 657 2581 peceatum
688 2508 1017 2574 admisimus,
1050 2509 1285 2561 animum
1312 2516 1676 2570 conteramus,
1708 2520 1804 2559 nec

225 2603 393 2659 verba
443 2602 718 2657 dumtaxat
772 2601 1122 2671 proferamus.
1168 2599 1440 2668 Siquidem
1499 2598 1807 2666 complures

225 2692 353 2747 novi
377 2693 463 2761 qui
488 2708 545 2747 se
569 2692 785 2761 quidem
807 2700 1023 2761 peccata
1051 2704 1146 2744 sua
1173 2689 1372 2744 deflere
1390 2689 1557 2753 aiunt,
1585 2697 1641 2741 at
1667 2689 1805 2741 inte-

227 2784 333 2837 rim
362 2783 433 2837 nil
463 2784 636 2851 magni
664 2790 993 2850 operantur;
1023 2794 1205 2833 verum
1229 2778 1474 2848 jejunant
1498 2779 1567 2832 illi
1596 2776 1808 2846 quidem

228 2890 296 2929 ac
323 2882 497 2928 vestes
528 2887 747 2941 asperas
771 2879 983 2942 gestant
1011 2911 1025 2936 ,
1054 2881 1308 2925 caeterum
1340 2870 1530 2939 majori
1558 2870 1807 2938 pecunia-

230 2979 352 3020 rum
380 2963 668 3032 cupiditate
699 2964 962 3034 ﬂagrant,
1000 2979 1157 3032 quam
1188 2977 1496 3032 caupones;
1540 2963 1617 3017 ira
1645 2963 1810 3033 magis

229 3056 616 3123 corripiuntur,
645 3070 801 3124 quam
828 3054 955 3109 fera:
981 3072 995 3120 ;
1024 3063 1185 3123 atque
1209 3054 1592 3108 obtrectatione
1623 3054 1809 3129 magis,

228 3160 391 3217 quam
416 3146 505 3200 alii
534 3146 923 3200 laudationibus
951 3146 1304 3200 delectantur.
1342 3146 1663 3201 Pmnitentia
1708 3146 1810 3200 ista

228 3254 341 3298 non
371 3248 489 3293 sunt
532 3257 545 3291 :
575 3238 901 3308 pmnitentia:
928 3221 1075 3292 larva
1120 3247 1279 3307 atque
1307 3238 1491 3292 umbra
1533 3238 1634 3292 ista
1663 3247 1806 3301 sunt,

232 3344 342 3384 non
368 3329 696 3398 poenitentia.
726 3328 807 3383 Ob
834 3328 994 3398 idque
1018 3328 1084 3383 ad
1113 3328 1378 3396 ejusmodi
1407 3329 1653 3383 homines
1684 3328 1812 3383 illud

230 3434 492 3489 usurpare
513 3420 655 3486 licet,
686 3420 874 3474 Videte
904 3434 973 3475 ne
997 3420 1489 3474 circumveniamur
1524 3436 1554 3475 a
1590 3428 1769 3475 satana
1795 3435 1812 3486 ;

231 3525 344 3565 non
392 3510 533 3565 enim
576 3511 690 3580 ejus
717 3502 1066 3581 cogitationes
1094 3512 1418 3579 ignoramus.
1448 3511 1594 3565 Alios
1620 3512 1818 3581 quippe

233 3614 332 3670 per
358 3608 577 3669 peccata
596 3642 611 3666 ,
642 3600 778 3654 alios
806 3616 901 3670 per
931 3601 1301 3670 pcenitentiam
1327 3642 1340 3666 ,
1370 3602 1504 3656 alios
1528 3603 1634 3657 alio
1657 3602 1815 3657 modo

234 3689 409 3758 perdit
430 3694 453 3754 ;’
471 3691 598 3745 dum
623 3691 869 3745 videlicet
909 3706 1005 3746 eos
1033 3689 1235 3745 nullum
1268 3707 1331 3745 ex
1359 3693 1674 3762 poenitentia
1698 3692 1813 3747 fru.

231 3790 377 3832 ctum
406 3781 681 3862 percipere
711 3780 856 3836 sinit.
882 3780 1013 3834 Nam
1042 3796 1164 3835 cum
1208 3782 1524 3851 quibusdam
1554 3793 1704 3838 recta
1730 3784 1813 3838 via

232 3874 527 3943 perniciem
568 3873 761 3932 afferre
793 3877 1017 3943 nequit,
1050 3876 1273 3929 alteram
1302 3876 1441 3929 viam
1473 3876 1599 3941 init,
1635 3875 1816 3945 sicque

231 3975 294 4016 se
315 3972 589 4030 comparat
615 4005 629 4028 ,
660 3974 715 4018 ut
745 3965 954 4019 labores
980 3965 1194 4034 quidem
1220 3975 1447 4035 augeat,
1483 3966 1685 4020 fructus
1724 3980 1817 4019 au-

232 4060 341 4105 tem
372 4051 603 4117 adimat,
634 4054 865 4125 ipsisque
892 4054 991 4107 hoc
1033 4054 1392 4123 persuadeat,
1437 4064 1495 4109 ut
1527 4065 1797 4124 tamquam

233 4141 378 4194 omni
406 4157 470 4195 ex
501 4155 648 4211 parte
689 4144 864 4198 officio
913 4145 1216 4214 perfuncti,
1268 4145 1472 4215 reliqua
1522 4146 1809 4214 negligant.

232 4231 490 4297 Quocirca
519 4250 584 4289 ne
609 4236 873 4289 incassum
906 4238 1150 4305 nosipsos
1177 4252 1460 4303 vexemus,
1494 4239 1713 4292 brevem
1744 4240 1810 4292 ad

232 4321 537 4389 bujusmodi
565 4325 814 4379 mulieres
838 4327 1135 4381 orationem
1159 4326 1451 4382 habeamus
1487 4347 1498 4381 :
1531 4330 1810 4382 mulierum

232 4413 375 4465 enim
400 4414 732 4482 potissimum
760 4415 843 4469 hic
880 4417 1098 4469 morbus
1119 4428 1221 4470 est.
1244 4418 1568 4472 Praeclarum
1599 4418 1812 4486 quidem

232 4503 335 4561 hoc
358 4518 571 4575 quoque
598 4513 680 4557 est
704 4545 717 4569 ,
748 4507 889 4574 quod
924 4520 1064 4559 nunc
1093 4506 1262 4558 facitis
1291 4546 1304 4568 ,
1332 4506 1435 4559 hoc
1462 4517 1545 4560 est
1568 4508 1812 4575 jejunare

228 4603 287 4649 et
332 4594 479 4648 humi
515 4596 711 4649 cubare
757 4611 817 4650 ac
846 4597 1081 4651 cinerem
1112 4596 1407 4657 adhibere;
1440 4596 1533 4648 sed
1580 4598 1680 4649 nisi
1709 4600 1810 4652 alia

230 4682 449 4750 insuper
474 4687 803 4740 accesserint
824 4726 836 4750 ,
871 4686 1012 4739 nulla
1046 4686 1165 4738 hinc
1194 4685 1393 4738 utilitas
1431 4694 1806 4753 consequetur.

227 4773 477 4827 Ostendit
507 4776 646 4829 Deus
670 4792 775 4843 quo
810 4786 967 4846 pacto
1002 4786 1217 4845 peccata
1248 4776 1482 4829 remittat
1518 4793 1529 4828 :
1558 4776 1682 4845 quid
1715 4777 1811 4844 igi-

230 4875 317 4917 tur
346 4864 526 4916 rclicta
556 4865 652 4918 hac
682 4866 765 4919 via
788 4866 1007 4919 alteram
1034 4867 1184 4919 vobis
1204 4867 1444 4920 sternitis
1466 4867 1488 4918 ?
1513 4866 1810 4920 Peccarunt

226 4953 497 5021 quondam
545 4954 790 5007 Ninivitac
821 4995 835 5019 ,
865 4969 1034 5022 eaque
1066 4954 1302 5009 fecerunt
1333 4972 1450 5024 quae
1482 4972 1571 5009 vos
1600 4972 1809 5025 quoque

227 5058 373 5098 nttuc
408 5044 575 5097 facitis
603 5062 615 5107 ;
648 5044 741 5097 Sed
773 5043 1046 5097 videamus
1076 5045 1332 5111 quidnam
1368 5046 1497 5112 ipsis
1528 5047 1805 5099 utilitatem

224 5133 484 5186 attulerit.
513 5133 965 5200 Quemadmodum
995 5135 1138 5187 enim
1183 5133 1371 5186 medici
1403 5136 1618 5204 aegrotis
1645 5137 1806 5189 multa

222 5223 442 5292 quidem
464 5225 694 5277 remedia
709 5225 963 5278 adhibent
988 5242 998 5284 ;
1033 5222 1125 5276 scd
1149 5223 1236 5290 qui
1262 5224 1436 5290 sagaci
1458 5224 1673 5291 ingenio
1696 5236 1802 5291 est,

224 5330 337 5369 non
369 5314 469 5365 hoc
500 5314 796 5381 perpendit,
830 5314 969 5382 quod
996 5313 1096 5365 hoc
1116 5322 1270 5380 atque
1300 5310 1391 5363 illo
1418 5312 1804 5369 medicamento

222 5420 358 5458 usus
379 5405 448 5457 sit
480 5403 524 5455 is
550 5404 637 5471 qui
666 5404 888 5458 adversa
928 5404 1232 5458 valetudine
1256 5402 1488 5465 laborat,
1519 5402 1611 5456 sed
1644 5420 1799 5473 quam

222 5480 506 5549 utilitatem
557 5493 681 5546 hinc
721 5496 790 5547 sit
834 5504 1238 5563 consequutus:
1271 5493 1458 5547 eodem
1508 5495 1666 5548 modo
1715 5496 1801 5551 hic

221 5587 390 5639 etiam
424 5598 508 5635 res
546 5583 890 5650 expendenda
920 5592 1022 5638 est.
1064 5583 1327 5650 Quidnam
1367 5583 1529 5651 igitur
1556 5584 1797 5641 barbaris

220 5677 328 5729 illis
356 5675 565 5727 utilitati
604 5674 739 5727 fuit?
769 5675 1086 5729 Vulneribus
1111 5675 1225 5729 suis
1252 5675 1510 5743 jejunium
1535 5676 1797 5734 adhibue-

215 5774 373 5829 runt,
401 5765 544 5818 humi
572 5765 907 5819 cubationem
934 5807 949 5831 ,
981 5780 1192 5820 saccum
1215 5807 1229 5831 ,
1257 5766 1495 5822 cinerem
1521 5807 1533 5831 ,
1566 5765 1744 5822 fletum
1780 5787 1793 5824 :

218 5858 583 5925 adjuuxerunt
604 5857 764 5911 etiam
789 5859 907 5911 Viue
936 5861 1302 5921 mutationem.

291 5947 347 6003 6.
384 5946 664 6003 Videamus
692 5948 846 6017 igitur
873 5949 1120 6018 quidnam
1147 5951 1335 6008 horum
1364 5955 1641 6010 sanitatem
1669 5954 1795 6025 ipsis

1897 689 2150 744 attulerit.
2197 690 2346 746 Unde
2388 700 2563 747 autem
2604 692 2704 747 hoc
2744 694 3008 760 sciemus,
3042 693 3285 764 inquies?
3314 694 3370 749 Si
3397 697 3467 748 ad

1899 782 2159 837 medicum
2208 785 2563 851 accedamus,
2610 796 2768 856 atque
2820 786 2990 857 ipsum
3036 788 3465 856 interrogemus:

1898 888 2069 944 neque
2093 876 2234 930 enim
2272 876 2322 930 id
2352 891 2450 931 nos
2478 876 2704 942 celabit,
2734 878 2827 933 sed
2856 879 3013 932 etiam
3055 878 3277 933 libenter
3302 878 3460 933 dicet.

1899 964 2010 1018 lmo
2054 968 2225 1035 potius
2269 982 2334 1022 ne
2374 968 2495 1037 quis
2541 968 2785 1037 ignoret,
2828 978 2919 1023 aut
2958 970 3211 1032 sciscitari
3245 984 3462 1024 necesse

1900 1054 2118 1122 habeat,
2152 1056 2493 1126 pbarmacum
2520 1075 2752 1129 quoque,
2783 1060 2922 1130 quod
2957 1075 3049 1116 eos
3078 1060 3265 1125 erexit,
3299 1060 3471 1115 literis

1899 1146 2186 1200 mandavit.
2216 1148 2492 1213 Quodnam
2533 1150 2689 1219 igitur
2726 1150 2867 1205 istud
2895 1152 3016 1205 est?
3057 1148 3227 1216 Vidit,
3261 1151 3469 1220 inquit.

1899 1236 2037 1292 Deus
2073 1238 2206 1307 quod
2238 1255 2501 1295 conversus
2530 1249 2601 1294 est
2630 1243 2966 1311 unusquisque
2995 1260 3025 1295 a
3052 1243 3130 1295 via
3155 1259 3246 1296 sua
3273 1259 3429 1312 prava
3454 1258 3472 1296 :

1899 1335 1945 1379 et
1974 1328 2200 1397 pmnituit
2228 1344 2342 1382 eum
2366 1331 2613 1383 malorum
2642 1347 2753 1397 qua:
2791 1332 3022 1400 loquutus
3059 1334 3222 1402 fuerat
3251 1342 3303 1385 ut
3332 1333 3472 1401 face-

1862 1430 1866 1433 λ
1900 1426 1975 1470 ret
2014 1418 2084 1471 eis
2124 1418 2314 1487 (Jonas
2343 1421 2395 1475 5.
2429 1420 2495 1475 {0
2521 1419 2562 1491 ).
2594 1420 2705 1475 Non
2748 1422 2914 1486 dixit,
2953 1420 3092 1489 Vidit
3129 1421 3391 1491 jejunium
3421 1432 3476 1477 et

1901 1508 2131 1563 cilicium
2159 1524 2220 1564 ac
2247 1511 2501 1566 cinerem.
2533 1510 2642 1565 Nec
2673 1521 2845 1566 tamen
2876 1513 2987 1586 hate
3016 1527 3080 1567 eo
3108 1512 3227 1583 dico
3250 1554 3265 1577 ,
3294 1521 3354 1569 ut
3387 1513 3473 1582 je-

1897 1597 2102 1667 junium
2136 1600 2352 1665 tollam;
2384 1610 2587 1656 avertat
2617 1602 2717 1656 hoc
2747 1603 2919 1663 Deus;
2952 1603 3044 1657 sed
3078 1611 3134 1656 ut
3162 1617 3257 1657 vos
3283 1603 3349 1657 ad
3380 1603 3428 1658 id
3456 1646 3470 1669 ,

1902 1690 2041 1759 quod
2066 1690 2268 1760 jejunio
2292 1694 2633 1761 praestantius
2656 1703 2771 1757 est,
2806 1693 3101 1748 faciendum
3131 1694 3311 1749 horter
3330 1738 3344 1759 ,
3374 1695 3475 1750 hoc

1902 1791 2026 1845 est,
2074 1790 2131 1835 ut
2177 1781 2245 1834 ab
2291 1782 2435 1836 omni
2481 1782 2611 1837 vitio
2654 1784 2982 1845 abstineatis.
3031 1784 3279 1839 Peccavit
3316 1788 3474 1840 etiam

1906 1872 2067 1926 David
2096 1890 2109 1925 :
2140 1872 2413 1927 videamus
2443 1873 2600 1942 igitur
2625 1889 2731 1943 quo
2758 1882 2912 1943 pacto
2939 1874 3023 1931 hic
3052 1891 3261 1945 quoque
3301 1877 3475 1945 pinni-

1904 1961 2123 2017 tentiam
2146 1961 2331 2030 egerit.
2356 1962 2488 2016 Tres
2511 1971 2649 2016 totos
2669 1963 2783 2017 dies
2809 1963 2859 2016 in
2882 1963 3061 2019 cinere
3086 1965 3222 2019 sedit
3244 1964 3318 2037 (9..
3344 1965 3474 2035 Reg.

1904 2051 1974 2105 42
1993 2052 2032 2121 ).
2065 2052 2133 2105 At
2164 2053 2250 2106 ille
2279 2051 2493 2121 quidem
2518 2052 2625 2108 hoc
2654 2068 2758 2108 non
2788 2054 2857 2108 ob
2883 2065 3153 2122 peccatum
3188 2055 3313 2110 fecit
3334 2097 3349 2122 ,
3382 2058 3478 2111 sed

1907 2141 2000 2195 filii
2030 2156 2185 2195 causa
2212 2182 2227 2206 ,
2261 2142 2563 2197 calamitate
2604 2143 2852 2198 nimirum
2895 2144 3067 2217 adhuc
3114 2148 3433 2201 temulentus
3464 2168 3478 2201 :

1906 2242 2180 2301 peccatum
2208 2245 2385 2288 autem
2412 2234 2519 2288 alio
2542 2234 2701 2289 modo
2724 2234 3008 2301 abstersit,
3041 2252 3231 2305 nempe
3256 2254 3350 2306 per
3380 2239 3481 2292 lm-

1908 2325 2208 2390 militatem,
2242 2340 2336 2394 per
2364 2324 2540 2379 cordis
2568 2327 2964 2391 contritionem,
2994 2343 3088 2398 per
3115 2330 3303 2384 anima:
3330 2345 3483 2385 com-

1910 2416 2246 2485 punctionem
2272 2458 2287 2482 ,
2328 2417 2455 2471 dum
2501 2419 2659 2472 etiam
2707 2418 2833 2473 illud
2874 2429 3065 2485 cavet,
3098 2436 3165 2476 ne
3204 2423 3253 2475 in
3294 2424 3484 2477 eadem

1910 2507 2195 2573 relabatur,
2224 2507 2346 2561 dum
2375 2510 2577 2577 peccati
2612 2524 2897 2579 numquam
2927 2513 3235 2567 memoriam
3265 2514 3446 2580 abjicit
3466 2556 3482 2578 ,

1911 2597 2038 2652 dum
2080 2598 2344 2651 irruentes
2373 2613 2559 2653 omnes
2599 2600 2917 2655 acerbitates
2952 2612 3104 2670 grato
3137 2602 3313 2655 animo
3343 2602 3485 2670 fert,

1911 2689 2037 2743 dum
2070 2690 2133 2743 iis
2162 2704 2190 2742 a
2219 2689 2411 2758 quibus
2453 2691 2693 2745 molestia
2734 2690 2965 2745 afficitur
3007 2695 3170 2761 parcit
3197 2736 3211 2758 ,
3240 2694 3367 2750 dum
3394 2710 3494 2750 eos
3556 2697 3561 2699 Α

1912 2782 2003 2849 qui
2044 2781 2141 2849 ipsi
2182 2780 2400 2835 insidias
2429 2790 2621 2850 parant-
2653 2796 2757 2835 non
2799 2782 3087 2848 ulciscitur,
3118 2784 3225 2838 imo
3268 2800 3362 2839 eos
3398 2786 3490 2854 qui

1916 2870 1965 2923 id
2006 2870 2179 2925 facere
2207 2872 2429 2940 cupiunt
2456 2871 2718 2941 prohibet.
2748 2872 2877 2926 Nam
2904 2888 3022 2927 cum
3049 2873 3222 2929 Semei
3254 2891 3373 2930 eum
3402 2877 3488 2929 in-

1915 2961 2151 3015 numeris
2193 2961 2402 3030 probris
2441 2962 2728 3029 obrueret,
2772 2978 2834 3017 ae
2866 2965 3173 3018 militarium
3214 2966 3491 3035 copiarum

1916 3052 2226 3118 prmfectus,
2256 3052 2345 3120 qui
2374 3060 2481 3106 tum
2514 3052 2731 3117 aderat,
2763 3054 2812 3107 id
2845 3054 3059 3123 indigno
3084 3056 3262 3109 animo
3294 3056 3453 3111 ferret
3473 3099 3488 3121 ,

1920 3142 2127 3197 dicebat
2158 3144 2281 3198 Sine
2308 3144 2452 3198 illum
2482 3145 2604 3197 mihi
2633 3146 2929 3199 maledicere
2956 3162 2971 3198 :
3004 3146 3137 3200 Deus
3166 3149 3295 3201 enim
3326 3148 3418 3201 hoc
3449 3150 3496 3202 ei

1922 3234 2154 3301 praecepit
2205 3233 2459 3303 (1d.16.
2508 3235 2642 3304 10).
2701 3236 2804 3290 Cor
2856 3236 3047 3306 quippe
3097 3239 3384 3292 contritum
3439 3249 3494 3293 et

1920 3322 2251 3375 humiliatum
2281 3320 2451 3393 (Psal.
2485 3324 2573 3377 50.
2608 3324 2697 3393 l9)
2726 3324 2972 3390 habebat,
3002 3327 3141 3395 quod
3173 3327 3338 3397 ipsius
3367 3342 3494 3396 pec-

1918 3421 2031 3466 cata
2074 3414 2301 3466 maxime
2339 3412 2677 3482 abstergebat
2712 3432 2724 3467 :
2758 3429 2874 3468 nam
2918 3415 3017 3469 hoc
3057 3416 3321 3471 confessio
3344 3461 3360 3486 ,
3392 3418 3497 3473 hoc

1918 3502 2231 3573 pmnitentia
2258 3512 2357 3557 est.
2389 3504 2539 3569 Quod
2570 3505 2611 3557 si
2640 3504 2942 3573 jejunantes
2969 3508 3267 3575 arrogantia
3296 3508 3497 3563 labore-

1920 3609 2058 3654 mus,
2082 3610 2185 3647 non
2210 3593 2369 3647 modo
2392 3594 2590 3647 nullum
2616 3595 2737 3647 hinc
2760 3596 3196 3664 emolumentum,
3221 3600 3312 3653 sed
3335 3602 3495 3655 etiam

1919 3686 2295 3739 detrimentum
2343 3686 2637 3753 capiemus.
2686 3686 3039 3751 Quamobrem
3074 3698 3125 3741 tu
3163 3705 3371 3759 quoque
3402 3708 3495 3747 cor

1922 3785 2065 3829 tuum
2094 3776 2311 3829 demitte
2337 3817 2350 3839 ,
2380 3784 2438 3829 ut
2472 3775 2636 3829 Deum
2669 3778 2868 3829 allicias
2899 3793 2910 3827 :
2941 3776 3113 3845 Prope
3150 3781 3288 3833 enim
3318 3792 3387 3835 est
3418 3785 3495 3836 Itis

1917 3868 2002 3935 qui
2034 3868 2267 3920 tribulam
2296 3876 2409 3919 sunt
2440 3867 2589 3919 corde
2616 3865 2634 3935 (
2665 3865 2806 3919 Psal.
2841 3868 2928 3921 55.
2960 3867 3026 3921 l'9
3053 3871 3095 3937 ).
3127 3869 3314 3924 Annon
3349 3872 3495 3926 vides

1919 3958 2186 4028 quomodo
2211 3958 2261 4010 in
2288 3957 2580 4025 splendidis
2604 3956 2806 4009 aedibus
2834 3957 2889 4020 ii,
2916 3959 3001 4025 qui
3029 3957 3293 4013 dedecore
3318 3961 3495 4015 allecti

1920 4058 2081 4112 sunt,
2110 4063 2226 4101 cum
2259 4048 2417 4101 etiam
2455 4047 2522 4100 ab
2561 4048 2754 4100 infimis
2781 4048 3074 4115 quibusque
3104 4050 3272 4103 servis
3301 4062 3493 4105 contu-

1920 4140 2130 4193 meliam
2170 4138 2472 4206 accipiunt,
2516 4154 2620 4191 non
2667 4148 2839 4191 tamen
2884 4138 3268 4204 colluctentur,
3303 4142 3393 4195 scd
3426 4144 3494 4196 ob

1920 4228 2187 4281 infamiam
2217 4244 2334 4281 eam
2359 4268 2374 4293 ,
2404 4243 2559 4296 quam
2608 4238 2878 4295 peccatum
2921 4229 3048 4297 ipsis
3087 4230 3308 4294 inussit,
3340 4248 3501 4302 atquo

1918 4321 2094 4372 animo
2131 4320 2180 4371 id
2212 4318 2423 4371 ferant?
2454 4318 2595 4371 idem
2627 4333 2837 4386 quoque
2878 4326 2931 4371 tu
2974 4320 3134 4373 facias
3166 4337 3176 4370 :
3206 4321 3251 4373 si
3291 4324 3406 4387 quis
3440 4332 3494 4377 te

1918 4408 2172 4462 conviciis
2200 4408 2504 4470 insectetur,
2538 4423 2602 4459 ne
2629 4409 2960 4474 exaspereris
2980 4448 2993 4471 ,
3027 4408 3120 4461 sed
3153 4410 3490 4477 ingemiscas,

1918 4517 2022 4554 non
2066 4501 2132 4553 ob
2170 4500 2366 4552 illatam
2412 4498 2502 4550 tibi
2542 4497 2914 4551 contumeliam
2944 4539 2957 4562 ,
2991 4498 3084 4552 sed
3116 4498 3184 4552 ob
3213 4512 3496 4566 peccatum

1917 4591 2056 4658 quod
2090 4600 2137 4643 te
2168 4591 2219 4641 in
2252 4589 2590 4657 ignominiam
2620 4588 2865 4657 conjeeit.
2900 4588 3028 4642 Cum
3065 4594 3367 4659 peccaveris
3407 4594 3490 4643 in-

1914 4683 2144 4747 gemisce
2168 4722 2181 4744 ,
2217 4697 2319 4733 non
2370 4682 2507 4748 quod
2554 4697 2737 4747 pmnas
2776 4682 2995 4734 daturus
3037 4684 3110 4733 sis
3135 4723 3148 4744 ,
3183 4684 3309 4734 nihil
3344 4684 3487 4736 enim

1916 4769 2016 4821 hoc
2055 4777 2166 4825 est;
2200 4769 2291 4821 sed
2333 4768 2472 4835 quod
2513 4768 2792 4821 Dominum
2836 4777 2981 4821 tuum
3023 4769 3304 4823 offenderis
3330 4812 3343 4836 ,
3380 4781 3495 4825 tam

1916 4860 2195 4927 benignum
2222 4900 2236 4923 ,
2270 4867 2373 4910 tam
2407 4867 2455 4912 te
2479 4868 2742 4912 amantem
2770 4899 2783 4921 ,
2815 4869 2918 4912 tam
2946 4859 3173 4930 denique
3199 4862 3353 4916 saluti
3388 4874 3489 4918 tua:

1914 4964 2202 5017 appensum
2230 4989 2243 5011 ,
2283 4959 2339 5002 ut
2370 4949 2555 5001 Filium
2589 4964 2803 5018 quoque
2826 4966 2981 5004 suum
3011 4960 3099 5005 tua
3129 4968 3281 5007 causa
3326 4955 3490 5007 tradi-

1914 5042 2069 5095 derit.
2102 5041 2388 5110 lngemisce
2416 5042 2554 5105 ideo,
2582 5058 2753 5112 neque
2779 5059 3024 5113 umquam
3050 5046 3100 5098 id
3122 5046 3295 5100 facere
3324 5047 3487 5101 inter--

1915 5134 2064 5185 mitte
2104 5150 2115 5185 :
2155 5134 2349 5185 etenim
2385 5133 2483 5184 hoc
2509 5132 2719 5186 demum
2761 5144 2842 5187 est
2882 5134 3166 5189 confessio.
3201 5137 3313 5189 Non
3345 5153 3483 5190 nunc

1914 5231 2127 5284 nutum,
2177 5236 2292 5274 cras
2341 5230 2514 5273 autem
2561 5231 2807 5275 muastum
2853 5238 2914 5275 ac
2958 5239 3166 5277 rursum
3212 5226 3388 5279 [telum
3434 5238 3485 5282 te

1913 5316 2121 5382 pne-be;
2156 5328 2336 5365 verum
2371 5324 2623 5380 perpetuo
2666 5318 2714 5367 in
2760 5316 2897 5367 luctu
2943 5330 3003 5367 ac
3045 5318 3116 5369 tui
3160 5320 3483 5375 contritione

1911 5421 2083 5459 mane.
2118 5404 2253 5455 Beati
2285 5405 2424 5457 enim
2451 5445 2463 5465 ,
2500 5406 2697 5473 inquit,
2727 5406 2811 5473 qui
2839 5406 3009 5473 lugent
3036 5406 3258 5477 (Matth.
3290 5413 3341 5464 5.
3371 5411 3438 5478 5)
3463 5452 3479 5479 ,

1909 5498 2011 5549 hoc
2036 5505 2145 5557 est,
2175 5493 2263 5561 qui
2293 5494 2503 5547 assidue
2533 5494 2628 5546 hoc
2657 5494 2868 5547 facium.
2903 5495 3013 5549 lloc
3044 5512 3253 5564 semper
3282 5500 3439 5551 facias
3461 5542 3476 5563 ,

1910 5588 2109 5656 tibique
2135 5584 2397 5649 attendas,
2427 5600 2488 5637 ac.
2518 5596 2696 5650 pectus
2723 5594 2867 5639 tuum
2895 5598 3159 5651 conteras,
3190 5603 3293 5641 non
3322 5603 3478 5643 secus

1909 5693 1970 5731 ac
2012 5676 2053 5729 si
2095 5676 2211 5744 quis
2239 5677 2435 5728 amisso
2467 5674 2572 5726 ﬁlio
2604 5676 2754 5729 unice
2798 5691 2923 5730 caro
2952 5678 3004 5729 in
3034 5677 3173 5732 luctu
3210 5691 3472 5734 versetur.

1909 5768 2133 5824 Sciadile
2156 5768 2371 5827 etenim,
2397 5766 2584 5834 inquit,
2608 5768 2760 5819 corda
2786 5779 2966 5832 vestra,
2991 5778 3035 5820 et
3062 5786 3163 5824 non
3190 5773 3477 5825 vestimenta

1907 5874 2067 5913 vestra
2090 5858 2245 5928 (Joel.
2276 5858 2327 5909 2.
2361 5857 2474 5925 l5).
2506 5856 2655 5922 Quod
2688 5858 2906 5911 fractum
2936 5868 3037 5923 est,
3068 5860 3474 5931 haudquaquam

1908 5968 1963 6007 se
2005 5953 2054 6005 in
2102 5951 2263 6004 altum
2308 5947 2555 6004 extulerit
2593 5964 2605 5998 :
2646 5948 2783 6017 quod
2827 5951 3150 6005 contrarium
3200 5960 3319 6018 est,
3368 5964 3477 6005 non

4138 1454 4153 1515 Ξ

4140 1532 4147 1547 Ἰ.

4140 1550 4151 1559 ,

4102 1100 4119 1243 ι

4104 1244 4119 1439 g

4106 1442 4121 1579 ἓ

4106 1584 4121 1691 ἓ

4110 1708 4121 1757 3

4110 1764 4127 1781 ,,

4108 1786 4123 1831 ξ

4114 1920 4121 1941 [³

4142 1566 4159 1601 ιε

4140 1660 4159 1723 is

4140 1852 4151 1933 ἱ

4156 1802 4167 1813 η

4162 1826 4167 1835 .

4158 1848 4167 1875 ἲ

4134 1052 4175 1157 at

4172 1118 4173 1133 l

4158 1136 4173 1153 ,η

4136 1170 4175 1295 g.

4138 1308 4155 1337 φ.

4138 1286 4175 1445 ﬁ.

4134 1410 4167 1481 ἦ

4138 1454 4169 1629 Ἴ

4142 1566 4151 1595 ι

4142 1844 4151 1865 π’
4158 1848 4167 1865 ‘i

4177 1055 4225 1569 ἕ

4177 1370 4179 1381 '
4196 1362 4225 1421 fit

4206 1430 4225 1485 ri

4180 1522 4181 1525 η
4210 1494 4223 1533 ‘t

4182 1572 4225 1609 ’ἐξ

4182 1764 4225 1859 ξι

4218 1055 4226 1203 ἱ

4218 1224 4226 1327 ἑ

4218 1332 4226 1351 i.

4218 1364 4226 1421 ξ

4218 1432 4225 1475 ι

4218 1504 4223 1567 ἑ

4218 1588 4225 1607 F

4208 105 4240 1085 ἓ

4208 1076 4240 1327 ξ

4214 1308 4240 1353 ιτ

4208 1356 4240 1399 ii

4208 1404 4240 1475 ᾗ

4208 1462 4240 1519 ii

4208 1526 4240 1567 se

4208 1578 4240 1609 isis

4208 1646 4233 1693 ῖὲη

4208 1764 4225 1827 ὲ

4216 1888 4240 1945 ἓξ

4210 2116 4227 2157 fr’

4218 2276 4225 2289 ι

4216 2562 4233 2579 τ’

4229 105 4252 186 ἷτ

4228 218 4231 235 ε
4249 207 4254 210 ,

4228 244 4256 304 ε

4235 311 4256 334 'i

4228 363 4260 469 ι

4228 469 4262 558 ξ

4235 765 4262 790 τι

4228 1067 4260 1100 -ξ

4228 1101 4266 1162 ιε

4230 1485 4270 1619 ε

4251 1731 4272 1780 ξε

4228 1892 4273 2073 ,ξ

4244 2042 4273 2131 it

4242 2344 4257 2385 ’ἓ

4228 2388 4273 2441 at

4228 2504 4273 2603 ,ἐς

4248 2584 4261 2759 ἔ

4230 2900 4233 2901 ,
4250 2828 4273 2919 31

4228 3508 4245 3571 ι
4264 3522 4271 3563 ξπ

4228 3592 4273 3609 ..η

4260 2722 4284 2809 ὲ

4270 2820 4284 2865 ιέ

4260 2880 4284 2903 HI

4274 3074 4284 3099 4

4260 3110 4284 3185 si

4266 3308 4284 3373 fi

4266 3376 4284 3405 Ἐ

4295 243 4310 286 ξ

4291 553 4306 624 i

4295 1201 4304 1228 ‘t

4297 1439 4316 1508 ἒ,

4270 2209 4322 2266 .t.

4270 2964 4324 3055 ξιτ

4329 81 4342 746 ἓ

4284 3692 4359 3729 λε’

4336 3772 4359 3817 ἱ

4386 3696 4435 3753 δτι

4386 3740 4435 3805 Ξῖ

4322 2796 4369 3035 EE

4322 3026 4369 3105 n

4326 3496 4349 3577 ἒ

4409 3263 4432 3453 Ξ

4440 3560 4477 3587 ἕξ

4332 3392 4372 3505 e

4382 3886 4407 3915 ἴε

4388 3932 4407 3991 ξ,

4344 4084 4351 4095 r

4338 4102 4349 4119 Γ

4340 4128 4351 4135 κ

4338 4190 4349 4205 Ι

4390 4056 4421 4093 λᾶἐ

4380 4096 4421 4167 ’Ξ

4446 4200 4455 4213 ἃ

4392 4294 4409 4347 ῗ

4394 4354 4403 4361 .

4398 4378 4405 4385 .

4327 2177 4370 2416 ἓ

4317 2409 4368 2486 ᾗ

4419 2565 4432 2602 τί

4367 2643 4396 2736 ἓ

4354 2771 4374 2805 :-

4354 2804 4374 2905 Ξ

4354 2920 4374 2963 Ξ

4447 2285 4491 2955 ἑ

4478 2782 4491 2809 ῆ

4480 2820 4491 2857 νξ

4409 2897 4430 2922 1:“:

4321 2981 4458 3080 ῖὲξ
4488 2998 4491 3005 ‘

4326 3185 4359 3235 ρ
4368 3169 4380 3209 ι
4440 3208 4479 3235 tt:

4348 3359 4489 3455 ει

4374 3626 4459 3703 ξιῖὲ

4366 3686 4459 3753 λάθε

4376 3740 4401 3797 ,Ξ
4412 3750 4435 3805 ἦ
4446 3750 4447 3767 ξ

4366 3832 4375 3847 r
4386 3800 4439 3847 ἕλε

4408 3852 4425 3857 ..-
4444 3846 4455 3857 9⁷

4440 3592 4465 3675 Ξ

4468 3666 4479 3679 ι

4448 3688 4481 3703 L_\

4446 3710 4477 3723 ιιι

4458 3666 4479 3679 ιι

4458 3690 4481 3731 vi

4462 3734 4479 3779 ἦ

4470 3782 4481 3807 ἒ

4476 3870 4481 3879 ι

4466 3966 4485 3981 ’ἦ

4476 3990 4485 4007 3

4476 4020 4491 4039 J

4402 3822 4425 3905 Li

4406 4036 4435 4059 λτο

4406 4062 4437 4071 η..

4406 4100 4431 4125 ει

4444 3672 4481 3703 ῖί

4446 3710 4479 3731 υἱ

4446 3738 4479 3773 1i

4470 3776 4481 3801 si

4386 3801 4439 3837 ξέῖιέε

4390 3836 4403 3847 ι

4154 1746 4167 1759 v,
4212 1724 4229 1755 ί
4251 1731 4272 1760 ιε
4293 1727 4340 1760 ’ίί-
4471 1755 4476 1760 .

4154 1724 4225 1827 si;
4383 1767 4386 1770 '

4158 1802 4294 1891 {fit
4329 1831 4350 1872 ii
4383 1867 4386 1870 .

4158 1880 4270 1941 ω’
4469 1903 4478 1926 ξ

4154 1892 4386 2076 iiii.

4154 2081 4368 2171 .fiei'
4471 2111 4476 2114 '

4166 2176 4354 2322 1.1%.:
4399 2201 4402 2204 Ι
4463 2227 4466 2254 ἶ

4156 2240 4324 2333 iiut
4463 2273 4482 2308 ie

4164 2324 4257 2385 atii
4287 2311 4390 2396 itii
4465 2311 4488 2358 ἶ

4154 2388 4426 2460 rari
4461 2385 4484 2456 εξ

4166 2534 4326 2611 1;";
4357 2539 4486 2602 ῗέξῖτὲ

4154 2670 4288 2727 :if;
4354 2663 4414 2724 '73.:-

4250 2730 4259 2759 ξ
4285 2728 4311 2747 2
4353 2727 4374 2744 -έ
4407 2726 4491 2771 ς

4164 2776 4261 2805 ιγηὲξ
4300 2770 4307 2781 ⁵
4340 2771 4394 2810 ,
4421 2781 4450 2814 ἑ...
4478 2782 4491 2809 q

4188 2810 4207 2855 ἕ
4250 2820 4307 2857 ες
4480 2820 4491 2857 νξ

4162 2854 4173 2903 ξ
4196 2860 4233 2901 id,
4252 2860 4279 2901 δ’
4342 2851 4398 2902 "j
4415 2851 4481 2904 .

4250 2910 4283 2967 ἀ

4256 2982 4315 3039 f3;
4342 2977 4458 3080 ἑ
4488 2998 4491 3005 ‹

4274 3030 4491 3130 gift

4178 3220 4361 3289 ἰῆιῗηί
4387 3220 4485 3292 ἶν

4154 3292 4171 3305 ι
4222 3304 4239 3313 γι
4264 3294 4287 3315 ‘.
4328 3294 4333 3295 ⁷
4405 3285 4416 3304 ³
4439 3287 4446 3298 ⁵

4266 3376 4317 3447 ῖς
4416 3402 4489 3453 i.

4440 3454 4459 3489 ἓί

4154 3614 4187 3693 1
4292 3570 4483 3703 ἓξὲξ

4172 3708 4187 3733 ι
4284 3702 4307 3735 νῷ
4332 3686 4481 3745 fieri”

4478 3070 4491 3101 λ

4478 3106 4491 3147 ἑ

4474 4150 4489 4171 ἆ

4480 4186 4491 4225 ἱ

4472 4292 4491 4319 si
