4568 6424
875 329 981 398 ιη

875 444 1258 500 mserit.
1286 442 1367 499 Ob
1390 457 1616 515 eamque
1642 459 1861 503 causan
1887 452 2025 503 alter
2051 448 2160 515 ait,
2192 446 2457 515 Scittdite,

874 536 1013 591 alter
1047 542 1225 591 antem
1250 576 1267 601 ,
1297 531 1401 589 Cor
1438 534 1711 589 contritum
1745 544 1795 589 et
1822 535 2141 592 huniliatsm
2171 535 2311 605 Deus
2356 554 2459 605 non

872 620 1120 690 despiciet.
1138 620 1322 696 (Pal.
1353 622 1443 679 50.
1475 622 1606 698 19).
1633 623 1747 679 Etsi
1781 624 1999 695 sapiens
2022 640 2084 682 es
2101 666 2118 692 ,
2144 627 2246 683 etsi
2271 627 2420 685 dives
2437 670 2455 697 ,

871 712 973 767 etsi
1007 711 1257 785 princeps
1278 754 1294 781 ,
1327 722 1515 784 pectus
1552 723 1729 769 tamen
1757 714 1942 770 scinde
1964 757 1983 783 ,
2008 730 2109 771 nec
2147 717 2319 787 ipsum
2337 716 2457 777 ,alte

868 799 938 856 de
969 816 1032 858 se
1069 804 1272 859 sentire
1314 812 1477 875 atque
1515 803 1688 861 inﬂari
1729 806 1867 862 sine.
1896 800 2027 862 Nam
2057 807 2199 879 qttod
2228 808 2454 865 scissum

865 898 969 956 est,
995 906 1109 947 non
1131 893 1349 951 inﬂatur
1374 895 1614 950 :etiamsi
1639 895 1837 967 aliquid
1864 897 1989 953 sita
2015 913 2121 970 quo
2144 900 2451 968 extollatur,

866 992 1044 1039 tamen
1070 982 1195 1054 quia
1221 983 1449 1040 scissum
1474 993 1580 1052 est,
1604 984 1932 1042 inﬂationem
1957 985 2099 1045 ferre
2128 991 2330 1062 nequit.
2362 991 2454 1048 Sic

862 1081 921 1127 tu
948 1087 1166 1146 quoque
1187 1074 1463 1137 modestia:
1486 1086 1646 1148 atque
1670 1077 1832 1134 animi
1859 1080 2220 1137 summissioni
2249 1082 2406 1139 stude
2434 1102 2448 1137 :

860 1160 997 1224 illud
1041 1165 1138 1223 tibi
1177 1166 1231 1223 in
1274 1176 1511 1224 mentem
1554 1168 1768 1234 veniat,
1800 1170 2140 1240 publicanum
2177 1173 2249 1228 ob
2284 1188 2450 1230 unum

858 1255 1085 1319 volbam
1118 1258 1464 1327 iustiﬁcatum
1496 1258 1660 1315 fuisse
1686 1257 1842 1329 (Luc.
1873 1261 2001 1331 £8);
2032 1277 2352 1335 quamquam
2381 1280 2451 1322 ne

858 1345 1119 1412 modum
1153 1347 1371 1420 quidem
1403 1357 1523 1404 erat
1549 1348 1637 1405 illa
1659 1390 1675 1417 ,
1704 1348 1801 1406 sed
1828 1365 1955 1407 vera
1978 1352 2265 1409 confessio.
2294 1354 2447 1423 Quod

856 1437 907 1496 sl
927 1435 1035 1497 hoc
1061 1446 1263 1494 tantam
1289 1437 1398 1493 vim
1429 1438 1613 1507 habet,
1641 1442 2327 1514 quanto,quatso,majorem
2354 1444 2448 1501 ba-

856 1528 1031 1589 bitttt'a
1058 1539 1144 1585 est
1173 1530 1483 1587 humilitas?
1512 1530 1583 1588 lis
1602 1573 1617 1599 ,
1649 1533 1737 1603 qui
1767 1533 1823 1588 in
1854 1542 1907 1589 te
1934 1534 2291 1612 deliquerint,
2324 1554 2446 1609 pee-

849 1627 977 1674 cata
1000 1620 1217 1677 remitto
1242 1642 1258 1677 :
1285 1636 1405 1675 nam
1437 1620 1561 1678 hinc
1588 1637 1807 1693 quoque
1828 1632 2045 1695 peccata
2074 1628 2439 1686 remittuntur.

834 1712 929 1767 .Ac
953 1710 1024 1769 de
1043 1713 1214 1787 priori
1237 1713 1456 1785 quidem
1476 1715 1573 1781 ait,
1602 1711 1721 1772 Vidi
1742 1716 1881 1787 quod
1904 1719 2238 1774 ambulaverit
2261 1722 2438 1789 tristis,

836 1808 901 1874 χιιι
934 1804 1116 1859 σαπαυί
1157 1803 1265 1861 uias
1298 1808 1411 1875 eius
1434 1805 1455 1877 (
1476 1804 1607 1861 lsai.
1635 1806 1726 1862 57.
1758 1808 1826 1864 18
1849 1807 1900 1879 );
1927 1818 1980 1864 et
2010 1810 2061 1863 in
2091 1808 2274 1869 Achab
2299 1811 2440 1869 istud

796 1926 799 1927 ν
833 1888 945 1953 .‘Del
976 1894 1111 1969 iram
1133 1897 1350 1953 sustth
1379 1898 1454 1967 (τι.
1484 1896 1613 1968 Reg.
1641 1896 1773 1968 21):
1800 1898 1868 1954 de
1897 1902 2192 1969 posteriore
2218 1912 2396 1958 autem
2418 1945 2434 1970 ,

813 1995 829 2031 ῖ·
847 1980 1103 2040 Dissimile
1121 2024 1141 2051 ,
1169 1994 1218 2050 et
1550 1987 1688 2043 nobis
1707 1989 1729 2061 (
1748 1983 1878 2052 Luc.
1908 1989 1962 2045 6.
1991 1989 2059 2046 37
2077 1989 2119 2060 ).
2154 1989 2251 2046 Est
2273 1992 2435 2047 etiam

843 2075 955 2133 alia
978 2076 1088 2145 via,
1111 2076 1212 2137 hoc
1237 2077 1583 2147 pharmacum
1614 2079 1768 2136 nobis
1790 2082 1989 2144 ferens,
2015 2081 2279 2136 scelerum
2300 2096 2443 2138 con-

840 2164 1121 2239 damnatio
1147 2165 1288 2243 spis
1310 2168 1448 2224 enim
1484 2176 1539 2231 tu
1738 2168 2024 2238 iniquitates
2051 2180 2197 2236 tuas,
2225 2172 2429 2243 inquit,

843 2266 904 2315 αι
918 2258 1220 2331 ἱμείρεινῆ
1243 2256 1394 2327 (Issi.
1425 2260 1515 2315 ιδ.
1541 2259 1657 2330 26).
1690 2260 1818 2326 Illud
1850 2262 1975 2317 item
2007 2273 2224 2332 peccata
2252 2263 2427 2333 delet.

698 2386 699 2389 η
726 2367 737 2423 ί
842 2347 889 2403 si
931 2348 1238 2412 calamitate
1271 2339 1496 2406 allectus
1523 2351 1721 2421 gratias
1747 2366 1912 2423 381.8;
1942 2362 1998 2409 et
2024 2368 2146 2423 qua
2181 2355 2429 2411 omnibus

784 2430 794 2477 -’
839 2439 1151 2505 antecellit.
1166 2420 1541 2512 -ειερωοεγητιί
1567 2420 1805 2498 Numen;
1829 2443 1986 2515 iam"
2015 2420 2271 2507 remedia'
2304 2445 2427 2514 qui-

818 2528 948 2585 ibus
984 2530 1203 2586 vulnera
1246 2542 1332 2587 tua
1374 2544 1630 2588 sumantur
1662 2551 1677 2593 :
1704 2543 1863 2604 atque
1887 2535 2064 2589 omnia
2093 2535 2427 2593 continenter

684 2604 693 2688 ς
729 2633 738 2635 “
826 2620 1430 2690 imponeJmmilitatem
1453 2624 2091 2693 nempe,eonfessionem,
2113 2625 2421 2694 iniuriarum

564 2740 586 2794 1.
638 2734 659 2787 η
690 2728 699 2733 ν
743 2710 747 2716 ’
840 2710 1161 2768 oblivionem
1187 2755 1203 2780 ,
1229 2715 1518 2783 gratiarum
1548 2714 1813 2771 actionem
1855 2715 1907 2771 in
1946 2715 2109 2773 rebus
2141 2716 2377 2772 adversis
2398 2753 2417 2783 ,

1616 332 1675 391 8.
1713 333 2500 397 ποΑΝΝιδαιιιῖδοετοκι
2536 338 2848 404 ARCHIEP.
2890 346 3416 411 CONSTANTINOP.

4045 357 4146 416 (.38

2560 458 2983 515 misencnrdiam
3014 463 3071 515 in
3111 464 3361 533 iuvandis
3399 475 3504 525 tam
3535 470 3755 537 pecunia
3782 484 3944 542 quam
3970 474 4143 531 studio

2558 554 2722 617 atque
2746 546 2924 605 officio
2962 554 3218 621 proximis
3241 598 3257 620 ,
3295 555 3477 615 firmas
3511 558 3741 631 denique
3768 578 3833 619 ac
3859 566 4140 624 continuas

2560 650 2769 708 preces.
2792 638 2880 696 Sic
2900 642 3055 698 vidua
3079 644 3169 701 illa
3190 646 3437 706 immanis
3456 651 3598 709 illius
3619 661 3673 709 et
3690 656 3923 712 crudelis
3944 660 4140 726 judicis

2558 728 2795 785 animum
2830 732 3092 803 mitigavit
3121 737 3140 806 (
3167 734 3298 792 Luc.
3328 738 3461 808 18).
3489 740 3640 810 Quod
3666 743 3712 799 si
3740 744 3827 800 illa
3858 746 4096 818 iniquum
4120 791 4134 813 ,

2556 829 2757 889 quanto
2791 824 2965 894 magis
3002 834 3059 880 tu
3086 837 3421 891 mansuetum
3447 846 3511 886 ae
3540 830 3749 891 facilem
3765 836 3791 887 ν
3828 835 3927 892 Est
3954 848 4009 894 et
4036 840 4133 894 alia

2556 921 2751 979 przeter
2786 926 2880 968 eas
2899 955 2914 977 ,
2945 930 3078 985 quas
3106 922 3673 990 commemoravimus,
3704 925 3821 989 via,
3854 942 4047 997 nempe
4070 930 4133 985 iis

2554 1002 2644 1072 qui
2674 1002 2865 1074 injuria
2892 1005 3199 1063 afficiuntur
3218 1050 3233 1075 ,
3260 1011 3511 1079 praesidio
3534 1026 3655 1071 esse
3683 1032 3697 1072 :
3721 1012 3965 1075 Judieals
3990 1019 4129 1074 enim

2553 1092 2769 1161 pupillo,
2796 1090 2986 1164 inquit,
3015 1105 3065 1150 et
3087 1097 3292 1152 uiduam
3308 1101 3586 1170 justi/irate
3607 1117 3631 1158 ,ο
3646 1114 3693 1158 et
3716 1106 3877 1160 venit:
3896 1116 3944 1160 et
3965 1110 4133 1179 dispa-

2554 1189 2713 1236 tentus
2734 1198 2755 1235 :
2772 1186 2886 1240 etsi
2911 1188 3098 1257 fuerint
3120 1198 3325 1256 peccata
3345 1202 3506 1246 vestra
3527 1194 3655 1252 situt
3675 1198 3931 1254 coccinum
3950 1199 4132 1267 ,σιω

2551 1272 2713 1326 nim
2750 1290 2813 1328 ea
2851 1274 3093 1331 dealbabo
3125 1276 3295 1349 (Isai.
3328 1279 3382 1335 ι.
3422 1282 3506 1336 16.
3537 1283 3605 1339 17
3624 1282 3669 1354 ).
3699 1285 3935 1351 Quanam
3968 1301 4130 1356 porro

2549 1366 2893 1423 excusatione
2920 1368 3070 1440 digni
3097 1371 3298 1427 erimus
3318 1413 3334 1439 ,
3367 1373 3412 1429 si
3440 1389 3561 1453 cum
3595 1385 3672 1435 tot
3696 1378 3807 1434 vias
3837 1378 4128 1441 habeamus

2546 1473 2648 1514 nos
2684 1459 2739 1514 in
2776 1461 2967 1519 caelum
3007 1463 3371 1523 subvehentes
3392 1507 3408 1533 ,
3438 1483 3560 1523 cunt
3596 1477 3670 1526 tot
3697 1471 3980 1541 pharmata
4006 1488 4127 1543 quc

2545 1547 2854 1606 vulneribus
2881 1552 3233 1622 medeantur,
3257 1557 3417 1611 etiam
3449 1566 3569 1627 post
3599 1558 3916 1631 baptismum
3946 1563 3997 1619 in
4022 1563 4124 1619 iis-

2544 1639 2668 1697 dem
2690 1642 2815 1698 vitze
2838 1642 3030 1701 studiis
3052 1650 3492 1715 perseveremus?
3515 1649 3611 1715 Ne,
3640 1666 3839 1721 quam
3869 1669 4123 1724 perseve-

2544 1746 2756 1798 remus,
2784 1748 2969 1789 verutr.
2997 1735 3274 1806 ii'quidem
3294 1778 3312 1804 ,
3341 1740 3429 1809 qui
3458 1738 3693 1794 nandum
3723 1741 3853 1810 lapsi
3877 1753 4037 1811 sunt,
4066 1745 4122 1799 in

2540 1836 2637 1879 sua
2669 1824 3061 1892 pulchritudine
3088 1835 3355 1897 perstent,
3384 1829 3494 1883 imo
3523 1844 3641 1885 eam
3668 1832 3835 1901 magis
3859 1847 3922 1887 ac
3949 1836 4123 1904 magis

2540 1915 2787 1969 excolam
2811 1916 2974 1986 (nam
3014 1917 3223 1972 etiamsi
3269 1919 3521 1989 praelata
3559 1920 3676 1978 haec
3700 1920 3873 1977 ofﬁcia
3902 1932 4125 1992 peccata

2537 2004 2683 2059 nulla
2720 2006 2997 2074 reperiant
3014 2047 3031 2071 ,
3062 2008 3465 2065 cumulatlomm
3492 2019 3639 2067 certe
3658 2012 4117 2083 pulchritdinem

2534 2094 2817 2166 reddunt):
2841 2110 2941 2157 nos
2958 2109 3110 2164 vam,
3133 2098 3223 2169 qui
3247 2109 3460 2169 peccata
3480 2102 3645 2156 multa
3667 2100 4111 2173 partem,

2534 2186 2602 2241 ad
2630 2188 3019 2244 correctionem
3052 2204 3114 2245 ea
3148 2204 3266 2259 quae
3292 2191 3527 2248 diximus
3547 2193 3893 2250 adhibeamus
3917 2211 3939 2251 :
3959 2205 4023 2251 ut
4045 2196 4113 2251 ad

2532 2274 2730 2332 Christi
2771 2277 3001 2333 tribunal
3031 2293 3151 2333 cum
3180 2284 3368 2350 magna
3404 2280 3598 2337 ﬁducia
3623 2283 3931 2352 adstemus;
3962 2286 4114 2357 cujus

2532 2368 2733 2427 utinam
2764 2388 2862 2428 nos
2890 2387 3078 2428 omnes
3120 2374 3406 2444 participes
3443 2377 3644 2441 simus,
3676 2392 3773 2447 per
3807 2381 4032 2449 gratiam
4057 2391 4112 2437 et

2529 2463 2909 2533 benignitatem
2950 2462 3161 2519 Domini
3202 2466 3373 2519 nostri
3411 2465 3539 2521 Jesu
3576 2466 3775 2523 Christi
3800 2509 3814 2534 ,
3843 2485 3966 2525 cum
4003 2486 4108 2541 quo

2528 2554 2673 2610 Patri
2716 2563 2772 2610 ct
2811 2553 3029 2624 Spiritui
3068 2563 3257 2611 sancto
3295 2555 3461 2626 gloria
3484 2594 3504 2623 ,
3533 2557 3815 2628 imperium
3839 2600 3855 2625 ,
3899 2564 4104 2627 honor,

2526 2660 2668 2701 nunc
2690 2654 2745 2701 et
2772 2659 3019 2715 semper,
3050 2652 3106 2701 et
3135 2647 3190 2701 in
3214 2646 3412 2701 secula
3435 2647 3774 2707 mulorum.
3804 2650 3997 2706 Amen.

2241 2917 2585 2982 HOMILIA
2642 2912 2721 2975 γ.

829 3062 957 3117 Car.
995 3060 1057 3131 2.
1079 3076 1129 3117 v.
1172 3061 1260 3118 12.
1301 3061 1428 3117 Cum
1451 3071 1619 3117 autem
1645 3063 1888 3117 uenissem
1912 3060 2163 3116 Troadem
2200 3070 2411 3132 prapter

895 3153 1209 3225 euangelium
1235 3151 1423 3228 Christi
1446 3195 1462 3220 ,
1494 3165 1540 3209 et
1562 3155 1749 3209 ostium
1787 3153 1913 3208 mihi
1930 3162 2163 3224 apertum
2189 3161 2313 3207 esset
2352 3152 2407 3204 in

892 3245 1156 3312 Domino,
1206 3244 1295 3313 l3.
1339 3262 1441 3301 non
1468 3246 1621 3300 habui
1648 3247 1872 3313 requiem
1917 3245 2124 3314 spiritui
2148 3259 2258 3297 meo
2287 3282 2303 3309 ,
2349 3257 2408 3297 eo

893 3334 1029 3404 quod
1055 3350 1156 3388 non
1181 3334 1457 3388 invenerim
1478 3331 1652 3388 Titum
1677 3334 1889 3403 fratrem
1917 3349 2105 3389 meum.

895 3428 950 3480 ‘l.
974 3425 1101 3479 llaec
1126 3423 1339 3495 quidem
1368 3422 1532 3479 verba
1559 3422 1773 3494 indigna
1792 3422 1962 3477 Paulo
1988 3435 2110 3477 esse
2135 3423 2399 3486 videntur,

824 3530 1018 3585 nempe
1041 3515 1183 3586 quod
1211 3515 1283 3570 ob
1304 3514 1484 3571 fratris
1508 3513 1806 3569 absentiam
1839 3521 2038 3568 tantam
2066 3512 2254 3567 salutis
2276 3512 2415 3591 aﬂ'e-v

823 3605 1003 3661 renda:
1028 3605 1366 3661 occasionem
1408 3604 1685 3675 abiecerit.
1728 3604 1806 3659 Ac
1850 3612 2112 3674 prmterea
2153 3601 2403 3656 videntur

821 3698 922 3751 ista
951 3712 1056 3752 non
1087 3697 1216 3752 satis
1254 3711 1374 3752 cum
1403 3696 1669 3768 prioribus
1699 3696 1994 3751 cohaerere.
2032 3693 2171 3762 Quid
2200 3692 2404 3764 igitur?

821 3786 981 3842 vultis
1007 3796 1064 3842 ut
1088 3787 1236 3857 prius
1267 3786 1571 3852 ostendam,
1594 3800 1718 3840 eum
1748 3784 1883 3837 nihil
1914 3785 2093 3853 seipse
2125 3781 2401 3852 indignum

819 3875 1063 3937 dixisse?
1092 3884 1186 3930 aut
1213 3876 1329 3931 hec
1357 3874 1424 3929 ad
1450 3875 1647 3930 seriem
1678 3872 1984 3944 quadrare?
2029 3872 2148 3928 Meo
2187 3872 2400 3943 quidem

815 3966 1020 4037 judicio
1046 3966 1215 4022 satius
1242 3964 1403 4021 fuerit
1423 4006 1441 4032 ,
1484 3965 1749 4035 posterius
1776 3954 1958 4035 priore
1987 3964 2103 4019 loco
2145 3964 2400 4019 demons-

819 4066 962 4112 trare
990 4076 1005 4113 ;
1029 4056 1107 4111 sic
1132 4055 1278 4110 enim
1304 4054 1533 4110 alterum
1560 4069 1771 4124 quoque
1797 4053 2002 4108 facilius
2032 4067 2095 4108 ac
2117 4053 2401 4109 dilucidius

820 4145 1002 4199 fuerit.
1048 4144 1327 4213 Quomodo
1353 4144 1514 4215 igitur
1542 4144 1657 4198 haec
1682 4157 1807 4198 cum
1832 4134 2200 4212 superioribus
2223 4142 2400 4197 cohae-

817 4233 985 4289 rent?
1022 4234 1115 4289 llla
1146 4230 1258 4302 ipsa
1289 4234 1344 4285 in
1375 4232 1689 4286 memoriam
1734 4230 2038 4300 redigamus
2064 4270 2079 4298 ,
2119 4240 2281 4299 atque
2326 4230 2397 4284 ita

815 4323 958 4379 istud
990 4322 1365 4391 intelligemus.
1414 4323 1669 4388 Quantam
1704 4321 1860 4391 igitur
1892 4321 1979 4375 illa
2030 4320 2221 4375 erant?
2266 4319 2398 4387 Qua:

815 4415 971 4472 initio
1003 4414 1255 4483 dicebat,
1298 4412 1438 4473 Nolo
1468 4430 1553 4469 vos
1572 4415 1807 4486 ignorare
1832 4414 1895 4469 de
1921 4414 2243 4469 tribulatione
2283 4430 2398 4485 qua!

814 4508 956 4576 facta
979 4513 1053 4561 est
1076 4504 1219 4559 nobts
1238 4505 1292 4560 in
1321 4503 1446 4559 Asia
1467 4545 1484 4574 ,
1514 4506 1751 4576 quoniam
1777 4521 1933 4574 supra
1960 4505 2166 4558 modum
2198 4504 2397 4577 gravati

810 4612 988 4651 sumus
1028 4612 1185 4668 supra
1222 4596 1474 4651 virtutem.
1538 4594 1731 4651 Postea
1794 4604 1972 4650 autem
2026 4595 2115 4650 ubi
2162 4595 2395 4651 ostendit

810 4684 1082 4754 quomodo
1128 4683 1383 4742 liberatus
1426 4685 1529 4749 sit,
1577 4698 1747 4753 eaque
1776 4700 1894 4753 quae
1938 4685 1993 4741 in
2042 4685 2219 4740 medio
2268 4695 2409 4740 sunt‘

808 4772 1098 4843 ittterjecit,
1146 4764 1465 4828 necessario
1503 4788 1693 4828 rursus
1737 4773 1895 4829 docet
1938 4790 1997 4829 se
2035 4775 2139 4830 alio
2182 4790 2392 4845 quoque

810 4861 974 4919 modo
988 4861 1241 4917 afﬂictum
1262 4853 1446 4915 fuisse.
1469 4859 1571 4927 Qui
1598 4860 1810 4915 tandem
1841 4862 2014 4917 istud?
2039 4864 2191 4932 Quod
2213 4865 2388 4918 Titum

808 4970 917 5011 nou
941 4953 1226 5010 invenerit.
1244 4952 1465 5026 Etenim
1493 4950 1636 5007 istud
1662 4951 1874 5021 quidem
1903 4968 2065 5022 grave
2094 4963 2199 5020 est,
2230 4963 2389 5024 atque

807 5046 874 5104 ad
923 5044 1389 5103 consternandum'
1423 5043 1662 5101 animum
1703 5059 1947 5114 magnam
1979 5046 2085 5099 vim
2134 5046 2338 5100 habens
2366 5088 2382 5112 ,

807 5152 1003 5207 nempe
1034 5136 1357 5192 tentationes
1386 5126 1570 5192 subire
1600 5152 1614 5187 :
1644 5142 1698 5187 at
1729 5149 1849 5188 cum
1894 5135 2044 5190 deest
2075 5136 2163 5205 qui
2190 5150 2386 5191 conso-

810 5229 952 5282 letur
972 5228 1344 5297 sarcinamque
1372 5243 1476 5282 una
1509 5225 1942 5293 sufferrequeat,
1974 5233 2081 5278 tum
2110 5226 2281 5301 major
2306 5234 2389 5280 est

807 5328 1119 5389 tempestas.
1149 5316 1301 5372 Titus
1331 5332 1488 5386 porro
1518 5319 1633 5387 ipse
1658 5325 1741 5372 est
1763 5357 1779 5382 ,
1821 5329 1979 5383 quem
2021 5314 2155 5369 infra
2186 5315 2253 5369 ab
2281 5315 2385 5371 illis

806 5406 877 5462 ad
899 5421 957 5463 se
984 5408 1196 5465 venisse
1236 5405 1444 5474 refert,
1468 5416 1521 5462 et
1545 5408 1615 5464 de
1642 5422 1751 5477 quo
1776 5406 1975 5460 multas
2008 5419 2071 5459 ac
2098 5406 2382 5473 prmelaras

805 5498 992 5555 laudes
1016 5507 1282 5565 recenset,
1310 5512 1575 5569 quemque
1600 5514 1631 5553 a
1656 5514 1716 5554 se
1744 5500 1967 5554 missum
1992 5512 2112 5553 esse
2147 5497 2377 5555 dicebat.

808 5588 879 5646 Ut
898 5590 1143 5647 ostendat
1162 5576 1296 5661 ergo
1319 5605 1376 5646 se
1398 5590 1632 5663 ipsorum
1654 5605 1815 5647 causa
1846 5591 1980 5645 banc
2004 5603 2227 5659 quoque
2243 5590 2379 5645 afﬂi-

805 5678 1038 5736 ctionem
1064 5681 1292 5739 subiisse
1315 5722 1331 5752 ,
1364 5680 1447 5739 bis
1475 5679 1650 5743 verbis
1680 5696 1807 5740 usus
1855 5689 1956 5739 est.
2002 5680 2153 5748 Quod
2197 5683 2374 5753 itaque

2516 3056 2634 3111 haec
2687 3049 2863 3107 verba
2903 3050 3145 3121 pulchre
3172 3064 3294 3105 cum
3341 3050 3706 3119 superioribus
3747 3056 4056 3115 cohaereant
4083 3100 4100 3128 ,

2513 3142 2639 3199 hinc
2666 3142 2951 3213 perspicue
2977 3149 3162 3210 patet;
3190 3139 3333 3210 quod
3361 3151 3538 3197 autem
3561 3143 3727 3201 Paulo
3752 3162 3861 3202 non
3888 3150 4099 3220 indigna

2510 3234 2618 3289 sint
2640 3274 2657 3299 ,
2690 3231 2742 3287 id
2763 3245 2976 3303 quoque
3002 3229 3220 3300 planum
3251 3230 3429 3288 facere
3454 3234 3714 3293 conabor.
3748 3235 3934 3309 Neque
3955 3243 4099 3296 enim

2512 3325 2613 3377 hoc
2641 3322 2773 3377 dicit
2798 3361 2818 3388 ,
2847 3319 2990 3390 quod
3018 3318 3121 3373 Titi
3160 3318 3401 3376 absentia
3444 3336 3631 3378 eorum
3654 3364 3670 3391 ,
3714 3324 3806 3395 qui
3836 3327 3904 3382 ad
3935 3327 4103 3389 fidem

2509 3413 2783 3469 accessuri
2809 3418 2997 3479 erant,
3037 3410 3195 3466 saluti
3239 3426 3444 3468 moram
3490 3413 3766 3485 attulerit,
3814 3433 3915 3474 nec
3953 3421 4097 3492 quod

2509 3515 2792 3575 propterea
2823 3517 2918 3557 eos
2944 3502 3033 3572 qui
3080 3501 3240 3558 fidem
3267 3514 3616 3574 susceperant
3660 3514 4049 3579 contempserit
4075 3554 4094 3581 ,

2508 3592 2602 3647 sed
2632 3591 2777 3661 quod
2808 3592 3045 3660 requiem
3077 3606 3181 3646 non
3211 3591 3478 3659 habuerit,
3526 3594 3627 3649 hoc
3650 3604 3734 3651 est
3761 3638 3776 3663 ,
3815 3598 3886 3653 ob
3915 3599 4099 3658 fratris

2504 3681 2803 3735 absentiam
2832 3681 2883 3735 in
2911 3680 3200 3736 afﬂictione
3222 3695 3288 3737 ac
3311 3682 3500 3738 dolore
3534 3693 3779 3743 versatus
3805 3688 3876 3743 sit
3903 3706 3917 3756 ;
3967 3690 4097 3749 ltinc

2506 3773 2756 3826 nimirum
2792 3772 3082 3828 ostendens
3120 3774 3305 3843 quanti
3351 3779 3609 3831 momenti
3655 3779 3727 3832 sit
3769 3779 3950 3837 fratris
3999 3785 4099 3839 ab-

2506 3865 2713 3927 sentia;
2740 3872 2900 3933 atque
2930 3863 3050 3917 Ideo
3077 3862 3227 3918 illinc
3254 3865 3568 3920 excesserit.
3605 3866 3746 3933 Quid
3768 3880 3946 3927 autem
3979 3875 4095 3931 haec

2503 3952 2667 4006 verba
2710 3951 2812 4007 sibi
2857 3952 3080 4019 volunt,
3114 3950 3257 4006 Cum
3298 3955 3541 4009 venissem
3591 3954 3840 4012 Troadem
3886 3973 4093 4033 prapter

2502 4043 2815 4113 evangelium
2833 4044 2858 4096 ?
2885 4042 3000 4097 Non
3027 4083 3041 4107 ,
3071 4044 3239 4112 inquit
3263 4084 3279 4111 ,
3327 4054 3529 4101 temere
3553 4061 3619 4103 eo
3647 4049 3917 4118 profectus
3944 4070 4089 4123 sum,

2502 4132 2596 4186 sed
2629 4142 2685 4187 ut
2715 4132 3083 4202 praedicarem.
3127 4133 3196 4189 Et
3232 4142 3409 4191 tamen
3440 4136 3564 4192 licet
3595 4152 3657 4192 ea
3700 4138 3769 4195 de
3813 4156 3976 4197 causa
4021 4159 4089 4203 eo

2502 4237 2588 4276 me
2636 4224 2980 4279 contulissem
3008 4265 3024 4290 ,
3084 4238 3147 4279 ac
3214 4226 3505 4287 maximum
3550 4242 3685 4299 Opus
3722 4234 4089 4301 reperissem;

2504 4314 2705 4370 Ostium
2748 4317 2891 4372 enim
2941 4318 3067 4371 mihi
3115 4328 3347 4387 apertum
3390 4329 3515 4374 esset
3553 4321 3607 4374 in
3650 4319 3874 4377 Domino
3898 4341 3921 4390 ,'
3968 4326 4089 4383 Non

2500 4409 2652 4463 habui
2674 4411 2911 4477 requiem,
2934 4411 3128 4479 inquit:
3147 4411 3356 4465 tametsi
3386 4426 3491 4467 non
3514 4422 3798 4481 propterea
3820 4430 3958 4485 Opus
3982 4419 4083 4474 im-

2499 4500 2734 4569 peditum
2763 4500 2939 4556 fuerit.
2984 4500 3092 4555 Cur
3120 4515 3246 4571 ergo
3275 4500 3444 4567 dicit,
3474 4502 3562 4555 15.
3602 4501 3923 4574 Valefaciens
3966 4511 4037 4565 eis
4063 4550 4080 4576 ,

2496 4589 2649 4644 abii?
2688 4591 2800 4646 Hoc
2827 4600 2947 4653 est,
2996 4606 3107 4660 prae
3153 4591 3317 4644 animi
3348 4593 3589 4661 angustia
3638 4608 3701 4648 ac
3739 4595 3930 4653 dolore
3975 4615 4078 4656 non

2496 4680 2750 4737 diuturno
2800 4693 3041 4752 tempore
3088 4682 3196 4737 illic
3241 4691 3479 4737 moratus
3523 4697 3661 4738 sum.
3706 4676 3784 4741 Ac
3852 4688 4078 4746 fortasse

2496 4771 2654 4824 etiam
2678 4771 2818 4825 illius
2844 4771 3082 4826 absentia
3101 4771 3314 4841 negotio
3336 4772 3772 4842 impedimentum
3800 4774 4075 4834 aﬂ'erebat.

2495 4862 2609 4915 Hoc
2639 4878 2798 4932 porro
2827 4878 2931 4917 non
2960 4878 3138 4933 parvae
3162 4879 3374 4933 quoque
3401 4865 3757 4923 consolationi
3782 4867 3911 4935 ipsis
3940 4881 4071 4924 erat.

2492 4952 2623 5007 Nam
2652 4954 2718 5017 si,
2757 4968 2877 5007 cum
2908 4953 3050 5007 fores
3083 4954 3189 5008 illic
3218 4964 3418 5025 aperta:
3446 4965 3649 5020 essent,
3678 4963 3841 5023 atque
3865 4959 3934 5012 ob
3960 4974 4073 5014 eam

2491 5058 2706 5098 causam
2734 5045 3006 5111 venisset,
3039 5046 3289 5115 quoniam
3313 5045 3531 5101 fratrem
3562 5061 3666 5099 non
3696 5045 3924 5112 invenit,
3949 5066 4074 5105 con-

2490 5134 2667 5190 festim
2693 5137 2973 5201 abscessit,
2991 5137 3160 5191 multo
3177 5138 3379 5207 aequius
3401 5147 3501 5200 est,
3518 5135 3706 5204 inquit,
3727 5152 3823 5193 vos
3841 5143 4070 5209 negotio-

2490 5241 2606 5280 rum
2638 5227 2895 5297 angustiis
2923 5226 3422 5290 tte-necessitatibus
3452 5225 3731 5294 ignoscere
3754 5270 3768 5293 ,
3814 5245 3935 5299 qua:
3976 5244 4074 5284 nos

2489 5332 2914 5389 quaquaversum
2953 5328 3116 5389 agunt
3134 5332 3195 5371 ac
3211 5317 3595 5384 circumagunt,
3613 5331 3711 5371 nec
3732 5319 3797 5373 ad
3824 5334 3918 5374 eos
3938 5336 4072 5391 quos

2491 5410 2732 5463 Volumus
2748 5410 3008 5464 arbitratu
3026 5418 3211 5464 nostro
3230 5405 3515 5477 proﬁcisci,
3527 5421 3589 5462 ac
3605 5408 3806 5465 diutius
3823 5412 3963 5481 apud
3979 5428 4071 5467 eos

2486 5500 2682 5554 morari
2715 5501 2914 5553 sinunt.
2951 5498 3104 5554 Unde
3130 5498 3314 5561 etiam,
3340 5506 3399 5551 ut
3425 5511 3581 5566 supra
3618 5501 3850 5570 spiritui,
3882 5503 3954 5557 ita
3981 5502 4070 5559 hic

2485 5604 2696 5660 quoque
2736 5591 2845 5645 Deo
2888 5588 3349 5659 peregrinationes
3394 5604 3516 5643 suos
3554 5590 3905 5659 adscribens,
3950 5593 4068 5650 haec

2484 5682 2752 5755 subiungit
2775 5700 2785 5736 :
2806 5682 2889 5739 14.
2916 5681 3017 5737 Deo
3036 5690 3201 5736 autem
3224 5681 3431 5753 gratias,
3457 5686 3542 5754 qui
3570 5701 3769 5756 semper
3788 5687 4070 5759 triumphat
