4060 6346
617 336 722 393 ιιῖθ

611 448 689 520 μὴ
729 445 857 518 δόξῃ
889 443 1247 517 ὀλοφύρεσθαι
1294 446 1469 502 ταῦτα
1510 447 1687 515 λέγων
1707 487 1722 512 ,
1752 448 1968 515 ἐπάγει,
1997 450 2080 502 ᾰτι
2101 449 2176 501 Οὐ

611 541 773 609 μόνον
816 554 916 591 ουκ
947 537 1225 606 ἀλγοῦμεν
1276 539 1333 590 ὲν
1361 540 1483 600 ταῖς
1514 537 1728 606 θλίψισι
1767 539 2016 604 ταύταις,
2040 541 2179 596 ἀλλὰ

610 631 706 682 καὶ
742 629 1002 699 χαίρομεν
1033 644 1046 658 ·
1085 627 1178 680 καὶ
1219 627 1286 679 τὸ
1329 622 1516 696 μεῖζον
1534 667 1554 693 ,
1607 629 1669 681 οὐ
1724 627 1836 683 τῶν
1874 630 2178 700 μελλόντων

605 718 791 771 Ξνεκεν
831 718 989 787 μόνον
1019 715 1292 778 ἐπάθλων,
1323 716 1464 769 ἀλλά
1493 717 1588 769 καὶ
1625 717 1803 772 αὐτῶν
1829 703 1957 773 τῶν
1976 722 2179 792 παρόν·

603 825 714 862 των
740 822 754 838 ‘
771 808 883 862 καὶ
915 810 1024 877 γὰρ
1050 806 1285 860 ἐνταῦθά
1312 808 1480 877 ἐσμεν
1501 808 1746 881 λαμπροὶ
1767 812 1833 864 ὲκ
1853 812 2058 865 τούτων
2084 813 2179 867 καὶ

605 901 946 970 περιφανεῖς.
970 896 1234 950 Τοσοῦτον
1261 897 1442 952 τοίνυν
1475 899 1757 970 ἀπέχομεν
1783 885 1880 954 τοῦ
1917 902 2135 974 θρηνεῖν
2157 942 2173 968 ,

605 992 689 1044 ὅτι
719 985 814 1043 καὶ
852 987 1120 1058 θρίαμϐον
1151 987 1212 1039 τὸ
1255 989 1489 1058 πρᾶγμα
1512 973 1807 1060 καλοῦμεν,
1844 973 2179 1060 καὶνὲγκαλ-

603 1077 960 1147 λωπιζόμεθα
999 1080 1113 1140 τοῖς
1177 1078 1501 1149 γινομένοις.
1527 1082 1617 1134 Διὸ
1649 1081 1745 1135 καὶ
1781 1082 1956 1150 έλεγε,
1994 1082 2078 1147 Τῷ
2108 1083 2176 1138 δὲ

601 1169 731 1235 Θεῷ
760 1169 932 1238 χάρις
960 1167 1042 1232 τῷ
1061 1166 1318 1222 πάντοτε
1346 1167 1507 1238 ἡμᾶς
1539 1173 1946 1241 θριαμϐεύοντι
1971 1185 1988 1204 ⁶
2014 1190 2173 1227 τουτ-

599 1263 755 1324 έστι,
820 1259 902 1329 τῷ
949 1260 1085 1312 πᾶσι
1129 1252 1374 1312 ποιόῦντι
1420 1264 1762 1330 περιφανεῖς.
1799 1264 1863 1314 Ὃ
1895 1263 2178 1333 γάρδοκεῖ

601 1349 744 1406 εῐναι
783 1350 1042 1420 ἀτιμίας,
1066 1349 1127 1402 τὸ
1156 1349 1420 1404 πάντοθεν
1447 1349 1790 1413 ἐλαύνεσθαι,
1815 1350 1973 1405 τοῦτο
2008 1356 2174 1424 τιμῆς

597 1446 730 1514 ἡμῖν
757 1438 900 1495 εῖναι
928 1440 1177 1509 φαίνεται
1206 1441 1488 1511 μεγίστης.
1516 1442 1609 1494 Διὸ
1636 1443 1743 1496 οὐκ
1763 1440 1883 1496 εἶπε
1902 1484 1918 1508 ,
1952 1445 2042 1515 Τῷ
2071 1462 2170 1498 κα-

597 1534 862 1618 τψήλους
882 1530 1146 1618 ποιοῦντι,
1165 1529 1322 1597 ἀλλὰ,
1354 1531 1436 1596 Τῷ
1466 1533 1903 1600 θριαμϐεύοντι·
1935 1534 2168 1599 δεικνὺς,

597 1613 681 1680 δτι
711 1626 760 1678 οἱ
801 1622 1032 1693 διωγμοὶ
1076 1613 1227 1675 οῦτοι
1264 1620 1507 1692 τρόπαια
1536 1626 1736 1693 συνεχῆ
1770 1623 1911 1677 κατά
1933 1623 2027 1678 τοῦ
2057 1625 2170 1678 δια-

599 1716 758 1769 ϐόλου
804 1712 1086 1784 πανταχοῦ
1119 1713 1221 1782 τῆς
1264 1714 1368 1782 γῆς
1401 1714 1714 1769 ἀνιστῶσιν.
1743 1711 1876 1769 Εἶτα
1913 1717 2052 1786 μετά
2073 1715 2169 1768 τοῦ

597 1805 1032 1876 θριαμϐεύοντος
1069 1803 1185 1867 θεὶς
1209 1804 1304 1857 καὶ
1336 1803 1436 1874 τὴν
1464 1805 1739 1860 ὑπόθεσιν.
1766 1807 2014 1876 ἀνίστησι
2039 1808 2169 1860 κάν-

594 1897 782 1950 τεῦθεν
797 1896 887 1949 τὸν
907 1895 1285 1964 ἀκροατήν.οὐ
1301 1893 1408 1965 γὰρ
1424 1895 1580 1964 μόνον
1594 1895 1697 1949 ὑπὸ
1713 1895 1808 1948 τοῦ
1824 1896 1956 1948 Θεοῦ
1971 1896 1998 1948 θ
2008 1913 2169 1966 ριαμ-

595 1985 869 2056 ϐευόμεθα
895 2023 910 2048 ,
940 1983 1078 2037 ἀλλὰ
1115 1985 1209 2038 καὶ
1249 1985 1308 2036 έν
1359 1984 1588 2055 Χριστῷ
1608 1999 1623 2014 ο
1653 1984 1897 2036 τουτέστι
1921 2023 1936 2048 ,
1960 1984 2048 2037 διὰ
2080 1986 2169 2038 τὸν

594 2074 830 2144 Χριστὸν
869 2076 964 2127 καὶ
995 2073 1055 2126 τὸ
1077 2073 1360 2144 κήρυγμα.
1403 2071 1653 2124 Ἐπειδὰν
1676 2070 1780 2142 γὰρ
1807 2071 2168 2142 θριαμϐεῦσαι

593 2165 710 2238 δέῃ,
753 2165 967 2233 ἀνάγκη
1009 2164 1160 2216 πᾶσα
1202 2163 1296 2213 καὶ
1348 2162 1494 2230 ἡμᾶς
1521 2162 1646 2223 τοὺς
1677 2162 1936 2231 φέροντας
1959 2163 2018 2216 τὸ
2040 2166 2167 2236 τρό-

593 2273 758 2310 παιον
818 2252 1152 2323 καταδήλους
1181 2247 1340 2317 εἶναι,
1366 2252 1556 2322 ἐπειδὴ
1583 2251 1747 2306 αὐτὸν
1783 2252 2124 2325 βαστάζομεν
2146 2293 2163 2310 .

592 2347 691 2402 Διά
712 2344 869 2397 τοῦτο
922 2342 1277 2415 περίϐλεπτοί
1325 2345 1516 2413 ἐσμεν,
1566 2345 1664 2396 καὶ
1693 2345 2166 2413 περιφανεῖς.Καί

591 2437 709 2503 τὴν
747 2433 948 2502 ὀσμὴν
985 2432 1097 2502 τῆς
1140 2433 1416 2503 γνώσεως
1474 2432 1662 2487 αὐτοῦ
1703 2432 2065 2502 φανεροῦντι
2088 2434 2164 2487 δι’

592 2525 762 2594 ἡμῶν
782 2525 851 2578 ἐν
886 2522 1063 2578 παντὶ
1089 2524 1268 2585 τόπῳ.

663 2735 729 2806 β’.
752 2737 894 2788 Ἀνω
915 2730 1057 2798 εἷπε,
1076 2733 1339 2786 Πάντοτε
1356 2729 1783 2799 θριαμϐεύοντι,
1800 2731 2053 2796 ἐνταῦθα,
2071 2729 2167 2783 Ἐν

590 2827 767 2880 παντὶ
790 2826 970 2888 τόπῳ,
1004 2823 1135 2893 φησί
1159 2839 1171 2854 ο
1198 2822 1413 2885 δεικνὺς
1433 2823 1516 2876 ὅτι
1548 2823 1640 2876 καὶ
1670 2822 1832 2886 τόπος
1854 2823 1948 2876 καὶ
1971 2820 2165 2892 καιρὸς

591 2918 698 2980 πᾶς
730 2915 837 2968 τῶν
866 2914 1042 2968 ἀθλων
1069 2914 1453 2984 ὲμπέπλησται
1486 2912 1595 2965 τῶν
1625 2913 2018 2966 ἀποστολικῶν.
2053 2914 2165 2967 Καὶ

597 3009 754 3078 ἑτέρᾳ
804 3006 964 3059 πάλιν
1007 3005 1270 3075 κέχρηται
1315 3005 1600 3074 μεταφορᾷ
1640 3005 1706 3073 τῇ
1758 3002 1858 3072 τῆς
1915 3002 2161 3066 εὐωδίας.

589 3100 855 3170 Καθάπερ
884 3097 994 3167 γὰρ
1030 3097 1199 3166 μύρον
1222 3093 1601 3164 βαστάζοντες,
1627 3091 1768 3147 οὐτω
1803 3095 1966 3146 πᾶσίν
1997 3094 2164 3162 ἐσμεν

589 3187 902 3255 κατάδηλοι,
969 3183 1149 3252 φησί·
1219 3180 1388 3252 μύρον
1447 3181 1741 3250 πολύτιμον
1806 3181 1902 3251 τὴν
1962 3179 2164 3248 γνῶσιν

588 3274 740 3346 Τιθτ]
773 3275 967 3342 λέγων.
1008 3273 1117 3327 Καὶ
1141 3273 1239 3324 οὐκ
1271 3269 1412 3335 εἷπε,
1443 3272 1554 3340 Τὴν
1585 3271 1807 3337 γνῶσιν,
1841 3271 1978 3332 ἀλλ’,
2026 3269 2163 3322 Ὀσ-

588 3368 712 3435 μὴν
739 3366 1034 3435 γνώσεως.
1069 3362 1319 3414 Τοιοῦτον
1349 3361 1455 3432 γὰρ
1486 3363 1518 3431 ἡ
1549 3360 1799 3432 παροῦσα
1832 3361 2052 3429 γνῶσις,
2100 3360 2161 3413 οὐ

594 3459 796 3527 σφόδρα
833 3455 1042 3524 σαφὴς,
1077 3454 1196 3506 οὐδὲ
1233 3453 1706 3524 ὲκκεκαλυμμένη.
1751 3454 1840 3506 Διὸ
1870 3455 1963 3506 καὶ
1997 3455 2054 3507 ὲν
2095 3455 2162 3523 τῇ

592 3547 832 3618 προτέρα
883 3546 1064 3613 ἔλεγεν
1130 3544 1413 3613 Ἐπιστολῇ
1441 3583 1456 3607 ,
1505 3543 1819 3609 Βλέπομεν
1869 3544 1977 3610 γὰρ
2035 3543 2164 3607 ἄρτι

595 3637 665 3690 δι’
703 3637 1001 3703 ἐσόπτρου
1041 3635 1110 3687 ἐν
1151 3634 1466 3700 αἰνίγματι,
1492 3634 1587 3684 καὶ
1628 3631 1858 3684 ἐνταῦθα
1896 3632 2073 3702 ὀσμὴν
2104 3633 2164 3684 τὸ

589 3727 826 3780 τοιοῦτον
848 3726 1017 3795 μύρον
1035 3737 1059 3764 ει
1090 3723 1263 3776 καλεῖ.
1298 3723 1353 3775 ’0
1376 3723 1431 3775 δὲ
1455 3723 1553 3793 τὴν
1574 3723 1746 3793 ὀσμὴν
1763 3723 1935 3787 εἰδὼς,
1959 3725 2040 3776 ὅτι
2066 3724 2164 3794 μὲν

590 3817 704 3869 ἔστι
727 3815 894 3886 μύρον
925 3831 1024 3865 που
1052 3813 1302 3881 κείμενον
1324 3809 1453 3873 οἶδε,
1482 3811 1722 3862 ποταπὸν
1749 3811 1806 3861 δὲ
1829 3810 1926 3879 τὴν
1951 3810 2160 3874 οὐσίαν,

589 3909 791 3972 οὐκέτι,
827 3907 920 3959 ἐὰν
962 3905 1035 3974 μὴ
1064 3905 1326 3974 πρότερον
1363 3901 1492 3954 αὐτὸ
1523 3900 1673 3964 εἰδὼς
1700 3900 1857 3971 τύχῃ.
1887 3900 2042 3952 υῦτω
2071 3900 2165 3952 καὶ

589 4000 770 4069 ἡμεῖς,
803 3998 882 4049 ὅτι
919 3995 1017 4065 μὲν
1049 3995 1166 4046 ἐστι
1213 3993 1343 4055 Θεὸς
1386 3992 1563 4061 ἴσμεν,
1609 3993 1659 4045 τί
1704 3991 1759 4043 δὲ
1807 3992 1902 4061 τὴν
1949 3989 2160 4054 οὐσίαν,

588 4090 789 4142 οὐκέτι.
845 4088 1056 4156 Ὠσπερ
1102 4080 1194 4138 οὖν
1245 4085 1599 4153 θυμιατήριόν
1644 4085 1810 4152 ἐσμεν
1866 4081 2161 4151 βασιλικὸν,

587 4183 720 4233 ὅπου
745 4179 808 4230 ἂν
834 4176 1155 4244 ἀπέλθωμεν
1181 4174 1275 4228 τοῦ
1297 4177 1544 4246 οὐρανίου
1575 4174 1826 4235 πνέοντες
1850 4172 2046 4242 μύρου,
2070 4171 2166 4223 καὶ

589 4276 689 4344 τῆς
725 4274 1105 4341 πνευματικῆς
1150 4271 1396 4332 εὐωδίας.
1457 4270 1642 4323 Ταῦτα
1688 4268 1742 4321 δὲ
1785 4267 1987 4335 ἔλεγεν,
2030 4265 2163 4336 ὁμοῦ

591 4372 684 4423 καὶ
730 4368 823 4420 τοῦ
855 4367 1208 4436 κηρύγματος
1241 4366 1454 4426 δεικνὺς
1502 4365 1600 4434 τὴν
1643 4365 1816 4433 ἰσχὺν,
1867 4366 1946 4417 ὅτι
1994 4360 2058 4414 δι’
2090 4355 2165 4415 ὧν

597 4463 1052 4524 ἐπιϐουλεύονται,
1105 4460 1196 4514 διὰ
1244 4461 1446 4518 τούτων
1492 4461 1767 4529 λάμπουσι
1816 4457 2014 4527 μᾶλλον
2058 4457 2164 4510 τῶν

590 4563 894 4614 διωκόντων
915 4557 1130 4622 αὐτοὺς,
1165 4558 1256 4608 καί
1283 4559 1461 4608 πᾶσαν
1488 4556 1584 4625 τὴν
1607 4555 1928 4625 οἰκουμένην
1952 4553 2164 4606 ποιούν-

588 4674 694 4711 των
716 4655 745 4694 ὶ)
778 4653 973 4710 εἰδέναι
1001 4653 1096 4705 καὶ
1119 4654 1186 4704 τὰ
1214 4652 1445 4724 τρόπαια
1477 4652 1652 4705 αὐτῶν
1680 4652 1770 4704 καὶ
1793 4651 1890 4721 τὴν
1919 4651 2164 4716 εὐωδίαν,

591 4747 1061 4818 καὶ-παρακαλῶν
1097 4747 1237 4820 ὑπὲρ
1266 4746 1374 4798 τῶν
1416 4746 1648 4815 θλίψεων
1693 4747 1892 4827 αὐτοὺς
1938 4746 2165 4798 καὶτῶν

589 4844 939 4918 πειρασμῶν,
975 4843 1114 4896 ὥστε
1147 4844 1321 4924 πάντᾳ
1360 4843 1544 4912 φέρειν
1577 4842 1860 4908 γενναίως,
1897 4841 1949 4893 εί
1978 4858 2042 4908 γε
2074 4843 2166 4894 καὶ

590 4942 697 5014 πρὸ
743 4941 840 5009 τῆς
888 4939 1208 4998 ἀντιδόσεως
1246 4937 1448 5005 ἄφατον
1499 4933 1835 5006 καρποῦνται
1883 4936 1944 4988 τὸ
1989 4937 2160 4998 κλέος.

595 5042 724 5088 Ὀτι
745 5031 1004 5103 Χριστοῦ
1034 5031 1248 5084 εὐωδία
1273 5031 1458 5100 ἐσμὲν
1486 5030 1564 5094 τῷ
1587 5028 1707 5094 Θεῷ
1735 5030 1803 5081 ἐν
1842 5029 1964 5093 τοῖς
1986 5030 2168 5088 σωζο-

590 5128 818 5197 μένοις,
849 5128 947 5182 καὶ
972 5127 1042 5180 ἐν
1069 5125 1191 5191 τοῖς
1214 5125 1679 5192 ἀπολλυμένοις.
1711 5127 1810 5176 "Av
1836 5141 1895 5175 τε
1925 5125 2033 5193 γὰρ
2066 5124 2168 5175 σώο

596 5222 757 5294 ζηταί
783 5238 885 5282 τις.
927 5205 1113 5290 φησὶν,
1158 5220 1222 5273 ἄν
1259 5237 1317 5272 τε
1351 5217 1709 5286 ἀπολλύηται,
1749 5220 1810 5268 τὸ
1852 5219 2168 5285 εὐαγγέλιον

592 5319 692 5391 τὴν
725 5315 933 5372 οίκείαν
982 5316 1184 5386 ἀρετὴν
1241 5315 1364 5384 ἕχον
1413 5313 1582 5382 μένει.
1637 5311 1748 5364 Καὶ
1799 5311 2050 5381 καθάπερ
2107 5311 2168 5363 τὸ

659 5605 686 5634 ⁸
712 5604 827 5662 Νι,
873 5602 929 5650 τὸ
981 5600 1193 5650 τοιοῦτον
1238 5600 1414 5662 μύρον,
1442 5597 1498 5647 ιη
1521 5597 1691 5662 _E_ditis_
1721 5599 1863 5656 μύρον
1902 5597 2062 5647 deest.
2112 5598 2166 5646 In

598 5658 895 5731 Oqioljmépo
925 5662 1010 5731 his:
1044 5664 1125 5731 hic
1149 5658 1336 5731 aligtndt
1357 5660 1469 5708 folia
1495 5658 1651 5706 ablata
1672 5659 1827 5707 fuere.

657 5723 689 5768 δ
711 5727 856 5776 Sull.
884 5723 1080 5782 conjicit
1104 5723 1309 5771 ποιοῦσι.

1309 331 1367 388 S.
1408 331 1698 389 JOANMS
1731 333 2167 390 CHRYSOSTO!

2276 339 2586 400 AHCHIEP.
2629 341 3178 408 CONSTANTINOP.

2289 456 2404 524 φῶς
2430 469 2476 523 ο,
2514 461 2618 514 κᾶν
2647 460 2870 536 σκοτίζῃ
2899 465 3025 527 τούς
3056 463 3319 528 ἀσθενεῖς,
3361 464 3476 535 φῶς
3515 465 3655 528 ιστι,
3691 477 3890 520 καίτοι

2289 550 2569 614 σκοτίζον·
2621 554 2715 607 καὶ
2751 552 2813 605 τὸ
2845 552 2972 623 μέλι
3015 550 3116 606 κάν
3169 553 3364 624 πικρὸν
3409 550 3446 625 ᾖ
3490 556 3605 617 τοῖς
3627 550 3887 620 νοσοῦσι,

2285 638 2453 704 γλυκύ
2485 643 2582 712 τὴν
2614 644 2776 712 φύσιν
2804 645 2952 697 ἐστιν
2990 659 3005 674 ·
3032 642 3176 697 οὕτω
3203 645 3300 696 καί⁵
3322 645 3385 698 τὸ
3415 646 3739 715 εὐαγγέλιον
3778 648 3883 701 εὐ-

2283 728 2414 793 ῶδές
2461 733 2594 795 ἐστι,
2631 733 2729 786 κᾶν
2760 732 3135 788 ἀπολλύωνταί
3182 750 3329 798 τινες
3367 735 3748 801 ἀπιστοῦντες.
3796 739 3884 790 οο

2281 822 2390 894 γάρ
2419 823 2579 877 αὐτοῦ
2610 825 2768 896 ἔργον
2791 833 2822 896 η
2855 823 3120 887 ἀπώλεια,
3145 822 3281 878 ἀλλά
3306 824 3403 894 τῆς
3429 826 3652 880 ἐκείνων
3682 829 3885 896 ἀγνωο

2285 913 2539 984 μοσύνης.
2569 917 2678 968 Καὶ
2703 915 2876 986 ταύτῃ
2907 916 2964 968 δὲ
2996 915 3233 986 μάλιστα
3260 914 3293 984 ή
3319 915 3518 968 εὐωδία
3537 917 3706 970 αὐτοῦ
3733 919 3882 988 φαί-

2282 996 2516 1074 νεται,ᾖ
2567 1003 2618 1055 οί
2658 1003 3041 1073 διεφθαρμένοι
3093 1003 3188 1056 καὶ
3231 1004 3463 1074 πονηροὶ
3507 1005 3878 1061 ἀπόλλυνται.

2283 1089 2444 1142 Ὥστε
2464 1093 2563 1144 οὐκ
2590 1092 2698 1144 ἀπὸ
2716 1091 2815 1160 τῆς
2837 1092 2945 1145 τῶν
2971 1093 3189 1160 ἀγαθῶν
3216 1093 3488 1162 σωτηρίας
3510 1092 3694 1162 μόνον,
3721 1095 3884 1147 ἀλλὰ

2282 1179 2374 1232 καὶ
2405 1181 2511 1233 ἀπὸ
2534 1182 2631 1250 τῆς
2658 1181 2768 1234 τῶν
2798 1182 3052 1253 πονηρῶν
3083 1182 3362 1246 ἀπωλείας
3385 1182 3658 1236 δείκνυται
3693 1184 3882 1237 αὐτοῦ

2281 1268 2314 1336 ἡ
2344 1269 2533 1338 ἀρετή.
2582 1269 2734 1323 Ἐπεὶ
2781 1270 2878 1325 καὶ
2905 1272 2934 1324 ὁ
2963 1271 3114 1341 ήλιος
3133 1314 3148 1339 ,
3180 1273 3368 1343 ἐπειδὴ
3400 1273 3601 1344 σφόδρα
3632 1274 3884 1346 φαιδρός

2279 1359 2416 1441 ἐστι,
2462 1357 2547 1411 διὰ
2596 1359 2757 1412 τοῦτο
2804 1360 3039 1430 μάλιστα
3069 1363 3295 1431 πλήττει
3342 1363 3451 1417 τῶν
3490 1365 3884 1419 ἀσθενούντων

2278 1450 2375 1512 τὰς
2399 1451 2551 1520 ὕψεις
2574 1467 2587 1480 ·
2625 1453 2718 1505 καὶ
2745 1453 2775 1504 ὁ
2810 1453 3001 1525 Σωτὴρ
3027 1454 3108 1517 εις
3135 1454 3344 1508 πτῶσιν
3367 1455 3576 1509 πολλῶν
3612 1457 3707 1509 καὶ
3731 1458 3883 1510 ἀνά-

2279 1538 2467 1592 στασίν
2501 1540 2669 1604 ἐστιν,
2715 1539 2830 1594 ἀλλ’
2859 1542 3007 1611 ὅμως
3055 1543 3207 1613 μένει
3256 1544 3447 1615 Σωτὴρ
3487 1544 3583 1608 ὢν,
3625 1549 3724 1598 καὶ
3754 1565 3883 1616 μυο

2279 1625 2410 1693 ρίων
2445 1626 2782 1679 πιπτόντων·
2821 1629 2914 1680 καὶ
2961 1631 2994 1697 ή
3053 1630 3334 1700 παρουσία
3379 1631 3543 1684 αὐτοῦ
3594 1634 3884 1702 μειζόνως

2277 1716 2503 1768 ἐκόλασε
2535 1718 2663 1779 τοὺς
2697 1719 2772 1787 μὴ
2810 1719 3190 1789 πειθομένους,
3226 1721 3344 1774 ἀλλ’
3376 1723 3527 1793 ὅμως
3562 1725 3717 1794 μένει
3749 1743 3882 1780 σωο

2276 1807 2464 1876 τήριος
2488 1803 2644 1864 οὖσα.
2683 1808 2782 1861 Διά
2808 1808 2967 1862 τοῦτο
2987 1811 3081 1864 καὶ
3111 1812 3273 1874 αὐτός
3297 1828 3483 1883 φησιν,
3510 1814 3592 1867 ὅτι
3619 1815 3710 1881 τῷ
3733 1815 3882 1881 Θεῷ

2276 1899 2495 1952 εὐωδία
2531 1900 2718 1970 ἐσμέν
2743 1918 2756 1933 ·
2792 1903 3062 1966 τουτέστι,
3107 1902 3228 1956 Κᾶν
3265 1902 3642 1958 ἀπολλύωνταί
3687 1922 3879 1969 τινες,

2278 1991 2438 2059 ἡμεῖς
2483 1992 2713 2062 μένομεν
2761 1991 2920 2046 τοῦτο
2975 1992 3126 2059 ὅντες
3173 1995 3312 2066 ὅπερ
3361 1995 3548 2064 ἐσμέν.
3596 1996 3712 2049 Καὶ
3756 1999 3879 2065 οὐκ

2276 2077 2460 2140 ἁπλῶς
2486 2073 2660 2146 εἶπεν,
2695 2079 2948 2143 εὐωδία,
2979 2080 3135 2146 ἀλλὰ,
3172 2081 3257 2148 Τῷ
3292 2080 3434 2146 Θεῷ.
3469 2082 3638 2136 Ὅταν
3674 2083 3733 2137 δὲ
3777 2083 3880 2154 τῷ

2274 2168 2390 2239 Θεῷ
2425 2170 2622 2222 εὐωδία
2669 2163 2838 2239 ὦμεν,
2884 2171 3133 2233 κάκεῖνος
3173 2171 3345 2225 ταῦτα
3403 2172 3727 2242 ψηφίζηται,
3771 2175 3878 2238 τίς

2273 2259 2490 2328 ἀντερεῖ
2539 2259 2752 2324 λοιπόν;
2790 2258 2900 2312 Καὶ
2949 2259 3028 2325 τὸ,
3062 2261 3299 2329 Χριστοῦ
3328 2261 3384 2314 δὲ
3410 2262 3624 2326 εὐωδία,
3659 2264 3877 2335 διπλῆν

2277 2363 2367 2416 μοι
2399 2347 2496 2418 τὴν
2540 2348 2798 2418 ἐξήγησιν
2837 2346 2982 2417 Εχειν
3011 2347 3179 2402 δοκεῖ.
3217 2348 3287 2401 Ἢ
3315 2349 3424 2420 γὰρ
3457 2349 3616 2404 τοῦτό
3665 2367 3872 2422 φησιν,

2271 2438 2352 2491 ὄτι
2380 2440 2602 2501 ἑαυτοὺς
2627 2438 2818 2492 θυσίαν
2851 2438 3192 2508 προσέφερον
3226 2439 3682 2512 ἀποθνήσκοντες,
3713 2443 3747 2512 ἢ
3773 2445 3873 2497 ὅτι

2271 2530 2372 2599 τῆς
2403 2529 2496 2581 τοῦ
2524 2528 2761 2600 Χριστοῦ
2793 2528 3008 2599 σφαγῆς
3039 2528 3238 2583 εὐωδία
3270 2530 3437 2598 ἐσμέν
3470 2547 3485 2561 ·
3516 2531 3593 2595 ὡς
3617 2533 3683 2585 ἀν
3713 2534 3871 2586 εἴποι

2273 2633 2377 2679 τις,
2413 2617 2578 2671 Τοῦδε
2608 2619 2701 2673 τοῦ
2734 2620 2933 2690 ἱερείου
2964 2619 3162 2675 εὐωδία
3192 2621 3311 2673 ἐστὶ
3341 2621 3459 2674 τόδε
3483 2623 3543 2674 τὸ
3571 2622 3864 2693 θυμίαμα.

2277 2709 2349 2760 Ἢ
2397 2708 2554 2764 τοῦτο
2583 2705 2675 2762 οὖν
2733 2710 2984 2777 ἐμφαίνει
3031 2709 3134 2779 τῆς
3166 2712 3395 2775 εὐωδίας
3435 2713 3496 2765 τὸ
3543 2714 3758 2786 ὄνομα·
3799 2717 3866 2787 ἢ,

2272 2799 2409 2869 ὅπερ
2435 2797 2604 2869 ἔφθην
2637 2798 2828 2863 εἰπὼν,
2853 2799 2952 2852 ἦτι
2995 2799 3118 2852 καθ’
3157 2802 3371 2870 ἡμέραν
3401 2802 3617 2858 θύονται
3642 2805 3736 2860 διὰ
3765 2808 3871 2860 τὸν

2272 2890 2524 2961 Χριστόν.
2603 2886 2756 2952 Εἶδες
2815 2886 2918 2941 ποῦ
2997 2889 3123 2953 τοὺς
3188 2893 3529 2961 πειρασμούς
3589 2894 3868 2965 ἀνήγαγε,

2272 2981 2540 3052 θρίαμϐον
2579 2982 2673 3034 καὶ
2706 2979 2858 3052 [468]
2901 2981 3128 3034 εὐωδίαν
3174 2982 3377 3049 καλῶν,
3426 2984 3522 3042 καὶ
3555 2984 3754 3039 θυσίαν
3783 2988 3871 3059 τῷ

2271 3071 2390 3141 Θεῷ
2417 3070 2834 3141 προσαγομένην
2856 3089 2870 3137 ;
2903 3067 3064 3137 Εἶτα,
3089 3073 3277 3144 ἐπειδὴ
3294 3069 3465 3140 εἶπεν,
3497 3076 3736 3130 Εὑωδία
3756 3078 3871 3130 ἐσ-

2273 3159 2403 3226 μὲν,
2445 3158 2543 3210 καὶ
2588 3160 2657 3210 ἐν
2698 3158 2824 3222 τοῖς
2863 3158 3330 3226 ἀπολλυμένοις,
3369 3161 3458 3214 ἵνα
3489 3161 3563 3232 μὴ
3604 3162 3868 3233 νομίσῃς,

2272 3249 2355 3300 ὅτι
2380 3248 2620 3299 κάκεῖνοι
2647 3247 3038 3316 εὑπρόσδεκτοί
3069 3250 3226 3311 εἰσιν,
3259 3252 3504 3318 ἐπήγαγε
3539 3269 3552 3280 ·
3593 3253 3872 3322 Τοῖς

2273 3338 2432 3406 ὀσμὴ
2459 3337 2717 3391 θανάτου
2738 3339 2824 3402 εἰς
2854 3336 3133 3400 θάνατον,
3168 3338 3291 3403 τοῖς
3317 3340 3384 3391 δὲ
3415 3340 3574 3407 ὀσμὴ
3599 3341 3748 3408 ζωῆς
3768 3347 3872 3410 εἰς

2273 3428 2443 3494 ζωήν.
2472 3428 2580 3498 Τὴν
2615 3428 2722 3496 γὰρ
2768 3427 2992 3480 εὐωδίαν
3037 3427 3242 3498 ταύτην
3275 3431 3324 3481 οῖ
3375 3431 3472 3498 μὲν
3499 3430 3642 3484 οὕτω
3689 3450 3872 3501 προα-

2276 3518 2462 3581 ίενται,
2500 3515 2638 3570 ὥστε
2670 3517 2929 3584 σωθῆναι,
2962 3516 3010 3567 οἱ
3041 3515 3096 3567 δὲ
3133 3515 3326 3579 οὕτως,
3357 3515 3498 3567 ῶστε
3529 3515 3868 3572 ἀπολέσθαι.

2274 3607 2434 3660 Ὥστε
2463 3608 2566 3660 κᾶν
2592 3605 2928 3675 ἀπολλύηταί
2962 3622 3067 3669 τις,
3097 3605 3228 3675 παρ’
3256 3604 3420 3659 αὐτοῦ
3452 3607 3484 3675 ἡ
3519 3607 3668 3658 αἰτία
3693 3622 3707 3636 ο
3736 3608 3872 3659 ἐπεὶ

2272 3699 2491 3759 καὶτὰς
2520 3693 2582 3759 ὗς
2628 3698 2688 3748 τὸ
2730 3696 2900 3766 μύρον
2945 3695 3164 3762 λέγεται
3201 3697 3432 3763 πνίγειν,
3475 3696 3572 3748 καὶ
3612 3696 3668 3748 τὺ
3716 3697 3870 3765 φῶς,

2271 3792 2406 3860 ὅπερ
2436 3789 2605 3857 ἔφθην
2638 3786 2829 3850 εἰπὼν,
2860 3786 2986 3847 τοὺς
3021 3785 3268 3845 ἀσθενεῖς
3296 3785 3584 3845 σκοτίζειν,
3616 3787 3724 3836 Καὶ
3749 3801 3874 3838 τοι..

2273 3881 2411 3948 αὐτη
2441 3878 2544 3932 τῶν
2577 3877 2797 3946 ἀγαθῶν
2824 3878 2856 3946 ἡ
2889 3875 3049 3944 φύσις
3074 3889 3088 3902 '
3121 3874 3182 3926 οὐ
3227 3873 3296 3924 τὰ
3329 3875 3504 3924 οἰκεῖα
3549 3873 3874 3942 διορθοῦται

2275 3973 2454 4042 μόνον,
2487 3970 2625 4024 ἀλλά
2650 3971 2743 4023 καὶ
2771 3968 2839 4021 τά
2866 3968 3081 4020 ἐναντία
3116 3965 3377 4020 ἀπόλλυσι
3397 3981 3413 3996 ο
3441 3965 3534 4017 καὶ
3559 3965 3730 4036 ταύτῃ
3759 3969 3873 4034 μά-

2272 4065 2428 4117 λιστα
2456 4063 2820 4116 διαδείκνυται
2853 4061 3031 4114 αὐτῶν
3059 4059 3358 4130 ήδύναμις.
3397 4059 3506 4111 Καὶ
3533 4057 3642 4129 γὰρ
3677 4060 3770 4111 καὶ
3797 4061 3871 4112 τὺ

2275 4153 2386 4224 πῦρ
2414 4154 2510 4222 οὐχ
2534 4154 2660 4204 ὅταν
2695 4149 2904 4221 φωτίζῃ
2942 4150 3124 4218 μόνον,
3154 4149 3260 4203 οὐδ’
3292 4149 3421 4202 ὅταν
3454 4149 3676 4218 χρυσίον
3723 4149 3872 4201 καθ-

2272 4246 2424 4314 αίρῃ,
2459 4242 2594 4296 ἀλλὰ
2625 4243 2717 4294 καὶ
2764 4242 2891 4294 ὅταν
2932 4240 3174 4302 ἀκάνθας
3217 4241 3450 4309 δαπανᾷ,
3482 4239 3720 4307 μάλιστα
3759 4240 3872 4313 τὴν

2273 4333 2477 4384 οἰκείαν
2504 4331 2654 4400 ἰσχὺν
2687 4329 3071 4393 ἐπιδείκνυται,
3095 4331 3188 4382 καὶ
3218 4329 3387 4397 ταύτῃ
3421 4327 3673 4394 φαίνεται
3703 4327 3825 4394 πῦρ
3849 4346 3864 4357 ·

2275 4424 2364 4475 καὶ
2402 4424 2430 4474 ὁ
2453 4422 2682 4489 Χριστὸς
2711 4421 2766 4472 δὲ
2801 4419 2974 4490 ταύτῃ
3003 4419 3101 4490 τὴν
3137 4417 3529 4488 μεγαλωσύνην
3554 4417 3722 4469 αὑτοῦ
3763 4420 3864 4468 ἐν-

2273 4512 2562 4574 δείκνυται,
2613 4511 2740 4562 ὅταν
2770 4508 3023 4579 ἀναλώσῃ
3065 4509 3153 4562 τὸν
3200 4507 3543 4576 ἀντίχριστον
3571 4506 3650 4574 τῷ
3689 4509 3869 4558 πνεύο

2277 4619 2406 4671 ματι
2437 4601 2531 4652 τοῦ
2563 4599 2828 4668 στόματος
2857 4597 3044 4662 αὐτοῦ,
3076 4598 3170 4649 καὶ
3194 4597 3522 4667 καταργήσῃ
3551 4599 3617 4664 τῇ
3650 4598 3865 4662 ἐπιφα-

2274 4694 2393 4762 νείᾳ
2447 4695 2545 4761 τῆς
2592 4690 2896 4759 παρουσίας
2937 4689 3124 4741 αὐτοῦ.
3175 4688 3286 4742 Καὶ
3343 4685 3493 4754 πρὸς
3532 4686 3718 4739 ταῦτα
3767 4687 3870 4756 τίς

2275 4781 2518 4845 ίκανός;
2559 4779 2776 4848 Ἐπειδὴ
2815 4777 2924 4847 γὰρ
2966 4776 3180 4845 μεγάλα
3217 4775 3544 4843 ἐφθέγξατο,
3579 4776 3660 4826 δτι
3684 4774 3870 4830 Θυσία

2275 4872 2442 4941 ἐσμὲν
2486 4869 2575 4922 τοῦ
2614 4867 2850 4937 Χριστοῦ
2892 4868 2984 4918 καὶ
3019 4866 3232 4928 εὐωδία,
3268 4867 3362 4917 καὶ
3409 4864 3870 4933 θριαμϐευόμεθα

2276 4959 2575 5028 πανταχοῦ,
2626 4959 2787 5011 πάλιν
2829 4955 3128 5027 μετριάζει,
3171 4954 3256 5025 τῷ
3282 4956 3402 5024 Θεῷ
3446 4955 3622 5006 πάντα
3665 4954 3868 5006 ἀνατιι

2277 5050 2390 5111 θείς
2416 5066 2429 5079 ⁸
2462 5048 2540 5099 διὸ
2563 5048 2654 5099 καί
2684 5063 2838 5116 φησι,
2867 5044 2976 5098 Καὶ
3006 5045 3153 5111 πρὸς
3185 5044 3372 5096 ταῦτα
3395 5043 3486 5105 τίς
3515 5044 3720 5105 ἱκανός
3742 5060 3759 5104 ;
3784 5044 3868 5096 Τὸ

2276 5142 2385 5210 γὰρ
2420 5143 2527 5193 πᾶν
2554 5138 2649 5191 τοῦ
2683 5134 2943 5206 Χριστοῦ,
2985 5136 3170 5204 φησιν,
3222 5132 3368 5184 ἐστίν
3405 5151 3417 5163 ·
3461 5132 3614 5182 οὐδὲν
3653 5133 3866 5201 ήμέτε-

2280 5249 2393 5301 ρον.
2441 5231 2604 5299 Ὀρᾷς
2638 5217 2730 5280 am"
2766 5227 3012 5286 ἐναντίας
3047 5227 3157 5283 τοῖς
3201 5222 3654 5287 ψευδαποστόλοις
3691 5223 3868 5290 φθεγο

2278 5321 2544 5387 γόμενον;
2586 5320 2649 5370 Οί
2707 5317 2804 5386 μὲν
2847 5316 2955 5383 γὰρ
3005 5311 3312 5380 καυχῶνται
3367 5311 3443 5373 ὡς
3475 5313 3603 5382 παρ’
3645 5310 3866 5363 ἑαυτῶν

2280 5408 2623 5478 εἰσίοέροντές
2673 5424 2725 5457 τι
2763 5406 2841 5463 είς
2883 5402 2944 5453 τὸ
2985 5401 3260 5468 κήρυγμα,
3298 5392 3450 5462 οὗτος
3491 5401 3548 5452 δὲ
3576 5399 3663 5451 διὰ.
3697 5396 3866 5448 τοῦτό

2282 5515 2412 5567 φησι
2444 5495 2774 5564 καυχᾶσθαι,
2818 5490 3003 5555 ἐπειδὴ
3048 5489 3198 5541 οὐδὲν
3241 5489 3404 5543 αὐτοῦ
3457 5504 3620 5556 φησιν
3672 5479 3858 5537 εἶναι·

2347 5717 2368 5749 ε
2396 5713 2652 5776 legebatur
2680 5712 2703 5758 ὁ
2727 5710 2871 5768 ἥλιος,
2907 5706 3116 5770 Επεηιμί
3157 5703 3335 5760 Graecis
3357 5697 3746 5755 recurantibus.
