4568 6424
858 306 952 363 451
1578 300 1639 359 Β.
1673 298 1947 358 JOANNIS
1980 297 2449 357 CHRYSOSTOMI
2488 296 2799 354 ARCBIEP.
2838 297 3349 357 CONSTANTINOP.

860 433 979 472 mus
1002 460 1017 485 ,
1050 432 1228 474 rursus
1258 415 1621 471 moderatione
1663 414 1829 469 utitur
1851 451 1867 478 ,
1918 412 2028 467 Deo
2070 422 2259 467 cuncta
2302 410 2435 465 assi-

861 524 1047 578 gnans,
1070 509 1139 561 ob
1164 507 1323 577 idque
1343 506 1438 572 ait,
1454 504 1519 559 Et
1538 505 1607 558 ad
1628 505 1736 558 hac
1754 503 1866 572 quis
1888 502 2099 556 idoneus
2119 502 2143 554 2
2162 500 2270 557 Hoc
2289 501 2433 556 enim

862 609 1030 653 totum
1059 598 1253 653 Christi
1280 608 1361 653 est
1380 634 1400 665 ,
1433 596 1604 667 inquit
1639 614 1652 649 :
1680 594 1812 648 nihil
1838 603 1921 648 est
1945 593 2086 663 quod
2112 595 2265 648 nobis
2284 608 2435 648 arro-

854 706 1064 761 gemus.
1116 691 1301 744 Vidcn'
1346 687 1616 759 quomodo
1658 700 1817 742 secus
1841 700 2001 755 quam
2034 684 2461 756 psendapostoli'

860 783 1148 853 loquatur?
1177 782 1389 837 Etenim
1419 781 1491 835 illi
1520 779 1905 849 gloriabantur,
1942 777 2162 847 perinde
2188 792 2250 832 ac
2280 778 2325 833 si
2364 778 2433 833 ad

858 872 1290 942 praedicationem
1316 868 1519 939 aliquid
1550 884 1613 923 ex
1641 883 1702 924 se
1722 867 2013 934 afferrent;
2047 867 2135 921 hic
2162 876 2342 922 autem
2369 882 2435 921 eo

862 957 1079 1018 nomine
1108 977 1166 1015 se
1195 962 1412 1031 gloriari
1439 962 1513 1015 ait
1539 1003 1554 1025 ,
1587 959 1730 1030 quod
1758 959 1889 1014 nihil
1919 960 2089 1029 ipsius
2114 959 2183 1013 sit
2211 976 2225 1010 :
2256 957 2434 1013 Gloria

856 1054 1003 1108 enim
1029 1062 1201 1107 nostra
1233 1053 1340 1106 hcc
1369 1061 1480 1118 est,
1511 1052 1718 1121 inquit,
1748 1049 2089 1104 testimonium
2115 1042 2436 1103 conscientite

858 1150 1063 1207 nostra,
1094 1142 1330 1206 quoniam
1359 1156 1459 1202 non
1485 1142 1540 1194 in
1564 1142 1814 1210 sapientia
1837 1138 2054 1205 carnali,
2078 1138 2168 1192 sed
2188 1139 2239 1191 in
2267 1137 2434 1208 gratia

861 1232 953 1286 Dei
981 1233 1257 1287 cenversati
1284 1248 1458 1295 sumus
1489 1232 1543 1285 in
1586 1230 1774 1305 mundo
1801 1230 1889 1299 (2.
1924 1226 2042 1282 Cor.
2094 1228 2143 1281 1.
2193 1229 2303 1297 12).
2353 1226 2437 1281 0b

856 1323 1008 1392 cujus
1032 1322 1108 1376 rei
1133 1364 1147 1387 ,
1182 1322 1281 1375 hac
1306 1330 1390 1375 est
1412 1330 1651 1375 externze
1680 1319 1960 1387 sapientiae
1990 1357 2005 1380 ,
2038 1315 2381 1386 adeptionem
2414 1357 2430 1383 ,

854 1412 1185 1480 gloriandum
1211 1411 1312 1465 sibi
1343 1409 1416 1464 illi
1447 1409 1849 1473 existimabant,
1872 1406 1940 1461 dc
1962 1406 2119 1475 hujus
2145 1406 2223 1461 rei
2253 1406 2431 1461 subla-

860 1505 1003 1556 tione
1028 1502 1116 1555 hic
1142 1502 1402 1571 gloriatur
1432 1514 1447 1554 :
1481 1499 1623 1554 unde
1646 1500 1806 1554 etiam
1838 1498 1941 1556 hoc
1976 1499 2096 1556 loco
2124 1500 2235 1564 ait,
2270 1497 2337 1550 Et
2360 1498 2428 1550 ad

856 1598 963 1646 hac
988 1593 1100 1661 quis
1140 1591 1396 1645 idoneus!
1441 1590 1595 1657 Quod
1634 1590 1680 1646 si
1729 1591 1947 1645 minime
1979 1590 2158 1645 idonei
2205 1603 2388 1643 sumus
2414 1628 2428 1651 ,

853 1681 1314 1752 gratiae'profecto
1344 1680 1396 1735 id
1426 1690 1510 1735 est
1549 1680 1691 1750 quod
1717 1681 1942 1751 geritur.
1993 1681 2082 1737 17.
2131 1679 2252 1733 Non
2298 1679 2431 1732 enim

852 1788 1029 1825 auritus
1054 1774 1183 1825 sicut
1209 1771 1388 1842 reliqui
1414 1770 1759 1825 adulterantes
1790 1772 1995 1825 uerbum
2026 1768 2142 1824 Dei.
2276 1833 2287 1843 ν

910 1864 973 1929 ,5.
1002 1862 1132 1917 Nam
1158 1862 1257 1916 etsi
1285 1858 1471 1931 magna
1492 1860 1738 1929 Quaedam
1770 1860 2055 1930 loquimur,
2090 1856 2424 1923 tameninihil

861 1961 1043 2007 nostra
1070 1942 1232 2021 opera
1256 1962 1404 2006 recte
1433 1949 1631 2004 factum
1679 1950 1864 2017 fuisse,
1895 1949 1992 2005 sed
2029 1949 2207 2002 omnia
2232 1943 2432 1999 Christi
2469 1952 2477 2019 ς

860 2059 979 2100 esse
1009 2044 1475 2112 diximuszneque
1518 2043 1663 2099 enim
1711 2038 2159 2110 pseudapostolos
2201 2037 2432 2091 imitabi-

859 2151 996 2201 mur,
1028 2136 1116 2206 qui
1145 2135 1395 2205 pleraque
1418 2149 1513 2189 sua
1540 2148 1660 2187 esse
1686 2133 1888 2186 dicunt.
1919 2131 2029 2185 lloc
2048 2130 2189 2186 enim
2212 2138 2433 2185 estcau-

858 2228 1067 2298 ponari,
1097 2242 1217 2282 cum
1243 2228 1363 2296 quis
1389 2226 1567 2278 vinum
1597 2223 1893 2288 adulterat;
1926 2238 2045 2277 cum
2075 2222 2193 2292 quis
2211 2216 2431 2291 pecunia

862 2319 913 2372 id
944 2318 1145 2382 vendit,
1178 2316 1317 2385 quod
1338 2318 1503 2385 gratis
1528 2315 1654 2369 dare
1688 2313 1939 2369 debebat.
1974 2314 2085 2368 Hoc
2123 2316 2265 2367 enim
2313 2313 2433 2365 loco

854 2417 915 2462 et
942 2407 1008 2461 de
1024 2417 1227 2476 quaestu
1257 2420 1350 2460 eos
1377 2406 1740 2476 perstringere
1768 2392 2003 2470 videtur,
2042 2413 2097 2459 et
2123 2417 2329 2469 rursus,
2380 2397 2433 2454 id

804 2528 810 2533 -
858 2499 1000 2569 quod
1030 2499 1159 2563 dixi,
1190 2498 1550 2563 subindicare,
1612 2497 1809 2565 nempe
1848 2494 1990 2564 quod
2022 2508 2115 2547 sua
2146 2493 2220 2547 illi
2242 2479 2435 2546 divinis

862 2591 1214 2645 admisceant.
1248 2589 1362 2655 Qua
1392 2588 1461 2641 de
1489 2602 1550 2641 re
1578 2586 1741 2640 isaias
1767 2586 1929 2648 etiam
1959 2583 2265 2650 accusabat,
2295 2582 2433 2637 Cau-

860 2697 1014 2751 pones
1048 2680 1124 2733 tui
1149 2679 1319 2732 vinum
1349 2694 1482 2749 aqua
1507 2677 1715 2731 miscent
1769 2672 1921 2746 (Isai.
1958 2675 2009 2729 1.
2034 2674 2149 2744 22).
2174 2673 2307 2728 Nam
2334 2674 2433 2729 etsi

862 2772 929 2825 de
954 2771 1076 2824 vino
1106 2769 1208 2825 hoc
1234 2769 1438 2824 dictum
1462 2776 1565 2833 est,
1598 2782 1703 2821 non
1735 2773 1909 2821 tamen
1939 2765 2222 2830 aberrarit,
2243 2764 2335 2835 qui
2366 2763 2433 2819 de

860 2862 1097 2916 doctrina
1126 2860 1229 2915 hoc
1258 2874 1470 2929 quoque
1491 2858 1831 2912 intellexerit.
1864 2858 1933 2911 At
1960 2871 2065 2910 non
2094 2869 2212 2919 nos,
2242 2854 2432 2925 inquit,

856 2952 924 3005 ad
956 2949 1379 3013 hunc‘modum;
1409 2948 1503 3003 sed
1530 2946 1705 3017 qualia
1756 2955 1953 3001 nostrae
1996 2944 2120 3000 fidei
2148 2945 2433 2999 commissa

860 3049 1005 3107 sunt,
1038 3039 1160 3094 talia
1183 3051 1392 3109 quoque
1428 3053 1490 3094 ea
1522 3039 1843 3109 prmbemus,
1884 3036 2183 3091 doctrinam
2227 3049 2433 3089 meram

865 3131 1210 3199 propinantes
1231 3147 1243 3183 :
1268 3128 1410 3183 unde
1438 3127 1732 3197 subjunxit,
1780 3125 1887 3182 Sed
1905 3141 1970 3180 ea:
1990 3125 2274 3178 sinceritate
2301 3132 2405 3176 tam
2422 3151 2435 3164 -

858 3240 1010 3291 quam
1036 3238 1101 3275 ea:
1125 3220 1255 3289 Deo,
1284 3236 1456 3281 coram
1476 3219 1585 3272 Deo
1612 3219 1667 3270 in
1691 3216 1891 3271 Christo
1919 3217 2189 3286 loquimur.
2231 3213 2347 3267 Non
2378 3220 2437 3267 ut

861 3328 957 3367 vos
1003 3313 1331 3381 decipiamus
1359 3310 1431 3363 ita
1476 3307 1829 3378 praedicamus
1859 3345 1876 3371 ,
1927 3304 2135 3374 inquit,
2168 3313 2433 3373 tamquam

860 3405 1011 3459 vobis
1038 3402 1393 3471 gratificantes
1414 3443 1428 3468 ,
1459 3409 1549 3455 aut
1581 3410 1846 3469 tamquam
1873 3413 1906 3452 a
1956 3396 2109 3451 nobis
2130 3394 2325 3465 aliquid
2352 3389 2438 3446 af-

862 3498 1098 3550 ferentes
1135 3503 1293 3565 atque
1320 3480 1680 3548 admiscentes
1700 3532 1713 3555 ,
1752 3488 2161 3557 sed,Tamquam
2187 3505 2249 3542 ex
2277 3487 2387 3541 Deo
2415 3505 2435 3552 ;

863 3586 914 3639 id
942 3595 1045 3651 est,
1071 3600 1175 3639 non
1207 3584 1434 3637 dicimus
1463 3597 1559 3636 nos
1577 3580 1777 3650 aliquid
1808 3588 2047 3633 nostrum
2079 3578 2309 3647 elargiri,
2342 3578 2435 3630 sed

861 3678 1027 3731 Deum
1057 3678 1236 3731 omnia
1288 3674 1500 3731 dedisse
1524 3713 1542 3739 ,
1572 3673 1675 3728 hoc
1715 3674 1857 3726 enim
1908 3671 2009 3727 sibi
2038 3670 2151 3725 vult
2176 3669 2328 3736 illud,
2356 3668 2440 3723 Ea:

860 3767 968 3820 Deo
994 3783 1013 3831 ;
1041 3775 1095 3821 ut
1136 3781 1241 3820 non
1269 3765 1560 3835 gloriemur
1580 3764 1731 3830 quasi
1760 3761 1963 3831 aliquid
1999 3760 2311 3824 habeamus,
2343 3759 2436 3813 sed

862 3859 1036 3912 omnia
1066 3858 1165 3926 ipsi
1196 3858 1508 3918 referentes,
1538 3850 1607 3906 In
1630 3851 1829 3906 Christo
1856 3850 2142 3921 loquimur;
2184 3863 2289 3901 non
2338 3861 2435 3901 no-

864 3960 977 4018 stra
1003 3948 1284 4018 sapientia,
1312 3946 1405 4002 sed
1456 3946 1597 4000 illius
1628 3944 1860 4015 potentia
1905 3942 2093 3999 afﬂati.
2122 3941 2222 4007 Qui
2260 3947 2438 3994 autem

856 4042 1155 4111 gloriantur
1176 4082 1191 4104 ,
1244 4053 1347 4093 non
1374 4038 1605 4092 adhunc
1650 4036 1863 4090 modum
1895 4050 1953 4088 se
1991 4040 2222 4103 gerunt,
2255 4044 2437 4085 verum

867 4131 1086 4201 perinde
1121 4145 1183 4183 ac
1208 4131 1250 4182 si
1286 4128 1481 4197 aliquid
1510 4143 1539 4181 a
1567 4127 1760 4195 scipsis
1807 4124 2052 4178 afferant.
2085 4121 2237 4177 Unde
2276 4121 2438 4175 etiam

856 4236 960 4275 .eos
988 4222 1094 4273 alio
1116 4220 1233 4273 loco
1260 4218 1343 4272 his
1376 4217 1551 4272 verbis
1593 4216 1861 4279 traducit,
1899 4212 2033 4279 Quid
2078 4212 2211 4265 enim
2236 4210 2391 4264 [tabes
2424 4249 2439 4274 ,

858 4313 1004 4380 quod
1031 4328 1130 4365 non
1157 4310 1451 4379 acceperis?
1478 4308 1540 4362 Si
1565 4317 1733 4359 autem
1764 4305 2025 4374 accepisti,
2055 4301 2175 4373 quid
2204 4300 2441 4373 gloriaris

859 4406 1012 4474 quasi
1034 4420 1133 4456 non
1162 4403 1419 4471 acceperis
1444 4402 1523 4469 (1.
1555 4398 1674 4453 Cor.
1704 4398 1758 4452 4.
1783 4398 1840 4467 7)
1865 4398 1887 4450 ’ἒ

949 4493 1123 4547 Virtus
1176 4494 1398 4545 maxima
1441 4490 1612 4544 omnia
1638 4488 1742 4541 Deo
1769 4487 2073 4541 adscribere.
2116 4484 2213 4540 Dei
2240 4485 2445 4539 oculum

857 4601 1011 4638 .nemo
1042 4584 1191 4653 fugit.
1216 4611 1288 4623 --
1317 4580 1441 4635 llaec
1484 4580 1714 4634 maxima
1738 4577 1903 4631 virtus
1952 4586 2031 4631 est
2062 4617 2075 4640 ,
2125 4575 2303 4629 omnia
2334 4575 2444 4629 Deo

868 4675 1196 4738 adscribere,
1232 4672 1365 4727 nihil
1407 4686 1563 4725 suum
1585 4684 1703 4723 esse
1725 4669 1943 4734 ducere,
1975 4668 2106 4721 nihil
2136 4666 2318 4737 gloria:
2341 4666 2441 4721 hu-

870 4783 1041 4822 mana:
1070 4780 1229 4821 causa
1260 4764 1458 4828 facere,
1486 4762 1579 4817 scd
1606 4762 1902 4816 secundum
1934 4762 2025 4817 Dei
2057 4762 2385 4816 voluntatem
2421 4777 2436 4814 :

870 4860 960 4913 hic
984 4858 1122 4912 enim
1153 4864 1235 4911 est
1264 4896 1279 4920 ,
1312 4856 1400 4924 qui
1426 4855 1544 4908 vita:
1587 4863 1721 4908 acta:
1771 4856 2007 4908 rationes
2035 4862 2319 4908 exacturus
2341 4861 2443 4906 est.

866 4948 1025 5007 Nunc
1053 4961 1181 5000 vero
1201 4947 1278 4999 rei
1308 4945 1440 4998 ordo
1462 4944 1707 4998 inversus
1726 4954 1808 4997 est
1838 4962 1851 4997 :
1881 4954 2037 5011 atque
2056 4943 2202 4994 illum
2231 4942 2445 5009 quidem

871 5045 962 5110 qui
989 5054 1087 5108 pro
1114 5037 1365 5093 tribunali
1416 5051 1660 5091 sessurus
1686 5076 1700 5102 ,
1732 5050 1793 5090 ac
1821 5035 2056 5090 rationes
2121 5034 2445 5102 repetiturus

871 5141 980 5193 est,
1008 5147 1110 5185 non
1140 5129 1292 5183 valde
1320 5126 1607 5181 metuimus
1633 5141 1646 5187 ;
1676 5140 1768 5180 eos
1788 5134 1965 5179 autem
1989 5165 2004 5189 ,
2042 5124 2131 5193 qui
2164 5115 2440 5177 nobiscum

870 5222 1096 5278 stabunt
1143 5236 1204 5273 ac
1244 5221 1499 5287 judicium
1555 5214 1781 5270 subituri
1826 5226 1978 5280 sunt,
2019 5213 2439 5283 expavescimus.

884 5312 1031 5368 Unde
1054 5309 1209 5380 igitur
1240 5310 1323 5361 hic
1343 5307 1603 5362 morbus?
1633 5304 1772 5361 unde
1799 5304 1849 5356 in
1875 5312 2087 5357 nostras
2116 5303 2321 5356 animas
2353 5301 2442 5353 in-

880 5403 1055 5455 vasit?
1086 5400 1219 5456 Hinc
1240 5398 1509 5461 nimirum,
1536 5396 1676 5466 quod
1707 5409 1813 5450 non
1838 5392 2049 5446 assidue
2080 5407 2165 5447 res
2192 5393 2308 5446 illas
2334 5391 2449 5444 ani-

878 5508 971 5547 mo
1030 5491 1365 5552 voiutcmus,
1405 5487 1499 5541 sed
1552 5486 1903 5554 prementibus
1960 5481 2102 5535 affini
2144 5489 2443 5535 teneamur.

878 5585 1015 5639 ilinc
1034 5581 1113 5647 fit,
1132 5589 1251 5633 utet
1277 5580 1329 5633 in
1351 5579 1603 5633 exitiosas
1629 5578 1866 5630 actiones
1896 5572 2048 5627 facile
2081 5572 2294 5640 prolaba
2306 5586 2447 5634 mur,

877 5688 932 5733 ct
962 5680 1005 5731 sl
1026 5673 1152 5747 quid
1180 5670 1304 5729 boni
1331 5670 1552 5741 agimus,
1584 5664 1951 5723 ostentationis
1978 5676 2133 5720 causa
2167 5661 2445 5728 faciamus,

2547 421 2705 479 atque
2737 411 2789 465 id
2810 424 3020 482 quoque
3050 412 3100 465 in
3123 412 3504 468 detrimentum
3550 413 3703 469 nobis
3730 414 3904 471 cedat.
3937 414 4116 486 Siqui-

2542 499 2663 555 dem
2691 500 2822 555 vidit
2846 500 3073 556 fortasse
3102 502 3367 572 quispiam
3396 504 3675 574 impudicis
3720 506 3893 561 oculis
3919 507 4119 563 mulie-

2544 604 2679 655 rem,
2714 606 2812 645 nec
2841 591 2893 646 id
2922 602 3013 645 aut
3039 592 3232 647 mulier
3251 608 3370 662 qua:
3400 605 3684 665 conspecta
3705 606 3808 661 est,
3836 608 3927 652 aut
3959 599 3994 652 ii
4017 612 4108 669 qu

2544 697 2646 735 una
2689 682 3091 752 gradiebantur,
3120 695 3439 752 senserunt;
3472 703 3655 744 verum
3702 691 3916 746 oculum
3967 692 4114 748 illum

2542 774 2847 843 pervigilem
2875 776 3095 831 minime
3140 777 3292 847 fugit.
3322 776 3454 831 Nam
3477 779 3565 834 ille
3589 780 3736 849 prius
3761 783 3923 837 etiam
3952 798 4110 853 quam

2543 876 2820 933 peccatum
2871 867 3160 922 admissum
3210 878 3394 935 esset,
3428 858 3747 940 impudicam
3798 876 4029 929 animam
4060 885 4114 929 et

2542 952 2808 1007 internum
2852 953 3086 1011 furorem
3116 968 3169 1011 et
3197 960 3546 1029 cogitationes
3593 960 3647 1014 in
3693 971 4009 1029 tempestate
4052 979 4114 1018 ac

2540 1043 2771 1109 procella
2827 1058 2949 1098 sese
2990 1048 3371 1113 convolventes
3426 1050 3715 1120 perspexit.
3748 1051 3927 1123 Neque
3968 1054 4112 1109 enim

2542 1134 2765 1188 testibus
2792 1145 2843 1190 et
2870 1137 3193 1206 coniecturis
3220 1139 3309 1193 ille
3337 1153 3473 1211 opus
3504 1140 3683 1207 habet,
3714 1143 3797 1197 cui
3817 1146 3995 1198 omnia
4020 1160 4114 1199 ex-

2540 1223 2743 1288 plorata
2775 1235 2919 1279 sunt.
2977 1228 3237 1293 Quocirca
3265 1245 3331 1283 ne
3353 1231 3537 1285 oculos
3559 1232 3625 1286 ad
3656 1247 3944 1288 conservos
3993 1245 4113 1291 tuos

2538 1324 2862 1369 convertas:
2914 1331 3035 1370 nam
3083 1319 3290 1372 etiamsi
3334 1318 3493 1375 homo
3537 1314 3738 1388 laudet,
3767 1321 3901 1376 nihil
3934 1332 4113 1379 tamen

2538 1401 2639 1457 hoc
2659 1405 3020 1473 prodest,cum
3040 1408 3180 1463 Deus
3204 1423 3308 1463 non
3320 1411 3602 1480 approbat;
3621 1427 3721 1468 nec
3733 1414 3778 1467 si
3794 1413 4115 1470 condemnet

2537 1493 2718 1560 homo,
2747 1496 3032 1566 quidquam
3051 1497 3175 1553 hinc
3199 1499 3505 1556 detrimenti
3532 1502 3688 1567 redit,
3702 1518 3829 1558 cum
3850 1504 3987 1559 Deus
4002 1518 4114 1563 non

2538 1584 2873 1640 condemnat.
2895 1586 2972 1641 Ne
2987 1588 3084 1641 hac
3110 1603 3325 1658 quoque
3352 1591 3559 1644 ratione
3575 1591 3807 1661 iudicem
3820 1592 3885 1647 ad
3900 1594 4116 1647 iracun-

2536 1673 2677 1729 diam
2688 1676 3072 1742 concitcs,dum
3083 1692 3456 1733 conservorum
3471 1679 3682 1749 quidem
3700 1696 3940 1752 magnam
3958 1685 4115 1738 ratio-

2538 1768 2972 1838 nemhabes,ipso
2982 1779 3156 1826 autem
3172 1770 3599 1841 indignante,nec
3614 1780 3757 1826 metu
3769 1787 3867 1827 nec
3883 1782 4116 1832 tremore

2538 1857 2781 1914 afficeris.
2812 1858 2987 1926 Quare
3012 1860 3223 1916 laudem
3238 1876 3380 1927 eam,
3406 1876 3524 1931 qua:
3544 1861 3611 1917 ab
3630 1861 3931 1918 hominibus
3948 1866 4115 1935 proﬂ-

2538 1951 2770 2015 ciscitur,
2794 1963 3211 2009 contemnamus.
3235 1954 3521 2024 Quousque
3541 1953 3752 2028 tandem
3780 1955 3912 2011 viles
3936 1964 3992 2010 et
4016 1956 4117 2010 ah-

2537 2040 2664 2107 jccti
2689 2043 2929 2098 erimus?
2956 2056 3233 2113 quousque
3256 2044 3365 2099 Deo
3395 2045 3463 2099 ad
3485 2045 3675 2099 cmlum
3706 2060 3805 2100 nos
3834 2046 4113 2103 attollente

2538 2130 2639 2203 ipsi
2670 2134 2817 2188 humi
2843 2148 3063 2203 serpere
3083 2135 3469 2207 contendemus
3496 2138 3521 2189 ?
3541 2136 3754 2191 Fratres
3782 2136 4001 2208 Iosephi
4023 2179 4041 2205 ,
4063 2140 4113 2195 si

2539 2223 2636 2278 Dei
2678 2226 2921 2277 timorem
2952 2234 3074 2279 ante
3116 2226 3306 2281 oculos
3350 2225 3681 2291 habuissent,
3704 2236 3763 2282 ut
3791 2227 3987 2284 habere
4018 2243 4115 2299 par

2537 2323 2675 2379 erat,
2703 2329 2807 2367 uon
2836 2324 3050 2383 captum
3074 2317 3126 2370 in
3157 2316 3447 2371 solitudine
3476 2317 3697 2372 fratrem
3718 2319 4114 2380 interemissent

2540 2405 2558 2474 (
2583 2403 2708 2459 Gen.
2739 2405 2806 2459 37
2833 2406 2873 2474 ).
2902 2403 3035 2459 Cain
3065 2420 3274 2471 rursus,
3297 2407 3344 2461 si
3371 2407 3691 2462 sententiam
3722 2410 3909 2479 ipsius,
3940 2421 3997 2466 ut
4016 2428 4112 2483 par

2542 2505 2679 2563 erat,
2704 2492 3205 2564 extimuisset,’non
3222 2498 3446 2554 dixisset
3469 2517 3483 2553 ;
3512 2498 3651 2554 Veni
3665 2511 3712 2554 et
3728 2501 4112 2571 egredimini:

2539 2603 2715 2658 agrum
2743 2586 2894 2658 (Gen.
2917 2588 2973 2642 4.
3000 2588 3080 2658 8).
3100 2587 3238 2655 Quid
3259 2587 3423 2656 enim,
3449 2604 3483 2643 0
3512 2591 3675 2646 miser
3697 2600 3751 2645 et
3778 2593 4106 2660 calamitose,

2538 2692 2568 2730 a
2597 2687 2747 2746 patre
2792 2679 2965 2747 ipsum
3010 2678 3265 2734 distrahis
3314 2688 3472 2750 atque
3494 2682 3545 2735 in
3577 2695 3825 2751 campum
3849 2682 4111 2738 abducis?

2540 2782 2716 2822 annon
2759 2768 2899 2823 Deus
2941 2770 3102 2825 etiam
3133 2771 3185 2824 in
3226 2785 3417 2841 campo
3458 2770 3663 2828 facinus
3702 2780 3852 2828 tuum
3890 2774 4061 2830 cernit
4086 2779 4114 2833 ἳ

2540 2874 2718 2913 annon
2745 2858 2813 2914 ab
2840 2860 2944 2927 iis,
2992 2876 3112 2928 quae
3168 2861 3306 2929 patri
3362 2869 3452 2915 tuo
3491 2846 3823 2930 acciderunt,
3854 2864 4108 2934 didicisti,

2540 2950 2681 3021 quod
2707 2950 2888 3004 omnia
2918 2950 3081 3015 norit,
3111 2957 3270 3019 atque
3294 2950 3538 3005 omnibus
3560 2966 3679 3020 qua:
3701 2951 3834 3007 [ient
3860 2953 4112 3009 intersiti

2540 3042 2678 3109 Quid
2704 3051 2883 3096 autem
2909 3055 3085 3095 causae
3109 3053 3211 3107 est,
3247 3036 3345 3095 cur
3372 3054 3476 3103 non
3517 3040 3585 3095 ad
3622 3055 3745 3095 eum
3772 3042 3949 3098 scelus
3992 3044 4113 3098 infi-

2538 3135 2772 3189 ciantem
2797 3133 2868 3185 ita
2897 3131 3146 3201 loquutus
3172 3132 3260 3195 sit,
3285 3130 3437 3186 Mene
3457 3131 3622 3197 celas,
3654 3134 3741 3201 qui
3770 3133 3967 3203 ubique
4011 3134 4110 3189 ad-

2540 3237 2656 3278 sum
2684 3231 2738 3277 et
2760 3235 2956 3277 arcana
2985 3220 3108 3274 novi
3135 3220 3159 3275 τ
3186 3220 3319 3287 Quia
3348 3220 3705 3276 nondum‘ille
3737 3220 3853 3276 hzec
3878 3232 4027 3277 recte
4048 3238 4115 3279 ac

2541 3313 2811 3382 sapienter
2850 3312 3128 3379 percipere
3178 3319 3407 3379 poterat.
3460 3310 3596 3377 Quid
3627 3321 3803 3366 autem
3831 3312 3949 3367 ait?
4004 3311 4117 3368 Vox

2541 3402 2801 3473 sanguinis
2822 3404 2995 3472 fratris
3034 3402 3105 3455 tui
3132 3401 3316 3454 clamat
3344 3400 3411 3453 ad
3435 3418 3513 3456 me
3546 3402 3723 3473 (Ibid.
3752 3421 3798 3457 ν.
3833 3402 3935 3474 l0)
3959 3421 3974 3470 ;
4007 3420 4113 3460 non

2542 3492 2682 3562 quod
2710 3492 2927 3563 sanguis
2976 3506 3162 3546 vocem
3188 3490 3400 3557 habeat,
3430 3490 3525 3545 sed
3555 3490 3743 3546 eodem
3794 3493 3976 3559 modo,
4007 3508 4117 3563 quo

2543 3584 2609 3638 de
2654 3581 2948 3653 perspicuis
2968 3596 3030 3636 ac
3056 3579 3352 3635 manifestis
3384 3580 3567 3635 dicere
3592 3580 3848 3647 solemus,
3876 3580 3986 3635 Res
4009 3583 4119 3637 cla-

2543 3683 2672 3729 mat.
2724 3676 2802 3729 Ac
2823 3672 3046 3742 proinde
3089 3672 3181 3726 Dei
3230 3672 3551 3726 sententiam
3577 3672 3647 3727 ob
3679 3672 3864 3727 oculos
3905 3687 4119 3742 semper

2544 3764 2744 3818 habere
2771 3776 2908 3832 opus
2932 3772 3035 3827 est;
3055 3775 3286 3829 moxque
3310 3762 3485 3814 omnia
3501 3761 3638 3813 mala
3656 3763 3916 3815 exstincta
3936 3772 4112 3817 erunt.

2545 3851 2714 3926 Sicin
2746 3851 2995 3920 precibus
3023 3864 3236 3920 quoque
3263 3848 3571 3919 vigilantem
3596 3851 3830 3904 animum
3857 3860 4114 3920 prastare

2548 3954 2848 4012 possumus,
2892 3939 2936 3993 si
2962 3954 3119 4010 quem
3165 3938 3499 4008 alloquamur
3542 3938 3871 4007 cogitemus,
3904 3940 3951 3994 si
3988 3940 4116 3995 illud

2547 4040 2876 4100 reputemus,
2930 4043 3028 4083 nos
3075 4026 3396 4082 sacrificium
3427 4026 3643 4093 offerre,
3702 4030 4043 4101 gladiumque
4063 4032 4116 4087 in

2534 4114 2816 4183 manibus,
2846 4120 3020 4189 ignem
3051 4132 3115 4171 ac
3144 4118 3285 4186 ligna
3320 4117 3551 4184 habere;
3585 4118 3630 4171 si
3671 4119 3784 4172 εξειί
3813 4128 3998 4190 portas
4024 4136 4117 4192 per

2545 4209 2924 4281 cogitationem
2974 4224 3296 4271 reseremus,
3338 4210 3384 4263 si
3434 4209 3579 4264 illuc'
3614 4209 3923 4279 migremus,
3968 4226 4118 4269 acce-

2549 4314 2807 4372 ptumque
2834 4301 3060 4371 Spiritus
3086 4300 3317 4370 gladium
3350 4300 3402 4354 in
3448 4300 3675 4355 victimze
3704 4302 3888 4371 jugulo
3916 4302 4118 4374 deliga-

2554 4409 2677 4448 mus
2700 4435 2716 4459 ,
2747 4394 2955 4462 ipsique
3007 4391 3334 4460 vigilantiam
3384 4390 3740 4454 immolemus,
3771 4406 3834 4447 ac
3859 4392 4122 4465 lacrymas

2547 4482 2901 4538 eii'undamus.
2926 4481 3025 4535 ilic
3053 4482 3195 4535 enim
3227 4479 3382 4550 hujus
3400 4479 3629 4533 victima:
3650 4482 3998 4551 sanguisest:
4029 4483 4119 4539 tali

2554 4576 2723 4629 altare
2753 4572 2882 4628 illud
2910 4572 3059 4627 cacde
3087 4572 3324 4641 tingitur.
3376 4570 3453 4625 Ne
3478 4571 3639 4641 igitur
3659 4572 3805 4626 sinas
3833 4573 4122 4645 quidquam

2552 4668 2904 4720 humanarum
2959 4662 3344 4732 cogitationum
3366 4661 3597 4716 animam
3626 4670 3771 4717 tuam
3804 4671 3916 4718 tum
3962 4677 4123 4738 oceu-

2549 4770 2698 4825 pare.

2621 4847 2676 4901 ι.
2699 4844 2899 4901 Subest
2915 4860 2967 4899 ιιι
2986 4852 3246 4907 mentem,
3273 4842 3651 4909 Abrahamum,
3666 4858 3783 4899 cum
3802 4842 4117 4901 sacrificium

2552 4935 2793 4997 offerret,
2822 4948 2928 4989 non
2974 4932 3158 4997 uxori,
3190 4946 3296 4986 non
3320 4945 3496 4998 servo,
3545 4948 3651 4988 non
3678 4934 3767 4988 alii
3791 4935 4038 5004 cuiquam
4066 4944 4121 4988 ut

2552 5026 2767 5079 adesset
2793 5011 3127 5092 permisisse.
3165 5020 3366 5076 Eodem
3385 5022 3547 5076 modo
3572 5031 3626 5076 tu
3643 5036 3855 5091 quoque
3875 5037 3949 5075 ne
3976 5025 4119 5080 sinas

2553 5126 2611 5169 ut
2636 5113 2844 5170 servilis
2872 5114 3010 5169 ullus
3047 5121 3099 5168 et
3137 5111 3412 5167 illiberalis
3448 5108 3675 5165 aﬂ‘ectus
3699 5110 3790 5165 tibi
3820 5111 3979 5175 adsit,
4026 5115 4118 5170 sed

2556 5205 2701 5259 solus
2726 5206 2779 5258 in
2800 5213 3043 5259 montem
3095 5201 3345 5267 ascende,
3374 5199 3443 5254 ad
3482 5213 3639 5267 quem
3670 5199 3759 5256 ille
3780 5202 4041 5270 ascendit,
4071 5212 4119 5255 et

2558 5295 2622 5348 ad
2646 5310 2805 5365 quem
2832 5294 2980 5349 nefas
3002 5303 3085 5349 est
3108 5294 3268 5350 alium
3290 5303 3611 5360 quemquam
3633 5290 3939 5348 ascendere.
3969 5288 4117 5355 Quod

2554 5385 2601 5437 si
2622 5400 2743 5454 quae
2773 5384 3078 5457 huiusmodi
3126 5380 3606 5451 cogitationes'una
3634 5378 3997 5436 conscendere
4024 5393 4117 5434 co-

2556 5488 2774 5543 nentur,
2808 5480 3009 5545 impera
3041 5474 3120 5529 eis
3145 5486 3263 5527 cum
3290 5474 3629 5538 auctoritate,
3659 5487 3722 5527 ac
3741 5471 3827 5526 dic
3855 5487 3868 5525 :
3924 5468 4121 5525 Sedete

2555 5570 2659 5633 hic,
2684 5582 2784 5639 ego
2803 5575 2980 5620 autem
3002 5573 3057 5619 et
3084 5564 3243 5632 filius,
3280 5576 3560 5635 postquam
3590 5560 4009 5625 adoraverimns,
4035 5576 4121 5615 re-

2558 5658 2860 5726 vertemur(
2886 5655 3012 5711 Gen.
3043 5654 3133 5710 23.
3166 5658 3199 5713 5
3225 5656 3275 5727 ):
3308 5666 3471 5728 atque
3512 5655 3659 5710 asina
3685 5662 3737 5708 et
3764 5649 3962 5721 pueris,
3988 5658 4045 5707 et
4070 5649 4115 5705 si

4015 100 4305 361 π

4260 787 4270 799 '
