  <div class='ocr_page' id='page_1' title='image "/cluster/home/n/w/nwhite01/storage/ocr_20150623/61/pst.000005712618/440.png"; bbox 0 0 4568 6424; ppageno 0'>
   <div class='ocr_carea' id='block_1_1' title="bbox 165 400 275 460">
    <p class='ocr_par' dir='ltr' id='par_1_1' title="bbox 165 400 275 460">
     <span class='ocr_line' id='line_1_1' title="bbox 165 400 275 460; baseline 0.018 -2"><span class='ocrx_word' id='word_1_1' title='bbox 165 400 275 460; x_wconf 62' lang='grc'><strong>433</strong></span> 
     </span>
    </p>
   </div>
   <div class='ocr_carea' id='block_1_2' title="bbox 166 495 1737 587">
    <p class='ocr_par' dir='ltr' id='par_1_2' title="bbox 166 495 1737 587">
     <span class='ocr_line' id='line_1_2' title="bbox 166 495 1737 587; baseline -0.015 -14"><span class='ocrx_word' id='word_1_2' title='bbox 166 515 318 587; x_wconf 81' lang='lat' dir='ltr'><strong>quid</strong></span> <span class='ocrx_word' id='word_1_3' title='bbox 345 515 555 573; x_wconf 83' lang='lat' dir='ltr'><strong>brutum</strong></span> <span class='ocrx_word' id='word_1_4' title='bbox 575 527 639 569; x_wconf 90' lang='lat' dir='ltr'><strong>ac</strong></span> <span class='ocrx_word' id='word_1_5' title='bbox 662 510 914 570; x_wconf 86' lang='lat' dir='ltr'><strong>stolidum</strong></span> <span class='ocrx_word' id='word_1_6' title='bbox 947 515 1060 576; x_wconf 82' lang='lat' dir='ltr'><strong>est,</strong></span> <span class='ocrx_word' id='word_1_7' title='bbox 1091 504 1228 563; x_wconf 88' lang='lat' dir='ltr'><strong>infra</strong></span> <span class='ocrx_word' id='word_1_8' title='bbox 1273 502 1511 567; x_wconf 86' lang='lat' dir='ltr'><strong>relictis;</strong></span> <span class='ocrx_word' id='word_1_9' title='bbox 1539 500 1584 554; x_wconf 92' lang='lat' dir='ltr'><strong>si</strong></span> <span class='ocrx_word' id='word_1_10' title='bbox 1609 495 1737 568; x_wconf 91' lang='lat' dir='ltr'><strong>quid</strong></span> 
     </span>
    </p>
   </div>
   <div class='ocr_carea' id='block_1_3' title="bbox 166 594 1738 678">
    <p class='ocr_par' dir='ltr' id='par_1_3' title="bbox 166 594 1738 678">
     <span class='ocr_line' id='line_1_3' title="bbox 166 594 1738 678; baseline -0.012 -15"><span class='ocrx_word' id='word_1_11' title='bbox 166 610 377 664; x_wconf 86' lang='lat' dir='ltr'><strong>ratione</strong></span> <span class='ocrx_word' id='word_1_12' title='bbox 406 608 683 678; x_wconf 65' lang='lat' dir='ltr'><strong>praditum</strong></span> <span class='ocrx_word' id='word_1_13' title='bbox 719 614 805 660; x_wconf 90' lang='lat' dir='ltr'><strong>est</strong></span> <span class='ocrx_word' id='word_1_14' title='bbox 826 644 843 670; x_wconf 95' lang='lat'><strong>,</strong></span> <span class='ocrx_word' id='word_1_15' title='bbox 871 603 1055 672; x_wconf 89' lang='lat' dir='ltr'><strong>accipe</strong></span> <span class='ocrx_word' id='word_1_16' title='bbox 1082 609 1241 670; x_wconf 88' lang='lat' dir='ltr'><strong>atque</strong></span> <span class='ocrx_word' id='word_1_17' title='bbox 1266 594 1518 659; x_wconf 88' lang='lat' dir='ltr'><strong>ascende,</strong></span> <span class='ocrx_word' id='word_1_18' title='bbox 1549 605 1738 663; x_wconf 85' lang='lat' dir='ltr'><strong>quem-</strong></span> 
     </span>
    </p>
   </div>
   <div class='ocr_carea' id='block_1_4' title="bbox 165 688 1736 764">
    <p class='ocr_par' dir='ltr' id='par_1_4' title="bbox 165 688 1736 764">
     <span class='ocr_line' id='line_1_4' title="bbox 165 688 1736 764; baseline -0.01 -14"><span class='ocrx_word' id='word_1_19' title='bbox 165 697 456 752; x_wconf 78' lang='lat' dir='ltr'><strong>admodum</strong></span> <span class='ocrx_word' id='word_1_20' title='bbox 500 696 590 751; x_wconf 89' lang='lat' dir='ltr'><strong>ille</strong></span> <span class='ocrx_word' id='word_1_21' title='bbox 635 694 924 764; x_wconf 90' lang='lat' dir='ltr'><strong>assumpsit</strong></span> <span class='ocrx_word' id='word_1_22' title='bbox 961 692 1128 748; x_wconf 90' lang='lat' dir='ltr'><strong>lsaac.</strong></span> <span class='ocrx_word' id='word_1_23' title='bbox 1165 688 1349 743; x_wconf 82' lang='lat' dir='ltr'><strong>Altare</strong></span> <span class='ocrx_word' id='word_1_24' title='bbox 1399 697 1610 754; x_wconf 89' lang='lat' dir='ltr'><strong>quoque</strong></span> <span class='ocrx_word' id='word_1_25' title='bbox 1640 695 1736 751; x_wconf 80' lang='lat' dir='ltr'><strong>pe-</strong></span> 
     </span>
    </p>
   </div>
   <div class='ocr_carea' id='block_1_5' title="bbox 167 769 1737 854">
    <p class='ocr_par' dir='ltr' id='par_1_5' title="bbox 167 769 1737 854">
     <span class='ocr_line' id='line_1_5' title="bbox 167 769 1737 854; baseline -0.012 -15"><span class='ocrx_word' id='word_1_26' title='bbox 167 785 325 841; x_wconf 83' lang='lat' dir='ltr'><strong>rinde</strong></span> <span class='ocrx_word' id='word_1_27' title='bbox 353 794 411 840; x_wconf 88' lang='lat' dir='ltr'><strong>ut</strong></span> <span class='ocrx_word' id='word_1_28' title='bbox 436 784 560 851; x_wconf 89' lang='lat' dir='ltr'><strong>ille,</strong></span> <span class='ocrx_word' id='word_1_29' title='bbox 586 792 838 849; x_wconf 89' lang='lat' dir='ltr'><strong>exstrue,</strong></span> <span class='ocrx_word' id='word_1_30' title='bbox 870 793 1147 850; x_wconf 89' lang='lat' dir='ltr'><strong>tamquam</strong></span> <span class='ocrx_word' id='word_1_31' title='bbox 1198 772 1431 831; x_wconf 83' lang='lat' dir='ltr'><strong>humani</strong></span> <span class='ocrx_word' id='word_1_32' title='bbox 1464 770 1596 854; x_wconf 92' lang='lat' dir='ltr'><strong>nihil</strong></span> <span class='ocrx_word' id='word_1_33' title='bbox 1639 769 1737 821; x_wconf 89' lang='lat' dir='ltr'><strong>ha-</strong></span> 
     </span>
    </p>
   </div>
   <div class='ocr_carea' id='block_1_6' title="bbox 166 861 1742 947">
    <p class='ocr_par' dir='ltr' id='par_1_6' title="bbox 166 861 1742 947">
     <span class='ocr_line' id='line_1_6' title="bbox 166 861 1742 947; baseline -0.013 -13"><span class='ocrx_word' id='word_1_34' title='bbox 166 877 305 933; x_wconf 80' lang='lat' dir='ltr'><strong>bens</strong></span> <span class='ocrx_word' id='word_1_35' title='bbox 321 915 339 943; x_wconf 87' lang='lat'><strong>,</strong></span> <span class='ocrx_word' id='word_1_36' title='bbox 363 884 699 947; x_wconf 81' lang='lat' dir='ltr'><strong>atque&#39;extra</strong></span> <span class='ocrx_word' id='word_1_37' title='bbox 725 873 969 928; x_wconf 82' lang='lat' dir='ltr'><strong>n&#39;aturam</strong></span> <span class='ocrx_word' id='word_1_38' title='bbox 1000 877 1211 939; x_wconf 89' lang='lat' dir='ltr'><strong>raptus:</strong></span> <span class='ocrx_word' id='word_1_39' title='bbox 1237 861 1665 936; x_wconf 82' lang='lat' dir='ltr'><strong>quandoquidem</strong></span> <span class='ocrx_word' id='word_1_40' title='bbox 1687 867 1742 915; x_wconf 85' lang='lat' dir='ltr'><strong>et</strong></span> 
     </span>
    </p>
   </div>
   <div class='ocr_carea' id='block_1_7' title="bbox 168 953 1740 1030">
    <p class='ocr_par' dir='ltr' id='par_1_7' title="bbox 168 953 1740 1030">
     <span class='ocr_line' id='line_1_7' title="bbox 168 953 1740 1030; baseline -0.011 -9"><span class='ocrx_word' id='word_1_41' title='bbox 168 967 281 1030; x_wconf 88' lang='lat' dir='ltr'><strong>ille,</strong></span> <span class='ocrx_word' id='word_1_42' title='bbox 312 966 415 1021; x_wconf 85' lang='lat' dir='ltr'><strong>nisi</strong></span> <span class='ocrx_word' id='word_1_43' title='bbox 434 980 466 1020; x_wconf 92' lang='lat' dir='ltr'><strong>a</strong></span> <span class='ocrx_word' id='word_1_44' title='bbox 491 973 681 1021; x_wconf 83' lang='lat' dir='ltr'><strong>natura</strong></span> <span class='ocrx_word' id='word_1_45' title='bbox 704 963 1027 1019; x_wconf 84' lang='lat' dir='ltr'><strong>excessisset</strong></span> <span class='ocrx_word' id='word_1_46' title='bbox 1055 1002 1071 1028; x_wconf 90' lang='lat'><strong>,</strong></span> <span class='ocrx_word' id='word_1_47' title='bbox 1101 959 1265 1014; x_wconf 83' lang='lat' dir='ltr'><strong>lilium</strong></span> <span class='ocrx_word' id='word_1_48' title='bbox 1290 971 1399 1011; x_wconf 92' lang='lat' dir='ltr'><strong>non</strong></span> <span class='ocrx_word' id='word_1_49' title='bbox 1419 953 1740 1025; x_wconf 85' lang='lat' dir='ltr'><strong>jugulasset.</strong></span> 
     </span>
    </p>
   </div>
   <div class='ocr_carea' id='block_1_8' title="bbox 165 1044 1741 1129">
    <p class='ocr_par' dir='ltr' id='par_1_8' title="bbox 165 1044 1741 1129">
     <span class='ocr_line' id='line_1_8' title="bbox 165 1044 1741 1129; baseline -0.012 -13"><span class='ocrx_word' id='word_1_50' title='bbox 165 1057 278 1115; x_wconf 81' lang='lat' dir='ltr'><strong>Nec</strong></span> <span class='ocrx_word' id='word_1_51' title='bbox 316 1057 605 1129; x_wconf 84' lang='lat' dir='ltr'><strong>quidquam</strong></span> <span class='ocrx_word' id='word_1_52' title='bbox 633 1066 742 1112; x_wconf 91' lang='lat' dir='ltr'><strong>tum</strong></span> <span class='ocrx_word' id='word_1_53' title='bbox 791 1063 843 1110; x_wconf 89' lang='lat' dir='ltr'><strong>te</strong></span> <span class='ocrx_word' id='word_1_54' title='bbox 888 1052 1208 1127; x_wconf 84' lang='lat' dir='ltr'><strong>interturbet</strong></span> <span class='ocrx_word' id='word_1_55' title='bbox 1232 1088 1247 1114; x_wconf 88' lang='lat'><strong>,</strong></span> <span class='ocrx_word' id='word_1_56' title='bbox 1278 1047 1375 1104; x_wconf 91' lang='lat' dir='ltr'><strong>sed</strong></span> <span class='ocrx_word' id='word_1_57' title='bbox 1404 1060 1562 1116; x_wconf 84' lang='lat' dir='ltr'><strong>supra</strong></span> <span class='ocrx_word' id='word_1_58' title='bbox 1596 1044 1741 1112; x_wconf 82' lang='lat' dir='ltr'><strong>ipsos</strong></span> 
     </span>
    </p>
   </div>
   <div class='ocr_carea' id='block_1_9' title="bbox 165 1134 1739 1217">
    <p class='ocr_par' dir='ltr' id='par_1_9' title="bbox 165 1134 1739 1217">
     <span class='ocr_line' id='line_1_9' title="bbox 165 1134 1739 1217; baseline -0.011 -13"><span class='ocrx_word' id='word_1_59' title='bbox 165 1149 330 1204; x_wconf 88' lang='lat' dir='ltr'><strong>etiam</strong></span> <span class='ocrx_word' id='word_1_60' title='bbox 359 1148 522 1203; x_wconf 66' lang='lat' dir='ltr'><strong>caelos</strong></span> <span class='ocrx_word' id='word_1_61' title='bbox 563 1160 783 1217; x_wconf 90' lang='lat' dir='ltr'><strong>assurge</strong></span> <span class='ocrx_word' id='word_1_62' title='bbox 812 1163 826 1199; x_wconf 91' lang='lat'><strong>:</strong></span> <span class='ocrx_word' id='word_1_63' title='bbox 857 1144 1050 1199; x_wconf 88' lang='lat' dir='ltr'><strong>acerbe</strong></span> <span class='ocrx_word' id='word_1_64' title='bbox 1102 1141 1419 1211; x_wconf 86' lang='lat' dir='ltr'><strong>ingemisce,</strong></span> <span class='ocrx_word' id='word_1_65' title='bbox 1442 1134 1739 1191; x_wconf 60' lang='lat' dir='ltr'><strong>confessio.</strong></span> 
     </span>
    </p>
   </div>
   <div class='ocr_carea' id='block_1_10' title="bbox 166 1225 1736 1304">
    <p class='ocr_par' dir='ltr' id='par_1_10' title="bbox 166 1225 1736 1304">
     <span class='ocr_line' id='line_1_10' title="bbox 166 1225 1736 1304; baseline -0.012 -10"><span class='ocrx_word' id='word_1_66' title='bbox 166 1253 291 1294; x_wconf 85' lang='lat' dir='ltr'><strong>nem</strong></span> <span class='ocrx_word' id='word_1_67' title='bbox 310 1248 500 1293; x_wconf 81' lang='lat' dir='ltr'><strong>macta:</strong></span> <span class='ocrx_word' id='word_1_68' title='bbox 519 1236 613 1291; x_wconf 83' lang='lat' dir='ltr'><strong>Dic</strong></span> <span class='ocrx_word' id='word_1_69' title='bbox 632 1238 766 1291; x_wconf 79' lang='lat' dir='ltr'><strong>enim</strong></span> <span class='ocrx_word' id='word_1_70' title='bbox 786 1246 841 1289; x_wconf 76' lang='grc' dir='ltr'>ω</span> <span class='ocrx_word' id='word_1_71' title='bbox 860 1232 1301 1304; x_wconf 59' lang='lat' dir='ltr'><strong>prioriniqttitatu</strong></span> <span class='ocrx_word' id='word_1_72' title='bbox 1316 1225 1650 1295; x_wconf 79' lang='lat' dir='ltr'><strong>tuas,inquit,</strong></span> <span class='ocrx_word' id='word_1_73' title='bbox 1681 1231 1736 1276; x_wconf 83' lang='lat' dir='ltr'><strong>ut</strong></span> 
     </span>
    </p>
   </div>
   <div class='ocr_carea' id='block_1_11' title="bbox 159 1316 1741 1403">
    <p class='ocr_par' dir='ltr' id='par_1_11' title="bbox 159 1316 1741 1403">
     <span class='ocr_line' id='line_1_11' title="bbox 159 1316 1741 1403; baseline -0.01 -21"><span class='ocrx_word' id='word_1_74' title='bbox 159 1329 457 1403; x_wconf 58' lang='lat' dir='ltr'><strong>iustiﬁcari:</strong></span> <span class='ocrx_word' id='word_1_75' title='bbox 485 1344 505 1382; x_wconf 89' lang='lat'><strong><em>:</em></strong></span> <span class='ocrx_word' id='word_1_76' title='bbox 525 1336 696 1382; x_wconf 87' lang='lat' dir='ltr'><strong>macta</strong></span> <span class='ocrx_word' id='word_1_77' title='bbox 735 1323 1114 1381; x_wconf 89' lang='lat' dir='ltr'><strong>contritionem</strong></span> <span class='ocrx_word' id='word_1_78' title='bbox 1147 1320 1346 1377; x_wconf 90' lang='lat' dir='ltr'><strong>cordis.</strong></span> <span class='ocrx_word' id='word_1_79' title='bbox 1387 1318 1481 1373; x_wconf 72' lang='lat' dir='ltr'><strong>Ha:</strong></span> <span class='ocrx_word' id='word_1_80' title='bbox 1508 1316 1741 1370; x_wconf 63' lang='lat' dir='ltr'><strong>victima</strong></span> 
     </span>
    </p>
   </div>
   <div class='ocr_carea' id='block_1_12' title="bbox 168 1406 1738 1479">
    <p class='ocr_par' dir='ltr' id='par_1_12' title="bbox 168 1406 1738 1479">
     <span class='ocr_line' id='line_1_12' title="bbox 168 1406 1738 1479; baseline -0.013 -4"><span class='ocrx_word' id='word_1_81' title='bbox 168 1434 277 1475; x_wconf 86' lang='lat' dir='ltr'><strong>non</strong></span> <span class='ocrx_word' id='word_1_82' title='bbox 302 1420 355 1473; x_wconf 89' lang='lat' dir='ltr'><strong>in</strong></span> <span class='ocrx_word' id='word_1_83' title='bbox 382 1418 619 1474; x_wconf 86' lang='lat' dir='ltr'><strong>cinerem</strong></span> <span class='ocrx_word' id='word_1_84' title='bbox 647 1416 917 1479; x_wconf 88' lang='lat' dir='ltr'><strong>desinunt,</strong></span> <span class='ocrx_word' id='word_1_85' title='bbox 942 1428 1043 1468; x_wconf 89' lang='lat' dir='ltr'><strong>nec</strong></span> <span class='ocrx_word' id='word_1_86' title='bbox 1068 1413 1120 1467; x_wconf 90' lang='lat' dir='ltr'><strong>in</strong></span> <span class='ocrx_word' id='word_1_87' title='bbox 1149 1411 1349 1466; x_wconf 86' lang='lat' dir='ltr'><strong>fumum</strong></span> <span class='ocrx_word' id='word_1_88' title='bbox 1378 1406 1692 1464; x_wconf 88' lang='lat' dir='ltr'><strong>dilabuntur</strong></span> <span class='ocrx_word' id='word_1_89' title='bbox 1721 1441 1738 1469; x_wconf 93' lang='lat'><strong>,</strong></span> 
     </span>
    </p>
   </div>
   <div class='ocr_carea' id='block_1_13' title="bbox 167 1494 1739 1583">
    <p class='ocr_par' dir='ltr' id='par_1_13' title="bbox 167 1494 1739 1583">
     <span class='ocr_line' id='line_1_13' title="bbox 167 1494 1739 1583; baseline -0.014 -14"><span class='ocrx_word' id='word_1_90' title='bbox 167 1525 268 1568; x_wconf 86' lang='lat' dir='ltr'><strong>nec</strong></span> <span class='ocrx_word' id='word_1_91' title='bbox 298 1509 454 1581; x_wconf 86' lang='lat' dir='ltr'><strong>lignis</strong></span> <span class='ocrx_word' id='word_1_92' title='bbox 473 1518 529 1564; x_wconf 93' lang='lat' dir='ltr'><strong>et</strong></span> <span class='ocrx_word' id='word_1_93' title='bbox 559 1508 680 1583; x_wconf 88' lang='lat' dir='ltr'><strong>igne</strong></span> <span class='ocrx_word' id='word_1_94' title='bbox 726 1521 862 1577; x_wconf 87' lang='lat' dir='ltr'><strong>opus</strong></span> <span class='ocrx_word' id='word_1_95' title='bbox 888 1506 1106 1569; x_wconf 83' lang='lat' dir='ltr'><strong>habent,</strong></span> <span class='ocrx_word' id='word_1_96' title='bbox 1138 1502 1232 1559; x_wconf 86' lang='lat' dir='ltr'><strong>sed</strong></span> <span class='ocrx_word' id='word_1_97' title='bbox 1257 1501 1533 1557; x_wconf 72' lang='lat' dir='ltr'><strong>dumtaxat</strong></span> <span class='ocrx_word' id='word_1_98' title='bbox 1560 1494 1739 1550; x_wconf 88' lang='lat' dir='ltr'><strong>animo</strong></span> 
     </span>
    </p>
   </div>
   <div class='ocr_carea' id='block_1_14' title="bbox 166 1584 1740 1672">
    <p class='ocr_par' dir='ltr' id='par_1_14' title="bbox 166 1584 1740 1672">
     <span class='ocr_line' id='line_1_14' title="bbox 166 1584 1740 1672; baseline -0.011 -16"><span class='ocrx_word' id='word_1_99' title='bbox 166 1610 523 1672; x_wconf 88' lang='lat' dir='ltr'><strong>compuncto:</strong></span> <span class='ocrx_word' id='word_1_100' title='bbox 553 1600 658 1655; x_wconf 84' lang='lat' dir='ltr'><strong>hoc</strong></span> <span class='ocrx_word' id='word_1_101' title='bbox 686 1600 853 1671; x_wconf 89' lang='lat' dir='ltr'><strong>ligna,</strong></span> <span class='ocrx_word' id='word_1_102' title='bbox 880 1598 984 1653; x_wconf 88' lang='lat' dir='ltr'><strong>hoc</strong></span> <span class='ocrx_word' id='word_1_103' title='bbox 1022 1596 1159 1667; x_wconf 90' lang='lat' dir='ltr'><strong>ignis</strong></span> <span class='ocrx_word' id='word_1_104' title='bbox 1197 1601 1298 1658; x_wconf 86' lang='lat' dir='ltr'><strong>est,</strong></span> <span class='ocrx_word' id='word_1_105' title='bbox 1320 1603 1481 1646; x_wconf 89' lang='lat' dir='ltr'><strong>urens</strong></span> <span class='ocrx_word' id='word_1_106' title='bbox 1500 1588 1609 1652; x_wconf 86' lang='lat' dir='ltr'><strong>illa,</strong></span> <span class='ocrx_word' id='word_1_107' title='bbox 1639 1584 1740 1641; x_wconf 92' lang='lat' dir='ltr'><strong>sed</strong></span> 
     </span>
    </p>
   </div>
   <div class='ocr_carea' id='block_1_15' title="bbox 168 1680 1736 1762">
    <p class='ocr_par' dir='ltr' id='par_1_15' title="bbox 168 1680 1736 1762">
     <span class='ocr_line' id='line_1_15' title="bbox 168 1680 1736 1762; baseline -0.011 -14"><span class='ocrx_word' id='word_1_108' title='bbox 168 1708 275 1749; x_wconf 89' lang='lat' dir='ltr'><strong>non</strong></span> <span class='ocrx_word' id='word_1_109' title='bbox 295 1692 719 1762; x_wconf 80' lang='lat' dir='ltr'><strong>perurens.Nam</strong></span> <span class='ocrx_word' id='word_1_110' title='bbox 745 1693 833 1762; x_wconf 85' lang='lat' dir='ltr'><strong>qui</strong></span> <span class='ocrx_word' id='word_1_111' title='bbox 860 1691 1125 1747; x_wconf 80' lang='lat' dir='ltr'><strong>ferventer</strong></span> <span class='ocrx_word' id='word_1_112' title='bbox 1150 1696 1287 1754; x_wconf 90' lang='lat' dir='ltr'><strong>orat,</strong></span> <span class='ocrx_word' id='word_1_113' title='bbox 1311 1684 1484 1739; x_wconf 89' lang='lat' dir='ltr'><strong>uritur</strong></span> <span class='ocrx_word' id='word_1_114' title='bbox 1501 1680 1736 1752; x_wconf 88' lang='lat' dir='ltr'><strong>quidem,</strong></span> 
     </span>
    </p>
   </div>
   <div class='ocr_carea' id='block_1_16' title="bbox 169 1768 1739 1852">
    <p class='ocr_par' dir='ltr' id='par_1_16' title="bbox 169 1768 1739 1852">
     <span class='ocr_line' id='line_1_16' title="bbox 169 1768 1739 1852; baseline -0.009 -15"><span class='ocrx_word' id='word_1_115' title='bbox 169 1793 223 1837; x_wconf 90' lang='lat' dir='ltr'><strong>at</strong></span> <span class='ocrx_word' id='word_1_116' title='bbox 255 1798 362 1837; x_wconf 91' lang='lat' dir='ltr'><strong>non</strong></span> <span class='ocrx_word' id='word_1_117' title='bbox 387 1785 675 1852; x_wconf 89' lang='lat' dir='ltr'><strong>peruritur,</strong></span> <span class='ocrx_word' id='word_1_118' title='bbox 699 1783 793 1839; x_wconf 88' lang='lat' dir='ltr'><strong>sed</strong></span> <span class='ocrx_word' id='word_1_119' title='bbox 822 1784 960 1838; x_wconf 82' lang='lat' dir='ltr'><strong>sicut</strong></span> <span class='ocrx_word' id='word_1_120' title='bbox 984 1794 1174 1838; x_wconf 87' lang='lat' dir='ltr'><strong>aurum</strong></span> <span class='ocrx_word' id='word_1_121' title='bbox 1203 1820 1219 1845; x_wconf 92' lang='lat'><strong>,</strong></span> <span class='ocrx_word' id='word_1_122' title='bbox 1241 1773 1382 1848; x_wconf 79' lang='lat' dir='ltr'><strong>quod</strong></span> <span class='ocrx_word' id='word_1_123' title='bbox 1413 1773 1531 1844; x_wconf 89' lang='lat' dir='ltr'><strong>igne</strong></span> <span class='ocrx_word' id='word_1_124' title='bbox 1556 1768 1739 1840; x_wconf 86' lang='lat' dir='ltr'><strong>explo-</strong></span> 
     </span>
    </p>
   </div>
   <div class='ocr_carea' id='block_1_17' title="bbox 170 1860 1051 1943">
    <p class='ocr_par' dir='ltr' id='par_1_17' title="bbox 170 1860 1051 1943">
     <span class='ocr_line' id='line_1_17' title="bbox 170 1860 1051 1943; baseline -0.002 -14"><span class='ocrx_word' id='word_1_125' title='bbox 170 1884 341 1940; x_wconf 84' lang='lat' dir='ltr'><strong>ratur,</strong></span> <span class='ocrx_word' id='word_1_126' title='bbox 369 1873 702 1943; x_wconf 75' lang='lat' dir='ltr'><strong>splendidius</strong></span> <span class='ocrx_word' id='word_1_127' title='bbox 737 1876 988 1930; x_wconf 83' lang='lat' dir='ltr'><strong>efllcitur.</strong></span> <span class='ocrx_word' id='word_1_128' title='bbox 1048 1860 1051 1861; x_wconf 33' lang='grc'><strong><em>⁷</em></strong></span> 
     </span>
    </p>
   </div>
   <div class='ocr_carea' id='block_1_18' title="bbox 241 1944 1740 2033">
    <p class='ocr_par' dir='ltr' id='par_1_18' title="bbox 241 1944 1740 2033">
     <span class='ocr_line' id='line_1_18' title="bbox 241 1944 1740 2033; baseline -0.008 -16"><span class='ocrx_word' id='word_1_129' title='bbox 241 1961 366 2017; x_wconf 75' lang='lat' dir='ltr'><strong>Non</strong></span> <span class='ocrx_word' id='word_1_130' title='bbox 418 1964 726 2033; x_wconf 72' lang='lat' dir='ltr'><strong>precandum</strong></span> <span class='ocrx_word' id='word_1_131' title='bbox 769 1972 943 2017; x_wconf 82' lang='lat' dir='ltr'><strong>contra</strong></span> <span class='ocrx_word' id='word_1_132' title='bbox 978 1960 1226 2015; x_wconf 79' lang='lat' dir='ltr'><strong>inimicos.</strong></span> <span class='ocrx_word' id='word_1_133' title='bbox 1253 1988 1322 1999; x_wconf 94' lang='lat'><strong>—</strong></span> <span class='ocrx_word' id='word_1_134' title='bbox 1366 1954 1444 2011; x_wconf 83' lang='lat' dir='ltr'><strong>Ad</strong></span> <span class='ocrx_word' id='word_1_135' title='bbox 1470 1953 1582 2009; x_wconf 55' lang='lat' dir='ltr'><strong>haec</strong></span> <span class='ocrx_word' id='word_1_136' title='bbox 1612 1944 1740 2007; x_wconf 89' lang='lat' dir='ltr'><strong>illud</strong></span> 
     </span>
    </p>
   </div>
   <div class='ocr_carea' id='block_1_19' title="bbox 170 2039 1739 2119">
    <p class='ocr_par' dir='ltr' id='par_1_19' title="bbox 170 2039 1739 2119">
     <span class='ocr_line' id='line_1_19' title="bbox 170 2039 1739 2119; baseline -0.01 -10"><span class='ocrx_word' id='word_1_137' title='bbox 170 2068 323 2119; x_wconf 89' lang='lat' dir='ltr'><strong>cave,</strong></span> <span class='ocrx_word' id='word_1_138' title='bbox 354 2068 421 2108; x_wconf 89' lang='lat' dir='ltr'><strong>ne</strong></span> <span class='ocrx_word' id='word_1_139' title='bbox 464 2053 629 2107; x_wconf 87' lang='lat' dir='ltr'><strong>ullum</strong></span> <span class='ocrx_word' id='word_1_140' title='bbox 676 2054 728 2107; x_wconf 91' lang='lat' dir='ltr'><strong>in</strong></span> <span class='ocrx_word' id='word_1_141' title='bbox 757 2054 1000 2107; x_wconf 90' lang='lat' dir='ltr'><strong>oratione</strong></span> <span class='ocrx_word' id='word_1_142' title='bbox 1056 2050 1279 2105; x_wconf 80' lang='lat' dir='ltr'><strong>verbum</strong></span> <span class='ocrx_word' id='word_1_143' title='bbox 1319 2046 1553 2107; x_wconf 89' lang='lat' dir='ltr'><strong>emittas,</strong></span> <span class='ocrx_word' id='word_1_144' title='bbox 1599 2039 1739 2111; x_wconf 85' lang='lat' dir='ltr'><strong>quod</strong></span> 
     </span>
    </p>
   </div>
   <div class='ocr_carea' id='block_1_20' title="bbox 170 2132 1741 2212">
    <p class='ocr_par' dir='ltr' id='par_1_20' title="bbox 170 2132 1741 2212">
     <span class='ocr_line' id='line_1_20' title="bbox 170 2132 1741 2212; baseline -0.011 -10"><span class='ocrx_word' id='word_1_145' title='bbox 170 2145 459 2201; x_wconf 86' lang='lat' dir='ltr'><strong>Dominum</strong></span> <span class='ocrx_word' id='word_1_146' title='bbox 501 2145 711 2212; x_wconf 82' lang='lat' dir='ltr'><strong>irritet,</strong></span> <span class='ocrx_word' id='word_1_147' title='bbox 738 2143 825 2198; x_wconf 87' lang='lat' dir='ltr'><strong>vel</strong></span> <span class='ocrx_word' id='word_1_148' title='bbox 850 2144 903 2197; x_wconf 91' lang='lat' dir='ltr'><strong>in</strong></span> <span class='ocrx_word' id='word_1_149' title='bbox 929 2140 1160 2196; x_wconf 89' lang='lat' dir='ltr'><strong>hostium</strong></span> <span class='ocrx_word' id='word_1_150' title='bbox 1212 2148 1421 2193; x_wconf 89' lang='lat' dir='ltr'><strong>tuorum</strong></span> <span class='ocrx_word' id='word_1_151' title='bbox 1451 2132 1741 2205; x_wconf 87' lang='lat' dir='ltr'><strong>perniciem</strong></span> 
     </span>
    </p>
   </div>
   <div class='ocr_carea' id='block_1_21' title="bbox 168 2224 1740 2306">
    <p class='ocr_par' dir='ltr' id='par_1_21' title="bbox 168 2224 1740 2306">
     <span class='ocr_line' id='line_1_21' title="bbox 168 2224 1740 2306; baseline -0.009 -16"><span class='ocrx_word' id='word_1_152' title='bbox 168 2236 346 2306; x_wconf 90' lang='lat' dir='ltr'><strong>ipsum</strong></span> <span class='ocrx_word' id='word_1_153' title='bbox 369 2235 551 2289; x_wconf 88' lang='lat' dir='ltr'><strong>adeas.</strong></span> <span class='ocrx_word' id='word_1_154' title='bbox 580 2234 709 2294; x_wconf 79' lang='lat' dir='ltr'><strong>Nam</strong></span> <span class='ocrx_word' id='word_1_155' title='bbox 737 2235 783 2289; x_wconf 88' lang='lat' dir='ltr'><strong>si</strong></span> <span class='ocrx_word' id='word_1_156' title='bbox 809 2232 897 2287; x_wconf 91' lang='lat' dir='ltr'><strong>vel</strong></span> <span class='ocrx_word' id='word_1_157' title='bbox 928 2232 1107 2286; x_wconf 79' lang='lat' dir='ltr'><strong>hostes</strong></span> <span class='ocrx_word' id='word_1_158' title='bbox 1145 2228 1366 2291; x_wconf 86' lang='lat' dir='ltr'><strong>habere,</strong></span> <span class='ocrx_word' id='word_1_159' title='bbox 1412 2224 1609 2295; x_wconf 90' lang='lat' dir='ltr'><strong>probro</strong></span> <span class='ocrx_word' id='word_1_160' title='bbox 1634 2239 1740 2277; x_wconf 91' lang='lat' dir='ltr'><strong>non</strong></span> 
     </span>
    </p>
   </div>
   <div class='ocr_carea' id='block_1_22' title="bbox 167 2313 1742 2397">
    <p class='ocr_par' dir='ltr' id='par_1_22' title="bbox 167 2313 1742 2397">
     <span class='ocr_line' id='line_1_22' title="bbox 167 2313 1742 2397; baseline -0.011 -14"><span class='ocrx_word' id='word_1_161' title='bbox 167 2337 337 2394; x_wconf 88' lang='lat' dir='ltr'><strong>caret,</strong></span> <span class='ocrx_word' id='word_1_162' title='bbox 361 2327 531 2397; x_wconf 82' lang='lat' dir='ltr'><strong>cogita</strong></span> <span class='ocrx_word' id='word_1_163' title='bbox 552 2333 806 2396; x_wconf 87' lang='lat' dir='ltr'><strong>quantum</strong></span> <span class='ocrx_word' id='word_1_164' title='bbox 833 2324 1030 2378; x_wconf 91' lang='lat' dir='ltr'><strong>malum</strong></span> <span class='ocrx_word' id='word_1_165' title='bbox 1057 2322 1127 2376; x_wconf 87' lang='lat' dir='ltr'><strong>sit</strong></span> <span class='ocrx_word' id='word_1_166' title='bbox 1149 2320 1408 2375; x_wconf 89' lang='lat' dir='ltr'><strong>adversus</strong></span> <span class='ocrx_word' id='word_1_167' title='bbox 1434 2330 1529 2371; x_wconf 89' lang='lat' dir='ltr'><strong>eos</strong></span> <span class='ocrx_word' id='word_1_168' title='bbox 1553 2313 1742 2369; x_wconf 79' lang='lat' dir='ltr'><strong>orare?</strong></span> 
     </span>
    </p>
   </div>
   <div class='ocr_carea' id='block_1_23' title="bbox 167 2406 1741 2486">
    <p class='ocr_par' dir='ltr' id='par_1_23' title="bbox 167 2406 1741 2486">
     <span class='ocr_line' id='line_1_23' title="bbox 167 2406 1741 2486; baseline -0.01 -11"><span class='ocrx_word' id='word_1_169' title='bbox 167 2420 274 2475; x_wconf 86' lang='lat' dir='ltr'><strong>Pro</strong></span> <span class='ocrx_word' id='word_1_170' title='bbox 295 2432 362 2473; x_wconf 85' lang='lat' dir='ltr'><strong>eo</strong></span> <span class='ocrx_word' id='word_1_171' title='bbox 377 2417 659 2486; x_wconf 78' lang='lat' dir='ltr'><strong>Oportebat</strong></span> <span class='ocrx_word' id='word_1_172' title='bbox 705 2428 962 2471; x_wconf 89' lang='lat' dir='ltr'><strong>excusare</strong></span> <span class='ocrx_word' id='word_1_173' title='bbox 1000 2423 1050 2469; x_wconf 90' lang='lat' dir='ltr'><strong>te</strong></span> <span class='ocrx_word' id='word_1_174' title='bbox 1074 2411 1213 2482; x_wconf 88' lang='lat' dir='ltr'><strong>quod</strong></span> <span class='ocrx_word' id='word_1_175' title='bbox 1260 2409 1441 2464; x_wconf 88' lang='lat' dir='ltr'><strong>hostes</strong></span> <span class='ocrx_word' id='word_1_176' title='bbox 1467 2406 1652 2470; x_wconf 83' lang='lat' dir='ltr'><strong>habes,</strong></span> <span class='ocrx_word' id='word_1_177' title='bbox 1684 2414 1741 2460; x_wconf 88' lang='lat' dir='ltr'><strong>tu</strong></span> 
     </span>
    </p>
   </div>
   <div class='ocr_carea' id='block_1_24' title="bbox 168 2496 1741 2577">
    <p class='ocr_par' dir='ltr' id='par_1_24' title="bbox 168 2496 1741 2577">
     <span class='ocr_line' id='line_1_24' title="bbox 168 2496 1741 2577; baseline -0.009 -15"><span class='ocrx_word' id='word_1_178' title='bbox 168 2524 300 2564; x_wconf 88' lang='lat' dir='ltr'><strong>vero</strong></span> <span class='ocrx_word' id='word_1_179' title='bbox 342 2517 525 2563; x_wconf 82' lang='lat' dir='ltr'><strong>contra</strong></span> <span class='ocrx_word' id='word_1_180' title='bbox 570 2522 664 2562; x_wconf 87' lang='lat' dir='ltr'><strong>eos</strong></span> <span class='ocrx_word' id='word_1_181' title='bbox 697 2521 911 2577; x_wconf 87' lang='lat' dir='ltr'><strong>quoque</strong></span> <span class='ocrx_word' id='word_1_182' title='bbox 949 2517 1189 2558; x_wconf 83' lang='lat' dir='ltr'><strong>accusas.</strong></span> <span class='ocrx_word' id='word_1_183' title='bbox 1238 2501 1304 2555; x_wconf 91' lang='lat' dir='ltr'><strong>Et</strong></span> <span class='ocrx_word' id='word_1_184' title='bbox 1338 2514 1496 2570; x_wconf 90' lang='lat' dir='ltr'><strong>quam</strong></span> <span class='ocrx_word' id='word_1_185' title='bbox 1527 2496 1741 2551; x_wconf 87' lang='lat' dir='ltr'><strong>tandem</strong></span> 
     </span>
    </p>
   </div>
   <div class='ocr_carea' id='block_1_25' title="bbox 166 2586 1743 2667">
    <p class='ocr_par' dir='ltr' id='par_1_25' title="bbox 166 2586 1743 2667">
     <span class='ocr_line' id='line_1_25' title="bbox 166 2586 1743 2667; baseline -0.008 -14"><span class='ocrx_word' id='word_1_186' title='bbox 166 2602 381 2655; x_wconf 85' lang='lat' dir='ltr'><strong>veniam</strong></span> <span class='ocrx_word' id='word_1_187' title='bbox 403 2599 642 2653; x_wconf 88' lang='lat' dir='ltr'><strong>obtinere</strong></span> <span class='ocrx_word' id='word_1_188' title='bbox 671 2612 855 2667; x_wconf 87' lang='lat' dir='ltr'><strong>queas,</strong></span> <span class='ocrx_word' id='word_1_189' title='bbox 883 2610 1003 2649; x_wconf 89' lang='lat' dir='ltr'><strong>cum</strong></span> <span class='ocrx_word' id='word_1_190' title='bbox 1032 2610 1096 2648; x_wconf 92' lang='lat' dir='ltr'><strong>eo</strong></span> <span class='ocrx_word' id='word_1_191' title='bbox 1121 2606 1330 2661; x_wconf 89' lang='lat' dir='ltr'><strong>quoque</strong></span> <span class='ocrx_word' id='word_1_192' title='bbox 1356 2599 1596 2659; x_wconf 88' lang='lat' dir='ltr'><strong>tempore</strong></span> <span class='ocrx_word' id='word_1_193' title='bbox 1622 2586 1743 2640; x_wconf 90' lang='lat' dir='ltr'><strong>aliis</strong></span> 
     </span>
    </p>
   </div>
   <div class='ocr_carea' id='block_1_26' title="bbox 169 2677 1743 2757">
    <p class='ocr_par' dir='ltr' id='par_1_26' title="bbox 169 2677 1743 2757">
     <span class='ocr_line' id='line_1_26' title="bbox 169 2677 1743 2757; baseline -0.008 -14"><span class='ocrx_word' id='word_1_194' title='bbox 169 2690 460 2751; x_wconf 88' lang='lat' dir='ltr'><strong>obtrectes,</strong></span> <span class='ocrx_word' id='word_1_195' title='bbox 483 2703 589 2757; x_wconf 87' lang='lat' dir='ltr'><strong>quo</strong></span> <span class='ocrx_word' id='word_1_196' title='bbox 615 2688 813 2757; x_wconf 89' lang='lat' dir='ltr'><strong>ingenti</strong></span> <span class='ocrx_word' id='word_1_197' title='bbox 846 2688 959 2756; x_wconf 92' lang='lat' dir='ltr'><strong>ipse</strong></span> <span class='ocrx_word' id='word_1_198' title='bbox 988 2684 1348 2741; x_wconf 88' lang='lat' dir='ltr'><strong>misericordia</strong></span> <span class='ocrx_word' id='word_1_199' title='bbox 1378 2696 1511 2749; x_wconf 89' lang='lat' dir='ltr'><strong>opus</strong></span> <span class='ocrx_word' id='word_1_200' title='bbox 1538 2677 1743 2732; x_wconf 84' lang='lat' dir='ltr'><strong>babes?</strong></span> 
     </span>
    </p>
   </div>
   <div class='ocr_carea' id='block_1_27' title="bbox 170 2770 1743 2846">
    <p class='ocr_par' dir='ltr' id='par_1_27' title="bbox 170 2770 1743 2846">
     <span class='ocr_line' id='line_1_27' title="bbox 170 2770 1743 2846; baseline -0.008 -13"><span class='ocrx_word' id='word_1_201' title='bbox 170 2779 387 2834; x_wconf 83' lang='lat' dir='ltr'><strong>Etenim</strong></span> <span class='ocrx_word' id='word_1_202' title='bbox 416 2792 481 2832; x_wconf 93' lang='lat' dir='ltr'><strong>eo</strong></span> <span class='ocrx_word' id='word_1_203' title='bbox 511 2777 804 2841; x_wconf 84' lang='lat' dir='ltr'><strong>accessisti,</strong></span> <span class='ocrx_word' id='word_1_204' title='bbox 830 2786 889 2830; x_wconf 89' lang='lat' dir='ltr'><strong>ut</strong></span> <span class='ocrx_word' id='word_1_205' title='bbox 913 2790 1012 2846; x_wconf 89' lang='lat' dir='ltr'><strong>pro</strong></span> <span class='ocrx_word' id='word_1_206' title='bbox 1044 2775 1146 2828; x_wconf 89' lang='lat' dir='ltr'><strong>tuis</strong></span> <span class='ocrx_word' id='word_1_207' title='bbox 1178 2770 1408 2841; x_wconf 86' lang='lat' dir='ltr'><strong>peccatis</strong></span> <span class='ocrx_word' id='word_1_208' title='bbox 1437 2783 1620 2825; x_wconf 89' lang='lat' dir='ltr'><strong>orares</strong></span> <span class='ocrx_word' id='word_1_209' title='bbox 1643 2785 1654 2819; x_wconf 89' lang='lat'><strong>:</strong></span> <span class='ocrx_word' id='word_1_210' title='bbox 1676 2780 1743 2821; x_wconf 91' lang='lat' dir='ltr'><strong>ne</strong></span> 
     </span>
    </p>
   </div>
   <div class='ocr_carea' id='block_1_28' title="bbox 171 2860 1743 2939">
    <p class='ocr_par' dir='ltr' id='par_1_28' title="bbox 171 2860 1743 2939">
     <span class='ocr_line' id='line_1_28' title="bbox 171 2860 1743 2939; baseline -0.006 -16"><span class='ocrx_word' id='word_1_211' title='bbox 171 2870 332 2939; x_wconf 80' lang='lat' dir='ltr'><strong>igitur</strong></span> <span class='ocrx_word' id='word_1_212' title='bbox 352 2869 647 2923; x_wconf 86' lang='lat' dir='ltr'><strong>alienorum</strong></span> <span class='ocrx_word' id='word_1_213' title='bbox 699 2876 1037 2937; x_wconf 89' lang='lat' dir='ltr'><strong>peccatorum</strong></span> <span class='ocrx_word' id='word_1_214' title='bbox 1091 2863 1415 2929; x_wconf 87' lang='lat' dir='ltr'><strong>recorderis,</strong></span> <span class='ocrx_word' id='word_1_215' title='bbox 1450 2877 1516 2917; x_wconf 91' lang='lat' dir='ltr'><strong>ne</strong></span> <span class='ocrx_word' id='word_1_216' title='bbox 1545 2860 1743 2930; x_wconf 87' lang='lat' dir='ltr'><strong>alioqui</strong></span> 
     </span>
    </p>
   </div>
   <div class='ocr_carea' id='block_1_29' title="bbox 170 2951 1741 3029">
    <p class='ocr_par' dir='ltr' id='par_1_29' title="bbox 170 2951 1741 3029">
     <span class='ocr_line' id='line_1_29' title="bbox 170 2951 1741 3029; baseline -0.008 -13"><span class='ocrx_word' id='word_1_217' title='bbox 170 2972 383 3016; x_wconf 90' lang='lat' dir='ltr'><strong>tuorum</strong></span> <span class='ocrx_word' id='word_1_218' title='bbox 416 2961 530 3029; x_wconf 91' lang='lat' dir='ltr'><strong>ipse</strong></span> <span class='ocrx_word' id='word_1_219' title='bbox 585 2958 897 3014; x_wconf 90' lang='lat' dir='ltr'><strong>memoriam</strong></span> <span class='ocrx_word' id='word_1_220' title='bbox 952 2956 1195 3011; x_wconf 82' lang='lat' dir='ltr'><strong>refrices.</strong></span> <span class='ocrx_word' id='word_1_221' title='bbox 1253 2953 1382 3008; x_wconf 86' lang='lat' dir='ltr'><strong>Nam</strong></span> <span class='ocrx_word' id='word_1_222' title='bbox 1414 2954 1459 3008; x_wconf 88' lang='lat' dir='ltr'><strong>si</strong></span> <span class='ocrx_word' id='word_1_223' title='bbox 1505 2951 1741 3016; x_wconf 82' lang='lat' dir='ltr'><strong>dixeris,</strong></span> 
     </span>
    </p>
   </div>
   <div class='ocr_carea' id='block_1_30' title="bbox 176 3043 1739 3121">
    <p class='ocr_par' dir='ltr' id='par_1_30' title="bbox 176 3043 1739 3121">
     <span class='ocr_line' id='line_1_30' title="bbox 176 3043 1739 3121; baseline -0.006 -14"><span class='ocrx_word' id='word_1_224' title='bbox 176 3052 399 3107; x_wconf 80' lang='lat' dir='ltr'><strong>ilostem</strong></span> <span class='ocrx_word' id='word_1_225' title='bbox 418 3059 658 3121; x_wconf 82' lang='lat' dir='ltr'><strong>percute,</strong></span> <span class='ocrx_word' id='word_1_226' title='bbox 689 3064 751 3104; x_wconf 91' lang='lat' dir='ltr'><strong>os</strong></span> <span class='ocrx_word' id='word_1_227' title='bbox 775 3057 921 3102; x_wconf 92' lang='lat' dir='ltr'><strong>tuum</strong></span> <span class='ocrx_word' id='word_1_228' title='bbox 949 3046 1283 3111; x_wconf 83' lang='lat' dir='ltr'><strong>obstruxisti,</strong></span> <span class='ocrx_word' id='word_1_229' title='bbox 1304 3045 1413 3115; x_wconf 91' lang='lat' dir='ltr'><strong>jam</strong></span> <span class='ocrx_word' id='word_1_230' title='bbox 1446 3044 1639 3112; x_wconf 70' lang='lat' dir='ltr'><strong>lingua:</strong></span> <span class='ocrx_word' id='word_1_231' title='bbox 1678 3043 1739 3097; x_wconf 85' lang='lat' dir='ltr'><strong>[i-</strong></span> 
     </span>
    </p>
   </div>
   <div class='ocr_carea' id='block_1_31' title="bbox 172 3136 1747 3209">
    <p class='ocr_par' dir='ltr' id='par_1_31' title="bbox 172 3136 1747 3209">
     <span class='ocr_line' id='line_1_31' title="bbox 172 3136 1747 3209; baseline -0.005 -11"><span class='ocrx_word' id='word_1_232' title='bbox 172 3144 385 3198; x_wconf 90' lang='lat' dir='ltr'><strong>duciam</strong></span> <span class='ocrx_word' id='word_1_233' title='bbox 440 3138 727 3209; x_wconf 67' lang='lat' dir='ltr'><strong>prmeidisti</strong></span> <span class='ocrx_word' id='word_1_234' title='bbox 759 3156 773 3193; x_wconf 90' lang='lat'>:</span> <span class='ocrx_word' id='word_1_235' title='bbox 806 3139 1034 3208; x_wconf 90' lang='lat' dir='ltr'><strong>primum</strong></span> <span class='ocrx_word' id='word_1_236' title='bbox 1066 3151 1293 3207; x_wconf 85' lang='lat' dir='ltr'><strong>nempe,</strong></span> <span class='ocrx_word' id='word_1_237' title='bbox 1347 3136 1470 3203; x_wconf 88' lang='lat' dir='ltr'><strong>quia</strong></span> <span class='ocrx_word' id='word_1_238' title='bbox 1516 3136 1583 3188; x_wconf 86' lang='lat' dir='ltr'><strong>ab</strong></span> <span class='ocrx_word' id='word_1_239' title='bbox 1629 3136 1747 3205; x_wconf 90' lang='lat' dir='ltr'><strong>ipso</strong></span> 
     </span>
    </p>
   </div>
   <div class='ocr_carea' id='block_1_32' title="bbox 170 3226 1746 3291">
    <p class='ocr_par' dir='ltr' id='par_1_32' title="bbox 170 3226 1746 3291">
     <span class='ocr_line' id='line_1_32' title="bbox 170 3226 1746 3291; baseline -0.005 -1"><span class='ocrx_word' id='word_1_240' title='bbox 170 3235 351 3291; x_wconf 87' lang='lat' dir='ltr'><strong>statim</strong></span> <span class='ocrx_word' id='word_1_241' title='bbox 371 3232 522 3286; x_wconf 91' lang='lat' dir='ltr'><strong>initio</strong></span> <span class='ocrx_word' id='word_1_242' title='bbox 544 3231 825 3284; x_wconf 90' lang='lat' dir='ltr'><strong>Dominum</strong></span> <span class='ocrx_word' id='word_1_243' title='bbox 850 3229 915 3284; x_wconf 89' lang='lat' dir='ltr'><strong>ad</strong></span> <span class='ocrx_word' id='word_1_244' title='bbox 941 3228 1263 3284; x_wconf 86' lang='lat' dir='ltr'><strong>iracundiam</strong></span> <span class='ocrx_word' id='word_1_245' title='bbox 1283 3227 1533 3291; x_wconf 89' lang='lat' dir='ltr'><strong>incitasti;</strong></span> <span class='ocrx_word' id='word_1_246' title='bbox 1551 3226 1746 3285; x_wconf 87' lang='lat' dir='ltr'><strong>deinde</strong></span> 
     </span>
    </p>
   </div>
   <div class='ocr_carea' id='block_1_33' title="bbox 171 3316 1747 3390">
    <p class='ocr_par' dir='ltr' id='par_1_33' title="bbox 171 3316 1747 3390">
     <span class='ocr_line' id='line_1_33' title="bbox 171 3316 1747 3390; baseline -0.004 -12"><span class='ocrx_word' id='word_1_247' title='bbox 171 3325 303 3390; x_wconf 85' lang='lat' dir='ltr'><strong>quia</strong></span> <span class='ocrx_word' id='word_1_248' title='bbox 347 3320 617 3376; x_wconf 85' lang='lat' dir='ltr'><strong>contraria</strong></span> <span class='ocrx_word' id='word_1_249' title='bbox 639 3318 898 3389; x_wconf 87' lang='lat' dir='ltr'><strong>postulas,</strong></span> <span class='ocrx_word' id='word_1_250' title='bbox 930 3334 1088 3387; x_wconf 92' lang='lat' dir='ltr'><strong>quam</strong></span> <span class='ocrx_word' id='word_1_251' title='bbox 1141 3317 1312 3372; x_wconf 90' lang='lat' dir='ltr'><strong>oratio</strong></span> <span class='ocrx_word' id='word_1_252' title='bbox 1357 3316 1511 3371; x_wconf 91' lang='lat' dir='ltr'><strong>ferat.</strong></span> <span class='ocrx_word' id='word_1_253' title='bbox 1543 3316 1673 3370; x_wconf 82' lang='lat' dir='ltr'><strong>Nam</strong></span> <span class='ocrx_word' id='word_1_254' title='bbox 1702 3316 1747 3371; x_wconf 88' lang='lat' dir='ltr'><strong>si</strong></span> 
     </span>
    </p>
   </div>
   <div class='ocr_carea' id='block_1_34' title="bbox 172 3406 1747 3484">
    <p class='ocr_par' dir='ltr' id='par_1_34' title="bbox 172 3406 1747 3484">
     <span class='ocr_line' id='line_1_34' title="bbox 172 3406 1747 3484; baseline -0.006 -16"><span class='ocrx_word' id='word_1_255' title='bbox 172 3427 276 3484; x_wconf 90' lang='lat' dir='ltr'><strong>pro</strong></span> <span class='ocrx_word' id='word_1_256' title='bbox 306 3421 646 3481; x_wconf 88' lang='lat' dir='ltr'><strong>peccatorum</strong></span> <span class='ocrx_word' id='word_1_257' title='bbox 674 3408 991 3463; x_wconf 89' lang='lat' dir='ltr'><strong>remissione</strong></span> <span class='ocrx_word' id='word_1_258' title='bbox 1038 3407 1204 3462; x_wconf 91' lang='lat' dir='ltr'><strong>Deum</strong></span> <span class='ocrx_word' id='word_1_259' title='bbox 1240 3407 1495 3475; x_wconf 87' lang='lat' dir='ltr'><strong>precaris,</strong></span> <span class='ocrx_word' id='word_1_260' title='bbox 1526 3407 1617 3475; x_wconf 89' lang='lat' dir='ltr'><strong>qui</strong></span> <span class='ocrx_word' id='word_1_261' title='bbox 1649 3406 1705 3460; x_wconf 85' lang='lat' dir='ltr'><strong>fit</strong></span> <span class='ocrx_word' id='word_1_262' title='bbox 1726 3445 1747 3474; x_wconf 91' lang='lat'><strong>,</strong></span> 
     </span>
    </p>
   </div>
   <div class='ocr_carea' id='block_1_35' title="bbox 174 3497 1745 3571">
    <p class='ocr_par' dir='ltr' id='par_1_35' title="bbox 174 3497 1745 3571">
     <span class='ocr_line' id='line_1_35' title="bbox 174 3497 1745 3571; baseline -0.003 -16"><span class='ocrx_word' id='word_1_263' title='bbox 174 3514 234 3556; x_wconf 89' lang='lat' dir='ltr'><strong>nt</strong></span> <span class='ocrx_word' id='word_1_264' title='bbox 262 3517 359 3571; x_wconf 90' lang='lat' dir='ltr'><strong>pro</strong></span> <span class='ocrx_word' id='word_1_265' title='bbox 386 3500 646 3570; x_wconf 85' lang='lat' dir='ltr'><strong>supplicio</strong></span> <span class='ocrx_word' id='word_1_266' title='bbox 674 3500 833 3555; x_wconf 89' lang='lat' dir='ltr'><strong>verba</strong></span> <span class='ocrx_word' id='word_1_267' title='bbox 856 3498 1064 3555; x_wconf 78' lang='lat' dir='ltr'><strong>facias?</strong></span> <span class='ocrx_word' id='word_1_268' title='bbox 1088 3499 1227 3566; x_wconf 87' lang='lat' dir='ltr'><strong>Quin</strong></span> <span class='ocrx_word' id='word_1_269' title='bbox 1258 3507 1440 3553; x_wconf 88' lang='lat' dir='ltr'><strong>contra</strong></span> <span class='ocrx_word' id='word_1_270' title='bbox 1465 3499 1641 3567; x_wconf 90' lang='lat' dir='ltr'><strong>potius</strong></span> <span class='ocrx_word' id='word_1_271' title='bbox 1666 3497 1745 3551; x_wconf 81' lang='lat' dir='ltr'><strong>fa-</strong></span> 
     </span>
    </p>
   </div>
   <div class='ocr_carea' id='block_1_36' title="bbox 174 3589 1740 3664">
    <p class='ocr_par' dir='ltr' id='par_1_36' title="bbox 174 3589 1740 3664">
     <span class='ocr_line' id='line_1_36' title="bbox 174 3589 1740 3664; baseline -0.004 -14"><span class='ocrx_word' id='word_1_272' title='bbox 174 3596 424 3651; x_wconf 91' lang='lat' dir='ltr'><strong>ciendum</strong></span> <span class='ocrx_word' id='word_1_273' title='bbox 457 3605 590 3659; x_wconf 88' lang='lat' dir='ltr'><strong>erat,</strong></span> <span class='ocrx_word' id='word_1_274' title='bbox 624 3609 722 3664; x_wconf 90' lang='lat' dir='ltr'><strong>pro</strong></span> <span class='ocrx_word' id='word_1_275' title='bbox 748 3594 876 3663; x_wconf 90' lang='lat' dir='ltr'><strong>ipsis</strong></span> <span class='ocrx_word' id='word_1_276' title='bbox 918 3606 1128 3661; x_wconf 86' lang='lat' dir='ltr'><strong>quoque</strong></span> <span class='ocrx_word' id='word_1_277' title='bbox 1156 3606 1347 3660; x_wconf 88' lang='lat' dir='ltr'><strong>preces</strong></span> <span class='ocrx_word' id='word_1_278' title='bbox 1380 3589 1638 3655; x_wconf 89' lang='lat' dir='ltr'><strong>fundere,</strong></span> <span class='ocrx_word' id='word_1_279' title='bbox 1682 3600 1740 3643; x_wconf 89' lang='lat' dir='ltr'><strong>ut</strong></span> 
     </span>
    </p>
   </div>
   <div class='ocr_carea' id='block_1_37' title="bbox 177 3679 1749 3755">
    <p class='ocr_par' dir='ltr' id='par_1_37' title="bbox 177 3679 1749 3755">
     <span class='ocr_line' id='line_1_37' title="bbox 177 3679 1749 3755; baseline -0.003 -17"><span class='ocrx_word' id='word_1_280' title='bbox 177 3687 279 3740; x_wconf 90' lang='lat' dir='ltr'><strong>hoc</strong></span> <span class='ocrx_word' id='word_1_281' title='bbox 308 3701 404 3755; x_wconf 91' lang='lat' dir='ltr'><strong>pro</strong></span> <span class='ocrx_word' id='word_1_282' title='bbox 433 3685 587 3739; x_wconf 90' lang='lat' dir='ltr'><strong>nobis</strong></span> <span class='ocrx_word' id='word_1_283' title='bbox 607 3699 819 3753; x_wconf 91' lang='lat' dir='ltr'><strong>quoque</strong></span> <span class='ocrx_word' id='word_1_284' title='bbox 848 3696 966 3736; x_wconf 91' lang='lat' dir='ltr'><strong>cum</strong></span> <span class='ocrx_word' id='word_1_285' title='bbox 1000 3680 1190 3735; x_wconf 84' lang='lat' dir='ltr'><strong>fiducia</strong></span> <span class='ocrx_word' id='word_1_286' title='bbox 1215 3690 1539 3748; x_wconf 89' lang='lat' dir='ltr'><strong>peteremus.</strong></span> <span class='ocrx_word' id='word_1_287' title='bbox 1596 3679 1749 3734; x_wconf 84' lang='lat' dir='ltr'><strong>Nunc</strong></span> 
     </span>
    </p>
   </div>
   <div class='ocr_carea' id='block_1_38' title="bbox 174 3770 1748 3841">
    <p class='ocr_par' dir='ltr' id='par_1_38' title="bbox 174 3770 1748 3841">
     <span class='ocr_line' id='line_1_38' title="bbox 174 3770 1748 3841; baseline -0.004 -12"><span class='ocrx_word' id='word_1_288' title='bbox 174 3791 308 3831; x_wconf 84' lang='lat' dir='ltr'><strong>vero</strong></span> <span class='ocrx_word' id='word_1_289' title='bbox 356 3774 559 3829; x_wconf 86' lang='lat' dir='ltr'><strong>Judicis</strong></span> <span class='ocrx_word' id='word_1_290' title='bbox 589 3773 907 3827; x_wconf 90' lang='lat' dir='ltr'><strong>sententiam</strong></span> <span class='ocrx_word' id='word_1_291' title='bbox 955 3786 1052 3841; x_wconf 88' lang='lat' dir='ltr'><strong>per</strong></span> <span class='ocrx_word' id='word_1_292' title='bbox 1106 3779 1249 3825; x_wconf 90' lang='lat' dir='ltr'><strong>tuam</strong></span> <span class='ocrx_word' id='word_1_293' title='bbox 1300 3772 1591 3839; x_wconf 84' lang='lat' dir='ltr'><strong>occupasti,</strong></span> <span class='ocrx_word' id='word_1_294' title='bbox 1622 3770 1748 3824; x_wconf 90' lang='lat' dir='ltr'><strong>dum</strong></span> 
     </span>
    </p>
   </div>
   <div class='ocr_carea' id='block_1_39' title="bbox 177 3859 1752 3937">
    <p class='ocr_par' dir='ltr' id='par_1_39' title="bbox 177 3859 1752 3937">
     <span class='ocr_line' id='line_1_39' title="bbox 177 3859 1752 3937; baseline -0.004 -17"><span class='ocrx_word' id='word_1_295' title='bbox 177 3868 315 3937; x_wconf 88' lang='lat' dir='ltr'><strong>petis</strong></span> <span class='ocrx_word' id='word_1_296' title='bbox 344 3875 399 3918; x_wconf 89' lang='lat' dir='ltr'><strong>ut</strong></span> <span class='ocrx_word' id='word_1_297' title='bbox 426 3864 493 3918; x_wconf 90' lang='lat' dir='ltr'><strong>de</strong></span> <span class='ocrx_word' id='word_1_298' title='bbox 516 3862 858 3933; x_wconf 87' lang='lat' dir='ltr'><strong>precantibus</strong></span> <span class='ocrx_word' id='word_1_299' title='bbox 886 3861 1202 3930; x_wconf 82' lang='lat' dir='ltr'><strong>supplicium</strong></span> <span class='ocrx_word' id='word_1_300' title='bbox 1228 3870 1401 3914; x_wconf 88' lang='lat' dir='ltr'><strong>sumat</strong></span> <span class='ocrx_word' id='word_1_301' title='bbox 1426 3877 1438 3913; x_wconf 93' lang='lat'><strong>:</strong></span> <span class='ocrx_word' id='word_1_302' title='bbox 1470 3859 1610 3930; x_wconf 92' lang='lat' dir='ltr'><strong>quod</strong></span> <span class='ocrx_word' id='word_1_303' title='bbox 1636 3860 1752 3930; x_wconf 90' lang='lat' dir='ltr'><strong>qui-</strong></span> 
     </span>
    </p>
   </div>
   <div class='ocr_carea' id='block_1_40' title="bbox 179 3952 1755 4023">
    <p class='ocr_par' dir='ltr' id='par_1_40' title="bbox 179 3952 1755 4023">
     <span class='ocr_line' id='line_1_40' title="bbox 179 3952 1755 4023; baseline -0.001 -12"><span class='ocrx_word' id='word_1_304' title='bbox 179 3959 302 4011; x_wconf 91' lang='lat' dir='ltr'><strong>dem</strong></span> <span class='ocrx_word' id='word_1_305' title='bbox 324 3970 538 4011; x_wconf 91' lang='lat' dir='ltr'><strong>omnem</strong></span> <span class='ocrx_word' id='word_1_306' title='bbox 582 3954 676 4009; x_wconf 91' lang='lat' dir='ltr'><strong>tibi</strong></span> <span class='ocrx_word' id='word_1_307' title='bbox 707 3954 916 4009; x_wconf 86' lang='lat' dir='ltr'><strong>veniam</strong></span> <span class='ocrx_word' id='word_1_308' title='bbox 944 3953 1150 4009; x_wconf 90' lang='lat' dir='ltr'><strong>adimit.</strong></span> <span class='ocrx_word' id='word_1_309' title='bbox 1205 3952 1400 4009; x_wconf 86' lang='lat' dir='ltr'><strong>Contra</strong></span> <span class='ocrx_word' id='word_1_310' title='bbox 1422 3952 1465 4006; x_wconf 91' lang='lat' dir='ltr'><strong>si</strong></span> <span class='ocrx_word' id='word_1_311' title='bbox 1499 3968 1595 4023; x_wconf 90' lang='lat' dir='ltr'><strong>pro</strong></span> <span class='ocrx_word' id='word_1_312' title='bbox 1625 3953 1755 4023; x_wconf 87' lang='lat' dir='ltr'><strong>ipsis</strong></span> 
     </span>
    </p>
   </div>
   <div class='ocr_carea' id='block_1_41' title="bbox 181 4044 1755 4118">
    <p class='ocr_par' dir='ltr' id='par_1_41' title="bbox 181 4044 1755 4118">
     <span class='ocr_line' id='line_1_41' title="bbox 181 4044 1755 4118; baseline -0.001 -17"><span class='ocrx_word' id='word_1_313' title='bbox 181 4047 438 4118; x_wconf 86' lang='lat' dir='ltr'><strong>preceris,</strong></span> <span class='ocrx_word' id='word_1_314' title='bbox 464 4046 668 4101; x_wconf 90' lang='lat' dir='ltr'><strong>etiamsi</strong></span> <span class='ocrx_word' id='word_1_315' title='bbox 698 4061 795 4115; x_wconf 89' lang='lat' dir='ltr'><strong>pro</strong></span> <span class='ocrx_word' id='word_1_316' title='bbox 825 4046 1057 4115; x_wconf 86' lang='lat' dir='ltr'><strong>peccatis</strong></span> <span class='ocrx_word' id='word_1_317' title='bbox 1085 4046 1189 4099; x_wconf 89' lang='lat' dir='ltr'><strong>tuis</strong></span> <span class='ocrx_word' id='word_1_318' title='bbox 1208 4046 1407 4100; x_wconf 90' lang='lat' dir='ltr'><strong>nullum</strong></span> <span class='ocrx_word' id='word_1_319' title='bbox 1430 4047 1647 4100; x_wconf 90' lang='lat' dir='ltr'><strong>verbum</strong></span> <span class='ocrx_word' id='word_1_320' title='bbox 1678 4044 1755 4101; x_wconf 88' lang='lat' dir='ltr'><strong>fe-</strong></span> 
     </span>
    </p>
   </div>
   <div class='ocr_carea' id='block_1_42' title="bbox 179 4134 1755 4207">
    <p class='ocr_par' dir='ltr' id='par_1_42' title="bbox 179 4134 1755 4207">
     <span class='ocr_line' id='line_1_42' title="bbox 179 4134 1755 4207; baseline -0.002 -14"><span class='ocrx_word' id='word_1_321' title='bbox 179 4139 343 4202; x_wconf 90' lang='lat' dir='ltr'><strong>ceris,</strong></span> <span class='ocrx_word' id='word_1_322' title='bbox 386 4151 497 4192; x_wconf 90' lang='lat' dir='ltr'><strong>rem</strong></span> <span class='ocrx_word' id='word_1_323' title='bbox 520 4145 683 4192; x_wconf 87' lang='lat' dir='ltr'><strong>totam</strong></span> <span class='ocrx_word' id='word_1_324' title='bbox 712 4134 1010 4190; x_wconf 81' lang='lat' dir='ltr'><strong>confecisti.</strong></span> <span class='ocrx_word' id='word_1_325' title='bbox 1056 4136 1239 4205; x_wconf 77' lang='lat' dir='ltr'><strong>Cogita</strong></span> <span class='ocrx_word' id='word_1_326' title='bbox 1285 4145 1536 4206; x_wconf 91' lang='lat' dir='ltr'><strong>quotuam</strong></span> <span class='ocrx_word' id='word_1_327' title='bbox 1560 4138 1611 4190; x_wconf 89' lang='lat' dir='ltr'><strong>in</strong></span> <span class='ocrx_word' id='word_1_328' title='bbox 1640 4137 1755 4207; x_wconf 84' lang='lat' dir='ltr'><strong>lege</strong></span> 
     </span>
    </p>
   </div>
   <div class='ocr_carea' id='block_1_43' title="bbox 177 4226 1756 4291">
    <p class='ocr_par' dir='ltr' id='par_1_43' title="bbox 177 4226 1756 4291">
     <span class='ocr_line' id='line_1_43' title="bbox 177 4226 1756 4291; baseline 0 -7"><span class='ocrx_word' id='word_1_329' title='bbox 177 4228 438 4285; x_wconf 79' lang='lat' dir='ltr'><strong>sacrificia</strong></span> <span class='ocrx_word' id='word_1_330' title='bbox 465 4229 605 4282; x_wconf 90' lang='lat' dir='ltr'><strong>sint:</strong></span> <span class='ocrx_word' id='word_1_331' title='bbox 637 4226 955 4281; x_wconf 74' lang='lat' dir='ltr'><strong>sacrificium</strong></span> <span class='ocrx_word' id='word_1_332' title='bbox 982 4226 1173 4291; x_wconf 87' lang='lat' dir='ltr'><strong>laudis,</strong></span> <span class='ocrx_word' id='word_1_333' title='bbox 1203 4226 1523 4283; x_wconf 82' lang='lat' dir='ltr'><strong>sacrificium</strong></span> <span class='ocrx_word' id='word_1_334' title='bbox 1545 4230 1756 4284; x_wconf 82' lang='lat' dir='ltr'><strong>confes-</strong></span> 
     </span>
    </p>
   </div>
   <div class='ocr_carea' id='block_1_44' title="bbox 180 4315 1753 4388">
    <p class='ocr_par' dir='ltr' id='par_1_44' title="bbox 180 4315 1753 4388">
     <span class='ocr_line' id='line_1_44' title="bbox 180 4315 1753 4388; baseline -0.003 -13"><span class='ocrx_word' id='word_1_335' title='bbox 180 4322 370 4380; x_wconf 88' lang='lat' dir='ltr'><strong>sionis,</strong></span> <span class='ocrx_word' id='word_1_336' title='bbox 399 4315 721 4385; x_wconf 83' lang='lat' dir='ltr'><strong>sacrificium</strong></span> <span class='ocrx_word' id='word_1_337' title='bbox 748 4316 960 4380; x_wconf 89' lang='lat' dir='ltr'><strong>salutis,</strong></span> <span class='ocrx_word' id='word_1_338' title='bbox 991 4315 1308 4371; x_wconf 85' lang='lat' dir='ltr'><strong>sacrificium</strong></span> <span class='ocrx_word' id='word_1_339' title='bbox 1340 4320 1753 4388; x_wconf 80' lang='lat' dir='ltr'><strong>purgationum,</strong></span> 
     </span>
    </p>
   </div>
   <div class='ocr_carea' id='block_1_45' title="bbox 181 4407 1754 4477">
    <p class='ocr_par' dir='ltr' id='par_1_45' title="bbox 181 4407 1754 4477">
     <span class='ocr_line' id='line_1_45' title="bbox 181 4407 1754 4477; baseline -0.001 -10"><span class='ocrx_word' id='word_1_340' title='bbox 181 4428 243 4467; x_wconf 87' lang='lat' dir='ltr'><strong>ac</strong></span> <span class='ocrx_word' id='word_1_341' title='bbox 267 4418 515 4465; x_wconf 76' lang='lat' dir='ltr'><strong>sexcenta</strong></span> <span class='ocrx_word' id='word_1_342' title='bbox 545 4409 649 4464; x_wconf 89' lang='lat' dir='ltr'><strong>alia</strong></span> <span class='ocrx_word' id='word_1_343' title='bbox 675 4425 690 4463; x_wconf 88' lang='lat'><strong>:</strong></span> <span class='ocrx_word' id='word_1_344' title='bbox 723 4417 883 4477; x_wconf 89' lang='lat' dir='ltr'><strong>atque</strong></span> <span class='ocrx_word' id='word_1_345' title='bbox 910 4407 1121 4462; x_wconf 90' lang='lat' dir='ltr'><strong>interim</strong></span> <span class='ocrx_word' id='word_1_346' title='bbox 1151 4410 1352 4463; x_wconf 90' lang='lat' dir='ltr'><strong>nullum</strong></span> <span class='ocrx_word' id='word_1_347' title='bbox 1381 4420 1462 4464; x_wconf 91' lang='lat' dir='ltr'><strong>est</strong></span> <span class='ocrx_word' id='word_1_348' title='bbox 1491 4411 1754 4466; x_wconf 89' lang='lat' dir='ltr'><strong>adversus</strong></span> 
     </span>
    </p>
   </div>
   <div class='ocr_carea' id='block_1_46' title="bbox 183 4498 1758 4569">
    <p class='ocr_par' dir='ltr' id='par_1_46' title="bbox 183 4498 1758 4569">
     <span class='ocr_line' id='line_1_46' title="bbox 183 4498 1758 4569; baseline 0 -13"><span class='ocrx_word' id='word_1_349' title='bbox 183 4502 429 4556; x_wconf 82' lang='lat' dir='ltr'><strong>inimicos</strong></span> <span class='ocrx_word' id='word_1_350' title='bbox 458 4540 473 4564; x_wconf 91' lang='lat'><strong>,</strong></span> <span class='ocrx_word' id='word_1_351' title='bbox 507 4499 598 4554; x_wconf 89' lang='lat' dir='ltr'><strong>sed</strong></span> <span class='ocrx_word' id='word_1_352' title='bbox 628 4514 724 4569; x_wconf 91' lang='lat' dir='ltr'><strong>pro</strong></span> <span class='ocrx_word' id='word_1_353' title='bbox 752 4498 979 4569; x_wconf 89' lang='lat' dir='ltr'><strong>propriis</strong></span> <span class='ocrx_word' id='word_1_354' title='bbox 1026 4501 1260 4567; x_wconf 87' lang='lat' dir='ltr'><strong>peccatis</strong></span> <span class='ocrx_word' id='word_1_355' title='bbox 1299 4509 1391 4554; x_wconf 92' lang='lat' dir='ltr'><strong>aut</strong></span> <span class='ocrx_word' id='word_1_356' title='bbox 1431 4501 1590 4556; x_wconf 89' lang='lat' dir='ltr'><strong>etiam</strong></span> <span class='ocrx_word' id='word_1_357' title='bbox 1613 4512 1758 4557; x_wconf 91' lang='lat' dir='ltr'><strong>recte</strong></span> 
     </span>
    </p>
   </div>
   <div class='ocr_carea' id='block_1_47' title="bbox 184 4590 1755 4660">
    <p class='ocr_par' dir='ltr' id='par_1_47' title="bbox 184 4590 1755 4660">
     <span class='ocr_line' id='line_1_47' title="bbox 184 4590 1755 4660; baseline -0.001 -12"><span class='ocrx_word' id='word_1_358' title='bbox 184 4591 356 4648; x_wconf 84' lang='lat' dir='ltr'><strong>factis.</strong></span> <span class='ocrx_word' id='word_1_359' title='bbox 371 4590 506 4646; x_wconf 81' lang='lat' dir='ltr'><strong>Num</strong></span> <span class='ocrx_word' id='word_1_360' title='bbox 520 4592 681 4647; x_wconf 86' lang='lat' dir='ltr'><strong>alium</strong></span> <span class='ocrx_word' id='word_1_361' title='bbox 701 4592 868 4646; x_wconf 90' lang='lat' dir='ltr'><strong>Deum</strong></span> <span class='ocrx_word' id='word_1_362' title='bbox 887 4590 1041 4645; x_wconf 84' lang='lat' dir='ltr'><strong>adis?</strong></span> <span class='ocrx_word' id='word_1_363' title='bbox 1061 4595 1250 4647; x_wconf 83' lang='lat' dir='ltr'><strong>Annon</strong></span> <span class='ocrx_word' id='word_1_364' title='bbox 1270 4592 1334 4647; x_wconf 88' lang='lat' dir='ltr'><strong>ad</strong></span> <span class='ocrx_word' id='word_1_365' title='bbox 1355 4593 1501 4647; x_wconf 92' lang='lat' dir='ltr'><strong>illum</strong></span> <span class='ocrx_word' id='word_1_366' title='bbox 1523 4593 1755 4660; x_wconf 86' lang='lat' dir='ltr'><strong>accedis,</strong></span> 
     </span>
    </p>
   </div>
   <div class='ocr_carea' id='block_1_48' title="bbox 183 4682 1759 4755">
    <p class='ocr_par' dir='ltr' id='par_1_48' title="bbox 183 4682 1759 4755">
     <span class='ocr_line' id='line_1_48' title="bbox 183 4682 1759 4755; baseline 0.001 -16"><span class='ocrx_word' id='word_1_367' title='bbox 183 4685 275 4755; x_wconf 89' lang='lat' dir='ltr'><strong>qui</strong></span> <span class='ocrx_word' id='word_1_368' title='bbox 294 4685 447 4749; x_wconf 88' lang='lat' dir='ltr'><strong>dixit,</strong></span> <span class='ocrx_word' id='word_1_369' title='bbox 467 4682 623 4739; x_wconf 57' lang='lat' dir='ltr'><strong>om:</strong></span> <span class='ocrx_word' id='word_1_370' title='bbox 642 4701 734 4755; x_wconf 84' lang='lat' dir='ltr'><strong>pro</strong></span> <span class='ocrx_word' id='word_1_371' title='bbox 754 4685 969 4738; x_wconf 81' lang='lat' dir='ltr'><strong>inimicis</strong></span> <span class='ocrx_word' id='word_1_372' title='bbox 983 4686 1155 4740; x_wconf 80' lang='lat' dir='ltr'><strong>vestris</strong></span> <span class='ocrx_word' id='word_1_373' title='bbox 1176 4684 1394 4755; x_wconf 69' lang='lat' dir='ltr'><strong>(Matth.</strong></span> <span class='ocrx_word' id='word_1_374' title='bbox 1416 4686 1469 4741; x_wconf 82' lang='lat'><strong>5.</strong></span> <span class='ocrx_word' id='word_1_375' title='bbox 1493 4686 1607 4752; x_wconf 73' lang='grc'><strong>44).</strong></span> <span class='ocrx_word' id='word_1_376' title='bbox 1624 4685 1759 4752; x_wconf 89' lang='lat' dir='ltr'><strong>Quo-</strong></span> 
     </span>
    </p>
   </div>
   <div class='ocr_carea' id='block_1_49' title="bbox 187 4774 1753 4844">
    <p class='ocr_par' dir='ltr' id='par_1_49' title="bbox 187 4774 1753 4844">
     <span class='ocr_line' id='line_1_49' title="bbox 187 4774 1753 4844; baseline 0.001 -14"><span class='ocrx_word' id='word_1_377' title='bbox 187 4791 310 4830; x_wconf 88' lang='lat' dir='ltr'><strong>nam</strong></span> <span class='ocrx_word' id='word_1_378' title='bbox 339 4776 498 4844; x_wconf 88' lang='lat' dir='ltr'><strong>igitur</strong></span> <span class='ocrx_word' id='word_1_379' title='bbox 520 4774 677 4830; x_wconf 90' lang='lat' dir='ltr'><strong>modo</strong></span> <span class='ocrx_word' id='word_1_380' title='bbox 704 4774 959 4830; x_wconf 88' lang='lat' dir='ltr'><strong>adversus</strong></span> <span class='ocrx_word' id='word_1_381' title='bbox 984 4774 1106 4829; x_wconf 90' lang='lat' dir='ltr'><strong>illos</strong></span> <span class='ocrx_word' id='word_1_382' title='bbox 1131 4774 1416 4831; x_wconf 83' lang='lat' dir='ltr'><strong>clamitas?</strong></span> <span class='ocrx_word' id='word_1_383' title='bbox 1442 4790 1537 4830; x_wconf 90' lang='lat' dir='ltr'><strong>cur</strong></span> <span class='ocrx_word' id='word_1_384' title='bbox 1568 4776 1753 4843; x_wconf 91' lang='lat' dir='ltr'><strong>Deum,</strong></span> 
     </span>
    </p>
   </div>
   <div class='ocr_carea' id='block_1_50' title="bbox 186 4863 1759 4937">
    <p class='ocr_par' dir='ltr' id='par_1_50' title="bbox 186 4863 1759 4937">
     <span class='ocr_line' id='line_1_50' title="bbox 186 4863 1759 4937; baseline 0.001 -18"><span class='ocrx_word' id='word_1_385' title='bbox 186 4874 244 4919; x_wconf 94' lang='lat' dir='ltr'><strong>ut</strong></span> <span class='ocrx_word' id='word_1_386' title='bbox 273 4864 443 4933; x_wconf 82' lang='lat' dir='ltr'><strong>legem</strong></span> <span class='ocrx_word' id='word_1_387' title='bbox 470 4878 619 4918; x_wconf 89' lang='lat' dir='ltr'><strong>suam</strong></span> <span class='ocrx_word' id='word_1_388' title='bbox 648 4863 916 4933; x_wconf 79' lang='lat' dir='ltr'><strong>infringat,</strong></span> <span class='ocrx_word' id='word_1_389' title='bbox 947 4878 1101 4933; x_wconf 88' lang='lat' dir='ltr'><strong>rogas</strong></span> <span class='ocrx_word' id='word_1_390' title='bbox 1127 4865 1150 4919; x_wconf 68' lang='grc' dir='ltr'><em>ἲ</em></span> <span class='ocrx_word' id='word_1_391' title='bbox 1176 4867 1219 4919; x_wconf 85' lang='lat' dir='ltr'><strong>A</strong></span> <span class='ocrx_word' id='word_1_392' title='bbox 1251 4866 1506 4935; x_wconf 89' lang='lat' dir='ltr'><strong>supplicis</strong></span> <span class='ocrx_word' id='word_1_393' title='bbox 1533 4881 1759 4937; x_wconf 87' lang='lat' dir='ltr'><strong>persona</strong></span> 
     </span>
    </p>
   </div>
   <div class='ocr_carea' id='block_1_51' title="bbox 186 4946 1755 5027">
    <p class='ocr_par' dir='ltr' id='par_1_51' title="bbox 186 4946 1755 5027">
     <span class='ocr_line' id='line_1_51' title="bbox 186 4946 1755 5027; baseline 0.004 -20"><span class='ocrx_word' id='word_1_394' title='bbox 186 4946 330 5027; x_wconf 81' lang='lat' dir='ltr'><strong>istud</strong></span> <span class='ocrx_word' id='word_1_395' title='bbox 359 4953 590 5008; x_wconf 91' lang='lat' dir='ltr'><strong>alienum</strong></span> <span class='ocrx_word' id='word_1_396' title='bbox 622 4961 746 5008; x_wconf 90' lang='lat' dir='ltr'><strong>est:</strong></span> <span class='ocrx_word' id='word_1_397' title='bbox 778 4967 938 5008; x_wconf 90' lang='lat' dir='ltr'><strong>nemo</strong></span> <span class='ocrx_word' id='word_1_398' title='bbox 982 4955 1246 5024; x_wconf 89' lang='lat' dir='ltr'><strong>supplicat</strong></span> <span class='ocrx_word' id='word_1_399' title='bbox 1272 4964 1331 5010; x_wconf 91' lang='lat' dir='ltr'><strong>ut</strong></span> <span class='ocrx_word' id='word_1_400' title='bbox 1349 4954 1488 5014; x_wconf 85' lang='lat' dir='ltr'><strong>alius</strong></span> <span class='ocrx_word' id='word_1_401' title='bbox 1538 4967 1755 5026; x_wconf 87' lang='lat' dir='ltr'><strong>pereat,</strong></span> 
     </span>
    </p>
   </div>
   <div class='ocr_carea' id='block_1_52' title="bbox 188 5043 1762 5119">
    <p class='ocr_par' dir='ltr' id='par_1_52' title="bbox 188 5043 1762 5119">
     <span class='ocr_line' id='line_1_52' title="bbox 188 5043 1762 5119; baseline 0.003 -19"><span class='ocrx_word' id='word_1_402' title='bbox 188 5046 287 5100; x_wconf 74' lang='lat' dir='ltr'><strong>sed</strong></span> <span class='ocrx_word' id='word_1_403' title='bbox 310 5052 367 5098; x_wconf 94' lang='lat' dir='ltr'><strong>ut</strong></span> <span class='ocrx_word' id='word_1_404' title='bbox 395 5043 508 5113; x_wconf 82' lang='lat' dir='ltr'><strong>ipse</strong></span> <span class='ocrx_word' id='word_1_405' title='bbox 533 5043 759 5099; x_wconf 89' lang='lat' dir='ltr'><strong>salutem</strong></span> <span class='ocrx_word' id='word_1_406' title='bbox 786 5053 1162 5113; x_wconf 88' lang='lat' dir='ltr'><strong>consequatur.</strong></span> <span class='ocrx_word' id='word_1_407' title='bbox 1192 5045 1329 5114; x_wconf 84' lang='lat' dir='ltr'><strong>Quid</strong></span> <span class='ocrx_word' id='word_1_408' title='bbox 1354 5047 1512 5117; x_wconf 89' lang='lat' dir='ltr'><strong>igitur</strong></span> <span class='ocrx_word' id='word_1_409' title='bbox 1559 5050 1762 5119; x_wconf 83' lang='lat' dir='ltr'><strong>suppli-</strong></span> 
     </span>
    </p>
   </div>
   <div class='ocr_carea' id='block_1_53' title="bbox 187 5133 1758 5205">
    <p class='ocr_par' dir='ltr' id='par_1_53' title="bbox 187 5133 1758 5205">
     <span class='ocr_line' id='line_1_53' title="bbox 187 5133 1758 5205; baseline 0.003 -14"><span class='ocrx_word' id='word_1_410' title='bbox 187 5137 268 5192; x_wconf 84' lang='lat' dir='ltr'><strong>cis</strong></span> <span class='ocrx_word' id='word_1_411' title='bbox 304 5133 543 5203; x_wconf 84' lang='lat' dir='ltr'><strong>ejusdem</strong></span> <span class='ocrx_word' id='word_1_412' title='bbox 571 5149 853 5205; x_wconf 87' lang='lat' dir='ltr'><strong>personam</strong></span> <span class='ocrx_word' id='word_1_413' title='bbox 884 5136 1045 5205; x_wconf 90' lang='lat' dir='ltr'><strong>geris,</strong></span> <span class='ocrx_word' id='word_1_414' title='bbox 1076 5135 1202 5191; x_wconf 89' lang='lat' dir='ltr'><strong>dum</strong></span> <span class='ocrx_word' id='word_1_415' title='bbox 1250 5139 1577 5193; x_wconf 86' lang='lat' dir='ltr'><strong>accusatoris</strong></span> <span class='ocrx_word' id='word_1_416' title='bbox 1597 5141 1758 5195; x_wconf 88' lang='lat' dir='ltr'><strong>verba</strong></span> 
     </span>
    </p>
   </div>
   <div class='ocr_carea' id='block_1_54' title="bbox 188 5226 1759 5300">
    <p class='ocr_par' dir='ltr' id='par_1_54' title="bbox 188 5226 1759 5300">
     <span class='ocr_line' id='line_1_54' title="bbox 188 5226 1759 5300; baseline 0.001 -15"><span class='ocrx_word' id='word_1_417' title='bbox 188 5226 402 5285; x_wconf 75' lang='lat' dir='ltr'><strong>habes?</strong></span> <span class='ocrx_word' id='word_1_418' title='bbox 460 5229 539 5282; x_wconf 78' lang='lat' dir='ltr'><strong>Ac</strong></span> <span class='ocrx_word' id='word_1_419' title='bbox 588 5227 801 5298; x_wconf 89' lang='lat' dir='ltr'><strong>quidem</strong></span> <span class='ocrx_word' id='word_1_420' title='bbox 840 5243 962 5284; x_wconf 88' lang='lat' dir='ltr'><strong>cum</strong></span> <span class='ocrx_word' id='word_1_421' title='bbox 990 5243 1089 5298; x_wconf 91' lang='lat' dir='ltr'><strong>pro</strong></span> <span class='ocrx_word' id='word_1_422' title='bbox 1140 5229 1296 5284; x_wconf 89' lang='lat' dir='ltr'><strong>nobis</strong></span> <span class='ocrx_word' id='word_1_423' title='bbox 1339 5229 1470 5300; x_wconf 86' lang='lat' dir='ltr'><strong>ipsis</strong></span> <span class='ocrx_word' id='word_1_424' title='bbox 1519 5245 1759 5300; x_wconf 86' lang='lat' dir='ltr'><strong>oramus,</strong></span> 
     </span>
    </p>
   </div>
   <div class='ocr_carea' id='block_1_55' title="bbox 186 5318 1760 5391">
    <p class='ocr_par' dir='ltr' id='par_1_55' title="bbox 186 5318 1760 5391">
     <span class='ocr_line' id='line_1_55' title="bbox 186 5318 1760 5391; baseline 0.004 -19"><span class='ocrx_word' id='word_1_425' title='bbox 186 5318 456 5375; x_wconf 82' lang='lat' dir='ltr'><strong>seahimus</strong></span> <span class='ocrx_word' id='word_1_426' title='bbox 475 5331 595 5384; x_wconf 86' lang='lat' dir='ltr'><strong>nos,</strong></span> <span class='ocrx_word' id='word_1_427' title='bbox 614 5318 926 5387; x_wconf 85' lang='lat' dir='ltr'><strong>oscitamus,</strong></span> <span class='ocrx_word' id='word_1_428' title='bbox 949 5330 1003 5375; x_wconf 90' lang='lat' dir='ltr'><strong>et</strong></span> <span class='ocrx_word' id='word_1_429' title='bbox 1024 5319 1076 5374; x_wconf 91' lang='lat' dir='ltr'><strong>in</strong></span> <span class='ocrx_word' id='word_1_430' title='bbox 1096 5330 1379 5390; x_wconf 75' lang='lat' dir='ltr'><strong>sexcentas</strong></span> <span class='ocrx_word' id='word_1_431' title='bbox 1408 5322 1760 5391; x_wconf 81' lang='lat' dir='ltr'><strong>cogitationes</strong></span> 
     </span>
    </p>
   </div>
   <div class='ocr_carea' id='block_1_56' title="bbox 186 5409 1760 5477">
    <p class='ocr_par' dir='ltr' id='par_1_56' title="bbox 186 5409 1760 5477">
     <span class='ocr_line' id='line_1_56' title="bbox 186 5409 1760 5477; baseline 0.003 -14"><span class='ocrx_word' id='word_1_432' title='bbox 186 5409 461 5472; x_wconf 84' lang='lat' dir='ltr'><strong>labimur;</strong></span> <span class='ocrx_word' id='word_1_433' title='bbox 488 5420 613 5461; x_wconf 81' lang='lat' dir='ltr'><strong>cum</strong></span> <span class='ocrx_word' id='word_1_434' title='bbox 632 5417 809 5464; x_wconf 89' lang='lat' dir='ltr'><strong>autem</strong></span> <span class='ocrx_word' id='word_1_435' title='bbox 860 5410 1119 5467; x_wconf 80' lang='lat' dir='ltr'><strong>adversus</strong></span> <span class='ocrx_word' id='word_1_436' title='bbox 1154 5412 1431 5477; x_wconf 84' lang='lat' dir='ltr'><strong>inimicos,</strong></span> <span class='ocrx_word' id='word_1_437' title='bbox 1465 5412 1657 5465; x_wconf 89' lang='lat' dir='ltr'><strong>attenti</strong></span> <span class='ocrx_word' id='word_1_438' title='bbox 1698 5426 1760 5467; x_wconf 89' lang='lat' dir='ltr'><strong>ac</strong></span> 
     </span>
    </p>
   </div>
   <div class='ocr_carea' id='block_1_57' title="bbox 185 5495 1757 5571">
    <p class='ocr_par' dir='ltr' id='par_1_57' title="bbox 185 5495 1757 5571">
     <span class='ocr_line' id='line_1_57' title="bbox 185 5495 1757 5571; baseline 0.003 -20"><span class='ocrx_word' id='word_1_439' title='bbox 185 5499 469 5571; x_wconf 81' lang='lat' dir='ltr'><strong>vigilantes</strong></span> <span class='ocrx_word' id='word_1_440' title='bbox 489 5497 590 5553; x_wconf 91' lang='lat' dir='ltr'><strong>hoc</strong></span> <span class='ocrx_word' id='word_1_441' title='bbox 618 5495 862 5556; x_wconf 89' lang='lat' dir='ltr'><strong>facimus.</strong></span> <span class='ocrx_word' id='word_1_442' title='bbox 894 5502 1031 5568; x_wconf 82' lang='lat' dir='ltr'><strong>Quia</strong></span> <span class='ocrx_word' id='word_1_443' title='bbox 1062 5502 1205 5565; x_wconf 89' lang='lat' dir='ltr'><strong>enim</strong></span> <span class='ocrx_word' id='word_1_444' title='bbox 1232 5503 1475 5557; x_wconf 87' lang='lat' dir='ltr'><strong>diabolus</strong></span> <span class='ocrx_word' id='word_1_445' title='bbox 1496 5502 1625 5556; x_wconf 91' lang='lat' dir='ltr'><strong>illud</strong></span> <span class='ocrx_word' id='word_1_446' title='bbox 1655 5516 1757 5556; x_wconf 86' lang='lat' dir='ltr'><strong>no-</strong></span> 
     </span>
    </p>
   </div>
   <div class='ocr_carea' id='block_1_58' title="bbox 187 5590 1760 5664">
    <p class='ocr_par' dir='ltr' id='par_1_58' title="bbox 187 5590 1760 5664">
     <span class='ocr_line' id='line_1_58' title="bbox 187 5590 1760 5664; baseline 0 -17"><span class='ocrx_word' id='word_1_447' title='bbox 187 5593 291 5658; x_wconf 85' lang='lat' dir='ltr'><strong>vit,</strong></span> <span class='ocrx_word' id='word_1_448' title='bbox 321 5590 464 5663; x_wconf 87' lang='lat' dir='ltr'><strong>quod</strong></span> <span class='ocrx_word' id='word_1_449' title='bbox 492 5592 545 5648; x_wconf 86' lang='lat' dir='ltr'><strong>in</strong></span> <span class='ocrx_word' id='word_1_450' title='bbox 576 5604 674 5646; x_wconf 91' lang='lat' dir='ltr'><strong>nos</strong></span> <span class='ocrx_word' id='word_1_451' title='bbox 700 5591 844 5659; x_wconf 89' lang='lat' dir='ltr'><strong>ipsos</strong></span> <span class='ocrx_word' id='word_1_452' title='bbox 870 5592 1100 5661; x_wconf 87' lang='lat' dir='ltr'><strong>gladium</strong></span> <span class='ocrx_word' id='word_1_453' title='bbox 1142 5596 1499 5664; x_wconf 86' lang='lat' dir='ltr'><strong>impellimus;</strong></span> <span class='ocrx_word' id='word_1_454' title='bbox 1524 5609 1628 5648; x_wconf 91' lang='lat' dir='ltr'><strong>non</strong></span> <span class='ocrx_word' id='word_1_455' title='bbox 1660 5594 1760 5648; x_wconf 85' lang='lat' dir='ltr'><strong>ml-</strong></span> 
     </span>
    </p>
   </div>
   <div class='ocr_carea' id='block_1_59' title="bbox 185 5683 1763 5753">
    <p class='ocr_par' dir='ltr' id='par_1_59' title="bbox 185 5683 1763 5753">
     <span class='ocr_line' id='line_1_59' title="bbox 185 5683 1763 5753; baseline 0.001 -12"><span class='ocrx_word' id='word_1_456' title='bbox 185 5684 335 5741; x_wconf 83' lang='lat' dir='ltr'><strong>nime</strong></span> <span class='ocrx_word' id='word_1_457' title='bbox 379 5683 628 5743; x_wconf 79' lang='lat' dir='ltr'><strong>distrahit</strong></span> <span class='ocrx_word' id='word_1_458' title='bbox 666 5683 753 5738; x_wconf 86' lang='lat' dir='ltr'><strong>vel</strong></span> <span class='ocrx_word' id='word_1_459' title='bbox 778 5692 988 5751; x_wconf 86' lang='lat' dir='ltr'><strong>avocat,</strong></span> <span class='ocrx_word' id='word_1_460' title='bbox 1037 5685 1217 5740; x_wconf 86' lang='lat' dir='ltr'><strong>uthac</strong></span> <span class='ocrx_word' id='word_1_461' title='bbox 1245 5688 1454 5740; x_wconf 84' lang='lat' dir='ltr'><strong>ratione</strong></span> <span class='ocrx_word' id='word_1_462' title='bbox 1498 5686 1763 5753; x_wconf 77' lang='lat' dir='ltr'><strong>majorem</strong></span> 
     </span>
    </p>
   </div>
   <div class='ocr_carea' id='block_1_60' title="bbox 185 5774 1749 5847">
    <p class='ocr_par' dir='ltr' id='par_1_60' title="bbox 185 5774 1749 5847">
     <span class='ocr_line' id='line_1_60' title="bbox 185 5774 1749 5847; baseline 0.002 -15"><span class='ocrx_word' id='word_1_463' title='bbox 185 5774 345 5832; x_wconf 69' lang='lat' dir='ltr'><strong>stabis</strong></span> <span class='ocrx_word' id='word_1_464' title='bbox 366 5778 656 5846; x_wconf 84' lang='lat' dir='ltr'><strong>perniciem</strong></span> <span class='ocrx_word' id='word_1_465' title='bbox 685 5774 870 5833; x_wconf 72' lang='lat' dir='ltr'><strong>afferat</strong></span> <span class='ocrx_word' id='word_1_466' title='bbox 924 5777 1022 5845; x_wconf 82' lang='lat' dir='ltr'><strong>At,</strong></span> <span class='ocrx_word' id='word_1_467' title='bbox 1070 5776 1305 5847; x_wconf 81' lang='lat' dir='ltr'><strong>inquies,</strong></span> <span class='ocrx_word' id='word_1_468' title='bbox 1350 5779 1506 5834; x_wconf 68' lang='lat' dir='ltr'><strong>laesus</strong></span> <span class='ocrx_word' id='word_1_469' title='bbox 1537 5787 1749 5835; x_wconf 85' lang='lat' dir='ltr'><strong>sumet</strong></span> 
     </span>
    </p>
   </div>
   <div class='ocr_carea' id='block_1_61' title="bbox 1221 381 2347 449">
    <p class='ocr_par' dir='ltr' id='par_1_61' title="bbox 1221 381 2347 449">
     <span class='ocr_line' id='line_1_61' title="bbox 1221 381 2347 449; baseline -0.01 0"><span class='ocrx_word' id='word_1_470' title='bbox 1221 390 1289 449; x_wconf 78' lang='lat' dir='ltr'><strong>IN</strong></span> <span class='ocrx_word' id='word_1_471' title='bbox 1325 388 1537 449; x_wconf 79' lang='lat' dir='ltr'><strong>EPIST.</strong></span> <span class='ocrx_word' id='word_1_472' title='bbox 1585 385 1626 443; x_wconf 88' lang='lat' dir='ltr'><strong>ll</strong></span> <span class='ocrx_word' id='word_1_473' title='bbox 1691 384 1780 441; x_wconf 78' lang='lat' dir='ltr'><strong>AD</strong></span> <span class='ocrx_word' id='word_1_474' title='bbox 1818 381 1974 444; x_wconf 66' lang='grc' dir='ltr'><strong>(ΞΟΠ.</strong></span> <span class='ocrx_word' id='word_1_475' title='bbox 2018 383 2241 441; x_wconf 62' lang='grc' dir='ltr'><strong>Βοωιιι.</strong></span> <span class='ocrx_word' id='word_1_476' title='bbox 2286 382 2347 439; x_wconf 73' lang='grc' dir='ltr'><strong>γ.</strong></span> 
     </span>
    </p>
   </div>
   <div class='ocr_carea' id='block_1_62' title="bbox 3318 392 3424 448">
    <p class='ocr_par' dir='ltr' id='par_1_62' title="bbox 3318 392 3424 448">
     <span class='ocr_line' id='line_1_62' title="bbox 3318 392 3424 448; baseline 0 0"><span class='ocrx_word' id='word_1_477' title='bbox 3318 392 3424 448; x_wconf 66' lang='grc' dir='ltr'><strong>ιδι</strong></span> 
     </span>
    </p>
   </div>
   <div class='ocr_carea' id='block_1_63' title="bbox 1844 496 3431 577">
    <p class='ocr_par' dir='ltr' id='par_1_63' title="bbox 1844 496 3431 577">
     <span class='ocr_line' id='line_1_63' title="bbox 1844 496 3431 577; baseline 0.008 -27"><span class='ocrx_word' id='word_1_478' title='bbox 1844 496 2073 567; x_wconf 86' lang='lat' dir='ltr'><strong>amigor.</strong></span> <span class='ocrx_word' id='word_1_479' title='bbox 2107 498 2249 569; x_wconf 84' lang='lat' dir='ltr'><strong>Ergo</strong></span> <span class='ocrx_word' id='word_1_480' title='bbox 2277 497 2539 554; x_wconf 84' lang='lat' dir='ltr'><strong>adversus</strong></span> <span class='ocrx_word' id='word_1_481' title='bbox 2578 498 2852 557; x_wconf 87' lang='lat' dir='ltr'><strong>diabolum</strong></span> <span class='ocrx_word' id='word_1_482' title='bbox 2881 518 3011 569; x_wconf 88' lang='lat' dir='ltr'><strong>ora,</strong></span> <span class='ocrx_word' id='word_1_483' title='bbox 3048 506 3139 577; x_wconf 85' lang='lat' dir='ltr'><strong>qui</strong></span> <span class='ocrx_word' id='word_1_484' title='bbox 3178 511 3431 565; x_wconf 78' lang='lat' dir='ltr'><strong>omnium</strong></span> 
     </span>
    </p>
   </div>
   <div class='ocr_carea' id='block_1_64' title="bbox 1849 590 3425 671">
    <p class='ocr_par' dir='ltr' id='par_1_64' title="bbox 1849 590 3425 671">
     <span class='ocr_line' id='line_1_64' title="bbox 1849 590 3425 671; baseline 0.008 -27"><span class='ocrx_word' id='word_1_485' title='bbox 1849 590 2078 646; x_wconf 78' lang='lat' dir='ltr'><strong>maxime</strong></span> <span class='ocrx_word' id='word_1_486' title='bbox 2100 599 2203 645; x_wconf 84' lang='lat' dir='ltr'><strong>nos</strong></span> <span class='ocrx_word' id='word_1_487' title='bbox 2231 591 2423 661; x_wconf 88' lang='lat' dir='ltr'><strong>injuria</strong></span> <span class='ocrx_word' id='word_1_488' title='bbox 2448 590 2633 648; x_wconf 79' lang='lat' dir='ltr'><strong>allicit.</strong></span> <span class='ocrx_word' id='word_1_489' title='bbox 2691 592 2805 650; x_wconf 83' lang='lat' dir='ltr'><strong>Hoc</strong></span> <span class='ocrx_word' id='word_1_490' title='bbox 2830 595 2993 651; x_wconf 87' lang='lat' dir='ltr'><strong>etiam</strong></span> <span class='ocrx_word' id='word_1_491' title='bbox 3018 596 3200 655; x_wconf 78' lang='lat' dir='ltr'><strong>dicere</strong></span> <span class='ocrx_word' id='word_1_492' title='bbox 3228 603 3425 671; x_wconf 69' lang='lat' dir='ltr'><strong>praeci-</strong></span> 
     </span>
    </p>
   </div>
   <div class='ocr_carea' id='block_1_65' title="bbox 1845 680 3424 759">
    <p class='ocr_par' dir='ltr' id='par_1_65' title="bbox 1845 680 3424 759">
     <span class='ocr_line' id='line_1_65' title="bbox 1845 680 3424 759; baseline 0.007 -25"><span class='ocrx_word' id='word_1_493' title='bbox 1845 681 1989 750; x_wconf 90' lang='lat' dir='ltr'><strong>peris</strong></span> <span class='ocrx_word' id='word_1_494' title='bbox 2016 721 2034 746; x_wconf 94' lang='lat'><strong>,</strong></span> <span class='ocrx_word' id='word_1_495' title='bbox 2082 680 2266 734; x_wconf 76' lang='lat' dir='ltr'><strong>Libera</strong></span> <span class='ocrx_word' id='word_1_496' title='bbox 2291 698 2383 736; x_wconf 79' lang='lat' dir='ltr'><strong>nos</strong></span> <span class='ocrx_word' id='word_1_497' title='bbox 2406 698 2438 735; x_wconf 75' lang='grc' dir='ltr'><em>α</em></span> <span class='ocrx_word' id='word_1_498' title='bbox 2462 681 2596 737; x_wconf 79' lang='lat' dir='ltr'><strong>utan</strong></span> <span class='ocrx_word' id='word_1_499' title='bbox 2625 681 2839 755; x_wconf 71' lang='lat' dir='ltr'><strong>(lculi.</strong></span> <span class='ocrx_word' id='word_1_500' title='bbox 2867 685 2922 741; x_wconf 81' lang='lat'><strong>6.</strong></span> <span class='ocrx_word' id='word_1_501' title='bbox 2953 687 3020 741; x_wconf 73' lang='lat' dir='ltr'><strong>l3</strong></span> <span class='ocrx_word' id='word_1_502' title='bbox 3041 686 3085 758; x_wconf 91' lang='lat'><strong>).</strong></span> <span class='ocrx_word' id='word_1_503' title='bbox 3112 688 3204 744; x_wconf 88' lang='lat' dir='ltr'><strong>Ille</strong></span> <span class='ocrx_word' id='word_1_504' title='bbox 3234 689 3424 759; x_wconf 77' lang='lat' dir='ltr'><strong>impla-</strong></span> 
     </span>
    </p>
   </div>
   <div class='ocr_carea' id='block_1_66' title="bbox 1844 762 3416 846">
    <p class='ocr_par' dir='ltr' id='par_1_66' title="bbox 1844 762 3416 846">
     <span class='ocr_line' id='line_1_66' title="bbox 1844 762 3416 846; baseline 0.004 -19"><span class='ocrx_word' id='word_1_505' title='bbox 1844 771 2028 827; x_wconf 88' lang='lat' dir='ltr'><strong>cabilis</strong></span> <span class='ocrx_word' id='word_1_506' title='bbox 2050 771 2219 826; x_wconf 83' lang='lat' dir='ltr'><strong>hostis</strong></span> <span class='ocrx_word' id='word_1_507' title='bbox 2244 781 2359 838; x_wconf 91' lang='lat' dir='ltr'><strong>est;</strong></span> <span class='ocrx_word' id='word_1_508' title='bbox 2391 781 2446 828; x_wconf 85' lang='lat' dir='ltr'><strong>at</strong></span> <span class='ocrx_word' id='word_1_509' title='bbox 2471 762 2652 839; x_wconf 89' lang='lat' dir='ltr'><strong>homo,</strong></span> <span class='ocrx_word' id='word_1_510' title='bbox 2676 774 2934 846; x_wconf 86' lang='lat' dir='ltr'><strong>quidquid</strong></span> <span class='ocrx_word' id='word_1_511' title='bbox 2952 776 3046 831; x_wconf 82' lang='lat' dir='ltr'><strong>tibi</strong></span> <span class='ocrx_word' id='word_1_512' title='bbox 3069 778 3243 844; x_wconf 79' lang='lat' dir='ltr'><strong>faciat,</strong></span> <span class='ocrx_word' id='word_1_513' title='bbox 3274 780 3416 835; x_wconf 81' lang='lat' dir='ltr'><strong>ami-</strong></span> 
     </span>
    </p>
   </div>
   <div class='ocr_carea' id='block_1_67' title="bbox 1844 860 3416 931">
    <p class='ocr_par' dir='ltr' id='par_1_67' title="bbox 1844 860 3416 931">
     <span class='ocr_line' id='line_1_67' title="bbox 1844 860 3416 931; baseline 0.006 -14"><span class='ocrx_word' id='word_1_514' title='bbox 1844 877 1939 917; x_wconf 88' lang='lat' dir='ltr'><strong>cus</strong></span> <span class='ocrx_word' id='word_1_515' title='bbox 1958 877 2023 918; x_wconf 91' lang='lat' dir='ltr'><strong>ac</strong></span> <span class='ocrx_word' id='word_1_516' title='bbox 2047 860 2214 918; x_wconf 79' lang='lat' dir='ltr'><strong>frater</strong></span> <span class='ocrx_word' id='word_1_517' title='bbox 2257 860 2670 931; x_wconf 72' lang='lat' dir='ltr'><strong>est.&#39;Quocirca</strong></span> <span class='ocrx_word' id='word_1_518' title='bbox 2724 880 2911 923; x_wconf 88' lang='lat' dir='ltr'><strong>omnes</strong></span> <span class='ocrx_word' id='word_1_519' title='bbox 2960 869 3219 926; x_wconf 72' lang='lat' dir='ltr'><strong>adversus</strong></span> <span class='ocrx_word' id='word_1_520' title='bbox 3269 872 3416 927; x_wconf 83' lang='lat' dir='ltr'><strong>illum</strong></span> 
     </span>
    </p>
   </div>
   <div class='ocr_carea' id='block_1_68' title="bbox 1846 954 3417 1029">
    <p class='ocr_par' dir='ltr' id='par_1_68' title="bbox 1846 954 3417 1029">
     <span class='ocr_line' id='line_1_68' title="bbox 1846 954 3417 1029; baseline 0.006 -21"><span class='ocrx_word' id='word_1_521' title='bbox 1846 954 2423 1019; x_wconf 82' lang='lat' dir='ltr'><strong>irascamur,adversus</strong></span> <span class='ocrx_word' id='word_1_522' title='bbox 2439 971 2562 1011; x_wconf 91' lang='lat' dir='ltr'><strong>eum</strong></span> <span class='ocrx_word' id='word_1_523' title='bbox 2577 957 2743 1012; x_wconf 91' lang='lat' dir='ltr'><strong>Deum</strong></span> <span class='ocrx_word' id='word_1_524' title='bbox 2766 959 3133 1029; x_wconf 85' lang='lat' dir='ltr'><strong>obsecremus,</strong></span> <span class='ocrx_word' id='word_1_525' title='bbox 3145 963 3417 1021; x_wconf 76' lang='lat' dir='ltr'><strong>dicentes:</strong></span> 
     </span>
    </p>
   </div>
   <div class='ocr_carea' id='block_1_69' title="bbox 1844 1040 3422 1116">
    <p class='ocr_par' dir='ltr' id='par_1_69' title="bbox 1844 1040 3422 1116">
     <span class='ocr_line' id='line_1_69' title="bbox 1844 1040 3422 1116; baseline 0.008 -19"><span class='ocrx_word' id='word_1_526' title='bbox 1844 1040 2071 1099; x_wconf 87' lang='lat' dir='ltr'><strong>Coutere</strong></span> <span class='ocrx_word' id='word_1_527' title='bbox 2091 1044 2343 1109; x_wconf 84' lang='lat' dir='ltr'><strong>Satanam</strong></span> <span class='ocrx_word' id='word_1_528' title='bbox 2372 1047 2471 1101; x_wconf 89' lang='lat' dir='ltr'><strong>sub</strong></span> <span class='ocrx_word' id='word_1_529' title='bbox 2502 1048 2726 1116; x_wconf 82' lang='lat' dir='ltr'><strong>pedibus</strong></span> <span class='ocrx_word' id='word_1_530' title='bbox 2752 1050 2970 1108; x_wconf 86' lang='lat' dir='ltr'><strong>nostris.</strong></span> <span class='ocrx_word' id='word_1_531' title='bbox 3000 1052 3100 1109; x_wconf 83' lang='lat' dir='ltr'><strong>ille</strong></span> <span class='ocrx_word' id='word_1_532' title='bbox 3136 1055 3282 1111; x_wconf 88' lang='lat' dir='ltr'><strong>enim</strong></span> <span class='ocrx_word' id='word_1_533' title='bbox 3309 1054 3422 1110; x_wconf 74' lang='lat' dir='ltr'><strong>ini-</strong></span> 
     </span>
    </p>
   </div>
   <div class='ocr_carea' id='block_1_70' title="bbox 1844 1135 3417 1209">
    <p class='ocr_par' dir='ltr' id='par_1_70' title="bbox 1844 1135 3417 1209">
     <span class='ocr_line' id='line_1_70' title="bbox 1844 1135 3417 1209; baseline 0.009 -21"><span class='ocrx_word' id='word_1_534' title='bbox 1844 1135 2012 1189; x_wconf 89' lang='lat' dir='ltr'><strong>micos</strong></span> <span class='ocrx_word' id='word_1_535' title='bbox 2033 1152 2246 1206; x_wconf 83' lang='lat' dir='ltr'><strong>quoque</strong></span> <span class='ocrx_word' id='word_1_536' title='bbox 2275 1138 2431 1193; x_wconf 88' lang='lat' dir='ltr'><strong>nobis</strong></span> <span class='ocrx_word' id='word_1_537' title='bbox 2459 1141 2619 1208; x_wconf 85' lang='lat' dir='ltr'><strong>parit.</strong></span> <span class='ocrx_word' id='word_1_538' title='bbox 2650 1140 2805 1209; x_wconf 84' lang='lat' dir='ltr'><strong>Quod</strong></span> <span class='ocrx_word' id='word_1_539' title='bbox 2839 1143 2887 1197; x_wconf 79' lang='lat' dir='ltr'><strong>si</strong></span> <span class='ocrx_word' id='word_1_540' title='bbox 2919 1143 3205 1201; x_wconf 65' lang='lat' dir='ltr'><strong>adversum</strong></span> <span class='ocrx_word' id='word_1_541' title='bbox 3234 1146 3417 1202; x_wconf 80' lang='lat' dir='ltr'><strong>inimi-</strong></span> 
     </span>
    </p>
   </div>
   <div class='ocr_carea' id='block_1_71' title="bbox 1844 1227 3418 1303">
    <p class='ocr_par' dir='ltr' id='par_1_71' title="bbox 1844 1227 3418 1303">
     <span class='ocr_line' id='line_1_71' title="bbox 1844 1227 3418 1303; baseline 0.01 -26"><span class='ocrx_word' id='word_1_542' title='bbox 1844 1236 1939 1278; x_wconf 91' lang='lat' dir='ltr'><strong>cos</strong></span> <span class='ocrx_word' id='word_1_543' title='bbox 1964 1227 2201 1293; x_wconf 87' lang='lat' dir='ltr'><strong>preceris</strong></span> <span class='ocrx_word' id='word_1_544' title='bbox 2222 1268 2238 1294; x_wconf 95' lang='lat'><strong>,</strong></span> <span class='ocrx_word' id='word_1_545' title='bbox 2268 1227 2319 1282; x_wconf 92' lang='lat' dir='ltr'><strong>id</strong></span> <span class='ocrx_word' id='word_1_546' title='bbox 2347 1228 2583 1297; x_wconf 85' lang='lat' dir='ltr'><strong>precaris</strong></span> <span class='ocrx_word' id='word_1_547' title='bbox 2604 1269 2620 1295; x_wconf 94' lang='lat'><strong>,</strong></span> <span class='ocrx_word' id='word_1_548' title='bbox 2648 1230 2791 1299; x_wconf 87' lang='lat' dir='ltr'><strong>quod</strong></span> <span class='ocrx_word' id='word_1_549' title='bbox 2819 1232 2932 1300; x_wconf 84' lang='lat' dir='ltr'><strong>ipse</strong></span> <span class='ocrx_word' id='word_1_550' title='bbox 2956 1247 3172 1303; x_wconf 83' lang='lat' dir='ltr'><strong>quoque</strong></span> <span class='ocrx_word' id='word_1_551' title='bbox 3192 1234 3247 1291; x_wconf 80' lang='lat' dir='ltr'><strong>ia</strong></span> <span class='ocrx_word' id='word_1_552' title='bbox 3273 1236 3418 1291; x_wconf 80' lang='lat' dir='ltr'><strong>votis</strong></span> 
     </span>
    </p>
   </div>
   <div class='ocr_carea' id='block_1_72' title="bbox 1844 1315 3417 1394">
    <p class='ocr_par' dir='ltr' id='par_1_72' title="bbox 1844 1315 3417 1394">
     <span class='ocr_line' id='line_1_72' title="bbox 1844 1315 3417 1394; baseline 0.008 -25"><span class='ocrx_word' id='word_1_553' title='bbox 1844 1315 2006 1372; x_wconf 80' lang='lat' dir='ltr'><strong>habet</strong></span> <span class='ocrx_word' id='word_1_554' title='bbox 2032 1337 2046 1374; x_wconf 90' lang='lat'><strong>:</strong></span> <span class='ocrx_word' id='word_1_555' title='bbox 2082 1327 2137 1372; x_wconf 92' lang='lat' dir='ltr'><strong>ut</strong></span> <span class='ocrx_word' id='word_1_556' title='bbox 2158 1321 2200 1374; x_wconf 88' lang='lat' dir='ltr'><strong>si</strong></span> <span class='ocrx_word' id='word_1_557' title='bbox 2230 1334 2325 1389; x_wconf 90' lang='lat' dir='ltr'><strong>pro</strong></span> <span class='ocrx_word' id='word_1_558' title='bbox 2354 1320 2583 1377; x_wconf 90' lang='lat' dir='ltr'><strong>inimicis</strong></span> <span class='ocrx_word' id='word_1_559' title='bbox 2605 1336 2765 1393; x_wconf 79' lang='lat' dir='ltr'><strong>ores,</strong></span> <span class='ocrx_word' id='word_1_560' title='bbox 2795 1322 3050 1380; x_wconf 79' lang='lat' dir='ltr'><strong>adversus</strong></span> <span class='ocrx_word' id='word_1_561' title='bbox 3073 1338 3197 1380; x_wconf 76' lang='lat' dir='ltr'><strong>eum</strong></span> <span class='ocrx_word' id='word_1_562' title='bbox 3225 1338 3417 1394; x_wconf 79' lang='lat' dir='ltr'><strong>preca-</strong></span> 
     </span>
    </p>
   </div>
   <div class='ocr_carea' id='block_1_73' title="bbox 1844 1408 3415 1479">
    <p class='ocr_par' dir='ltr' id='par_1_73' title="bbox 1844 1408 3415 1479">
     <span class='ocr_line' id='line_1_73' title="bbox 1844 1408 3415 1479; baseline 0.006 -16"><span class='ocrx_word' id='word_1_563' title='bbox 1844 1410 1939 1463; x_wconf 83' lang='lat' dir='ltr'><strong>ris.</strong></span> <span class='ocrx_word' id='word_1_564' title='bbox 1968 1408 2105 1475; x_wconf 83' lang='lat' dir='ltr'><strong>Quid</strong></span> <span class='ocrx_word' id='word_1_565' title='bbox 2141 1410 2301 1479; x_wconf 85' lang='lat' dir='ltr'><strong>igitur</strong></span> <span class='ocrx_word' id='word_1_566' title='bbox 2331 1411 2519 1466; x_wconf 88' lang='lat' dir='ltr'><strong>relicto</strong></span> <span class='ocrx_word' id='word_1_567' title='bbox 2553 1428 2683 1469; x_wconf 77' lang='lat' dir='ltr'><strong>vero</strong></span> <span class='ocrx_word' id='word_1_568' title='bbox 2708 1413 3125 1470; x_wconf 80' lang='lat' dir='ltr'><strong>hostemembra</strong></span> <span class='ocrx_word' id='word_1_569' title='bbox 3150 1424 3237 1470; x_wconf 87' lang='lat' dir='ltr'><strong>tua</strong></span> <span class='ocrx_word' id='word_1_570' title='bbox 3266 1431 3415 1473; x_wconf 76' lang='lat' dir='ltr'><strong>mer-</strong></span> 
     </span>
    </p>
   </div>
   <div class='ocr_carea' id='block_1_74' title="bbox 1843 1497 3419 1572">
    <p class='ocr_par' dir='ltr' id='par_1_74' title="bbox 1843 1497 3419 1572">
     <span class='ocr_line' id='line_1_74' title="bbox 1843 1497 3419 1572; baseline 0.006 -21"><span class='ocrx_word' id='word_1_571' title='bbox 1843 1497 1961 1564; x_wconf 88' lang='lat' dir='ltr'><strong>des,</strong></span> <span class='ocrx_word' id='word_1_572' title='bbox 1993 1508 2151 1571; x_wconf 88' lang='lat' dir='ltr'><strong>atque</strong></span> <span class='ocrx_word' id='word_1_573' title='bbox 2176 1499 2280 1554; x_wconf 90' lang='lat' dir='ltr'><strong>hac</strong></span> <span class='ocrx_word' id='word_1_574' title='bbox 2327 1501 2541 1561; x_wconf 19' lang='lat' dir='ltr'><strong>ratione,</strong></span> <span class='ocrx_word' id='word_1_575' title='bbox 2580 1500 2711 1557; x_wconf 89' lang='lat' dir='ltr'><strong>feris</strong></span> <span class='ocrx_word' id='word_1_576' title='bbox 2751 1504 2881 1572; x_wconf 82' lang='lat' dir='ltr'><strong>ipsis</strong></span> <span class='ocrx_word' id='word_1_577' title='bbox 2935 1504 3303 1562; x_wconf 82' lang='lat' dir='ltr'><strong>immaniorem</strong></span> <span class='ocrx_word' id='word_1_578' title='bbox 3358 1518 3419 1563; x_wconf 89' lang='lat' dir='ltr'><strong>te</strong></span> 
     </span>
    </p>
   </div>
   <div class='ocr_carea' id='block_1_75' title="bbox 1844 1590 3413 1667">
    <p class='ocr_par' dir='ltr' id='par_1_75' title="bbox 1844 1590 3413 1667">
     <span class='ocr_line' id='line_1_75' title="bbox 1844 1590 3413 1667; baseline 0.008 -24"><span class='ocrx_word' id='word_1_579' title='bbox 1844 1590 2207 1661; x_wconf 69' lang='lat' dir='ltr'><strong>prmbesiAt,</strong></span> <span class='ocrx_word' id='word_1_580' title='bbox 2242 1591 2418 1662; x_wconf 91' lang='lat' dir='ltr'><strong>inquis</strong></span> <span class='ocrx_word' id='word_1_581' title='bbox 2441 1632 2457 1656; x_wconf 91' lang='lat'><strong>,</strong></span> <span class='ocrx_word' id='word_1_582' title='bbox 2502 1594 2879 1649; x_wconf 83' lang='lat' dir='ltr'><strong>contumeliam</strong></span> <span class='ocrx_word' id='word_1_583' title='bbox 2924 1596 3055 1651; x_wconf 89' lang='lat' dir='ltr'><strong>mihi</strong></span> <span class='ocrx_word' id='word_1_584' title='bbox 3082 1596 3298 1667; x_wconf 85' lang='lat' dir='ltr'><strong>intulit,</strong></span> <span class='ocrx_word' id='word_1_585' title='bbox 3336 1613 3413 1655; x_wconf 70' lang='lat' dir='ltr'><strong>ac</strong></span> 
     </span>
    </p>
   </div>
   <div class='ocr_carea' id='block_1_76' title="bbox 1843 1679 3416 1759">
    <p class='ocr_par' dir='ltr' id='par_1_76' title="bbox 1843 1679 3416 1759">
     <span class='ocr_line' id='line_1_76' title="bbox 1843 1679 3416 1759; baseline 0.005 -24"><span class='ocrx_word' id='word_1_586' title='bbox 1843 1681 1981 1735; x_wconf 90' lang='lat' dir='ltr'><strong>bona</strong></span> <span class='ocrx_word' id='word_1_587' title='bbox 2011 1679 2229 1735; x_wconf 89' lang='lat' dir='ltr'><strong>ademit.</strong></span> <span class='ocrx_word' id='word_1_588' title='bbox 2262 1681 2328 1735; x_wconf 88' lang='lat' dir='ltr'><strong>Et</strong></span> <span class='ocrx_word' id='word_1_589' title='bbox 2347 1696 2506 1751; x_wconf 86' lang='lat' dir='ltr'><strong>quem</strong></span> <span class='ocrx_word' id='word_1_590' title='bbox 2524 1682 2669 1738; x_wconf 90' lang='lat' dir='ltr'><strong>luctu</strong></span> <span class='ocrx_word' id='word_1_591' title='bbox 2689 1685 2941 1755; x_wconf 82' lang='lat' dir='ltr'><strong>prosequi</strong></span> <span class='ocrx_word' id='word_1_592' title='bbox 2968 1689 3239 1759; x_wconf 79' lang='lat' dir='ltr'><strong>convenit,</strong></span> <span class='ocrx_word' id='word_1_593' title='bbox 3262 1703 3416 1742; x_wconf 81' lang='lat' dir='ltr'><strong>eum-</strong></span> 
     </span>
    </p>
   </div>
   <div class='ocr_carea' id='block_1_77' title="bbox 1842 1768 3417 1848">
    <p class='ocr_par' dir='ltr' id='par_1_77' title="bbox 1842 1768 3417 1848">
     <span class='ocr_line' id='line_1_77' title="bbox 1842 1768 3417 1848; baseline 0.005 -23"><span class='ocrx_word' id='word_1_594' title='bbox 1842 1784 1912 1825; x_wconf 81' lang='lat' dir='ltr'><strong>ne</strong></span> <span class='ocrx_word' id='word_1_595' title='bbox 1937 1769 2028 1838; x_wconf 89' lang='lat' dir='ltr'><strong>qui</strong></span> <span class='ocrx_word' id='word_1_596' title='bbox 2069 1768 2319 1838; x_wconf 89' lang='lat' dir='ltr'><strong>injuriam</strong></span> <span class='ocrx_word' id='word_1_597' title='bbox 2353 1772 2585 1848; x_wconf 80' lang='lat' dir='ltr'><strong>accepit,</strong></span> <span class='ocrx_word' id='word_1_598' title='bbox 2617 1785 2685 1826; x_wconf 90' lang='lat' dir='ltr'><strong>an</strong></span> <span class='ocrx_word' id='word_1_599' title='bbox 2720 1774 2812 1842; x_wconf 92' lang='lat' dir='ltr'><strong>qui</strong></span> <span class='ocrx_word' id='word_1_600' title='bbox 2846 1776 3061 1831; x_wconf 75' lang='lat' dir='ltr'><strong>intulit?</strong></span> <span class='ocrx_word' id='word_1_601' title='bbox 3110 1777 3210 1845; x_wconf 89' lang='lat' dir='ltr'><strong>Qui</strong></span> <span class='ocrx_word' id='word_1_602' title='bbox 3251 1793 3417 1847; x_wconf 68' lang='lat' dir='ltr'><strong>peco-</strong></span> 
     </span>
    </p>
   </div>
   <div class='ocr_carea' id='block_1_78' title="bbox 1843 1859 3413 1937">
    <p class='ocr_par' dir='ltr' id='par_1_78' title="bbox 1843 1859 3413 1937">
     <span class='ocr_line' id='line_1_78' title="bbox 1843 1859 3413 1937; baseline 0.008 -24"><span class='ocrx_word' id='word_1_603' title='bbox 1843 1861 1959 1915; x_wconf 88' lang='lat' dir='ltr'><strong>nias</strong></span> <span class='ocrx_word' id='word_1_604' title='bbox 1988 1860 2222 1914; x_wconf 88' lang='lat' dir='ltr'><strong>lucratus</strong></span> <span class='ocrx_word' id='word_1_605' title='bbox 2248 1867 2351 1924; x_wconf 78' lang='lat' dir='ltr'><strong>est,</strong></span> <span class='ocrx_word' id='word_1_606' title='bbox 2370 1874 2400 1914; x_wconf 91' lang='lat' dir='ltr'><strong>a</strong></span> <span class='ocrx_word' id='word_1_607' title='bbox 2416 1859 2507 1914; x_wconf 90' lang='lat' dir='ltr'><strong>Dei</strong></span> <span class='ocrx_word' id='word_1_608' title='bbox 2522 1860 2888 1917; x_wconf 79' lang='lat' dir='ltr'><strong>benevolentia</strong></span> <span class='ocrx_word' id='word_1_609' title='bbox 2914 1864 3413 1937; x_wconf 18' lang='lat' dir='ltr'><strong>seipsumueacluit,</strong></span> 
     </span>
    </p>
   </div>
   <div class='ocr_carea' id='block_1_79' title="bbox 1844 1947 3417 2028">
    <p class='ocr_par' dir='ltr' id='par_1_79' title="bbox 1844 1947 3417 2028">
     <span class='ocr_line' id='line_1_79' title="bbox 1844 1947 3417 2028; baseline 0.006 -24"><span class='ocrx_word' id='word_1_610' title='bbox 1844 1947 2106 2022; x_wconf 87' lang='lat' dir='ltr'><strong>plura&#39;que</strong></span> <span class='ocrx_word' id='word_1_611' title='bbox 2158 1949 2391 2021; x_wconf 86' lang='lat' dir='ltr'><strong>perdidit</strong></span> <span class='ocrx_word' id='word_1_612' title='bbox 2441 1965 2599 2021; x_wconf 89' lang='lat' dir='ltr'><strong>quam</strong></span> <span class='ocrx_word' id='word_1_613' title='bbox 2645 1954 2899 2022; x_wconf 87' lang='lat' dir='ltr'><strong>accepit:</strong></span> <span class='ocrx_word' id='word_1_614' title='bbox 2944 1968 3009 2010; x_wconf 90' lang='lat' dir='ltr'><strong>ac</strong></span> <span class='ocrx_word' id='word_1_615' title='bbox 3044 1956 3266 2024; x_wconf 82' lang='lat' dir='ltr'><strong>proinde</strong></span> <span class='ocrx_word' id='word_1_616' title='bbox 3299 1958 3417 2028; x_wconf 74' lang='lat' dir='ltr'><strong>ipse</strong></span> 
     </span>
    </p>
   </div>
   <div class='ocr_carea' id='block_1_80' title="bbox 1844 2039 3412 2115">
    <p class='ocr_par' dir='ltr' id='par_1_80' title="bbox 1844 2039 3412 2115">
     <span class='ocr_line' id='line_1_80' title="bbox 1844 2039 3412 2115; baseline 0.003 -16"><span class='ocrx_word' id='word_1_617' title='bbox 1844 2052 1929 2099; x_wconf 85' lang='lat' dir='ltr'><strong>est</strong></span> <span class='ocrx_word' id='word_1_618' title='bbox 1944 2044 2031 2113; x_wconf 91' lang='lat' dir='ltr'><strong>qui</strong></span> <span class='ocrx_word' id='word_1_619' title='bbox 2064 2043 2224 2096; x_wconf 78' lang='lat' dir='ltr'><strong>lzesus</strong></span> <span class='ocrx_word' id='word_1_620' title='bbox 2248 2050 2351 2097; x_wconf 90' lang='lat' dir='ltr'><strong>est.</strong></span> <span class='ocrx_word' id='word_1_621' title='bbox 2373 2039 2454 2096; x_wconf 90' lang='lat' dir='ltr'><strong>0b</strong></span> <span class='ocrx_word' id='word_1_622' title='bbox 2482 2041 2641 2113; x_wconf 72' lang='lat' dir='ltr'><strong>idque</strong></span> <span class='ocrx_word' id='word_1_623' title='bbox 2668 2057 2775 2097; x_wconf 90' lang='lat' dir='ltr'><strong>non</strong></span> <span class='ocrx_word' id='word_1_624' title='bbox 2822 2042 3080 2100; x_wconf 84' lang='lat' dir='ltr'><strong>adversus</strong></span> <span class='ocrx_word' id='word_1_625' title='bbox 3126 2060 3271 2115; x_wconf 85' lang='lat' dir='ltr'><strong>eum,</strong></span> <span class='ocrx_word' id='word_1_626' title='bbox 3313 2047 3412 2104; x_wconf 77' lang='lat' dir='ltr'><strong>sed</strong></span> 
     </span>
    </p>
   </div>
   <div class='ocr_carea' id='block_1_81' title="bbox 1846 2129 3413 2206">
    <p class='ocr_par' dir='ltr' id='par_1_81' title="bbox 1846 2129 3413 2206">
     <span class='ocr_line' id='line_1_81' title="bbox 1846 2129 3413 2206; baseline 0.006 -21"><span class='ocrx_word' id='word_1_627' title='bbox 1846 2147 1942 2200; x_wconf 88' lang='lat' dir='ltr'><strong>pro</strong></span> <span class='ocrx_word' id='word_1_628' title='bbox 1962 2146 2029 2188; x_wconf 93' lang='lat' dir='ltr'><strong>eo</strong></span> <span class='ocrx_word' id='word_1_629' title='bbox 2064 2132 2238 2202; x_wconf 90' lang='lat' dir='ltr'><strong>potius</strong></span> <span class='ocrx_word' id='word_1_630' title='bbox 2267 2129 2526 2186; x_wconf 87' lang='lat' dir='ltr'><strong>orandum</strong></span> <span class='ocrx_word' id='word_1_631' title='bbox 2555 2138 2657 2200; x_wconf 90' lang='lat' dir='ltr'><strong>est,</strong></span> <span class='ocrx_word' id='word_1_632' title='bbox 2686 2140 2741 2187; x_wconf 88' lang='lat' dir='ltr'><strong>ut</strong></span> <span class='ocrx_word' id='word_1_633' title='bbox 2768 2132 2910 2189; x_wconf 88' lang='lat' dir='ltr'><strong>Deus</strong></span> <span class='ocrx_word' id='word_1_634' title='bbox 2936 2134 3223 2206; x_wconf 85' lang='lat' dir='ltr'><strong>propitium</strong></span> <span class='ocrx_word' id='word_1_635' title='bbox 3248 2152 3308 2194; x_wconf 89' lang='lat' dir='ltr'><strong>se</strong></span> <span class='ocrx_word' id='word_1_636' title='bbox 3336 2138 3413 2195; x_wconf 85' lang='lat' dir='ltr'><strong>illi</strong></span> 
     </span>
    </p>
   </div>
   <div class='ocr_carea' id='block_1_82' title="bbox 1842 2222 2098 2292">
    <p class='ocr_par' dir='ltr' id='par_1_82' title="bbox 1842 2222 2098 2292">
     <span class='ocr_line' id='line_1_82' title="bbox 1842 2222 2098 2292; baseline 0 -16"><span class='ocrx_word' id='word_1_637' title='bbox 1842 2222 2098 2292; x_wconf 68' lang='lat' dir='ltr'><strong>praebeat.</strong></span> 
     </span>
    </p>
   </div>
   <div class='ocr_carea' id='block_1_83' title="bbox 1912 2312 3415 2391">
    <p class='ocr_par' dir='ltr' id='par_1_83' title="bbox 1912 2312 3415 2391">
     <span class='ocr_line' id='line_1_83' title="bbox 1912 2312 3415 2391; baseline 0.007 -21"><span class='ocrx_word' id='word_1_638' title='bbox 1912 2314 1967 2370; x_wconf 83' lang='lat'><strong>5.</strong></span> <span class='ocrx_word' id='word_1_639' title='bbox 2009 2312 2141 2368; x_wconf 77' lang='lat' dir='ltr'><strong>Vide</strong></span> <span class='ocrx_word' id='word_1_640' title='bbox 2166 2322 2298 2384; x_wconf 89' lang='lat' dir='ltr'><strong>quot</strong></span> <span class='ocrx_word' id='word_1_641' title='bbox 2323 2313 2713 2371; x_wconf 87' lang='lat' dir='ltr'><strong>calamitatibus</strong></span> <span class='ocrx_word' id='word_1_642' title='bbox 2735 2316 2910 2372; x_wconf 83' lang='lat' dir='ltr'><strong>aﬂ&#39;ecti</strong></span> <span class='ocrx_word' id='word_1_643' title='bbox 2948 2318 3055 2377; x_wconf 81' lang='lat' dir='ltr'><strong>sint</strong></span> <span class='ocrx_word' id='word_1_644' title='bbox 3096 2328 3206 2375; x_wconf 82' lang='lat' dir='ltr'><strong>tres</strong></span> <span class='ocrx_word' id='word_1_645' title='bbox 3240 2324 3415 2391; x_wconf 82' lang='lat' dir='ltr'><strong>pueri,</strong></span> 
     </span>
    </p>
   </div>
   <div class='ocr_carea' id='block_1_84' title="bbox 1842 2403 3418 2477">
    <p class='ocr_par' dir='ltr' id='par_1_84' title="bbox 1842 2403 3418 2477">
     <span class='ocr_line' id='line_1_84' title="bbox 1842 2403 3418 2477; baseline 0.005 -17"><span class='ocrx_word' id='word_1_646' title='bbox 1842 2418 1964 2460; x_wconf 89' lang='lat' dir='ltr'><strong>cum</strong></span> <span class='ocrx_word' id='word_1_647' title='bbox 1994 2412 2167 2458; x_wconf 91' lang='lat' dir='ltr'><strong>tamen</strong></span> <span class='ocrx_word' id='word_1_648' title='bbox 2193 2403 2321 2457; x_wconf 88' lang='lat' dir='ltr'><strong>nihil</strong></span> <span class='ocrx_word' id='word_1_649' title='bbox 2351 2405 2476 2458; x_wconf 86' lang='lat' dir='ltr'><strong>mali</strong></span> <span class='ocrx_word' id='word_1_650' title='bbox 2499 2405 2840 2462; x_wconf 83' lang='lat' dir='ltr'><strong>admisissent</strong></span> <span class='ocrx_word' id='word_1_651' title='bbox 2870 2425 2883 2460; x_wconf 90' lang='lat'><strong>:</strong></span> <span class='ocrx_word' id='word_1_652' title='bbox 2918 2410 3418 2477; x_wconf 74' lang='lat' dir='ltr'><strong>patriaetlibcrtate</strong></span> 
     </span>
    </p>
   </div>
   <div class='ocr_carea' id='block_1_85' title="bbox 1844 2497 3416 2573">
    <p class='ocr_par' dir='ltr' id='par_1_85' title="bbox 1844 2497 3416 2573">
     <span class='ocr_line' id='line_1_85' title="bbox 1844 2497 3416 2573; baseline 0.004 -20"><span class='ocrx_word' id='word_1_653' title='bbox 1844 2498 2170 2563; x_wconf 76' lang='lat' dir='ltr'><strong>exciderant,</strong></span> <span class='ocrx_word' id='word_1_654' title='bbox 2213 2497 2405 2566; x_wconf 86' lang='lat' dir='ltr'><strong>captivi</strong></span> <span class='ocrx_word' id='word_1_655' title='bbox 2432 2497 2647 2552; x_wconf 90' lang='lat' dir='ltr'><strong>abducti</strong></span> <span class='ocrx_word' id='word_1_656' title='bbox 2676 2514 2738 2552; x_wconf 88' lang='lat' dir='ltr'><strong>ac</strong></span> <span class='ocrx_word' id='word_1_657' title='bbox 2769 2502 2910 2555; x_wconf 86' lang='lat' dir='ltr'><strong>servi</strong></span> <span class='ocrx_word' id='word_1_658' title='bbox 2942 2500 3139 2569; x_wconf 77' lang='lat' dir='ltr'><strong>eﬂ’eeti,</strong></span> <span class='ocrx_word' id='word_1_659' title='bbox 3180 2512 3337 2573; x_wconf 84' lang='lat' dir='ltr'><strong>atque</strong></span> <span class='ocrx_word' id='word_1_660' title='bbox 3362 2504 3416 2559; x_wconf 74' lang='lat' dir='ltr'><strong>in</strong></span> 
     </span>
    </p>
   </div>
   <div class='ocr_carea' id='block_1_86' title="bbox 1844 2591 3404 2663">
    <p class='ocr_par' dir='ltr' id='par_1_86' title="bbox 1844 2591 3404 2663">
     <span class='ocr_line' id='line_1_86' title="bbox 1844 2591 3404 2663; baseline 0.005 -18"><span class='ocrx_word' id='word_1_661' title='bbox 1844 2592 2069 2646; x_wconf 88' lang='lat' dir='ltr'><strong>alienam</strong></span> <span class='ocrx_word' id='word_1_662' title='bbox 2122 2605 2185 2645; x_wconf 92' lang='lat' dir='ltr'><strong>ac</strong></span> <span class='ocrx_word' id='word_1_663' title='bbox 2231 2591 2508 2646; x_wconf 89' lang='lat' dir='ltr'><strong>barbaram</strong></span> <span class='ocrx_word' id='word_1_664' title='bbox 2551 2592 2821 2661; x_wconf 82' lang='lat' dir='ltr'><strong>regionem</strong></span> <span class='ocrx_word' id='word_1_665' title='bbox 2868 2595 3119 2650; x_wconf 86' lang='lat' dir='ltr'><strong>abstracti</strong></span> <span class='ocrx_word' id='word_1_666' title='bbox 3171 2594 3404 2663; x_wconf 85' lang='lat' dir='ltr'><strong>fuerant,</strong></span> 
     </span>
    </p>
   </div>
   <div class='ocr_carea' id='block_1_87' title="bbox 1845 2680 3415 2751">
    <p class='ocr_par' dir='ltr' id='par_1_87' title="bbox 1845 2680 3415 2751">
     <span class='ocr_line' id='line_1_87' title="bbox 1845 2680 3415 2751; baseline 0.008 -19"><span class='ocrx_word' id='word_1_667' title='bbox 1845 2680 2148 2750; x_wconf 89' lang='lat' dir='ltr'><strong>frustraque</strong></span> <span class='ocrx_word' id='word_1_668' title='bbox 2165 2697 2227 2735; x_wconf 90' lang='lat' dir='ltr'><strong>ac</strong></span> <span class='ocrx_word' id='word_1_669' title='bbox 2249 2692 2449 2737; x_wconf 89' lang='lat' dir='ltr'><strong>temere</strong></span> <span class='ocrx_word' id='word_1_670' title='bbox 2477 2692 2690 2751; x_wconf 84' lang='lat' dir='ltr'><strong>propter</strong></span> <span class='ocrx_word' id='word_1_671' title='bbox 2720 2683 3038 2739; x_wconf 86' lang='lat' dir='ltr'><strong>insomnium</strong></span> <span class='ocrx_word' id='word_1_672' title='bbox 3064 2685 3415 2745; x_wconf 76' lang='lat' dir='ltr'><strong>obtruncandi</strong></span> 
     </span>
    </p>
   </div>
   <div class='ocr_carea' id='block_1_88' title="bbox 1845 2769 3416 2847">
    <p class='ocr_par' dir='ltr' id='par_1_88' title="bbox 1845 2769 3416 2847">
     <span class='ocr_line' id='line_1_88' title="bbox 1845 2769 3416 2847; baseline 0.007 -24"><span class='ocrx_word' id='word_1_673' title='bbox 1845 2778 2014 2823; x_wconf 86' lang='lat' dir='ltr'><strong>erant.</strong></span> <span class='ocrx_word' id='word_1_674' title='bbox 2049 2769 2186 2834; x_wconf 86' lang='lat' dir='ltr'><strong>Quid</strong></span> <span class='ocrx_word' id='word_1_675' title='bbox 2216 2771 2374 2839; x_wconf 86' lang='lat' dir='ltr'><strong>igitur</strong></span> <span class='ocrx_word' id='word_1_676' title='bbox 2400 2787 2520 2825; x_wconf 90' lang='lat' dir='ltr'><strong>cum</strong></span> <span class='ocrx_word' id='word_1_677' title='bbox 2542 2772 2759 2828; x_wconf 88' lang='lat' dir='ltr'><strong>Daniele</strong></span> <span class='ocrx_word' id='word_1_678' title='bbox 2785 2773 3032 2843; x_wconf 86' lang='lat' dir='ltr'><strong>ingressi,</strong></span> <span class='ocrx_word' id='word_1_679' title='bbox 3050 2776 3416 2847; x_wconf 89' lang='lat' dir='ltr'><strong>quid,inquam</strong></span> 
     </span>
    </p>
   </div>
   <div class='ocr_carea' id='block_1_89' title="bbox 1845 2859 3416 2936">
    <p class='ocr_par' dir='ltr' id='par_1_89' title="bbox 1845 2859 3416 2936">
     <span class='ocr_line' id='line_1_89' title="bbox 1845 2859 3416 2936; baseline 0.007 -23"><span class='ocrx_word' id='word_1_680' title='bbox 1845 2860 2111 2914; x_wconf 83' lang='lat' dir='ltr'><strong>orarnnt?</strong></span> <span class='ocrx_word' id='word_1_681' title='bbox 2160 2859 2289 2929; x_wconf 87' lang='lat' dir='ltr'><strong>quid</strong></span> <span class='ocrx_word' id='word_1_682' title='bbox 2319 2860 2609 2916; x_wconf 80' lang='lat' dir='ltr'><strong>dixerunt?</strong></span> <span class='ocrx_word' id='word_1_683' title='bbox 2634 2862 2866 2917; x_wconf 88' lang='lat' dir='ltr'><strong>Contere</strong></span> <span class='ocrx_word' id='word_1_684' title='bbox 2904 2865 3416 2936; x_wconf 82' lang='lat' dir='ltr'><strong>Nabuchodonosor,</strong></span> 
     </span>
    </p>
   </div>
   <div class='ocr_carea' id='block_1_90' title="bbox 1847 2952 3419 3023">
    <p class='ocr_par' dir='ltr' id='par_1_90' title="bbox 1847 2952 3419 3023">
     <span class='ocr_line' id='line_1_90' title="bbox 1847 2952 3419 3023; baseline 0.003 -17"><span class='ocrx_word' id='word_1_685' title='bbox 1847 2953 2013 3023; x_wconf 87' lang='lat' dir='ltr'><strong>ipsius</strong></span> <span class='ocrx_word' id='word_1_686' title='bbox 2041 2953 2282 3008; x_wconf 88' lang='lat' dir='ltr'><strong>diadema</strong></span> <span class='ocrx_word' id='word_1_687' title='bbox 2312 2952 2513 3022; x_wconf 92' lang='lat' dir='ltr'><strong>abripe,</strong></span> <span class='ocrx_word' id='word_1_688' title='bbox 2546 2967 2577 3007; x_wconf 92' lang='lat' dir='ltr'><strong>e</strong></span> <span class='ocrx_word' id='word_1_689' title='bbox 2628 2954 2776 3023; x_wconf 85' lang='lat' dir='ltr'><strong>regio</strong></span> <span class='ocrx_word' id='word_1_690' title='bbox 2819 2955 2953 3009; x_wconf 83' lang='lat' dir='ltr'><strong>solio</strong></span> <span class='ocrx_word' id='word_1_691' title='bbox 2993 2970 3125 3011; x_wconf 88' lang='lat' dir='ltr'><strong>eum</strong></span> <span class='ocrx_word' id='word_1_692' title='bbox 3145 2958 3365 3013; x_wconf 87' lang='lat' dir='ltr'><strong>deturba</strong></span> <span class='ocrx_word' id='word_1_693' title='bbox 3393 2959 3419 3011; x_wconf 66' lang='grc' dir='ltr'><em>Υ</em></span> 
     </span>
    </p>
   </div>
   <div class='ocr_carea' id='block_1_91' title="bbox 1846 3043 3416 3119">
    <p class='ocr_par' dir='ltr' id='par_1_91' title="bbox 1846 3043 3416 3119">
     <span class='ocr_line' id='line_1_91' title="bbox 1846 3043 3416 3119; baseline 0.004 -20"><span class='ocrx_word' id='word_1_694' title='bbox 1846 3044 1986 3099; x_wconf 86' lang='lat' dir='ltr'><strong>Nihil</strong></span> <span class='ocrx_word' id='word_1_695' title='bbox 2029 3043 2323 3114; x_wconf 88' lang='lat' dir='ltr'><strong>ejusmodi;</strong></span> <span class='ocrx_word' id='word_1_696' title='bbox 2352 3060 2536 3099; x_wconf 89' lang='lat' dir='ltr'><strong>verum</strong></span> <span class='ocrx_word' id='word_1_697' title='bbox 2569 3045 2660 3099; x_wconf 88' lang='lat' dir='ltr'><strong>Dei</strong></span> <span class='ocrx_word' id='word_1_698' title='bbox 2694 3046 3113 3101; x_wconf 86' lang='lat' dir='ltr'><strong>misericordiam</strong></span> <span class='ocrx_word' id='word_1_699' title='bbox 3165 3049 3416 3119; x_wconf 85' lang='lat' dir='ltr'><strong>implora-</strong></span> 
     </span>
    </p>
   </div>
   <div class='ocr_carea' id='block_1_92' title="bbox 1847 3136 3421 3210">
    <p class='ocr_par' dir='ltr' id='par_1_92' title="bbox 1847 3136 3421 3210">
     <span class='ocr_line' id='line_1_92' title="bbox 1847 3136 3421 3210; baseline 0.004 -20"><span class='ocrx_word' id='word_1_700' title='bbox 1847 3136 1993 3190; x_wconf 89' lang='lat' dir='ltr'><strong>bant.</strong></span> <span class='ocrx_word' id='word_1_701' title='bbox 2025 3136 2232 3189; x_wconf 84' lang='lat' dir='ltr'><strong>Etcum</strong></span> <span class='ocrx_word' id='word_1_702' title='bbox 2261 3136 2314 3189; x_wconf 92' lang='lat' dir='ltr'><strong>in</strong></span> <span class='ocrx_word' id='word_1_703' title='bbox 2345 3136 2558 3191; x_wconf 87' lang='lat' dir='ltr'><strong>fornace</strong></span> <span class='ocrx_word' id='word_1_704' title='bbox 2584 3145 2780 3202; x_wconf 87' lang='lat' dir='ltr'><strong>essent,</strong></span> <span class='ocrx_word' id='word_1_705' title='bbox 2809 3137 2999 3193; x_wconf 89' lang='lat' dir='ltr'><strong>eodem</strong></span> <span class='ocrx_word' id='word_1_706' title='bbox 3026 3138 3184 3195; x_wconf 88' lang='lat' dir='ltr'><strong>modo</strong></span> <span class='ocrx_word' id='word_1_707' title='bbox 3208 3155 3267 3195; x_wconf 91' lang='lat' dir='ltr'><strong>se</strong></span> <span class='ocrx_word' id='word_1_708' title='bbox 3293 3155 3421 3210; x_wconf 80' lang='lat' dir='ltr'><strong>ges-</strong></span> 
     </span>
    </p>
   </div>
   <div class='ocr_carea' id='block_1_93' title="bbox 1847 3225 3421 3300">
    <p class='ocr_par' dir='ltr' id='par_1_93' title="bbox 1847 3225 3421 3300">
     <span class='ocr_line' id='line_1_93' title="bbox 1847 3225 3421 3300; baseline 0.003 -19"><span class='ocrx_word' id='word_1_709' title='bbox 1847 3235 2050 3281; x_wconf 88' lang='lat' dir='ltr'><strong>serunt.</strong></span> <span class='ocrx_word' id='word_1_710' title='bbox 2094 3226 2162 3279; x_wconf 82' lang='lat' dir='ltr'><strong>At</strong></span> <span class='ocrx_word' id='word_1_711' title='bbox 2200 3238 2295 3279; x_wconf 88' lang='lat' dir='ltr'><strong>vos</strong></span> <span class='ocrx_word' id='word_1_712' title='bbox 2347 3239 2458 3279; x_wconf 89' lang='lat' dir='ltr'><strong>non</strong></span> <span class='ocrx_word' id='word_1_713' title='bbox 2502 3225 2758 3293; x_wconf 85' lang='lat' dir='ltr'><strong>perinde;</strong></span> <span class='ocrx_word' id='word_1_714' title='bbox 2811 3227 2904 3281; x_wconf 91' lang='lat' dir='ltr'><strong>sed</strong></span> <span class='ocrx_word' id='word_1_715' title='bbox 2957 3229 3114 3298; x_wconf 89' lang='lat' dir='ltr'><strong>longe</strong></span> <span class='ocrx_word' id='word_1_716' title='bbox 3156 3245 3316 3300; x_wconf 87' lang='lat' dir='ltr'><strong>quam</strong></span> <span class='ocrx_word' id='word_1_717' title='bbox 3347 3232 3421 3286; x_wconf 89' lang='lat' dir='ltr'><strong>illi</strong></span> 
     </span>
    </p>
   </div>
   <div class='ocr_carea' id='block_1_94' title="bbox 1850 3316 3422 3389">
    <p class='ocr_par' dir='ltr' id='par_1_94' title="bbox 1850 3316 3422 3389">
     <span class='ocr_line' id='line_1_94' title="bbox 1850 3316 3422 3389; baseline 0.003 -16"><span class='ocrx_word' id='word_1_718' title='bbox 1850 3320 2054 3373; x_wconf 85' lang='lat' dir='ltr'><strong>minora</strong></span> <span class='ocrx_word' id='word_1_719' title='bbox 2086 3317 2247 3389; x_wconf 88' lang='lat' dir='ltr'><strong>passi,</strong></span> <span class='ocrx_word' id='word_1_720' title='bbox 2279 3331 2342 3371; x_wconf 89' lang='lat' dir='ltr'><strong>ac</strong></span> <span class='ocrx_word' id='word_1_721' title='bbox 2382 3316 2695 3387; x_wconf 89' lang='lat' dir='ltr'><strong>plerumque</strong></span> <span class='ocrx_word' id='word_1_722' title='bbox 2725 3318 2916 3372; x_wconf 89' lang='lat' dir='ltr'><strong>merito</strong></span> <span class='ocrx_word' id='word_1_723' title='bbox 2939 3358 2955 3382; x_wconf 93' lang='lat'><strong>,</strong></span> <span class='ocrx_word' id='word_1_724' title='bbox 3002 3331 3252 3375; x_wconf 81' lang='lat' dir='ltr'><strong>sexcenta</strong></span> <span class='ocrx_word' id='word_1_725' title='bbox 3284 3322 3422 3378; x_wconf 86' lang='lat' dir='ltr'><strong>mala</strong></span> 
     </span>
    </p>
   </div>
   <div class='ocr_carea' id='block_1_95' title="bbox 1850 3404 3423 3478">
    <p class='ocr_par' dir='ltr' id='par_1_95' title="bbox 1850 3404 3423 3478">
     <span class='ocr_line' id='line_1_95' title="bbox 1850 3404 3423 3478; baseline 0.003 -17"><span class='ocrx_word' id='word_1_726' title='bbox 1850 3408 2129 3475; x_wconf 88' lang='lat' dir='ltr'><strong>imprecari</strong></span> <span class='ocrx_word' id='word_1_727' title='bbox 2161 3423 2265 3460; x_wconf 89' lang='lat' dir='ltr'><strong>non</strong></span> <span class='ocrx_word' id='word_1_728' title='bbox 2296 3406 2539 3460; x_wconf 82' lang='lat' dir='ltr'><strong>desinitis</strong></span> <span class='ocrx_word' id='word_1_729' title='bbox 2570 3404 2775 3476; x_wconf 42' lang='lat' dir='ltr'><strong>:‘atque</strong></span> <span class='ocrx_word' id='word_1_730' title='bbox 2818 3408 2954 3462; x_wconf 88' lang='lat' dir='ltr'><strong>alius</strong></span> <span class='ocrx_word' id='word_1_731' title='bbox 2990 3407 3202 3478; x_wconf 86' lang='lat' dir='ltr'><strong>quidem</strong></span> <span class='ocrx_word' id='word_1_732' title='bbox 3234 3411 3310 3465; x_wconf 90' lang='lat' dir='ltr'><strong>sic</strong></span> <span class='ocrx_word' id='word_1_733' title='bbox 3340 3412 3423 3465; x_wconf 79' lang='lat' dir='ltr'><strong>lo-</strong></span> 
     </span>
    </p>
   </div>
   <div class='ocr_carea' id='block_1_96' title="bbox 1850 3495 3423 3566">
    <p class='ocr_par' dir='ltr' id='par_1_96' title="bbox 1850 3495 3423 3566">
     <span class='ocr_line' id='line_1_96' title="bbox 1850 3495 3423 3566; baseline 0.004 -18"><span class='ocrx_word' id='word_1_734' title='bbox 1850 3498 2049 3566; x_wconf 92' lang='lat' dir='ltr'><strong>qnitur,</strong></span> <span class='ocrx_word' id='word_1_735' title='bbox 2094 3497 2381 3558; x_wconf 84' lang='lat' dir='ltr'><strong>Prosterne</strong></span> <span class='ocrx_word' id='word_1_736' title='bbox 2426 3495 2722 3561; x_wconf 89' lang='lat' dir='ltr'><strong>inimicum,</strong></span> <span class='ocrx_word' id='word_1_737' title='bbox 2768 3505 2826 3551; x_wconf 93' lang='lat' dir='ltr'><strong>ut</strong></span> <span class='ocrx_word' id='word_1_738' title='bbox 2870 3498 3161 3553; x_wconf 83' lang='lat' dir='ltr'><strong>Pharaonis</strong></span> <span class='ocrx_word' id='word_1_739' title='bbox 3210 3516 3423 3556; x_wconf 88' lang='lat' dir='ltr'><strong>currum</strong></span> 
     </span>
    </p>
   </div>
   <div class='ocr_carea' id='block_1_97' title="bbox 1850 3585 3422 3658">
    <p class='ocr_par' dir='ltr' id='par_1_97' title="bbox 1850 3585 3422 3658">
     <span class='ocr_line' id='line_1_97' title="bbox 1850 3585 3422 3658; baseline 0.005 -20"><span class='ocrx_word' id='word_1_740' title='bbox 1850 3586 2189 3651; x_wconf 90' lang='lat' dir='ltr'><strong>demersisti;</strong></span> <span class='ocrx_word' id='word_1_741' title='bbox 2218 3587 2372 3649; x_wconf 86' lang='lat' dir='ltr'><strong>alius,</strong></span> <span class='ocrx_word' id='word_1_742' title='bbox 2403 3585 2628 3642; x_wconf 89' lang='lat' dir='ltr'><strong>Carnem</strong></span> <span class='ocrx_word' id='word_1_743' title='bbox 2676 3587 2817 3642; x_wconf 90' lang='lat' dir='ltr'><strong>illius</strong></span> <span class='ocrx_word' id='word_1_744' title='bbox 2870 3588 3005 3655; x_wconf 88' lang='lat' dir='ltr'><strong>feri;</strong></span> <span class='ocrx_word' id='word_1_745' title='bbox 3035 3590 3171 3645; x_wconf 90' lang='lat' dir='ltr'><strong>alius</strong></span> <span class='ocrx_word' id='word_1_746' title='bbox 3217 3607 3422 3658; x_wconf 87' lang='lat' dir='ltr'><strong>rursus,</strong></span> 
     </span>
    </p>
   </div>
   <div class='ocr_carea' id='block_1_98' title="bbox 1852 3677 3426 3752">
    <p class='ocr_par' dir='ltr' id='par_1_98' title="bbox 1852 3677 3426 3752">
     <span class='ocr_line' id='line_1_98' title="bbox 1852 3677 3426 3752; baseline 0.006 -22"><span class='ocrx_word' id='word_1_747' title='bbox 1852 3677 2035 3732; x_wconf 83' lang='lat' dir='ltr'><strong>Redde</strong></span> <span class='ocrx_word' id='word_1_748' title='bbox 2059 3679 2139 3733; x_wconf 88' lang='lat' dir='ltr'><strong>illi</strong></span> <span class='ocrx_word' id='word_1_749' title='bbox 2182 3679 2237 3731; x_wconf 92' lang='lat' dir='ltr'><strong>in</strong></span> <span class='ocrx_word' id='word_1_750' title='bbox 2288 3677 2449 3731; x_wconf 88' lang='lat' dir='ltr'><strong>filius.</strong></span> <span class='ocrx_word' id='word_1_751' title='bbox 2480 3680 2673 3733; x_wconf 80' lang='lat' dir='ltr'><strong>Annon</strong></span> <span class='ocrx_word' id='word_1_752' title='bbox 2722 3679 3026 3749; x_wconf 88' lang='lat' dir='ltr'><strong>hujusmodi</strong></span> <span class='ocrx_word' id='word_1_753' title='bbox 3055 3682 3212 3737; x_wconf 72' lang='lat' dir='ltr'><strong>verba</strong></span> <span class='ocrx_word' id='word_1_754' title='bbox 3257 3699 3426 3752; x_wconf 83' lang='lat' dir='ltr'><strong>agno-</strong></span> 
     </span>
    </p>
   </div>
   <div class='ocr_carea' id='block_1_99' title="bbox 1853 3770 2052 3828">
    <p class='ocr_par' dir='ltr' id='par_1_99' title="bbox 1853 3770 2052 3828">
     <span class='ocr_line' id='line_1_99' title="bbox 1853 3770 2052 3828; baseline -0.02 0"><span class='ocrx_word' id='word_1_755' title='bbox 1853 3772 2002 3828; x_wconf 86' lang='lat' dir='ltr'><strong>scitis</strong></span> <span class='ocrx_word' id='word_1_756' title='bbox 2028 3770 2052 3824; x_wconf 65' lang='grc' dir='ltr'><em>ἲ</em></span> 
     </span>
    </p>
   </div>
   <div class='ocr_carea' id='block_1_100' title="bbox 1930 3859 3429 3936">
    <p class='ocr_par' dir='ltr' id='par_1_100' title="bbox 1930 3859 3429 3936">
     <span class='ocr_line' id='line_1_100' title="bbox 1930 3859 3429 3936; baseline 0.005 -20"><span class='ocrx_word' id='word_1_757' title='bbox 1930 3862 2228 3917; x_wconf 77' lang='lat' dir='ltr'><strong>Auditorum</strong></span> <span class='ocrx_word' id='word_1_758' title='bbox 2267 3859 2610 3933; x_wconf 79' lang='lat' dir='ltr'><strong>Chryscstomi</strong></span> <span class='ocrx_word' id='word_1_759' title='bbox 2636 3862 2786 3916; x_wconf 81' lang='lat' dir='ltr'><strong>risus.</strong></span> <span class='ocrx_word' id='word_1_760' title='bbox 2816 3893 2887 3904; x_wconf 88' lang='lat'><strong><em>—</em></strong></span> <span class='ocrx_word' id='word_1_761' title='bbox 2915 3863 3068 3919; x_wconf 84' lang='lat' dir='ltr'><strong>Unde</strong></span> <span class='ocrx_word' id='word_1_762' title='bbox 3095 3866 3254 3936; x_wconf 88' lang='lat' dir='ltr'><strong>igitur</strong></span> <span class='ocrx_word' id='word_1_763' title='bbox 3277 3868 3429 3924; x_wconf 79' lang='lat' dir='ltr'><strong>vobis</strong></span> 
     </span>
    </p>
   </div>
   <div class='ocr_carea' id='block_1_101' title="bbox 1856 3955 3427 4025">
    <p class='ocr_par' dir='ltr' id='par_1_101' title="bbox 1856 3955 3427 4025">
     <span class='ocr_line' id='line_1_101' title="bbox 1856 3955 3427 4025; baseline 0.002 -14"><span class='ocrx_word' id='word_1_764' title='bbox 1856 3957 1943 4011; x_wconf 88' lang='lat' dir='ltr'><strong>hic</strong></span> <span class='ocrx_word' id='word_1_765' title='bbox 1971 3955 2147 4011; x_wconf 81' lang='lat' dir='ltr'><strong>risus?</strong></span> <span class='ocrx_word' id='word_1_766' title='bbox 2170 3955 2331 4009; x_wconf 84' lang='lat' dir='ltr'><strong>Vides</strong></span> <span class='ocrx_word' id='word_1_767' title='bbox 2358 3970 2517 4025; x_wconf 87' lang='lat' dir='ltr'><strong>quam</strong></span> <span class='ocrx_word' id='word_1_768' title='bbox 2560 3955 2785 4010; x_wconf 88' lang='lat' dir='ltr'><strong>ridicula</strong></span> <span class='ocrx_word' id='word_1_769' title='bbox 2834 3956 2948 4010; x_wconf 67' lang='lat' dir='ltr'><strong>haec</strong></span> <span class='ocrx_word' id='word_1_770' title='bbox 2975 3957 3119 4022; x_wconf 86' lang='lat' dir='ltr'><strong>sinit,</strong></span> <span class='ocrx_word' id='word_1_771' title='bbox 3146 3972 3266 4011; x_wconf 92' lang='lat' dir='ltr'><strong>cum</strong></span> <span class='ocrx_word' id='word_1_772' title='bbox 3294 3959 3427 4014; x_wconf 85' lang='lat' dir='ltr'><strong>citra</strong></span> 
     </span>
    </p>
   </div>
   <div class='ocr_carea' id='block_1_102' title="bbox 1858 4046 3429 4117">
    <p class='ocr_par' dir='ltr' id='par_1_102' title="bbox 1858 4046 3429 4117">
     <span class='ocr_line' id='line_1_102' title="bbox 1858 4046 3429 4117; baseline 0.002 -16"><span class='ocrx_word' id='word_1_773' title='bbox 1858 4048 2017 4101; x_wconf 89' lang='lat' dir='ltr'><strong>animi</strong></span> <span class='ocrx_word' id='word_1_774' title='bbox 2059 4046 2513 4115; x_wconf 86' lang='lat' dir='ltr'><strong>perturbationem</strong></span> <span class='ocrx_word' id='word_1_775' title='bbox 2558 4046 2848 4100; x_wconf 79' lang='lat' dir='ltr'><strong>dicuntur?</strong></span> <span class='ocrx_word' id='word_1_776' title='bbox 2895 4047 2965 4101; x_wconf 87' lang='lat' dir='ltr'><strong>Et</strong></span> <span class='ocrx_word' id='word_1_777' title='bbox 2999 4063 3125 4102; x_wconf 88' lang='lat' dir='ltr'><strong>sane</strong></span> <span class='ocrx_word' id='word_1_778' title='bbox 3155 4060 3429 4117; x_wconf 86' lang='lat' dir='ltr'><strong>peccatum</strong></span> 
     </span>
    </p>
   </div>
   <div class='ocr_carea' id='block_1_103' title="bbox 1858 4137 3433 4209">
    <p class='ocr_par' dir='ltr' id='par_1_103' title="bbox 1858 4137 3433 4209">
     <span class='ocr_line' id='line_1_103' title="bbox 1858 4137 3433 4209; baseline 0.003 -15"><span class='ocrx_word' id='word_1_779' title='bbox 1858 4153 2019 4194; x_wconf 89' lang='lat' dir='ltr'><strong>omne</strong></span> <span class='ocrx_word' id='word_1_780' title='bbox 2044 4147 2153 4192; x_wconf 92' lang='lat' dir='ltr'><strong>tum</strong></span> <span class='ocrx_word' id='word_1_781' title='bbox 2182 4137 2414 4205; x_wconf 84' lang='lat' dir='ltr'><strong>denique</strong></span> <span class='ocrx_word' id='word_1_782' title='bbox 2457 4152 2614 4207; x_wconf 87' lang='lat' dir='ltr'><strong>quam</strong></span> <span class='ocrx_word' id='word_1_783' title='bbox 2665 4137 2864 4192; x_wconf 77' lang='lat' dir='ltr'><strong>lmdum</strong></span> <span class='ocrx_word' id='word_1_784' title='bbox 2906 4139 2976 4193; x_wconf 88' lang='lat' dir='ltr'><strong>sit</strong></span> <span class='ocrx_word' id='word_1_785' title='bbox 3024 4151 3187 4209; x_wconf 88' lang='lat' dir='ltr'><strong>patet,</strong></span> <span class='ocrx_word' id='word_1_786' title='bbox 3216 4157 3336 4196; x_wconf 85' lang='lat' dir='ltr'><strong>cum</strong></span> <span class='ocrx_word' id='word_1_787' title='bbox 3363 4143 3433 4199; x_wconf 91' lang='lat' dir='ltr'><strong>ab</strong></span> 
     </span>
    </p>
   </div>
   <div class='ocr_carea' id='block_1_104' title="bbox 1857 4229 3459 4305">
    <p class='ocr_par' dir='ltr' id='par_1_104' title="bbox 1857 4229 3459 4305">
     <span class='ocr_line' id='line_1_104' title="bbox 1857 4229 3459 4305; baseline 0.001 -16"><span class='ocrx_word' id='word_1_788' title='bbox 1857 4248 1943 4298; x_wconf 90' lang='lat' dir='ltr'><strong>eo,</strong></span> <span class='ocrx_word' id='word_1_789' title='bbox 1975 4233 2063 4303; x_wconf 89' lang='lat' dir='ltr'><strong>qui</strong></span> <span class='ocrx_word' id='word_1_790' title='bbox 2103 4230 2158 4287; x_wconf 88' lang='lat' dir='ltr'><strong>id</strong></span> <span class='ocrx_word' id='word_1_791' title='bbox 2197 4230 2451 4295; x_wconf 90' lang='lat' dir='ltr'><strong>admittit,</strong></span> <span class='ocrx_word' id='word_1_792' title='bbox 2473 4229 2725 4285; x_wconf 76' lang='lat' dir='ltr'><strong>affectum</strong></span> <span class='ocrx_word' id='word_1_793' title='bbox 2770 4230 3096 4288; x_wconf 80' lang='lat' dir='ltr'><strong>detraxeris.</strong></span> <span class='ocrx_word' id='word_1_794' title='bbox 3144 4234 3202 4289; x_wconf 88' lang='lat' dir='ltr'><strong>Si</strong></span> <span class='ocrx_word' id='word_1_795' title='bbox 3245 4236 3294 4290; x_wconf 91' lang='lat' dir='ltr'><strong>ei</strong></span> <span class='ocrx_word' id='word_1_796' title='bbox 3340 4236 3459 4305; x_wconf 84' lang='lat' dir='ltr'><strong>qui</strong></span> 
     </span>
    </p>
   </div>
   <div class='ocr_carea' id='block_1_105' title="bbox 1860 4318 3431 4394">
    <p class='ocr_par' dir='ltr' id='par_1_105' title="bbox 1860 4318 3431 4394">
     <span class='ocr_line' id='line_1_105' title="bbox 1860 4318 3431 4394; baseline 0.002 -17"><span class='ocrx_word' id='word_1_797' title='bbox 1860 4324 2025 4377; x_wconf 86' lang='lat' dir='ltr'><strong>iratus</strong></span> <span class='ocrx_word' id='word_1_798' title='bbox 2052 4318 2185 4387; x_wconf 87' lang='lat' dir='ltr'><strong>fuit,</strong></span> <span class='ocrx_word' id='word_1_799' title='bbox 2210 4321 2263 4376; x_wconf 88' lang='lat' dir='ltr'><strong>in</strong></span> <span class='ocrx_word' id='word_1_800' title='bbox 2310 4322 2627 4377; x_wconf 88' lang='lat' dir='ltr'><strong>memoriam</strong></span> <span class='ocrx_word' id='word_1_801' title='bbox 2670 4336 2732 4376; x_wconf 90' lang='lat' dir='ltr'><strong>ea</strong></span> <span class='ocrx_word' id='word_1_802' title='bbox 2764 4321 2924 4378; x_wconf 90' lang='lat' dir='ltr'><strong>verba</strong></span> <span class='ocrx_word' id='word_1_803' title='bbox 2955 4324 3198 4394; x_wconf 87' lang='lat' dir='ltr'><strong>redigas,</strong></span> <span class='ocrx_word' id='word_1_804' title='bbox 3231 4340 3349 4394; x_wconf 74' lang='lat' dir='ltr'><strong>quas</strong></span> <span class='ocrx_word' id='word_1_805' title='bbox 3375 4325 3431 4380; x_wconf 90' lang='lat' dir='ltr'><strong>in</strong></span> 
     </span>
    </p>
   </div>
   <div class='ocr_carea' id='block_1_106' title="bbox 1860 4414 3433 4485">
    <p class='ocr_par' dir='ltr' id='par_1_106' title="bbox 1860 4414 3433 4485">
     <span class='ocr_line' id='line_1_106' title="bbox 1860 4414 3433 4485; baseline 0.003 -16"><span class='ocrx_word' id='word_1_806' title='bbox 1860 4414 2129 4471; x_wconf 84' lang='lat' dir='ltr'><strong>iracundia</strong></span> <span class='ocrx_word' id='word_1_807' title='bbox 2161 4414 2403 4484; x_wconf 77' lang='lat' dir='ltr'><strong>protulit,</strong></span> <span class='ocrx_word' id='word_1_808' title='bbox 2437 4415 2719 4469; x_wconf 88' lang='lat' dir='ltr'><strong>erubescet</strong></span> <span class='ocrx_word' id='word_1_809' title='bbox 2743 4424 2797 4469; x_wconf 92' lang='lat' dir='ltr'><strong>et</strong></span> <span class='ocrx_word' id='word_1_810' title='bbox 2820 4417 3051 4485; x_wconf 87' lang='lat' dir='ltr'><strong>seipsum</strong></span> <span class='ocrx_word' id='word_1_811' title='bbox 3080 4416 3338 4479; x_wconf 88' lang='lat' dir='ltr'><strong>irridebit,</strong></span> <span class='ocrx_word' id='word_1_812' title='bbox 3370 4432 3433 4473; x_wconf 83' lang='lat' dir='ltr'><strong>ac</strong></span> 
     </span>
    </p>
   </div>
   <div class='ocr_carea' id='block_1_107' title="bbox 1860 4504 3431 4574">
    <p class='ocr_par' dir='ltr' id='par_1_107' title="bbox 1860 4504 3431 4574">
     <span class='ocr_line' id='line_1_107' title="bbox 1860 4504 3431 4574; baseline -0.001 -13"><span class='ocrx_word' id='word_1_813' title='bbox 1860 4506 2006 4561; x_wconf 88' lang='lat' dir='ltr'><strong>mille</strong></span> <span class='ocrx_word' id='word_1_814' title='bbox 2036 4506 2172 4559; x_wconf 87' lang='lat' dir='ltr'><strong>mala</strong></span> <span class='ocrx_word' id='word_1_815' title='bbox 2205 4504 2432 4574; x_wconf 87' lang='lat' dir='ltr'><strong>perpeti,</strong></span> <span class='ocrx_word' id='word_1_816' title='bbox 2455 4519 2612 4573; x_wconf 87' lang='lat' dir='ltr'><strong>quam</strong></span> <span class='ocrx_word' id='word_1_817' title='bbox 2635 4504 2795 4558; x_wconf 90' lang='lat' dir='ltr'><strong>verba</strong></span> <span class='ocrx_word' id='word_1_818' title='bbox 2816 4504 2908 4559; x_wconf 90' lang='lat' dir='ltr'><strong>illa</strong></span> <span class='ocrx_word' id='word_1_819' title='bbox 2937 4505 3219 4573; x_wconf 87' lang='lat' dir='ltr'><strong>protulisse</strong></span> <span class='ocrx_word' id='word_1_820' title='bbox 3247 4506 3431 4561; x_wconf 88' lang='lat' dir='ltr'><strong>malet.</strong></span> 
     </span>
    </p>
   </div>
   <div class='ocr_carea' id='block_1_108' title="bbox 1860 4590 3428 4673">
    <p class='ocr_par' dir='ltr' id='par_1_108' title="bbox 1860 4590 3428 4673">
     <span class='ocr_line' id='line_1_108' title="bbox 1860 4590 3428 4673; baseline -0.001 -21"><span class='ocrx_word' id='word_1_821' title='bbox 1860 4597 1914 4652; x_wconf 92' lang='lat' dir='ltr'><strong>Si</strong></span> <span class='ocrx_word' id='word_1_822' title='bbox 1947 4597 2272 4666; x_wconf 91' lang='lat' dir='ltr'><strong>impudicum</strong></span> <span class='ocrx_word' id='word_1_823' title='bbox 2315 4590 2582 4649; x_wconf 86' lang='lat' dir='ltr'><strong>hominem</strong></span> <span class='ocrx_word' id='word_1_824' title='bbox 2616 4602 2737 4663; x_wconf 92' lang='lat' dir='ltr'><strong>post</strong></span> <span class='ocrx_word' id='word_1_825' title='bbox 2780 4594 2979 4650; x_wconf 91' lang='lat' dir='ltr'><strong>coitum</strong></span> <span class='ocrx_word' id='word_1_826' title='bbox 3028 4595 3095 4649; x_wconf 90' lang='lat' dir='ltr'><strong>ad</strong></span> <span class='ocrx_word' id='word_1_827' title='bbox 3146 4596 3428 4673; x_wconf 86' lang='lat' dir='ltr'><strong>mulierem</strong></span> 
     </span>
    </p>
   </div>
   <div class='ocr_carea' id='block_1_109' title="bbox 1861 4685 3427 4757">
    <p class='ocr_par' dir='ltr' id='par_1_109' title="bbox 1861 4685 3427 4757">
     <span class='ocr_line' id='line_1_109' title="bbox 1861 4685 3427 4757; baseline -0.001 -12"><span class='ocrx_word' id='word_1_828' title='bbox 1861 4704 2002 4753; x_wconf 86' lang='lat' dir='ltr'><strong>eam,</strong></span> <span class='ocrx_word' id='word_1_829' title='bbox 2033 4688 2117 4743; x_wconf 92' lang='lat' dir='ltr'><strong>cui</strong></span> <span class='ocrx_word' id='word_1_830' title='bbox 2148 4696 2388 4757; x_wconf 90' lang='lat' dir='ltr'><strong>stuprum</strong></span> <span class='ocrx_word' id='word_1_831' title='bbox 2411 4685 2623 4752; x_wconf 90' lang='lat' dir='ltr'><strong>obtulit,</strong></span> <span class='ocrx_word' id='word_1_832' title='bbox 2655 4686 2969 4750; x_wconf 83' lang='lat' dir='ltr'><strong>adduxeris,</strong></span> <span class='ocrx_word' id='word_1_833' title='bbox 2999 4685 3087 4741; x_wconf 91' lang='lat' dir='ltr'><strong>hic</strong></span> <span class='ocrx_word' id='word_1_834' title='bbox 3113 4701 3323 4757; x_wconf 86' lang='lat' dir='ltr'><strong>quoque</strong></span> <span class='ocrx_word' id='word_1_835' title='bbox 3368 4695 3427 4743; x_wconf 92' lang='lat' dir='ltr'><strong>ut</strong></span> 
     </span>
    </p>
   </div>
   <div class='ocr_carea' id='block_1_110' title="bbox 1863 4777 3436 4848">
    <p class='ocr_par' dir='ltr' id='par_1_110' title="bbox 1863 4777 3436 4848">
     <span class='ocr_line' id='line_1_110' title="bbox 1863 4777 3436 4848; baseline -0.001 -13"><span class='ocrx_word' id='word_1_836' title='bbox 1863 4778 2242 4835; x_wconf 86' lang='lat' dir='ltr'><strong>exsecrandam</strong></span> <span class='ocrx_word' id='word_1_837' title='bbox 2288 4778 2456 4848; x_wconf 87' lang='lat' dir='ltr'><strong>ipsam</strong></span> <span class='ocrx_word' id='word_1_838' title='bbox 2494 4777 2879 4832; x_wconf 86' lang='lat' dir='ltr'><strong>adversabitur.</strong></span> <span class='ocrx_word' id='word_1_839' title='bbox 2924 4777 3123 4833; x_wconf 87' lang='lat' dir='ltr'><strong>Eodem</strong></span> <span class='ocrx_word' id='word_1_840' title='bbox 3151 4779 3311 4833; x_wconf 90' lang='lat' dir='ltr'><strong>modo</strong></span> <span class='ocrx_word' id='word_1_841' title='bbox 3336 4792 3436 4833; x_wconf 83' lang='lat' dir='ltr'><strong>vos</strong></span> 
     </span>
    </p>
   </div>
   <div class='ocr_carea' id='block_1_111' title="bbox 1862 4868 3431 4939">
    <p class='ocr_par' dir='ltr' id='par_1_111' title="bbox 1862 4868 3431 4939">
     <span class='ocr_line' id='line_1_111' title="bbox 1862 4868 3431 4939; baseline 0.002 -17"><span class='ocrx_word' id='word_1_842' title='bbox 1862 4869 1952 4939; x_wconf 94' lang='lat' dir='ltr'><strong>qui</strong></span> <span class='ocrx_word' id='word_1_843' title='bbox 1980 4869 2047 4924; x_wconf 91' lang='lat' dir='ltr'><strong>ab</strong></span> <span class='ocrx_word' id='word_1_844' title='bbox 2076 4870 2178 4923; x_wconf 80' lang='lat' dir='ltr'><strong>hoc</strong></span> <span class='ocrx_word' id='word_1_845' title='bbox 2218 4868 2408 4923; x_wconf 80' lang='lat' dir='ltr'><strong>aﬂ‘eetu</strong></span> <span class='ocrx_word' id='word_1_846' title='bbox 2440 4868 2593 4922; x_wconf 93' lang='lat' dir='ltr'><strong>liberi</strong></span> <span class='ocrx_word' id='word_1_847' title='bbox 2637 4868 2789 4933; x_wconf 90' lang='lat' dir='ltr'><strong>estis,</strong></span> <span class='ocrx_word' id='word_1_848' title='bbox 2830 4868 3136 4939; x_wconf 89' lang='lat' dir='ltr'><strong>hujusmodi</strong></span> <span class='ocrx_word' id='word_1_849' title='bbox 3165 4870 3326 4925; x_wconf 86' lang='lat' dir='ltr'><strong>verba</strong></span> <span class='ocrx_word' id='word_1_850' title='bbox 3355 4871 3431 4925; x_wconf 84' lang='lat' dir='ltr'><strong>ri-</strong></span> 
     </span>
    </p>
   </div>
   <div class='ocr_carea' id='block_1_112' title="bbox 1862 4960 3433 5024">
    <p class='ocr_par' dir='ltr' id='par_1_112' title="bbox 1862 4960 3433 5024">
     <span class='ocr_line' id='line_1_112' title="bbox 1862 4960 3433 5024; baseline 0 -8"><span class='ocrx_word' id='word_1_851' title='bbox 1862 4962 2002 5016; x_wconf 90' lang='lat' dir='ltr'><strong>detis</strong></span> <span class='ocrx_word' id='word_1_852' title='bbox 2033 4979 2046 5017; x_wconf 91' lang='lat'><strong>:</strong></span> <span class='ocrx_word' id='word_1_853' title='bbox 2080 4961 2298 5016; x_wconf 89' lang='lat' dir='ltr'><strong>ridicula</strong></span> <span class='ocrx_word' id='word_1_854' title='bbox 2348 4961 2489 5017; x_wconf 89' lang='lat' dir='ltr'><strong>enim</strong></span> <span class='ocrx_word' id='word_1_855' title='bbox 2545 4968 2703 5024; x_wconf 89' lang='lat' dir='ltr'><strong>sunt,</strong></span> <span class='ocrx_word' id='word_1_856' title='bbox 2756 4975 2820 5015; x_wconf 87' lang='lat' dir='ltr'><strong>ac</strong></span> <span class='ocrx_word' id='word_1_857' title='bbox 2884 4960 3187 5016; x_wconf 85' lang='lat' dir='ltr'><strong>temulentis</strong></span> <span class='ocrx_word' id='word_1_858' title='bbox 3233 4961 3433 5016; x_wconf 87' lang='lat' dir='ltr'><strong>vetulis</strong></span> 
     </span>
    </p>
   </div>
   <div class='ocr_carea' id='block_1_113' title="bbox 1864 5050 3428 5123">
    <p class='ocr_par' dir='ltr' id='par_1_113' title="bbox 1864 5050 3428 5123">
     <span class='ocr_line' id='line_1_113' title="bbox 1864 5050 3428 5123; baseline -0.002 -16"><span class='ocrx_word' id='word_1_859' title='bbox 1864 5052 2045 5123; x_wconf 88' lang='lat' dir='ltr'><strong>digna,</strong></span> <span class='ocrx_word' id='word_1_860' title='bbox 2086 5050 2438 5120; x_wconf 89' lang='lat' dir='ltr'><strong>muliebrique</strong></span> <span class='ocrx_word' id='word_1_861' title='bbox 2487 5051 2781 5105; x_wconf 91' lang='lat' dir='ltr'><strong>simultate.</strong></span> <span class='ocrx_word' id='word_1_862' title='bbox 2819 5051 2956 5117; x_wconf 89' lang='lat' dir='ltr'><strong>Quin</strong></span> <span class='ocrx_word' id='word_1_863' title='bbox 3000 5051 3160 5105; x_wconf 88' lang='lat' dir='ltr'><strong>etiam</strong></span> <span class='ocrx_word' id='word_1_864' title='bbox 3196 5050 3428 5122; x_wconf 69' lang='lat' dir='ltr'><strong>Ioseph,</strong></span> 
     </span>
    </p>
   </div>
   <div class='ocr_carea' id='block_1_114' title="bbox 1863 5140 3430 5211">
    <p class='ocr_par' dir='ltr' id='par_1_114' title="bbox 1863 5140 3430 5211">
     <span class='ocr_line' id='line_1_114' title="bbox 1863 5140 3430 5211; baseline -0.002 -12"><span class='ocrx_word' id='word_1_865' title='bbox 1863 5145 1989 5199; x_wconf 89' lang='lat' dir='ltr'><strong>licet</strong></span> <span class='ocrx_word' id='word_1_866' title='bbox 2015 5142 2261 5198; x_wconf 88' lang='lat' dir='ltr'><strong>venditus</strong></span> <span class='ocrx_word' id='word_1_867' title='bbox 2281 5156 2343 5196; x_wconf 88' lang='lat' dir='ltr'><strong>ac</strong></span> <span class='ocrx_word' id='word_1_868' title='bbox 2386 5154 2571 5203; x_wconf 87' lang='lat' dir='ltr'><strong>servus</strong></span> <span class='ocrx_word' id='word_1_869' title='bbox 2596 5140 2851 5208; x_wconf 87' lang='lat' dir='ltr'><strong>effectus,</strong></span> <span class='ocrx_word' id='word_1_870' title='bbox 2896 5152 3055 5211; x_wconf 86' lang='lat' dir='ltr'><strong>atque</strong></span> <span class='ocrx_word' id='word_1_871' title='bbox 3083 5142 3136 5195; x_wconf 89' lang='lat' dir='ltr'><strong>in</strong></span> <span class='ocrx_word' id='word_1_872' title='bbox 3161 5154 3430 5196; x_wconf 72' lang='lat' dir='ltr'><strong>carcerem</strong></span> 
     </span>
    </p>
   </div>
   <div class='ocr_carea' id='block_1_115' title="bbox 1864 5230 3433 5303">
    <p class='ocr_par' dir='ltr' id='par_1_115' title="bbox 1864 5230 3433 5303">
     <span class='ocr_line' id='line_1_115' title="bbox 1864 5230 3433 5303; baseline -0.007 -13"><span class='ocrx_word' id='word_1_873' title='bbox 1864 5232 2161 5303; x_wconf 87' lang='lat' dir='ltr'><strong>conjectus,</strong></span> <span class='ocrx_word' id='word_1_874' title='bbox 2211 5248 2280 5287; x_wconf 89' lang='lat' dir='ltr'><strong>ne</strong></span> <span class='ocrx_word' id='word_1_875' title='bbox 2327 5231 2405 5286; x_wconf 87' lang='lat' dir='ltr'><strong>sic</strong></span> <span class='ocrx_word' id='word_1_876' title='bbox 2442 5240 2618 5285; x_wconf 87' lang='lat' dir='ltr'><strong>tamen</strong></span> <span class='ocrx_word' id='word_1_877' title='bbox 2663 5230 2913 5285; x_wconf 85' lang='lat' dir='ltr'><strong>acerbum</strong></span> <span class='ocrx_word' id='word_1_878' title='bbox 2951 5231 3206 5284; x_wconf 85' lang='lat' dir='ltr'><strong>adversus</strong></span> <span class='ocrx_word' id='word_1_879' title='bbox 3244 5242 3357 5291; x_wconf 84' lang='lat' dir='ltr'><strong>eos,</strong></span> <span class='ocrx_word' id='word_1_880' title='bbox 3400 5238 3433 5279; x_wconf 84' lang='lat' dir='ltr'><strong>a</strong></span> 
     </span>
    </p>
   </div>
   <div class='ocr_carea' id='block_1_116' title="bbox 1864 5318 3438 5395">
    <p class='ocr_par' dir='ltr' id='par_1_116' title="bbox 1864 5318 3438 5395">
     <span class='ocr_line' id='line_1_116' title="bbox 1864 5318 3438 5395; baseline -0.004 -18"><span class='ocrx_word' id='word_1_881' title='bbox 1864 5324 2057 5395; x_wconf 84' lang='lat' dir='ltr'><strong>quibus</strong></span> <span class='ocrx_word' id='word_1_882' title='bbox 2108 5324 2267 5378; x_wconf 67' lang='lat' dir='ltr'><strong>lmsus</strong></span> <span class='ocrx_word' id='word_1_883' title='bbox 2313 5321 2506 5387; x_wconf 88' lang='lat' dir='ltr'><strong>fuerat,</strong></span> <span class='ocrx_word' id='word_1_884' title='bbox 2534 5321 2753 5375; x_wconf 87' lang='lat' dir='ltr'><strong>verbum</strong></span> <span class='ocrx_word' id='word_1_885' title='bbox 2802 5321 3019 5386; x_wconf 90' lang='lat' dir='ltr'><strong>emisit;</strong></span> <span class='ocrx_word' id='word_1_886' title='bbox 3046 5321 3141 5374; x_wconf 88' lang='lat' dir='ltr'><strong>sed</strong></span> <span class='ocrx_word' id='word_1_887' title='bbox 3167 5318 3293 5388; x_wconf 84' lang='lat' dir='ltr'><strong>quid</strong></span> <span class='ocrx_word' id='word_1_888' title='bbox 3321 5318 3438 5373; x_wconf 78' lang='lat' dir='ltr'><strong>ait?</strong></span> 
     </span>
    </p>
   </div>
   <div class='ocr_carea' id='block_1_117' title="bbox 1866 5408 3432 5475">
    <p class='ocr_par' dir='ltr' id='par_1_117' title="bbox 1866 5408 3432 5475">
     <span class='ocr_line' id='line_1_117' title="bbox 1866 5408 3432 5475; baseline -0.006 -4"><span class='ocrx_word' id='word_1_889' title='bbox 1866 5416 2068 5471; x_wconf 81' lang='lat' dir='ltr'><strong>Furtim</strong></span> <span class='ocrx_word' id='word_1_890' title='bbox 2095 5415 2320 5469; x_wconf 76' lang='lat' dir='ltr'><strong>sublatas</strong></span> <span class='ocrx_word' id='word_1_891' title='bbox 2346 5429 2459 5467; x_wconf 74' lang='lat' dir='ltr'><strong>sum</strong></span> <span class='ocrx_word' id='word_1_892' title='bbox 2502 5412 2566 5466; x_wconf 76' lang='lat' dir='ltr'><strong>de</strong></span> <span class='ocrx_word' id='word_1_893' title='bbox 2604 5422 2739 5466; x_wconf 83' lang='lat' dir='ltr'><strong>terra</strong></span> <span class='ocrx_word' id='word_1_894' title='bbox 2767 5410 3096 5465; x_wconf 64' lang='lat' dir='ltr'><strong>Hebraeum</strong></span> <span class='ocrx_word' id='word_1_895' title='bbox 3138 5411 3157 5475; x_wconf 90' lang='lat'><strong>(</strong></span> <span class='ocrx_word' id='word_1_896' title='bbox 3182 5408 3307 5463; x_wconf 62' lang='lat' dir='ltr'><strong>Gen.</strong></span> <span class='ocrx_word' id='word_1_897' title='bbox 3341 5408 3432 5463; x_wconf 68' lang='grc'><strong>60.</strong></span> 
     </span>
    </p>
   </div>
   <div class='ocr_carea' id='block_1_118' title="bbox 1868 5499 3429 5573">
    <p class='ocr_par' dir='ltr' id='par_1_118' title="bbox 1868 5499 3429 5573">
     <span class='ocr_line' id='line_1_118' title="bbox 1868 5499 3429 5573; baseline -0.005 -12"><span class='ocrx_word' id='word_1_898' title='bbox 1868 5506 1956 5573; x_wconf 83' lang='lat' dir='ltr'><strong>l5)</strong></span> <span class='ocrx_word' id='word_1_899' title='bbox 1981 5522 1997 5569; x_wconf 91' lang='lat'><strong>;</strong></span> <span class='ocrx_word' id='word_1_900' title='bbox 2024 5518 2121 5559; x_wconf 91' lang='lat' dir='ltr'><strong>nec</strong></span> <span class='ocrx_word' id='word_1_901' title='bbox 2147 5502 2330 5567; x_wconf 89' lang='lat' dir='ltr'><strong>addit,</strong></span> <span class='ocrx_word' id='word_1_902' title='bbox 2376 5518 2406 5558; x_wconf 90' lang='lat' dir='ltr'><strong>a</strong></span> <span class='ocrx_word' id='word_1_903' title='bbox 2449 5516 2555 5571; x_wconf 89' lang='lat' dir='ltr'><strong>quo</strong></span> <span class='ocrx_word' id='word_1_904' title='bbox 2586 5522 2601 5557; x_wconf 87' lang='lat'><strong>:</strong></span> <span class='ocrx_word' id='word_1_905' title='bbox 2630 5501 2786 5569; x_wconf 83' lang='lat' dir='ltr'><strong>pudet</strong></span> <span class='ocrx_word' id='word_1_906' title='bbox 2812 5502 2954 5554; x_wconf 88' lang='lat' dir='ltr'><strong>enim</strong></span> <span class='ocrx_word' id='word_1_907' title='bbox 3004 5516 3124 5555; x_wconf 90' lang='lat' dir='ltr'><strong>eum</strong></span> <span class='ocrx_word' id='word_1_908' title='bbox 3167 5499 3429 5554; x_wconf 85' lang='lat' dir='ltr'><strong>malorum</strong></span> 
     </span>
    </p>
   </div>
   <div class='ocr_carea' id='block_1_119' title="bbox 1865 5591 3431 5662">
    <p class='ocr_par' dir='ltr' id='par_1_119' title="bbox 1865 5591 3431 5662">
     <span class='ocr_line' id='line_1_119' title="bbox 1865 5591 3431 5662; baseline -0.004 -10"><span class='ocrx_word' id='word_1_909' title='bbox 1865 5596 2109 5659; x_wconf 87' lang='lat' dir='ltr'><strong>fratrum,</strong></span> <span class='ocrx_word' id='word_1_910' title='bbox 2141 5593 2308 5662; x_wconf 88' lang='lat' dir='ltr'><strong>magis</strong></span> <span class='ocrx_word' id='word_1_911' title='bbox 2328 5607 2485 5661; x_wconf 90' lang='lat' dir='ltr'><strong>quam</strong></span> <span class='ocrx_word' id='word_1_912' title='bbox 2509 5606 2602 5647; x_wconf 90' lang='lat' dir='ltr'><strong>eos</strong></span> <span class='ocrx_word' id='word_1_913' title='bbox 2627 5591 2792 5661; x_wconf 91' lang='lat' dir='ltr'><strong>ipsos,</strong></span> <span class='ocrx_word' id='word_1_914' title='bbox 2822 5593 2911 5661; x_wconf 92' lang='lat' dir='ltr'><strong>qui</strong></span> <span class='ocrx_word' id='word_1_915' title='bbox 2941 5592 3057 5647; x_wconf 71' lang='lat' dir='ltr'><strong>hzec</strong></span> <span class='ocrx_word' id='word_1_916' title='bbox 3090 5597 3431 5659; x_wconf 79' lang='lat' dir='ltr'><strong>perpetrave—</strong></span> 
     </span>
    </p>
   </div>
   <div class='ocr_carea' id='block_1_120' title="bbox 1866 5680 3433 5753">
    <p class='ocr_par' dir='ltr' id='par_1_120' title="bbox 1866 5680 3433 5753">
     <span class='ocr_line' id='line_1_120' title="bbox 1866 5680 3433 5753; baseline -0.004 -11"><span class='ocrx_word' id='word_1_917' title='bbox 1866 5695 2006 5742; x_wconf 89' lang='lat' dir='ltr'><strong>rant.</strong></span> <span class='ocrx_word' id='word_1_918' title='bbox 2031 5686 2105 5741; x_wconf 88' lang='lat' dir='ltr'><strong>Ita</strong></span> <span class='ocrx_word' id='word_1_919' title='bbox 2134 5699 2231 5739; x_wconf 92' lang='lat' dir='ltr'><strong>nos</strong></span> <span class='ocrx_word' id='word_1_920' title='bbox 2261 5698 2473 5753; x_wconf 88' lang='lat' dir='ltr'><strong>quoque</strong></span> <span class='ocrx_word' id='word_1_921' title='bbox 2512 5681 2650 5738; x_wconf 83' lang='lat' dir='ltr'><strong>affici</strong></span> <span class='ocrx_word' id='word_1_922' title='bbox 2701 5684 2971 5747; x_wconf 88' lang='lat' dir='ltr'><strong>convenit,</strong></span> <span class='ocrx_word' id='word_1_923' title='bbox 3000 5691 3056 5736; x_wconf 93' lang='lat' dir='ltr'><strong>ut</strong></span> <span class='ocrx_word' id='word_1_924' title='bbox 3089 5695 3186 5750; x_wconf 91' lang='lat' dir='ltr'><strong>pro</strong></span> <span class='ocrx_word' id='word_1_925' title='bbox 3229 5681 3313 5747; x_wconf 84' lang='lat' dir='ltr'><strong>iis,</strong></span> <span class='ocrx_word' id='word_1_926' title='bbox 3339 5680 3433 5751; x_wconf 87' lang='lat' dir='ltr'><strong>qui</strong></span> 
     </span>
    </p>
   </div>
   <div class='ocr_carea' id='block_1_121' title="bbox 1867 5773 3434 5849">
    <p class='ocr_par' dir='ltr' id='par_1_121' title="bbox 1867 5773 3434 5849">
     <span class='ocr_line' id='line_1_121' title="bbox 1867 5773 3434 5849; baseline -0.004 -15"><span class='ocrx_word' id='word_1_927' title='bbox 1867 5778 2019 5834; x_wconf 87' lang='lat' dir='ltr'><strong>nobis</strong></span> <span class='ocrx_word' id='word_1_928' title='bbox 2044 5776 2287 5849; x_wconf 89' lang='lat' dir='ltr'><strong>injuriam</strong></span> <span class='ocrx_word' id='word_1_929' title='bbox 2307 5773 2559 5845; x_wconf 87' lang='lat' dir='ltr'><strong>inferunt,</strong></span> <span class='ocrx_word' id='word_1_930' title='bbox 2587 5773 2953 5832; x_wconf 82' lang='lat' dir='ltr'><strong>vehementius</strong></span> <span class='ocrx_word' id='word_1_931' title='bbox 2974 5786 3249 5844; x_wconf 83' lang='lat' dir='ltr'><strong>angamur,</strong></span> <span class='ocrx_word' id='word_1_932' title='bbox 3272 5785 3434 5844; x_wconf 72' lang='lat' dir='ltr'><strong>quam</strong></span> 
     </span>
    </p>
   </div>
   <div class='ocr_carea' id='block_1_122' title="bbox 4041 80 4477 3901">
    <p class='ocr_par' dir='ltr' id='par_1_122' title="bbox 4050 87 4467 3827">
     <span class='ocr_line' id='line_1_122' title="bbox 4050 87 4452 148; baseline -0.027 -8"><span class='ocrx_word' id='word_1_933' title='bbox 4050 88 4118 145; x_wconf 65' lang='grc' dir='ltr'><strong>ι·</strong></span> <span class='ocrx_word' id='word_1_934' title='bbox 4157 87 4274 142; x_wconf 32' lang='lat' dir='ltr'><strong>“tu?</strong></span> 
     </span>
     <span class='ocr_line' id='line_1_123' title="bbox 4050 137 4452 235; baseline -0.037 -6"><span class='ocrx_word' id='word_1_935' title='bbox 4329 213 4332 218; x_wconf 87' lang='lat'><strong>.</strong></span> <span class='ocrx_word' id='word_1_936' title='bbox 4447 149 4452 154; x_wconf 82' lang='lat'><strong><em>&#39;</em></strong></span> 
     </span>
     <span class='ocr_line' id='line_1_124' title="bbox 4050 225 4280 352; baseline -0.017 -47"><span class='ocrx_word' id='word_1_937' title='bbox 4183 225 4280 352; x_wconf 51' lang='lat' dir='ltr'><strong>si]</strong></span> 
     </span>
     <span class='ocr_line' id='line_1_125' title="bbox 4050 293 4458 412; baseline 0.002 -1"><span class='ocrx_word' id='word_1_938' title='bbox 4050 293 4130 412; x_wconf 54' lang='grc' dir='ltr'><strong>ἦ,</strong></span> 
     </span>
     <span class='ocr_line' id='line_1_126' title="bbox 4054 410 4278 448; baseline -0.022 -19"><span class='ocrx_word' id='word_1_939' title='bbox 4054 410 4099 431; x_wconf 60' lang='grc' dir='ltr'><strong>σε</strong></span> <span class='ocrx_word' id='word_1_940' title='bbox 4183 417 4190 434; x_wconf 68' lang='grc' dir='ltr'>ι</span> <span class='ocrx_word' id='word_1_941' title='bbox 4219 411 4248 444; x_wconf 42' lang='grc'><strong>1⁵-</strong></span> <span class='ocrx_word' id='word_1_942' title='bbox 4271 435 4278 448; x_wconf 40' lang='grc' dir='ltr'><strong>ι</strong></span> 
     </span>
     <span class='ocr_line' id='line_1_127' title="bbox 4079 569 4462 608; baseline -0.026 -8"><span class='ocrx_word' id='word_1_943' title='bbox 4079 579 4100 600; x_wconf 75' lang='lat' dir='ltr'><strong>&#39;i.</strong></span> <span class='ocrx_word' id='word_1_944' title='bbox 4138 590 4141 595; x_wconf 67' lang='grc' dir='ltr'>ι</span> <span class='ocrx_word' id='word_1_945' title='bbox 4459 587 4462 590; x_wconf 95' lang='grc'>.</span> 
     </span>
     <span class='ocr_line' id='line_1_128' title="bbox 4058 728 4466 789; baseline -0.022 1"><span class='ocrx_word' id='word_1_946' title='bbox 4058 728 4182 789; x_wconf 53' lang='lat' dir='ltr'><strong>‘ilm</strong></span> <span class='ocrx_word' id='word_1_947' title='bbox 4235 749 4250 786; x_wconf 67' lang='lat' dir='ltr'><strong>is</strong></span> <span class='ocrx_word' id='word_1_948' title='bbox 4461 781 4466 784; x_wconf 96' lang='lat'><em>_</em></span> 
     </span>
     <span class='ocr_line' id='line_1_129' title="bbox 4058 800 4284 939; baseline -0.035 -15"><span class='ocrx_word' id='word_1_949' title='bbox 4058 800 4121 939; x_wconf 37' lang='lat' dir='ltr'><strong>ﬁgi</strong></span> 
     </span>
     <span class='ocr_line' id='line_1_130' title="bbox 4058 919 4284 1037; baseline -0.027 -23"><span class='ocrx_word' id='word_1_950' title='bbox 4058 919 4284 1037; x_wconf 56' lang='grc' dir='ltr'>..ξιξ</span> 
     </span>
     <span class='ocr_line' id='line_1_131' title="bbox 4064 1163 4286 1200; baseline -0.032 2"><span class='ocrx_word' id='word_1_951' title='bbox 4064 1164 4093 1195; x_wconf 62' lang='grc' dir='ltr'><strong><em>ἀ</em></strong></span> <span class='ocrx_word' id='word_1_952' title='bbox 4125 1173 4162 1200; x_wconf 89' lang='lat'><strong>:-</strong></span> <span class='ocrx_word' id='word_1_953' title='bbox 4239 1163 4286 1198; x_wconf 67' lang='lat' dir='ltr'><strong>si</strong></span> 
     </span>
     <span class='ocr_line' id='line_1_132' title="bbox 4062 1155 4324 1322; baseline 0 -43"><span class='ocrx_word' id='word_1_954' title='bbox 4062 1155 4324 1322; x_wconf 49' lang='grc' dir='ltr'><strong>ἐξ·</strong></span> 
     </span>
     <span class='ocr_line' id='line_1_133' title="bbox 4064 1272 4286 1311; baseline -0.032 -4"><span class='ocrx_word' id='word_1_955' title='bbox 4064 1286 4099 1307; x_wconf 70' lang='grc' dir='ltr'><strong>Γι</strong></span> <span class='ocrx_word' id='word_1_956' title='bbox 4158 1272 4165 1311; x_wconf 59' lang='grc' dir='ltr'><em>ἲ</em></span> <span class='ocrx_word' id='word_1_957' title='bbox 4251 1281 4286 1292; x_wconf 94' lang='grc'><strong>·-</strong></span> 
     </span>
     <span class='ocr_line' id='line_1_134' title="bbox 4064 1264 4294 1477; baseline -0.039 -74"><span class='ocrx_word' id='word_1_958' title='bbox 4150 1293 4294 1438; x_wconf 55' lang='lat' dir='ltr'><strong>iii</strong></span> 
     </span>
     <span class='ocr_line' id='line_1_135' title="bbox 4066 1457 4440 1594; baseline -0.021 -32"><span class='ocrx_word' id='word_1_959' title='bbox 4066 1496 4113 1563; x_wconf 59' lang='grc' dir='ltr'><strong>ξιξ</strong></span> <span class='ocrx_word' id='word_1_960' title='bbox 4146 1498 4205 1569; x_wconf 34' lang='lat' dir='ltr'><strong>si.</strong></span> <span class='ocrx_word' id='word_1_961' title='bbox 4413 1507 4440 1554; x_wconf 87' lang='lat'><strong>&#39;_</strong></span> 
     </span>
     <span class='ocr_line' id='line_1_136' title="bbox 4068 1566 4266 1615; baseline -0.015 -1"><span class='ocrx_word' id='word_1_962' title='bbox 4068 1566 4115 1615; x_wconf 51' lang='grc' dir='ltr'><strong>κη</strong></span> <span class='ocrx_word' id='word_1_963' title='bbox 4213 1581 4216 1594; x_wconf 77' lang='grc' dir='ltr'><strong>ε</strong></span> 
     </span>
     <span class='ocr_line' id='line_1_137' title="bbox 4068 1561 4424 1712; baseline 0 -22"><span class='ocrx_word' id='word_1_964' title='bbox 4068 1620 4115 1689; x_wconf 46' lang='grc' dir='ltr'><strong>Ὑί</strong></span> <span class='ocrx_word' id='word_1_965' title='bbox 4152 1616 4171 1691; x_wconf 61' lang='grc' dir='ltr'><strong><em>ὲ</em></strong></span> <span class='ocrx_word' id='word_1_966' title='bbox 4417 1655 4424 1658; x_wconf 94' lang='grc'>·</span> 
     </span>
     <span class='ocr_line' id='line_1_138' title="bbox 4070 1694 4422 1753; baseline -0.034 2"><span class='ocrx_word' id='word_1_967' title='bbox 4070 1694 4185 1753; x_wconf 45' lang='grc' dir='ltr'><strong>Τ.</strong></span> <span class='ocrx_word' id='word_1_968' title='bbox 4229 1695 4296 1750; x_wconf 47' lang='grc' dir='ltr'><strong>ἐς</strong></span> <span class='ocrx_word' id='word_1_969' title='bbox 4323 1729 4332 1744; x_wconf 69' lang='grc' dir='ltr'>ς</span> <span class='ocrx_word' id='word_1_970' title='bbox 4415 1701 4422 1752; x_wconf 71' lang='grc' dir='ltr'>Ξ</span> 
     </span>
     <span class='ocr_line' id='line_1_139' title="bbox 4070 1743 4424 1862; baseline -0.028 -38"><span class='ocrx_word' id='word_1_971' title='bbox 4070 1743 4334 1862; x_wconf 36' lang='lat' dir='ltr'><strong>iiii</strong></span> <span class='ocrx_word' id='word_1_972' title='bbox 4415 1765 4424 1804; x_wconf 60' lang='grc' dir='ltr'>έ</span> 
     </span>
     <span class='ocr_line' id='line_1_140' title="bbox 4070 1807 4428 1925; baseline -0.042 -34"><span class='ocrx_word' id='word_1_973' title='bbox 4070 1820 4340 1925; x_wconf 49' lang='lat' dir='ltr'><strong>Mr;</strong></span> <span class='ocrx_word' id='word_1_974' title='bbox 4415 1807 4428 1860; x_wconf 71' lang='grc' dir='ltr'><strong>ἒ</strong></span> 
     </span>
     <span class='ocr_line' id='line_1_141' title="bbox 4070 1865 4426 1940; baseline -0.011 -2"><span class='ocrx_word' id='word_1_975' title='bbox 4070 1884 4201 1937; x_wconf 43' lang='grc' dir='ltr'><strong>λεν</strong></span> <span class='ocrx_word' id='word_1_976' title='bbox 4241 1865 4266 1938; x_wconf 47' lang='grc' dir='ltr'><em>ᾗ</em></span> <span class='ocrx_word' id='word_1_977' title='bbox 4315 1911 4338 1918; x_wconf 97' lang='grc'><strong>--</strong></span> 
     </span>
     <span class='ocr_line' id='line_1_142' title="bbox 4070 1927 4462 2072; baseline -0.036 -47"><span class='ocrx_word' id='word_1_978' title='bbox 4070 1928 4207 2031; x_wconf 43' lang='lat' dir='ltr'><strong>«siti?</strong></span> <span class='ocrx_word' id='word_1_979' title='bbox 4239 1927 4293 2072; x_wconf 34' lang='grc' dir='ltr'>ξ</span> <span class='ocrx_word' id='word_1_980' title='bbox 4379 1997 4382 2000; x_wconf 86' lang='grc'>.</span> 
     </span>
     <span class='ocr_line' id='line_1_143' title="bbox 4074 2151 4464 2267; baseline -0.018 -12"><span class='ocrx_word' id='word_1_981' title='bbox 4074 2174 4360 2267; x_wconf 48' lang='grc' dir='ltr'><strong>ςεὲίῗίτ</strong></span> 
     </span>
     <span class='ocr_line' id='line_1_144' title="bbox 4110 2306 4466 2393; baseline -0.028 -9"><span class='ocrx_word' id='word_1_982' title='bbox 4110 2334 4177 2383; x_wconf 68' lang='lat' dir='ltr'><strong>“ﬁ</strong></span> <span class='ocrx_word' id='word_1_983' title='bbox 4433 2333 4466 2384; x_wconf 52' lang='grc' dir='ltr'><strong>,ξ</strong></span> 
     </span>
     <span class='ocr_line' id='line_1_145' title="bbox 4076 2384 4466 2452; baseline -0.026 4"><span class='ocrx_word' id='word_1_984' title='bbox 4076 2416 4077 2423; x_wconf 87' lang='lat'>‘</span> <span class='ocrx_word' id='word_1_985' title='bbox 4098 2384 4121 2437; x_wconf 31' lang='grc' dir='ltr'><strong>’ἦ</strong></span> <span class='ocrx_word' id='word_1_986' title='bbox 4138 2384 4147 2421; x_wconf 51' lang='grc' dir='ltr'>ί</span> <span class='ocrx_word' id='word_1_987' title='bbox 4166 2384 4309 2451; x_wconf 42' lang='grc' dir='ltr'><strong>ξ’θ’ήῖ</strong></span> 
     </span>
     <span class='ocr_line' id='line_1_146' title="bbox 4092 2418 4467 2523; baseline -0.013 -32"><span class='ocrx_word' id='word_1_988' title='bbox 4146 2470 4153 2491; x_wconf 62' lang='grc' dir='ltr'><strong>ί</strong></span> <span class='ocrx_word' id='word_1_989' title='bbox 4460 2454 4467 2487; x_wconf 65' lang='grc' dir='ltr'><strong>ἰ</strong></span> 
     </span>
     <span class='ocr_line' id='line_1_147' title="bbox 4098 2644 4465 2771; baseline 0.008 -27"><span class='ocrx_word' id='word_1_990' title='bbox 4098 2644 4465 2771; x_wconf 48' lang='grc' dir='ltr'><strong>ίξεὲτ-εξέηέι</strong></span> 
     </span>
     <span class='ocr_line' id='line_1_148' title="bbox 4080 2735 4467 2817; baseline -0.039 -30"><span class='ocrx_word' id='word_1_991' title='bbox 4154 2746 4181 2793; x_wconf 42' lang='grc' dir='ltr'><strong>ζλ</strong></span> <span class='ocrx_word' id='word_1_992' title='bbox 4206 2768 4249 2789; x_wconf 56' lang='grc' dir='ltr'><strong>μ,</strong></span> <span class='ocrx_word' id='word_1_993' title='bbox 4276 2748 4295 2817; x_wconf 58' lang='grc' dir='ltr'>Ξ</span> 
     </span>
     <span class='ocr_line' id='line_1_149' title="bbox 4100 2769 4467 2996; baseline -0.022 -114"><span class='ocrx_word' id='word_1_994' title='bbox 4208 2769 4467 2996; x_wconf 54' lang='lat' dir='ltr'><strong>is</strong></span> 
     </span>
     <span class='ocr_line' id='line_1_150' title="bbox 4118 2874 4447 2914; baseline -0.024 -6"><span class='ocrx_word' id='word_1_995' title='bbox 4118 2880 4163 2913; x_wconf 52' lang='lat' dir='ltr'><strong>‘fg</strong></span> <span class='ocrx_word' id='word_1_996' title='bbox 4192 2878 4253 2907; x_wconf 66' lang='grc' dir='ltr'><strong>,ῘἽ</strong></span> <span class='ocrx_word' id='word_1_997' title='bbox 4306 2874 4339 2909; x_wconf 24' lang='grc' dir='ltr'><strong>νβξ</strong></span> 
     </span>
     <span class='ocr_line' id='line_1_151' title="bbox 4088 2860 4465 2977; baseline 0.003 -57"><span class='ocrx_word' id='word_1_998' title='bbox 4088 2916 4115 2943; x_wconf 33' lang='grc' dir='ltr'><strong>,λ</strong></span> 
     </span>
     <span class='ocr_line' id='line_1_152' title="bbox 4152 2974 4451 3017; baseline -0.013 -4"><span class='ocrx_word' id='word_1_999' title='bbox 4152 2980 4161 3013; x_wconf 86' lang='lat' dir='ltr'><strong>t</strong></span> <span class='ocrx_word' id='word_1_1000' title='bbox 4236 2974 4393 3017; x_wconf 20' lang='lat' dir='ltr'><strong>f5}???</strong></span> <span class='ocrx_word' id='word_1_1001' title='bbox 4446 2994 4451 3009; x_wconf 59' lang='grc' dir='ltr'><strong> </strong></span> 
     </span>
     <span class='ocr_line' id='line_1_153' title="bbox 4082 3086 4451 3197; baseline 0.011 -30"><span class='ocrx_word' id='word_1_1002' title='bbox 4082 3104 4125 3175; x_wconf 54' lang='grc' dir='ltr'><strong>[ὃ</strong></span> <span class='ocrx_word' id='word_1_1003' title='bbox 4148 3112 4193 3175; x_wconf 54' lang='grc' dir='ltr'><strong>ζ”ἱ</strong></span> <span class='ocrx_word' id='word_1_1004' title='bbox 4226 3086 4451 3197; x_wconf 39' lang='grc' dir='ltr'><strong>ᾖξε</strong></span> 
     </span>
     <span class='ocr_line' id='line_1_154' title="bbox 4081 3176 4425 3229; baseline -0.023 -9"><span class='ocrx_word' id='word_1_1005' title='bbox 4081 3176 4161 3221; x_wconf 70' lang='grc' dir='ltr'><strong>Ι“ῑ</strong></span> 
     </span>
     <span class='ocr_line' id='line_1_155' title="bbox 4082 3220 4455 3331; baseline -0.062 -19"><span class='ocrx_word' id='word_1_1006' title='bbox 4150 3230 4163 3271; x_wconf 38' lang='grc' dir='ltr'><em>λ</em></span> <span class='ocrx_word' id='word_1_1007' title='bbox 4188 3290 4193 3309; x_wconf 44' lang='grc' dir='ltr'>έ</span> <span class='ocrx_word' id='word_1_1008' title='bbox 4218 3220 4427 3331; x_wconf 46' lang='grc' dir='ltr'><strong>ᾆξ’ᾝέ</strong></span> 
     </span>
     <span class='ocr_line' id='line_1_156' title="bbox 4083 3304 4467 3425; baseline -0.026 -32"><span class='ocrx_word' id='word_1_1009' title='bbox 4083 3308 4181 3383; x_wconf 61' lang='grc' dir='ltr'><strong>*ἐι</strong></span> 
     </span>
     <span class='ocr_line' id='line_1_157' title="bbox 4086 3474 4441 3593; baseline -0.02 -27"><span class='ocrx_word' id='word_1_1010' title='bbox 4086 3492 4195 3593; x_wconf 53' lang='grc' dir='ltr'>ῳ</span> 
     </span>
     <span class='ocr_line' id='line_1_158' title="bbox 4204 3514 4431 3611; baseline -0.018 -6"><span class='ocrx_word' id='word_1_1011' title='bbox 4204 3514 4431 3611; x_wconf 34' lang='lat' dir='ltr'><strong>«sil—Li</strong></span> 
     </span>
     <span class='ocr_line' id='line_1_159' title="bbox 4102 3570 4457 3745; baseline -0.13 6"><span class='ocrx_word' id='word_1_1012' title='bbox 4102 3570 4429 3745; x_wconf 39' lang='grc' dir='ltr'><strong>ἓὲέὶξῗῧ</strong></span> 
     </span>
     <span class='ocr_line' id='line_1_160' title="bbox 4216 3790 4433 3827; baseline -0.023 -6"><span class='ocrx_word' id='word_1_1013' title='bbox 4216 3790 4307 3819; x_wconf 52' lang='grc' dir='ltr'><strong>λίτ-ητ</strong></span> <span class='ocrx_word' id='word_1_1014' title='bbox 4340 3792 4385 3825; x_wconf 61' lang='lat'><strong>:,~_</strong></span> <span class='ocrx_word' id='word_1_1015' title='bbox 4426 3800 4433 3827; x_wconf 58' lang='lat'>;</span> 
     </span>
    </p>
   </div>
  </div>
