4568 6424
875 342 977 399 r55
1542 339 1602 396 s.
1638 334 1915 395 JOANNIS
1950 325 2423 391 mntsosroin
2461 323 2778 382 menter.-
2811 325 3340 387 cousrauuxor.
4041 332 4151 384 sas

871 458 948 508 nti
979 454 1081 524 ipsi
1110 472 1130 509 :
1159 452 1540 510 detrimentum
1580 449 1727 507 enim
1777 447 1845 503 ad
1888 445 2013 501 illos
2054 442 2265 497 transit.
2296 437 2448 494 Sicut

870 547 1012 599 enim
1039 545 1129 616 qui
1148 545 1333 617 clavos
1355 537 1603 607 calcibus?
1620 536 2203 614 lmpetnnt,oltumquev
2213 524 2447 600 sapiunt,

874 612 1182 704 huiusmodi
1206 612 1427 693 iuraris"
1443 644 1576 703 ergo
1600 627 2069 686 commiseratione
2106 640 2171 681 ac
2194 612 2454 695 laorymis

871 726 1018 796 digni
1046 735 1211 783 sunt:
1241 724 1436 782 eodem
1470 720 1646 777 .modo
1668 720 1758 791 qui
1799 734 1893 775 eos
1935 716 2156 781 laedunt,
2185 728 2216 769 a
2254 713 2450 785 quibus

872 818 1010 873 nihil
1028 818 1247 888 injuria:
1272 815 1599 885 acceperunt
1619 854 1636 879 ,
1670 811 1850 867 multis
1873 808 2123 865 lamentis
2147 821 2212 862 ac
2237 804 2452 861 lletibus

874 910 1069 975 potius,
1102 900 1748 978 quam'exseerationibus
1767 901 1909 972 digni
1936 906 2084 965 sunt,
2113 906 2172 953 ut
2196 897 2289 969 qui
2328 902 2457 951 suas

875 997 1092 1067 ipsimet
1134 997 1345 1053 animas
1384 988 1613 1050 feriant-
1650 992 1791 1049 Nihil
1835 991 1987 1047 enim
2021 987 2332 1046 sceleratius
2372 992 2457 1040 est

873 1086 1052 1141 anima
1081 1086 1277 1139 malum
1305 1084 1654 1155 imprecatus,
1694 1080 2083 1151 nce'impurius
2108 1078 2285 1149 llngua
2303 1119 2321 1143 ,
2350 1074 2453 1130 bu-

870 1170 1701 1259 iusmdisacrindaolferente.
1745 1166 1916 1259 Βοηιο
1956 1185 2056 1236 es;
2096 1184 2164 1224 ne
2209 1166 2461 1237 aspidem

874 1263 1022 1322 vius
1036 1258 1266 1320 mm
1290 1280 1316 1318 :
1341 1263 1513 1320 bona
1530 1276 1637 1330 iis";
1659 1258 1930 1317 ne'bellua
1962 1259 2078 1313 tias.
2122 1256 2251 1311 ideo
2278 1270 2341 1310 os
2363 1254 2456 1310 tibi

869 1353 1055 1411 datum
1075 1362 1191 1421 est,
1216 1367 1327 1408 non
1341 1361 1419 1408 ἰιι
1441 1349 1725 1417 maidens,
1754 1348 1848 1405 sed
1872 1357 1935 1403 ut
1961 1348 2186 1413 aliorum
2209 1344 2454 1401 vulneri-

871 1445 971 1499 bus
998 1445 1293 1501 medearis.
1311 1442 1623 1503 Recordare
1662 1440 1792 1511 quid
1830 1438 1927 1494 tibi
1972 1435 2457 1509 praceperim..in-

870 1538 986 1607 quit
1017 1538 1182 1601 Dens,
1212 1536 1489 1592 remittere
1527 1548 1726 1604 nempe
1763 1546 1826 1587 ac
1858 1530 2191 1586 condonare.
2220 1525 2303 1584 'l'u
2331 1540 2460 1583 vero

871 1641 960 1683 nie
987 1627 1264 1693 obsecras,
1292 1639 1349 1683 ut
1374 1626 1579 1686 socium
1611 1637 1715 1685 .me
1758 1622 1856 1678 tibi
1884 1621 1951 1679 ad
1992 1609 2282 1677 evertenda
2313 1633 2460 1689 prte-

871 1729 1029 1790 cepta
1075 1724 1198 1777 mea
1240 1716 1550 1790 adiungam,
1579 1726 1644 1772 at:
1671 1714 1891 1771 lratrem
1916 1711 2160 1769 corrodls
2178 1753 2195 1778 ,
2222 1711 2458 1782 linguam

871 1820 1150 1876 cntentas,
1211 1823 1318 1866 non
1369 1823 1527 1864 secus
1573 1821 1639 1863 ac
1689 1800 1873 1860 furiosi
1932 1804 2161 1874 propriis
2204 1801 2459 1856 carnibus

874 1900 1063 1955 dentes
1111 1914 1308 1955 cruore
1349 1897 1697 1966 perlitndunt.
1743 1895 1951 1960 Quanta
1994 1890 2269 1946 diabolum
2296 1888 2453 1943 voln-

2294 2089 2625 2153 HCM'ILIA
2672 2095 2779 2158 Vl.

873 2242 1001 2301 CAP.
1028 2243 1081 2298 3.
1119 2257 1172 2295 ν.
1204 2242 1256 2297 Ι.
1284 2238 1571 2307 Iacipintas
1610 2236 1797 2290 iterans
1834 2232 2164 2302 nosmetipsos
2190 2243 2449 2288 continett-

942 2331 1110 2388 dare?
1149 2341 1237 2385 aut
1265 2331 1508 2398 numquid
1532 2326 1753 2399 saeuius,
1791 2324 1919 2379 sicut
1940 2323 2171 2393 quidam,
2197 2337 2456 2376 commen-

946 2423 1138 2478 datitiis
1163 2420 1387 2492 epistolis
1412 2421 1482 2481 ad
1505 2436 1612 2485 Ws,
1644 2427 1733 2475 aut
1752 2415 2015 2475 cavebis?

951 2513 1004 2567 l.
1033 2509 1187 2579 Quod
1216 2510 1453 2578 laturum
1481 2517 1618 2578 erat,
1646 2516 1705 2562 ut
1735 2507 1835 2574 ipsi
1864 2506 1934 2564 ab
1962 2504 2081 2557 aliis
2110 2502 2458 2571 objiceretur,

877 2619 1069 2676 itempe
1088 2603 1229 2675 quod
1254 2604 1489 2672 seipsum
1519 2598 1788 2655 attolleret
1812 2639 1824 2662 ,
1853 2594 1958 2649 hoc
1980 2606 2099 2662 ipse
2125 2600 2464 2647 antevertens

878 2694 1097 2765 posuit:
1125 2692 1371 2763 quamvis
1398 2689 1557 2745 etiam
1586 2696 1729 2743 tanta
1758 2683 2162 2756 prmmonitione
2187 2689 2310 2736 ante
2336 2692 2464 2736 usus

879 2785 1097 2847 luisset.
1123 2798 1187 2838 ac
1211 2782 1474 2846 dixisset:
1507 2778 1574 2833 Et
1598 2778 1668 2833 ad
1697 2778 1804 2833 hac
1840 2777 1951 2845 quis
1978 2776 2191 2829 idoneas
2230 2783 2302 2828 est
2322 2773 2348 2826 2
2386 2780 2460 2838 et,

881 2874 1275 2943 Easinceritate
1300 2871 1588 2939 loquimur,-
1620 2869 1715 2925 sed
1746 2877 1923 2925 tamen
1954 2866 2070 2920 haec
2108 2864 2210 2934 ipsi
2244 2862 2465 2918 minime

882 2964 1175 3029 suﬂicittnt.
1207 2963 1281 3020 Ea
1308 2960 1454 3017 enim
1482 2960 1649 3028 ipsius
1677 2954 2015 3014 consuetudo
2050 2963 2133 3011 est
2160 2972 2177 3007 :
2206 2962 2266 3009 ut
2310 2953 2466 3023 longe

882 3060 1042 3123 absit,
1071 3064 1128 3111 ut
1153 3052 1341 3123 magni?
1355 3050 1633 3123 quidpiam
1670 3046 1740 3103 de
1767 3061 1828 3102 se
1857 3046 2039 3103 dicere
2073 3045 2340 3110 videatur,
2362 3058 2463 3100 ve-

887 3133 1275 3212 hementerque
1306 3148 1480 3213 atque
1532 3137 1902 3209 incredibilem
1929 3136 2226 3208 quemdam.
2260 3136 2315 3201 in
2346 3150 2464 3191 mo-

888 3236 1012 3297 dum
1060 3234 1077 3289 i
1112 3232 1205 3289 tud
1238 3232 1391 3303 fugit.
1436 3229 1519 3287 ’l‘u
1565 3244 1697 3285 vero
1724 3227 1849 3284 hinc
1888 3241 2099 3297 quoque
2138 3226 2466 3297 singularem

887 3323 1054 3396 ipsius
1088 3322 1407 3395 sapientiam
1432 3317 1820 3389 animadverte.
1850 3316 1984 3370 Rem
2025 3316 2195 3379 enim,
2224 3328 2345 3382 qua:
2376 3312 2471 3365 tri-

887 3418 1046 3475 stitiae
1075 3416 1307 3486 Speciem
1333 3414 1513 3479 habet,
1544 3410 1648 3465 hoc
1668 3418 1750 3465 est
1774 3408 2112 3470 alllictiones,
2140 3418 2309 3475 usque
2333 3402 2469 3456 adeo

889 3505 1097 3572 extulit,
1123 3520 1189 3561 ac
1213 3502 1539 3559 luculentum
1562 3510 1614 3555 et
1636 3499 1897 3554 illustrem
1920 3510 2038 3555 rem
2066 3508 2189 3549 esse
2208 3490 2467 3558 ostendit,

892 3610 951 3655 nt
986 3614 1055 3655 ea
1086 3598 1188 3662 his,
1219 3609 1339 3664 quae
1383 3592 1612 3657 dixerat,
1660 3590 1776 3644 haec
1806 3588 1856 3643 ei
1898 3586 2129 3657 ebjcctio
2166 3581 2470 3639 emerserit.

893 3688 1045 3758 Quod
1092 3687 1254 3741 etiam
1300 3687 1354 3738 in
1395 3683 1635 3752 epistolae
1676 3682 1782 3737 line
1814 3679 1958 3734 facit.
2002 3677 2292 3748 Postquam
2328 3672 2471 3730 enim

894 3786 1171 3841 innumera
1221 3776 1480 3849 pericula,
1523 3772 1898 3835 contumelias,
1943 3770 2262 3831 auxietates,
2307 3779 2474 3834 angu-

896 3873 1045 3933 Stias.
1072 3884 1137 3926 ac
1171 3877 1366 3933 caetera
1394 3863 1659 3938 ejusmodi
1690 3860 1979 3931 recensuit,
2008 3857 2125 3913 btec
2153 3856 2318 3911 verba
2349 3870 2475 3910 mox

895 3962 1172 4033 subiunxit
1202 3976 1215 4013 :
1246 3958 1368 4013 Non
1387 3957 1627 4026 nosipsos
1653 3952 2089 4017 contntentlamus,
2120 3948 2209 4005 sed
2250 3948 2477 4001 occasio-

897 4070 1015 4117 trem
1060 4051 1197 4109 vobis
1230 4050 1431 4121 damas
1461 4047 1717 4121 gloriandi
1761 4045 1835 4118 (2.
1884 4042 2002 4099 Cor.
2046 4041 2264 4113 3.19.).
2303 4039 2478 4109 Atque

900 4144 1040 4203 istud
1082 4157 1296 4214 quoque
1344 4154 1529 4196 rursus
1574 4139 1685 4195 illic
1729 4139 2100 4205 vehementer,
2148 4143 2311 4203 atque
2351 4145 2475 4186 cum

900 4237 1101 4309 majori.
1116 4234 1481 4292 consolatione
1506 4231 1674 4300 ponit.
1707 4228 1914 4285 Etenim
1942 4226 2029 4281 hic
2054 4225 2293 4279 caritatis
2319 4221 2479 4278 verba

901 4336 1026 4385 sunt
1055 4346 1070 4382 ε
1099 4328 1197 4381 Aut
1225 4322 1469 4398 numquid
1494 4336 1715 4392 egenuts,
1744 4319 1874 4373 sicut
1897 4316 2127 4387 quidam,
2159 4313 2481 4371 commenda—

901 4420 1025 4473 titiis
1051 4415 1451 4490 ιρὶιιοιὶιέ-ἰιιὶε
1475 4422 1653 4468 autem
1682 4408 1989 4468 necessario
2024 4421 2155 4462 sane
2190 4421 2257 4461 ac
2283 4405 2483 4459 utiliter

904 4524 1066 4568 sensu
1111 4518 1167 4563 et
1213 4505 1391 4561 animo
1420 4504 1574 4576 plena
1615 4510 1741 4558 sunt
1778 4515 1899 4572 qute
1941 4496 2111 4552 dicit:
2144 4496 2265 4556 Non
2310 4497 2480 4559 enim,

906 4600 1099 4668 inquit,
1128 4613 1301 4652 rursus
1323 4612 1414 4649 nos
1438 4593 1867 4658 commendamus,
1894 4590 1983 4646 sed
2007 4589 2321 4644 occasionem
2344 4587 2483 4641 vobis

907 4692 1090 4747 alamus
1114 4688 1410 4761 gloriandi;
1447 4702 1510 4741 ac
1549 4701 1754 4749 rursus,
1791 4684 1986 4738 Putatis
2023 4684 2158 4753 quod
2186 4682 2321 4735 nobis
2364 4695 2486 4734 nos-

908 4784 1046 4849 ipsos
1088 4779 1416 4835 excusemus?
1461 4776 1643 4833 Coram
1698 4774 1802 4829 Deo
1850 4775 1905 4829 in
1951 4772 2153 4832 Clu-isto
2206 4774 2483 4841 loquimur.

910 4872 1085 4931 Timeo
1105 4881 1276 4926 autem
1304 4887 1366 4926 ne
1394 4874 1542 4941 forte,
1577 4884 1692 4923 cum
1710 4882 1916 4932 venero,
1940 4882 2039 4920 non
2067 4866 2239 4934 quales
2263 4864 2374 4918 volo
2403 4862 2485 4915 in-

910 4968 1111 5022 veniam
1132 4981 1241 5024 eos.
1283 4972 1332 5017 et
1371 4979 1462 5032 ego
1488 4961 1716 5015 inveniar
1742 4977 1773 5013 a
1812 4958 1950 5013 vobis
1980 4958 2177 5030 qualem
2207 4973 2307 5010 non
2337 4955 2487 5009 stultis

909 5058 993 5128 (8.
1024 5056 1142 5113 Cor.
1177 5054 1385 5111 ιλιι.
1418 5052 1535 5123 20).
1578 5051 1856 5120 Siquidem
1888 5065 1958 5104 ne
1996 5048 2319 5103 adulationis
2366 5046 2485 5114 opi-

916 5151 1132 5210 nionem
1163 5148 1371 5209 subeat.
1400 5156 1458 5201 ut
1483 5147 1574 5215 qui
1600 5144 1857 5199 honorem
1887 5142 1955 5202 ab
1985 5142 2114 5211 ipsis
2150 5141 2373 5204 ambiat,
2407 5138 2491 5195 his

913 5240 1091 5297 verbis
1116 5238 1283 5293 utitur
1310 5253 1324 5291 :
1353 5234 1525 5289 Timeo
1556 5249 1618 5287 ne
1644 5234 1793 5301 forte,
1822 5247 1936 5285 cunt
1968 5246 2169 5294 venero,
2197 5246 2295 5283 non
2310 5231 2492 5299 quales

917 5335 1030 5389 volo
1056 5328 1305 5383 inveniam
1345 5342 1451 5391 nos,
1482 5334 1528 5379 et
1554 5338 1643 5393 ego
1681 5323 1906 5375 inveniar
1941 5338 1974 5374 a
2003 5321 2142 5374 nobis
2170 5322 2367 5389 qualem
2393 5334 2492 5370 non

917 5418 1085 5473 sultis.
1120 5417 1318 5471 Verum
1348 5416 1462 5469 [nec
1486 5411 1700 5482 quidem
1727 5425 1833 5466 non
1860 5410 1979 5469 sine
2009 5408 2175 5463 multa
2205 5409 2494 5479 reprehen-

917 5508 1104 5572 sione;
1131 5508 1281 5561 initio
1310 5514 1485 5560 autem
1516 5519 1620 5558 non
1653 5504 1745 5567 ita,
1777 5501 1868 5556 sed
1896 5501 2091 5556 mitiori
2118 5515 2363 5556 sermone
2391 5498 2495 5552 uti.

918 5611 1025 5657 tur.
1050 5598 1315 5668 Quidnam
1347 5605 1525 5651 autem
1555 5595 1638 5649 his
1665 5593 1842 5648 verbis
1880 5592 1983 5647 sibi
2013 5590 2167 5647 vult?
2206 5592 2280 5647 De
2317 5600 2493 5647 tenta-

923 5693 1159 5756 tionibus
1197 5703 1259 5746 ac
1286 5686 1535 5760 periculis
1561 5685 1812 5744 loquutus
1841 5690 1943 5754 est,
1970 5682 2216 5754 quodque
2243 5682 2436 5751 ubique
2465 5694 2494 5738 a

2558 443 2701 505 ptate
2748 435 2906 500 allici,
2946 447 3147 509 quanto
3182 439 3295 495 risu
3336 440 3641 510 existimas,
3688 455 3814 497 cum
3857 441 4143 512 eiusnodi

2553 540 2743 597 preces
2770 528 2955 583 auditi
3011 545 3170 603 quam
3222 532 3386 587 Deum
3442 534 3625 602 irasci,
3680 541 3841 605 teque
3889 538 4139 591 aversari

2555 625 2715 688 atque
2739 618 2939 685 odisse,
2967 632 3089 675 cum
3121 620 3244 674 talia
3271 622 3469 692 rogas?
3497 638 3605 694 quo
3624 625 3749 695 quid
3768 625 3987 695 gravius
4016 637 4146 682 esse

2553 708 2754 777 queat?
2783 708 2915 763 Nam
2941 709 2986 764 si
3014 709 3160 765 nefas
3183 718 3268 767 est
3309 714 3432 767 eum
3470 712 3539 768 ad
3563 715 3819 785 mysteria
3842 716 4132 780 accedere,

2557 797 2646 865 qui
2690 797 2936 855 inimicos
2965 799 3159 866 habet;
3190 815 3370 855 annon
3407 801 3488 869 is,
3520 803 3611 872 qui
3651 818 3756 860 non
3804 812 4013 859 tantum
4045 792 4147 857 iro;

2557 890 2692 939 stem
2720 884 2898 950 babet.
2929 888 3023 944 sed
3060 890 3220 944 etiam
3240 890 3295 944 ei
3317 889 3659 959 imprecatur,
3689 893 3757 948 ab
3781 896 3901 963 ipso
3927 905 4146 962 eum

2560 975 2740 1046 templi
2766 977 2969 1033 ambitu
3000 978 3268 1035 arcendus
3292 978 3414 1034 est?
3438 980 3565 1035 Haec
3609 980 3768 1050 igitur
3808 985 4145 1053 cogitantes,

2519 1107 2522 1110 .
2559 1072 2717 1134 atque
2748 1065 2906 1135 hujus
2952 1066 3205 1125 sacriﬁcii
3255 1082 3472 1124 causam
3520 1082 3911 1140 agnoscentes,
3938 1082 4147 1141 meum

2559 1154 2702 1225 quod
2731 1170 2831 1225 pro
2860 1157 3107 1213 hostibus
3134 1168 3398 1217 mactatus
3427 1160 3673 1218 Christus
3711 1160 3803 1227 sit,
3834 1161 3906 1216 id
3951 1164 4149 1218 delius

2560 1258 2798 1314 operam,
2844 1255 2902 1302 ut
2947 1262 3016 1303 ne
3045 1248 3317 1306 inimicum
3360 1251 3577 1322 quidem
3620 1252 3912 1308 habeamus
3930 1271 3949 1317 ς⁴
3991 1268 4060 1309 ac
4105 1243 4153 1309 sl

2564 1332 2876 1405 habeamus,
2909 1348 3010 1408 pro
3044 1339 3146 1394 illo
3185 1352 3471 1410 preeemr
3500 1359 3514 1393 :
3548 1351 3607 1397 ut
3645 1357 3745 1397 nos
3769 1355 3985 1413 quoque
4027 1359 4155 1412 pee-

2562 1434 2805 1483 catorum
2835 1438 3141 1486 nostrorum
3168 1433 3382 1488 veniam
3410 1434 3750 1505 consequtti,
3794 1449 3919 1489 cum
3952 1426 4159 1489 ﬁducia

2567 1515 2817 1571 tribunali
2864 1516 3061 1574 Christi
3113 1520 3424 1587 adstemus;
3468 1524 3555 1577 eui
3604 1524 3794 1593 gloria,
3835 1523 4153 1593 imperium,

2565 1605 2771 1750 honor,
2825 1623 2968 1666 nunc
3009 1617 3065 1666 et
3105 1625 3342 1683 sempr,
3385 1611 3445 1669 et
3478 1613 3531 1669 in
3568 1611 3766 1669 saecula
3796 1615 4158 1672 acutiorem.

2614 1712 2761 1750 men.
4143 1711 4155 1719 ·

2614 1712 2761 1758 men.
4143 1711 4155 1719 .

3737 2020 4153 2038 -——a——-_

2567 2229 2675 2284 Deo
2704 2231 3060 2301 triumphatur
3093 2236 3145 2289 in
3186 2235 3420 2305 Christo,
3462 2247 3623 2309 atque
3667 2238 3814 2296 orbis
3858 2240 4147 2295 universus

2563 2319 2663 2375 bos
2692 2322 2991 2391 triumphos
3014 2326 3181 2379 novit.
3213 2325 3475 2392 Quoniam
3507 2327 3666 2396 igitur
3693 2328 3974 2397 magniﬁca
3999 2332 4151 2399 quas

2565 2410 2687 2463 dam
2713 2410 2782 2465 de
2810 2427 2870 2466 se
2901 2415 3249 2485 proloquutus
3269 2426 3406 2483 erat,
3431 2417 3632 2474 idcirco
3655 2418 4014 2485 objectionem
4048 2420 4152 2474 sibi

2571 2498 2797 2568 ipsemet
2845 2504 3045 2572 struit,
3093 2504 3631 2578 diccuszlncipimus
3680 2509 3863 2562 itm
3915 2510 4150 2577 nosipsos

2568 2591 2954 2645 commendare?
2980 2592 3134 2661 Quod
3164 2603 3343 2652 autem
3383 2596 3478 2663 ait,
3516 2596 3658 2653 hunc
3686 2611 3902 2653 sensum
3941 2598 4104 2653 habet
4133 2616 4147 2651 :

2570 2677 2820 2736 Fortasse
2864 2683 3128 2753 quispiam
3174 2684 3277 2741 hoc
3318 2685 3476 2743 nobis
3523 2686 3781 2757 objecerit
3818 2686 3999 2754 :Quid
4048 2690 4151 2742 hoc

2569 2780 2672 2839 est,
2705 2772 2905 2829 Paule?
2944 2775 3058 2832 haec
3082 2776 3150 2833 de
3181 2785 3236 2833 te
3271 2778 3525 2849 loqueris,
3573 2794 3637 2838 ac
3665 2780 3893 2849 teipsttm
3945 2777 4151 2835 elers't

2572 2860 2719 2922 lianc
2748 2864 2907 2933 igitur
2932 2866 3291 2936 suspicionem
3317 2868 3552 2934 solvens,
3580 2870 3693 2924 ait:
3720 2869 3839 2925 Non
3866 2871 3969 2924 hoc
3992 2872 4151 2924 voln-

2572 2967 2714 3020 mus,
2754 2969 2947 3025 nempe
2993 2958 3240 3029 nosipsos
3272 2959 3475 3029 jactare
3517 2968 3682 3031 atque
3720 2960 4008 3016 attollere:
4044 2962 4151 3014 imo

2572 3050 2777 3099 tantum
2802 3045 2955 3102 abest
2973 3058 3032 3102 ut
3055 3049 3505 3106 commendatitiis
3532 3050 3599 3106 ad
3628 3067 3733 3108 vos
3751 3053 3992 3123 epistolis
4018 3066 4153 3122 opm
4192 3076 4197 3081 ’

2573 3132 2887 3204 habeamuﬁ,
2930 3144 2991 3193 ut
3035 3149 3131 3194 vos
3171 3139 3271 3209 ipsi
3315 3140 3472 3197 nobis
3506 3143 3755 3212 epistolae
3799 3144 3971 3199 instar
4010 3144 4156 3198 sitis;

2573 3223 2629 3278 2.
2661 3223 2799 3278 Nam
2828 3228 3039 3293 epistola
3067 3239 3238 3283 nostra
3264 3246 3349 3285 sos
3366 3232 3504 3300 estis,
3536 3233 3727 3303 inquit.
3749 3234 3884 3301 Quid
3907 3242 4010 3295 est.
4058 3220 4165 3290 Vos

2575 3314 2731 3368 estis?
2755 3314 2814 3370 Si
2842 3318 3309 3385 commendatione
3338 3322 3481 3390 apud
3522 3322 3656 3377 alios
3697 3338 3833 3391 opus
3852 3324 3991 3379 mihi
4015 3325 4156 3381 luis-

2576 3412 2679 3469 set,
2711 3418 2806 3460 vos
2828 3406 3070 3475 epistola:
3091 3409 3211 3465 loco
3230 3411 3285 3464 in
3311 3411 3543 3466 medium
3570 3412 3941 3483 produxisse!!!
3970 3433 3984 3468 :
4011 3416 4158 3485 quod

2577 3502 2633 3553 et
2675 3496 2727 3553 in
2758 3497 2920 3564 priori
2958 3498 3185 3568 epistola
3208 3499 3466 3559 dicebat:
3488 3502 3825 3574 Signmlutn
3856 3506 3989 3559 ιιιὺιι
4024 3522 4159 3574 apo-

2578 3587 2790 3644 stolatus
2817 3590 2914 3644 mei
2940 3605 3025 3645 vos
3044 3593 3162 3646 estis
3184 3592 3260 3663 (l.
3284 3592 3401 3648 Cor.
3424 3594 3481 3657 9.
3504 3593 3596 3666 2).,
3615 3597 3684 3650 At
3702 3596 3804 3652 hoc
3829 3596 3948 3653 loco
3972 3596 4025 3654 id
4046 3612 4158 3653 non

2580 3676 2651 3733 ita
2676 3680 2946 3751 exprimit,
2988 3681 3083 3736 sed
3108 3683 3457 3752 per‘ironiam
3484 3683 3790 3754 quamdam,
3836 3695 3894 3741 ut
3921 3686 4157 3756 majora

2579 3770 2794 3827 aculms
2826 3773 3055 3827 orationi
3102 3773 3308 3828 addat:
3337 3775 3443 3829 Ast
3479 3778 3725 3845 numquid
3764 3792 3965 3847 egemus
4008 3794 4153 3832 eoat-

2580 3863 2888 3917 ntrndatitiis
2927 3865 3197 3933 epistolis?
3236 3866 3412 3935 Atque
3438 3866 3879 3937 pseudapostolos
3904 3869 4153 3933 inunctis,

2582 3953 2843 4022 subjecit:
2876 3954 3021 4009 Sicut
3047 3954 3255 4023 quidam
3278 3954 3348 4007 ad
3384 3971 3492 4023 eos,
3524 3965 3611 4010 aut
3638 3958 3861 4012 essebis
3901 3975 4156 4015 εοιιιιιιειιο

2583 4044 2774 4098 datitiis
2799 4044 3045 4111 epistolis,
3068 4044 3132 4098 ad
3154 4044 3305 4099 alios.
3332 4043 3537 4102 Deinde
3554 4047 3813 4117 quoniam.
3827 4061 3992 4117 grave
4017 4058 4152 4115 erat,

2584 4136 2726 4206 quod
2750 4137 2977 4202 dixerat,
3000 4136 3050 4192 id
3068 4136 3293 4208 mitigat,
3315 4137 3433 4194 btec
3456 4137 3620 4194 verba
3641 4140 3970 4211 subjongens
3990 4157 4005 4195 :
4028 4141 4153 4212 Epi-

2585 4229 2717 4282 stola
2740 4237 2913 4283 nostra
2937 4245 3023 4284 nos
3049 4230 3166 4283 estis
3181 4230 3371 4299 scripta
3387 4231 3442 4284 in
3461 4231 3698 4285 cordibus
3718 4232 3921 4298 nostris,
3938 4248 4053 4301 qua
4073 4233 4155 4286 sci-

2588 4329 2671 4375 tttr
2685 4330 2729 4375 et
2746 4321 2928 4390 legitur
2945 4320 3005 4373 ab
3028 4320 3257 4375 omnibus
3285 4320 3565 4376 beatissima
3583 4336 3603 4375 :
3623 4322 3676 4377 5.
3696 4320 4006 4391 manifestat
4028 4324 4157 4392 quod

2588 4413 2802 4480 epistola
2828 4414 2946 4468 estis
2973 4412 3181 4467 Christi.
3212 4410 3324 4469 Hoc
3350 4413 3473 4468 loco
3498 4426 3606 4469 non
3623 4410 3798 4467 solum
3827 4413 4048 4479 amoris,
4068 4413 4158 4468 sed

2589 4504 2748 4558 etiam
2770 4510 2911 4559 recte
2928 4502 3188 4558 laetorum
3212 4503 3572 4558 testimOnium
3594 4502 3724 4571 ipsis
3744 4502 3950 4572 tribuit,
3967 4504 4161 4574 quippe

2589 4595 2679 4665 qui
2718 4594 2980 4664 ejusmodi
3015 4594 3153 4657 sint,
3183 4602 3239 4647 ut
3262 4593 3501 4663 magistri
3528 4592 3840 4663 dignitatem
3870 4607 3968 4663 per
3998 4594 4162 4648 virtu-

2592 4693 2699 4738 tem
2744 4698 2894 4738 suam
2919 4683 3288 4738 demonstrare
3315 4690 3534 4752 queant.
3565 4671 3680 4738 Hoc
3712 4682 3877 4737 enim"
3899 4682 4163 4753 signiﬁcat

2592 4774 2735 4842 quod
2778 4774 2873 4840 ait,
2920 4770 3155 4841 Epistola
3199 4780 3370 4825 nostra
3409 4786 3496 4825 uos
3530 4770 3669 4827 estis.
3716 4771 3773 4826 id
3812 4772 3955 4843 quod
4001 4770 4163 4826 litera:

2595 4863 2870 4928 fecissent,
2900 4877 3093 4932 nempe
3122 4869 3180 4916 ut
3207 4875 3307 4916 nos
3333 4860 3793 4924 commendarent,
3820 4875 3885 4917 ac
3911 4877 4162 4917 revereno

2595 4955 2723 5012 tiam
2766 4955 2920 5011 nobis
2965 4953 3349 5019 conciliarent;
3396 4953 3498 5007 hoc
3553 4951 3654 5021 ipsi
3703 4954 3990 5022 pascitis,
4043 4952 4161 5006 dum

2595 5045 2840 5102 homines
2890 5059 2987 5101 vos
3032 5044 3213 5099 vident
3262 5052 3423 5113 atque
3475 5041 3717 5096 audiunt.
3774 5041 4160 5110 Discipulos-ant

2596 5136 2738 5191 enim
2780 5137 2969 5203 virtus,
3003 5132 3415 5203 magistroplus
3440 5131 3774 5201 ornamenti.
3818 5142 3981 5203 atque
4024 5147 4164 5187 com-

2597 5225 2952 5281 mendationis
3000 5223 3187 5286 aﬂ'ert.
3228 5236 3394 5290 quam
3438 5221 3542 5275 ulla
3583 5219 3832 5288 epistola.
3866 5222 4071 5290 Scripta
4112 5220 4163 5273 ia

2597 5316 2832 5370 cordibus
2856 5316 3060 5376 nostris.
3102 5312 3215 5367 Hoc
3238 5318 3343 5375 est,
3374 5325 3533 5380 quam
3558 5324 3750 5366 omnes
3774 5322 3970 5368 norunt
3997 5328 4011 5363 :
4035 5309 4165 5363 adeo

2602 5407 2849 5460 nimirum
2891 5419 2985 5459 vos
3010 5414 3221 5472 quoquo
3246 5401 3483 5471 gentium
3516 5402 3969 5463 circumierimus.
4009 5407 4164 5471 atque

2600 5499 2780 5555 attimo
2822 5508 3117 5551 versamus.
3167 5493 3280 5549 Non
3325 5507 3480 5551 secus
3522 5508 3587 5550 ac
3622 5496 3667 5551 si
3699 5495 3946 5549 diceret:
3976 5489 4162 5545 Nostra

2602 5589 2738 5657 apud
2768 5589 2897 5645 alios
2919 5583 3313 5641 commendatio
3333 5600 3428 5642 vos
3451 5586 3584 5641 estis
3610 5602 3627 5637 :
3647 5597 3745 5639 vos
3770 5592 3910 5635 enim
3933 5578 3987 5632 in
4009 5580 4163 5635 corda

2604 5694 2815 5748 semper
2846 5676 3124 5745 habemus,
3168 5689 3233 5733 ac
3257 5684 3433 5733 vestra
3472 5685 3618 5733 recte
3655 5672 3789 5726 facta
3819 5666 3959 5739 apud
3986 5682 4165 5724 omnes

4307 5556 4309 5609 ἲ
