4060 6346
619 295 720 351 ιὸῗ

621 412 728 462 λῶν
762 410 888 479 παρ’
916 407 1068 477 ὑμῶν
1085 425 1097 437 ·
1126 408 1261 461 ἀλλά
1285 409 1471 479 καὶτῷ
1501 411 1703 480 σφόδρα
1725 411 1896 480 φιλεῖν
1922 412 2087 482 ὑμᾶς,
2109 417 2171 464 οὐ

622 499 849 569 δεόμεθα
872 500 1004 568 πρὸς
1029 500 1174 569 ὑμᾶς
1196 500 1506 562 συστάσεως
1526 517 1539 530 ·
1567 502 1700 570 πρὸς
1722 501 1828 571 γάρ
1851 504 1976 566 τοὺς
1995 502 2176 570 ἀγνῶ-

622 592 719 653 τάς
758 605 840 653 τις
882 589 1048 644 δεῖται
1086 591 1460 660 γραμμάτων·
1515 593 1672 660 ὑμεῖς
1698 592 1755 645 δέ
1783 594 1840 645 ἐν
1875 596 1942 662 τῇ
1971 592 2179 662 διανοίᾳ

622 680 775 754 ἡμῶν
796 682 937 735 ἐστι.
955 682 1061 735 Kal
1090 680 1189 735 οὐκ
1205 676 1377 745 εἶπεν,
1392 682 1583 744 Ἐστὲ,
1602 681 1804 747 ἁπλῶς,
1820 682 1974 745 ἀλλὰ,
1990 683 2180 751 Ἐττε-

623 765 924 840 maqu
944 785 957 797 '
979 768 1275 832 τουτέστιν,
1298 767 1419 823 οὒδδ
1446 771 1743 823 ἀποπεσεῖν
1765 769 2012 825 δύνασθε.
2045 771 2178 824 Ὠσ-

622 877 730 931 περ
753 862 858 933 γὰρ
883 863 990 915 ἀπὸ
1011 860 1354 933 γραμμάτων
1381 858 1860 930 ἀναγινώσκοντες,
1884 860 2056 924 οὕτως
2073 860 2181 914 ἀπὸ

620 951 720 1019 τῆς
766 952 986 1021 καρδίας
1034 952 1193 1022 ἡμῶν
1244 953 1604 1021 γινώσκοντες
1649 952 1793 1006 ίσασι
1836 952 2034 1015 πάντες
2084 951 2181 1020 τὴν

618 1041 841 1111 ἀγάπην
865 1042 1042 1112 ἡμῶν,
1064 1042 1133 1112 ἢν
1159 1043 1352 1114 ἔχομεν
1378 1044 1507 1114 περὶ
1534 1045 1695 1114 ὑμᾶς.

691 1179 758 1250 β’.
778 1174 839 1234 El
868 1182 1045 1237 τοίνυν
1078 1183 1146 1239 τά
1178 1185 1484 1255 γράμματα
1504 1182 1592 1237 διά
1614 1184 1770 1236 τοῦτό
1788 1185 1951 1249 ἐστιν,
1983 1183 2069 1237 ῖνα
2088 1184 2183 1254 δη-

622 1270 768 1342 λώσῃ
796 1272 877 1325 δτι
919 1273 947 1325 6
974 1272 1124 1326 δεῖνά
1176 1291 1266 1343 μοι
1298 1274 1471 1341 φίλος,
1514 1276 1609 1328 καὶ
1640 1274 1955 1327 άπολαυέτω
1974 1277 2186 1345 παρρη-

626 1362 743 1423 σίας
761 1374 809 1429 ι,
838 1362 997 1431 ἀρκεῖ
1023 1365 1056 1431 ἡ
1083 1363 1325 1432 ὑμετέρα
1352 1365 1535 1433 ἀγάπη
1560 1364 1619 1416 τὸ
1652 1366 1758 1417 πᾶν
1783 1364 2104 1417 ἀνύσαι.”Δν
2126 1380 2184 1416 τε

625 1450 733 1521 γὰρ
796 1452 933 1520 πρὸς
974 1452 1119 1520 ὑμᾶς
1176 1449 1362 1519 ἴωμεν,
1424 1452 1484 1503 οὐ
1529 1452 1759 1522 δεόμεθα
1824 1453 2025 1523 ἐτέρων
2078 1452 2186 1505 τῶν

629 1539 1000 1592 συνιστὼντων
1046 1542 1213 1610 ἡμᾶς,
1268 1540 1368 1609 τῆς
1410 1540 1590 1609 φιλίας
1648 1541 1800 1611 ὑμῶν
1866 1542 2185 1613 προλαμϐα-

625 1629 849 1697 νούσης·
906 1630 971 1684 άν
1015 1646 1073 1683 τε
1122 1630 1256 1696 πρὸς
1303 1633 1542 1701 ἐτέρους,
1604 1632 1664 1685 οὐ
1710 1630 1981 1702 χρῄζομεν
2025 1632 2187 1685 πάλιν

629 1720 993 1789 γραμμάτων,
1044 1722 1141 1789 τῆς
1191 1722 1361 1791 αὐτῆς
1408 1723 1627 1791 ἀγάπης
1677 1723 1797 1774 ἀντὶ
1841 1721 2044 1775 τούτων
2090 1722 2187 1791 69-

630 1810 831 1880 κούσης
858 1812 988 1880 ἡμῖν
1017 1811 1207 1863 πάλιν
1237 1811 1606 1881 περιφέρομεν
1636 1811 1742 1880 γάρ
1773 1810 1867 1880 τὴν
1898 1809 2187 1880 ἐπιστολὴν

626 1902 684 1953 ἐν
726 1904 842 1963 ταῖς
888 1902 1135 1971 καρδίαις
1186 1903 1362 1973 ⁴ἡμῶν.
1417 1898 1552 1955 Εἶτα
1602 1903 1696 1955 ἐπὶ
1731 1902 1913 1971 μεῖζον
1946 1902 2190 1971 ἐπαίρων

626 1992 857 2055 αὐτοὺς,
920 1992 1014 2045 καὶ
1075 1992 1362 2061 ἐπιστολὴν
1426 1992 1663 2062 Χριστοῦ
1728 1990 1914 2054 καλεί,
1978 1990 2185 2056 λέγων·

626 2084 1080 2151 Φανερούμενοι,
1124 2082 1213 2136 ὅτι
1250 2081 1391 2135 ἐστὲ
1436 2082 1732 2147 ἐπιστολὴ
1773 2080 2045 2146 Χριστοῦ.
2083 2081 2191 2134 Kal

626 2172 783 2224 τοῦτο
826 2171 1017 2237 εἰπὼν,
1053 2172 1322 2242 λαμϐάνει
1365 2171 1547 2223 λοιπὸν
1598 2170 1850 2223 ὑπόθεσιν
1894 2170 1986 2223 καὶ
2017 2170 2190 2240 ἀρχὴν

628 2261 879 2314 ἐντεῦθεν
912 2261 1177 2325 ἐξετάσαι“
1207 2262 1276 2315 τά
1308 2261 1401 2314 τοῦ
1430 2263 1613 2331 νόμου.
1651 2262 1759 2313 Kal
1806 2261 1975 2323 ἄλλως
2006 2261 2063 2313 δέ
2091 2262 2189 2313 αὑ-

626 2349 754 2411 τοὺς
786 2348 1019 2402 ἐνταῦθά
1052 2366 1215 2419 φησιν
1260 2345 1396 2402 εἶναι
1442 2350 1759 2419 ἐπιστολήν·
1809 2350 2063 2418 ἀνωτέρω
2094 2351 2191 2419 μὲν

627 2436 735 2504 γὰρ
762 2436 835 2499 ὡς
862 2438 1251 2502 συνιστῶντας·
1284 2441 1364 2493 διὸ
1402 2440 1690 2511 ἐπιστολήν
1726 2441 2011 2493 ἐκάλεσεν·
2043 2440 2191 2514 [ι75]

628 2529 859 2583 ἐνταῦθα
882 2530 937 2583 δὲ
968 2530 1255 2602 ἐπιστολὴν
1280 2530 1538 2602 Χριστοῦ,
1567 2532 1642 2594 ὡς
1664 2532 1884 2600 ἔχοντας
1910 2531 2003 2584 τὸν
2031 2534 2193 2601 νόμον

628 2621 1078 2693 ἐγγεγραμμένον
1112 2623 1208 2676 τοῦ
1233 2622 1394 2675 Θεοῦ.
1452 2624 1519 2674 ’Δ
1549 2622 1659 2694 γάρ
1708 2623 1955 2676 ἐϐούλετο
1994 2626 2021 2677 6
2063 2624 2194 2687 Θεὸς

626 2710 863 2780 δηλῶσαι
909 2715 1043 2765 πᾶσι
1092 2714 1186 2766 καὶ
1216 2714 1364 2784 ὑμῖν,
1425 2713 1599 2767 ταῦτα
1649 2714 1958 2785 γέγραπται
1991 2717 2046 2769 ἐν
2075 2720 2194 2781 ταῖς

626 2802 875 2873 καρδίαις
914 2803 1091 2874 ὑμῶν.
1145 2802 1336 2874 Ἦμεῖς
1381 2804 1439 2858 δέ
1489 2807 1982 2877 παρεσκευάσαμεν
2026 2808 2191 2877 ὑμᾶς,

629 2890 769 2946 ὥστε
790 2893 1045 2959 δέξασθαι
1072 2896 1140 2947 τά
1164 2895 1487 2964 γράμματα.
1515 2895 1784 2965 Καθάπερ
1805 2895 2043 2963 Μωῦσῆς
2071 2898 2195 2960 τοὺς

629 2977 810 3043 λίθους
842 2982 932 3033 καὶ
981 2982 1079 3044 τάς
1128 2981 1339 3045 πλάκας
1372 2982 1653 3051 ἐκόλαψεν,
1689 2982 1861 3047 οὕτως
1909 2984 2071 3053 ἡμεῖς
2095 2984 2197 3048 τάς

632 3069 901 3140 ὑμετέρας
927 3070 1104 3140 ψυχάς
1120 3089 1132 3101 ·
1158 3072 1238 3124 διό
1257 3088 1409 3141 φησι,
1432 3073 1858 3140 Διακογηθεῖσα
1882 3075 1979 3142 ὑφ’
2006 3074 2192 3142 ἡμῶν.

642 3160 780 3213 Ἀλλ’
816 3163 873 3214 ἐν
917 3162 1088 3233 τούτῳ
1122 3162 1173 3215 τὸ
1225 3163 1336 3217 ἴσον
1362 3159 1507 3234 εῐχον
1532 3180 1545 3195 ο
1575 3166 1669 3217 καὶ⁵
1713 3167 1821 3235 γάρ
1848 3167 2050 3218 ἐκεῖναι
2091 3165 2196 3218 ὑπδ

629 3248 766 3310 Θεοῦ
794 3253 1132 3321 ἐγράφησαν,
1163 3254 1255 3306 καὶ
1288 3247 1446 3308 αὗται
1477 3255 1580 3308 ὑπὸ
1602 3256 1694 3309 τοῦ
1726 3256 2056 3326 Πνεῦματος.
2086 3256 2194 3310 Ποῦ

626 3341 808 3395 τοίνυν
858 3344 891 3410 ἡ
942 3342 1203 3412 διαφοράς
1271 3346 1761 3416 Ἑττεγραμμένη,
1825 3350 1897 3401 οὐ
1955 3351 2193 3416 μέλανι,

630 3426 794 3483 am
823 3432 1123 3499 Πνεῦματι-
1146 3433 1292 3487 Θεοῦ
1317 3434 1526 3501 ζῶντος
1545 3455 1558 3468 ·
1592 3440 1702 3490 οὐκ
1731 3438 1800 3491 ἐν
1836 3439 2021 3500 πλαξὶ
2047 3440 2196 3493 λιθί-

631 3536 788 3586 ναις,
819 3521 955 3575 ἀλλ’
985 3524 1054 3576 ὲν
1078 3524 1264 3589 πλαξὶ
1295 3526 1540 3593 καρδίας
1582 3532 1915 3596 σαρκίναις.
1953 3530 2114 3583 Ὅσον
2142 3532 2197 3585 δὲ

631 3611 694 3662 τὸ
718 3611 879 3680 μέσον
900 3614 1211 3684 Πνεύματος
1236 3617 1329 3669 καὶ
1357 3617 1601 3687 μέλανος,
1650 3620 1742 3673 καὶ
1766 3621 1972 3687 λιθίνης
1995 3621 2197 3685 πλακὸς

637 3702 729 3754 καὶ
755 3704 1034 3774 σαρκίνης,
1057 3706 1305 3761 τοσοῦτον
1326 3710 1385 3761 τὸ
1405 3710 1654 3781 διάφορον
1673 3712 1876 3767 τούτων
1894 3714 2159 3767 κάκείνων
2180 3729 2193 3743 ⁸

635 3793 828 3846 οὐκοῦν
853 3796 945 3847 καὶ
967 3797 1015 3848 οί
1048 3797 1461 3868 διακονήσαντες
1495 3801 1588 3853 τοῦ
1622 3803 2034 3873 διακονήσαντος
2057 3803 2199 3854 ἐκεί-

639 3901 767 3946 νοις.
794 3886 891 3939 Διά
909 3904 988 3938 τοι
1013 3888 1188 3950 τοῦτο,
1208 3890 1329 3941 ἐπεὶ
1355 3892 1492 3958 μέγα
1526 3892 1840 3959 ἐφθέγξατο,
1862 3893 2071 3961 ταχέως
2088 3896 2199 3945 ἐπι-

638 3974 973 4043 λαμϐάνεται
996 3978 1207 4043 ἑαυτοῦ,
1225 3978 1396 4047 λέγων
1417 3998 1430 4010 ·
1456 3984 1819 4049 Πεποίθησιν
1834 3982 1900 4036 δὲ
1921 3984 2201 4049 τοιαύτην

641 4065 859 4134 ἔχομεν
884 4066 978 4120 διὰ
1007 4070 1110 4124 τοῦ
1132 4073 1384 4139 Χριστοῦ
1410 4074 1555 4141 πρδς
1579 4074 1683 4127 τὸν
1712 4076 1857 4128 Θεόν
1874 4091 1886 4105 ο
1922 4075 2012 4129 καὶ
2040 4075 2200 4129 πάλιν

642 4158 761 4211 ὅλον
798 4161 1082 4230 ἀνατίθησι
1116 4162 1191 4230 τῷ
1216 4162 1332 4232 Θεῷ
1354 4182 1365 4192 ·
1388 4163 1591 4217 τούτων
1616 4165 1721 4235 γὰρ
1760 4168 1889 4237 ἡμῖν
1914 4169 1941 4219 6
1966 4168 2009 4219 Χ
2018 4167 2201 4237 ριστὺς

640 4246 830 4309 αῖτιος,
877 4254 1059 4317 φησίν.
1096 4254 1217 4317 Οὐχ
1268 4252 1354 4303 ὅτι
1398 4256 1590 4306 ἱκανοί
1620 4255 1804 4321 ἐσμεν
1841 4257 1938 4323 ἀφ’
1973 4256 2201 4309 ἑαυτῶν

645 4354 697 4389 τι
741 4340 1118 4405 λογίσασθαι,
1174 4340 1253 4404 ὡς
1299 4340 1369 4403 ἐξ
1426 4341 1673 4395 ἑαυτῶν.
1716 4343 1852 4412 Ὅρα
1901 4345 2059 4397 πάλιν
2106 4347 2201 4399 καὶ

644 4424 835 4496 ἐτέραν
883 4428 1273 4498 ἐπιδιόρθωσιν.
1310 4430 1419 4483 Kal
1459 4431 1562 4501 γάρ
1600 4430 1715 4501 μεθ’
1768 4432 2071 4502 ὑπερϐολῆς
2106 4435 2202 4505 τὴν

646 4516 847 4586 ἀρετὴν
877 4518 1077 4588 ταύτην
1110 4521 1345 4589 μάλιστα
1386 4523 1663 4593 κέκτηται,
1711 4524 1807 4595 τὴν
1851 4541 2205 4596 ταπεινοφρο-

646 4605 810 4676 σύνην
847 4608 1008 4675 λέγω.
1042 4613 1237 4683 Διόπερ
1264 4616 1391 4669 ὅταν
1421 4617 1547 4687 είπῃ
1578 4635 1629 4669 τι
1652 4618 1792 4687 μέγα
1828 4616 1953 4688 περὶ
1986 4617 2200 4682 ἑαυτοῦ.

645 4698 794 4770 πάσῃ
834 4699 1094 4771 κέχρηται
1140 4707 1362 4776 σπουδῇ,
1416 4708 1554 4770 ὥστε
1607 4710 1847 4781 σφοδρῶς
1880 4710 2205 4781 παραμυθή-

644 4791 839 4843 σασθαι
878 4792 937 4845 τὸ
976 4794 1261 4864 εἰρημένον
1306 4797 1490 4868 τρόπῳ
1538 4801 1730 4854 παντί·
1781 4802 1809 4854 ὃ
1850 4802 1941 4855 xal
1971 4800 2205 4855 ἐνταῦθα

646 4884 809 4947 ποιεῖ,
840 4884 1033 4952 λέγων,
1075 4887 1196 4955 Οὐχ
1236 4888 1324 4941 ὄτι
1352 4892 1543 4943 ἱκανοί
1566 4891 1751 4959 ἐσμεν
1774 4894 1871 4962 ἀφ’
1903 4893 2131 4949 ἑαυτῶν
2151 4912 2205 4947 τι

639 4973 999 5040 λογίσασθαι
1025 4978 1105 5043 ὡς
1150 4976 1219 5041 ἐξ
1251 4976 1497 5032 ἑαυτῶν.
1547 4981 1851 5048 Τουτέστιν,
1893 4985 2005 5054 Οὐχ
2035 4983 2206 5047 οὕτως

643 5057 815 5125 εἷπον,
866 5067 1233 5135 Πεποίθησιν
1283 5068 1519 5139 ἔχομεν,
1564 5073 1637 5137 ὡς
1702 5075 1761 5128 τὸ
1812 5076 1912 5144 μὲν
1942 5076 2208 5146 ἡμέτερον

640 5148 803 5215 εἶναι,
834 5152 894 5205 τὸ
918 5154 975 5207 δὲ
1002 5156 1095 5209 τοῦ
1137 5157 1271 5211 Θεοῦ
1290 5166 1305 5189 δ
1337 5158 1474 5211 ἀλλὰ
1514 5161 1573 5213 τὺ
1609 5164 1713 5216 πᾶν
1738 5164 1885 5233 αὑτῷ
1912 5162 2205 5231 ἀνατίθημι

642 5242 736 5295 καὶ
761 5242 1063 5313 λογίζομαι.
1099 5248 1159 5301 Ἠ
1185 5248 1294 5317 τὰρ
1318 5250 1594 5317 ἱκανότης
1620 5253 1784 5320 ἡμῶν
1811 5255 1877 5307 ἐκ
1910 5254 2013 5306 τοῦ
2036 5252 2205 5315 Θεοῦ,

640 5333 708 5398 ὃς
724 5332 819 5389 καί
843 5336 1138 5391 ἱκάνωσεν
1155 5340 1310 5407 ἡμᾶς
1326 5340 1646 5409 διακόνους
1665 5344 1875 5414 καινῆς
1892 5344 2205 5411 Διαθήκης.

640 5425 706 5480 Τί
750 5428 919 5495 ἐστιν,
958 5430 1593 5498 ἺκάνωσεςΔυνατοῦς
1628 5436 1846 5505 ἐποίησε
1880 5436 1974 5489 καὶ
2021 5438 2209 5506 ἐπιτη-

706 5644 726 5673 ⁸
746 5645 898 5711 Εᾶίὶί,
924 5652 1199 5717 παρρησίας.
1224 5652 1309 5703 Ms.
1333 5656 1635 5717 προστασίας.

1313 296 1370 350 5.
1411 296 1689 353 JOANNIS
1726 293 2193 353 οιιῐιγεοετοιι

2291 294 2572 354 ΒΟΗΙΕΡ.
2610 297 3155 358 ΕΟΝδΤᾹΝΤΙΝΟΡ.

3747 295 3855 357 6'38

2274 413 2467 475 δείους.
2514 414 2588 466 Οὐ
2622 413 2817 483 μικρὸν
2865 413 2922 467 δέ
2968 418 3148 480 τοῦτο,
3201 412 3265 466 τὸ
3316 410 3540 483 κομίσαι
3593 412 3856 475 τοιαῦτας

2275 499 2488 563 πλάκας
2532 502 2625 552 καὶ
2671 501 2963 564 ἐπιστολάς
3006 504 3071 572 τῇ
3101 502 3417 573 οἰκουμένῃ,
3457 500 3595 553 πολὺ
3632 500 3857 569 μείζους

2273 589 2381 643 τῶν
2409 591 2709 661 προτέρων.
2749 590 2842 643 Διδ
2884 590 2979 643 καὶ
3007 590 3321 659 ἐπήγαγενο
3365 592 3448 644 Οὐ
3486 587 3864 659 ψάμματος,

2274 679 2437 732 ἀλλὰ
2456 680 2816 748 πνεύματος.
2854 678 2985 733 Ἰδοὺ
3011 679 3172 734 πάλιν
3191 679 3325 749 άλλη
3348 680 3603 751 διαφορά.
3634 679 3704 731 Τί
3729 674 3856 745 οὖνς

2276 768 2479 830 ἐκεῖνος
2512 769 2613 821 οὐκ
2636 764 2702 838 ἦν
2731 769 3098 839 πνευματικὸς
3117 770 3146 821 6
3171 770 3363 839 νόμος;
3396 770 3510 832 πῶς
3538 765 3633 822 οῦν
3664 785 3855 839 φησιν,

2272 857 2528 925 Οἴδαμεν
2562 856 2650 909 ὅτι
2694 860 2726 911 ὁ
2756 859 2939 925 νόμος
2970 859 3372 936 πνσρματικός
3397 858 3565 920 ἐστι;
3592 860 3858 928 Πνευμα-

2276 948 2428 1011 τικὸς
2458 947 2579 1017 μὲν,
2608 948 2723 1002 ἀλλ’
2749 949 2808 1001 οὐ
2838 944 3343 1019 πνεῦμα¹παρεῖχεν
3363 966 3376 979 ·
3404 950 3464 1001 οὐ
3501 950 3607 1019 γάρ
3632 949 3859 1017 πνεῦμα

2278 1040 2498 1110 ἐκόμισε
2525 1040 2783 1111 Μωῦσῆς.
2811 1039 2942 1093 ἀλλὰ
2968 1025 3289 1110 γβάμματα·
3321 1041 3481 1109 ἡμεῖς
3507 1038 3562 1090 δὲ
3588 1038 3854 1092 ἐπιστεύο

2278 1130 2450 1200 θημεν
2499 1130 2715 1200 πνεῦμα
2742 1130 2957 1184 διδόναι.
2993 1131 3082 1183 Διδ
3114 1130 3206 1182 καὶ
3244 1128 3671 1200 ἐπεξεργάζεται
3723 1129 3859 1183 αὐτὸ

2278 1220 2479 1289 λέγων·
2512 1221 2589 1274 Τό
2619 1222 2728 1290 τὰρ
2765 1221 2997 1291 γράμμα
3028 1221 3384 1283 ἀποκτείνει,
3418 1220 3485 1273 τὸ
3523 1220 3592 1273 δὲ
3616 1219 3863 1287 πνεῦμα

2280 1306 2568 1374 ζωοποιεῖ.
2590 1309 2778 1366 Ταῦτα
2806 1313 2862 1365 δέ
2898 1312 2999 1381 οὐχ
3028 1311 3212 1374 ἀπλῶς
3245 1327 3427 1379 φησιν,
3462 1309 3578 1363 ἀλλ’
3612 1311 3863 1373 ἐκείνως

2281 1400 2647 1470 αἰνιττόμενος
2690 1400 2818 1460 τοὺς
2866 1399 3405 1469 μεγαλοφρονοῦντας
3438 1400 3531 1453 ἐπὶ
3557 1402 3673 1463 τοῖς
3730 1401 3865 1454 Ἰου-

2280 1488 2504 1551 δαϊκοῖς.
2550 1490 2787 1559 Γράμμα
2837 1490 2895 1542 δὲ
2944 1489 3175 1543 ἐνταῦθα
3225 1489 3316 1543 τὸν
3364 1490 3525 1558 νόμον
3578 1491 3736 1558 φησι,
3764 1484 3865 1542 τὸν

2282 1578 2578 1641 κολάζοντα
2600 1580 2724 1642 τοὺς
2747 1579 3201 1649 πλημμελοῦντας
3217 1596 3232 1611 ·
3256 1579 3470 1650 πνεῦμα
3495 1580 3552 1633 δέ
3574 1579 3673 1650 τὴν
3697 1581 3863 1650 χάριν

2281 1668 2379 1737 τὴν
2414 1668 2500 1721 διά
2546 1667 2639 1720 τοῦ
2683 1668 3056 1737 βαπτίσματος
3085 1671 3210 1731 τοὺς
3257 1670 3361 1722 ὑπὸ
3408 1669 3516 1722 τῶν
3570 1670 3864 1741 ἁμαρτιῶν

2284 1757 2659 1827 νεκρωθέντας
2692 1757 3075 1821 ζωοποιοῦσαν.
3119 1760 3301 1812 Είπὼν
3321 1759 3429 1830 γάρ
3464 1759 3563 1829 τὴν
3590 1758 3865 1829 διαφορὰν

2284 1850 2383 1918 τὴν
2412 1848 2519 1900 ἀπὸ
2565 1849 2661 1917 τῆς
2715 1847 2932 1915 φύσεως
2976 1848 3080 1900 τῶν
3116 1849 3365 1911 πλακῶν,
3400 1851 3497 1901 οὑκ
3536 1847 3863 1919 ἐνδιατρίϐει

2286 1938 2443 2008 αὐτῇ,
2486 1936 2622 1990 ἀλλὰ
2666 1938 3039 2007 παραδραμὼν
3089 1938 3258 2007 αὐτὴν
3306 1937 3508 2007 ταύτην
3552 1938 3645 1989 ἐπὶ
3674 1938 3863 2004 πλεῖον

2286 2025 2599 2097 ἐργάζεται,
2636 2020 2669 2099 ᾖ
2724 2027 2955 2096 μάλιστα
3002 2028 3141 2080 ἑλεῖν
3172 2028 3263 2080 τὸν
3292 2029 3561 2097 ἀκροατὴν
3601 2026 3861 2094 ⁴ἠδύνατο,

2285 2119 2393 2170 ἀπὸ
2419 2118 2511 2170 τοῦ
2558 2118 2926 2187 συμφέροντος
2966 2114 3058 2171 καὶ
3104 2118 3323 2185 κούφου.
3368 2117 3502 2170 Οὔτε
3556 2117 3667 2187 γάρ
3699 2120 3862 2168 πόνον

2288 2210 2420 2278 ἔχει,
2462 2209 2614 2278 φησὶ,
2651 2210 2743 2261 καὶ
2778 2209 3001 2279 μείζονα
3056 2209 3284 2277 παρέχει
3316 2209 3412 2277 τὴν
3443 2208 3620 2278 χάριν.
3658 2209 3720 2260 Εἰ
3754 2208 3863 2276 73:9

2288 2300 2415 2369 περὶ
2444 2298 2675 2369 Χριστοῦ
2706 2299 3106 2367 διαλεγόμενος,
3140 2300 3325 2350 ἐκεῖνα
3356 2298 3583 2366 μάλιστα
3621 2297 3860 2363 τίθησιν,

2286 2391 2320 2443 ἀ
2350 2391 2447 2457 τῆς
2474 2388 2882 2458 φιλανθρωπίας
2910 2388 3073 2440 αὑτοῦ
3102 2390 3216 2440 ἐστι
3246 2387 3444 2456 μᾶλλον
3473 2388 3506 2456 ἢ
3538 2388 3631 2455 τῆς
3680 2388 3861 2451 ἀξίας,

2290 2476 2384 2527 καὶ
2428 2474 2676 2543 ἀλλήλοις
2726 2473 2872 2545 [όῖϐ]
2918 2474 3249 2527 συνδέδεται·
3306 2474 3481 2544 πολλῷ
3537 2474 3738 2541 μᾶλλον
3771 2475 3865 2525 ἐπὶ

2288 2566 2387 2633 τῆς
2414 2564 2692 2635 διαθήκης,
2721 2564 3033 2633 ἀναγκαίοις
3053 2566 3208 2618 τοῦτο
3236 2568 3396 2617 ποιεῖ.
3424 2566 3485 2617 Τί
3513 2560 3605 2617 οῦν
3628 2566 3744 2617 ἐστι
3780 2564 3862 2625 τδ,

2291 2654 2537 2725 Γράμμα
2578 2655 2949 2719 ἀποκτείνει;
2980 2651 3145 2710 Εἶπεν
3191 2657 3275 2709 ὃτι
3315 2658 3373 2709 ἐν
3420 2656 3581 2718 πλαξι
3606 2654 3861 2718 λιθίναις,

2290 2748 2383 2800 καὶ
2431 2746 2677 2817 καρδίαις
2722 2746 3025 2816 σαρκίναις,
3062 2746 3275 2801 οὐδέπω
3316 2746 3371 2798 δὲ
3402 2746 3642 2815 μεγάλην
3691 2746 3866 2798 ἐδόκει

2287 2838 2550 2910 διαφοράν
2574 2837 2771 2905 λέγειν.
2800 2838 3111 2908 Προσέθηκε
3137 2833 3228 2891 οὖν
3253 2839 3336 2891 ὅτι
3366 2837 3547 2907 ἐκείνη
3574 2838 3867 2907 γράμματι

2290 2929 2322 2997 ἢ
2352 2928 2561 2997 μέλανι,
2590 2926 2727 2999 αῦτη
2755 2927 2811 2981 δὲ
2838 2928 3129 2998 πνεύματι.
3157 2926 3294 2982 υῦτε
3317 2927 3473 2981 τοῦτο
3506 2928 3649 2980 πάνυ
3669 2928 3867 2991 αὐτοὺς

2290 3020 2544 3089 διήγειρε.
2608 3018 2770 3088 Λέγει
2822 3015 2913 3073 οὖν
2964 3019 3148 3073 λοιπὸν
3212 3020 3348 3091 ὅπερ
3415 3019 3598 3073 ἱκανὸν
3669 3021 3868 3083 αὐτοὺς

2294 3109 2589 3175 πτερῶσαι,
2612 3109 2692 3161 δτι
2721 3109 2782 3161 τὸ
2817 3109 2912 3179 μὲν
2936 3109 3269 3172 ἀποκτείνει,
3300 3109 3362 3162 τὸ
3388 3109 3446 3163 δέ
3483 3108 3761 3174 ζωοποιεῖ.

2362 3204 2430 3266 γ’.
2448 3198 2511 3251 Τί
2527 3198 2583 3251 δὲ
2605 3198 2761 3251 τοῦτό
2779 3201 2925 3251 ἐστιν
2940 3218 2954 3266 ;
2972 3200 3060 3253 Ἐν
3075 3200 3151 3269 τῷ
3172 3201 3321 3270 νόμῳ
3335 3203 3363 3253 6
3386 3200 3691 3269 ἁμάρτημα
3707 3200 3867 3269 ἔχων,

2293 3288 2611 3351 κολάζεταν
2656 3288 2891 3343 ἐνταῦθα
2943 3291 2971 3343 6
3013 3292 3315 3360 ἁμάρτημα
3364 3289 3522 3360 ἔχων,
3557 3290 3870 3359 προσελθὼν

2295 3380 2631 3450 βαπτίζεται,
2655 3381 2748 3433 καὶ
2774 3380 2981 3449 γίνεται
3004 3382 3210 3437 δίκαιος
3233 3397 3249 3414 ⁸
3272 3380 3477 3444 δίκαιος
3505 3382 3561 3434 δὲ
3584 3382 3871 3452 γινόμενος

2294 3473 2380 3543 ζῇ,
2406 3472 2499 3526 τοῦ
2541 3472 2770 3527 θανάτου
2800 3476 2898 3543 τῆς
2930 3474 3202 3546 ἁμαρτίας
3225 3474 3576 3542 ἀπαλλαγείς.
3617 3475 3679 3527 '0
3706 3476 3871 3545 νόμος

2294 3566 2391 3619 ἐὰν
2435 3564 2574 3637 λάϐῃ
2616 3567 2800 3633 φονέα,
2834 3566 3078 3636 ἀναιρεῖ·
3122 3567 3154 3635 ἡ
3198 3565 3357 3636 χάρις
3396 3565 3490 3618 ἐὰν
3516 3566 3658 3637 λάϐῃ
3679 3566 3870 3634 φονέα,

2294 3658 2516 3723 φωτίζει
2564 3657 2657 3710 καὶ
2706 3658 2975 3721 ζωοποιεῖ.
3024 3658 3134 3711 Kal
3178 3658 3231 3710 τί
3287 3658 3430 3724 λέγω
3477 3658 3674 3727 φονέα;
3726 3658 3873 3711 Ξύλα

2295 3746 2480 3800 ἐλαϐεν
2509 3748 2566 3799 ἐν
2598 3748 2852 3819 σαϐϐάτῳ
2881 3748 3206 3815 συλλέξαντα
3233 3751 3260 3803 6
3286 3749 3474 3817 νόμος,
3506 3750 3598 3801 καὶ
3623 3749 3870 3801 ἐλίθασεο

2295 3834 2451 3886 τοῦτό
2478 3837 2612 3900 ἐστι,
2656 3836 2725 3889 T6
2754 3836 2989 3904 γράμμα
3016 3836 3373 3889 ἀποκτείνει.
3411 3836 3654 3904 Μυρίους
3680 3836 3873 3906 ἀνδρο-

2298 3923 2491 3989 φόνους
2511 3925 2604 3975 καὶ
2621 3924 2824 3993 λῃστάς
2852 3924 3117 3993 λαμϐάνει
3145 3928 3178 3995 ἠ
3206 3925 3383 3996 χάρις,
3414 3926 3505 3977 καὶ
3535 3925 3875 3994 βαπτίζουσα

2298 4010 2625 4065 ἀπαλλάττει
2678 4010 2788 4064 τῶν
2850 4012 3130 4081 προτέρων
3181 4012 3394 4065 κακῶν·
3440 4012 3596 4065 τοῦτό
3624 4015 3762 4078 ἐστι,
3804 4015 3875 4069 Τὸ

2298 4103 2533 4171 πνεῦμα
2566 4100 2846 4161 ζωοποιεῖ.
2907 4103 3145 4166 Ἐκεῖνος
3172 4104 3279 4156 ἀπὸ
3310 4104 3509 4167 ζῶντος
3556 4107 3749 4176 νεκρὸν
3784 4107 3876 4177 ἐρ-

2298 4193 2523 4263 γάζεται
2578 4194 2667 4247 τὸν
2710 4194 2933 4247 ἁλόντα·
2966 4194 3104 4266 αῦτη
3136 4196 3242 4248 ἀπὸ
3268 4197 3460 4269 νεκροῦ
3492 4196 3669 4262 ζῶντα
3701 4216 3874 4251 κατα-

2302 4285 2659 4349 σκευάζειτὸν
2688 4285 3197 4341 ὑπεύθυνον.Δεῦτε
3220 4288 3325 4358 γάρ
3357 4288 3504 4355 πρός
3521 4305 3621 4355 με,
3652 4288 3877 4352 πάντες

2300 4379 2354 4429 οἱ
2392 4375 2717 4440 κοπιῶντες
2762 4377 2857 4429 καὶ
2912 4375 3405 4444 πεφορτισμένοι·
3454 4377 3548 4426 καὶ
3590 4375 3691 4426 οὐκ
3730 4372 3874 4439 εἷπε,

2300 4467 2529 4518 Κολάσω
2563 4468 2726 4535 ὑμᾶς,
2761 4466 2893 4529 ἀλλ’,
2940 4468 3295 4519 ’Λναπαύσω
3321 4463 3495 4533 ὑμᾶς.
3541 4466 3629 4517 Ἐν
3660 4466 3766 4537 γάρ
3795 4466 3876 4537 τῷ

2304 4556 2637 4629 βαπτίσματι
2683 4556 2943 4609 θάπτεται
2988 4556 3055 4609 τά
3104 4557 3494 4626 ἁμαρτήματα,
3536 4557 3875 4628 ἐξαλείφεται

2303 4648 2371 4700 τὰ
2419 4648 2677 4718 πρότερα,
2730 4647 3071 4710 ζωοποιεῖται
3121 4650 3148 4701 6
3201 4646 3502 4718 ἄνθρωπος,
3561 4648 3759 4726 ὥσπερ.
3796 4652 3876 4713 είς

2308 4740 2488 4793 πλάκα
2518 4738 2682 4793 αὑτοῦ
2706 4740 2801 4809 τὴν
2834 4740 3058 4810 καρδίαν
3092 4741 3424 4810 ἐγγράφεται
3452 4742 3601 4793 πᾶσα
3630 4743 3662 4809 ἠ
3698 4741 3873 4811 χάρις.

2317 4830 2599 4898 Ἐννόησον
2643 4830 2818 4881 τοίνυν
2861 4830 2959 4899 ὅση
2991 4828 3084 4883 τοῦ
3139 4829 3453 4898 Πνεῦματος
3489 4831 3520 4897 ἡ
3569 4828 3716 4893 ἀξία,
3750 4831 3876 4881 όταν

2306 4920 2360 4972 αἱ
2390 4919 2593 4983 πλάκες
2627 4919 2788 4973 αὑτοῦ
2827 4920 3064 4988 βελτίους
3088 4922 3194 4973 τῶν
3217 4922 3516 4992 προτέρων,
3543 4921 3672 4973 ὅταν
3699 4921 3877 4991 μεῖζόν

2306 5028 2359 5065 τι
2393 5013 2487 5065 xal
2503 5012 2670 5080 αὐτῆς
2689 5014 2786 5082 τῆς
2810 5012 3154 5073 ἀναστάσεως
3182 5012 3603 5081 ἐπιδεικνύηται.
3632 5013 3744 5067 Kal
3767 5012 3875 5083 γάρ

2308 5104 2343 5173 ὴ
2372 5103 2635 5174 νέκρωσις
2654 5104 2795 5173 αῦτη
2819 5103 2919 5170 τῆς
2952 5102 3224 5171 προτέρας
3272 5100 3647 5171 χαλεπωτέρα,
3684 5098 3749 5176 ἦς
3780 5102 3875 5155 καὶ⁵

2308 5194 2659 5256 ἀπαλλάττει,
2701 5194 2795 5245 καὶ
2838 5188 3093 5259 τοσούτῳ,
3144 5191 3253 5258 ὅσῳ
3284 5190 3429 5260 ψυχὴ
3475 5190 3727 5260 σώματος
3755 5190 3874 5260 βελ-

2307 5287 2467 5339 τίων·
2496 5285 2591 5339 καὶ
2632 5285 2767 5353 αῦτη
2800 5282 2867 5336 δι’
2896 5280 3108 5351 ἐκείνης
3142 5282 3448 5337 συνίσταται
3480 5287 3513 5353 ή
3547 5283 3681 5355 ζωὴ,
3716 5284 3778 5351 ἢν
3815 5280 3877 5331 τὸ

2310 5378 2533 5448 Πνεῦμα
2574 5376 2785 5429 δίδωσιν
2805 5392 2817 5404 ·
2868 5376 2918 5426 εί
2949 5374 3005 5425 δὲ
3041 5373 3243 5444 ταύτην
3272 5374 3496 5428 δυνατὸν
3529 5370 3875 5445 χαρίσασθαι,

2310 5468 2492 5539 πολλῷ
2524 5466 2721 5537 μᾶλλον
2761 5466 2861 5534 τὴν
2891 5462 3173 5517 ἐλάττονα·
3224 5465 3439 5537 εκείνην
3469 5465 3567 5535 μέν
3593 5462 3703 5533 γάρ
3740 5475 3876 5529 προ-

2311 5561 2478 5631 φῆται
2527 5558 2878 5628 εἰργάσαντο,
2933 5554 3132 5624 ταύτην
3184 5556 3239 5610 δέ
3290 5541 3492 5609 οὐκέτι.
3535 5552 3719 5613 Οὐδεὶς
3766 5550 3877 5621 γὰρ

2314 5650 2533 5705 δύναται
2564 5648 2783 5719 ἀφιέναι
2821 5646 3111 5719 ἁμαρτίας,
3144 5650 3190 5701 εί
3220 5648 3293 5721 μὴ
3318 5648 3477 5717 μόνος
3504 5647 3532 5697 6
3568 5642 3715 5707 Θεός.
3742 5642 3877 5695 υὺδδ
