4568 6424
865 384 969 442 ιὸθ
1648 377 1707 435 S.
1747 373 2027 433 JOANNIS
2062 363 2535 427 CliRYSOSTOMI
2573 364 2891 422 ARCHIEP.
2929 354 3466 423 CONSTANTINOP.

866 498 1040 568 magis
1061 495 1321 552 minorem
1347 512 1361 549 :
1386 493 1527 549 illam
1555 491 1752 549 etenim
1786 490 2062 561 prophetae
2087 497 2299 556 quoque
2318 494 2449 537 con-

866 590 1122 650 tulerunt.
1156 586 1291 642 hanc
1316 594 1495 641 autem
1526 599 1631 639 nun
1656 581 1900 654 perinde.
1930 576 2101 634 Nemo
2143 575 2311 638 enim,
2341 570 2451 626 Deo

865 695 974 734 uno
999 689 1244 749 excepto,
1272 688 1491 748 peccata
1522 676 1799 731 remittere
1826 678 2023 742 potest.
2046 666 2185 736 Quin
2217 681 2285 722 ne
2307 664 2454 719 illam

863 774 1076 848 quidem
1103 774 1231 830 citra
1254 774 1485 844 Spiritus
1507 785 1663 838 opem
1684 769 1992 837 przebebant
2015 764 2312 835 prOphette.
2337 761 2449 817 Nec

868 882 998 922 vero
1043 865 1146 921 hoc
1173 865 1454 919 dumtaxat
1493 863 1687 916 mirum
1733 869 1836 923 est,
1876 857 2019 928 quod
2045 855 2300 922 vivificet,
2352 850 2449 909 sed

864 959 1027 1013 etiam
1057 956 1202 1029 quod
1236 955 1287 1009 id
1317 953 1545 1009 faciendi
1570 961 1887 1023 potestatem
1913 950 2035 1004 aliis
2060 962 2273 1019 quoque
2307 960 2450 1016 pra:-

863 1049 1061 1105 buerit.
1118 1045 1347 1117 Accipite
1406 1045 1587 1111 enim,
1643 1043 1855 1113 inquit,
1910 1039 2164 1108 Spiritum
2218 1046 2454 1091 sanctum

874 1140 1056 1209 (Joan.
1079 1137 1167 1194 20.
1193 1136 1305 1206 22).
1336 1135 1471 1207 Quid
1496 1135 1610 1190 ita?
1635 1151 1702 1190 an
1735 1134 1783 1188 id
1814 1133 1933 1189 sine
1957 1130 2155 1201 Spiritu
2185 1143 2290 1184 non
2317 1128 2449 1182 lice-

864 1228 998 1285 bat?
1024 1230 1126 1285 Sed
1160 1238 1214 1283 ut
1239 1228 1549 1304 ostenderet
1575 1227 1715 1281 Deus
1760 1223 1912 1278 illum
1954 1235 2220 1291 supremae
2258 1229 2449 1290 poten-

867 1321 955 1376 tia:
994 1336 1058 1377 ac
1085 1320 1246 1390 regiae
1287 1318 1431 1374 illius
1475 1320 1723 1373 essentia:
1767 1330 1909 1381 esse,
1952 1312 2306 1383 eamdemque
2344 1312 2451 1366 vim

866 1414 1086 1481 habere,
1113 1412 1195 1466 his
1218 1411 1392 1465 verbis
1415 1411 1581 1464 utitur
1604 1426 1617 1462 :
1640 1407 1863 1476 idecque
1892 1405 2185 1475 subiungit,
2222 1403 2453 1470 Quorum

867 1505 1159 1560 remiseritis
1184 1512 1409 1573 peccata,
1440 1500 1760 1555 remittuntur
1787 1499 1895 1561 eis;
1918 1506 1963 1551 et
1983 1512 2195 1567 quorum
2221 1494 2450 1548 retinue-

865 1599 1001 1664 rin’s,
1030 1605 1223 1650 retenta
1251 1604 1387 1648 sunt.
1418 1590 1859 1659 Quandoquidem
1892 1590 2053 1658 igitur
2089 1602 2186 1640 nos
2213 1586 2318 1639 vita
2348 1584 2450 1639 do-

868 1689 1034 1755 navit,
1069 1688 1306 1742 viventes
1348 1699 1682 1747 maneamus,
1719 1696 1818 1737 nec
1846 1681 1912 1735 ad
1943 1681 2174 1749 priorem
2221 1686 2451 1730 mortem

864 1796 1053 1837 rursus
1100 1780 1427 1836 redeamus:
1461 1776 1692 1832 Christus
1741 1772 1883 1828 enim
1922 1772 2037 1841 jam
2083 1785 2185 1823 non
2236 1768 2454 1821 moritur

869 1872 1043 1938 (Rom.
1070 1875 1123 1930 6.
1157 1873 1271 1946 10).
1293 1869 1445 1947 Quod
1475 1871 1630 1927 enirn.
1652 1877 1894 1923 mortuus
1921 1873 2023 1929 est,
2055 1846 2273 1932 peccato
2299 1874 2447 1913 mor-

866 1972 991 2020 tuus
1015 1973 1097 2020 est
1124 1963 1315 2028 semel,
1345 1976 1446 2017 nec
1474 1961 1586 2014 vult
1608 1972 1821 2025 semper
1850 1970 1948 2010 nos
1976 1953 2160 2023 gratite
2188 1948 2454 2005 beneﬂcio

867 2056 1092 2111 salutem
1122 2052 1414 2123 consequi;
1442 2049 1643 2120 alioqui
1666 2048 1809 2101 enim
1839 2044 2079 2099 omnium
2111 2039 2263 2094 vacui
2290 2036 2453 2091 futuri

866 2161 1054 2201 sumus
1083 2163 1098 2198 :
1128 2134 1193 2199 ac
1221 2140 1450 2214 proinde
1478 2154 1510 2194 a
1543 2137 1707 2193 nobis
1731 2150 1947 2206 quoque
1976 2130 2175 2202 aliquid
2217 2127 2453 2185 conferri

864 2240 1001 2294 vult.
1036 2238 1218 2306 itaque
1266 2234 1371 2290 hoc
1402 2232 1767 2295 conferamus,
1814 2235 1871 2281 ut
1914 2226 2147 2279 animam
2179 2224 2451 2278 viventem

866 2341 1270 2385 conservemus.

942 2422 1138 2475 Anima:
1159 2418 1287 2482 vita,
1317 2430 1450 2486 qua.
1475 2441 1549 2454 —
1573 2410 1709 2481 Quid
1737 2418 1914 2465 autem
1945 2408 2137 2462 anima:
2164 2406 2268 2461 vita
2299 2405 2389 2469 sit,
2420 2417 2451 2458 a

868 2527 1098 2584 corpore
1143 2510 1310 2565 disce.
1354 2507 1562 2563 Etenim
1611 2520 1806 2573 corpus
1844 2512 1961 2558 tum
2007 2501 2225 2557 demum
2274 2499 2453 2552 vivere

867 2605 1066 2660 dicitur
1094 2618 1213 2658 eum
1246 2613 1378 2656 sano
1407 2596 1638 2669 quodam
1666 2611 1854 2666 gressu
1880 2592 2114 2649 incedit:
2139 2601 2192 2645 at
2222 2590 2309 2644 ubi
2339 2589 2452 2643 dis-

865 2696 1099 2752 solutum
1123 2696 1286 2764 iacet,
1314 2706 1376 2747 ac
1398 2699 1725 2761 praepostere
1751 2694 2017 2751 movetur,
2043 2683 2251 2737 etiamsi
2275 2681 2454 2735 vivere

867 2799 957 2844 aut
985 2785 1260 2843 ambulare
1290 2785 1538 2848 videatur
1559 2823 1575 2848 ,
1623 2791 1799 2835 tamen
1831 2777 2018 2849 quavis
2044 2784 2215 2829 morte
2240 2772 2453 2843 gravior

866 2891 949 2938 est
974 2879 1281 2951 huiusmodi
1310 2879 1440 2934 vita.
1472 2874 1676 2931 Eodem
1708 2872 1870 2928 modo
1897 2871 1940 2927 si
1966 2870 2096 2924 nihil
2123 2870 2237 2923 sani
2270 2869 2453 2937 loqua-

871 2982 978 3041 tur,
1007 2973 1101 3028 sed
1131 2986 1339 3037 eorum,
1371 2970 1460 3039 qui
1492 2966 1688 3022 mentis
1717 2972 1914 3019 emota:
1942 2971 2095 3026 sunt,
2126 2960 2300 3013 verbis
2333 2966 2451 3010 nta-

867 3076 955 3120 tur
975 3107 991 3131 ,
1032 3075 1195 3135 atque
1223 3061 1327 3116 alia
1359 3075 1456 3129 pro
1480 3059 1601 3112 aliis
1629 3064 1816 3110 cernat
1835 3094 1847 3115 ,
1880 3066 2067 3107 rursus
2099 3048 2455 3104 miserabilior

867 3166 952 3212 est
978 3155 1067 3209 ille
1087 3195 1102 3219 ,
1134 3169 1292 3225 quam
1323 3149 1541 3206 mortui.
1574 3146 1665 3202 Sic
1692 3146 1869 3200 anima
1898 3158 2110 3213 quoque
2131 3183 2145 3205 ,
2177 3156 2296 3195 cum
2323 3138 2454 3193 nihil

869 3250 985 3304 sani
1018 3248 1198 3310 habet,
1230 3243 1441 3301 etiamsi
1474 3239 1699 3294 viventis
1725 3237 1959 3306 speciem
1991 3234 2242 3303 praebeat,
2278 3239 2455 3282 tamen

871 3347 1082 3402 mortua
1110 3346 1193 3391 est
1216 3351 1231 3387 :
1254 3350 1375 3388 cum
1406 3345 1596 3385 aurum
1631 3344 1735 3383 non
1767 3337 1824 3381 ut
1850 3340 2070 3388 aurum,
2104 3322 2198 3375 sed
2250 3327 2307 3373 ut
2345 3332 2457 3371 ma-

870 3443 1036 3501 gnum
1080 3425 1279 3496 aliquid
1310 3438 1373 3479 ac
1400 3423 1694 3492 pretiosum
1734 3418 1942 3481 cernit;
1988 3429 2109 3468 cum
2150 3412 2319 3465 futura
2351 3422 2456 3461 non

873 3499 1110 3593 cogitat,
1152 3518 1246 3572 sed
1283 3516 1428 3571 humi
1476 3515 1679 3584 serpit;
1720 3525 1842 3568 cum
1876 3522 1971 3576 pro
2007 3504 2128 3558 aliis
2155 3502 2258 3555 alia
2306 3499 2453 3553 facit.

874 3591 1030 3670 unde
1058 3608 1206 3665 enim
1237 3622 1338 3662 nos
1366 3606 1541 3659 anima
1584 3600 1835 3671 pra‘ditos
1862 3611 1983 3651 esse
2010 3591 2252 3648 constat?
2280 3605 2459 3643 annon

873 3720 940 3763 ex
969 3699 1314 3759 actionibus?
1342 3698 1478 3753 Cum
1515 3696 1675 3765 igitur
1718 3692 1829 3747 suis
1860 3692 1972 3759 ipsa
2012 3685 2322 3743 muneribus
2351 3699 2457 3737 non

872 3792 1149 3869 fungitur,
1177 3808 1358 3848 annon
1386 3798 1596 3845 mortua
1625 3787 1744 3843 est?
1776 3784 1932 3839 Verbi
1961 3781 2129 3854 gratia
2149 3820 2165 3846 ,
2192 3794 2312 3834 cum
2347 3777 2459 3831 vir-

877 3868 1008 3947 tutis
1032 3904 1159 3945 cura
1203 3901 1309 3943 non
1344 3891 1554 3939 tenetur
1578 3921 1595 3946 ,
1634 3878 1727 3933 sed
1758 3875 1897 3944 rapit
1923 3889 1987 3927 ac
2012 3871 2272 3940 flagitiose
2298 3868 2459 3933 vivit,

876 3982 1021 4038 unde
1044 3993 1239 4050 queam
1266 3977 1451 4029 dicere
1475 3971 1708 4024 animam
1730 3965 1822 4020 tibi
1851 3962 2065 4019 inesse?
2090 3976 2157 4013 an
2180 3958 2319 4029 quod
2346 3973 2463 4012 am-

885 4049 1085 4127 bules‘l
1109 4068 1180 4122 At
1209 4065 1311 4119 hoc
1338 4063 1493 4119 bruta
1522 4059 1681 4114 etiam
1716 4056 1935 4112 habent.
1968 4053 2049 4107 An
2078 4050 2218 4121 quod
2244 4049 2373 4105 edas
2401 4061 2465 4104 ac

880 4160 1073 4220 bibas?
1111 4162 1184 4216 At
1226 4158 1329 4213 hoc
1366 4155 1603 4211 ferarum
1643 4164 1857 4222 quoque
1884 4156 1985 4203 est.
2019 4150 2100 4200 An
2130 4142 2273 4214 quod
2319 4152 2466 4197 recto

882 4268 1113 4325 corpore
1137 4252 1231 4316 sis,
1260 4265 1324 4306 ac
1350 4248 1559 4303 duobus
1586 4244 1813 4314 pedibus
1839 4238 2093 4294 insistas?
2117 4238 2185 4291 At
2210 4236 2311 4289 hoc
2337 4233 2467 4287 mihi

810 4400 815 4404 .
879 4323 1063 4419 potius
1106 4342 1305 4399 indicat
1331 4350 1384 4395 te
1413 4338 1647 4393 beliuam
1694 4332 1927 4386 humana
1960 4326 2131 4381 forma
2163 4339 2303 4378 esse.
2338 4323 2469 4375 Nam

880 4415 1008 4495 eum
1031 4444 1228 4492 caetera
1249 4431 1440 4487 eadem
1466 4426 1559 4481 tibi
1580 4439 1701 4480 cum
1725 4422 1903 4477 bellua
1928 4420 2055 4482 sint,
2075 4415 2274 4470 erectio
2294 4424 2471 4466 autem

892 4545 999 4583 non
1046 4528 1172 4580 item
1199 4564 1215 4590 ,
1249 4525 1351 4576 hoc
1380 4520 1499 4590 ipso
1526 4515 1897 4573 vehementius
1926 4525 2014 4567 me
2045 4508 2227 4563 turbas
2254 4520 2318 4561 ac
2347 4520 2472 4575 per-

882 4618 1182 4681 terrefacis,
1209 4614 1483 4683 magisque
1503 4618 1806 4682 portentum
1826 4606 1880 4660 id
1897 4618 2017 4659 esse
2040 4601 2310 4664 existimo,
2331 4597 2473 4666 quod

885 4724 1071 4766 cerno.
1116 4704 1332 4769 Etenim
1370 4702 1420 4758 si
1464 4703 1633 4757 feram
1680 4699 1911 4753 humana
1952 4695 2127 4763 lingua
2172 4689 2474 4759 loquentem

886 4813 1166 4857 cernerem
1192 4839 1209 4864 ,
1255 4811 1362 4851 non
1404 4802 1689 4865 propterea
1736 4788 2008 4844 hominem
2044 4800 2165 4839 esse
2194 4782 2427 4837 dicerem
2458 4796 2472 4832 :

892 4894 1020 4963 quin
1049 4890 1153 4945 hoc
1174 4890 1293 4958 ipso
1320 4887 1541 4941 nomine
1570 4882 1749 4953 potius
1775 4882 1964 4946 feram,
1989 4879 2099 4933 fera
2118 4873 2477 4947 prodigiosio-

893 5000 1031 5041 rem.
1064 4981 1218 5037 Unde
1246 4994 1374 5048 ergo
1400 4976 1530 5031 mihi
1559 4974 1896 5043 eaplnratum
1926 4985 2045 5025 esse
2070 4977 2249 5039 queat,
2287 4968 2477 5020 buma-

894 5092 1019 5133 nam
1046 5076 1281 5130 animam
1315 5070 1410 5127 tibi
1454 5070 1669 5131 inesse,
1702 5078 1824 5121 cum
1853 5071 1914 5118 ut
1952 5062 2087 5116 asini
2113 5060 2393 5120 calcitres,
2424 5063 2483 5108 ut

892 5168 1084 5225 cameli
1128 5178 1335 5222 memor
1368 5162 1449 5217 sis
1488 5152 1825 5229 iniuriarum,
1866 5162 1925 5209 ut
1969 5152 2077 5207 utsi
2123 5146 2397 5212 mordeas,
2426 5151 2485 5198 ut

895 5262 1007 5333 lupi
1038 5260 1216 5331 rapias
1238 5299 1254 5325 ,
1282 5265 1343 5310 ut
1370 5256 1556 5325 vulpes
1584 5249 1785 5311 fureris
1810 5289 1825 5313 ,
1856 5256 1914 5302 ut
1942 5252 2221 5316 serpentes
2248 5237 2396 5293 vafer
2422 5251 2485 5291 ac

899 5328 1271 5407 fraudulentus
1290 5349 1385 5410 sis,
1407 5357 1464 5401 ut
1487 5344 1635 5400 canis
1654 5338 1998 5425 impudenter
2019 5345 2071 5387 te
2093 5330 2293 5403 geras?
2318 5328 2483 5391 unde,

902 5452 1143 5517 Inquam,
1171 5449 1226 5497 te
1258 5439 1487 5495 humana
1515 5421 1693 5493 anima
1734 5430 2015 5505 praeditum
2043 5440 2164 5481 esse
2192 5421 2486 5491 intelligere

904 5514 1137 5609 queam?
1168 5530 1342 5589 Vultis
1369 5538 1633 5585 mortuam
1661 5541 1725 5581 ac
1750 5525 2020 5579 viventem
2047 5514 2277 5571 animam
2308 5520 2489 5566 osten-

906 5602 1073 5685 dam?
1102 5627 1180 5684 Ad
1212 5631 1416 5697 priscos
1446 5621 1565 5675 illos
1594 5619 1738 5673 viros
1768 5622 2073 5670 sermonem
2103 5602 2443 5661 conferamus
2468 5639 2487 5665 ,

908 5739 991 5787 ac,
1021 5721 1067 5776 si
1097 5719 1290 5789 placet,
1319 5717 1536 5771 divitem
1569 5711 1748 5778 illum,
1775 5708 1863 5777 qui
1893 5701 2079 5758 Lazari
2111 5708 2354 5767 tempore
2374 5698 2491 5747 erat

914 5783 1066 5890 (lue.
1098 5783 1224 5885 i6),
1260 5783 1310 5865 iu
1344 5806 1576 5863 medium
1610 5801 1972 5875 proferamus;
2002 5800 2161 5863 atque
2189 5827 2204 5859 ι
2237 5783 2486 5858 quidnam

4046 360 4154 417 41.ιο

2560 477 2773 534 tandem
2814 493 2960 533 mors
2994 478 3189 534 anima:
3231 463 3339 546 sit,
3388 479 3764 550 intelligemus.
3804 480 4016 535 Etettim
4062 480 4151 531 ille

2564 577 2827 623 mortuam
2854 571 3087 625 animam
3117 569 3389 635 habebat;
3414 571 3571 640 idque
3592 587 3657 626 ex
3685 571 3749 625 iis
3770 586 3890 642 quae
3916 568 4149 625 faciebat

2558 657 2725 729 liquet
2752 677 2765 713 :
2795 676 2983 716 eorum
3024 661 3173 719 enim
3217 676 3545 730 munerum,
3589 679 3707 732 quae
3748 665 3942 717 anima:
3982 672 4143 723 sunt,

2557 752 2760 807 nullum
2787 754 3182 824 exsequebatur
3202 796 3218 823 ,
3262 755 3360 811 sed
3397 754 3572 810 solum
3598 753 3793 811 edebat
3820 770 3883 811 ae
3925 755 4147 810 bibebat

2558 856 2613 903 et
2640 848 2999 919 voluptatibus
3024 864 3241 919 operam
3268 846 3450 905 dabat.

2636 940 2680 995 ι.
2715 939 2871 995 Tales
2902 956 3044 997 nunc
3080 941 3245 997 etiam
3287 950 3453 1008 sunt,
3486 940 3577 1011 qui
3617 938 4059 996 immisericordta
4088 950 4148 997 et

2556 1028 2873 1086 crudelitate
2909 1030 3155 1087 laborant
3187 1048 3203 1087 :
3233 1041 3500 1086 mortuam
3527 1026 3670 1085 enim
3701 1028 3755 1084 hi
3784 1043 3997 1100 quoque
4024 1030 4143 1083 ani-

2557 1135 2697 1175 mam
2727 1120 2948 1190 habent,
2978 1134 3035 1179 ut
3061 1134 3117 1180 et
3147 1125 3258 1180 ille.
3289 1123 3584 1180 Universos
3607 1122 3752 1179 enim
3781 1124 3826 1177 is
3850 1123 4019 1189 calor,
4051 1122 4143 1193 qui

2556 1208 2629 1265 ab
2647 1228 2831 1270 amore
2851 1231 2975 1285 erga
2998 1218 3301 1287 proximum
3329 1225 3531 1285 manat,
3547 1217 3860 1285 absumptus
3882 1224 3986 1280 est,
4002 1216 4147 1284 ipsa-

2557 1318 2664 1371 que
2692 1305 2861 1375 magis
2884 1322 3041 1377 quam
3064 1307 3311 1365 exanime
3332 1323 3526 1379 corpus
3555 1317 3761 1363 mortua
3787 1315 3890 1361 est.
3918 1309 3988 1360 At
4016 1321 4151 1375 pau-

2559 1411 2661 1467 per
2702 1413 2810 1454 uon
2856 1399 2970 1466 ita;
3011 1400 3105 1456 sed
3145 1401 3197 1456 in
3237 1402 3350 1472 ipsa
3394 1401 3750 1472 philosophia:
3794 1414 3920 1461 arce
3966 1406 4145 1463 stam.

2557 1488 2802 1547 elucebat
2827 1510 2841 1547 :
2869 1501 2927 1548 et
2952 1495 3196 1563 quamvis
3234 1503 3493 1564 perpetua
3524 1494 3666 1549 fame
3692 1492 4105 1548 conﬂictaretur
4125 1530 4145 1555 ,

2554 1598 2620 1639 ac
2640 1598 2708 1640 ne
2730 1586 3065 1642 necessarius
3086 1587 3299 1657 quidem
3315 1587 3468 1645 cibus
3488 1587 3588 1657 ipsi
3612 1593 3941 1656 suppeteret,
3960 1593 4147 1639 tamen

2556 1692 2626 1734 ne
2651 1679 2731 1734 sic
2758 1679 2973 1750 quidem
3020 1680 3319 1750 blasphemi
3348 1681 3636 1751 quidquam
3681 1678 3940 1734 adversus
3970 1678 4148 1732 Deum

2557 1769 2809 1839 loquutus
2850 1778 2934 1825 est
2955 1811 2971 1836 ,
3003 1771 3099 1826 sed
3125 1773 3305 1826 omnia
3348 1786 3612 1842 generoso
3648 1772 3831 1825 animo
3859 1770 3997 1824 tulit.
4030 1770 4151 1823 Hoc

2559 1872 2721 1927 porro
2746 1874 2853 1913 non
2883 1874 3104 1929 parvum
3130 1862 3323 1917 animm
3350 1876 3486 1932 opus
3513 1870 3616 1924 est,
3644 1860 3738 1916 sed
3766 1860 4062 1914 maximum
4090 1868 4150 1915 et

2557 1960 2846 2003 nervorum
2874 1959 2929 2003 et
2955 1950 3201 2005 sanitatis
3228 1961 3623 2021 argumentum.
3654 1951 3784 2005 Cum
3814 1959 3992 2005 autem
4024 1948 4148 2005 hac

2558 2034 2969 2104 desiderantur,
3003 2038 3173 2108 liquet
3217 2040 3340 2097 ideo
3367 2055 3428 2094 ea
3460 2040 3761 2104 interiisse,
3806 2041 3929 2109 quia
3961 2042 4148 2095 anima

2557 2136 2768 2181 mortua
2798 2129 2887 2181 sit.
2916 2131 3107 2183 Annon
3129 2140 3394 2185 mortuam
3416 2132 3650 2185 animam
3673 2132 3815 2184 illam
3841 2143 3965 2185 esse
3987 2131 4142 2187 dice-

2560 2232 2697 2280 mus,
2725 2233 2885 2286 quam
2908 2219 3110 2274 invadit
3129 2219 3394 2288 diabolus,
3420 2220 3641 2285 feriens,
3670 2221 3968 2287 lancinans,
3991 2236 4143 2274 mor-

2557 2310 2693 2365 dens
2718 2351 2734 2376 ,
2779 2311 3016 2367 calcibus
3065 2313 3329 2382 impetens
3354 2354 3370 2378 ,
3400 2328 3503 2368 nec
3542 2323 3719 2368 tamen
3757 2328 3817 2367 ea
3846 2312 4140 2383 quidquam

2557 2404 2749 2459 horum
2780 2404 2945 2460 sentit
2967 2446 2981 2470 .
3011 2405 3105 2461 sed
3134 2416 3343 2460 mortua
3365 2406 3506 2475 iaeet
3525 2448 3540 2470 ,
3573 2420 3703 2469 nec,
3734 2420 3855 2461 cum
3884 2407 3984 2475 ipsi
4008 2419 4141 2475 opes

2558 2512 2671 2552 suae
2699 2498 3006 2553 adimuntur
3029 2540 3045 2565 ,
3076 2497 3223 2552 dolet
3255 2516 3267 2551 :
3300 2513 3487 2553 verum
3516 2498 3607 2554 ille
3634 2496 3849 2568 quidem
3880 2496 4099 2551 insultat
4122 2538 4136 2559 .

2558 2586 2673 2643 haec
2699 2598 2872 2643 autem
2901 2589 3189 2643 immobilis
3212 2600 3411 2655 manet,
3435 2598 3489 2644 et
3513 2590 3681 2643 instar
3701 2587 3945 2657 corporis
3964 2588 4139 2641 anima

2557 2679 2728 2734 orbati
2756 2679 2905 2734 nullo
2933 2694 3092 2734 sensu
3122 2678 3390 2734 afﬁcitur?
3413 2678 3545 2733 Nam
3575 2692 3695 2733 cum
3726 2677 3820 2731 Dei
3850 2677 4011 2731 timor
4037 2692 4140 2730 una

2558 2786 2679 2826 eum
2726 2786 2854 2825 cura
2893 2786 2957 2824 ac
2999 2772 3267 2841 diligentia
3314 2786 3420 2825 non
3467 2769 3649 2833 adest,
3682 2769 3841 2822 talem
3876 2782 3995 2822 eam
4022 2781 4143 2841 esse

2560 2881 2782 2921 necesse
2806 2874 2888 2920 est
2908 2906 2923 2931 ,
2952 2880 3015 2919 ac
3043 2865 3269 2923 mortuis
3296 2862 3649 2917 miseriorem.
3690 2858 3873 2927 Neque
3913 2858 4057 2912 enim
4090 2836 4140 2909 in

2564 2958 2769 3012 saniem
2803 2966 2857 3010 et
2882 2958 3114 3010 cinerem
3143 2970 3205 3008 ac
3230 2944 3525 3024 pulverem,
3548 2950 3792 3019 corporis
3817 2950 3871 3003 in
3899 2948 4140 3010 modum.

2560 3048 2734 3101 anima
2757 3046 3029 3109 dilabitur,
3055 3044 3149 3099 sed
3175 3046 3227 3097 in
3252 3058 3337 3107 ea,
3364 3057 3482 3112 qum
3506 3041 3589 3095 his
3616 3039 3880 3093 ftetidinra
3910 3048 4057 3101 sunt,
4091 3037 4141 3089 in

2561 3138 2874 3192 ebrietatem
2898 3178 2911 3200 .
2942 3137 2993 3187 in
3021 3135 3299 3187 avaritiam
3323 3172 3338 3197 ,
3372 3132 3424 3186 in
3453 3131 3714 3187 absurdos
3740 3144 3954 3184 amores
3983 3138 4037 3183 et
4066 3129 4145 3181 in-

2565 3226 2910 3294 tempestivas
2936 3224 3275 3292 cupiditates.
3306 3222 3458 3285 Quod
3490 3222 3533 3275 si
3566 3221 3731 3290 ipsius
3758 3222 4003 3274 faetorem
4029 3234 4142 3274 cer-

2499 3324 2501 3327 ’
2567 3320 2671 3372 tius
2702 3315 2893 3371 intueri
2922 3315 3072 3382 cupis
3094 3354 3110 3379 ,
3151 3313 3219 3366 da
3248 3311 3375 3366 mihi
3408 3325 3594 3381 puram
3637 3310 3870 3363 animam
3896 3350 3912 3375 ,
3944 3323 4007 3361 ac
4034 3320 4144 3361 tum

2567 3408 2844 3479 perspicue
2866 3420 3055 3460 cernes
3076 3419 3235 3475 quam
3264 3400 3443 3457 ftetida
3464 3401 3533 3455 sit
3554 3400 3721 3469 turpis
3739 3398 3823 3453 illa
3846 3398 4145 3468 etimpura.

2563 3499 2716 3554 Nunc
2742 3499 2882 3553 enim
2912 3496 2961 3551 id
2981 3496 3199 3551 minime
3221 3493 3530 3564 perspicere
3551 3490 3783 3561 poteris;
3813 3505 3933 3544 nam
3956 3504 4150 3560 quam-

2564 3592 2655 3647 diu
2697 3591 2870 3646 [αξιοτὶ
2902 3590 3100 3643 assueti
3129 3600 3314 3642 sumus
3336 3628 3351 3651 ,
3403 3585 3455 3639 id
3487 3601 3594 3639 non
3621 3584 3885 3639 sentimus
3912 3600 3925 3636 :
3948 3592 4003 3636 at
4024 3596 4146 3635 cum

2565 3685 2929 3758 Spirituaiihus
2972 3681 3311 3737 sermonibus
3351 3679 3543 3733 alimur
3566 3716 3581 3738 .
3630 3686 3758 3730 tunc
3790 3675 3987 3729 malum
4018 3673 4148 3728 illud

2565 3778 2905 3847 agnoscimus
2923 3818 2939 3842 ,
2965 3772 3175 3827 etiamsi
3200 3769 3480 3841 permultis
3500 3766 3807 3821 indiﬂ’erens
3827 3778 3948 3819 esse
3972 3764 4149 3819 videa-

2569 3878 2676 3924 tur.
2710 3870 2787 3924 Ac
2825 3868 2893 3921 de
2934 3865 3178 3935 geltenna
3228 3859 3734 3926 nondum.loquor;
3775 3855 3869 3909 sed
3911 3855 3957 3908 si
4008 3855 4151 3908 lubet

2570 3958 2848 4030 praesentia
2871 3949 3259 4026 expendamus,
3282 3963 3385 4005 nec
3405 3962 3526 4002 eum
3550 3946 3641 4015 qui
3664 3943 3834 4013 turpia
3856 3951 4148 4012 perpetrat,

2570 4051 2665 4107 sed
2708 4064 2830 4105 eum
2874 4046 2967 4114 qui
3010 4043 3182 4111 turpia
3227 4038 3497 4107 loquitur,
3525 4033 3964 4095 consideremus,
3993 4046 4149 4101 quant

2572 4140 2833 4196 ridiculus
2859 4136 2952 4201 sit,
2984 4146 3253 4203 quamque
3281 4142 3401 4186 sese
3428 4126 3659 4199 pritnum
3687 4122 4011 4180 contumelia
4040 4120 4152 4174 anl-

2573 4232 2699 4294 ciat,
2730 4236 2911 4297 atque,
2944 4232 3001 4277 ut
3026 4221 3115 4293 qui
3143 4234 3355 4276 cmnum
3382 4215 3595 4288 aliquod
3620 4230 3685 4271 ex
3712 4230 3807 4269 ore
3832 4214 4052 4279 emittit,
4078 4212 4153 4265 sic

2576 4334 2636 4375 se
2674 4320 2787 4388 ipse
2814 4314 3161 4371 contaminet.
3191 4311 3404 4367 Etenim
3434 4310 3478 4365 si
3508 4308 3670 4362 ﬂuuio
3698 4320 3865 4376 usque
3890 4304 4026 4357 adeo
4054 4303 4151 4373 im-

2580 4425 2709 4479 pura
2738 4418 2842 4474 est,
2867 4406 3061 4477 cogita,
3092 4417 3275 4475 quazso
3294 4443 3311 4469 ,
3338 4399 3513 4472 qualis
3542 4395 3701 4465 huius
3724 4394 3865 4449 «εαηί
3890 4390 4155 4455 scaturigo

2580 4502 2649 4555 sit
2673 4519 2685 4554 :
2711 4500 2794 4555 Ea:
2814 4500 3126 4553 abundantia
3146 4498 3279 4550 enim
3306 4492 3476 4546 cordis
3503 4506 3556 4543 os
3582 4487 3803 4557 loquitur
3832 4481 4044 4554 (Matth.
4071 4481 4153 4535 η.

2580 4591 2693 4661 3i).
2721 4591 2837 4661 Ego
2862 4606 2991 4646 vero
3033 4603 3138 4643 non
3182 4586 3285 4639 hoc
3328 4591 3532 4636 tantum
3576 4576 3796 4631 nomine
3840 4571 4030 4641 lugeo,
4062 4570 4155 4625 sed

2582 4682 2723 4751 quod
2752 4681 2890 4751 apud
2920 4678 3205 4734 nonnullos
3232 4690 3299 4728 ne
3322 4682 3476 4739 turpe
3496 4666 3709 4738 quidem
3731 4661 3871 4716 istud
3896 4661 4153 4716 videatur.

2585 4773 2717 4828 Hinc
2748 4772 2884 4825 mala
2914 4771 3091 4825 omnia
3120 4770 3508 4822 incrementum
3535 4757 3771 4826 capiunt.
3802 4767 3926 4807 cum
3953 4760 4010 4807 et
4035 4766 4157 4822 pec~

2585 4878 2790 4928 camus,
2820 4877 2921 4917 nec
2952 4870 3125 4913 tamen
3154 4868 3377 4926 peccare
3405 4846 3691 4918 nobisipsis
3719 4842 3982 4898 videmur.

2663 4953 2905 5007 Obscena
2928 4951 3063 5019 loqui
3082 4956 3323 5018 quantum
3345 4938 3555 5020 mulum.
3576 4935 3827 4990 -—Visne
3846 4935 4007 5006 igitur
4025 4934 4157 4987 scire

2588 5054 2841 5115 quantum
2873 5042 3069 5098 malum
3099 5040 3167 5093 sit
3200 5034 3373 5103 turpia
3406 5026 3591 5098 loqui?
3618 5026 4001 5081 Animadverte
4029 5039 4157 5093 quo-

2590 5114 2750 5191 modo
2777 5149 2870 5191 eos
2888 5174 2901 5199 ,
2934 5132 3023 5202 qui
3052 5139 3105 5185 te
3132 5126 3391 5185 audiunt,
3422 5116 3789 5173 obscaenitatis
3818 5124 3922 5169 tua:
3946 5114 4157 5183 pudeat.

2591 5227 2723 5295 Quid
2744 5229 2884 5280 enim
2913 5222 3088 5283 vilius,
3109 5215 3235 5287 quid
3257 5208 3615 5278 contemptius
3644 5207 3859 5261 homine
3887 5204 4057 5272 turpia
4089 5202 4160 5254 lo-

2592 5294 2822 5387 quente?
2847 5314 2977 5369 Nam
3006 5310 3094 5380 qui
3124 5305 3259 5359 tales
3287 5307 3449 5366 sunt,
3480 5297 3531 5353 in
3561 5296 3880 5352 histrionum
3900 5294 4122 5349 classem
4143 5330 4156 5351 .

2594 5383 2752 5477 atque
2780 5408 2831 5459 iu
2863 5401 3160 5473 prostituta:
3188 5388 3456 5463 pudicitia:
3479 5388 3760 5444 mulierum
3785 5383 4029 5439 ordinem
4048 5392 4161 5432 sese

2594 5469 2919 5556 contruduut
2940 5514 2953 5549 :
2974 5494 3084 5549 imo
3103 5488 3264 5543 etiam
3286 5483 3406 5553 plus
3426 5482 3553 5547 illis,
3578 5495 3734 5550 quam
3759 5476 3931 5540 vobis,
3952 5469 4162 5542 pudoris

2597 5593 2753 5647 inest.
2782 5588 3022 5655 Quonam
3067 5587 3241 5632 autem
3284 5574 3444 5627 modo
3488 5585 3710 5626 uxorem
3753 5566 3820 5621 ad
3862 5557 4161 5632 pudicitiam

2599 5686 2809 5741 erudire
2836 5692 3021 5751 queas,
3046 5688 3164 5728 eum
3191 5685 3283 5740 per
3310 5664 3611 5737 huiusmodi
3634 5661 3792 5717 verba
3813 5669 3929 5711 eam
3956 5651 4021 5703 ad
4049 5649 4162 5702 lilii-

2599 5780 2775 5837 dinem
2816 5742 3099 5831 instituas?
3132 5763 3355 5821 Praestat
3398 5756 3601 5815 saniem
3642 5768 3706 5809 ex
3750 5760 3842 5803 ore
3889 5742 4121 5800 emittere
4146 5778 4155 5801 ,η
