4568 6424
254 524 359 583 ιιι
1284 508 1352 569 ΙΝ
1388 507 1602 567 εριετ.
1642 508 1685 564 ll
1747 507 1840 564 AD
1873 506 2030 565 COB.

1747 507 1840 564 AD
1873 506 2030 565 COB.
2068 506 2300 565 ηυιιιιι.
2342 505 2451 563 γιι.
3424 502 3535 561 ιιξ

255 648 423 706 quam
452 629 672 687 verbum
701 627 1041 685 obscmnum.
1072 624 1152 684 Ae
1177 640 1343 690 nunc,
1369 627 1417 682 si
1443 623 1631 681 fmteat
1659 639 1742 691 os,
1775 640 1846 681 ne

262 724 335 779 ad
364 734 677 778 communes
713 718 933 791 quidem
961 717 1113 773 cibos
1137 715 1471 780 admitteris,
1511 730 1638 771 cum
1660 724 1843 771 autem

254 815 439 869 anima
459 826 631 882 usque
648 810 784 866 adeo
804 808 1009 874 lmteat,
1028 806 1161 863 hens
1182 816 1261 873 tu,
1286 806 1541 878 mysteria
1563 807 1840 876 percipere

256 921 371 960 non
406 902 664 959 dubitas?
697 902 776 958 Ac
800 902 846 956 si
871 899 1066 970 aliquis
1106 911 1204 953 vas
1242 897 1509 966 impurum
1536 897 1843 967 acciperet,

254 1006 423 1065 atque
443 994 496 1048 in
518 1008 702 1048 mensa
725 1002 812 1047 tua
837 990 1143 1051 collocaret,
1169 986 1397 1042 fustibus
1416 1001 1629 1057 quoque
1647 1001 1846 1042 casum

256 1086 415 1140 illum
444 1086 691 1155 exigeres
716 1101 729 1135 :
755 1092 812 1136 ιιι
834 1095 965 1136 vero
982 1080 1150 1135 Deum
1172 1077 1379 1147 habens
1396 1077 1451 1132 in
1472 1091 1658 1132 mensa
1679 1076 1847 1146 ipsius

255 1181 472 1240 (mensa
498 1174 639 1227 enim
668 1172 837 1242 ipsius
878 1183 942 1223 os
988 1177 1231 1223 nostrum
1260 1174 1365 1231 est,
1396 1181 1517 1221 cum
1553 1165 1845 1236 gratiarum

256 1265 480 1335 plenum
506 1265 636 1334 est),
655 1262 844 1332 quovis
870 1261 1080 1329 impuro
1100 1273 1227 1315 vase
1248 1257 1659 1314 exsecrabiliora
1684 1256 1848 1312 verba

257 1357 574 1426 proterens,
603 1368 789 1424 quaeso
831 1362 884 1407 te
905 1392 920 1415 ,
966 1366 1075 1405 non
1115 1364 1239 1405 eum
1265 1349 1331 1404 ad
1369 1348 1697 1403 iracundiam
1726 1361 1850 1418 pro-

254 1462 455 1502 vocare
484 1445 674 1515 putas?
703 1455 758 1499 et
782 1443 871 1513 qui
892 1442 997 1497 hoc
1020 1440 1135 1496 ﬁeri
1158 1439 1353 1509 queat?
1369 1438 1511 1494 Nihil
1533 1438 1676 1493 enim
1694 1452 1851 1509 asque

254 1547 504 1599 sanctum
532 1535 682 1590 illum
710 1548 773 1588 ac
802 1546 997 1601 purum
1035 1529 1323 1584 exacerbat
1347 1568 1364 1593 ,
1408 1536 1467 1583 ut
1500 1527 1664 1583 verba
1689 1526 1808 1581 haec
1828 1569 1844 1583 .

258 1618 399 1674 nihil
446 1619 518 1671 ita
550 1613 867 1670 temerarios
895 1623 952 1667 et
980 1611 1322 1680 impudentes
1352 1608 1599 1664 homines
1628 1607 1845 1676 reddit,

253 1722 319 1765 ut
351 1705 657 1778 hujusmodi
687 1704 849 1759 verba
882 1703 1026 1771 loqui
1055 1710 1111 1756 et
1138 1700 1363 1754 audire:
1387 1697 1524 1753 nihil
1561 1712 1717 1769 atque
1743 1713 1845 1768 pu-

251 1800 456 1855 dicilia:
486 1812 681 1852 nervos
711 1794 978 1864 refringit.
1001 1801 1062 1847 ut
1083 1790 1318 1855 ﬂamma,
1337 1804 1457 1859 quae
1483 1804 1579 1860 per
1604 1803 1670 1845 ea
1696 1790 1846 1846 exci-

259 1899 424 1945 tatur.
456 1888 597 1945 Deus
627 1893 958 1957 unguentum
988 1883 1070 1937 ori
1113 1891 1207 1935 tuo
1252 1878 1537 1949 imposuit;
1580 1886 1674 1935 tuo
1716 1894 1850 1936 vero

258 1981 525 2038 cadavere
552 1976 822 2033 lmtidiora
855 1973 1016 2030 verba
1047 1973 1101 2026 in
1130 1986 1199 2027 eo
1229 1970 1478 2025 recondis
1496 2009 1513 2036 ,
1545 1978 1706 2041 atque
1732 1969 1848 2024 ani~

256 2091 407 2133 mam
450 2075 617 2146 ipsam
663 2070 865 2127 occidis
910 2076 965 2122 et
1010 2064 1338 2120 immobilem
1387 2061 1590 2117 reddis.
1635 2061 1845 2118 Etenim

256 2183 383 2223 cum
409 2167 642 2236 aliquem
668 2159 993 2218 contumelia
1022 2156 1213 2220 silicis,
1243 2155 1345 2210 hoc
1374 2168 1479 2208 non
1508 2154 1723 2219 animae,
1750 2152 1847 2208 sed

258 2258 557 2315 iracundias
582 2271 686 2309 vox
714 2262 830 2318 est;
861 2266 985 2307 cum
1012 2249 1266 2305 obscmna
1298 2246 1554 2315 loqueris,
1586 2260 1690 2299 non
1718 2244 1806 2300 illa
1828 2284 1847 2311 ,

258 2351 359 2405 sed
397 2348 561 2405 libido
587 2346 804 2416 loquuta
833 2351 954 2409 est;
985 2354 1108 2397 cum
1135 2338 1429 2403 obtrectas,
1462 2335 1655 2390 invidia
1680 2352 1696 2401 ;
1724 2351 1846 2391 cum

259 2438 485 2496 insidias
514 2437 700 2504 struis,
732 2433 978 2489 avaritia.
1010 2430 1138 2485 Haec
1164 2428 1307 2484 enim
1340 2441 1447 2481 non
1475 2426 1671 2480 animas
1699 2434 1845 2493 sunt,

254 2533 359 2589 sed
380 2530 840 2603 perturbationum
860 2524 1029 2594 ipsius
1048 2537 1112 2576 ac
1134 2520 1463 2575 morborum.
1484 2516 1847 2586 Quemadmo—

254 2624 390 2677 dum
420 2621 563 2677 enim
591 2616 864 2686 corrumpi
890 2655 907 2680 ,
941 2628 1047 2667 non
1086 2608 1401 2677 simpliciter
1440 2606 1684 2671 corporis
1719 2616 1802 2661 est
1824 2647 1843 2673 ,

1957 627 2055 681 sed
2083 626 2273 681 mortis
2297 634 2354 680 et
2379 623 2491 680 vitii
2516 622 2661 696 quod
2688 622 2742 678 in
2765 634 2993 691 corpore
3013 630 3101 678 est
3119 640 3133 677 :
3153 630 3344 679 eodem
3377 632 3536 677 modo

1955 712 2055 769 ista
2092 729 2305 785 quoque
2327 756 2346 780 ,
2388 713 2802 770 adventitiarnm
2847 712 3043 768 anima:
3072 714 3534 783 perturbationum

1952 813 2096 859 sunt.
2126 804 2262 861 Nam
2290 805 2336 861 si
2362 806 2592 861 viventis
2616 805 2809 860 animm
2839 818 3023 860 vocem
3049 804 3236 860 audire
3260 805 3345 859 vis
3366 845 3380 869 ,
3413 802 3538 859 audi

1956 894 2178 950 Paulum
2204 896 2472 953 dicentem
2499 916 2513 953 :
2540 896 2795 951 Habentes
2820 896 3058 950 alimenta
3074 937 3087 957 ,
3117 906 3166 951 et
3188 896 3370 966 quibus
3394 905 3537 967 τινα·
3643 908 3648 914 “

1952 1000 2067 1037 mur
2088 1024 2102 1048 ,
2129 984 2212 1040 Itis
2236 987 2463 1042 contenti
2489 1004 2664 1042 sumus
2702 986 2780 1061 (Ι.
2813 986 2945 1041 Tim.
2973 987 3027 1043 5.
3055 988 3149 1058 8);
3182 997 3236 1042 et
3253 1028 3270 1053 ,
3301 987 3540 1054 Questus

1954 1091 2169 1147 magnus
2194 1088 2268 1132 est
2297 1080 2459 1149 pietas
2484 1078 2648 1151 (Ibid.
2677 1094 2726 1132 υ.
2757 1079 2815 1150 6)
2843 1096 2861 1147 ;
2890 1089 2969 1147 et,
2996 1062 3154 1147 Mihi:
3179 1081 3399 1134 mundus
3420 1095 3535 1133 m-

1951 1170 2138 1239 eiﬁaus
2166 1182 2277 1237 est,
2307 1181 2356 1226 et
2379 1188 2472 1242 ego
2501 1172 2691 1226 mundo
2719 1170 2864 1241 (Gal.
2910 1171 2965 1227 6.
3010 1172 3125 1244 ιι).
3155 1171 3294 1228 Audi
3321 1171 3537 1226 Petrum

1952 1259 2241 1327 dicentem,
2262 1263 2540 1334 Argentum
2559 1271 2608 1317 et
2626 1278 2811 1317 aurum
2828 1278 2931 1316 non
2948 1272 3021 1317 est
3040 1263 3166 1317 mihi
3184 1277 3203 1327 ,'
3220 1263 3356 1334 quod
3374 1270 3540 1316 autem

1955 1352 2112 1408 habeo
2130 1392 2149 1420 ,
2177 1353 2393 1409 hoc‘tibi
2417 1354 2485 1409 do
2510 1352 2651 1427 (Act.
2681 1354 2736 1410 δ.
2762 1352 2820 1424 ϐ)
2844 1370 2857 1407 :
2881 1353 3004 1408 andi
3029 1352 3132 1409 Joh
3156 1356 3355 1424 gratias
3379 1369 3541 1424 agen~

1953 1452 2060 1499 tem
2106 1460 2171 1502 ac
2207 1445 2514 1514 dicentem,
2545 1446 2797 1501 Dominus
2835 1444 3013 1511 dedit,
3049 1444 3300 1499 Dominus
3332 1445 3541 1500 abstulit

1952 1533 2099 1605 (Job
2128 1535 2182 1592 l.
2223 1535 2337 1606 2i).
2371 1535 2499 1592 Haec
2534 1536 2762 1592 viventis
2804 1535 2997 1590 animat
3037 1533 3203 1590 verba
3232 1546 3391 1600 sunt,
3422 1535 3538 1589 hanc

1952 1640 2102 1680 suam
2125 1626 2232 1681 vim
2257 1629 2574 1684 exserentis.
2602 1627 2693 1684 Sic
2716 1625 2884 1683 Jacob
2909 1627 3075 1682 etiam
3102 1626 3335 1695 dicebat,
3361 1627 3423 1682 Si
3448 1628 3538 1683 de-

1950 1714 2081 1768 derit
2106 1715 2231 1769 mihi
2257 1714 2506 1770 Dominus
2539 1733 2723 1786 panem
2742 1716 2813 1772 ad
2836 1717 3245 1773 manducandum
3263 1757 3278 1782 ,
3318 1727 3365 1771 et
3391 1719 3539 1773 vesti-

1950 1815 2174 1859 mentum
2202 1805 2270 1859 ad
2306 1806 2803 1878 induendum_(Gen.
2833 1807 2927 1863 28.
2958 1808 3053 1881 20)
3082 1826 3097 1863 :
3123 1808 3201 1864 sic
3227 1818 3283 1865 et
3302 1807 3537 1879 Joseph,

1953 1894 2067 1962 Quo
2087 1904 2234 1965 pacto
2260 1896 2448 1966 faciam
2471 1896 2672 1951 verbum
2693 1898 2790 1951 hoc
2811 1898 3028 1962 malum,
3058 1909 3107 1952 et
3130 1902 3345 1968 peccabo
3367 1917 3537 1956 coram

1950 1982 2063 2039 Deo
2093 1984 2252 2054 (Ibid.
2285 1985 2374 2041 39.
2405 1986 2502 2057 9)?
2532 1986 2596 2041 At
2628 2001 2735 2041 non
2757 1986 2981 2056 perinde
3014 1986 3241 2043 barbara
3280 1991 3367 2045 illa
3392 2031 3408 2057 ,
3438 1991 3535 2047 sed

1954 2076 2105 2132 velut
2126 2077 2277 2133 ebria
2305 2092 2369 2134 ac
2392 2078 2653 2145 delirans,
2682 2080 2752 2134 ita
2780 2079 3097 2148 loquebatur
3119 2080 3328 2149 dicens,
3355 2081 3537 2139 Donni

1951 2182 2146 2221 mecum
2172 2166 2331 2237 (Ibid.
2361 2184 2411 2222 υ.
2442 2168 2519 2239 7).
2567 2168 2692 2223 llaec
2723 2169 2882 2239 igitur
2915 2184 3037 2223 cum
3075 2170 3385 2225 noverimus
3407 2210 3427 2236 ,
3452 2171 3534 2226 vi-

1950 2268 2165 2314 ventem
2192 2260 2426 2314 animam
2460 2259 2814 2327 aemulemur,
2854 2268 3117 2315 mortuam
3148 2260 3411 2330 fugiamus
3432 2301 3453 2329 ,
3482 2272 3541 2317 ut

1952 2343 2181 2402 luturam
2211 2364 2424 2419 quoque
2450 2349 2617 2404 vitam
2658 2362 3057 2419 consequamur
3089 2368 3102 2403 :
3133 2366 3297 2419 quam
3329 2352 3535 2408 utinam

1950 2438 2109 2495 nobis
2151 2440 2404 2495 omnibus
2446 2441 2701 2511 consequi
2744 2441 3040 2512 contingat,
3079 2456 3175 2512 per
3216 2443 3440 2513 gratiam
3484 2453 3540 2500 et

1952 2529 2357 2599 benignitatem,
2385 2541 2489 2586 etc.

266 2729 3527 2758 MM

1648 2790 1997 2855 HOMILIA
2041 2796 2179 2858 VII.

254 2945 464 3003 Csr.3.
486 2958 540 2996 v.
585 2939 639 2993 7.
668 2937 821 3003 Quod
860 2936 904 2991 si
937 2933 1246 2989 ministratio
1292 2932 1469 2986 mortis
1498 2932 1653 2987 literis
1692 2933 1848 3001 σθω-ο

338 3044 477 3089 mata
515 3033 567 3085 in
594 3029 874 3100 lapidibus,
901 3026 999 3095 fuit
1027 3027 1082 3079 in
1122 3024 1308 3095 gloria,
1334 3023 1408 3077 ita
1433 3034 1488 3077 ut
1527 3041 1627 3077 non
1653 3035 1853 3093 possent

335 3129 434 3198 ﬁlii
456 3122 621 3179 Israel
649 3120 911 3175 intendere
936 3120 991 3171 in
1020 3116 1204 3187 faciem
1247 3113 1464 3185 Hoysis,
1494 3124 1700 3185 propter
1735 3116 1852 3186 ριο-

333 3219 465 3273 riam
492 3215 663 3269 vultus
703 3212 835 3281 ejus,
878 3223 991 3279 quae
1030 3216 1343 3263 evacuatur:
1371 3204 1426 3259 8.
1471 3205 1724 3274 quomodo
1752 3223 1854 3261 non

333 3308 498 3379 magis
523 3303 828 3360 ministratio
857 3300 1067 3366 spiritus
1092 3298 1186 3353 erit
1214 3297 1267 3351 in
1295 3296 1500 3367 gloria?

336 3402 391 3455 ι.
426 3399 646 3453 Dixerat
673 3393 817 3464 quod
848 3391 1009 3447 Mosis
1058 3389 1253 3445 tabula:
1301 3387 1528 3457 lapideae
1567 3397 1771 3453 essent,
1798 3397 1856 3443 ut

259 3492 429 3546 etiam
454 3487 597 3560 quod
618 3486 803 3541 literas
827 3481 1112 3545 haberent,
1136 3477 1360 3548 etquod
1390 3478 1635 3533 carnales
1652 3488 1851 3545 essent,

261 3578 631 3649 apostolon
653 3572 842 3637 corda,
860 3581 915 3625 et
937 3570 1127 3639 spiritu
1150 3566 1438 3637 descripta,
1467 3576 1521 3623 et
1541 3567 1680 3636 quod
1704 3568 1856 3623 litera

262 3667 562 3729 occideret,
593 3662 812 3731 spiritus
854 3667 1035 3712 autem
1080 3656 1401 3712 vivificaret.
1430 3657 1721 3726 Supererat
1745 3659 1854 3729 jam

267 3760 395 3814 huic
436 3750 828 3824 comparationi
856 3748 1001 3804 aliud
1032 3762 1140 3802 non
1182 3747 1449 3801 modicum
1472 3747 1853 3815 adjiciendum,

267 3864 463 3917 nempe
511 3844 674 3900 Hosis
720 3841 891 3912 gloria
921 3856 936 3893 :
966 3852 1127 3909 quam
1174 3836 1393 3906 quidem
1443 3851 1603 3890 nemo
1651 3835 1753 3890 hoc
1801 3836 1853 3890 in

267 3942 418 3998 Novo
447 3937 791 3993 Testamento
820 3928 1097 4000 corporeis
1126 3925 1296 3982 oculis
1326 3923 1476 3980 vidit.
1509 3923 1663 3980 Unde
1692 3925 1853 3979 etiam

266 4046 460 4103 magna
490 4026 794 4090 videbatur,
822 4021 1075 4093 quoniam
1103 4017 1272 4089 gloria
1299 4031 1361 4071 ea
1392 4016 1493 4071 sub
1527 4030 1744 4071 sensum
1767 4030 1856 4070 ca—

267 4125 472 4179 debat:
515 4118 760 4188 corporis
812 4115 958 4171 enim
1007 4111 1178 4168 oculis
1225 4109 1568 4175 cernebatur,
1618 4110 1742 4165 licet
1785 4109 1853 4173 ad

266 4231 387 4272 eam
429 4194 689 4269 accedere
718 4222 879 4264 nemo
908 4214 1113 4276 posset,
1152 4218 1273 4259 cum
1302 4211 1489 4257 contra
1514 4202 1682 4272 gloria
1720 4201 1854 4256 Novi

267 4302 605 4365 Testamenti
652 4300 932 4356 intellectu
972 4303 1311 4351 cerneretur.
1345 4293 1529 4363 Neque
1572 4294 1714 4347 enim
1754 4293 1853 4346 im-

266 4393 639 4453 becillioribus
682 4389 961 4460 perspicua
999 4394 1085 4440 est
1124 4383 1428 4453 huiusmodi
1480 4382 1853 4450 praecellentia

263 4484 503 4558 cognitio
529 4498 546 4547 ;
591 4493 775 4535 verum
802 4477 970 4547 gloria
998 4475 1085 4529 illa
1113 4473 1284 4542 magis
1310 4486 1404 4526 eos
1441 4471 1749 4537 attollebat,
1770 4480 1852 4526 at-

263 4592 374 4648 que
401 4574 468 4630 ad
496 4589 556 4628 se
581 4568 954 4627 convertebat.
978 4564 1240 4633 Quoniam
1267 4563 1430 4631 igitur
1468 4562 1524 4615 in
1550 4562 1852 4631 huiusmodi

262 4665 724 4740 comparationem
763 4656 1044 4724 inciderat,
1072 4666 1233 4726 atque
1258 4662 1516 4724 quantum
1554 4652 1670 4707 hate
1708 4653 1850 4708 illam

261 4757 557 4815 antecellat
598 4754 973 4811 demonstrare
1010 4745 1281 4810 studebat,
1315 4743 1475 4814 idque
1513 4751 1733 4813 propter
1757 4759 1854 4799 au-

266 4851 502 4905 diturum
530 4845 834 4903 crassitiem
860 4840 1078 4898 dil‘llcile
1108 4846 1260 4901 erat;
1293 4836 1415 4890 vide
1441 4836 1567 4905 quid
1596 4836 1773 4902 faciat,
1798 4846 1853 4891 et

261 4954 372 5012 qua
393 4946 511 4994 arte
545 4937 597 4992 id
623 4936 876 4991 moliatur
903 4953 916 4989 :
950 4932 1123 5003 primo
1152 4928 1409 4991 rationes,
1436 4944 1500 4982 ex
1523 4929 1715 4998 quibus
1743 4930 1853 4983 dis-

261 5032 470 5087 crimen
516 5038 876 5098 agnoscatur,
928 5024 1215 5083 indueens,
1265 5034 1465 5086 easque
1512 5036 1578 5074 ex
1629 5021 1701 5076 iis
1732 5036 1852 5090 quas

263 5132 393 5179 ante
415 5121 623 5177 dixerat
656 5128 973 5173 contexens.
1006 5116 1139 5172 Nam
1186 5110 1230 5168 si
1274 5111 1365 5166 illa
1414 5113 1624 5176 mortis,
1656 5114 1846 5183 inquit,

266 5218 385 5271 lucc
430 5220 610 5267 autem
641 5210 766 5263 vitae
795 5207 1119 5262 ministratio
1146 5212 1265 5267 est;
1308 5200 1530 5256 dubium
1577 5217 1698 5257 esse
1742 5218 1849 5257 non

265 5314 467 5379 potest,
492 5302 619 5372 quin
642 5300 759 5355 haec
778 5314 991 5369 quoque
1016 5298 1183 5369 gloria
1214 5294 1357 5349 illam
1387 5292 1693 5346 antecellat.
1715 5293 1848 5360 Quia

260 5398 408 5455 enim
456 5392 633 5449 facere
679 5405 786 5445 non
814 5397 1052 5459 poterat,
1083 5398 1141 5441 ut
1182 5385 1461 5455 corporeis
1514 5383 1684 5437 oculis
1727 5400 1846 5439 eam

261 5484 607 5561 spectandam
641 5487 984 5553 proponeret,
1005 5478 1173 5547 ipsius
1200 5475 1506 5547 pnestantia
1532 5485 1849 5544 argumento

260 5573 559 5635 declaravit
586 5572 771 5627 dicens
797 5587 813 5625 :
848 5567 998 5636 Quod
1041 5569 1085 5619 si
1116 5565 1425 5620 ministratio
1452 5564 1628 5617 mortis
1658 5565 1755 5634 fuit
1792 5564 1848 5618 in

261 5670 454 5740 gloria,
486 5663 737 5736 quomodo
772 5679 874 5717 non
905 5660 1066 5729 magis
1112 5656 1419 5711 ministratio
1443 5655 1653 5724 spiritus
1679 5655 1774 5708 erit
1794 5656 1847 5710 in

262 5761 433 5829 gloria
456 5758 482 5811 .’
531 5758 632 5812 Per
659 5755 849 5810 mortis
876 5761 1058 5809 autem
1086 5749 1442 5804 ministerium
1472 5746 1642 5814 legem
1686 5746 1845 5802 intel-

265 5850 402 5918 ligit.
435 5848 605 5918 Atque
631 5844 844 5901 interim
884 5843 1024 5909 vide,
1055 5854 1212 5912 quam
1260 5838 1450 5893 sedulo
1491 5838 1545 5892 in
1574 5837 1673 5890 ista
1699 5851 1845 5890 com-

268 5938 548 6012 paratione
571 5945 778 6004 caveat,
798 5950 865 5991 ue
895 5933 1054 5990 ullam
1083 5929 1348 5987 haereticis
1370 5943 1556 5984 ansam
1586 5926 1838 5998 praebeat.

1957 2937 2074 2993 Non
2115 2942 2260 2997 enim
2304 2944 2480 3011 dixit,
2518 2943 2630 3000 Lex
2672 2954 2897 3001 mortem
2936 2945 3119 3011 efﬁcit,
3169 2945 3299 3009 sed,
3350 2946 3533 3000 Mortis

1957 3032 2261 3089 ministratio
2283 3044 2398 3090 est:
2427 3046 2653 3091 mortem
2680 3037 2823 3091 enim
2849 3038 3207 3102 ministrabat,
3226 3052 3333 3091 non
3358 3048 3534 3092 autem

1958 3124 2219 3190 pariebat.
2251 3126 2382 3180 Nam
2416 3136 2689 3196 peccatum
2731 3129 2782 3183 id
2812 3138 2949 3193 erat,
2978 3128 3120 3200 quod
3160 3139 3383 3183 mortem
3422 3128 3537 3183 elli-

1955 3211 2168 3273 ciebat;
2209 3213 2295 3268 lex
2325 3224 2503 3269 autem
2531 3218 2849 3286 supplicium
2902 3219 3211 3282 invehebat,
3240 3234 3308 3274 ac
3343 3233 3532 3288 pecca-

1958 3308 2066 3354 tum
2091 3301 2381 3368 indicabat,
2398 3320 2504 3358 non
2532 3314 2709 3359 autem
2734 3306 2980 3361 iaciebat.
2998 3308 3193 3362 Malum
3213 3310 3355 3362 enim
3382 3323 3538 3377 aper-

1957 3391 2063 3447 tius
2089 3392 2389 3463 detegebat,
2431 3410 2495 3450 ac
2521 3396 2817 3465 plectebat,
2848 3411 2956 3450 non
3000 3407 3179 3450 autem
3226 3398 3293 3451 ad
3338 3399 3535 3452 malum

1958 3484 2265 3554 impellebat
2296 3505 2309 3542 :
2342 3503 2517 3558 neque
2575 3488 2642 3542 ad
2692 3488 2743 3543 id
2779 3487 3136 3554 ministrabat,
3163 3496 3221 3541 ut
3260 3501 3537 3557 peccatum

1958 3575 2132 3644 ﬁeret,
2164 3588 2256 3633 aut
2286 3594 2431 3634 mors
2459 3580 2767 3647 exsisteret,
2795 3579 2888 3635 sed
2915 3590 2973 3635 ut
3002 3593 3187 3649 plenas
3209 3578 3361 3632 daret
3383 3580 3426 3633 is
3446 3582 3536 3649 qui

1958 3679 2264 3736 peccasset:
2293 3686 2356 3726 ac
2384 3670 2609 3740 proinde
2634 3670 2737 3726 hac
2763 3686 2977 3742 quoque
3006 3672 3216 3726 ratione
3254 3680 3532 3739 peccatum

1956 3759 2189 3812 delebat.

2030 3848 2135 3901 Lex
2156 3851 2407 3918 quomodo
2450 3861 2661 3904 mortem
2705 3851 2969 3916 alferebat.
2992 3882 3061 3892 -—
3088 3852 3219 3907 Nam
3249 3851 3375 3907 dum
3425 3852 3536 3921 ipsa

1955 3948 2232 4007 peccatum
2256 3940 2390 3994 adeo
2416 3940 2807 3995 formidandum
2834 3956 2955 3996 esse
2978 3942 3302 4006 ostenderet,
3327 3943 3540 4010 procul-

1956 4028 2117 4082 dubio
2162 4029 2265 4084 hoc
2294 4030 2458 4085 etiam
2502 4031 2750 4095 faciebat,
2784 4040 2841 4085 ut
2880 4031 3051 4101 ipsum
3080 4030 3388 4098 fugiendum
3418 4046 3540 4087 esse

1956 4119 2248 4173 videretur.
2274 4120 2422 4175 Sicut
2446 4120 2607 4188 igitur
2630 4121 2695 4182 is,
2720 4122 2808 4189 qui
2830 4135 3014 4175 ensem
3046 4122 3099 4174 in
3126 4136 3318 4174 manus
3349 4121 3535 4182 sumit,

1955 4224 2019 4262 ac
2040 4208 2179 4263 sonti
2199 4218 2359 4279 caput
2383 4220 2641 4279 amputat,
2659 4211 2824 4280 jndici
2852 4213 3209 4280 pronuntianti
3233 4214 3536 4267 ministrum

1955 4311 2015 4351 se
2040 4298 2277 4366 praebet;
2312 4314 2483 4369 neque
2512 4301 2629 4370 ipse
2653 4309 2736 4355 est
2762 4304 2854 4371 qui
2880 4302 3158 4369 interimit,
3188 4302 3396 4355 etiamsi
3423 4304 3539 4374 ipse

1958 4397 2120 4458 caput
2143 4388 2458 4456 abscindat;
2488 4406 2587 4447 nec
2610 4407 2821 4446 rursum
2852 4392 2917 4453 is.
2948 4393 3038 4462 qui
3066 4392 3384 4448 sententiam
3408 4408 3536 4463 pro-

1956 4477 2059 4534 fert
2084 4490 2141 4535 et
2165 4480 2510 4548 condemnat,
2541 4481 2635 4536 sed
2659 4481 2777 4551 ejus
2804 4481 2874 4535 de
2898 4497 3005 4551 quo
3026 4481 3343 4551 supplicium
3371 4486 3538 4539 sumi-

1957 4579 2042 4624 tur
2067 4571 2381 4640 improbitas
2422 4587 2437 4623 :
2484 4572 2557 4624 ita
2598 4570 2685 4625 hic
2710 4585 2922 4641 quoque
2947 4586 3051 4625 non
3082 4572 3166 4625 lex
3190 4587 3378 4627 necem
3406 4573 3535 4629 alie-

1955 4660 2126 4726 rebat,
2151 4660 2248 4715 sed
2274 4669 2551 4729 peccatum
2582 4660 2758 4731 ipsum
2785 4670 2920 4728 erat,
2951 4660 3093 4731 quod
3114 4670 3168 4716 et
3194 4663 3537 4718 interimehat

1952 4758 2009 4804 et
2035 4749 2460 4815 condemnabat;
2506 4750 2622 4807 haec
2665 4766 2817 4818 vero,
2847 4752 2901 4807 in
2946 4761 3153 4808 sontem
3197 4752 3536 4809 animadver-

1956 4854 2093 4911 tens,
2124 4844 2231 4899 vim
2258 4844 2403 4900 illius
2429 4846 2755 4911 succidebat,
2784 4845 3031 4915 supplicii
3060 4857 3208 4901 metu
3235 4862 3357 4901 eum
3383 4860 3535 4902 coer-

1952 4948 2107 4990 cens.
2154 4933 2266 4990 Nec
2306 4950 2436 4991 vero
2479 4935 2607 4990 satis
2638 4936 2823 4990 habuit
2853 4936 3046 4990 Paulus
3077 4938 3393 5005 praestantia:
3434 4939 3532 4993 de-

1952 5023 2215 5079 claranda:
2245 5038 2404 5079 causa
2438 5026 2539 5079 hoc
2562 5025 2737 5079 solum
2778 5023 3085 5095 protulisse,
3114 5024 3207 5079 sed
3233 5024 3374 5079 aliud
3400 5041 3531 5095 quo-

1951 5130 2056 5185 que
2076 5114 2337 5186 adjungit,
2357 5115 2544 5169 dicens
2567 5132 2581 5168 :
2608 5114 2677 5169 In
2697 5115 2856 5170 literis
2874 5116 3156 5183 deformata
3175 5116 3229 5168 in
3251 5115 3525 5186 lapidibus.

1954 5203 2087 5260 Vide
2114 5203 2385 5275 quomodo
2434 5218 2623 5259 rursus
2673 5203 2930 5259 Judaicos
2978 5204 3199 5273 spiritus
3242 5204 3526 5276 deprimat.

1951 5293 2089 5349 Nihil
2112 5296 2257 5349 enim
2284 5292 2432 5348 aliud
2474 5293 2564 5348 lex
2590 5303 2729 5358 erat,
2759 5308 2919 5363 quam
2965 5293 3171 5358 literae;
3214 5309 3318 5348 non
3350 5307 3526 5348 autem

1951 5385 2251 5440 subsidium
2300 5386 2465 5439 ullum
2498 5400 2531 5440 e
2564 5384 2735 5440 literis
2782 5384 3057 5454 prodiens,
3088 5393 3245 5454 atque
3288 5385 3530 5453 aspirans

1950 5478 2015 5533 iis
2043 5479 2133 5547 qui
2180 5477 2467 5543 dimicant,
2511 5477 2652 5531 sicut
2691 5477 2745 5531 in
2796 5475 3085 5545 baptismo,
3114 5474 3209 5529 sed
3256 5475 3449 5529 tabula:
3474 5484 3529 5529 et

1950 5569 2252 5638 scripturae,
2278 5578 2508 5623 mortem
2555 5567 2622 5622 iis
2649 5568 2740 5637 qui
2772 5566 2953 5621 literas
2996 5566 3266 5619 violabant
3300 5563 3530 5619 afferen-

1954 5668 2055 5714 tes.
2090 5658 2256 5714 Vides
2277 5674 2384 5729 quo
2414 5668 2571 5729 pacto
2597 5658 2873 5714 Judaicum
2902 5656 3261 5711 contentionis
3289 5655 3524 5711 studium

1950 5751 2264 5818 retundens,
2295 5767 2391 5822 per
2428 5752 2543 5820 ipsa
2588 5764 2803 5823 quoque
2850 5748 3106 5804 vocabula
3156 5748 3525 5803 auctoritatem

1953 5842 2088 5911 legis
2116 5857 2259 5897 nunc
2285 5842 2522 5911 dejiciat,
2564 5841 2797 5912 lapidem
2840 5839 3027 5925 dicens
3054 5846 3110 5893 et
3138 5838 3321 5893 literas
3344 5846 3398 5891 et
3425 5837 3529 5891 mia

1954 5932 2333 5989 nistrationem
2364 5932 2575 5999 mortis,
2605 5931 2914 6000 addensque
2956 5924 3238 6000 praterea,
3268 5924 3408 5995 quod
3435 5924 3530 5980 do-

2408 6378 2495 6391 M-

4199 489 4242 512 l‘I.‘

4187 665 4294 708 ΞΕ

4187 861 4294 900 1-1

4175 1121 4294 1160 illi

4195 1211 4296 1262 ιη

4193 1327 4270 1350 ιὲ-Ξ

4190 1937 4268 1991 ﬂ?

4180 2010 4254 2047 ‘g'ul

4188 2059 4278 2116 Μ

4196 2271 4278 2317 illi

4200 2320 4213 2357 ἲ

4243 2387 4268 2414 i3

4287 1667 4430 1814 Ἥ

4287 1800 4299 1814 Ι

4285 2075 4466 2300 Ι

4144 2468 4213 2501 I1"
4266 2468 4313 2504 is
4454 2482 4460 2489 “

4120 2498 4438 2550 iii-'13)“

4124 2598 4370 2648 ἶ

4331 2655 4352 2680 ἰΞ

4459 99 4462 102 ·

4099 195 4124 222 i'
4197 197 4238 224 :.
4287 215 4290 218 .

4235 227 4294 306 λῃ

4089 315 4136 390 :ti
4347 381 4350 384 _

4087 361 4296 490 fit!

4235 461 4294 542 si!

4245 543 4296 650 :1,

4086 1081 4116 1145 ς
4149 1085 4216 1160 iii
4247 1073 4296 1158 ἓξ

4088 1175 4116 1264 ις

4147 1203 4298 1348 l4

4187 1411 4264 1484 iii

4092 1686 4193 1741 Ἅτι
4223 1667 4306 1718 έ-ἓξὲ
4427 1729 4430 1732 _

4092 2026 4109 2039 ι.
4170 2010 4211 2047 Ἴι
4339 2031 4342 2034 _
4451 2033 4456 2036 _

4092 2132 4127 2175 gi
4170 2140 4179 2163 .'
4215 2155 4228 2160 ..
4251 2139 4274 2172 εἰ,
4307 2147 4310 2150 .

4381 2193 4386 2196 ·

4094 2474 4187 2577 iii"
4405 2547 4408 2550 .
4425 2469 4471 2571 ἓ

4296 2576 4303 2641 ς
4321 2559 4400 2648 3:“

4150 2638 4217 2721 ξξὲ
4241 2610 4299 2719 .l
4460 2652 4471 2707 ι

4104 2816 4219 2905 ῖεξςι
4241 2885 4252 2896 ,,

4108 2986 4163 3103 ἓ
4349 2981 4418 3082 .
4438 2990 4471 3101 ,ζ

4148 3092 4269 3209 ξ’ῖέ
4341 3109 4376 3182 ἐξ
4403 3117 4420 3186 ξς,

4097 3198 4123 3235 lii
4148 3194 4165 3227 ’ξ
4206 3208 4261 3243 τὴ
4282 3192 4353 3241 ὼγ
4374 3194 4411 3243 οἵ

4103 3454 4407 3517 ι-’“’ῖῖ1ἐιξῖ
4452 3458 4457 3501 ξ

4103 3517 4165 3582 :-
4214 3486 4455 3597 {Le-Ei.

4137 3611 4140 3616 .

4102 3670 4103 3673 ‘
4211 3632 4459 3725 iz'

4108 3714 4111 3723 ’
4326 3710 4413 3731 λ-ιιτ
4458 3726 4461 3727 ,

4102 3738 4111 3785 ί
4162 3796 4181 3803 ρ
