4568 6424
836 420 942 475 H3
1566 414 1620 471 S.
1662 414 1938 471 JOANNIS
1974 411 2447 471 οιιιιῖδοετολιι
2487 411 2640 467 ARCI

2312 412 2447 469 F03!
2487 411 2801 468 ARCHIEP.
2839 411 3369 470 CONSTANTINOP.
4014 412 4116 471 ιιι

833 538 1063 588 formata
1090 539 1247 602 atque
1277 530 1576 600 impressa?
1630 530 1763 586 lline
1798 532 1943 585 enim
1987 530 2059 584 nil
2102 528 2246 583 aliud
2275 526 2417 583 desi-

839 634 1001 693 gnat,
1036 640 1192 690 quam
1222 620 1365 692 quod
1411 622 1495 675 lex
1540 622 1595 675 in
1639 636 1745 675 uno
1774 620 1895 674 loco
1922 619 2099 674 defixa
2131 627 2266 683 erat,
2309 632 2417 672 non

835 712 1287 781 quemadmodum
1324 712 1564 780 Spiritus,
1597 712 1687 779 qui
1718 710 1913 779 ubique
1939 707 2145 771 aderat,
2172 710 2279 762 vim
2305 723 2420 762 ma-

833 821 994 873 gnam
1019 804 1229 858 cunctis
1252 804 1522 871 inspirans
1549 820 1562 853 :
1594 800 1677 853 vel
1717 809 1867 854 certe
1896 799 1997 853 hoc
2036 798 2251 864 iudicat,
2276 798 2417 868 quod

835 896 1003 948 literae
1049 896 1223 973 minqs
1271 894 1465 946 multas
1508 889 1785 954 efﬂabant,
1817 898 1871 944 et
1911 889 2131 958 quidem
2155 889 2418 958 ejusmodi

833 984 1008 1039 minas
1031 1000 1152 1053 qua:
1172 983 1339 1037 deleri
1366 997 1468 1034 non
1499 989 1739 1049 possent,
1763 978 1854 1033 sed
1886 994 2098 1048 semper
2118 987 2415 1042 manerent,

832 1087 1025 1147 utpote
1070 1077 1220 1129 saxis
1266 1074 1567 1142 insculptas.
1619 1072 1823 1127 Deinde
1851 1072 2037 1133 etiam,
2065 1070 2190 1123 dum
2236 1078 2419 1123 vetera

834 1166 1086 1221 laudibus
1130 1166 1324 1220 ell'erre
1366 1164 1595 1229 videtur,
1628 1178 1813 1217 rursus
1860 1161 2164 1216 Judteorum
2195 1173 2418 1213 accusa-

834 1260 1035 1311 tionem
1058 1257 1216 1311 simul
1249 1257 1523 1325 inspergit.
1549 1254 1681 1309 Cum
1709 1256 1852 1308 enim
1870 1254 2119 1316 dixisset,
2149 1251 2211 1305 in
2238 1251 2413 1316 literis,

832 1352 1121 1420 deformata
1148 1350 1202 1403 in
1243 1350 1520 1419 lapidibus,
1550 1350 1645 1418 fuit
1674 1349 1728 1399 in
1768 1346 1975 1417 gloria;
2007 1345 2301 1413 subiunxit,
2333 1341 2419 1395 Ita

833 1451 889 1492 ut
927 1456 1027 1495 non
1055 1450 1258 1510 possent
1304 1440 1401 1509 ﬁlii
1436 1436 1601 1492 Israel
1628 1437 1885 1491 intendere
1913 1438 1965 1489 in
1996 1437 2181 1506 faciem
2225 1433 2413 1503 Moysi.

831 1532 986 1598 Quod
1013 1532 1233 1603 quidem
1267 1545 1512 1599 magnam
1554 1544 1740 1585 eorum
1772 1527 2188 1582 imbecillitatem
2218 1525 2415 1578 animi-

828 1639 936 1693 que
964 1623 1031 1679 ad
1064 1639 1152 1679 res
1202 1632 1447 1678 terrenas
1494 1619 1912 1690 propensionem
1958 1617 2285 1672 declarabat.
2338 1615 2417 1669 Ac

828 1728 1019 1769 rursus
1048 1712 1201 1779 dicit,
1232 1728 1360 1778 non,
1395 1710 1622 1781 Propter
1673 1710 1968 1765 tabularum
2015 1708 2261 1777 gloriam,
2295 1703 2411 1770 sed,

830 1804 1054 1876 Propter
1093 1806 1314 1876 gloriam
1342 1805 1510 1858 vultus
1532 1805 1659 1874 ejus,
1685 1818 1799 1874 qua:
1842 1811 2130 1855 evacuatur.
2170 1796 2415 1853 Ostendit

826 1897 971 1952 enim
993 1913 1140 1965 eum,
1168 1897 1259 1969 qui
1290 1898 1499 1953 tabulas
1530 1896 1758 1960 ferebat,
1791 1894 1961 1965 gloria
1994 1892 2157 1956 afllci,
2186 1907 2290 1945 non
2314 1906 2413 1943 au-

830 1998 940 2042 tem
972 1989 1111 2060 illas.
1145 1988 1262 2044 Non
1291 1990 1436 2043 enim
1459 1987 1617 2050 dixit,
1643 1986 1779 2051 Quia
1829 2000 1934 2037 non
1987 1991 2206 2052 possent
2235 1983 2412 2035 inten-

828 2078 960 2133 dere
1008 2080 1061 2133 in
1107 2078 1339 2143 tabulas,
1368 2076 1487 2142 sed,
1518 2074 1586 2128 In
1623 2077 1822 2128 vultum
1872 2072 2109 2142 Moysis:
2140 2085 2203 2125 ac
2229 2085 2414 2123 rursus

826 2183 935 2235 non
965 2168 1121 2233 dixit,
1152 2170 1380 2237 Propter
1404 2166 1632 2235 gloriam
1666 2164 1989 2223 tabularum,
2032 2161 2152 2227 sed,
2197 2160 2416 2227 Propter

825 2259 1047 2327 gloriam
1074 2258 1241 2311 uultus
1266 2236 1454 2326 ipsius.
1498 2254 1702 2310 Deinde
1750 2263 2031 2324 postquam
2056 2236 2174 2307 eam
2198 2250 2411 2311 extulit,

822 2347 947 2403 vide
960 2362 1067 2417 quo
1089 2356 1243 2418 pacto
1257 2362 1378 2401 eam
1399 2361 1586 2401 rursus
1598 2344 2032 2414 dejiciatdiceus,
2051 2342 2178 2408 Quae
2197 2357 2415 2395 evacua-

822 2447 939 2491 tur:
957 2452 1281 2508 quamquam
1306 2436 1408 2491 hoc
1430 2434 1790 2491 accusationis
1816 2435 2081 2487 rationem
2101 2447 2207 2486 non
2230 2431 2411 2497 habet,

822 2527 923 2584 sed
951 2528 1369 2597 extenuatiouis.
1392 2526 1507 2582 Non
1527 2527 1671 2582 enim
1693 2524 1852 2587 dixit,
1879 2524 2009 2591 Quae
2030 2532 2279 2590 corrupta
2304 2529 2409 2586 est,

823 2627 938 2685 aut,
968 2618 1101 2686 Quae
1145 2618 1285 2673 mala
1309 2630 1429 2685 est;
1470 2618 1587 2683 sed,
1615 2617 1746 2686 Qum
1786 2616 2001 2673 desinit.
2040 2629 2103 2667 ac
2134 2612 2295 2666 finem
2323 2626 2413 2664 ac-

820 2710 971 2778 cipit.
1004 2707 1272 2775 Quomodo
1310 2726 1413 2763 nou
1443 2710 1606 2780 magis
1637 2708 1939 2762 ministratio
1983 2706 2196 2775 spiritus
2225 2703 2317 2757 erit
2356 2708 2411 2754 iu

821 2799 1031 2869 gloria!
1084 2799 1295 2855 Fidenti
1326 2801 1470 2855 cuitu
1517 2800 1700 2855 animo
1738 2799 1853 2868 jam
1896 2796 2031 2852 Novi
2080 2792 2411 2850 Testamenti

821 2889 1138 2959 dignitatem
1178 2891 1398 2958 attollit,
1435 2899 1495 2946 ut
1518 2891 1695 2947 omnis
1723 2888 2073 2945 dubitationis
2101 2894 2403 2956 expertem.

822 2984 903 3037 Ac
932 2982 1055 3037 vide
1076 2982 1204 3053 quid
1232 2985 1341 3054 agit
1365 3002 1379 3038 :
1412 2986 1665 3055 opposuit
1698 2984 1927 3055 lapidem
1948 2982 2123 3049 cordi,
2141 2990 2195 3035 et
2218 2981 2406 3035 literas

820 3074 1055 3143 spiritui.
1102 3075 1307 3131 Deinde
1333 3091 1457 3131 cum
1488 3092 1551 3130 ea
1592 3092 1712 3146 qua:
1754 3092 1820 3130 ex
1866 3076 2109 3143 utrisque
2143 3074 2411 3128 orirentur

818 3164 1133 3230 iudicasset,
1165 3183 1271 3221 non
1302 3168 1409 3236 iam
1441 3184 1564 3238 quas
1588 3183 1656 3223 cx
1678 3169 1922 3237 utrisque
1951 3167 2059 3220 sint
2087 3165 2272 3236 ponit;
2313 3162 2409 3218 sed

823 3265 1006 3320 postea
1033 3272 1195 3327 quam
1219 3257 1273 3311 id
1293 3258 1437 3327 quod
1474 3273 1504 3311 a
1542 3259 1694 3313 litera
1723 3268 1900 3312 ortum
1932 3256 2093 3310 habet
2120 3255 2403 3323 expressit,

820 3359 1016 3412 nempe
1042 3356 1271 3400 mortem
1294 3356 1349 3400 et
1369 3346 1898 3405 condemnationem.
1924 3346 1975 3399 id
1997 3344 2140 3413 quod
2163 3360 2193 3397 a
2217 3344 2408 3413 spiritu

821 3433 1204 3503 proﬁciscitur,
1237 3450 1345 3488 non
1396 3436 1524 3489 item
1569 3435 1843 3505 exprimit,
1875 3434 1977 3487 hoc
2010 3444 2116 3499 est,
2146 3432 2308 3487 vitam
2354 3440 2410 3486 et

813 3525 1101 3595 justitiam,
1132 3526 1228 3581 sed
1255 3527 1430 3596 ipsum
1460 3527 1707 3597 spiritum
1735 3546 1747 3581 :
1783 3526 1925 3595 quod
1954 3526 2168 3595 quidem
2197 3538 2407 3580 sermo-

819 3631 945 3687 nem
984 3616 1369 3686 ampliﬁcabat.
1400 3616 1610 3672 Novum
1658 3618 1801 3672 enim
1851 3618 2253 3673 Testamentum
2298 3632 2404 3670 non

818 3708 984 3763 sitam
1012 3710 1183 3764 solam
1230 3709 1410 3777 dabat,
1439 3709 1535 3765 sed
1563 3709 1724 3765 etiam
1771 3711 2039 3781 spiritum,
2072 3724 2103 3764 a
2150 3725 2257 3779 quo
2299 3708 2403 3762 vita

817 3801 1164 3869 alferebatur,
1197 3804 1643 3859 subministrabat
1673 3822 1687 3857 :
1718 3803 1861 3873 quod
1893 3806 2000 3857 vita
2035 3802 2203 3856 multo
2232 3800 2405 3870 majus

818 3902 957 3947 erat.
990 3891 1119 3948 Ideo
1148 3894 1304 3959 dixit,
1334 3892 1651 3946 Hinistratio
1698 3893 1929 3961 spiritus.
1965 3894 2042 3945 Ac
2071 3901 2255 3958 postea
2287 3906 2404 3943 rur-

816 3996 915 4035 sus
938 3982 1182 4036 eamdem
1216 3997 1331 4035 rem
1364 3980 1613 4046 inculcat,
1643 3980 1869 4036 dicens:
1911 3981 1968 4036 9.
2012 3977 2155 4033 Nam
2179 3980 2224 4033 si
2252 3979 2404 4032 mini-

820 4072 1000 4128 stratio
1023 4074 1389 4140 damnationis,
1412 4074 1601 4144 gloria.

889 4165 947 4220 2.
977 4166 1056 4220 Ac
1076 4165 1365 4220 dilucidius
1390 4170 1612 4237 exponit
1636 4167 1889 4237 quidnam
1922 4166 2009 4222 bis
2039 4167 2217 4223 verbis
2237 4164 2405 4237 signi-

818 4258 1030 4324 ﬁcetur,
1064 4256 1238 4313 Litera
1280 4258 1502 4321 occidit;
1547 4259 1651 4312 hoc
1678 4260 1930 4314 videlicet
1957 4260 2226 4329 inquiens,
2257 4257 2401 4329 quod

817 4357 947 4402 aute
972 4348 1226 4415 diximus,
1258 4363 1455 4418 nempe
1481 4348 1653 4419 legem
1700 4360 1979 4420 peccatum
2012 4348 2268 4414 indicare,
2294 4364 2400 4404 non

822 4449 1004 4494 autem
1029 4440 1266 4496 efﬁcere.
1295 4441 1462 4496 llulto
1484 4443 1645 4513 magis
1676 4441 1979 4494 ministratio
1994 4441 2211 4509 justitite
2234 4443 2395 4495 abun-

814 4526 904 4581 dat
931 4528 983 4581 in
998 4527 1183 4599 gloria.
1206 4530 1416 4585 Etenim
1458 4533 1649 4587 tabula:
1680 4532 1788 4588 illm
1810 4541 2123 4603 peccatores
2141 4534 2395 4587 ostende-

818 4619 969 4684 bant,
996 4634 1061 4675 ac
1089 4619 1353 4689 supplicio
1391 4621 1741 4679 al'llciebaut:
1776 4624 1890 4679 haec
1929 4632 2109 4679 autem
2154 4630 2401 4692 peccato-

817 4726 911 4765 res
935 4724 1043 4766 nou
1071 4712 1234 4768 modo
1262 4728 1368 4768 non
1397 4714 1671 4783 puniebat,
1690 4715 1784 4769 sed
1813 4716 1975 4771 etiam
1997 4716 2176 4787 justos
2204 4714 2404 4769 efficie—

821 4803 949 4869 bat;
990 4804 1287 4874 baptismus
1314 4808 1458 4863 enim
1496 4807 1600 4863 hoc
1625 4808 1971 4879 largiebatur.
2006 4810 2093 4865 ιο.
2131 4808 2250 4862 Non
2270 4808 2403 4861 enim

822 4894 1167 4963 gloriﬁcatum
1212 4907 1307 4961 est,
1338 4898 1474 4965 quod
1516 4899 1861 4967 gloriﬁcatum
1904 4909 1975 4953 est
2003 4901 2058 4953 in
2104 4900 2199 4953 Itac
2236 4910 2400 4968 parte,

821 4996 1031 5057 prapter
1072 4987 1390 5040 excellentem
1433 4989 1671 5059 gloriam.
1717 4990 2096 5059 Superioribus
2140 4991 2322 5046 verbis
2350 4990 2403 5045 id

819 5077 1041 5146 quidem
1066 5076 1319 5141 ostendit,
1346 5078 1489 5146 quod
1520 5079 1621 5133 hoc
1647 5095 1862 5151 quoque
1902 5082 1956 5135 in
1984 5082 2154 5152 gloria
2181 5084 2270 5145 sit,
2303 5097 2405 5146 nec

820 5169 1137 5237 simpliciter
1150 5168 1201 5221 in
1218 5168 1513 5239 gloria,sed
1527 5169 1667 5239 quod
1684 5171 1845 5225 etiam
1857 5172 2093 5228 abundet
2110 5192 2123 5226 :
2139 5187 2245 5227 non
2258 5173 2403 5227 enim

824 5257 987 5323 dixit,
1015 5260 1295 5324 Quomodo
1324 5274 1428 5313 nou
1457 5262 1624 5329 magis
1665 5262 1988 5318 ministratio
2034 5264 2253 5333 spiritus
2301 5264 2407 5320 erit

824 5346 881 5400 in
904 5348 1113 5417 gloria?
1138 5350 1253 5414 sed,
1281 5351 1519 5405 Abundat
1546 5352 1599 5404 in
1625 5352 1791 5422 gloria
1814 5368 1832 5415 ;
1882 5354 2203 5424 supradictis
2250 5354 2407 5408 nimi-

828 5453 947 5492 rum
986 5440 1317 5506 argumentis
1361 5441 1414 5493 id
1445 5442 1697 5509 probans.
1746 5441 1842 5496 llic
1888 5458 2016 5496 vero
2046 5443 2405 5513 prtecelleutia

827 5544 1040 5598 quoque
1069 5538 1269 5599 quanta
1298 5530 1387 5596 sit,
1420 5532 1501 5585 his
1532 5534 1709 5588 verbis
1728 5533 1965 5587 ostendit
1990 5551 2003 5586 :
2033 5535 2077 5587 si
2110 5532 2249 5587 bane.
2273 5549 2402 5589 cum

832 5618 919 5671 illa
950 5633 1281 5687 comparem,
1320 5635 1386 5675 ue
1418 5621 1583 5689 gloria
1613 5623 1826 5693 quidem
1854 5633 1938 5677 est
1968 5622 2173 5679 Veteris
2205 5625 2401 5679 Testa-

830 5708 996 5763 menti
1034 5709 1227 5779 gloria.
1252 5711 1458 5778 Quibus
1486 5715 1662 5769 verbis
1703 5732 1807 5770 non
1838 5715 1940 5770 hoc
1963 5716 2276 5785 simpliciter
2299 5716 2399 5773 ad-

830 5799 1167 5871 iiruihquod
1191 5801 1356 5873 gloria
1378 5819 1483 5859 non
1506 5805 1705 5875 sil,scd
1724 5806 2133 5878 comparationis
2160 5808 2399 5867 ratione:
2510 5810 2561 5865 in
2590 5808 2805 5865 lectione
2842 5804 3033 5862 Veteris
3083 5804 3385 5862 Testautcnti
3436 5816 3601 5862 manet
3648 5822 3748 5860 non
3795 5806 4093 5876 revelatum,
4302 5794 4307 6013 Α

2531 529 2672 583 unde
2697 529 2858 581 etiam
2885 528 3185 598 subjunxit,
3216 525 3282 582 In
3312 529 3409 581 hac
3436 536 3597 597 parte,
3629 527 3730 584 hoc
3754 535 3857 594 est,
3888 543 3934 583 ss
3964 548 4107 585 eunt-

2527 618 2731 687 paratio
2776 618 3050 673 habeatur.
3105 617 3215 673 Nec
3244 627 3419 672 tamen
3462 618 3563 672 hoc
3589 617 3753 673 Vetus
3796 608 4116 673 Testamen-

2532 716 2643 761 tum
2684 708 2934 773 traducit,
2963 709 3056 763 sed
3086 709 3433 762 vehementer
3460 706 3617 761 etiam
3638 708 3809 777 ipsum
3835 723 4116 763 commen-

2525 798 2657 852 dat:
2688 802 2889 853 etenim
2920 801 3354 868 comparationes
3390 798 3459 852 de
3512 799 3671 853 rebus
3717 800 3958 867 cognatis
3999 799 4114 854 ﬁeri

2526 902 2941 948 consueverunt.
2990 892 3107 947 Mox
3157 889 3301 945 aliud
3350 900 3721 959 argumentum
3747 901 3945 956 movet,
3968 890 4113 959 quod

2524 982 2629 1034 alia
2660 998 2874 1051 quoque
2904 987 3111 1036 ratione
3155 980 3519 1052 praistantiam
3550 981 3899 1034 demonstrat.
3941 982 4113 1048 Quale

2527 1072 2708 1125 istud?
2737 1072 2998 1127 Nimirum
3029 1090 3057 1127 a
3092 1085 3335 1141 tempore
3355 1074 3571 1126 dicens:
3602 1073 3686 1125 Η.
3706 1072 3767 1126 Si
3792 1085 3957 1127 autem
3976 1073 4113 1142 quod

2525 1172 2819 1228 evacuatur,
2849 1179 2938 1231 per
2961 1164 3178 1231 gloriam
3205 1174 3277 1217 est
3300 1180 3317 1227 ;
3359 1164 3521 1217 multo
3563 1179 3723 1232 magis
3762 1163 3816 1214 id
3839 1166 3973 1232 quod
3994 1181 4111 1217 ma-

2525 1261 2626 1317 net,
2657 1263 2733 1306 est
2758 1255 2807 1305 in
2837 1255 3023 1323 gloria.
3048 1254 3181 1309 Illud
3210 1255 3352 1308 enim
3386 1256 3542 1308 linem
3572 1253 3815 1321 accepit;
3858 1254 3957 1308 hoc
3985 1270 4112 1321 per-

2524 1352 2686 1411 petuo
2717 1353 2915 1399 manet.
2968 1346 3055 1399 12.
3102 1345 3359 1400 [labentes
3385 1348 3540 1415 igitur
3569 1347 3719 1398 talem
3745 1362 3905 1415 spent,
3949 1348 4111 1401 multa

2522 1433 2713 1500 fiducia
2739 1436 2950 1488 utimur.
2973 1436 3104 1500 Quia
3130 1437 3272 1489 enim
3301 1437 3515 1489 auditor
3535 1445 3612 1489 tot
3631 1451 3693 1490 ac
3715 1446 3855 1490 tanta
3877 1437 3945 1491 de
3961 1438 4111 1492 Novo

2521 1524 2871 1581 Testamento
2896 1528 3159 1591 audierat,
3176 1537 3339 1596 atque
3362 1528 3499 1581 hanc
3519 1528 3740 1597 gloriam
3772 1529 3941 1582 oculis
3968 1529 4103 1597 ipsis

2524 1630 2784 1684 usurpare
2811 1618 3083 1687 cupiebat,
3116 1618 3234 1672 vide
3263 1634 3498 1687 quonam
3530 1630 3684 1687 pacto
3726 1619 3898 1689 ipsum
3930 1618 3995 1671 ad
4030 1618 4111 1673 fu-

2522 1718 2698 1761 turum
2726 1725 2898 1763 :evum
2932 1709 3158 1778 rejicint.
3185 1709 3311 1763 ldeo
3335 1724 3485 1777 spem
3516 1710 3567 1761 in
3599 1709 3831 1763 medium
3859 1709 4103 1779 protulit,

2518 1800 2724 1865 dicens,
2764 1800 3020 1857 Habentes
3057 1802 3213 1872 igitur
3234 1802 3384 1855 talem
3406 1818 3565 1869 spem.
3595 1801 3819 1867 Qualem
3851 1800 4106 1855 tandem?

2518 1891 2671 1957 Quod
2706 1892 2965 1961 majorem
3005 1892 3319 1962 dignitatem
3365 1906 3523 1961 quam
3569 1891 3744 1945 Moses
3787 1890 4106 1961 consequuti

2517 1997 2724 2043 sumus,
2768 1997 2873 2037 non
2912 1992 3114 2037 tantum
3145 1998 3242 2036 nos
3272 1983 3523 2050 apostoli,
3570 1980 3666 2036 sed
3710 1981 3869 2036 etiam
3914 1996 4103 2037 omnes

2517 2073 2725 2129 fideles.
2760 2074 2929 2129 Multa
2959 2076 3151 2143 fiducia
3193 2076 3404 2128 utimur.
3452 2074 3606 2143 Apud
3651 2075 3845 2143 quem?
3877 2088 4097 2143 quaeso;

2516 2164 2655 2233 apud
2691 2166 2879 2231 Deum,
2908 2182 2977 2220 an
3018 2166 3159 2235 apud
3188 2165 3521 2234 discipulos?
3563 2163 3717 2233 Apud
3765 2177 3880 2224 vos,
3910 2163 4100 2231 inquit,

2516 2268 2651 2321 quos
2670 2255 2965 2325 discipulos
2986 2257 3159 2312 habeo
3184 2275 3197 2310 :
3220 2257 3321 2310 hoc
3342 2266 3427 2311 est
3449 2272 3466 2310 :
3485 2256 3617 2312 Cum
3639 2256 3885 2310 libertate
3906 2254 4102 2323 ubique

2518 2346 2807 2415 loquimur,
2830 2349 2960 2403 nihil
2989 2350 3343 2414 occultantes,
3370 2349 3498 2403 nihil
3526 2348 3948 2411 dissimulantes,
3969 2348 4101 2401 nihil

2517 2438 2875 2506 suspicantes,
2907 2441 3001 2495 sed
3034 2442 3314 2510 perspicue
3354 2440 3679 2507 loquentes:
3715 2454 3815 2493 nec
3852 2454 4103 2493 veremur

2518 2542 2587 2581 ne
2612 2527 2894 2582 oculorum
2918 2539 3221 2585 vestrorum
3250 2531 3419 2585 aciem
3453 2530 3893 2597 perstringamus,
3912 2541 4103 2597 quem-

2515 2618 2801 2673 admodum
2836 2619 3009 2675 Moses
3038 2622 3367 2677 Judzeorum.
3414 2622 3544 2677 Nam
3571 2621 3713 2692 quod
3745 2621 3884 2675 istud
3916 2621 4101 2675 subin-

2515 2709 2729 2765 dicnrit.
2774 2709 2898 2762 audi
2948 2726 3069 2777 qua:
3112 2724 3441 2781 sequuntur;
3493 2714 3599 2766 imo
3644 2728 3773 2766 vero
3819 2711 4100 2766 historiam

2518 2799 2667 2867 prius
2710 2797 2913 2853 referre
2944 2803 3307 2855 necessarium
3336 2812 3456 2857 est:
3491 2818 3612 2857 natu
3642 2815 3695 2855 et
3721 2803 3835 2869 ipse
3862 2816 3982 2855 eam
4010 2816 4104 2856 as-

2516 2888 2669 2943 sidue
2698 2900 2897 2941 versat.
2920 2888 3177 2955 Quaeuam
3205 2891 3363 2959 igitur
3391 2902 3475 2947 est
3502 2893 3617 2947 ba-c
3650 2889 3916 2946 historia?
3962 2889 4100 2943 Cum

2513 2978 2690 3035 Moses
2732 2979 2968 3050 acceptis
3011 2978 3187 3033 denuo
3240 2982 3435 3035 tabulis
3478 2984 3870 3047 descenderet,
3926 2982 4099 3047 gloria

2512 3070 2758 3141 quaedam
2790 3086 2853 3124 ex
2905 3070 3071 3139 ipsius
3123 3067 3267 3121 vultu
3297 3071 3576 3135 exsiliens,
3608 3073 3745 3127 adeo
3788 3071 4099 3141 ell'ulgehat,

2515 3170 2573 3214 ut
2601 3160 2770 3215 Judaei
2799 3174 2900 3214 nec
2927 3160 2991 3213 ad
3021 3173 3142 3211 eum
3184 3158 3465 3221 accedere,
3495 3175 3595 3214 nec
3619 3175 3739 3214 cum
3769 3176 3837 3215 eo
3861 3159 4101 3229 colloqui

2516 3261 2765 3320 possunt,
2799 3267 3074 3322 quousque
3103 3250 3255 3304 faciei
3287 3265 3398 3304 sure
3444 3251 3684 3305 velamen
3730 3253 4095 3321 imposuisset.

2513 3342 2603 3399 Sic
2626 3346 2769 3397 enim
2803 3346 2853 3398 iu
2899 3343 3091 3398 Exodo
3136 3343 3394 3411 scriptum
3429 3351 3514 3396 est
3546 3362 3560 3397 :
3591 3341 3719 3395 Cum
3758 3343 4101 3399 descendisset

2516 3434 2723 3506 Moyses
2748 3436 2812 3490 de
2840 3446 3027 3502 monte,
3057 3437 3175 3491 duc
3202 3436 3391 3490 tabula
3429 3443 3571 3505 erant
3599 3434 3652 3487 in
3694 3436 3923 3489 manibus
3960 3436 4094 3505 ejus.

2517 3525 2585 3582 Et
2606 3527 2872 3597 ignorabat
2896 3530 3033 3599 quod
3053 3530 3370 3600 gloriﬁcatus
3385 3535 3511 3580 esset
3529 3535 3761 3593 aspectus
3780 3528 3925 3596 [aciei
3948 3528 4061 3597 ejus
4079 3542 4100 3581 :

2511 3628 2562 3673 et
2588 3620 2859 3673 timuerunt
2888 3622 3300 3691 apprOpinquare
3322 3620 3388 3673 ei.
3431 3615 3496 3669 Et
3537 3616 3727 3669 vocavit
3753 3632 3837 3669 eos
3867 3616 4095 3687 Moyses,

2511 3722 2558 3768 et
2585 3714 2821 3784 loquutus
2849 3724 2924 3767 est
2963 3714 3032 3767 ad
3059 3730 3163 3767 eos.
3212 3713 3278 3767 Et
3312 3721 3575 3782 postquam
3620 3708 3829 3762 cessarit
3866 3709 3999 3773 loqui
4024 3709 4100 3761 ad

2509 3822 2614 3871 eos,
2633 3794 2881 3875 imposuit
2907 3806 3059 3877 [aciei
3085 3822 3193 3860 sua:
3218 3805 3465 3859 uelamen.
3495 3802 3624 3855 Cum
3650 3810 3819 3853 autem
3837 3801 4094 3869 ingredie-

2511 3899 2661 3953 batur
2699 3910 2755 3952 ut
2791 3898 3079 3968 loqueretur
3122 3915 3293 3953 coram
3334 3898 3575 3960 Domino,
3622 3894 3827 3948 tollebat
3868 3897 4095 3948 uelamen

2506 4006 2768 4061 quousque
2799 3991 3118 4062 egrederetur
3156 3990 3176 4059 (
3206 3989 3375 4042 Exod.
3400 3990 3486 4044 δι.
3510 3988 3580 4042 29
3600 4018 3626 4029 -
3645 3988 3715 4041 54
3731 3984 3773 4057 ).
3804 3984 3971 4053 Hujus
4009 3985 4097 4041 hi-

2504 4080 2684 4134 storia:
2714 4083 3041 4133 mentionem
3074 4078 3276 4132 faciens
3305 4079 3377 4130 ait
3406 4096 3420 4130 :
3452 4079 3539 4131 15.
3574 4075 3636 4129 Et
3660 4092 3761 4128 non
3790 4076 3920 4128 sicut
3942 4075 4097 4147 Mog.

2506 4186 2584 4223 ses
2617 4170 2830 4239 ponebat
2857 4170 3079 4221 uelamen
3106 4183 3259 4237 super
3299 4168 3478 4238 {aciem
3507 4183 3675 4231 suam,
3707 4175 3760 4219 ut
3798 4182 3898 4219 non
3927 4168 4096 4221 inten-

2508 4262 2684 4316 derent
2724 4260 2821 4328 ﬁlii
2849 4259 3015 4315 Israel
3039 4261 3091 4313 in
3113 4262 3297 4331 faciem
3325 4262 3436 4332 ejus
3456 4262 3593 4323 quod
3616 4271 3907 4315 evacuatur.
3935 4260 4093 4328 Quod

2505 4362 2686 4407 autem
2711 4352 2863 4415 dicit,
2895 4360 2979 4405 est
3006 4352 3268 4421 ejusmodi
3302 4372 3317 4408 :
3346 4352 3485 4407 Nihil
3514 4368 3735 4408 necesse
3762 4360 3864 4411 est.
3898 4363 3955 4406 ut
3978 4352 4095 4406 Mo-

2505 4445 2583 4501 sis
2614 4447 2783 4500 instar
2805 4444 3054 4513 nosipsos
3079 4444 3390 4499 obvelemus
3419 4466 3432 4501 :
3463 4447 3685 4513 potestis
3712 4447 3855 4500 enim
3900 4446 4001 4514 ipsi
4034 4444 4090 4499 in

2505 4536 2729 4605 gloriam
2763 4536 3039 4605 hauc,qua
3066 4534 3226 4589 cincti
3245 4542 3300 4588 et
3318 4536 3492 4588 ornati
3515 4551 3721 4598 sumus,
3746 4536 3960 4595 intueri.
3985 4537 4090 4591 etsi

2507 4625 2677 4680 multo
2704 4627 2876 4696 major
2912 4641 2975 4679 ac
3009 4622 3339 4693 splendidior
3366 4629 3450 4677 est
3478 4638 3635 4691 quam
3663 4625 3749 4678 illa
3783 4626 3965 4681 Mosis.
3999 4624 4094 4698 Υἱ-

2505 4717 2672 4773 desne
2696 4732 2950 4789 quantum
2991 4721 3067 4775 illi
3121 4718 3485 4788 profecerim?
3531 4717 3660 4773 Nam
3687 4722 3775 4789 qui
3815 4721 3869 4775 in
3909 4723 4093 4791 priore

2508 4808 2735 4875 epistola
2770 4811 3003 4874 diccbat,
3049 4809 3155 4864 Lac
3183 4811 3318 4863 vobis
3369 4818 3541 4877 potum
3589 4809 3727 4874 dedi,
3778 4826 3879 4864 non
3924 4811 4092 4865 cibum

2506 4896 2584 4966 (Ι.
2630 4897 2750 4952 Cor.
2798 4900 2851 4954 5.
2903 4901 2985 4970 2),
3028 4900 3115 4955 hic
3150 4903 3270 4955 ait:
3308 4899 3469 4951 Multa
3515 4898 3703 4965 ﬁducia
3750 4900 3985 4954 utimur:
4027 4917 4092 4956 ac

2506 4986 2708 5041 Mosem
2744 4988 2797 5041 in
2826 4990 3062 5057 medium
3091 4988 3360 5059 producit,
3387 5001 3800 5057 sermonemque
3823 5004 3917 5059 per
3943 5006 4094 5061 com-

2508 5075 2837 5148 parationem
2890 5083 3155 5151 provehit,
3189 5090 3246 5134 ut
3284 5080 3384 5134 hac
3410 5094 3623 5149 quoque
3652 5084 3857 5135 ratione
3882 5082 4093 5137 audito-

2508 5184 2622 5224 rem
2654 5169 2707 5224 iu
2758 5172 2925 5226 altum
2974 5172 3256 5227 subducat.
3301 5171 3379 5223 Ac
3428 5170 3654 5238 primum
3698 5170 3900 5227 Judteis
3945 5174 4092 5242 ipsos

2507 5265 2784 5333 anteponit
2798 5265 3007 5329 dicens,
3025 5264 3140 5318 Non
3160 5276 3293 5331 opus
3319 5262 3578 5317 habemus
3598 5264 3883 5327 velamine,
3904 5280 4095 5334 quem-

2507 5354 2795 5410 admodum
2843 5358 2932 5411 ille
2979 5354 3119 5425 apud
3150 5369 3266 5419 eos,
3300 5356 3497 5424 quibus
3544 5368 3809 5425 prteemt:
3842 5370 3961 5427 qua:
4004 5372 4093 5412 se-

2508 5456 2744 5513 quuntur
2771 5458 2953 5501 autem
2982 5445 3048 5499 ad
3095 5444 3415 5514 Iegislatoris
3442 5447 3754 5517 dignitatem
3785 5447 4009 5513 ducunt,
4041 5457 4097 5502 et

2509 5535 2681 5589 multo
2730 5536 2933 5605 majora
2988 5543 3133 5589 sunt.
3187 5534 3405 5589 Interim
3455 5546 3800 5603 autem,qua:
3837 5536 4095 5602 deinceps

2509 5637 2832 5697 sequuntur,
2864 5626 3166 5679 audiamus.
3202 5628 3291 5680 14.
3322 5626 3428 5680 Sed
3453 5628 3617 5681 obtusi
3657 5638 3775 5680 sunt
3806 5643 3979 5679 sensus
4009 5643 4093 5681 eo-

2506 5734 2641 5771 rum.
2677 5718 2849 5785 Usque
2892 5717 2946 5769 in
2972 5716 3271 5770 hodiernum
3296 5718 3431 5771 enim
3457 5718 3591 5771 diem
3623 5717 3843 5787 idipsum
3868 5720 4096 5772 velum
