4060 6346
164 370 286 427 M5

180 482 489 553 ἰουδαῖκὴν
534 482 889 552 φιλονεικίαν,
942 484 1036 536 καὶ⁸
1080 483 1170 536 δια
1195 484 1304 538 τῶν
1335 485 1619 555 ὀνομάτων
1648 488 1752 538 αὺ-

165 576 291 628 τῶν
310 576 560 646 καθαιρεῖ
579 575 641 627 τὸ
665 574 881 644 ἀξίωμα
908 574 1053 628 λίθον
1091 577 1281 641 είπὼν,
1300 579 1395 629 καὶ
1415 579 1748 647 γράμματα,

174 669 281 721 καὶ
311 667 588 721 διακονίαν
610 666 869 731 θανάτου,
900 668 997 722 καὶ
1034 669 1292 740 προσθεὶς
1330 670 1413 723 ὄτι
1446 672 1751 724 ἐντετυπω-

173 758 323 829 μένη
350 775 365 821 ;
409 759 691 812 Ἐντεῦθεν
724 759 834 829 γὰρ
862 759 1014 812 οὐδὲν
1045 761 1174 814 άλλο
1195 761 1487 831 ἐμφαίνει,
1516 761 1550 833 ἢ
1585 762 1666 814 ὅτι
1695 763 1755 814 ἐν

170 848 262 901 ἐνὶ
312 850 496 919 χωρίῳ
526 852 554 903 ὁ
578 850 741 921 νόμος
788 852 991 922 ἵδρυτο,
1026 851 1086 902 οὐ
1135 852 1385 921 καθάπερ
1421 852 1482 905 τὸ
1536 851 1754 920 πνεῦμα

168 937 459 1007 πανταχοῦ
502 940 686 1009 παρῆν
713 939 913 1009 πολλὴν
938 940 1171 1010 ἐμπνέον
1199 940 1295 1011 τὴν
1325 942 1478 1011 ίσχὺν
1506 942 1709 995 ἅπασιν
1734 958 1750 971 ·

164 1027 204 1097 ἢ
238 1028 323 1081 ὅτι
366 1028 564 1100 πολλὴν
599 1031 798 1099 ἐμπνεῖ
822 1032 919 1101 τὴν
941 1031 1171 1103 ἀπειλὴν
1205 1030 1270 1084 τά
1304 1031 1630 1102 γράμματα,
1655 1029 1754 1085 καὶ

166 1114 405 1185 ἀπειλὴν
420 1116 540 1169 οὐδὲ
563 1118 921 1189 ἀφανισθῆναι
950 1120 1277 1190 δυναμένην,
1299 1119 1436 1173 ἀλλὰ
1463 1120 1753 1186 διαπαντὸς

170 1204 454 1272 μένουσαν
478 1248 492 1271 ,
520 1207 615 1260 ἅτε
639 1207 806 1271 λίθοις
852 1210 1357 1280 ἐγκεκολαμμένην.
1389 1205 1519 1264 Εἶτα
1542 1215 1636 1265 καὶ
1663 1212 1753 1265 δο-

166 1293 290 1346 κῶν
316 1296 687 1368 ἐγκωμιάζειν
710 1300 787 1374 τὰ,
807 1300 1032 1364 παλαιά,
1065 1294 1400 1372 κατηγορίαν
1429 1304 1590 1356 πάλιν
1618 1306 1752 1358 ἀνα·

168 1383 431 1452 μίγνυσιν
486 1386 761 1442 ἰουδαίων.
788 1387 970 1442 Είπὼν
1000 1390 1130 1459 γὰρ,
1170 1391 1274 1445 Ἐν
1291 1390 1629 1461 γράμμασιν
1651 1394 1751 1445 ἐν-

165 1473 555 1540 τετυπωμένη
570 1475 863 1542 ἐνλίθοις,
884 1477 1134 1545 ἐγενήθη
1155 1480 1224 1532 ἐν
1243 1480 1417 1549 δόξῃ,
1442 1482 1746 1550 ἐπήγαγεν,

167 1561 355 1614 Ὥστε
371 1561 458 1629 μὴ
489 1563 785 1620 δύνασθαι
806 1568 1079 1623 ἀτενίσαι
1115 1572 1256 1635 τοὺς
1288 1573 1458 1638 υίοὺς
1503 1572 1749 1641 Ἰσραὴλ

161 1653 254 1716 εις
302 1651 371 1705 τὸ
409 1656 739 1720 πρόσωπον
774 1659 1076 1725 Μωυσέως
1098 1678 1111 1691 ’
1142 1662 1170 1713 ὃ
1197 1662 1401 1732 πολλῆς
1439 1658 1507 1734 ἦν
1567 1664 1748 1717 αὐτῶν

162 1736 458 1803 ἀσθενείας
484 1743 580 1794 καὶ
618 1742 1007 1814 χαμαιζηλίας.
1041 1750 1152 1801 Καὶ
1187 1751 1367 1812 πάλιν,
1397 1754 1489 1819 ού,
1525 1755 1624 1808 Διὰ
1645 1756 1746 1826 τὴν

158 1828 324 1894 δόξαν
347 1830 455 1883 τῶν
482 1832 728 1887 πλακῶν·
759 1837 916 1902 ἀλλὰ,
944 1840 1048 1893 Διὰ
1069 1840 1186 1908 τὴν
1214 1841 1403 1906 δόξαν
1431 1844 1535 1899 τοῦ
1558 1863 1747 1914 προσ-

155 1918 329 1973 ώπου
369 1924 557 1978 αὑτοῦ
590 1925 706 1993 τὴν
737 1931 1254 2001 καταργουμένην,
1310 1935 1464 2004 φησί.
1498 1938 1745 1992 Δείκνυσι

154 2010 271 2101 γάρ
318 2012 410 2067 τὸν
441 2016 676 2086 φέροντα
709 2019 1100 2092 δοξαζόμενον,
1134 2026 1233 2078 οὐκ
1270 2029 1504 2091 ἐκείνας.
1533 2031 1606 2083 Οὐ
1634 2031 1745 2101 γὰρ

158 2096 309 2164 εἷπε,
346 2103 447 2157 Διὰ
484 2104 547 2157 τὸ
579 2107 654 2178 μὴ
705 2106 963 2163 δύνασθαι
985 2112 1230 2166 ἀτενίσαι
1255 2117 1336 2178 είς
1369 2118 1468 2180 τὰς
1503 2096 1742 2184 πλάκας,

154 2188 298 2282 ἀλλ’,
326 2193 433 2282 εις
451 2194 517 2246 τὸ
541 2198 870 2263 πρόσωπον
897 2202 1194 2269 Μωῦσέως
1214 2222 1226 2234 ’
1263 2208 1357 2259 καὶ
1387 2208 1568 2272 πάλιν,
1591 2208 1739 2282 [481]

151 2279 237 2351 οὐ,
263 2280 368 2333 Διὰ
385 2281 485 2353 τὴν
506 2283 663 2348 δόξαν
693 2287 802 2339 τῶν
822 2288 1065 2355 πλακῶν,
1098 2293 1256 2357 ἀλλὰ,
1283 2295 1385 2349 Διὰ
1406 2295 1521 2365 τὴν
1550 2279 1742 2362 δόξαν

150 2369 264 2424 τοῦ
302 2375 635 2441 προσώπου
671 2378 882 2433 αὑτοῦ.
914 2378 1049 2434 Εἶτα
1091 2384 1279 2455 ἐπειδὴ
1316 2388 1520 2458 ἐπῆρεν
1542 2389 1735 2459 αὐτὴν,

152 2461 261 2529 ὅρα
299 2463 422 2527 πῶς
442 2466 606 2519 πάλιν
644 2469 897 2538 καθαιρεῖ
924 2471 1097 2541 λέγων
1122 2516 1137 2540 ,
1181 2476 1301 2543 Τὴν
1332 2482 1737 2550 καταργουμέο

150 2571 292 2620 νην.
326 2556 401 2607 Οὐ
435 2558 541 2627 μὴν
570 2559 730 2613 τοῦτο
763 2565 1099 2632 κατηγορίας
1130 2568 1303 2631 ἐστὶν,
1331 2568 1470 2621 ἀλλὰ
1502 2571 1739 2625 ἐλαττώ-

153 2659 295 2733 σεως
326 2660 342 2676 ·
383 2646 504 2699 οὐδὲ
537 2647 647 2716 γὰρ
672 2644 817 2713 εἷπε,
860 2650 972 2719 Τὴν
998 2653 1423 2725 διεφθαρμένην,
1448 2660 1546 2729 τὴν
1570 2678 1739 2733 πονη-

152 2732 281 2803 ρὰν,
339 2733 502 2801 ἀλλὰ,
528 2737 640 2807 Τὴν
660 2742 1000 2811 παυομένην,
1029 2746 1124 2796 καὶ¹
1151 2746 1305 2809 τέλος
1328 2732 1735 2815 λαμσάνουσαν.

153 2824 290 2891 Πῶς
336 2827 472 2896 οὐχὶ
515 2827 761 2897 μᾶλλον
817 2834 856 2900 ἡ
908 2834 1184 2890 διακονία
1239 2839 1347 2893 τοῦ
1395 2843 1738 2912 πνεύματος

148 2918 328 2973 ἔσται
373 2921 447 2974 ἐν
488 2920 683 2991 δόξῃ;
713 2923 1084 2998 Τεθαρῤηκὼς
1137 2930 1244 3001 γὰρ
1283 2932 1472 2986 λοιπὸν
1528 2938 1598 2987 τὰ
1633 2936 1736 3005 τῆς

150 3010 365 3080 Καινῆς
415 3013 581 3084 αίρει,
618 3014 695 3079 ὡς
748 3017 1235 3093 ἀναμφισϐήτητα.
1281 3026 1392 3079 Καὶ
1441 3027 1633 3082 σκόπει
1682 3029 1737 3082 τί

151 3106 302 3157 ποιεῖ
337 3121 350 3133 ο
379 3107 682 3178 ἀντέστησε
719 3110 868 3163 λίθον
921 3113 1141 3185 καρδίᾳ,
1174 3115 1271 3168 καὶ
1300 3118 1538 3188 γράμμα
1570 3120 1737 3173 πνεύ-

154 3210 308 3262 ματι.
362 3191 500 3251 Εἶτα
536 3198 718 3263 δείξας
748 3200 819 3253 τά
847 3202 906 3268 ἐξ
940 3188 1292 3277 ἀμφοτέρων,
1329 3208 1514 3261 οὐκέτι
1555 3209 1735 3281 τίθησι

150 3285 217 3339 τὰ
244 3286 305 3354 ἐξ
337 3289 667 3363 ἀμφοτέρων
689 3310 705 3327 ⁸
737 3285 874 3348 ἀλλὰ
888 3297 948 3350 τὸ
977 3298 1087 3352 ἀπὸ
1106 3300 1199 3359 τοῦ
1229 3301 1560 3372 γράμματος
1585 3303 1699 3367 θεὶς
1717 3345 1733 3369 ,

154 3376 247 3431 τὸν
299 3378 536 3435 θάνατον
573 3385 669 3437 καὶ
699 3385 800 3456 τὴν
844 3388 1195 3459 κατάκρισιν,
1232 3392 1293 3444 τὸ
1320 3390 1428 3446 ἀπὸ
1455 3392 1551 3445 τοῦ
1574 3394 1737 3447 πνεύ-

158 3487 327 3558 ματος
345 3474 746 3545 οὑκέτιτίθησι,
778 3478 879 3550 τὴν
921 3480 1067 3549 ζωὴν
1098 3482 1191 3536 καὶ
1219 3485 1317 3553 τὴν
1347 3485 1696 3558 δικαιοσύνην
1716 3531 1731 3555 ,

156 3556 270 3610 ἀλλ’
301 3560 437 3620 αὐτὸ
462 3562 525 3615 τδ
552 3563 771 3633 πνεῦμα
799 3582 815 3597 ·
848 3568 985 3638 ὅπερ
1008 3570 1233 3637 μείζονα
1249 3573 1531 3628 ἐποίειτὸν
1552 3556 1730 3643 λόγον.

168 3649 229 3702 Ἦ
245 3651 355 3720 γάρ
382 3653 544 3723 καινὴ
564 3656 809 3726 Διαθήκη
825 3658 885 3709 οὗ
912 3658 1056 3729 ζωὴν
1087 3662 1259 3715 ἐδίδου
1280 3665 1461 3732 μόνον,
1486 3667 1621 3721 ἀλλὰ
1641 3670 1733 3721 καὶ

158 3741 373 3812 πνεῦμα
404 3745 660 3815 ἐχορήγει
715 3747 777 3801 τὺ
824 3750 923 3821 τὴν
965 3750 1111 3822 ζωὴν
1157 3754 1432 3825 παρέχον·
1466 3757 1495 3810 δ
1538 3759 1723 3831 πολλῷ

160 3834 341 3903 μεῖζον
365 3836 466 3906 τῆς
496 3838 643 3908 ζωῆς
669 3835 739 3911 ἦν
758 3856 774 3872 °
808 3841 997 3915 διόπερ
1036 3840 1210 3912 εἶπεν,
1249 3848 1312 3901 Ἠ
1330 3848 1604 3904 διακονία
1628 3854 1733 3908 τοῦ

156 3929 527 3998 πνεύματος.
560 3928 693 3985 Εἶτα
744 3934 907 3988 πάλιν
947 3936 1010 3990 τὸ
1052 3938 1185 3991 αὐτὸ
1233 3943 1609 4014 περιστρέφει,
1640 3945 1735 4000 λέο

155 4032 285 4085 γων,
321 4020 392 4073 Εἰ
416 4021 527 4088 γὰρ
556 4022 595 4089 ἠ
631 4022 910 4079 διακονία
933 4026 1043 4096 τῆς
1070 4034 1509 4104 κατακρίσεως,
1537 4034 1711 4102 διξα.

223 4107 290 4176 β’.
310 4111 421 4162 Καὶ
454 4113 747 4181 ἐρμηνεύει
776 4118 1111 4187 σαφέστερον
1133 4120 1186 4172 τί
1208 4122 1346 4186 ἐστι,
1386 4124 1459 4178 Τὸ
1495 4125 1732 4195 γράμμα

157 4198 513 4289 άποκτείνει,
542 4202 702 4255 τοῦτο
720 4204 893 4271 λέγων
917 4208 1053 4279 ὅπερ
1078 4210 1387 4281 ἔμπροσθεν
1408 4217 1729 4289 είρήκαμεν,

159 4286 233 4341 δτι
273 4289 542 4353 δεικτικὸς
594 4292 870 4362 ἁμαρτίας
908 4290 978 4363 ῆν
1022 4298 1050 4349 ὀ
1088 4300 1275 4367 νόμος,
1321 4303 1383 4355 ού
1428 4286 1727 4377 ποιητικός.

158 4379 367 4444 Πολλῷ
427 4379 671 4448 μᾶλλον
726 4384 765 4450 ἡ
832 4384 1108 4439 διακονία
1164 4388 1274 4456 τῆς
1336 4392 1731 4467 δικαιοσύνης

157 4471 499 4535 περισσεύει
543 4470 614 4524 ἐν
650 4470 821 4539 δόξῃ.
862 4474 1095 4531 Ἐκεῑναι
1134 4478 1235 4548 μέν
1282 4482 1391 4553 γὰρ
1434 4487 1492 4538 al
1521 4488 1728 4556 πλάκες

157 4560 275 4623 τοὺς
321 4561 679 4631 ἁμαρτωλοὺς
719 4564 990 4620 ἐδείκνυον
1047 4568 1141 4621 καὶ
1170 4570 1447 4636 ἐκόλαζονο
1494 4576 1632 4650 αὕτη
1669 4580 1728 4634 δὲ

156 4650 273 4713 τοὺς
324 4651 686 4722 ἁμαρτωλοὺς
723 4655 785 4707 οὐ
829 4656 986 4725 μόνον
1035 4658 1135 4711 οὐκ
1166 4661 1444 4729 ἐκόλαζεν,
1470 4667 1607 4724 ἀλλὰ
1635 4673 1729 4725 καὶ

156 4738 393 4807 δικαίους
430 4744 624 4797 ἐποίει·
674 4745 832 4800 τοῦτο
858 4746 967 4819 γὰρ
1004 4750 1066 4803 τὸ
1096 4750 1378 4826 βάπτισμα
1420 4759 1726 4832 ἐχαρίζετο.

157 4832 257 4884 Καὶ
315 4834 427 4903 γὰρ
468 4835 615 4889 οὐδέ
673 4836 1032 4902 δεδόξασται
1074 4841 1142 4895 τὸ
1184 4844 1636 4919 δεδοξασμένον
1658 4857 1729 4911 ἐν

108 5000 111 5003 Δ
158 4925 337 5013 τούτῳ
370 4927 454 4994 τῷ
480 4928 667 4997 μέρει,
703 4930 913 4985 ἕνεκεν
944 4931 1584 5013 τῆςύπερϐαλλούσης
1630 4950 1729 5003 δό-

159 5011 284 5080 ξης.
336 5018 427 5071 Ἐν
483 5018 581 5086 μέν
619 5016 712 5075 οὖν
768 5025 881 5086 τοῖς
931 5024 1217 5096 προτέροις
1258 5029 1477 5097 ἔδειξεν,
1634 5042 1729 5092 καὶ

157 5102 303 5157 τοῦτο
351 5109 409 5160 ἐν
466 5106 615 5181 δόξῃ,
664 5113 756 5165 καὶ
808 5115 908 5185 οὐχ
944 5116 1132 5180 ἁπλῶς
1170 5120 1230 5172 ἐν
1264 5120 1411 5193 δόξῃ,
1446 5126 1584 5181 ἀλλὰ
1634 5130 1728 5183 καὶ

160 5197 483 5286 περισσεύει·
517 5200 577 5251 οὐ
611 5201 720 5273 γάρ
748 5199 892 5269 εἶπε,
937 5208 1060 5271 Πῶς
1092 5209 1211 5279 οὐχὶ
1242 5212 1443 5279 μᾶλλον
1476 5217 1507 5286 ἡ
1538 5217 1726 5274 διακο-

160 5280 239 5374 νία
262 5284 354 5338 τοῦ
386 5287 698 5358 πνεύματος
725 5294 877 5349 ἔσται
912 5298 971 5350 ἐν
994 5298 1150 5371 δόξῃ,
1180 5301 1334 5367 ἀλλὰ,
1370 5280 1727 5374 Περισσεύει

159 5372 222 5473 ἐν
244 5374 412 5473 δόξῃ,
563 5383 672 5473 ἀπδ
691 5384 799 5437 τῶν
829 5387 1105 5460 λογισμῶν
1128 5393 1236 5445 τῶν
1254 5372 1564 5465 είρημένων
1587 5402 1725 5473 ἔχων

160 5465 437 5559 ἀπόδειξιν.
479 5471 745 5527 Ἐνταῦθα
772 5479 867 5530 καὶ
884 5480 982 5551 τὴν
1016 5482 1307 5555 ὑπεροχὴν,
1339 5487 1460 5559 ὅση,
1484 5465 1722 5550 δείκνυσι

162 5553 337 5651 λέγων,
366 5563 446 5617 ὅτι
488 5564 613 5618 Ἐὰν
651 5569 925 5638 συγκρίνω
969 5553 1563 5650 ταύτηνὴείνῃίοίιδὲ
1595 5585 1722 5651 δόξα

162 5646 346 5741 ἐστὶνὴ
369 5652 496 5719 δόξα
522 5654 623 5724 τῆς
657 5655 919 5723 Παλαιᾶς⁸
942 5663 1040 5732 οὐχ
1068 5665 1253 5729 ἁπλῶς
1278 5666 1338 5721 τὸ
1360 5646 1440 5741 μὴ
1468 5667 1604 5726 εῖναι
1635 5646 1720 5731 δό-

165 5733 252 5797 ξαν
285 5744 722 5814 κατασκευάζων,
756 5746 892 5802 ἀλλά
930 5750 1008 5821 τῷ
1049 5755 1145 5826 τῆς
1178 5733 1518 5829 συγκρίσεως
1546 5762 1711 5837 λόγῳ·

1206 369 1275 425 IN
1315 369 1536 427 EPIST.
1588 370 1633 426 ll
1687 368 1778 423 AD
1817 367 1977 428 (ΞΟΠ.
2023 369 2260 426 Ηυδιιι..
2302 369 2411 425 VII.

3335 368 3441 423 ιιι

1861 483 1941 536 διδ
1981 484 2075 536 καὶ
2111 484 2378 554 ἐπήγαγε,
2419 483 2612 547 Τούτῳ
2657 481 2734 547 τῷ
2762 481 2961 549 μέρει·
2998 479 3267 541 τουτέστι,
3302 481 3441 532 κατὰ

1855 576 1949 627 τὸν
1988 576 2088 644 τῆς
2131 575 2469 645 συγκρίσεως
2495 573 2670 641 λόγον.
2709 573 2782 625 Ού
2832 571 2937 643 μὴν
2966 571 3128 624 τοῦτο
3162 569 3440 623 διασάλλει

1855 668 1955 737 τὴν
1986 667 2250 730 Παλαιὰν,
2283 665 2419 719 ἀλλὰ
2449 666 2541 718 καὶ
2579 664 2784 735 σφόδρα
2812 663 2985 733 αὐτὴν
3014 666 3350 730 συνίστησινθ
3381 662 3438 715 αι

1852 758 1966 827 γὰρ
1993 758 2312 829 συγκρίσεις
2341 759 2433 810 ἐπὶ
2458 757 2568 811 τῶν
2603 756 2880 825 συγγενῶν
2910 754 3134 808 εἰώθασι
3169 752 3436 821 γίνεσθαι.

1855 846 1987 919 Εἶτα
2015 850 2110 903 καὶ
2138 848 2293 903 ἀλλον
2318 852 2456 902 κινεί
2482 847 2743 916 λογισμὸν
2784 847 2879 900 τὸν
2914 843 3310 898 ἀποδεικνύντα
3336 844 3439 914 τὴν

1855 941 2129 1010 ὐπεροχην
2180 941 2273 994 καὶ
2312 938 2596 1011 ἑτέρωθεν.
2643 939 2801 991 Ποῖον
2839 936 2905 1007 δὴ
2930 933 3156 999 τοῦτον;
3187 932 3292 986 Τὸν
3330 933 3441 986 ἀπὸ

1853 1031 1947 1083 τοῦ
1984 1032 2197 1102 χρόνου,
2231 1030 2424 1097 λέγων·
2465 1033 2535 1084 El
2577 1030 2645 1082 δὲ
2684 1030 2752 1083 τὸ
2801 1028 3304 1096 καταργούμενον,
3338 1023 3439 1077 διὰ

1853 1118 2060 1186 δόξης,
2097 1118 2311 1184 πολλῷ
2325 1118 2568 1187 μᾶλλον
2597 1119 2661 1173 τὸ
2690 1118 2901 1187 μένον,
2931 1118 3001 1170 ἐν
3028 1116 3200 1184 δόξῃ.
3228 1115 3303 1168 Τὸ
3338 1114 3440 1181 μέν

1852 1211 1962 1280 γὰρ
1990 1210 2291 1272 ἐπαύσατο,
2326 1211 2387 1263 τὸ
2418 1211 2474 1265 δὲ
2505 1212 2655 1281 μένει
2694 1211 2976 1281 διηνεκῶς.
3013 1210 3295 1277 Ἔχοντες
3324 1202 3438 1261 οὖν

1852 1302 2139 1370 τοιαύτην
2197 1300 2438 1364 ἐλπίδα,
2503 1301 2703 1368 πολλῇ
2774 1300 3081 1369 παρρησίᾳ
3143 1299 3434 1367 χρώμεθα.

1866 1393 2085 1463 Ἐπειδὴ
2139 1393 2249 1463 γὰρ
2310 1392 2545 1446 τοσαῦτα
2605 1393 2699 1446 καὶ
2759 1392 3059 1465 τηλικαῦτα
3106 1390 3345 1453 ἀκούσας
3407 1394 3437 1443 ὁ

1851 1485 2127 1554 ἀκροατὴς
2170 1485 2299 1556 περὶ
2325 1484 2474 1557 [482]
2510 1486 2607 1553 τῆς
2646 1486 2875 1553 Καινῆς,
2905 1482 3086 1554 ἐζήτει
3116 1483 3211 1536 καὶ
3236 1482 3437 1551 ὀφθαλο

1853 1575 2114 1644 μοφανῶς
2148 1579 2249 1644 τὴν
2275 1575 2434 1639 δόξαν
2470 1576 2676 1647 ταύτην
2717 1577 2865 1640 ίδείν,
2894 1577 2993 1644 ὅρα
3026 1574 3130 1627 ποῦ
3165 1572 3325 1627 αὐτὸν
3350 1573 3437 1638 ἐξ·

1848 1664 2122 1729 ακοντίζει
2149 1666 2286 1736 πρὸς
2314 1666 2409 1718 τὸν
2440 1666 2703 1736 μέλλοντα
2735 1666 2927 1721 αίῶνα.
2977 1667 3069 1719 Διὸ
3100 1667 3195 1721 καὶ
3222 1666 3320 1737 τὴν
3348 1667 3437 1718 ἐλ-

1850 1760 1977 1813 πίδα
2004 1762 2084 1823 είς
2119 1760 2282 1829 μέσον
2320 1759 2485 1829 ἔθηκε
2520 1758 2713 1827 λέγων,
2748 1760 3031 1826 Ἔχοντες
3070 1754 3185 1813 οὖν
3223 1758 3437 1811 τοιαύ-

1847 1867 1960 1915 την
2009 1850 2249 1903 ἑλπίδα.
2302 1849 2609 1919 Τοιαύτην;
2665 1850 2953 1918 ποταπήν;
2994 1849 3117 1901 Ὀτι
3170 1847 3435 1917 μειζόνων

1847 1938 2161 2010 ἠξιώθημεν
2188 1940 2221 2010 ἦ
2252 1940 2513 2008 Μωῦσῆς,
2546 1938 2644 2008 οὐχ
2677 1939 2725 1991 οί
2752 1938 3037 1991 ἀπόστολοι
3067 1938 3226 2007 μόνον
3249 1940 3431 2009 ἡμεῖς,

1847 2027 1983 2081 ἀλλὰ
2010 2028 2106 2081 καὶ
2138 2029 2339 2091 πάντες
2371 2030 2419 2080 οί
2452 2027 2654 2080 πιστοί.
2696 2026 2907 2094 Πολλῇ
2940 2027 3247 2095 παρρησίᾳ
3282 2026 3435 2096 χρώ-

1834 2110 2015 2189 μεθαέ
2049 2121 2193 2189 Πρὸς
2224 2120 2367 2182 τίνα,
2402 2120 2523 2172 είπέ
2574 2136 2698 2188 μοις
2734 2119 2873 2188 πρὸς
2900 2118 2989 2171 τὸν
3021 2118 3176 2180 Θεὸν,
3220 2116 3254 2190 ἢ
3294 2117 3434 2190 πρὸς

1845 2212 1969 2272 τοὺς
2000 2211 2276 2281 μαθητάς;
2308 2210 2450 2281 Πρὸς
2482 2210 2626 2279 ὑμᾶς
2649 2210 2775 2271 τοὺς
2805 2208 3303 2279 μαθητευομένουςο
3329 2224 3433 2279 φη·

1846 2302 1917 2353 σίσ
1952 2302 2221 2361 τουτέστι,
2246 2303 2379 2354 Μετ’
2408 2301 2721 2371 ἐλευθερίας
2750 2300 3025 2371 πανταχοῦ
3053 2300 3430 2371 φθεγγόμεθα,

1844 2393 1995 2447 οὐδὲν
2026 2392 2506 2461 ὐποστελλόμενοι,
2546 2392 2697 2445 ούδέν
2727 2393 3208 2464 ἀποκρυπτόμενοι
3229 2432 3246 2457 ,
3279 2392 3433 2446 ούδὶν

1844 2484 2209 2555 ὑφορώμενοι,
2233 2483 2369 2537 ἀλλὰ
2392 2484 2578 2551 σαφῶς
2604 2483 2875 2548 λέγοντες·
2905 2484 3000 2536 καὶ
3028 2484 3089 2537 οὐ
3112 2484 3433 2554 δεδοίκαμεν

1845 2577 1919 2645 μὴ
1947 2576 2240 2647 πλήξωμεν
2267 2575 2422 2645 ὑμῶν
2448 2574 2545 2637 τὰς
2579 2574 2753 2643 ὄψεις,
2792 2573 3046 2645 καθάπερ
3065 2576 3307 2646 Μωῦσῆς
3330 2576 3431 2639 τὰς

1854 2666 2144 2721 Ἰουδαίων.
2194 2668 2319 2721 Ὅτι
2382 2668 2492 2735 γάρ
2547 2664 2990 2735 τοῦτο-ᾐνίξατο,
3045 2660 3279 2718 ἄκουσον
3320 2666 3430 2721 τῶν

1839 2757 1984 2826 ἐξῆςο
2020 2757 2221 2825 μᾶλλον
2253 2758 2310 2811 δέ
2340 2758 2437 2828 τὴν
2470 2759 2713 2829 ἱστορίαν
2753 2758 2971 2830 πρῶτον
3005 2760 3303 2825 ἀναγκαῖον
3347 2758 3430 2811 εί-

1840 2850 1980 2900 πεῖν.
2018 2848 2130 2901 Καὶ
2165 2848 2274 2918 γάρ
2322 2851 2486 2911 αὐτὸς
2526 2850 2696 2921 αὐτὴν
2752 2850 2995 2919 συνεχῶς
3043 2849 3427 2922 περιστρέφει.

1837 2935 1935 2998 Τίς
1985 2932 2081 2989 οὖν
2144 2938 2177 3005 ἡ
2239 2938 2484 3007 ίστορία;
2511 2940 2641 2993 Ὅτε
2682 2941 2746 2992 ὲκ
2788 2940 3044 3011 δευτέρου
3089 2941 3187 3003 τὰς
3213 2938 3431 3001 πλάκας

1837 3027 2031 3098 κατῄει
2086 3026 2267 3080 λαὸὼν
2323 3030 2353 3081 ό
2406 3030 2668 3099 Μωῦσῆς,
2702 3030 2829 3094 δόξα
2875 3047 2959 3093 τις
2993 3031 3291 3101 ἐκπηδῶσα
3333 3030 3430 3084 τοῦ

1837 3118 2134 3188 προσώπου
2170 3116 2337 3171 αὐτοῦ
2369 3118 2626 3173 τοσοῦτον
2673 3121 3024 3189 ἀπέλαμπεν,
3052 3120 3129 3183 ώς
3157 3121 3232 3190 μὴ
3271 3121 3431 3174 δύναο

1839 3211 1967 3263 σθαι
1987 3210 2114 3271 τοὺς
2148 3209 2438 3273 Ἰουδαίους
2466 3209 2749 3281 προσιέναι
2774 3209 2923 3280 αὑτῷ
2945 3212 3036 3264 καὶ
3057 3209 3427 3278 διαλέγεσθαι,

1838 3302 1942 3366 ἕως
1970 3306 2058 3357 ὅτε
2089 3304 2325 3374 ἐπέθηκε
2349 3303 2616 3373 κάλυμμα
2637 3303 2714 3372 τῷ
2744 3302 3044 3374 προσώπῳ.
3079 3302 3191 3356 Καὶ
3223 3302 3429 3373 γέγρα-

1839 3411 1973 3449 πται
2007 3394 2181 3457 οὕτως
2211 3396 2270 3449 ἐν
2302 3397 2367 3466 τῇ
2406 3396 2625 3467 Ἐξόδῳο
2664 3395 2875 3450 Ἢνίκα
2908 3394 3127 3462 κατέϐη
3162 3392 3429 3461 Μωῢσῆς

1836 3486 1905 3539 ἐκ
1944 3485 2052 3540 τοῦ
2088 3486 2285 3554 ὅρους.
2321 3490 2381 3540 αἱ
2414 3487 2525 3540 δύο
2556 3487 2791 3552 πλάκες
2817 3486 2886 3542 ἐν
2920 3486 3050 3552 ταῖς
3076 3485 3291 3556 χερσίν
3319 3487 3428 3539 αὐ-

1834 3578 1963 3631 τοῦ.
1988 3578 2097 3631 Καὶ
2130 3580 2241 3630 οὐκ
2274 3577 2403 3645 ᾔδει
2430 3576 2690 3644 Μωρσῆς
2716 3577 2806 3631 ὅτι
2835 3577 3195 3641 δεδόξασται
3221 3577 3260 3645 ἠ
3288 3576 3429 3644 ὄψις

1834 3666 1943 3719 τοῦ
1975 3664 2204 3733 χρωτὸς
2237 3666 2345 3719 τοῦ
2374 3666 2701 3733 προσώπου
2743 3664 2961 3719 αὐτοῦ’
2995 3665 3093 3717 καὶ
3128 3662 3428 3732 ἐφοϐήθη-

1834 3773 1957 3810 σαν
1998 3756 2235 3825 ἐγγίσαι
2275 3755 2456 3819 αὐτῷ.
2502 3755 2611 3808 Καὶ
2654 3755 2951 3809 ἐκάλεσεν
2986 3755 3207 3820 αὐτοὺς
3259 3759 3428 3809 Mmo-

1835 3848 1977 3917 σῆς,
2011 3848 2111 3902 καί
2138 3845 2411 3913 ἐλάλησε
2442 3849 2593 3916 πρὸς
2627 3849 2871 3915 αὐτούς.
2906 3847 3016 3901 Καὶ
3045 3845 3253 3913 ἐπειδὴ
3287 3864 3428 3901 κατ-

1834 3939 2069 3994 έπαυσε
2112 3939 2377 4008 Μωῢσῆς
2416 3940 2626 3994 λαλῶν
2665 3941 2818 4008 πρὸς
2858 3940 3100 4006 αὐτοὺς,
3132 3938 3427 4006 ἐπέθηκεν

1832 4032 1931 4084 ἐπὶ
1967 4031 2034 4084 τὸ
2066 4033 2393 4097 πρόσωπον
2418 4031 2606 4085 αὐτοῦ
2636 4031 2938 4101 κάλυμμα.
2979 4032 3180 4086 Ἠνίκα
3204 4031 3273 4085 δὲ
3304 4034 3427 4087 εισ-

1832 4122 2151 4189 επορεύετο
2183 4121 2465 4173 ἐναντίον
2494 4122 2601 4175 τοῦ
2630 4125 2853 4190 Κυρίου
2884 4126 3120 4186 λαλεῖν,
3160 4127 3425 4192 περιῄρει

1833 4213 1898 4266 τὸ
1926 4212 2209 4282 κάλυμμα
2233 4213 2347 4280 ἕως
2372 4213 2477 4267 τοῦ
2498 4213 2934 4283 ἐκπορεύεσθαι
2966 4218 3175 4269 αὐτόν.
3207 4216 3424 4286 Ταύτης

1833 4309 1926 4366 οὖν
1956 4314 2279 4385 ἀναμνήσας
2308 4315 2408 4384 τῆς
2436 4316 2699 4386 ίστορίας,
2733 4313 2885 4384 φησί·
2912 4310 3025 4364 Καὶ
3056 4310 3128 4363 οὑ
3156 4306 3424 4373 καθάπερ

1834 4402 2098 4472 Μωῦσῆς
2118 4405 2295 4461 ἐτίθει
2320 4406 2601 4475 κάλυμμα
2621 4405 2719 4458 ἐπὶ
2740 4405 2804 4458 τὸ
2828 4404 3155 4470 πρόσωπον
3180 4397 3420 4462 ἑαυτοῦ,

1832 4493 1989 4549 ὥστε
2008 4495 2097 4564 μὴ
2127 4497 2402 4552 ἀτενίσαι
2424 4497 2567 4563 τοὺς
2585 4495 2758 4560 υίοὺς
2788 4492 3025 4563 Ἰσραὴλ
3048 4494 3133 4557 εις
3159 4490 3223 4544 τὸ
3248 4488 3424 4553 τέλος

1834 4586 1940 4640 τοῦ
1969 4586 2479 4655 καταργουμένου.
2516 4587 2583 4637 '0
2605 4584 2661 4636 δὲ
2687 4582 2857 4650 λέγει,
2888 4580 3128 4635 τοιοῦτόν
3151 4582 3318 4632 ἐστιν·
3343 4578 3419 4631 Οὐ

1832 4677 1993 4748 χρεία
2024 4676 2399 4735 καλύπτεσθαι
2424 4676 2595 4744 ἡμᾶς,
2626 4673 2879 4743 καθάπερ
2906 4670 3171 4739 Μωῦσῆςο
3200 4667 3419 4721 δυνατοὶ

1830 4770 1942 4839 γάρ
1988 4769 2146 4839 ὑμεῖς
2190 4767 2318 4820 ίδεῖν
2348 4767 2447 4836 τὴν
2482 4765 2641 4832 δόξαν
2670 4764 2894 4835 ταύτην,
2929 4764 2996 4833 ἦν
3031 4758 3415 4832 περικείμεθα,

1831 4861 2010 4914 καίτοι
2032 4856 2211 4927 πολλῷ
2238 4856 2461 4927 μείζονα
2488 4857 2581 4909 καὶ
2607 4855 2965 4927 φαιδροτέραν
2988 4849 3153 4906 οὖσαν
3179 4850 3417 4922 ἐκείνης.

1832 4948 1986 5013 Εἶδες
2019 4950 2119 5015 τὴν
2152 4950 2482 5019 προκοπήν;
2527 4948 2586 5002 '0
2614 4946 2722 5018 γάρ
2767 4949 2825 4999 ἐν
2854 4950 2920 5017 τῇ
2955 4944 3197 5015 προτέρα
3222 4942 3415 5006 εἰπὼν,

1828 5038 2002 5093 Γάλα
2029 5040 2186 5109 ὑμᾶς
2213 5040 2492 5101 ἐπότισα,
2522 5041 2594 5094 οὑ
2618 5038 2851 5107 βρῶμα,
2886 5034 3119 5089 ἐνταῦθα
3141 5034 3311 5102 λέγει,
3334 5034 3415 5088 ὅτι

1829 5128 2043 5199 Πολλῇ
2078 5130 2384 5199 παρρησίᾳ
2412 5130 2709 5200 χρώμεθα·
2739 5128 2834 5181 καὶ
2864 5126 3101 5181 Μωῦσέα
3135 5125 3215 5187 εἰς
3248 5124 3415 5194 μέσον
3444 5151 3477 5164 ο

1828 5223 2090 5295 παράγει,
2122 5222 2265 5276 κατὰ
2318 5222 2606 5294 σύγκρισιν
2653 5220 2912 5291 προάγων
2958 5219 3050 5272 τὸν
3099 5218 3275 5283 λόγον,
3319 5215 3415 5269 καὶ

1825 5314 2000 5385 ταύτῃ
2031 5314 2121 5367 τὸν
2153 5313 2429 5385 ἀκροατὴν
2455 5314 2693 5380 ἀνάγων.
2722 5312 2834 5364 Καὶ
2858 5310 2996 5373 τέως
3024 5306 3291 5362 Ἰουδαίων
3318 5304 3413 5359 αὒ-

1824 5408 1951 5469 τοὺς
1983 5407 2273 5477 προτίθησι
2306 5406 2503 5475 λέγων,
2532 5406 2613 5459 ὅτι
2652 5404 2727 5456 οὐ
2756 5400 2993 5472 δεόμεθα
3026 5398 3407 5468 καλύμματος,

1825 5497 2074 5565 καθάπερ
2092 5498 2297 5561 ἐκεῖνος
2320 5497 2413 5551 ἐπὶ
2433 5496 2541 5549 τῶν
2561 5493 2900 5564 ἀρχομένων·
2922 5490 2989 5545 τὰ
3004 5489 3060 5543 δὲ
3079 5489 3216 5560 μετὰ
3236 5487 3408 5540 ταῦτα

1822 5587 1918 5638 ναὶ
1956 5587 2037 5649 εἰς
2066 5588 2199 5641 αὐτὸ
2221 5588 2317 5642 τοῦ
2343 5587 2635 5658 νομοθέτου
2664 5586 2727 5638 τὸ
2752 5584 2966 5653 ἀξίωμα
2995 5581 3208 5649 ἀνάγει,
3247 5579 3280 5648 ἢ
3312 5580 3409 5632 καὶ

1823 5676 2005 5746 πολλῷ
2040 5678 2245 5747 μεῖζον.
2287 5680 2437 5741 Τέως
2466 5678 2524 5731 δέ
2552 5675 2662 5729 τῶν
2695 5676 2823 5747 ἐξῆς
2863 5674 3205 5743 ἀκούσωμεν·
3251 5668 3408 5725 Ἀλλ’

1825 5768 2108 5839 ἐπωρώθη
2139 5773 2210 5826 τὰ
2243 5771 2508 5840 νοήματα
2537 5767 2753 5823 αὐτῶν.
2799 5768 2971 5835 Ἀχρι
3009 5764 3117 5835 γὰρ
3152 5761 3261 5833 τῆς
3285 5762 3403 5831 σιξ*
