4568 6424
362 414 468 470 με

360 530 599 598 quoniam
619 529 672 581 in
696 526 900 581 Christo
921 518 1366 580 evacuatur.Vide
1381 519 1507 589 quid
1528 534 1621 586 per
1644 518 1759 569 haec
1785 512 1947 567 verba

360 624 625 678 adstruat.
652 618 785 675 Nam
812 617 955 688 quod
987 626 1099 673 tum
1128 613 1299 670 semel
1325 613 1383 667 in
1408 610 1557 665 Mose
1579 606 1824 676 contigit,
1840 605 1943 671 hoc

360 722 623 784 perpetuo
676 713 731 765 in
778 718 899 781 tege
936 707 1220 778 contingit.
1264 704 1374 760 Nec
1425 710 1604 757 tamen
1635 699 1722 753 his
1764 694 1944 753 verbis

360 807 534 877 legem
574 804 915 868 criminatur,
946 794 1397 871 quemadmodum
1451 807 1551 848 nec
1594 790 1801 845 Mosem
1830 796 1942 841 tum

352 913 480 953 cisse
495 892 965 957 obvelantem,sed
986 889 1291 946 Judaiorum
1308 884 1611 941 vecordiam
1639 900 1653 935 :
1682 880 1771 935 illa
1792 878 1937 935 enim

353 1000 511 1041 suam
532 985 759 1055 gloriam
790 982 985 1047 habet;
1004 988 1058 1035 at
1078 979 1167 1034 isti
1190 991 1309 1032 eam
1335 974 1532 1030 intueri
1558 971 1939 1040 nequiverunt.

352 1077 497 1145 Quid
525 1076 686 1146 igitur
727 1074 921 1130 mirum
959 1056 1111 1127 vobis
1136 1068 1464 1137 est,.inquit,
1493 1066 1539 1119 si
1568 1064 1707 1118 hanc
1752 1062 1941 1133 gratias

353 1168 588 1238 gloriam
614 1179 841 1220 cernere
866 1168 1155 1231 nequeant,
1175 1172 1298 1213 cum
1320 1156 1584 1211 minorem
1606 1154 1752 1208 illam
1777 1151 1942 1207 Mosis

356 1272 465 1311 non
499 1252 894 1324 perspexerint,
923 1262 1024 1307 nec
1068 1249 1213 1303 illius
1241 1247 1448 1301 vultum
1492 1242 1704 1298 obtueri
1752 1250 1942 1311 potue-

352 1348 505 1403 rint?
533 1346 661 1417 quid
694 1343 1006 1408 turbamini,
1035 1340 1081 1395 si
1110 1337 1280 1395 Judaei
1301 1335 1522 1391 Christo
1543 1349 1650 1388 non
1691 1331 1939 1395 credant,

350 1454 476 1493 cum
506 1452 574 1492 ne
604 1436 709 1506 legi
748 1432 965 1504 quidem
1007 1428 1270 1485 credant?
1310 1426 1445 1482 Nam
1490 1424 1561 1479 ob
1612 1423 1664 1477 id
1713 1421 1938 1492 gratiam

347 1526 516 1582 etiam
558 1525 892 1594 ignorarunt,
916 1520 1168 1588 quoniam
1210 1533 1277 1573 ne
1304 1516 1469 1570 Vetus
1502 1513 1720 1576 quidem
1751 1512 1795 1565 Τ
1798 1521 1942 1565 esta-

344 1619 595 1663 mentum
629 1623 730 1662 nec
761 1606 935 1677 ipsius
968 1606 1195 1676 gloriam
1226 1610 1629 1674 cognoverunt;
1658 1600 1929 1671 siquidem

345 1701 489 1772 legis
515 1701 686 1771 gloria
720 1699 771 1753 in
807 1699 912 1753 hoc
941 1698 1044 1751 sita
1074 1704 1183 1762 est,
1222 1694 1371 1765 quod
1404 1694 1474 1749 ad
1501 1693 1777 1748 Christum
1807 1692 1933 1745 ani-

348 1805 475 1846 ll'lOB
501 1797 808 1845 convertat.

424 1882 479 1936 5.
502 1879 665 1935 Vides
687 1889 746 1934 ut
779 1879 907 1934 hinc
938 1888 1157 1949 quoque
1172 1873 1487 1930 Iudaeorum
1508 1873 1710 1928 fastum
1744 1881 1937 1928 retun-

347 1973 481 2027 tlat?
499 1970 711 2025 Etenim
737 1970 882 2025 unde
902 1968 979 2023 illi
1004 1967 1380 2038 prastantiore
1400 1965 1714 2020 conditione
1731 1979 1793 2019 se
1811 1978 1936 2019 esse

344 2061 761 2125 existimabant,
776 2074 967 2128 nempe
983 2057 1129 2127 quod
1142 2054 1307 2110 Musis
1321 2055 1489 2109 facies
1508 2052 1772 2122 fulgorem
1786 2052 1939 2106 emit-

352 2166 515 2219 teret,
542 2154 669 2208 hinc
682 2168 870 2208 eorum
894 2151 1202 2206 crassitiem
1219 2158 1276 2203 et
1289 2147 1651 2217 abjectionem
1671 2144 1937 2200 ostendit.

348 2246 435 2302 Ne
452 2262 583 2319 ergo
602 2247 707 2302 hoc
725 2246 948 2301 nomine
964 2245 1040 2299 illi
1058 2243 1367 2313 glorientur
1389 2259 1404 2294 :
1422 2240 1557 2310 quid
1578 2239 1725 2295 enim
1743 2239 1850 2293 hoc
1871 2236 1938 2311 ad

349 2337 574 2393 Judteos
602 2338 699 2408 qui
730 2338 835 2391 l'rui
865 2350 971 2391 non
996 2333 1337 2405 potuerunt?
1376 2329 1531 2387 Unde
1559 2330 1724 2386 etiam
1762 2328 1818 2384 id
1850 2341 1942 2382 as-

340 2429 499 2483 sidue
552 2427 821 2492 inculcat,
865 2440 1007 2481 nunc
1055 2424 1305 2480 videlicet
1358 2424 1531 2493 ipsum
1583 2421 1824 2475 velamen
1878 2420 1932 2473 in

347 2521 560 2577 Veteris
597 2518 931 2574 Testamenti
975 2518 1206 2573 lectione
1240 2529 1351 2570 non
1387 2514 1683 2570 revelatum
1714 2527 1933 2567 manere

341 2611 565 2673 dicens,
593 2611 716 2679 quia
763 2609 816 2662 in
850 2605 1065 2662 Christo
1100 2615 1419 2671 evacuetur;
1464 2619 1607 2660 nunc
1628 2646 1645 2671 ,
1678 2619 1848 2674 usque
1876 2604 1929 2658 in

339 2699 661 2755 hodiernum
681 2698 846 2763 diem,
866 2713 972 2767 quo
994 2706 1232 2765 tempore
1256 2694 1447 2764 legitur
1468 2694 1664 2758 Moses,
1682 2694 1734 2749 id
1757 2695 1931 2764 ipsum

340 2793 586 2847 velamen
628 2791 681 2845 in
722 2790 959 2857 ipsorum
990 2787 1154 2843 corde
1194 2789 1424 2857 positum
1453 2801 1609 2852 esse;
1642 2801 1705 2841 ac
1734 2796 1847 2841 tum
1875 2786 1929 2842 in

337 2884 608 2949 lectione,
639 2893 749 2935 tum
788 2882 840 2935 in
868 2892 1058 2934 eorum
1086 2878 1250 2934 corde
1278 2878 1480 2949 imponi
1515 2877 1722 2933 dicens.
1753 2876 1928 2947 Supe-

336 2975 456 3030 rius
478 2988 607 3029 vero
631 2972 840 3027 dixerat
867 2987 883 3028 :
915 2967 983 3025 Ut
1005 2969 1263 3024 intendere
1286 2985 1387 3022 non
1415 2978 1616 3037 possent
1638 2968 1738 3037 ﬁlii
1762 2967 1931 3022 Israel

336 3069 397 3122 lis
427 3066 607 3137 faciem
642 3062 805 3119 Hosis
823 3104 838 3131 ,
867 3071 1075 3134 propter
1099 3060 1313 3133 gloriam
1338 3061 1508 3115 uultus
1535 3062 1646 3130 ejus
1668 3076 1783 3129 qua
1809 3076 1927 3114 eva-

337 3171 522 3213 cuatur
546 3174 563 3211 :
591 3170 698 3228 quo
730 3155 858 3226 quid
887 3155 1146 3224 abiectius
1174 3153 1300 3225 fingi
1328 3153 1536 3223 possit?
1564 3168 1684 3207 cum
1716 3167 1784 3207 ne
1812 3152 1930 3220 ejus

336 3252 556 3322 quidem
602 3249 827 3320 gloria,
868 3261 987 3320 qua:
1027 3244 1335 3309 evanescit,
1370 3245 1479 3298 imo
1519 3245 1561 3299 si
1601 3258 1726 3298 cum
1763 3243 1927 3297 altera

336 3341 670 3406 conferatur,
703 3340 845 3394 nulla
883 3342 971 3394 est
995 3345 1325 3406 spectatores
1349 3351 1472 3391 esse
1494 3346 1713 3405 queant,
1744 3337 1837 3391 sed
1861 3336 1928 3389 ab

336 3433 555 3501 ipsisea
582 3432 897 3500 obtegatur,
932 3438 992 3483 ut
1032 3442 1159 3483 non.
1189 3426 1469 3483 intendant
1509 3428 1565 3482 in
1610 3428 1767 3483 linem
1813 3430 1930 3496 ejus

335 3519 483 3591 quod
506 3529 794 3574 evacuatur
816 3559 832 3585 ,
864 3518 967 3573 hoc
989 3526 1074 3573 est
1094 3518 1148 3572 in
1178 3518 1372 3586 legem,
1404 3534 1524 3587 quae
1555 3518 1715 3573 linem
1747 3519 1927 3573 habet.

337 3610 448 3665 Sed
468 3608 634 3663 obtusi
657 3616 775 3662 sunt
799 3622 974 3661 sensus
1001 3621 1193 3660 eorum.
1218 3607 1286 3660 Et
1308 3608 1435 3677 quid
1463 3608 1586 3673 hoc,
1609 3608 1805 3662 dixerit
1829 3609 1928 3663 ali-

334 3703 480 3771 quis,
503 3699 570 3754 ad
600 3700 848 3755 velamen
873 3698 1000 3753 illud
1016 3698 1043 3751 τ
1063 3698 1326 3765 Quoniam
1347 3698 1527 3752 futura
1546 3700 1924 3769 praesignabat.

336 3792 522 3862 Neque
549 3791 690 3845 enim
720 3799 844 3845 tunc
869 3798 1074 3845 tantum
1107 3805 1211 3844 non
1240 3788 1531 3855 viderunt,
1566 3791 1660 3846 sed
1688 3807 1758 3847 ne
1785 3808 1927 3848 nunc

334 3882 555 3953 quidem
583 3882 753 3953 legem
785 3881 991 3937 vident.
1026 3881 1138 3936 Hoc
1162 3890 1342 3936 autem
1385 3882 1621 3952 ipsorum
1660 3884 1789 3938 vitio
1817 3884 1874 3938 lit
1908 3903 1922 3940 :

329 3975 551 4030 obtusio
571 3974 713 4029 enim
735 3974 930 4030 mentis
954 3987 1227 4043 stuporem
1252 3989 1316 4029 ac
1337 3976 1644 4031 vecordiam
1663 3976 1921 4033 declarat.

332 4062 523 4134 Itaque
561 4080 661 4120 nos
702 4080 927 4130 sumus,
974 4064 1065 4136 qui
1108 4066 1278 4135 legem
1316 4067 1585 4136 cognitam
1617 4069 1875 4124 habemus
1907 4088 1921 4123 :

333 4171 460 4209 nam
492 4154 594 4208 illis
634 4169 741 4209 non
773 4155 933 4210 modo
961 4157 1129 4225 gratia
1151 4197 1167 4222 ,
1199 4156 1296 4212 sed
1326 4157 1441 4227 ipsa
1470 4173 1685 4230 quoque
1713 4160 1798 4215 lex
1825 4160 1924 4215 ob-

328 4243 579 4300 umbrata
607 4253 710 4298 est.
744 4243 917 4314 Usque
954 4246 1009 4299 in
1050 4246 1349 4300 hodiernum
1378 4249 1511 4302 enim
1541 4249 1673 4303 diem
1702 4251 1923 4319 itlipsunt

330 4337 559 4391 velamen
584 4337 639 4387 in
669 4335 880 4389 lectione
914 4334 1107 4389 Veteris
1146 4334 1455 4391 Testamenti
1479 4349 1683 4405 manet,
1717 4342 1921 4410 inquit,

329 4440 437 4479 non
462 4424 752 4487 revelatum,
784 4424 901 4492 quia
927 4423 981 4476 in
1010 4421 1209 4480 Christo
1244 4434 1533 4479 evacuatur.
1560 4427 1712 4492 Quod
1741 4439 1922 4484 autem

326 4519 442 4582 ait,
479 4516 615 4571 hanc
644 4516 964 4571 sententiam
996 4515 1155 4571 habet
1186 4533 1202 4569 :
1239 4515 1351 4570 lloc
1376 4516 1547 4585 ipsum
1577 4531 1802 4574 cernere
1829 4536 1923 4575 ne-

326 4616 571 4679 queunt,
599 4622 719 4662 eam
750 4605 912 4662 linem
941 4607 1212 4678 accepisse
1231 4646 1246 4670 ,
1277 4606 1403 4675 quia
1427 4604 1643 4663 Christo
1672 4624 1776 4663 non
1804 4623 1925 4666 cre-

328 4701 489 4756 dunt.
520 4700 731 4755 Etenim
758 4700 803 4754 si
834 4714 932 4769 per
959 4698 1229 4754 Christum
1259 4699 1417 4754 tinem
1442 4703 1669 4772 accepit,
1702 4714 1762 4758 ut
1793 4720 1923 4762 vere

326 4790 573 4860 accepit,
600 4788 760 4858 idque
786 4792 951 4845 etiam
977 4790 1061 4845 lex
1089 4800 1215 4844 ante
1242 4790 1378 4844 dixit
1406 4808 1419 4844 :
1447 4792 1535 4861 qui
1568 4794 1685 4848 ﬁeri
1718 4806 1881 4865 queat
1904 4836 1919 4860 ,

326 4892 392 4937 ut
417 4881 507 4950 qui
534 4878 807 4934 Christum
829 4922 845 4944 ,
873 4895 902 4933 a
933 4896 1041 4950 quo
1076 4881 1161 4935 lex
1198 4881 1469 4949 antiquata
1502 4893 1616 4950 est,
1645 4901 1751 4940 non
1781 4889 1919 4942 reci-

330 4973 526 5041 piunt,
570 4970 742 5039 legem
791 4970 961 5038 ipsam
1007 4973 1334 5041 antiquatum
1384 4988 1505 5028 esse
1554 4977 1922 5046 perspiciunt?

330 5062 503 5116 Porro
527 5059 616 5130 qui
648 5059 748 5114 hoc
775 5062 1083 5129 perspicere
1114 5073 1404 5133 nequeunt,
1441 5066 1612 5132 palam
1653 5082 1786 5124 sane
1813 5079 1918 5137 est,

326 5151 475 5223 quod
516 5151 682 5221 ipsius
710 5153 871 5204 etiam
902 5151 1031 5221 legis
1064 5169 1183 5223 qua:
1223 5153 1338 5209 haec
1365 5154 1492 5208 dicit
1527 5156 1631 5208 vim
1663 5173 1727 5211 ac
1756 5158 1921 5214 robur

326 5244 665 5316 gloriamque
690 5242 992 5297 universam
1023 5244 1286 5314 ignorent.
1320 5252 1387 5301 At
1413 5247 1626 5302 ubinam
1653 5249 1809 5315 dixit,
1840 5253 1920 5306 in-

327 5336 518 5406 quies,
548 5334 629 5388 lex
660 5347 720 5387 se
763 5350 814 5385 lll
844 5331 1061 5388 Christo
1101 5336 1342 5391 aboleri?
1379 5337 1494 5392 Non
1540 5339 1713 5393 solum
1744 5341 1916 5409 dixit,

327 5425 427 5481 sed
465 5422 628 5479 etiam
674 5439 771 5492 per
810 5438 899 5478 res
942 5424 1087 5494 ipsas
1126 5426 1513 5483 demonstravit
1545 5446 1555 5481 :
1586 5444 1651 5483 ac
1690 5431 1918 5499 primum

324 5516 548 5587 quidem
575 5515 716 5585 quod
742 5516 1007 5572 sacrilicia
1034 5526 1088 5571 et
1116 5520 1589 5576 sanctiﬁcationem
1620 5537 1834 5577 omnem
1865 5525 1917 5577 in

328 5621 441 5660 uno
469 5606 617 5673 loco,
648 5605 750 5662 hoc
773 5616 860 5662 est
887 5606 940 5663 in
973 5608 1199 5680 templo,
1224 5613 1548 5669 concluserit
1568 5651 1583 5677 ,
1620 5624 1780 5684 atque
1819 5616 1921 5673 hoc

328 5700 508 5767 ipsum
535 5698 792 5771 templum
825 5712 1009 5770 postea
1039 5690 1366 5759 destructum
1396 5707 1486 5763 sit.
1516 5706 1627 5760 Nisi
1654 5707 1798 5762 enim
1827 5722 1916 5763 sa-

328 5787 536 5847 criﬁcia
559 5800 616 5850 et
641 5793 813 5864 legem
840 5808 1055 5851 omnem
1085 5795 1153 5851 de
1182 5796 1265 5851 his
1304 5798 1597 5854 institutam
1630 5800 1792 5855 ﬁnem
1823 5799 1919 5856 ha-

1426 402 1497 461 IN
1533 396 1746 459 EPIST.
1788 400 1832 455 11
1895 397 1989 453 AD
2024 396 2179 453 COR.
2223 396 2451 454 HOMIL.
2491 396 2606 455 νη.

3538 406 3643 462 ιω

2055 509 2184 567 bere
2207 512 2484 575 voluisset,
2508 510 2735 567 duorum
2756 511 2983 566 alterum
3011 510 3245 577 fecisset,
3269 522 3362 569 ant
3383 517 3639 586 templum

2053 618 2158 657 non
2195 602 2538 666 sustulisset,
2568 610 2653 655 aut
2677 643 2696 672 ,
2735 604 2779 656 si
2823 602 3163 669 sustulisset,
3194 606 3453 661 sacriﬁcia
3492 618 3642 665 certe

2049 692 2168 747 aliis
2198 692 2250 747 in
2287 692 2418 746 locis
2449 692 2564 749 ﬁeri
2594 707 2699 747 non
2730 692 3108 761 prohibuisset.
3144 694 3295 750 Nunc
3319 711 3484 758 vero.
3513 712 3638 752 cum

2048 781 2300 838 universo
2323 792 2583 837 terrarum
2605 784 2719 838 orbi
2748 792 2802 837 et
2833 785 2929 854 ipsi
2958 801 3174 855 quoque
3198 787 3497 841 Jerusalem
3521 787 3637 842 adi-

2047 881 2161 927 tum
2200 874 2267 929 ad
2304 873 2609 941 hujusmodi
2656 874 2915 929 sacriﬁcia
2959 877 3287 943 pra-cluswit
3311 918 3324 939 ,
3356 878 3639 947 solumque

2049 965 2303 1034 templum
2353 964 2483 1033 ipsis
2531 967 2833 1031 permiserit
2874 975 2928 1020 et
2974 966 3292 1036 assignarit,
3332 976 3491 1037 atque
3534 966 3637 1023 hoc

2046 1056 2221 1125 ipsum
2251 1064 2433 1125 postea
2461 1055 2736 1109 sustulerit
2763 1071 2776 1109 :
2804 1071 2901 1125 per
2928 1071 3017 1110 res
3042 1056 3186 1125 ipsas
3217 1056 3429 1112 tandem
3455 1057 3639 1112 decla-

2045 1146 2217 1205 ravit.
2247 1145 2380 1213 legis
2406 1145 2541 1199 ritus
2569 1159 2663 1215 per
2690 1142 2960 1200 Christum
3006 1146 3166 1200 linem
3209 1148 3482 1215 accepisse
3514 1165 3525 1199 :
3556 1149 3633 1201 si-

2043 1237 2260 1307 quidem
2289 1235 2546 1305 templum
2574 1250 2605 1289 a
2628 1232 2844 1290 Christo
2870 1237 3138 1291 sublatum
3162 1246 3265 1292 est.
3289 1238 3441 1304 Quod
3470 1239 3512 1292 si
3540 1252 3638 1306 per

2046 1328 2207 1382 verba
2238 1340 2453 1400 quoque
2486 1326 2669 1382 videre
2707 1326 2871 1394 libet,
2915 1329 3185 1397 quomodo
3231 1344 3325 1397 per
3361 1328 3634 1385 Christum

2043 1416 2130 1473 lex
2158 1417 2410 1487 abrogata
2438 1416 2529 1483 sit,
2558 1417 2847 1486 ipsummet
2885 1419 3243 1489 legislatorcm
3270 1422 3413 1485 audi,
3439 1422 3519 1477 sic
3548 1423 3633 1477 lo-

2041 1519 2295 1579 quentem
2324 1527 2340 1565 :
2369 1507 2684 1579 Prophetam
2719 1510 2857 1565 vobis
2896 1512 3155 1573 suscitabit
3195 1512 3335 1569 Deus
3368 1514 3431 1568 de
3464 1516 3631 1570 medio

2041 1607 2260 1673 fratrum
2302 1612 2582 1657 vestrorum
2604 1644 2620 1669 ,
2670 1614 2929 1674 tamquam
2974 1622 3053 1659 me
3078 1606 3287 1678 :_ipsum
3325 1608 3539 1662 audietis
3576 1608 3632 1662 in

2041 1692 2292 1757 omnibus,
2321 1707 2648 1761 quiscumque
2683 1696 2998 1748 mandaverit
3035 1697 3192 1768 uobis.
3228 1694 3295 1750 Et
3324 1697 3437 1762 erit,
3466 1701 3633 1753 omnis

2040 1784 2211 1837 anima
2234 1798 2348 1852 quis
2371 1784 2670 1853 prophetam
2698 1784 2846 1838 illum
2876 1801 2978 1839 non
3006 1787 3247 1855 audierit,
3276 1789 3634 1843 exterminabi-

2041 1887 2124 1931 tur
2151 1876 2333 1947 (Deut.
2366 1878 2453 1933 l8.
2483 1879 2569 1933 18.
2602 1879 2715 1949 19).
2753 1878 2914 1936 Vides
2942 1895 3046 1949 quo
3072 1891 3231 1950 pacto
3259 1882 3345 1936 lex
3371 1882 3623 1937 ostende-

2042 1973 2143 2035 rit,
2171 1969 2313 2040 quod
2348 1969 2400 2023 in
2437 1968 2653 2025 Christo
2689 1968 2850 2025 linem
2893 1980 3177 2041 acceptura
3204 1973 3388 2028 esset?
3412 1972 3627 2029 Etenim

2040 2060 2295 2130 propheta
2340 2060 2462 2126 hic,
2506 2061 2559 2115 id
2600 2070 2716 2126 est,
2751 2061 2997 2117 Christus
3034 2064 3330 2119 secundum
3366 2078 3584 2121 carnem
3608 2105 3626 2128 ,

2040 2152 2198 2222 quem
2226 2152 2399 2209 Moses
2426 2153 2614 2210 audire
2652 2154 2840 2223 iussit,
2868 2164 2925 2210 et
2952 2155 3230 2210 sabbatum
3260 2167 3315 2212 et
3343 2157 3630 2213 circumcl-

2039 2245 2247 2299 sionem
2280 2244 2488 2314 aliaque
2513 2245 2691 2303 omnia
2722 2246 2965 2300 sustulit;
2986 2248 3064 2300 Ac
3093 2246 3257 2302 David
3286 2247 3389 2303 hoc
3416 2264 3629 2319 quoque

2039 2334 2210 2402 ipsum
2239 2332 2503 2393 indicans.
2534 2333 2603 2389 de
2630 2334 2845 2389 Christo
2869 2336 3117 2390 dicebat:
3142 2335 3224 2390 Tu
3246 2353 3298 2391 es
3317 2337 3553 2391 sacerdos
3574 2339 3629 2391 in

2036 2435 2281 2479 teternum
2322 2424 2599 2479 secundum
2644 2426 2875 2481 ordinem
2917 2425 3253 2482 Helchisedec
3282 2427 3467 2498 (Psal.
3501 2428 3626 2485 109.

2036 2516 2117 2584 4),
2144 2530 2247 2568 non
2274 2522 2451 2568 autem
2476 2515 2771 2569 secundum
2796 2516 3039 2571 ordinem
3067 2520 3267 2574 Aaron.
3298 2518 3379 2573 0b
3401 2533 3628 2589 eamque

2034 2620 2251 2660 causam
2276 2604 2471 2658 Paulus
2497 2605 2778 2674 perspicue
2808 2604 2911 2659 hoc
2937 2621 3214 2675 exponens
3231 2648 3248 2672 ,
3279 2609 3355 2661 ait
3380 2626 3393 2662 :
3424 2607 3623 2661 Trans-

2035 2691 2139 2749 lata
2164 2694 2465 2761 sacerdotio,
2495 2711 2694 2749 necesse
2712 2705 2784 2749 est
2809 2704 2862 2748 ut
2884 2695 3011 2765 legis
3035 2697 3301 2750 translatio
3321 2698 3415 2765 ﬁat
3434 2697 3621 2767 (Hebr.

2034 2789 2088 2844 7.
2114 2788 2226 2859 12).
2248 2792 2423 2859 Atque
2443 2789 2549 2843 alio
2578 2789 2695 2844 loco
2721 2788 2804 2842 his
2826 2803 3037 2843 rursum
3062 2789 3242 2844 verbis
3273 2790 3437 2844 utitur
3468 2808 3494 2845 :.
3514 2790 3620 2843 Sa-

2032 2882 2281 2948 cri/icium
2310 2889 2355 2934 et
2378 2880 2681 2936 oblationem
2706 2880 2913 2941 noluisti
2937 2896 2957 2934 :
2983 2879 3279 2935 holocausta
3305 2891 3352 2934 et
3381 2897 3473 2950 pro
3504 2896 3624 2949 pec-

2030 2981 2144 3028 cato
2172 2987 2272 3024 non
2308 2970 2607 3038 placuerunt
2632 2970 2718 3024 tibi
2748 2986 2768 3023 :
2794 2980 2913 3024 tunc
2942 2970 3052 3026 dixi
3070 3013 3085 3034 .
3110 2969 3247 3025 Ecce
3278 2964 3620 3042 oenio‘(Psal.

2031 3063 2121 3120 39.
2146 3062 2208 3120 Ἲς
2253 3060 2415 3115 Hebr.
2458 3060 2546 3115 10.
2574 3061 2669 3116 5-7
2696 3065 2736 3128 ).
2781 3062 2955 3131 Atque
2992 3062 3093 3116 alia
3138 3062 3308 3118 multo
3347 3062 3431 3117 his
3472 3062 3624 3132 plura

2034 3153 2336 3209 testimonia
2367 3168 2433 3208 ex
2468 3152 2643 3207 Veteri
2678 3151 3020 3208 Testamento
3049 3156 3294 3223 proferre
3321 3157 3465 3222 licet,
3497 3156 3622 3226 qui-

2032 3247 2151 3313 bus,
2181 3245 2447 3315 quomodo
2478 3246 2561 3300 lex
2595 3260 2690 3313 per
2713 3244 2983 3299 Christum
3013 3245 3266 3316 abrogata
3295 3248 3386 3312 sit,
3417 3236 3624 3317 perspi-

2032 3353 2191 3393 cuum
2218 3337 2325 3393 ﬁat.
2348 3337 2527 3408 Itaque
2556 3348 2902 3407 posteaquam
2929 3352 2957 3389 a
2987 3336 3102 3407 lege
3128 3338 3475 3401 abscesseris,
3503 3349 3616 3394 tum

2030 3428 2249 3483 demum
2293 3429 2465 3499 legem
2515 3428 2736 3498 pulchre
2784 3428 3395 3498 perspicieszquamdiu
3437 3441 3618 3485 autem

2030 3535 2151 3579 eam
2176 3519 2485 3584 retiuueris,
2515 3534 2617 3575 nec
2642 3518 2854 3577 Christo
2878 3520 3193 3584 credideris,
3218 3536 3292 3576 ne
3311 3522 3483 3593 legem
3505 3522 3621 3592 qui.

2030 3608 2151 3664 dem
2198 3609 2369 3678 ipsam
2414 3618 2753 3677 perspectam
2799 3608 3078 3664 habiturus
3115 3624 3193 3665 es.
3232 3609 3393 3675 ideo,
3422 3619 3482 3665 ut
3520 3612 3625 3666 hoc

2030 3700 2204 3767 ipsum
2234 3699 2556 3754 luculentius
2584 3700 2845 3765 adstruat,
2872 3701 3147 3770 subjunxit
3170 3717 3183 3751 :
3210 3702 3295 3755 15.
3327 3701 3435 3755 Sed
3453 3704 3505 3756 in
3530 3704 3624 3755 Ito-

2030 3790 2261 3855 diernum
2286 3804 2443 3859 usque
2471 3790 2623 3854 diem,
2652 3805 2767 3843 cum
2796 3790 2982 3859 legitur
3011 3789 3235 3859 Moyses,
3268 3793 3491 3846 velamen
3521 3810 3619 3863 po-

2028 3881 2179 3933 situm
2206 3887 2275 3933 est
2301 3894 2453 3947 super
2488 3895 2576 3931 cor
2606 3894 2805 3932 eorum.
2834 3878 3096 3946 Quoniam
3124 3882 3267 3933 enim
3297 3880 3535 3945 dixerat,
3565 3882 3618 3937 in

2032 3970 2240 4025 Veteris
2263 3970 2302 4022 Τ
2306 3970 2588 4025 estamenti
2614 3969 2842 4024 lectione
2868 3971 3106 4026 velamen
3134 3987 3385 4039 manere;
3412 3988 3479 4028 ne
3498 3975 3621 4043 quis

2030 4061 2147 4117 haec
2172 4062 2331 4115 verba
2357 4061 2425 4116 de
2462 4062 2593 4129 legis
2621 4062 2945 4117 obscuritate
2984 4063 3323 4133 intelligenda
3353 4080 3474 4119 esse
3496 4067 3615 4121 exi-

2029 4154 2289 4213 stimaret,
2324 4162 2431 4205 tum
2462 4168 2557 4221 per
2580 4152 2680 4205 alia
2707 4153 2865 4207 verba
2894 4156 2995 4208 hoc
3020 4157 3193 4224 ipsum
3222 4158 3371 4224 prius
3393 4157 3619 4213 demon-

2027 4244 2215 4299 stravit
2244 4242 2391 4315 (nam
2420 4258 2542 4297 cum
2572 4243 2818 4310 dixisset,
2850 4244 3023 4299 Obtusi
3064 4256 3183 4300 sunt
3209 4264 3387 4303 sensus
3420 4266 3615 4316 eorum,

2028 4337 2261 4391 ostendit
2286 4352 2379 4392 eos
2402 4337 2455 4391 in
2480 4337 2635 4407 culpa
2656 4337 2832 4411 esse);
2866 4348 2976 4394 tum
3004 4355 3187 4395 rursus
3211 4341 3264 4395 in
3298 4341 3379 4395 his
3405 4354 3620 4412 quoque

2028 4429 2227 4482 verbis.
2276 4428 2390 4482 Non
2414 4429 2574 4483 enim
2615 4422 2783 4493 dixit,
2815 4429 2870 4485 In
2906 4431 3075 4487 literis
3112 4442 3293 4487 manet
3331 4432 3633 4501 velamen,

2028 4519 2145 4584 sed,
2175 4517 2241 4572 In
2272 4518 2522 4582 lectione;
2548 4519 2706 4573 lectio
2733 4535 2894 4589 porro
2920 4521 3209 4591 legentium
3234 4524 3377 4579 actio
3400 4534 3483 4579 est
3511 4542 3526 4578 :
3553 4539 3616 4579 ac

2029 4628 2272 4676 rursum,
2303 4612 2431 4666 Cum
2464 4612 2647 4681 legitur
2676 4609 2902 4681 Moyses.
2945 4613 3238 4670 Dilucidius
3261 4626 3441 4671 autem
3472 4616 3614 4672 istud

2027 4705 2281 4772 deinceps
2319 4702 2569 4756 indicavit
2595 4743 2612 4768 ,
2643 4713 2830 4773 aperte
2856 4704 3076 4772 dicens,
3118 4704 3354 4761 Velamen
3395 4710 3615 4778 positum

2027 4804 2101 4850 est
2126 4808 2280 4859 super
2302 4808 2389 4845 cor
2409 4808 2607 4845 eorum.
2635 4788 3075 4864 Quandoquidem
3114 4806 3168 4851 et
3206 4797 3260 4851 in
3290 4797 3450 4855 Musis
3478 4798 3616 4856 facie

2028 4904 2132 4944 non
2159 4888 2230 4942 ob
2256 4887 2455 4941 Mosem
2482 4888 2709 4956 positum
2730 4899 2867 4957 erat,
2891 4890 2985 4946 sed
3016 4901 3238 4963 propter
3258 4908 3443 4949 eorum
3468 4909 3617 4950 erat»

2025 4978 2200 5034 sitiem
2226 4989 2279 5030 et
2312 4978 2583 5033 carnalem
2613 4993 2868 5034 mentem.

2096 5068 2152 5123 4.
2182 5066 2318 5122 Cum
2346 5069 2505 5139 igitur
2535 5085 2631 5124 eos
2662 5072 2792 5125 satis
2816 5072 3167 5141 coarguisset,
3187 5073 3300 5141 jam
3325 5078 3617 5148 correctio-

2026 5160 2111 5215 nis
2137 5160 2298 5216 etiam
2325 5159 2541 5215 modum
2566 5162 2824 5217 ostendit.
2852 5163 3078 5229 Quinam
3110 5174 3289 5221 autent
3316 5167 3401 5221 hic
3424 5169 3616 5223 modus

2024 5251 2140 5305 est?
2172 5250 2258 5304 16.
2289 5249 2419 5304 Cum
2446 5261 2616 5307 autem
2640 5269 2907 5307 conuersus
2927 5254 3081 5323 fuerit
3100 5254 3168 5308 ad
3192 5254 3488 5321 Dominum,
3514 5260 3616 5314 hoc

2024 5351 2123 5405 est,
2155 5355 2186 5395 a
2217 5341 2333 5411 lege
2361 5342 2703 5409 abscesserit,
2736 5349 2993 5415 auferetur
3022 5346 3270 5399 velamen.
3304 5348 3489 5403 Viden’
3518 5366 3614 5405 ve-

2026 5432 2201 5486 lamen
2230 5431 2357 5487 illud
2389 5449 2494 5487 non
2523 5434 2709 5488 faciem
2747 5434 2937 5499 Musis,
2965 5438 3058 5490 sed
3089 5438 3277 5491 faciem
3306 5438 3611 5493 Iudaeorum

2024 5523 2335 5581 obtexis‘se?
2360 5524 2473 5579 Non
2497 5526 2638 5580 enim
2660 5535 2718 5580 ut
2739 5526 2900 5579 Musis
2922 5527 3090 5596 gloria
3111 5529 3488 5594 occultaretur,
3515 5531 3616 5585 hoc

2026 5617 2208 5678 ﬁebat.
2233 5617 2329 5673 sed
2350 5633 2417 5672 ne
2437 5618 2511 5672 illi
2536 5618 2814 5673 viderent:
2835 5633 3010 5689 neque
3029 5620 3172 5674 enim
3192 5634 3419 5689 capaces
3439 5632 3612 5675 erant.

2025 5706 2206 5778 itaque
2246 5709 2461 5763 illorum
2507 5709 2607 5763 hoc
2648 5709 2832 5763 vitium
2876 5719 2995 5765 erat
3027 5727 3041 5765 :
3076 5726 3248 5777 neque
3276 5714 3418 5765 enim
3454 5712 3612 5778 fecit,

2024 5812 2083 5855 nt
2109 5800 2201 5856 ille
2224 5801 2510 5872 quidquam
2539 5801 2827 5872 ignoraret,
2856 5801 2950 5858 scd
2978 5810 3038 5857 ut
3064 5801 3165 5857 illi.
3196 5802 3301 5858 Nec
3330 5802 3471 5859 dixit
3494 5805 3612 5875 qui.
