4568 6424
836 335 938 395 ΗιἸ

833 450 977 514 dem,
1002 446 1136 504 Cum
1159 448 1328 518 legem
1348 447 1626 519 reliquerit
1647 463 1663 513 ;
1687 446 1782 502 sed
1804 447 1907 503 hoc
1926 446 2280 504 subindicavit
2301 464 2423 505 cum

834 542 1036 596 diceret
1066 558 1083 599 :
1108 521 1235 597 Cum
1267 542 1399 596 enim
1426 552 1695 595 conversus
1723 541 1875 611 fuerit
1901 540 1971 593 ad
2008 539 2303 606 Dominum,
2328 558 2426 596 au-

838 634 1022 700 feretur
1049 632 1295 687 velamen.
1321 630 1401 686 Ad
1428 641 1729 686 extremum
1763 646 1931 701 usque
1958 632 2011 685 in
2040 632 2260 687 historia
2296 648 2422 703 per-

834 722 984 777 stitit.
1012 707 1221 776 Etenim
1242 737 1367 775 cum
1386 716 1561 777 Moses
1581 721 1797 776 Judteos
1817 722 2203 791 alloqueretur,
2230 723 2418 779 faciem

835 826 981 866 suam
1009 812 1324 873 obvclabat;
1349 828 1469 865 cum
1499 821 1676 867 autem
1705 813 1769 865 ad
1800 812 2083 866 Dominum
2110 828 2169 867 se
2196 828 2414 869 converc

835 905 1008 971 tebat,
1037 920 1156 958 eam
1188 904 1487 973 detegebat.
1534 904 1645 958 Hoc
1687 916 1865 957 autem
1911 904 1988 957 rei
2031 903 2220 958 futura:
2256 904 2416 973 figura

836 1004 985 1059 «rat;
1023 1009 1215 1063 nempe
1253 994 1391 1061 quod
1412 1034 1427 1058 ,
1460 1010 1581 1047 cum
1606 993 1673 1047 ad
1705 994 1987 1047 Dominum
2016 994 2261 1063 nosipsos
2287 1011 2418 1049 con-

834 1085 1153 1140 verterituus
1174 1127 1187 1146 .
1219 1094 1341 1139 tunc
1372 1086 1506 1155 legis
1534 1087 1759 1155 gloriam
1790 1101 1853 1139 ac
1885 1086 2079 1140 nudam
2108 1087 2422 1155 legislatoris

834 1178 1022 1230 faciem
1068 1178 1451 1245 perspiciemus
1483 1192 1499 1232 :
1529 1177 1636 1231 imo
1677 1191 1781 1229 non
1825 1176 1928 1231 hoc
1968 1185 2173 1230 tantum
2198 1218 2212 1241 ,
2242 1177 2334 1231 sed
2371 1179 2419 1231 in

834 1264 995 1319 Musis
1021 1266 1193 1320 classe
1232 1275 1391 1334 atque
1434 1264 1623 1319 ordine
1661 1266 1882 1318 erimus.
1928 1264 2087 1319 Vides
2120 1280 2228 1335 quo
2266 1274 2422 1334 pacto

830 1358 1071 1411 Judaeum
1104 1358 1168 1411 ad
1204 1357 1361 1411 tidem
1390 1358 1628 1411 excitet?
1662 1358 1789 1411 dttm
1820 1357 2054 1413 ostendit
2088 1373 2247 1421 eum,
2276 1360 2323 1413 si
2352 1360 2419 1414 ad

830 1448 987 1503 fidem
1018 1448 1328 1511 accesserit,
1353 1462 1457 1501 non
1483 1448 1640 1501 modo
1666 1448 1865 1502 Mosem
1894 1449 2085 1503 intueri
2117 1464 2295 1519 posse,
2322 1452 2417 1506 sed

825 1540 987 1593 etiam
1018 1539 1070 1592 in
1098 1538 1287 1592 eodem
1314 1553 1419 1606 quo
1447 1538 1718 1607 legislator
1740 1539 1826 1591 ille
1846 1538 2015 1608 gradu
2041 1548 2201 1610 atque
2225 1541 2418 1598 ordine

827 1643 967 1683 esse.
998 1627 1116 1683 Non
1150 1628 1309 1682 modo
1347 1628 1490 1683 enim
1526 1642 1643 1682 eam
1683 1628 1907 1698 gloriam
1950 1644 2175 1695 cernes,
2207 1631 2414 1701 inquit,

828 1737 988 1790 quam
1017 1729 1128 1776 tum
1158 1722 1378 1776 minime
1405 1722 1581 1777 vidisti
1607 1763 1623 1788 ,
1655 1722 1750 1777 sed
1780 1731 1834 1778 et
1870 1724 1983 1792 ipse
2020 1724 2071 1777 in
2102 1726 2289 1779 eadem
2315 1740 2417 1794 qua

826 1812 915 1867 ille
943 1814 1109 1882 gloria
1142 1811 1350 1866 futurus
1375 1826 1455 1873 es,
1480 1812 1589 1867 into
1617 1813 1785 1867 multo
1808 1814 1969 1868 etiam
2004 1816 2228 1915 majore,
2260 1824 2420 1915 atque

826 1910 1009 1965 tanta,
1041 1912 1098 1955 ιιι
1126 1917 1193 1956 ne
1232 1901 1318 1955 illa
1348 1901 1564 1971 quidem
1595 1903 1779 1971 gloriae
1808 1905 2043 1971 speciem
2082 1903 2346 1971 praebeat,
2373 1902 2419 1957 si

824 2007 946 2047 cum
983 1992 1083 2046 hac
1123 2006 1484 2061 comparetur.
1525 1993 1767 2060 Quonam
1803 1994 2017 2048 tandem
2050 1995 2245 2048 modo?
2271 1994 2418 2061 Quo-

828 2085 969 2139 niam
996 2124 1011 2148 ,
1042 2100 1162 2139 cum
1191 2085 1257 2139 ad
1293 2086 1574 2139 Dominum
1618 2100 1911 2140 conversus
1938 2086 2103 2142 fueris
2126 2128 2142 2153 ,
2174 2099 2332 2158 atque
2363 2089 2417 2145 in

824 2174 993 2243 gratia
1022 2189 1145 2230 esse
1174 2177 1425 2244 coeperis,
1456 2176 1545 2229 illa
1582 2176 1747 2244 gloria
1778 2175 2001 2244 frueris,
2027 2193 2145 2232 cum
2172 2195 2275 2248 qua
2300 2178 2417 2235 Mo-

825 2265 901 2316 sis
929 2263 1095 2331 gloria
1122 2264 1336 2325 collata,
1367 2279 1537 2331 usque
1563 2264 1700 2319 adeo
1731 2264 1953 2321 inferior
1977 2275 2080 2333 est,
2111 2277 2169 2321 ut
2205 2284 2270 2323 ue
2298 2270 2414 2339 glo-

828 2353 904 2405 ria
930 2354 1145 2420 quidem
1176 2352 1265 2408 sit.
1302 2354 1364 2407 Et
1393 2362 1568 2407 tamen
1601 2356 1844 2423 quamvis
1870 2358 2061 2428 exigua
2089 2374 2151 2412 ea
2177 2360 2268 2423 sit,
2300 2362 2416 2414 lon-

823 2456 998 2511 geque
1042 2443 1218 2495 minor
1256 2442 1355 2496 ista
1376 2483 1392 2506 ,
1426 2452 1601 2497 tamen
1642 2446 1896 2515 quamdiu
1930 2446 2147 2502 Judaeus
2171 2451 2279 2505 eris
2303 2491 2317 2513 ,
2348 2466 2416 2506 ne

828 2531 970 2585 Itauc
997 2531 1210 2599 quidem
1246 2536 1633 2602 consequeris;
1674 2549 1804 2604 ergo
1848 2552 2023 2607 neque
2071 2548 2196 2592 tunc
2242 2539 2416 2594 Judaei

826 2622 971 2675 illam
1004 2623 1275 2688 videbant,
1308 2638 1480 2692 neque
1520 2639 1659 2679 nunc
1686 2625 1872 2679 vident
1900 2643 1915 2679 :
1952 2627 1998 2681 si
2040 2638 2215 2682 autem
2258 2630 2414 2691 tidem

826 2713 1105 2779 ampleXus
1132 2712 1310 2776 fut-ris,
1342 2718 1441 2767 Itac
1469 2713 1639 2767 multo
1666 2715 1924 2783 majorem
1951 2716 2131 2771 divino
2158 2720 2416 2777 beneficio

828 2803 1145 2872 perspicies.
1176 2804 1240 2857 Et
1266 2805 1482 2871 quidem
1507 2844 1523 2869 ,
1549 2820 1671 2859 cum
1712 2806 1958 2863 fidelibus
1987 2812 2147 2864 verba
2180 2811 2411 2881 faceret,

824 2894 1179 2964 glorilicatum
1221 2894 1386 2950 fuisse
1412 2900 1641 2967 negabat
1667 2898 1718 2952 id
1744 2901 1885 2968 quod
1914 2901 2264 2971 glorificntttm
2294 2905 2413 2960 fue-

824 2992 946 3037 rat:
970 2981 1056 3037 hic
1079 2994 1255 3038 autem
1279 2999 1384 3038 non
1409 2985 1501 3050 ita,
1527 2985 1622 3041 sed
1648 3003 1753 3056 quo
1782 2990 1979 3058 pacto?
2002 2990 2125 3047 Cum
2146 3009 2415 3048 conversus

824 3074 977 3144 fuerit
1001 3073 1070 3127 ad
1099 3073 1390 3141 Dominum,
1422 3078 1626 3131 tolletur
1651 3080 1873 3133 velamen
1894 3097 1915 3145 ;
1940 3086 2143 3138 sensim
2169 3085 2415 3139 videlicet

824 3164 973 3219 illum
1011 3165 1316 3221 subvehens
1335 3207 1349 3228 .
1381 3182 1445 3222 ac
1482 3167 1712 3234 primum
1741 3171 1955 3240 quidem
1989 3174 2041 3227 in
2071 3175 2261 3230 eodem
2288 3192 2411 3229 cum

824 3256 975 3312 Mosa
1002 3258 1168 3324 gradu
1192 3258 1484 3322 collocatis,
1509 3259 1704 3315 deinde
1730 3270 1907 3315 autem
1938 3264 2200 3333 majorum
2232 3282 2412 3322 rerum

824 3353 1132 3400 consortem
1164 3361 1285 3399 eum
1318 3345 1537 3402 faciens.
1566 3353 1700 3403 Nam
1729 3366 1850 3405 cum
1882 3352 2101 3418 Mosem,
2135 3356 2323 3425 inquit,
2358 3358 2412 3412 in

822 3434 992 3504 gloria
1033 3433 1267 3499 videris,
1309 3445 1419 3490 tum
1459 3436 1671 3492 demum
1705 3441 1771 3494 ad
1816 3442 1981 3497 Deum
2011 3453 2062 3499 te
2090 3456 2408 3515 convertes,

823 3524 1190 3594 amplioreque
1228 3540 1387 3594 quam
1431 3526 1546 3583 haec
1590 3528 1659 3583 sit
1696 3531 1864 3601 gloria
1910 3533 2123 3595 frueris.
2163 3536 2344 3609 Itaque
2377 3554 2409 3594 a

823 3613 1084 3682 principio
1114 3614 1232 3669 vide
1256 3624 1511 3684 quotnam
1548 3633 1636 3673 res
1673 3623 1943 3689 posuerit,
1972 3640 2091 3695 quae
2118 3627 2407 3685 discrimen

820 3703 1115 3771 efficerent,
1143 3716 1303 3776 atque
1326 3706 1454 3761 illttd
1480 3709 1845 3777 ostenderent,
1868 3714 2073 3770 Novum
2097 3717 2409 3775 Testamen-

822 3804 934 3848 tum
982 3794 1157 3850 Veteri
1205 3806 1493 3866 prtcstare,
1536 3815 1641 3852 non
1683 3811 1862 3855 autem
1900 3818 2021 3857 cum
2062 3820 2130 3860 eo
2173 3822 2409 3878 pugnare

820 3895 981 3954 atque
1006 3885 1107 3952 ipsi
1131 3887 1424 3940 adversari.
1462 3888 1618 3955 Illud,
1649 3890 1843 3960 inquit,
1871 3903 1926 3947 et
1955 3894 2133 3963 litera,
2161 3907 2217 3951 et
2249 3899 2435 3967 lapis,‘

819 3983 876 4030 et
904 3975 1091 4031 mortis
1126 3975 1445 4031 ministratio
1481 3986 1624 4046 erat,
1653 3992 1706 4035 et
1740 3982 2023 4050 aboletur;
2052 3996 2106 4040 et
2136 3998 2311 4043 tamen
2342 4006 2409 4046 ne

820 4064 923 4120 hac
942 4064 1155 4136 quidem
1177 4066 1341 4136 gloria
1364 4068 1531 4124 Judaei
1557 4070 1699 4141 digni
1726 4073 1889 4129 habiti
1917 4088 2040 4131 sunt
2065 4096 2079 4133 :
2106 4077 2205 4134 ltoc
2225 4091 2404 4138 autem

818 4157 1050 4211 carnalis
1070 4157 1247 4211 tabula
1273 4170 1377 4224 est,
1404 4170 1459 4215 ct
1482 4164 1723 4231 spiritus,
1750 4175 1805 4220 et
1826 4166 2052 4236 justitia,
2079 4180 2134 4226 et
2157 4183 2408 4228 constan-

820 4254 903 4299 ter
926 4256 1144 4311 manet;
1177 4260 1337 4318 atque
1363 4266 1552 4305 omnes
1576 4268 1642 4307 eo
1662 4254 1804 4324 digni
1829 4258 2105 4327 habemur,
2137 4280 2242 4319 non
2269 4280 2406 4320 unus

821 4341 1047 4397 tantum,
1079 4346 1136 4388 ut
1162 4346 1274 4390 tum
1301 4337 1475 4393 Moses
1503 4340 1595 4393 illo
1622 4343 1836 4399 minore'
1857 4362 1871 4399 :
1891 4345 2015 4403 .Nos
2042 4355 2185 4407 enim
2208 4372 2401 4421 omnes,

819 4422 1012 4494 inquit,
1040 4425 1259 4480 revelata
1283 4427 1416 4497 [acie
1435 4430 1670 4499 gloriam,
1700 4450 1804 4488 non
1831 4436 2047 4511 Moysis,
2076 4446 2170 4502 sed
2196 4447 2406 4504 Domini

816 4513 1093 4570 intuemur.
1141 4516 1336 4573 Verum
1383 4523 1633 4590 quoniam
1680 4530 1951 4595 nonnulli,
1993 4536 2151 4592 rebus
2190 4556 2308 4611 quae
2351 4544 2402 4598 in

817 4607 1067 4661 confesso
1100 4619 1253 4664 erant
1292 4612 1652 4679 reluctantes,
1682 4615 1800 4672 haec
1842 4621 2001 4676 verba
2022 4663 2037 4687 ,
2072 4607 2404 4687 Cant—autem

818 4710 1086 4751 conuersus
1108 4700 1260 4768 fuerit
1283 4701 1351 4753 ad
1371 4700 1648 4759 Dominum
1664 4748 1679 4773 ,
1702 4706 1771 4762 de
1797 4708 1933 4765 Filio
1958 4712 2096 4770 dicta
2120 4733 2239 4775 esse
2267 4738 2401 4778 con-

820 4786 1385 4850 tendunt,accttratius
1410 4796 1546 4850 istud
1568 4800 1951 4869 expendamus,
1976 4806 2106 4863 illud
2134 4813 2280 4879 prius
2304 4831 2403 4885 po-

818 4884 1010 4930 nentes
1033 4918 1046 4935 .
1075 4880 1217 4934 unde
1241 4881 1294 4934 id
1318 4896 1378 4937 se
1408 4885 1686 4946 adstruere
1726 4907 1790 4948 ac
1822 4896 2148 4956 confirmare
2190 4880 2399 4975 putant.

817 4968 1082 5034 Quidnam
1107 4979 1285 5025 autem
1318 4973 1419 5029 ltoc
1447 4978 1568 5031 est?
1595 4980 2085 5055 Quemadmodum,
2116 4968 2396 5068 inquiunt,

816 5059 1089 5128 Scriptura
1114 5060 1261 5122 dicit.
1285 5062 1515 5134 Spiritus
1534 5080 1612 5123 est
1638 5071 1778 5128 Deus
1803 5092 1815 5129 :
1840 5077 2030 5135 eodem
2053 5059 2213 5139 ηιοάὀ
2238 5059 2400 5147 etiam

818 5148 921 5203 boc
948 5149 1084 5214 loco,
1110 5150 1339 5221 Spiritus
1365 5156 1621 5215 Dominus
1646 5172 1747 5219 est.
1766 5166 1882 5222 Non
1899 5172 2042 5226 enim
2060 5173 2214 5239 dixit,
2230 5180 2400 5250 Spiri-

818 5248 902 5291 tus
930 5248 1015 5293 est
1051 5240 1324 5307 Dominus.
1353 5247 1469 5312 sed.
1505 5250 1761 5310 Dominus
1790 5267 1872 5315 est
1898 5262 2146 5333 Spiritus.
2175 5240 2395 5330 Multum

812 5345 977 5399 porro
1019 5332 1159 5388 inter
1203 5333 1338 5390 hanc
1380 5352 1433 5393 et
1473 5342 1621 5398 illam
1662 5332 2106 5418 compositionem
2147 5358 2390 5419 interest.

815 5418 944 5471 Nam
965 5434 1086 5474 cum
1116 5423 1186 5477 ita
1214 5425 1355 5497 loqui
1386 5431 1517 5498 vult,
1548 5445 1603 5486 ut
1627 5441 1683 5489 tu
1707 5437 1810 5500 ais,
1831 5441 2092 5511 adjectivo
2111 5451 2395 5510 articulum

812 5525 919 5563 non
963 5512 1129 5569 addit.
1166 5516 1305 5582 Quin
1346 5520 1503 5576 aliter
1545 5526 1707 5581 etiam
1743 5533 1921 5587 omnia
1959 5551 2059 5601 ea,
2086 5555 2207 5609 qute
2234 5558 2393 5614 supra

810 5613 1226 5661 commemorata
1265 5619 1428 5677 sunt,
1456 5612 1523 5669 de
1547 5632 1779 5686 quonam
1806 5620 2039 5694 dixerit,
2070 5612 2344 5690 videamus
2373 5653 2389 5691 :

810 5688 953 5775 velut
976 5706 1097 5751 cum
1126 5695 1352 5767 dicebat,
1383 5700 1555 5759 Litora
1585 5710 1787 5781 occidit,
1814 5688 2039 5781 Spiritus
2068 5732 2233 5778 autem
2264 5727 2390 5781 sivi-

1631 332 1673 389 S
1729 332 2008 391 JOANNIS
2042 330 2515 389 CURYSOSTOMI
2550 335 2868 396 ARCHIEP.
2908 342 3439 412 CONSTANTINOP.

4017 374 4126 432 με

2531 451 2691 520 licet;
2717 470 2779 511 ac
2804 474 3025 528 rursus,
3054 464 3263 537 Scripta
3296 487 3400 526 non
3440 483 3718 534 atramento
3739 522 3756 548 ,
3789 485 3883 539 sed
3918 485 4124 557 Spiritu

2529 539 2626 595 Dei
2667 547 2876 603 viventis
2904 566 2925 604 :
2955 562 3131 609 utrum
3164 558 3233 615 de
3270 560 3412 617 Filio
3447 579 3513 618 an
3553 567 3621 622 de
3658 539 3899 639 Spiritu?

2526 632 2767 703 profecto
2795 640 2936 708 quod
2965 643 3032 698 de
3059 644 3261 716 Spiritu
3294 669 3308 705 :
3338 652 3407 707 ad
3444 670 3566 711 eum
3603 632 3745 715 enim
3779 678 3809 717 a
3842 632 4121 725 litera‘e'os—

2528 724 2771 805 vocabat.
2807 728 3019 786 Etenim
3068 752 3136 791 ne
3178 740 3337 812 quis,
3369 758 3488 797 cum
3531 747 3758 816 Spiritus
3796 758 4118 814 vocabulum

2525 801 2844 885 audivisset,
2876 836 2940 877 ac
2968 823 3163 881 deinde
3191 829 3292 885 itoc
3321 848 3504 890 secum
3544 852 3816 911 reputans,
3848 846 3905 901 Si
3940 848 4120 905 loses

2526 902 2591 955 ad
2628 904 2903 965 Dominum
2935 928 3227 974 conversus
3259 922 3443 990 fuerit,
3473 928 3590 994 ipse
3619 942 3796 988 autem
3832 932 3899 990 ad
3940 937 4117 1007 Spiri-

2529 1002 2640 1049 tum
2663 1038 2678 1061 ,
2712 999 2963 1057 inferiore
3003 1010 3308 1066 conditione
3347 1030 3465 1071 esse
3495 1019 3845 1077 arbitraretur
3877 1044 3890 1078 :
3923 1040 3981 1082 ut
4015 1031 4116 1083 ltu-

2523 1086 2756 1155 jusmodi
2800 1096 3089 1177 suspicioni
3123 1103 3431 1173 medeatur,
3465 1109 3545 1165 bis
3579 1114 3754 1169 verbis
3782 1118 3948 1173 utitur
3976 1138 3991 1173 :
4025 1123 4113 1177 i7.

2530 1177 2775 1234 Dominus
2817 1167 2985 1238 autem
3030 1188 3257 1259 Spiritus
3298 1205 3388 1247 est.
3418 1167 3554 1254 'Hoc
3594 1212 3709 1268 est,
3744 1204 3862 1271 Ipse
3901 1226 4119 1281 quoque

2530 1264 2782 1324 Dominus
2826 1286 2927 1327 est.
2970 1278 3144 1349 Atque
3184 1290 3240 1336 ut
3286 1284 3548 1357 intelligas
3590 1264 3796 1361 ipsi'de
3836 1264 4119 1357 Pati-aciem

2525 1368 2828 1417 sermonem
2859 1382 3006 1433 esse,
3046 1372 3347 1441 subjunxit,
3388 1378 3485 1432 Ubi
3525 1393 3692 1438 autem
3735 1387 3965 1458 Spiritus
4011 1393 4120 1449 Do-

2524 1450 2668 1514 mini,
2693 1452 2765 1506 ibi
2798 1456 3023 1513 libertas.
3054 1461 3239 1532 Neque
3264 1469 3406 1523 enim
3429 1470 3651 1540 dixeris,
3680 1450 3799 1531 enni
3828 1481 3897 1533 ita
3925 1484 4121 1552 loquu-

2527 1550 2637 1595 tum
2663 1543 2829 1602 fuisse
2858 1566 2871 1601 :
2904 1549 3000 1604 Ubi
3030 1565 3206 1609 autem
3240 1557 3495 1616 Dominus
3528 1564 3757 1620 Domini.
3780 1543 4115 1630 Libertatem

2522 1642 2699 1688 autem
2731 1636 2902 1703 dixit,
2936 1640 3113 1697 habita
3149 1647 3355 1703 ratione
3397 1652 3635 1719 pristinas
3676 1660 3967 1716 servitutis.
4006 1664 4116 1719 De-

2524 1722 2667 1787 inde,
2696 1742 2764 1781 ne
2792 1743 2913 1783 eum
2942 1730 3009 1786 de
3035 1731 3208 1788 futuro
3237 1745 3475 1808 tempore
3500 1743 3643 1813 loqui
3672 1756 3847 1814 putes,
3877 1751 3950 1803 ait
3974 1768 3991 1806 :
4020 1754 4113 1808 i8.

2526 1809 2637 1867 Nos
2661 1826 2826 1871 autem
2851 1836 3022 1875 omnes
3049 1826 3266 1880 revelata
3292 1832 3435 1901 facie~
3454 1832 3670 1903 gloriam
3695 1838 3905 1894 Domini
3928 1860 4117 1911 specu-

2524 1899 2725 1968 lantes;
2756 1922 2864 1961 non
2904 1910 3049 1965 illam
3074 1954 3089 1979 ,
3122 1915 3335 1987 inquam
3358 1961 3375 1985 ,
3403 1899 3522 1991 quae
3551 1925 3713 1981 tinem
3753 1899 3984 2001 accipit,
4014 1938 4113 1991 sed

2522 2005 2641 2061 quae
2679 2008 2896 2062 manet;
2928 2001 2981 2054 in
3022 2006 3250 2060 eamdem
3292 2010 3562 2083 imaginem
3610 2020 4042 2087 transformamur
4079 2043 4113 2080 α

2521 2082 2751 2140 claritate
2772 2087 2827 2141 in
2853 2091 3134 2148 claritatem
3155 2082 3409 2169 tamquam
3430 2120 3463 2156 a
3487 2104 3708 2163 Domino
3740 2082 3961 2180 Spiritu.

2593 2177 2819 2246 Spiritus
2848 2196 3052 2261 sanctus
3075 2188 3127 2242 in
3146 2187 3245 2244 Dei
3267 2196 3445 2249 ordine
3466 2177 3797 2259 est—Vides
3822 2221 3930 2274 quo
3951 2219 4113 2278 pacto

2519 2282 2706 2324 rursus
2750 2271 3007 2341 Spiritum
3054 2280 3108 2333 in
3151 2282 3245 2338 Dei
3292 2285 3483 2341 ordine
3526 2291 3774 2360 collocet,
3818 2271 4025 2368 eosque
4058 2304 4110 2358 iu

2517 2362 2882 2428 apostolorum
2930 2368 3159 2426 classem
3204 2375 3512 2431 subvehat?
3545 2380 3757 2438 Etenim
3788 2362 4111 2456 prius-dixe-

2520 2460 2623 2516 rat,
2655 2452 2887 2522 Epistola
2936 2460 3054 2514 estis
3084 2461 3312 2526 Christi;
3351 2477 3405 2521 et
3456 2468 3558 2524 boc
3597 2472 3734 2542 loco,
3785 2452 3901 2533 iVos
3940 2495 4111 2539 autem

2470 2606 2473 2609 _
2516 2557 2691 2599 Omnes
2718 2548 2938 2602 revelata
2980 2554 3131 2621 facie.
3166 2558 3326 2626 Atqui
3368 2560 3467 2628 ipsi
3499 2562 3689 2632 legem,
3724 2567 3884 2625 Musis
3915 2575 4105 2641 instar,

2519 2646 2788 2704 gestantes
2814 2656 3089 2700 venerant.
3132 2645 3238 2703 Sed
3266 2652 3739 2725 quemadmodum,
3775 2661 3962 2733 inquit,
4008 2683 4108 2723 nos

2519 2729 2781 2789 velamine
2813 2752 2917 2789 non
2948 2752 3083 2807 opus
3114 2739 3399 2798 habuimus
3428 2763 3441 2798 :
3476 2746 3557 2803 sic
3595 2764 3695 2804 nec
3724 2768 3821 2808 vos
3861 2758 4106 2825 quidem,

2519 2821 2608 2888 qui
2647 2827 2981 2894 evangelium
3022 2832 3355 2901 suscepistis.
3404 2837 3563 2906 Atqui
3609 2840 3767 2910 longe
3810 2821 3984 2915 major
4024 2821 4108 2909 est

2518 2908 2635 2965 haec
2671 2913 2873 2982 gloria;
2905 2934 3078 2989 neque
3105 2924 3247 2975 enim
3276 2925 3453 2981 vultus
3483 2932 3651 2983 nostri
3679 2908 3783 3000 est,
3939 2942 4105 3009 Spiri-

2520 3009 2604 3055 tus
2632 3020 2645 3055 :
2679 3013 2736 3059 et
2780 3014 2957 3064 tamen
2985 3026 3102 3079 vos,
3133 3031 3286 3084 teque
3314 3034 3377 3073 ac
3423 3036 3542 3086 nos,
3589 3023 3640 3077 itt
3672 3040 3791 3081 eam
3828 3033 4103 3091 oculorum

2518 3092 2688 3147 aciem
2715 3097 2993 3156 intendere
3020 3107 3263 3172 potestis.
3294 3107 3373 3162 illi
3401 3126 3631 3182 namque
3658 3131 3756 3170 nec
3782 3134 3879 3188 per
3905 3127 4105 3183 media-

2520 3189 2690 3239 tonem
2714 3201 2729 3250 ;
2757 3203 2851 3241 vos
2877 3202 3055 3246 autem
3083 3195 3201 3249 sine
3238 3198 3533 3256 mediatore
3576 3210 3799 3273 potestis
3844 3216 4102 3282 majorem

2522 3273 2747 3332 videre:
2778 3279 2853 3332 illi
2903 3280 3063 3337 Hosis
3108 3284 3299 3341 faciem
3352 3305 3578 3351 cernere
3626 3313 3730 3353 non
3776 3314 4102 3375 potuerunt;

2515 3378 2613 3418 vos
2629 3366 2858 3433 Spiritus
2876 3386 3087 3442 quoque
3102 3376 3327 3447 gloriam
3359 3386 3599 3451 potestis.
3624 3366 3788 3457 Quod
3803 3396 3847 3448 si
3875 3366 4104 3467 Spiritui

2516 3455 2826 3514 inferiorem
2874 3462 3047 3518 locum
3098 3467 3388 3539 obtineret,
3420 3472 3538 3532 lucc
3567 3455 3737 3548 certe,
3769 3494 3825 3539 ut
3854 3455 3958 3544 illis
3986 3506 4107 3547 ma-

2509 3545 2651 3616 jora,
2683 3551 2905 3607 minime
2937 3557 3222 3622 posuisset.

2583 3638 2639 3694 5.
2680 3640 2944 3708 Quidnam
2979 3656 3159 3704 autem
3197 3661 3301 3718 est,
3333 3654 3560 3714 Gloriam
3596 3660 3803 3720 Domini
3828 3672 4105 3738 speculan-

2513 3737 2605 3791 tes,
2635 3732 2689 3784 in
2717 3736 2942 3789 eamdem
2970 3738 3242 3809 imaginem
3270 3751 3736 3819 transformamur!
3763 3732 4018 3829 Apertius
4048 3766 4104 3820 id

2512 3819 2729 3885 quidem
2755 3822 3243 3897 demonstrabatur,
3277 3850 3398 3889 cum
3429 3842 3806 3899 miraculorum
3829 3848 3969 3904 dona
3992 3854 4102 3911 vim

2511 3923 2664 3962 suam
2691 3926 3005 3972 exsererent
3034 3937 3048 3974 :
3082 3933 3260 3978 tamen
3291 3941 3358 3978 ne
3389 3944 3530 3983 nunc
3555 3933 3770 4001 quidem
3810 3937 3863 3992 id
3892 3947 4104 4013 perspi-

2511 4013 2638 4054 cere
2665 4001 2884 4061 difficile
2930 4007 3089 4064 fuerit
3117 4015 3189 4079 ei,
3218 4016 3307 4084 qtti
3340 4017 3463 4074 fidei
3490 4025 3659 4078 oculis
3700 4001 3955 4096 praeditus
3986 4001 4105 4091 fue-

2510 4089 2602 4144 rit.
2632 4090 2765 4145 Nam
2797 4096 2955 4150 simul
2976 4108 3137 4169 atque
3165 4103 3513 4177 baptizamur,
3538 4089 3895 4183 supra-solem
3916 4126 4101 4185 anima

2510 4181 2925 4250 exsplendescit.
2971 4204 3001 4242 a
3048 4192 3246 4261 Spiritu
3297 4181 3660 4273 perpurgata:
3691 4224 3756 4265 ac
3795 4227 3903 4269 non
3936 4181 4102 4276 modo

2508 4271 2735 4341 gloriam
2770 4277 2861 4333 Dei
2888 4284 3265 4355 prospicimus,
3298 4290 3392 4346 scd
3435 4271 3579 4351 illinc
3602 4314 3815 4370 quoque
3843 4271 4102 4375 splendo:

2509 4379 2621 4418 rem
2649 4368 2877 4438 aliquem
2907 4371 3201 4432 haurimus.
3233 4379 3383 4436 Sicut
3406 4387 3547 4439 enim
3575 4368 3765 4456 purum
3790 4368 4096 4468 argentum,

2508 4561 2616 4601 non
2644 4550 2715 4604 ob
2739 4565 2889 4607 suam
2917 4554 3199 4613 dumtaxat
3243 4571 3508 4627 naturam,
3539 4569 3633 4621 sed
3662 4573 3825 4627 etiam
3854 4577 3923 4631 ob
3952 4550 4097 4633 sola;

2508 4651 2622 4690 rem
2655 4638 2915 4710 fulgorem
2942 4663 2956 4699 :
2980 4648 3171 4703 eodem
3203 4650 3365 4705 modo
3392 4654 3570 4709 anima
3610 4657 3890 4729 defamata,
3932 4676 4101 4738 atque

2506 4743 2729 4799 argento
2754 4736 3086 4803 splendidior
3109 4744 3321 4811 effecta,
3350 4762 3381 4800 a
3427 4747 3654 4816 Spiritus
3681 4753 3851 4823 gloria
3883 4736 4095 4819 radium

2507 4823 2746 4891 suscipit,
2797 4842 2862 4883 ac
2900 4830 3135 4888 vicissim
3165 4837 3413 4891 remittit.
3448 4836 3599 4894 Unde
3625 4843 3785 4898 etiam
3813 4846 3911 4914 ait,
3954 4849 4094 4919 Spe-

2506 4914 2752 4981 culantes,
2784 4919 2842 4973 in
2882 4924 3109 4979 eamdem
3151 4927 3423 4998 imaginem
3451 4932 3885 5002 transformamur
3904 4957 3938 4993 ι
3975 4914 4091 5012 gia-

2506 5020 2605 5071 na,
2634 5005 2886 5078 Spiritus,
2934 5014 2990 5068 in
3037 5017 3277 5087 glorians,
3325 5028 3586 5087 nostram,
3615 5038 3774 5092 quam
3806 5005 4089 5089 contrahi-

2505 5110 2646 5159 mus,
2675 5115 2899 5169 quaeque
2928 5106 3047 5161 talis
3062 5117 3146 5163 est
3171 5108 3387 5180 qualem
3416 5125 3539 5168 esse
3563 5128 3663 5183 par
3686 5125 3792 5187 est,
3813 5136 3849 5174 α
3866 5120 4089 5179 Domino

2506 5186 2729 5256 Spiritu.

2576 5280 2804 5350 Spiritus
2821 5296 3028 5343 sanctus
3047 5290 3273 5360 ejusdem
3293 5292 3552 5362 dignitatis
3575 5300 3724 5370 cujus
3744 5300 3905 5358 Pater
3919 5315 4066 5360 est.-

2504 5368 2641 5425 Vide
2673 5376 2944 5442 quomodo
2972 5378 3074 5434 hoc
3100 5381 3227 5436 item
3256 5381 3377 5439 loco
3400 5368 3655 5460 Spiritum
3689 5391 3969 5447 Dominum
3992 5411 4087 5463 sp-

2504 5462 2686 5531 pcllet.
2756 5468 2930 5537 Atque
2988 5473 3116 5527 alibi
3172 5489 3385 5545 quoque
3439 5479 3609 5547 ipsius
3660 5462 4082 5545 dominationem

2504 5556 2809 5624 perspicere
2854 5558 2978 5615 licet
3006 5577 3020 5615 :
3052 5561 3465 5623 Hinistrantibtts
3500 5573 3645 5626 enim
3671 5573 3798 5641 ipsis
3835 5575 4080 5645 Domino,

2502 5642 2692 5713 inquit,
2723 5664 2784 5700 ac
2798 5649 3170 5719 jejunantibus,
3194 5654 3322 5709 dixit
3353 5657 3578 5726 Spiritus
3616 5674 3821 5719 sanctus
3845 5682 3867 5719 :
3897 5642 4081 5738 Segre-

2501 5748 2615 5804 9m
2657 5737 2781 5792 mihi
2821 5738 3043 5798 Paulum
3085 5754 3133 5800 ει
3181 5744 3468 5803 Barnabam
3502 5751 3638 5823 (Art.
3671 5754 3759 5811 is.
3795 5754 3877 5828 ε).
3913 5737 3999 5813 ob
4025 5757 4078 5813 id
