4076 6338
203 402 315 462 «υτ

197 516 299 569 τδν
315 513 513 582 τρόπον
528 513 627 584 τῆς
656 513 1017 585 διορθώσεως.
1036 513 1135 577 Τίς
1154 513 1210 567 δέ
1225 508 1378 576 οὗτός
1404 515 1550 566 ἐστιν
1570 528 1585 575 ;
1619 508 1778 564 Ἦνί-

197 620 283 659 κα
311 604 365 657 δ’
397 602 474 658 ἂν
495 603 834 673 ἐπιστρέψῃ
866 603 1016 671 πρὸς
1052 605 1292 671 Κύριον,
1309 604 1447 671 ὅπερ
1470 602 1619 653 ἐστὶν
1646 600 1782 653 ἀπο-

198 694 400 763 στῆναι
433 694 532 747 τοῦ
560 696 749 764 νόμου,
776 695 1162 762 περιαιρεῖται
1187 693 1254 746 τὸ
1278 693 1582 760 κάλυμμα.
1617 690 1778 761 Ὁρᾷς

192 786 287 838 δτι
329 786 390 837 οὐ
416 784 512 837 τοῦ
554 786 850 856 προσώπου
882 788 1163 847 Μωῦσέως
1193 784 1460 853 κάλυμμα
1486 778 1555 853 ἦν
1579 782 1777 845 ἐκεῖνο,

196 876 340 931 ἀλλά
358 879 458 947 τῆς
480 877 656 946 ὅψεως
687 878 788 947 τῆς
824 877 1154 944 Ἰουδαῖκῆςς
1188 875 1263 927 Οὐ
1293 875 1404 942 γὰρ
1423 873 1509 926 ἵνα
1527 872 1781 943 κρύπτη-

195 986 295 1023 ται
326 971 360 1038 ἠ
398 968 524 1032 δόξα
542 969 844 1033 Μωῦσέως,
866 968 1023 1020 τοῦτο
1045 966 1276 1033 ἐγίνετο,
1304 960 1431 1017 ἀλλ’
1461 964 1548 1018 ῖνα
1582 966 1779 1017 ἐκεῖνοι

125 1131 139 1141 ⁹
201 1061 283 1133 μὴ
307 1046 601 1130 pumme-
626 1060 746 1113 οὑδέ
778 1060 886 1127 γὰρ
912 1055 1357 1125 exeamume
1374 1055 1599 1108 ἐκείνων
1624 1052 1781 1107 ιλάτ-

196 1170 366 1223 τωμα
399 1152 575 1206 τοῦτο·
596 1151 746 1224 [485]
775 1149 894 1202 οὐδὲ
922 1148 1030 1217 γὰρ
1050 1147 1242 1199 τοῦτον
1263 1146 1435 1199 ἐποίει
1462 1162 1514 1197 τι
1544 1147 1778 1212 ἀγνοεῖν,

198 1244 319 1298 ἀλλ’
354 1243 617 1305 ἐκείνους.
660 1242 769 1295 Καὶ
800 1240 901 1291 οὐκ
923 1236 1045 1290 εἶπε
1079 1237 1179 1304 μὲν
1200 1276 1217 1301 ,
1250 1237 1446 1289 Ἦνίκα
1464 1235 1531 1289 ἂν
1550 1236 1662 1306 ἀφῇ
1690 1235 1780 1289 τὸν

197 1339 390 1407 νόμον,
419 1336 579 1389 τοῦτο
601 1334 657 1387 δέ
684 1329 925 1402 ᾐνίξατο.
951 1331 1092 1383 Ὅτε
1118 1328 1229 1398 γάρ
1265 1328 1601 1396 ἐπιστρέψῃ
1630 1327 1781 1395 πρὸς

196 1428 422 1495 Κύριον
443 1466 459 1490 ,
487 1420 876 1489 περιαιρεῖται
918 1420 985 1473 τὸ
1016 1419 1321 1487 κάλυμμα.
1367 1418 1546 1487 Μέχρι
1591 1415 1781 1478 τέλους

197 1518 458 1587 ἐπέμεινε
494 1516 559 1582 τῇ
598 1511 827 1582 ἱστορίᾳ.
866 1510 975 1563 Kal
1002 1510 1111 1581 γάρ
1146 1512 1236 1564 ὅτε
1270 1508 1550 1577 Ἰουδαίοις
1602 1506 1779 1560 διελέο

197 1630 330 1683 γετο
377 1609 622 1678 Μωῦσῆς
644 1647 659 1669 .
695 1608 999 1661 ἐκάλυπτεν
1042 1606 1210 1660 αὑτοῦ
1243 1605 1305 1659 τὸ
1331 1604 1624 1674 πρόσωπον
1647 1619 1661 1633 ο
1690 1602 1780 1655 δτε

196 1704 255 1757 δέ
289 1703 427 1771 πρὸς
468 1700 562 1752 τὸν
589 1700 722 1753 Θεὸν
747 1699 1101 1770 ἐπέστρεφεν,
1128 1694 1659 1763 ἀποκεκαλυμμένον
1687 1687 1775 1762 ἦν.

195 1791 372 1846 Τοῦτο
396 1790 455 1843 δέ
491 1789 667 1853 τύπος
700 1784 770 1860 ἦν
806 1789 902 1842 τοῦ
938 1788 1227 1860 μέλλοντος
1258 1784 1510 1849 ἔσεσθαι,
1538 1783 1621 1836 ὅτι
1651 1783 1780 1835 ὃταν

195 1873 626 1951 ἐπιστρέψωμεν
655 1880 793 1950 πρὸς
813 1880 1038 1949 Κύριον,
1065 1878 1188 1931 τότε
1226 1874 1470 1947 ὀψόμεθα
1492 1874 1594 1945 τὴν
1621 1872 1781 1939 δόξαν

191 1970 294 2024 τοῦ
330 1971 526 2041 νόμου,
563 1971 660 2022 καὶ
687 1970 897 2043 γυμνὸν
918 1968 982 2021 τὸ
1015 1967 1309 2038 πρόσωπον
1335 1964 1429 2018 τοῦ
1450 1963 1742 2034 νομοθέτου
1759 1977 1777 1994 ο

198 2059 407 2131 μᾶλλον
456 2060 513 2114 δέ
555 2062 619 2115 ού
663 2062 823 2114 τοῦτο
858 2060 1040 2130 μόνον,
1079 2056 1217 2111 ἀλλά
1263 2056 1386 2109 τότε
1414 2055 1656 2126 ἐσόμεθα
1688 2056 1783 2108 καὶ

194 2153 258 2204 ἐν
295 2150 450 2215 τάξει
486 2150 788 2212 Μωῦσέως.
822 2145 979 2210 Εἶδες
1015 2145 1132 2208 πῶς
1170 2142 1487 2199 ἐκκαλεῖται
1523 2142 1614 2195 τὸν
1648 2142 1783 2194 Ἰου-

192 2245 347 2299 δαῖον
373 2244 465 2296 ἐπὶ
504 2244 604 2313 τὴν
637 2242 845 2304 πίστιν,
884 2240 1101 2301 δεικνὺς
1130 2238 1213 2291 ὅτι
1242 2237 1305 2289 οὐ
1345 2236 1508 2307 μόνον
1542 2233 1783 2313 Μωῦσέμα

192 2337 421 2392 δύναται
465 2306 629 2401 ιδεῖν,
661 2336 801 2407 πρὸς
841 2336 944 2404 τὴν
974 2334 1137 2405 χάριν
1179 2306 1376 2399 me»,
1425 2329 1565 2385 ἀλλά
1593 2329 1691 2382 και
1725 2306 1785 2379 ἐν

195 2429 338 2499 αὐτῇ
379 2428 636 2497 γενέσθαι
674 2430 743 2497 τῇ
794 2426 949 2492 τάξει
1001 2422 1096 2478 τοῦ
1145 2422 1497 2493 νομοθέτους
1550 2419 1625 2473 Οὐ
1674 2416 1785 2485 γὰρ

198 2519 388 2589 μόνον,
415 2519 574 2587 φησὶ,
602 2516 705 2587 τὴν
744 2515 901 2580 δόξαν
930 2514 1052 2582 δψει
1096 2514 1163 2584 ἢν
1189 2514 1312 2565 τότε
1334 2512 1435 2565 οὐκ
1459 2506 1618 2573 εἶδες,
1649 2505 1786 2559 ἀλλά

196 2609 299 2660 καὶ
349 2604 511 2668 αύτδς
560 2608 619 2658 ἐν
661 2604 788 2674 δόξῃ
821 2603 919 2672 ἔσῃ
946 2604 1015 2672 τῇ
1055 2602 1194 2669 αὐτῇ
1218 2615 1233 2630 θ
1260 2597 1460 2667 μᾶλλον
1507 2594 1564 2647 δέ
1606 2589 1785 2660 πολλῷ

198 2697 434 2756 πλείονι,
459 2693 554 2746 καὶ
586 2692 843 2759 τοσαύτη,
874 2690 1017 2742 ὥστε
1051 2688 1188 2758 μηδὲ
1213 2685 1372 2750 δόξαν
1400 2684 1619 2753 ἐκείνην
1650 2681 1785 2750 φαί-

196 2786 391 2841 νεσθαι
422 2782 599 2855 ταύτῃ
623 2777 1277 2851 παραδαλλομένην.Πῶς
1311 2776 1406 2829 καὶ
1426 2775 1537 2828 τίνι
1558 2774 1783 2845 τρόπῳς

199 2879 331 2932 Ὀτι
359 2876 496 2946 πρὸς
527 2874 621 2926 τὸν
667 2871 871 2942 Κύριον
897 2870 1258 2941 ἐπιστρέψας,
1286 2868 1383 2924 καὶ⁸
1413 2867 1706 2937 γενόμενος
1728 2866 1787 2920 ἐν

198 2971 268 3039 τῇ
320 2966 505 3037 χάριτι
526 3004 543 3027 ,
568 2962 785 3031 ἐκείνης
825 2960 1117 3032 ἀπολαύσῃ
1142 2960 1247 3030 τῆς
1283 2959 1463 3029 δόξης,
1495 2957 1632 3029 πρὸς
1652 2957 1719 3028 ἡν
1752 2957 1787 3026 ἡ

197 3059 334 3125 δόξα
372 3055 656 3117 Μωῦσέως
706 3052 1110 3123 συγκρινομένη
1139 3050 1315 3114 οὕτως
1353 3049 1595 3103 ἐλάττων
1616 3048 1785 3112 ἐστὶν,

205 3149 290 3213 ὡς
342 3139 499 3218 μηδέ
537 3144 664 3209 δόξα
704 3138 868 3197 εἶναι.
916 3143 1056 3197 Ἀλλ’
1091 3143 1241 3213 ὅμως
1285 3141 1333 3193 εῖ
1362 3140 1456 3193 κα)⁸
1493 3134 1666 3209 μικρά
1689 3134 1789 3189 καῖ¹

202 3238 415 3309 σφόδρα
463 3235 771 3290 ἀποδέουσα
809 3233 1049 3303 ἐκείνης,
1087 3230 1341 3292 Ἰουδαῖος
1392 3228 1491 3299 μέν
1530 3225 1630 3284 ὢν.
1659 3221 1785 3277 ούδέ

198 3328 409 3399 ταύτης
469 3325 753 3397 ἀξιωθήσῃ
796 3322 936 3393 [οὐκ
982 3320 1077 3375 οὖν
1111 3320 1223 3375 ῖδον
1255 3318 1427 3390 αὐτὴν
1473 3311 1788 3369 Ἰουδαῖοιοὶ

196 3421 350 3485 τότε,
371 3419 434 3472 οὐ
459 3416 556 3472 νῦν
584 3428 611 3457 ⁸
732 3414 924 3475 πιστὸς
948 3412 1007 3465 δέ
1030 3412 1342 3481 γένομενος,
1366 3408 1463 3462 καὶ
1487 3404 1587 3477 τὴν
1610 3399 1790 3471 πολλῷ

204 3511 441 3583 μείζονα
486 3506 665 3576 αὐτῆς
720 3503 1110 3574 καταξιωθήσῃ
1165 3499 1489 3553 θεάσασθαι.
1539 3497 1648 3551 Kal
1695 3496 1787 3548 ὅτε

204 3604 309 3674 μὶν
329 3603 444 3662 τοῖς
472 3598 687 3659 πιστοῖς
705 3596 978 3660 διελέγετο
1000 3631 1015 3653 ,
1044 3593 1106 3645 ού
1139 3590 1457 3654 δεδοξάσθαι
1486 3590 1548 3640 τδ
1568 3587 1785 3653 δεδοξα-

206 3690 413 3762 σμένον
451 3688 639 3753 ἐλεγεν
660 3702 674 3715 ·
716 3680 953 3735 ἐνταῦθα
984 3680 1043 3733 δέ
1086 3680 1188 3749 οὐχ
1215 3677 1387 3740 οὕτως
1414 3717 1430 3743 ,
1456 3675 1593 3729 ἀλλά
1622 3674 1741 3739 πῶς
1767 3692 1783 3741 ;

203 3782 389 3833 ὀταν
433 3772 771 3843 ἐπιστρέψῃ
825 3771 979 3840 πρὸς
1006 3771 1232 3839 Κύριον
1256 3807 1273 3832 ,
1307 3765 1692 3835 περιαιρεῖται
1721 3767 1787 3818 τὸ

201 3865 495 3934 κάλυμμα
564 3861 711 3917 κατὰ
741 3858 937 3931 μικρὸν
963 3857 1127 3911 αὑτὸν
1162 3854 1408 3922 ἀνάγων,
1441 3853 1535 3907 καὶ
1560 3854 1617 3905 ἐν
1635 3851 1789 3916 τάξει

200 3952 491 4016 Μωῦσέως
555 3951 775 4021 πρῶτον
824 3947 980 4009 ἱστὰς
1012 3985 1029 4010 ,
1064 3945 1160 3999 καὶ
1199 3944 1323 3997 τότε
1365 3942 1475 3995 τῶν
1526 3940 1790 4013 μειζόνων

201 4041 382 4096 ποιῶν
421 4038 702 4092 κοινωνόν.
754 4037 922 4088 Ὅταν
963 4034 1071 4105 γάρ
1132 4031 1249 4103 ῐδῃς
1300 4029 1395 4084 τὸν
1448 4028 1689 4084 Μωῦσέα
1732 4028 1791 4080 ἐν

196 4128 335 4201 δόξῃ
358 4164 375 4190 ,
409 4126 531 4178 τότε
567 4122 757 4177 λοιπὸν
799 4121 897 4176 καὶ
938 4121 1077 4191 πρὸς
1123 4119 1215 4172 τὸν
1256 4117 1392 4170 Θεὸν
1417 4113 1787 4186 ἐπιστρέψεις,

200 4216 303 4268 καὶ
370 4210 619 4282 μείζονος
670 4210 1005 4273 ἀπολαύσεις
1047 4210 1276 4279 ταύτης.
1324 4208 1468 4277 Ὅρα
1507 4205 1690 4258 τοίνυν
1728 4202 1788 4270 ἐξ

199 4298 384 4370 ἀρχῆς
422 4297 564 4351 πόσα
598 4296 810 4349 τέθεικε
851 4296 922 4348 τά
961 4295 1219 4347 ποιοῦντα
1248 4294 1347 4364 τὴν
1373 4290 1667 4361 διαφοράν,
1695 4290 1789 4343 καὶ

196 4384 496 4442 δεικνύντα
524 4384 627 4455 τῆς
656 4384 868 4453 Καινῆς
919 4381 1056 4452 πρὸς
1084 4382 1185 4451 τὴν
1216 4380 1464 4434 Παλαιὰν
1491 4379 1588 4449 τὴν
1616 4379 1787 4450 ὑπερ-

196 4474 373 4545 οχὴν,
402 4473 465 4526 οὐ
507 4471 608 4543 τὴν
650 4470 855 4542 μάχην,
896 4469 1018 4523 οὐδὲ
1042 4466 1143 4539 τὴν
1184 4466 1525 4520 ἐναντίωσιν.
1573 4464 1791 4539 Ἐκείνη

198 4559 469 4631 γράμμα,
501 4560 657 4628 φησι,
682 4558 779 4611 καὶ
796 4556 969 4619 λίθος,
1006 4555 1102 4609 καὶ
1127 4552 1363 4607 θανάτου
1393 4551 1663 4613 διακονία,
1691 4550 1789 4605 καὶ

198 4646 590 4721 καταργεῖται·
613 4646 710 4698 καὶ
735 4645 886 4714 ὅμως
906 4642 1028 4696 οὐδὲ
1043 4641 1247 4710 ταύτης
1264 4637 1575 4708 ὴξιώθησαν
1595 4638 1645 4690 οἱ
1660 4638 1790 4691 ἰου-

197 4732 344 4787 δαῖοι
363 4730 463 4801 τῆς
477 4729 658 4801 δόξης*
682 4730 824 4800 αῦτη
850 4730 1131 4801 σαρκίνηή
1155 4725 1317 4791 πλάξ,
1342 4727 1439 4777 καὶ
1453 4724 1672 4793 πνεῦμα
1697 4724 1790 4778 καὶ

198 4816 523 4887 δικαιοσύνη
543 4853 559 4880 ,
582 4817 680 4869 καὶ
712 4816 863 4886 μένει
893 4834 908 4848 ο
942 4816 1038 4871 καὶ
1066 4814 1269 4876 πάντες
1298 4812 1468 4881 αὐτῆς
1499 4810 1789 4877 καταξιού-

203 4906 371 4977 μεθα,
402 4904 503 4973 οὐχ
528 4898 615 4965 εἷς
651 4902 815 4972 μόνος
839 4942 855 4965 ,
888 4903 1142 4971 καθάπερ
1171 4897 1418 4968 Μωῡσῆς
1438 4898 1537 4967 τῆς
1566 4898 1787 4953 nam.

198 5011 293 5060 νος
333 4994 457 5048 τότε
486 5007 501 5022 ⁸
537 4990 737 5060 Ἡμεῖς
770 4990 903 5061 γὰρ,
927 4992 1083 5062 φησὶ,
1114 4988 1340 5053 πάντες
1368 4987 1790 5057 ἀνακεκαλυμσο

194 5082 367 5149 μένῳ
398 5079 701 5151 προσώπῳ
725 5076 841 5143 τὴν
880 5076 1072 5141 δόξαν
1093 5076 1201 5131 τοῦ
1227 5073 1451 5142 Κυρίου
1469 5090 1789 5142 acroama-

199 5165 418 5234 τόμεθα
446 5206 462 5231 ,
497 5167 559 5220 οὐ
614 5164 712 5236 τὴν
741 5164 1045 5226 Μωῦσέως.
1116 5162 1257 5216 Ἀλλ’
1294 5159 1482 5229 ἐπειδή
1516 5176 1660 5222 τινες
1688 5160 1749 5214 τὸ
1769 5202 1784 5226 ,

210 5250 431 5306 Ἠνίκα
454 5250 537 5306 ἂν
553 5250 897 5319 ἐπιστρέψῃ
915 5248 1069 5317 πρὸς
1092 5252 1332 5319 Κύριον,
1368 5244 1614 5318 περὶτοῦ
1652 5245 1787 5300 Υξοῦ

196 5335 459 5408 ειρῆσθαί
503 5352 659 5403 φασι,
688 5339 804 5399 τοῖς
832 5336 1040 5405 σφόδρα
1070 5333 1524 5406 ὡμολογημένοις
1567 5333 1787 5387 ἀντιπί-

197 5431 433 5485 πτοντες
464 5421 495 5462 δ
541 5422 939 5495 ἀκριϐέστερον
987 5422 1120 5478 αὐτὸ
1173 5422 1552 5491 ἐξετάσωμεν,
1602 5419 1786 5484 θέντες

197 5514 473 5586 πρότερον
484 5512 685 5574 ἐκεῖνο,
712 5512 805 5579 ἀφ’
822 5507 884 5566 οῦ
910 5510 1159 5566 δοκοῦσιν
1174 5511 1307 5563 αὐτὸ
1326 5506 1691 5571 κατασκευάζι
1712 5525 1777 5564 ιν.

198 5597 266 5650 Τί
297 5596 357 5651 δέ
393 5594 554 5650 τοῦτό
582 5596 737 5661 lem;
773 5595 1074 5667 Καθάπερ,
1103 5594 1241 5664 φησὶ
1260 5636 1275 5659 ,
1294 5594 1444 5663 λέγει
1486 5590 1713 5662 Πνεῦμα
1753 5594 1785 5645 ό

263 5702 444 5765 '_ﬂoc.
465 5706 556 5754 οὐκ
576 5703 661 5755 οὖν
678 5706 781 5753 tam
803 5704 952 5765 αὐτὴν
986 5706 1207 5756 Ἰουδαῖοι
1238 5704 1433 5765 α’τότε,
1456 5702 1513 5753 ού
1551 5700 1636 5750 νῦν
1667 5714 1782 5763 qua

199 5761 810 5834 hl_34._996f|nl,.el'lnt.
853 5763 959 5834 Idl.
996 5766 1208 5834 ιοεοιδει,
1250 5777 1313 5813 ex
1362 5761 1450 5815 IIS.
1476 5761 1775 5814 mutuamur.

260 5825 292 5868 δ
312 5824 462 5889 Ediﬁ,
486 5826 853 5881 ἀντιπίπτοντα.
876 5825 988 5886 ιιι,
1012 5824 1356 5879 ἀντιτείνοντας.

1234 399 1297 455 IN
1341 397 1565 456 EPIST.
1591 397 1638 453 ll
1666 395 1758 450 AD
1796 393 1955 451 (ΞΟΠ.
1998 393 2237 452 HOMIL.
2273 394 2391 450 VH.

3358 402 3465 459 “8

1887 507 2041 573 Θεὸς,
2070 506 2214 560 οὕτω
2247 509 2341 561 καὶ
2372 506 2629 575 ἐνταῦθα,
2651 510 2877 581 Πνεῦμα
2907 513 2935 565 ό
2961 511 3189 583 Κύριος.
3220 514 3469 570 ’Δλλ⁹οὑκ

1886 591 2007 647 εἷπε
2031 634 2045 658 ,
2077 593 2307 663 Πνεῦμα
2337 595 2367 646 ό
2396 593 2597 665 Κύριος
2623 633 2639 659 ,
2679 594 2833 668 [486]
2867 597 3004 663 ἀλλ’,
3048 588 3113 645 ὀ
3141 600 3355 668 Κύριος
3398 604 3469 656 τὸ

1888 677 2133 748 Πνεῦμὰ
2149 680 2302 733 ἐστι.
2321 678 2463 734 Πολὺ
2480 680 2538 734 δέ
2555 679 2760 751 ταύτης
2787 683 3050 753 κάκείνης
3065 683 3167 753 τῆς
3190 685 3472 758 συνθήκης

1887 766 1948 819 τὸ
2001 765 2187 833 μέσον.
2220 766 2393 817 Ὅταν
2434 766 2546 836 γὰρ
2588 766 2847 837 βούληται
2885 768 3027 822 οὕτω
3055 769 3261 835 λέγειν,
3288 772 3365 834 ώς
3402 776 3469 827 σὺ

1889 853 2019 923 φὴς,
2046 850 2125 921 τῷ
2165 852 2401 923 ἐπιθέτῳ
2432 851 2635 923 ἀρθρον
2659 855 2721 907 οὐ
2760 855 3135 926 προστίθησιν.
3175 856 3382 921 ¹’Δλλως
3414 857 3472 911 δέ

1892 940 2095 1010 ῖδωμεν
2165 939 2345 991 πάντα
2411 940 2515 993 ὅσα
2570 941 2818 1012 διελέχθη
2865 942 3092 1001 ἀνωθεν.
3154 944 3283 1013 περὶ
3325 943 3471 1003 τινος

1888 1025 2110 1096 εἴρηκεν
2133 1040 2150 1055 ο
2181 1022 2295 1076 οἷον
2344 1025 2432 1077 δτε
2466 1024 2641 1091 ἔλεγε,
2671 1027 2743 1079 Τὸ
2770 1029 3003 1096 πράμμα
3034 1028 3471 1091 άποκτείνει,τὸ

1890 1112 2136 1180 Πνεῦμα
2184 1109 2486 1171 ζωοποιεῖ·
2517 1112 2613 1165 καὶ
2643 1112 2829 1175 πάλιν,
2879 1114 3375 1185 Ἐτ-πεγραμμένη.
3398 1117 3471 1169 οὐ

1883 1199 2102 1269 μέλανι
2124 1240 2139 1263 ,
2166 1197 2328 1250 ἀλλὰ
2365 1200 2667 1266 Πνεύματι
2715 1198 2865 1252 Θεοῦ
2912 1198 3130 1267 ζῶντος
3151 1217 3168 1234 ο
3202 1199 3313 1272 ἄρα
3347 1204 3473 1272 περὶ

1886 1282 1985 1336 τοῦ
2044 1282 2200 1347 Υίοῦ,
2236 1281 2269 1351 ἢ
2304 1283 2433 1353 περὶ
2466 1282 2562 1335 τοῦ
2602 1282 3210 1355 Πνεύματος;Εῦδηλον
3225 1288 3307 1339 δτι
3344 1290 3474 1361 περὶ

1886 1369 1981 1423 τοῦ
2008 1368 2153 1422 Πνεύ
2163 1385 2331 1438 ματος
2356 1384 2370 1399 ο
2406 1368 2543 1438 πρὸς
2571 1369 2678 1438 γὰρ
2703 1370 2863 1423 τοῦτο
2882 1370 2986 1424 ἀπὶ
3025 1370 3120 1424 τοῦ
3142 1374 3474 1442 γράμματος

1891 1455 2093 1518 αὐτοὺς
2145 1454 2355 1507 ἐκάλει.
2383 1453 2502 1507 Ἵνα
2559 1456 2670 1526 γὰρ
2725 1456 2801 1525 μὴ
2837 1456 3079 1520 ἀκούσας
3101 1475 3184 1520 τις
3224 1456 3471 1527 Πνεῦμα,

1888 1537 2008 1595 εἶτα
2036 1541 2392 1611 λογισάμενος
2416 1581 2433 1604 ,
2465 1544 2514 1594 εί
2552 1544 2796 1614 Μωῦσῆς
2822 1545 2959 1613 πρὸς
2986 1543 3192 1615 Κύριον
3212 1530 3473 1612 ἐπέστρε-

1886 1628 2008 1697 ψεν,
2060 1628 2222 1691 αὐτὸς
2250 1628 2307 1679 δὲ
2350 1628 2489 1698 πρὸς
2536 1628 2791 1699 Πνεῦμα,
2822 1630 3046 1684 ἔλαττον
3074 1632 3221 1703 ἔχειν
3248 1632 3472 1702 νομίσῃ,

1888 1710 2274 1783 διορθούμενος
2327 1712 2425 1782 τὴν
2477 1714 2737 1785 τοιαύτην
2783 1716 3064 1780 ὑπόνοιαν,
3088 1709 3273 1787 φησὶν,
3311 1717 3375 1771 '0
3401 1714 3473 1769 δὲ

1892 1800 2114 1867 Κύριος
2157 1798 2226 1852 τὸ
2260 1798 2505 1868 Πνεῦμά
2548 1801 2699 1853 ἐστι.
2756 1802 2869 1854 Kal
2916 1802 3075 1855 τοῦτο
3098 1804 3304 1875 Κύριός
3331 1806 3473 1869 ἐστι,

1889 1885 2044 1957 φησί.
2073 1885 2189 1939 Kal
2213 1886 2301 1938 ἵνα
2331 1886 2531 1956 μάθῃς,
2559 1887 2642 1939 ὅτι
2668 1888 2798 1956 περὶ
2821 1887 2917 1940 τοῦ
2946 1888 3312 1959 Παρακλήτου
3337 1890 3476 1944 όλό-

1889 1989 2007 2041 γος,
2053 1972 2332 2041 ἐπήγαγεν
2361 1987 2375 2001 '
2417 1967 2500 2026 Οὔ
2542 1971 2612 2024 δὲ
2651 1974 2721 2025 τὸ
2768 1974 3013 2043 Πνεῦμα
3076 1977 3319 2043 Κυρίου,
3351 1975 3483 2028 ἐκεῖ

1889 2059 2222 2126 ἐλευθερία.
2254 2058 2327 2111 Ού
2355 2057 2465 2127 γὰρ
2494 2057 2667 2129 δήπου
2691 2059 2851 2114 τοῦτο
2886 2060 2952 2113 ἂν
2981 2060 3157 2126 εἴποις
3190 2060 3359 2114 αὐτὸν
3381 2056 3473 2113 λέμ-

1891 2163 2031 2214 γειν,
2074 2138 2151 2199 υῦ
2192 2144 2250 2198 δέ
2283 2146 2312 2198 ὁ
2353 2143 2561 2215 Κύριος
2619 2145 2713 2199 τοῦ
2761 2147 2987 2214 Κυρίου.
3032 2147 3380 2218 Ἐλευθερίαν
3408 2146 3475 2199 δέ

1892 2230 2013 2287 εἷπε
2066 2231 2206 2302 πρὸς
2237 2230 2336 2301 τὴν
2358 2229 2668 2303 ἔμπροσθεν
2697 2232 2963 2287 δουλείαν.
2995 2230 3129 2288 Εἶτα
3158 2233 3246 2287 Eva
3276 2233 3352 2303 μὴ
3381 2247 3474 2285 νο-

1896 2320 2083 2389 μίσῃς,
2141 2319 2223 2369 ὅτι
2272 2318 2401 2386 περὶ
2446 2318 2733 2388 μέλλοντος
2779 2321 2974 2391 χρόνου
3015 2321 3200 2386 λέγει,
3260 2318 3471 2389 φησίνο

1902 2405 2095 2471 Ἡμεῖς
2117 2403 2187 2455 δὲ
2210 2402 2436 2468 πάντες
2457 2406 3009 2477 ἀνακεκαλυμμένῳ
3035 2407 3334 2479 προσώπῳ
3359 2405 3475 2473 τὴν

1890 2491 2084 2555 δόξαν
2106 2491 2333 2558 Κυρίου
2352 2491 2871 2561 κατοπτριζόμενοι
2893 2510 2907 2525 ο
2939 2496 3001 2548 οὐ
3031 2496 3129 2566 τὴν
3158 2493 3476 2565 παυομένην

1896 2577 2115 2648 ἐκείνην
2138 2618 2154 2643 ,
2186 2575 2324 2630 ἀλλά
2376 2574 2477 2646 τὴν
2528 2576 2799 2646 μένουσαν
2825 2596 2840 2608 ’
2863 2579 2982 2647 τὴν
3032 2581 3230 2648 αὐτὴν
3268 2579 3478 2634 είκόνα

1886 2665 2423 2735 μεταμορφούμεθα
2472 2663 2591 2718 ἀπὸ
2628 2662 2813 2733 δόξης
2845 2668 2935 2731 εις
2968 2665 3180 2733 δόξαν,
3210 2665 3477 2734 καθάπερ

1893 2752 2013 2808 ἀπὸ
2041 2752 2262 2820 Κυρίου
2289 2752 2657 2821 Πνεύματος.

1967 2833 2127 2902 Εἶδες
2151 2837 2269 2901 πῶς
2299 2838 2461 2893 πάλιν
2479 2837 2539 2890 ἐν
2566 2837 2717 2903 τάξει
2738 2837 2834 2891 τοῦ
2866 2837 3004 2915 Θεοῦ
3044 2839 3104 2893 τὸ
3142 2839 3370 2904 Πνεῦμα
3401 2840 3484 2893 τί·

1895 2926 2043 2997 θησι,
2075 2926 2171 2978 καὶ
2198 2924 2397 2988 αὐτοὺς
2423 2926 2503 2988 εις
2532 2925 2632 2996 τήν
2654 2924 2811 2992 τάξιν
2829 2923 3150 2990 ἀναϐιϐάζει
3186 2925 3297 2980 τῶν
3332 2926 3480 2979 ἀπο·

1899 3013 2143 3073 στόλων;
2176 3010 2287 3063 Καὶ
2329 3011 2440 3083 γὰρ
2487 3011 2800 3083 ἔμπροσθεν
2844 3014 3088 3084 εἴρηκεν,
3135 3013 3471 3083 Ἐπιστολή

1896 3100 2042 3153 ἐστε
2088 3096 2355 3164 Χριστοῦ
2377 3111 2391 3125 ο
2443 3102 2541 3149 καὶ⁵
2584 3098 2843 3165 ἐνταῦθα,
2902 3100 3099 3167 Ἡμεῖς
3146 3100 3216 3153 δὲ
3256 3100 3484 3168 πάντες

1895 3180 2450 3250 ἀνακεκαλυμμένῳ
2502 3181 2822 3250 προσώπῳ.
2866 3185 3062 3237 Καίτοι
3113 3186 3277 3240 αὐτοτ
3315 3181 3482 3255 ἦλθον

1897 3271 2155 3344 φέροντες
2193 3269 2333 3323 κατά
2370 3269 2611 3323 Μωῦσέα
2648 3272 2833 3339 νόμον.
2881 3271 3022 3324 Ἀλλ’
3045 3271 3244 3341 ὥσπερ
3289 3273 3479 3339 ἡμεῖς,

1897 3359 2085 3429 φησιν,
2124 3358 2226 3411 οὐκ
2250 3356 2442 3427 ἐδεήθη
2452 3374 2551 3427 μεν
2571 3358 2954 3427 καλύμματος,
2970 3356 3143 3421 οὕτως
3172 3357 3294 3410 οὐδὲ
3318 3358 3482 3425 ὑμεῖς

1896 3446 1946 3498 οἱ
1988 3444 2299 3515 δεξάμενοι.
2345 3445 2542 3498 Καίτοι
2569 3460 2634 3512 γε
2663 3443 2842 3514 πολλῷ
2872 3442 3078 3513 μείζων
3104 3442 3247 3514 αῦτη
3272 3444 3305 3514 ἡ
3328 3443 3477 3510 δόξα,

1896 3532 1959 3585 οὐ
1999 3534 2107 3602 γὰρ
2146 3529 2243 3583 τοῦ
2286 3528 2582 3600 προσώπου
2627 3529 2783 3600 ἡμῶν
2827 3529 2993 3599 αῦτη,
3022 3531 3161 3585 ἀλλά
3183 3530 3279 3584 τοῦ
3311 3530 3481 3584 Πνεύ-

1899 3634 2071 3688 ματος
2097 3632 2112 3650 ο
2145 3616 2263 3670 ἀλλ’
2294 3616 2445 3685 ὅμως
2475 3616 2609 3685 ἡμῖν
2630 3614 2833 3687 ὁμοίως
2866 3618 3118 3670 (invium
3148 3616 3380 3669 δύνασθε
3398 3617 3481 3680 είς

1896 3703 2125 3772 ταύτην.
2180 3701 2411 3760 Ἐκεῖνοι
2453 3700 2554 3769 μέν
2594 3701 2704 3770 γάρ
2749 3700 2871 3753 οὑδέ
2914 3701 3002 3754 διά
3046 3702 3290 3771 μεσίτου,
3320 3703 3479 3772 ὑμεῖς

1896 3789 1953 3843 δὲ
1986 3787 2084 3842 καὶ
2135 3786 2306 3859 χωρὶς
2362 3786 2581 3856 μεσίτου
2605 3786 2838 3840 δύνασθε
2858 3787 2957 3859 τὴν
2989 3788 3214 3859 μείζονα
3234 3805 3249 3819 ο
3277 3790 3478 3842 ἐκεῖνοι

1898 3877 1977 3939 εἰς
2000 3874 2098 3947 τὴν
2128 3873 2408 3937 Μωῦσέως
2426 3874 2527 3927 οὐκ
2549 3873 2803 3945 ἴσχυσαν,
2836 3875 2994 3945 ὑμεῖς
3021 3876 3116 3928 καὶ
3140 3878 3222 3938 είς
3250 3875 3349 3947 τὴν
3381 3875 3477 3932 τοῦ

1898 3962 2217 4032 Πνεύματος
2245 3975 2260 3991 ·
2304 3961 2406 4013 οὐκ
2428 3959 2495 4013 ἂν
2523 3961 2602 4024 δέ,
2649 3963 2699 4014 εί
2736 3961 3165 4033 καταδεέστερον
3191 3962 3254 4015 τὸ
3304 3962 3479 4016 Πνεῦ-

1900 4067 1975 4121 μα
2004 4046 2093 4118 ἦν,
2124 4050 2200 4111 ὼς
2241 4047 2465 4115 μείζονα
2493 4046 2667 4099 ταῦτα
2699 4049 2925 4101 ἐκείνων
2951 4049 3137 4118 ἔθηκε.

1965 4141 2027 4187 ε’.
2042 4134 2107 4187 Τί
2122 4134 2178 4186 δέ
2195 4136 2330 4197 ἐστι,
2356 4132 2475 4200 Τὴν
2493 4132 2684 4197 δόξαν
2697 4135 2919 4215 Κυρίου
2942 4136 3476 4207 κατοπτριζόμενοι,
3584 4176 3595 4185 .

1895 4222 2012 4289 τὴν
2035 4220 2232 4287 αὐτὴν
2285 4221 2491 4274 είκόνα
2528 4223 3091 4291 μεταμορφούμεθα;
3138 4223 3479 4298 Σαφζστερον

1899 4309 1997 4379 μὲν
2038 4306 2196 4360 τοῦτο
2238 4307 2531 4374 ἐδείκνυτο,
2569 4309 2730 4379 ἡνίκα
2771 4309 2882 4362 τῶν
2929 4309 3173 4380 σημείων
3216 4310 3283 4364 τά
3320 4306 3481 4382 χαρίο

1897 4410 2081 4465 σματα
2111 4394 2334 4465 ἐνήργει
2358 4414 2372 4425 ο
2412 4394 2555 4466 πλὴν
2593 4396 2714 4449 οὐδὲ
2749 4395 2845 4449 νῦν
2884 4394 3143 4449 δύσκολον
3181 4398 3315 4451 αὐτὸ
3347 4414 3481 4450 κατ-

1899 4481 2026 4535 ιδεῖν
2069 4481 2149 4552 τῷ
2186 4481 2410 4543 πιστοὺς
2448 4481 2762 4550 ὀφθαλμοὺς
2812 4481 3008 4550 ἔχοντι.
3064 4481 3229 4548 Ὁμοῦ
3276 4499 3337 4535 τε
3370 4482 3482 4553 γάρ

1897 4568 2293 4638 βαπτιζόμεθα,
2342 4568 2437 4620 καὶ
2484 4567 2626 4636 ὑπὲρ
2662 4566 2755 4620 τδν
2792 4566 2944 4637 ἣλιον
2992 4569 3025 4636 ἡ
3068 4567 3215 4638 ψυχὴ
3250 4567 3477 4636 λάμπει,

1893 4654 1973 4725 τῷ
2000 4654 2279 4725 Πνεύματι
2308 4654 2684 4724 καθαιρομένη
2710 4671 2726 4685 ο
2755 4654 2851 4708 καὶ
2882 4654 2943 4707 οὐ
2976 4654 3137 4724 μόνον
3161 4655 3377 4725 ὁρῶμεν
3398 4657 3478 4717 εἰς

1895 4742 1994 4813 τὴν
2022 4741 2179 4806 δόξαν
2202 4740 2294 4792 τοῦ
2331 4738 2488 4801 Θεοῦ.
2529 4740 2667 4795 ἀλλά
2699 4742 2794 4794 καὶ
2822 4741 3030 4794 ἐκεῖθεν
3050 4740 3321 4812 δεχόμεθά
3358 4757 3480 4793 τινα

1894 4829 2111 4898 αἴγλην.
2166 4827 2375 4895 Ὠσπερ
2418 4826 2484 4879 ἄν
2526 4829 2574 4879 εί
2623 4828 2862 4897 ἄργυρος
2909 4828 3149 4897 καθαρὸς
3196 4828 3333 4898 πρὸς
3378 4828 3480 4890 τάς

1894 4918 2119 4979 ἀκτῖνας
2164 4916 2435 4985 κείμενος,
2492 4916 2585 4969 καὶ
2621 4915 2790 4978 αὐτὸς
2845 4916 3071 4977 ἀκτῖνας
3118 4916 3477 4985 ἐκπέμψειεν,

1893 5005 1994 5057 οὐκ
2017 5002 2126 5057 ἀπὸ
2153 5002 2253 5073 τῆς
2274 5002 2482 5066 οίκείας
2505 5001 2721 5072 φύσεως
2755 5001 2937 5072 μόνον,
2967 5002 3101 5055 ἀλλά
3127 5004 3223 5055 καὶ
3249 5001 3358 5055 ἀπὸ
3380 5002 3478 5072 τῆς

1893 5092 2238 5163 λαμπηδόνος
2270 5093 2369 5162 τῆς
2400 5090 2662 5161 ἡλιακῆςο
2686 5089 2828 5143 οὕτω
2860 5091 2953 5144 καὶ
2982 5092 3015 5161 ὴ
3041 5092 3186 5163 ψυχὴ
3227 5091 3478 5161 καθαιρε-

1897 5184 2057 5254 μόνη,
2101 5185 2194 5238 καὶ
2247 5181 2488 5255 ἀργύρου
2531 5180 2888 5252 λαμπροτέρα
2932 5184 3213 5254 γινομένη,
3261 5182 3474 5251 δέχεται

1888 5273 2088 5327 ἀκτῖνα
2126 5271 2235 5326 ἀπὸ
2274 5270 2374 5340 τῆς
2412 5269 2571 5339 δόξης
2616 5269 2711 5323 τοῦ
2750 5268 3089 5339 Πνεύματος,
3143 5269 3236 5321 καὶ
3270 5267 3477 5339 ταύτην

1892 5362 2243 5433 ἀντιπέμπει.
2290 5359 2380 5414 Διὸ
2418 5361 2511 5414 καί
2563 5377 2718 5432 φησι,
2768 5359 3313 5430 Κατοπτριζόμενοι,
3360 5358 3477 5427 τὴν

1891 5450 2089 5518 αὐτὴν
2108 5452 2312 5505 είκόνα
2332 5452 2862 5519 μεταμορφούμεθα
2887 5451 3005 5506 ἀπὸ
3024 5451 3231 5517 δόξης.
3252 5450 3350 5513 τῆς
3377 5448 3473 5505 τοῦ

1892 5539 2231 5610 Πνεύματος,
2271 5539 2358 5603 εις
2391 5538 2615 5603 δόξαν,
2655 5538 2753 5610 τήν
2791 5539 3088 5612 ἡμετέραν,
3118 5541 3217 5609 τήν
3258 5541 3473 5607 ἐγγινο·

1896 5630 2087 5696 μένην,
2125 5632 2219 5684 καὶ
2254 5630 2407 5705 [487]
2438 5636 2593 5691 τοιαύ
2606 5654 2695 5708 ςην
2725 5639 2843 5693 οἵαν
2874 5638 3055 5707 είκδς,
3086 5636 3205 5694 ἀπὸ
3250 5637 3474 5705 Κυρίου

1892 5723 2258 5786 Ιινεῠματος.

1964 5814 2106 5885 Ὅρα
2141 5815 2255 5879 πῶς
2293 5817 2385 5873 καὶ
2417 5820 2651 5878 ἐνταῦθα
2699 5824 2757 5878 τὸ
2788 5823 3012 5895 Πνεῦμα
3048 5824 3250 5898 Κύριον
3294 5820 3469 5881 καλξῆ
