4568 6424
145 456 255 514 ας,
1209 449 1278 507 IN
1314 446 1534 508 nrtsr.
1575 449 1623 507 ιι
1682 450 1776 508 AD
1810 451 1970 511 con.
2009 454 2242 512 HOMIL.
2286 455 2398 512 vn.
3330 469 3440 524 tso

147 578 297 632 enim
343 573 428 631 bis
451 572 629 631 verbis
652 570 927 641 Scriptura
957 567 1145 633 utitur,
1177 566 1588 622 linistrnntibus
1610 566 1738 637 ipsis

150 665 393 731 Domino,
421 664 697 736 Segrega»
726 663 876 730 mihi,
913 670 975 717 ut
1012 674 1137 716 eum
1176 658 1417 729 ejusdem
1464 658 1739 728 dignitatis

146 771 272 813 csse
295 756 565 812 ostendat.
593 758 674 811 Ac
711 769 927 811 rursum
951 753 1028 809 ait
1062 752 1332 814 Christus,
1365 750 1555 806 Servus
1583 751 1739 806 nescit

145 849 274 919 quid
311 849 468 918 [adat
494 848 731 903 dominus
773 848 885 917 ejus
931 842 1112 917 (locis.
1155 843 1244 898 l5.
1293 842 1387 912 15)
1417 857 1433 896 :
1462 852 1521 896 ut
1556 852 1740 897 autem

147 938 313 996 homo
337 941 493 994 novit
517 954 581 994 ea
610 953 731 1009 quae
757 953 853 993 sua
882 945 1026 1004 sunt,
1067 938 1138 991 ita
1178 935 1409 1005 Spiritus
1437 934 1587 989 novit
1619 949 1739 1004 qum

150 1030 248 1087 Dei
276 1040 405 1086 sunt
427 1031 504 1101 (l.
536 1030 658 1086 Cor.
686 1030 742 1086 2.
773 1030 891 1097 ll),
931 1043 1039 1084 non
1075 1028 1219 1098 quod
1248 1028 1540 1082 edoceatur
1569 1043 1585 1082 :
1613 1042 1739 1082 nam

146 1121 222 1176 ita
252 1120 549 1176 similitudo
575 1120 679 1175 sibi
706 1135 815 1175 non
848 1126 1141 1175 constaret.
1177 1118 1318 1186 Quin
1364 1117 1491 1171 binc
1528 1132 1743 1187 quoque

146 1213 523 1268 auctoritatem
553 1228 619 1269 ac
652 1212 1073 1269 dominationem
1104 1219 1257 1266 suam
1283 1210 1542 1277 ostendit,
1574 1211 1740 1281 quod,

146 1311 310 1374 prout
350 1304 486 1368 vult.
513 1312 788 1376 operatur.
833 1302 931 1358 Hic
961 1316 1061 1357 nos
1102 1299 1470 1363 transformat.
1518 1299 1607 1355 hic
1643 1316 1744 1356 nos

146 1392 277 1449 buic
315 1394 519 1449 seculo
558 1391 885 1448 conformari
933 1406 1043 1447 non
1087 1391 1248 1455 sinit,
1305 1389 1394 1445 hic
1432 1389 1746 1461 bojusmodi

143 1485 440 1542 creationis
489 1483 686 1539 artifex
752 1491 857 1538 est.
918 1478 1383 1549 Quemadmodum
1432 1480 1579 1536 enim
1630 1480 1742 1549 ait,

143 1575 322 1633 Crasti
347 1578 401 1631 in
450 1575 654 1633 Christo
691 1574 820 1631 Iesu
850 1574 1067 1649 (Ephes.
1095 1574 1152 1628 2.
1186 1573 1282 1643 10)
1312 1591 1328 1629 :
1355 1572 1546 1630 eodem
1584 1576 1747 1630 modo

146 1668 249 1733 ait,
271 1666 373 1723 Cor
394 1666 639 1721 mundum
664 1683 781 1721 ores
804 1669 858 1721 in
887 1666 1165 1731 ambesa,
1198 1675 1246 1722 et
1283 1667 1524 1737 spiritum
1550 1675 1745 1721 rectam

146 1757 339 1811 haece
364 1757 420 1810 in
444 1755 717 1812 visceribus
747 1758 873 1811 meis
898 1755 1069 1825 (Paul.
1101 1757 1194 1812 δυ.
1224 1756 1340 1826 l2).
1374 1755 1468 1812 Vis
1505 1755 1609 1812 hoc
1648 1754 1748 1812 tibi

147 1846 221 1902 ab
262 1846 524 1918 apostolis
579 1862 793 1918 quoque
842 1846 1165 1921 sensibiliori
1209 1848 1371 1903 modo
1416 1847 1699 1903 ostendam
1721 1846 1749 1901 τ

149 1937 376 1995 Paulum
404 1938 603 2009 cogita,
644 1939 801 2009 cujus
827 1948 1017 2023 _vestes
1059 1940 1457 2009 operabantur;
1505 1939 1747 2007 Petrum,

144 2029 306 2100 cujus
331 2030 462 2099 ipsa:
494 2045 709 2100 quoque
753 2030 962 2087 umbra
1007 2032 1211 2088 viribus
1241 2032 1537 2102 pollebant.
1564 2033 1753 2104 Neque

144 2121 321 2185 enim,
365 2121 470 2176 nisi
504 2120 667 2191 Regis
713 2121 999 2192 imaginem
1027 2131 1354 2194 gestassent,
1381 2134 1436 2180 et
1472 2124 1753 2195 incompa-

145 2211 339 2267 rabilis
368 2211 585 2282 quidam
612 2212 794 2283 fulgor
814 2228 884 2270 ex
918 2214 1053 2284 ipsis
1085 2214 1398 2281 eﬂ’ulsisset,
1423 2214 1613 2271 eorum
1655 2231 1753 2273 ve-

146 2312 267 2360 stes
310 2312 476 2374 atque
530 2304 738 2360 umbra:
782 2312 861 2361 tot
906 2306 1166 2363 miracula
1216 2306 1531 2362 edidissent.
1592 2306 1755 2377 Regis

146 2396 356 2466 quippe
378 2406 558 2452 vestes
583 2396 885 2455 latronibus
927 2397 1090 2453 etiam
1130 2399 1326 2454 terrori
1353 2407 1497 2454 sunt.
1529 2398 1757 2457 Libetne

148 2487 343 2543 videre
362 2487 504 2544 hanc
528 2503 627 2559 per
645 2503 847 2559 corpus
878 2499 1094 2561 quoque
1116 2489 1510 2547 collucentem?
1536 2488 1757 2546 Intuen-

148 2588 249 2642 tes,
281 2577 476 2648 inquit,
508 2578 695 2650 faciest
724 2577 1000 2648 Stephani,
1026 2580 1545 2650 uideruntqu
1571 2582 1758 2653 facietis

144 2668 329 2738 angeli
356 2666 555 2737 (Actor.
576 2669 632 2725 5.
657 2669 770 2738 15).
795 2670 1130 2739 Quamquam
1168 2669 1303 2726 nihil
1331 2672 1472 2726 istud
1496 2680 1614 2726 erat
1645 2686 1757 2742 pra.-

147 2756 326 2829 gloria
347 2772 433 2821 ea,
463 2772 587 2828 qua
623 2758 837 2814 interno
863 2758 1140 2815 rutilabat.
1166 2758 1304 2815 Nam
1328 2759 1475 2830 quod
1501 2761 1676 2816 Moses
1699 2761 1756 2817 in

150 2846 310 2901 vultu
350 2845 613 2911 habebat,
667 2846 770 2901 hoc
819 2846 911 2903 isti
954 2847 1009 2902 in
1048 2849 1232 2904 anima
1283 2850 1755 2917 circumferebant,

150 2947 321 3008 atque
345 2935 482 2993 adeo
505 2938 676 2993 multo
700 2937 954 3009 amplius.
987 2936 1276 2996 Etenim-id
1297 2940 1444 3011 quod
1470 2941 1609 2997 llosi
1628 2956 1758 2997 con-

153 3027 421 3098 tingebat,
450 3028 636 3084 sensui
660 3028 963 3095 subjectum
992 3037 1153 3097 erat;
1178 3029 1283 3086 hoc
1309 3041 1492 3086 autem
1512 3033 1758 3102 corporis

151 3133 356 3189 expers
380 3126 485 3174 est.
515 3116 587 3174 Et
617 3118 757 3174 sicut
790 3119 946 3189 ignea
970 3133 1225 3190 corpora,
1262 3136 1293 3176 a
1319 3121 1619 3191 splendidis
1636 3136 1760 3179 cor-

154 3208 389 3279 poribus
413 3209 469 3264 in
506 3207 560 3264 id
597 3208 746 3281 quod
770 3211 1130 3283 propinquum
1154 3220 1240 3267 est
1275 3211 1588 3279 defluentia,
1629 3213 1762 3284 ipsis

153 3316 380 3372 quoque
407 3300 748 3371 splendorem
782 3314 941 3357 suum
972 3303 1287 3373 impertiant
1310 3320 1328 3357 ε
1360 3303 1553 3360 eodem
1599 3305 1762 3360 modo

156 3392 218 3447 in
260 3391 516 3446 fidelibus
553 3405 770 3462 quoque
809 3407 909 3447 usu
932 3393 1103 3448 venit.
1133 3393 1215 3450 0b
1236 3408 1465 3464 eamque
1489 3409 1706 3451 causam
1729 3411 1763 3452 a

156 3490 311 3535 terra
337 3479 656 3546 abscedunt,
683 3482 775 3552 qui
798 3482 873 3538 ita
897 3482 1083 3539 allecti
1107 3493 1254 3549 sunt,
1281 3484 1626 3556 caelestiaque
1647 3486 1765 3546 sola

160 3572 303 3643 ipsis
331 3573 384 3627 in
411 3580 594 3628 mente
616 3583 923 3629 versantur.
950 3574 1052 3631 Hei
1080 3574 1247 3632 mibi!
1281 3577 1370 3634 hic
1393 3579 1540 3634 enim
1570 3579 1768 3636 acerbe

158 3677 382 3735 quoque
428 3662 787 3733 ingemiscere
840 3664 1126 3733 pulchrum
1178 3665 1365 3731 fuerit,
1421 3669 1587 3739 quod,
1642 3685 1767 3725 cum

159 3761 317 3810 tanta
346 3752 627 3808 nobilitate
652 3751 866 3823 praediti
891 3754 1086 3821 simus,
1130 3763 1307 3810 tamen
1339 3771 1407 3813 ne
1450 3771 1513 3812 ea
1550 3759 1767 3828 quidem

160 3858 290 3915 qua:
315 3844 571 3899 dicuntur
594 3843 866 3910 novimus,
907 3844 1034 3914 quia
1060 3844 1340 3901 confestim
1370 3846 1469 3902 bas
1498 3862 1586 3903 res
1613 3849 1770 3904 nobis

162 3939 351 4009 perire
372 3936 619 4002 sinimus,
647 3943 809 4006 atque
836 3936 902 3992 iis
922 3951 1043 4005 quae
1064 3937 1117 3991 in
1145 3951 1361 3993 sensum
1382 3939 1579 3995 cadunt
1599 3939 1772 3995 inbia—

162 4043 314 4085 mus.
343 4030 552 4084 Arcana
579 4026 722 4084 enim
752 4026 867 4083 haec
902 4037 956 4084 et
985 4030 1261 4085 tremenda
1304 4031 1472 4102 gloria
1511 4035 1577 4087 ad
1608 4050 1771 4090 unum

162 4122 391 4192 quidem
419 4133 511 4176 aut
540 4123 767 4177 alterum
807 4120 948 4177 diem
992 4120 1045 4176 in
1087 4122 1239 4176 nobis
1270 4132 1488 4189 manet;
1515 4125 1772 4195 deinceps

161 4224 354 4269 autem
396 4228 515 4268 eam
557 4212 967 4281 exstinguimus,
996 4212 1126 4267 dum
1166 4214 1503 4284 negotiorum
1552 4215 1773 4286 hujusce

162 4304 299 4357 vitae
331 4310 701 4370 tempestatem
733 4303 1078 4369 accersimus,
1115 4317 1181 4357 ac
1208 4318 1303 4373 per
1342 4305 1561 4359 nubium
1591 4307 1774 4362 densi-

164 4404 340 4449 tatem
370 4393 548 4449 radios
566 4393 959 4464 prepulsamus.

247 4486 379 4541 Htec
404 4487 504 4539 vita
538 4494 809 4555 tempestas
835 4494 1014 4539 est.—
1031 4484 1346 4555 Tempestas
1373 4488 1516 4541 enim
1554 4504 1645 4543 res
1672 4490 1773 4543 hu-

161 4582 327 4651 jusce
349 4579 473 4631 vita:
501 4586 645 4642 sunt,
676 4590 740 4631 ac
766 4586 1080 4645 tempestate
1114 4576 1394 4631 tristiores.
1421 4576 1605 4647 Neque
1627 4579 1772 4634 enim

168 4674 306 4729 hinc
336 4670 503 4741 frigus
530 4670 720 4735 oritur,
750 4684 849 4725 nec
874 4669 1050 4741 pluvia
1081 4684 1181 4724 nec
1200 4670 1366 4723 lutum
1387 4684 1450 4724 ac
1481 4672 1776 4739 profundus

168 4768 363 4829 limus,
395 4764 512 4828 sed,
553 4780 672 4835 qua:
714 4764 795 4818 bis
826 4763 1074 4817 omnibus
1118 4761 1362 4831 graviora
1406 4772 1551 4829 sunt,
1583 4780 1777 4835 nempe

168 4858 425 4929 gebenna
469 4864 523 4911 et
564 4857 825 4926 gehennae
866 4854 1024 4908 mala.
1058 4852 1126 4908 Et
1151 4854 1600 4922 quemadmodum
1621 4873 1777 4928 gras-

170 4958 336 5004 sante
351 4948 617 5002 acerrimo
637 4946 835 5016 frigore
860 4944 1096 5000 membra
1115 4945 1294 4998 omnia
1312 4958 1687 5015 concrescunt,
1716 4965 1779 5005 ac

172 5052 394 5097 mortua
419 5050 544 5094 sunt
571 5054 585 5090 :
611 5039 690 5094 sic
718 5040 877 5093 etiam
906 5036 1115 5091 animus
1142 5038 1194 5090 in
1211 5048 1550 5106 peccatorum
1579 5038 1780 5111 frigore

171 5132 630 5195 contremiscens,
649 5130 851 5183 nullum
874 5144 1067 5183 munus
1082 5144 1237 5183 suum
1269 5131 1597 5199 exsequitur,
1614 5135 1778 5203 utqui

171 5224 434 5278 videlicet
449 5221 773 5274 conscientia
790 5235 853 5273 ac.
866 5222 909 5275 si
929 5222 1046 5290 gelu
1065 5231 1346 5276 concretus
1360 5221 1444 5273 sit.
1465 5221 1615 5288 Quod
1633 5226 1777 5277 enim

172 5310 397 5379 corpori
429 5308 598 5378 frigus
615 5318 718 5373 est,
742 5309 845 5363 hoc
875 5311 1053 5364 animo
1076 5311 1211 5364 mala
1240 5311 1564 5363 conscientia
1596 5330 1609 5363 ε
1638 5321 1782 5368 unde

173 5403 347 5455 etiam
381 5398 631 5452 timiditas
661 5401 889 5453 exsistit.
912 5400 1049 5453 Nihil
1083 5402 1227 5454 enim
1255 5402 1468 5454 homine
1498 5402 1782 5457 mundanis

174 5493 349 5548 rebus
374 5489 535 5548 affixo
562 5488 796 5542 timidius
834 5488 957 5557 fingi
987 5502 1160 5557 potest
1194 5512 1206 5545 .
1242 5507 1361 5543 nam
1402 5490 1490 5560 qui
1518 5490 1783 5557 ejusmodi

173 5594 286 5647 est,
332 5590 391 5634 ut
430 5578 560 5633 Cain
605 5578 755 5640 vivit,
791 5578 1027 5647 quotidie
1073 5591 1307 5633 tremens
1338 5578 1488 5651 (Gen.
1532 5580 1612 5648 4).
1645 5581 1783 5647 Quid

174 5686 362 5727 autem
403 5680 600 5723 mortes
640 5677 697 5721 et
725 5668 1043 5723 detrimenta
1073 5678 1126 5721 et
1156 5669 1480 5723 offensiones
1511 5680 1563 5723 ct
1597 5686 1783 5726 assen-

177 5763 336 5812 srnia»:
468 5771 516 5810 »ἰ
565 5761 818 5827 obsequia
871 5763 1331 5813 commemorem?
1381 5775 1525 5825 nam,
1569 5770 1626 5813 ut
1673 5761 1785 5817 haec

176 5873 371 5908 enim“.
404 5900 408 5904 Α
446 5900 449 5905 .
478 5862 756 5906 sexcentas
780 5853 1099 5905 mutationes
1124 5852 1441 5905 extimescit.
1470 5854 1641 5921 Atque
1660 5869 1781 5909 arca

1843 569 2058 640 quidem
2084 584 2221 625 auro
2252 571 2447 626 referta
2489 580 2596 637 est,
2641 572 2851 629 animus
2891 586 3070 632 autem
3109 588 3441 651 paupertatis

1841 672 1986 717 metu
2012 663 2234 719 minime
2253 672 2442 729 vacat;
2464 679 2526 720 ac
2552 666 2746 721 merito
2766 668 3001 737 quidem.
3025 669 3085 725 ln
3104 672 3269 728 rebus
3291 676 3437 730 enim

1842 753 2127 810 imbecillis
2176 763 2231 811 ct
2275 771 2397 826 qua:
2448 758 2603 812 facile
2649 767 2922 813 mutentur
2968 775 3222 817 ancoram
3269 764 3435 835 figit:

1841 849 2052 903 etiamsi
2083 850 2199 919 ipse
2237 849 2571 920 naufragium
2612 865 2720 905 non
2746 854 3000 922 patiatur,
3026 855 3226 910 inaliis
3254 864 3438 915 tamen

1842 937 1897 993 id
1924 940 2277 1009 perspiciens,
2307 940 2679 1007 examinatur;
2711 952 2869 1013 atque
2897 953 2956 998 ut
2984 945 3185 1013 ingenti
3232 946 3437 1001 timidi-

1844 1038 1975 1095 tate,
2016 1032 2087 1086 ita
2112 1031 2315 1102 ingenti
2344 1022 2551 1102 ignavia
2590 1033 2816 1089 laborat.
2846 1033 3035 1105 Neque
3061 1035 3209 1091 enim
3249 1036 3439 1106 hujus-

1844 1121 1990 1176 modi
2027 1121 2191 1177 homo
2231 1123 2285 1178 in
2333 1124 2585 1194 periculis
2627 1126 2923 1189 dumtaxat,
2956 1125 3052 1181 sed
3089 1126 3148 1181 in
3187 1127 3439 1183 omnibus

1843 1212 1965 1268 aliis
1988 1214 2214 1284 ignavus
2238 1224 2339 1271 est.
2369 1215 2502 1271 Nam
2529 1216 2574 1271 si
2603 1216 2951 1285 pecuniarum
2976 1216 3245 1289 cupiditas
3265 1217 3439 1273 irrue-

1844 1304 1937 1371 rit,
1966 1321 2075 1361 non
2116 1315 2175 1362 ut
2200 1308 2462 1379 ingenuus
2488 1310 2572 1364 vir
2599 1310 2858 1379 impetum
2901 1310 3213 1380 propulsat;
3255 1310 3353 1366 sed
3382 1318 3441 1367 ut

1846 1396 2022 1465 pretio
2045 1405 2283 1467 emptum
2306 1398 2631 1469 mancipium
2646 1400 2859 1470 quidvis
2874 1399 3020 1466 facit,
3036 1400 3277 1456 avaritiae
3298 1408 3441 1455 tam-

1844 1501 2006 1555 quam
2031 1489 2241 1545 aeerbae
2262 1490 2494 1546 dominae
2521 1492 2785 1550 serviens.
2811 1491 2870 1548 Si
2891 1492 3179 1549 formosam
3202 1492 3439 1562 aliquam

1847 1575 2079 1644 puellam
2091 1579 2431 1649 conspicatus
2444 1580 2623 1647 fuerit,
2642 1582 2886 1652 protinus
2901 1589 3089 1652 captus
3105 1582 3441 1653 trepidat,ra-

1845 1664 2066 1737 bidique
2095 1669 2249 1723 canis
2274 1668 2330 1724 in
2358 1684 2565 1726 morem
2587 1686 2707 1739 eam
2728 1672 2990 1743 sequitur,
3010 1681 3136 1723 cum
3154 1676 3346 1726 contra
3364 1672 3439 1724 ta-

1850 1749 2105 1807 ciendum
2128 1750 2223 1807 sit.

1928 1837 1985 1895 6.
2023 1836 2241 1894 Etenim
2267 1852 2397 1894 cum
2434 1837 2742 1897 formosam
2772 1840 3065 1897 mulierem
3110 1844 3330 1910 aernis',
3374 1860 3443 1902 ne

1859 1932 1965 1985 hoc
1994 1939 2211 2000 spectes
2232 1932 2511 2000 quomodo
2540 1930 2862 2002 cupiditatis
2891 1941 3001 1987 tum
3040 1946 3269 2004 compos
3308 1935 3439 2000 fias,

1856 2023 1953 2077 sed
1968 2020 2247 2092 quomodo
2266 2022 2563 2092 cupiditate
2581 2022 2851 2081 libereris.
2881 2024 2948 2097 Et
2962 2039 3203 2095 quanam
3224 2028 3441 2083 ratione

1857 2116 1963 2171 boe
1992 2116 2109 2171 fieri
2137 2115 2333 2186 possit,
2356 2118 2609 2187 inquies?
2633 2132 2813 2188 neque
2836 2118 2986 2173 enim
3014 2133 3202 2174 amare
3222 2122 3330 2175 mei
3352 2131 3442 2175 est

1858 2208 2091 2264 arbitrii.
2119 2209 2293 2279 Cujus
2319 2222 2453 2279 ergo
2480 2249 2496 2275 ,
2533 2208 2622 2264 dic
2655 2209 2828 2264 mihi?
2859 2209 3102 2266 lnsultus
3147 2209 3431 2265 damonis.

1860 2299 2097 2357 Omnino
2115 2301 2281 2370 igitur
2293 2299 2599 2365 daemonem
2615 2314 2741 2356 esse
2758 2300 3071 2370 arbitraris,
3096 2301 3192 2370 qui
3210 2300 3439 2355 insidias

1858 2400 2039 2451 struat
2054 2394 2079 2447 τ
2097 2391 2335 2450 Luctare
2354 2394 2539 2465 igitur,
2563 2409 2629 2449 ac
2644 2380 2827 2463 pugna
2843 2409 2969 2448 cum
2994 2398 3208 2447 morbo.
3231 2393 3303 2447 At
3327 2406 3438 2446 non

1857 2490 2099 2547 possum,
2140 2475 2371 2545 inquies.
2401 2478 2516 2546 Age
2543 2478 2706 2547 igitur
2739 2478 2843 2533 hoc
2882 2480 3118 2549 primum
3144 2490 3203 2537 te
3227 2482 3452 2539 docebi-

1856 2584 2000 2637 mus,
2030 2568 2256 2639 ignavite
2276 2577 2382 2624 tua:
2408 2584 2529 2625 esse
2558 2569 2612 2626 id
2638 2571 2783 2641 quod
2814 2572 2909 2626 tibi
2948 2573 3166 2639 accidit,
3203 2583 3363 2646 teque
3384 2576 3456 2631 ab

1860 2663 2013 2718 initio
2034 2662 2265 2717 daemoni
2290 2661 2494 2718 aditum
2519 2662 2835 2732 praebuisse,
2862 2678 2927 2719 ac
2945 2678 3108 2728 nunc,
3134 2666 3181 2719 si
3205 2667 3457 2721 voluntas

1859 2753 1932 2807 ita
1961 2752 2164 2820 tulerit,
2192 2767 2317 2808 eum
2353 2751 2607 2809 facillime
2630 2752 2937 2823 propellere
2960 2768 3142 2824 posse.
3173 2755 3268 2811 Dic
3295 2756 3453 2821 mibi,

1857 2842 1948 2910 qui
1974 2841 2299 2897 adulterium
2325 2850 2658 2915 perpetrant,
2682 2852 2859 2899 utrum
2883 2859 3070 2901 amore
3089 2845 3234 2901 ducti
3257 2846 3311 2902 id
3334 2861 3457 2916 per-

1859 2941 2110 3003 petrant,
2166 2947 2236 2989 an
2286 2933 2431 3005 quod
2486 2936 2805 3005 simpliciter
2864 2938 3101 3007 pericula
3163 2940 3458 3010 expetant!

1862 3024 2063 3079 Amore
2106 3021 2253 3081 ducti
2292 3023 2437 3080 baud
2476 3023 2659 3081 dubie.
2691 3025 2829 3081 Num
2873 3026 3042 3098 igitur
3082 3028 3297 3083 veniam
3326 3044 3451 3099 pro-

1860 3121 2048 3184 pterea
2076 3113 2368 3172 obtinenti
2409 3116 2649 3173 Minime.
2688 3117 2829 3187 Quid
2862 3119 2980 3175 ita?
3006 3120 3274 3188 Quoniam
3315 3120 3461 3192 ipso.

1862 3220 1983 3261 rum
2022 3214 2108 3260 est
2151 3217 2452 3276 peccatum.
2486 3210 2555 3262 At
2586 3208 2717 3278 quid
2760 3209 3103 3280 syllogismos
3144 3210 3348 3269 nectis!
3377 3215 3465 3268 in-

1864 3300 2019 3369 quies
2043 3316 2061 3365 ;
2084 3300 2336 3354 conscius
2373 3299 2506 3353 mihi
2555 3300 2672 3369 ipse
2714 3315 2859 3364 sum.
2890 3317 2979 3357 me
3025 3302 3279 3358 affectum
3315 3302 3463 3359 hunc

1864 3390 2189 3445 submovere
2205 3390 2367 3455 velle,
2398 3404 2502 3446 nec
2524 3397 2705 3447 tamen
2732 3390 2787 3446 id
2814 3406 3055 3462 possum,
3079 3394 3176 3450 sed
3206 3394 3260 3449 id
3284 3394 3466 3450 immi-

1869 3491 1983 3544 net,
2011 3482 2355 3553 graviterque
2374 3497 2462 3538 me
2487 3482 2686 3552 premit
2712 3493 2761 3538 et
2789 3486 3087 3541 excruciat.
3111 3485 3209 3542 Vis
3244 3486 3464 3557 quidem

1870 3574 2024 3641 illud,
2057 3590 2091 3629 o
2122 3575 2302 3641 homo,
2339 3575 2697 3640 submovere;
2728 3585 2783 3631 at
2812 3591 2920 3631 non
2948 3592 3011 3632 ea
3037 3576 3195 3645 facis,
3223 3595 3346 3650 quae
3374 3597 3465 3637 re-

1872 3666 2076 3733 pellere
2103 3665 2346 3733 possint;
2369 3681 2557 3721 verum
2588 3665 2813 3735 perinde
2842 3666 2995 3735 facis,
3028 3676 3087 3724 ut
3108 3669 3155 3725 si
3177 3672 3296 3739 quis
3326 3673 3466 3728 febri

1871 3763 2174 3822 correptus,
2206 3769 2270 3809 ac
2308 3768 2428 3810 sese
2467 3755 2660 3823 frigida
2694 3770 2833 3824 aqua
2876 3757 3229 3827 ingurgitans,
3269 3761 3456 3817 dicat:

1872 3846 2078 3912 Quanta
2106 3846 2509 3912 comminiscor,
2540 3846 2669 3900 dum
2699 3846 2889 3903 febrim
2910 3848 3251 3920 exstinguere
3276 3853 3471 3909 stndco

1874 3952 1975 3992 nec
2000 3952 2243 4006 possum,
2273 3936 2369 3991 sed
2395 3936 2662 3990 flammam
2689 3936 2866 4005 p0tius
2893 3953 3066 3992 meam
3098 3942 3379 3996 aceendo?

1946 4027 2253 4099 Cupiditatis
2274 4030 2654 4100 exstinguendtz
2680 4030 2882 4083 modus.
2905 4059 2977 4070 ——-
2996 4029 3285 4088 Videamus
3312 4036 3474 4105 igitur

1878 4136 2003 4175 num
2038 4130 2094 4173 tu
2122 4134 2336 4189 quoque
2362 4134 2425 4173 ea
2470 4118 2657 4183 facias,
2685 4134 2805 4188 qua:
2834 4123 3081 4176 morbum
3112 4123 3470 4193 inflamment,

1877 4226 1998 4285 cum
2032 4218 2085 4264 te
2124 4225 2187 4263 ea
2216 4210 2525 4278 excogitare
2568 4217 2742 4278 pubes,
2784 4226 2905 4279 qua:
2931 4214 3300 4283 exstinguant.
3328 4217 3471 4285 Non,

1878 4281 2075 4371 inquis.
2100 4300 2193 4355 Dic
2216 4300 2397 4368 igitur,
2424 4299 2700 4369 quidnam,
2727 4309 2784 4353 ut
2808 4303 3049 4356 morbum
3075 4281 3470 4375 exstingueres,

1879 4393 2057 4448 facere
2090 4406 2339 4462 umquam
2367 4406 2429 4446 es
2459 4398 2685 4445 conatus
2706 4390 2731 4444 ?
2752 4390 2878 4461 quid
2904 4403 3083 4448 autem
3114 4397 3337 4451 omnino
3364 4410 3471 4469 est,

1879 4484 2021 4555 quod
2061 4485 2309 4539 morbum
2350 4484 2585 4551 augeat?
2610 4482 2844 4550 Etenim,
2889 4484 3011 4541 licet
3040 4501 3145 4541 non
3176 4502 3365 4544 omnes
3394 4491 3478 4546 bis

1879 4576 2197 4631 criminibus
2231 4574 2449 4628 obnoxii
2477 4575 2647 4628 simus
2685 4574 2894 4643 (plures
2916 4577 3063 4631 enim
3101 4580 3340 4648 reperire
3368 4593 3474 4648 est,

1882 4669 1972 4735 qui
2004 4665 2352 4735 pecuniarum
2383 4678 2543 4732 quam
2588 4665 2679 4733 qui
2716 4649 3004 4731 corporum
3040 4681 3225 4725 amore
3255 4680 3478 4727 tenean-

1885 4761 2032 4827 tur):
2073 4768 2358 4810 commune
2390 4762 2570 4808 lamcu
2600 4755 2868 4820 omnibus,
2918 4766 3025 4811 tam
3067 4759 3149 4813 his
3177 4775 3336 4829 quam
3369 4764 3479 4820 iliis

1884 4848 2180 4905 remedium
2215 4843 2747 4913 proponetiu-.'I‘lam
2788 4854 2844 4900 et
2889 4845 2980 4901 ille
3018 4863 3172 4904 amor
3212 4851 3480 4911 absurdus

1886 4949 1988 5004 est,
2017 4950 2071 4992 et
2096 4937 2183 4990 hic
2221 4950 2468 5006 quoque;
2502 4952 2686 4991 terum
2724 4936 2808 4992 l:ic
2848 4938 2941 4993 illo
2976 4941 3153 4995 acrior
3181 4951 3264 4996 est
3299 4959 3363 4999 ac
3390 4961 3481 4999 ve-

1886 5028 2205 5084 hementior.
2230 5028 2594 5093 Quamobrem
2626 5030 2667 5081 si
2706 5029 2963 5099 majorem
2999 5038 3435 5101 superaturimus
3460 5080 3480 5106 ,

1886 5137 1992 5176 non
2021 5130 2105 5175 est
2132 5119 2353 5175 dubium
2380 5120 2506 5191 quin
2553 5122 2816 5175 minorem
2851 5138 3071 5192 quoque
3103 5125 3259 5181 facile
3298 5130 3480 5183 vinca-

1889 5229 2028 5269 mus.
2072 5214 2163 5276 At,
2195 5213 2424 5283 inquies,
2463 5214 2505 5266 si
2534 5212 2709 5265 acrior
2749 5213 2834 5266 hic
2866 5229 3019 5267 amor
3044 5226 3146 5276 est,
3181 5219 3270 5285 qui
3313 5219 3389 5285 ﬁt,
3424 5231 3480 5277 ut

1889 5320 1995 5360 non
2024 5319 2214 5358 omnes
2244 5304 2345 5359 hoc
2372 5305 2513 5357 malo
2538 5303 2920 5372 corripiantur,
2956 5306 3050 5359 sed
3098 5308 3278 5375 plures
3304 5311 3371 5364 ad
3399 5310 3504 5364 in-‘

1891 5397 2094 5449 saniam
2128 5409 2294 5463 usque
2322 5394 2575 5462 pecunias
2592 5403 2772 5446 ament
2794 5394 2815 5444 ?
2837 5394 3072 5448 Primum
3102 5400 3221 5464 quia
3245 5380 3507 5469 periculo.

1892 5500 2078 5539 carere
2105 5484 2315 5537 videtur
2348 5485 2461 5537 haec
2501 5484 2798 5551 cupiditas;
2841 5483 3036 5539 deinde
3072 5490 3347 5555 quoniam,
3383 5495 3485 5545 etsi

1892 5590 2185 5644 corporum
2206 5574 2474 5644 cupiditas
2514 5575 2691 5628 acrior
2716 5584 2821 5639 est,
2867 5584 3045 5630 tamen
3082 5579 3239 5633 citius
3275 5583 3485 5635 exstin-

1896 5669 2094 5739 guitur.
2142 5666 2272 5720 Nam
2310 5669 2352 5721 si
2398 5676 2679 5735 perstaret.
2724 5676 2779 5719 ut
2809 5669 3155 5737 pecuniarum
3198 5674 3486 5741 cupiditas,

1896 5779 2017 5817 eum
2046 5762 2134 5829 qui
2166 5771 2354 5829 captus
2382 5771 2525 5813 esset
2564 5758 2802 5813 funditus
2846 5761 3112 5828 perderet.
3152 5765 3263 5833 Age
3303 5766 3481 5834 igitur,

1904 5854 1969 5909 de
1998 5853 2097 5906 hoc
2128 5866 2414 5920 corporum
2439 5865 2621 5904 amore
2643 5850 2707 5903 ad
2734 5867 2826 5905 vos
2851 5851 3198 5919 disseramus,
3220 5869 3281 5907 ac
3304 5855 3487 5908 videa-

4131 349 4252 438 ut

4064 436 4096 476 Ἴ
4209 431 4224 472 ιῖΙ
4425 449 4436 464 ιι

4067 501 4098 550 τε
4427 485 4436 532 _'

4431 571 4436 594 ε

4081 601 4098 628 εδ
4144 611 4170 639 -
4195 605 4214 632 -ξ
4237 595 4254 640 .l
4433 615 4438 628 -_

4068 629 4100 696 i
4126 635 4172 693 ge
4207 635 4226 698 ξέ
4431 631 4442 668 3

4142 673 4238 786 E31.
4435 697 4444 726 ξ

4070 764 4117 791 i"
4146 766 4166 794 _
4209 763 4244 788 ἱ.

4070 792 4108 844 ⁵·
4130 791 4228 858 Ύλεῖ
4285 821 4290 848 ;
4439 821 4442 824 -

4443 909 4450 918 .-

4072 1050 4168 1079 'i.-
4245 1071 4252 1076 η
4445 1045 4454 1078 ἓ

4077 1084 4155 1139 «iii
4199 1087 4296 1134 Ἓξ·
4447 1081 4454 1140 ξ

4072 1284 4079 1321 ξ
4443 1237 4462 1320 ἓ

4076 1407 4254 1472 iis
4449 1407 4462 1446 l

4203 1557 4254 1700 ξε-
4389 1651 4394 1662 ,
4443 1563 4464 1674 ῑ

4076 1658 4153 1763 ἐέέ
4178 1665 4240 1762 εἲ
4297 1675 4308 1776 ;,
4449 1679 4468 1756 ξ

4090 2142 4141 2193 ν’ἶί
4168 2120 4187 2193 ἰν
4220 2148 4237 2185 ’ἶ

4090 2340 4119 2375 ῖῖ
4168 2334 4253 2378 il.
4301 2341 4374 2378 __:*,-

4082 2392 4095 2437 ,ι
4108 2386 4133 2427 ᾗ
4190 2373 4360 2432 Γ’τ’
4371 2415 4378 2426 ι
4454 2398 4461 2405 7’

4096 2428 4412 2473 ηῘλ-τθῖιεη

4094 2484 4119 2497 ν’
4190 2459 4461 2542 lira;

4096 2594 4129 2615 ’7
4172 2604 4175 2611 ·
4220 2596 4265 2625 ⁷λῖ
4296 2624 4303 2627 _
4373 2599 4380 2614 ι
4430 2596 4449 2605 π

4248 2698 4283 2767 i:
4320 2706 4467 2775 is;

4172 2774 4215 2841 ἐξ
4400 2762 4467 2837 ἒξ·

4152 2808 4261 2889 ί¹εἲλέ
4290 2830 4317 2899 ξι
4371 2830 4455 2895 .9:

4196 2906 4221 2947 δ’
4248 2890 4381 2969 alia;
4408 2910 4439 2949 5;.

4200 2968 4451 3031 ﬁliiﬁlii-€37,

4200 3012 4383 3107 ὶτέέὲξὲςέ
4422 3038 4455 3103 ξίξ

4200 3028 4459 3187 mai:

4086 3290 4127 3359 ξεῖ
4158 3344 4161 3347 λ
4196 3290 4433 3359 iiii???

4120 3710 4227 3793 ,Α
4258 3698 4269 3787 ζ
