4568 6424
891 346 992 408 451

888 478 1013 521 tuus
1042 458 1305 515 undenam
1350 454 1734 510 incrementum
1762 458 1939 505 sumat
1982 448 2085 502 hoc
2126 445 2365 501 malum:
2394 441 2474 497 sic

888 541 1032 611 enim
1086 557 1424 621 perspectum
1474 542 1811 605 habebimus,
1865 550 2045 617 utrum
2087 538 2245 606 culpa
2293 546 2476 589 nostra

888 642 1256 701 centrahatur,
1292 651 1462 693 necne
1495 657 1511 692 :
1537 649 1622 698 ac,
1652 634 1697 689 si
1728 633 1882 701 culpa
1910 638 2093 683 nostra
2114 624 2475 690 contrahitur,

889 732 1019 790 nihil
1050 747 1155 785 non
1200 729 1480 791 faciamus,
1512 741 1621 796 quo
1642 724 1949 791 superiores
1978 736 2045 775 eo
2082 719 2286 779 simus;
2313 715 2357 769 si
2385 728 2480 767 au-

888 833 995 879 tem
1022 830 1174 877 extra
1199 820 1411 888 culpam
1448 831 1655 881 sumus,
1684 812 1812 883 quid
1844 810 2039 865 frustra
2075 807 2326 875 nosipsos
2365 818 2480 857 uta-

886 912 1170 970 seramus?
1200 909 1327 979 quid
1352 910 1481 963 item
1510 906 1596 973 iis,
1633 905 1724 975 qui
1752 918 1820 958 eo
1849 902 2156 971 capiuntur,
2191 912 2297 951 non
2329 894 2479 965 igno-

886 1006 1091 1061 scimus
1138 1003 1349 1073 potius,
1405 1014 1564 1069 quam
1631 993 2059 1052 succensemus?
2111 989 2266 1047 Unde
2320 988 2480 1056 igitur

889 1097 1128 1152 nascitur
1177 1093 1263 1147 hic
1306 1090 1499 1145 amor?
1543 1089 1627 1145 Ab
1671 1087 1936 1157 elegantia
1989 1083 2197 1145 formae,
2246 1080 2478 1149 inquies-

888 1201 1011 1240 cum
1038 1183 1245 1240 scilicet
1271 1183 1489 1251 pulchra
1517 1188 1574 1234 et
1604 1187 1829 1233 venusta
1850 1191 1911 1229 ea
1934 1175 2113 1237 fuerit,
2144 1186 2263 1240 quae
2285 1170 2482 1224 vulnus

890 1277 1055 1345 infert
1092 1274 1383 1330 Frustraet
1404 1283 1610 1327 temere
1633 1273 1747 1324 lucc
1761 1268 1916 1321 dicis.
1932 1265 2061 1319 Nam
2088 1266 2133 1317 si
2166 1264 2347 1317 formm
2371 1259 2481 1329 pul-

889 1367 1138 1424 chritudo
1163 1375 1432 1419 amatores
1453 1363 1714 1424 alliceret,
1742 1372 1933 1413 omnes
1959 1357 2183 1411 haberet
2210 1360 2479 1406 amatores

885 1458 1007 1517 haec
1034 1459 1207 1530 puella
1235 1474 1251 1509 :
1282 1455 1425 1527 quod
1452 1455 1498 1509 si
1534 1469 1640 1508 non
1679 1465 1870 1506 omnes
1900 1449 2081 1512 habet,
2113 1442 2340 1514 proinde
2376 1456 2479 1497 nec

886 1561 1094 1608 natura.-
1120 1563 1219 1604 nec
1247 1546 1476 1617 eleganti
1499 1545 1704 1606 lormm,
1728 1542 1820 1598 sed
1846 1539 2126 1609 impudicis
2147 1538 2317 1590 oculis
2337 1533 2477 1591 tstud

887 1639 1432 1698 sdscribendumcst.
1462 1635 1594 1691 Nam
1619 1649 1741 1690 cum
1765 1647 1884 1688 eam
1909 1634 2124 1686 curiose
2148 1630 2364 1683 intuens
2389 1641 2483 1680 su-

888 1732 1153 1806 spexeris,
1192 1739 1353 1800 atque
1386 1726 1677 1791 adamaris,
1706 1725 1868 1780 telum
1894 1722 2177 1791 excepisti.
2218 1720 2475 1787 Quisnam

886 1838 1089 1892 autem,
1120 1824 1350 1892 inquies,
1375 1819 1552 1883 facere
1581 1819 1769 1887 possit,
1802 1824 1859 1869 ut
1885 1814 2162 1884 pulchram
2194 1812 2478 1866 mulierem

885 1930 1137 1979 cernens,
1185 1928 1292 1967 non
1319 1926 1439 1966 eam
1482 1908 1692 1963 laudet?
1720 1907 1837 1974 Quo
1879 1906 1956 1971 lit,
1993 1913 2052 1958 ut
2088 1918 2213 1958 cum
2249 1914 2337 1956 res
2378 1899 2481 1953 hu-

884 2005 1119 2079 iusmodi
1173 2002 1379 2068 mirari,
1419 1998 1713 2054 voluntatis
1763 2005 1964 2051 nostrae
2010 1994 2233 2048 minime
2277 1991 2370 2054 sit,
2411 2002 2479 2042 ne

887 2114 1040 2155 amor
1065 2096 1281 2168 quidem
1324 2095 1377 2148 in
1406 2103 1597 2148 nostro
1636 2089 1860 2145 arbitrio
1890 2087 2028 2141 situs
2056 2086 2147 2140 sit.
2179 2082 2414 2146 Absiste,
2446 2094 2480 2134 ο

886 2192 1086 2247 homo!
1130 2188 1269 2254 Quid
1299 2186 1480 2242 omnia
1505 2182 1665 2237 simul
1702 2178 2005 2243 confundis,
2036 2174 2271 2244 undique
2300 2174 2352 2227 in
2384 2186 2482 2226 or-

887 2283 1011 2339 bem
1032 2294 1347 2341 excurrens,
1374 2292 1475 2332 nec
1502 2274 1627 2329 mali
1655 2273 1888 2327 radicem
1919 2268 2226 2339 perspicere
2252 2264 2479 2319 volens?

888 2372 1152 2445 siquidem
1202 2370 1490 2439 plerosque
1528 2364 1705 2427 video,
1753 2361 1844 2431 qui
1886 2362 2111 2414 formam
2144 2356 2481 2411 admirentur

888 2480 955 2520 ac
981 2462 1228 2519 laudibus
1274 2460 1521 2523 eﬂ'erant,
1556 2472 1655 2511 nec
1683 2466 1861 2510 tamen
1900 2460 2103 2508 ament.
2147 2451 2214 2505 Et
2241 2449 2331 2518 qui
2362 2447 2479 2502 fieri

888 2568 1086 2630 potest.
1119 2555 1317 2623 inquis,
1348 2561 1403 2605 nt
1423 2551 1515 2622 qui
1546 2550 1829 2606 mirantur.
1865 2561 1969 2600 non
2000 2545 2127 2598 item
2162 2540 2380 2596 amenti
2402 2538 2480 2593 Ne

888 2646 1239 2707 tumultuare,
1269 2657 1485 2712 quaeso;
1531 2640 1635 2694 hoc
1660 2638 1804 2693 enim
1843 2636 2020 2690 dicere
2060 2647 2229 2703 paro;
2259 2630 2353 2686 sed
2384 2646 2481 2684 ex-

887 2745 1095 2809 specta,
1124 2743 1178 2789 et
1206 2733 1391 2787 audies
1433 2729 1658 2793 locem,
1704 2727 1869 2781 filium
1910 2724 2077 2780 Jaeob
2097 2722 2473 2786 admirantem,

886 2843 951 2884 ac
977 2827 1244 2881 dicentem
1270 2841 1285 2876 :
1315 2821 1382 2875 Et
1406 2819 1511 2875 erat
1539 2820 1735 2887 λοσερή
1760 2816 1976 2887 pulchra
1998 2815 2149 2884 facie,
2189 2823 2236 2866 et
2270 2821 2478 2881 aspectu

889 2917 1105 2972 decorus
1132 2914 1278 2965 ualde
1307 2910 1459 2979 (Gen.
1499 2909 1589 2964 '59.
1630 2909 1710 2976 6).
1747 2906 1887 2961 Num
1917 2906 2076 2974 igitur
2116 2915 2397 2973 propterea
2432 2904 2475 2956 is

888 3007 1125 3071 amabat,
1145 3005 1234 3072 qui
1256 3002 1373 3056 haec
1391 3000 1635 3055 dicebat!
1658 2998 1897 3051 Minime.
1916 2995 2032 3050 Non
2054 2996 2221 3060 enim,
2245 2995 2473 3064 inquies,

887 3112 1010 3155 enm
1063 3109 1220 3164 quem
1277 3090 1526 3146 laudabat
1580 3092 1850 3142 cernebat.
1898 3087 2056 3156 Atqui
2102 3102 2229 3156 erga
2269 3085 2507 3138 auditas

885 3202 1097 3263 quoque
1127 3188 1325 3238 formas
1354 3183 1423 3236 ita
1453 3179 1848 3251 quodammodo
1874 3176 2159 3243 aflicimur,
2190 3191 2296 3229 non
2318 3175 2477 3229 modo

886 3294 1011 3349 erga
1044 3286 1381 3343 consiieetas.
1423 3271 1619 3325 Verum
1649 3286 1716 3323 ne
1755 3268 1885 3323 mihi
1927 3270 1976 3322 in
2025 3267 2108 3322 his
2154 3269 2314 3320 rebus
2343 3281 2475 3320 con—

887 3369 1182 3425 tentionem
1207 3377 1423 3417 moveas
1449 3380 1466 3425 ;
1497 3374 1676 3413 annon
1702 3359 1863 3413 David
1890 3358 2179 3413 admodum
2210 3359 2477 3411 formosus

888 3469 1026 3522 erat.
1057 3473 1122 3513 ac
1150 3454 1403 3511 subrufus
1428 3468 1549 3508 cum
1582 3453 1859 3506 oculorum
1890 3449 2330 3519 pulchritudine?
2358 3464 2478 3517 quze

887 3553 1165 3610 oculorum
1205 3547 1467 3617 elegantia
1506 3544 1737 3598 maxime
1780 3543 2015 3596 violenta
2058 3540 2477 3610 pulchritudinis

886 3660 1014 3718 pars
1056 3651 1158 3697 est.
1204 3639 1340 3694 Num
1382 3636 1541 3707 igitur
1580 3635 1843 3705 quispiam
1876 3632 2043 3704 ipsius
2072 3644 2261 3686 amore
2290 3640 2477 3697 captus

885 3736 1010 3795 est?
1038 3734 1257 3790 Minime
1285 3749 1299 3786 :
1326 3746 1432 3785 non
1457 3730 1615 3798 igitur
1643 3742 1747 3782 una
1776 3742 1897 3781 cum
1936 3726 2288 3779 admiratione
2326 3740 2479 3780 amor

886 3827 1049 3884 etiam
1078 3823 1333 3879 nascitur.
1366 3819 1501 3875 Nam
1540 3826 1596 3872 et
1622 3828 1821 3871 matres
1849 3817 2003 3872 multi
2029 3816 2333 3870 habuerunt
2359 3830 2481 3869 cor-

889 3919 1034 3991 poris
1074 3910 1469 3986 pulchritudine
1501 3908 1907 3991 ﬂorentissimas
1948 3923 1963 3959 :
2005 3922 2131 3960 num
2180 3906 2341 3975 igitur
2384 3906 2477 3959 lilii

888 3984 1089 4065 earum?
1105 4018 1288 4058 amore
1317 4000 1516 4055 incensi
1546 3998 1702 4052 sunt?
1743 3984 1895 4052 Absit
1940 3996 2102 4052 istud.
2144 3997 2477 4065 Quamquam

887 4101 1031 4159 enim
1071 4096 1121 4152 id
1149 4094 1290 4167 quod
1331 4100 1560 4148 cernunt
1596 4091 1950 4153 admirentur,
1984 4099 2161 4144 tamen
2196 4089 2247 4142 in
2275 4087 2478 4143 fmdum

887 4205 1129 4248 amorem
1167 4203 1272 4242 non
1302 4185 1560 4240 incidunt.
1590 4187 1679 4248 At,
1706 4198 1916 4237 rursum
1954 4181 2184 4251 inquies,
2219 4182 2321 4235 hoc
2347 4180 2479 4250 ipsis

888 4294 1076 4339 natura
1122 4286 1358 4349 praestat.
1399 4271 2056 4341 Qumn:im.oro,natura?
2093 4270 2229 4337 Quia
2280 4280 2478 4325 matres

887 4384 1036 4440 sunt,
1071 4371 1301 4440 inquies.
1347 4369 1536 4420 Annon
1567 4363 1723 4417 audis
1767 4360 1958 4416 Persas
1990 4361 2205 4415 nemine
2228 4369 2476 4428 cogente,

888 4478 1011 4520 cum
1052 4459 1311 4514 matribus
1335 4456 1448 4510 suis
1486 4454 1722 4516 misceri,
1762 4467 1859 4505 nec
1882 4467 2044 4505 unum
2076 4460 2167 4504 aut
2192 4451 2348 4518 duos,
2383 4451 2479 4506 sed

886 4558 1193 4611 universam
1220 4548 1476 4620 gentem?
1498 4546 1637 4614 Quin
1658 4546 1791 4599 citra
1820 4542 1935 4597 haec
1962 4543 2168 4613 liquido
2194 4545 2320 4599 hinc
2348 4558 2468 4599 com

885 4656 993 4705 stat
1026 4644 1276 4701 morbum
1304 4642 1445 4695 hunc
1469 4655 1577 4694 non
1605 4639 1849 4707 corporis
1871 4636 2175 4707 elegantiae,
2217 4650 2318 4691 nec
2345 4636 2479 4691 sim-

888 4740 1098 4812 pliciter
1124 4734 1506 4808 pulchritudini
1536 4730 1947 4787 adscribendum
1994 4745 2138 4795 esse,
2176 4729 2273 4786 sed
2309 4730 2476 4785 animi

888 4828 1153 4889 socordiae
1196 4837 1356 4896 atque
1400 4825 1749 4880 oberrationi.
1800 4823 2053 4879 Permulti
2092 4826 2318 4891 etenim,
2356 4838 2477 4879 cum

888 4924 1196 4979 innumeras
1235 4917 1507 4986 praestanti
1550 4915 1721 4969 forma
1766 4916 2020 4970 mulieres
2056 4917 2474 4986 praeteriissent,

886 5011 1216 5069 deformibus
1254 5022 1375 5062 sese
1403 5005 1705 5060 dederunt:
1734 5021 1801 5059 ex
1844 5022 1949 5073 quo
1984 5008 2328 5075 perspicuum
2368 5016 2471 5071 est,

884 5119 1123 5163 amorem
1154 5118 1183 5154 a
1221 5098 1405 5154 format
1444 5105 1720 5175 venustate
1762 5098 1985 5153 minime
2014 5099 2304 5168 prolicisci.
2342 5099 2473 5153 Nam

842 5236 847 5241 ι
887 5202 932 5256 si
961 5201 1032 5255 ita
1062 5203 1225 5258 esset,
1248 5195 1303 5258 ii,
1335 5194 1425 5261 qui
1448 5192 1502 5247 in
1527 5205 1762 5243 amorem
1795 5191 2115 5253 inciderunt,
2144 5194 2207 5243 ιίτι
2243 5192 2348 5245 illis
2378 5206 2474 5260 po-

889 5292 995 5347 tius
1026 5302 1183 5357 quam
1215 5286 1283 5339 ab
1327 5285 1441 5337 istis
1467 5282 1609 5351 capti
1648 5280 1891 5334 fuissent.
1924 5281 2188 5347 Quidnam
2225 5284 2383 5351 igitur
2424 5285 2472 5334 in

886 5394 1046 5437 causa
1068 5376 1441 5444 est?inqtties;
1481 5389 1602 5427 nam
1636 5374 1678 5426 si
1712 5372 1897 5427 fortine
1928 5372 2182 5428 honestas
2212 5390 2315 5427 non
2351 5376 2476 5425 facit

888 5481 947 5524 ut
974 5471 1236 5539 quispiam
1260 5472 1424 5529 amet,
1456 5466 1596 5517 unde
1623 5466 1781 5534 igitur
1809 5478 1961 5517 amor
1992 5478 2207 5517 causam
2236 5480 2293 5515 ar
2330 5466 2468 5516 uidi-

887 5578 1006 5619 cem
1038 5559 1231 5614 habet?
1252 5575 1319 5613 an
1351 5573 1378 5610 a
1412 5557 1552 5611 malo
1572 5555 1851 5610 daamone?
1879 5554 2051 5608 liabet
2090 5572 2263 5623 q'znqi:
2352 5560 2475 5610 .linc

891 5664 1087 5718 ortum,
1115 5651 1211 5705 sed
1233 5665 1338 5704 non
1362 5648 1463 5704 hoc
1483 5656 1566 5702 est
1592 5648 1732 5715 quod
1756 5646 2055 5715 quaeritur;
2088 5663 2157 5697 re:
2180 5665 2261 5698 um
2296 5667 2395 5699 an";
2426 5666 2427 5673 η
2462 5694 2471 5701 ,

887 5750 985 5823 ipsi
1013 5761 1223 5821 quoque
1249 5742 1302 5799 in
1318 5758 1476 5800 causa
1506 5742 1692 5798 simus.
1720 5742 1898 5811 Neque
1919 5740 2061 5797 enim
2082 5740 2293 5797 illorum
2317 5742 2437 5796 dm.

1619 336 1677 394 5.
1707 332 1984 391 JOANNIS
2011 322 2494 387 CHRYSOSTOMI
2530 320 2853 380 ARCHIEP.
2896 323 3435 402 CONSTANTINOP.
4101 331 4197 389 ‘5‘)

1672 404 1734 504 im
1762 458 1939 505 sumat
1982 448 2085 502 hoc
2126 445 2365 501 malum:
2394 441 2474 497 sic
2587 447 2734 498 taxat
2767 451 2893 498 sunt
2936 443 3165 508 insidiae,
3210 447 3305 500 sed
3346 460 3468 502 cum
3498 445 3607 504 illis
3650 461 3681 502 a
3722 448 3879 505 nobis
3918 448 4193 522 primum.
4291 404 4293 522 ἦ

2584 531 2698 587 Non
2730 532 2946 590 aliunde
2972 536 3306 605 perniciosus
3327 537 3416 593 hic
3440 540 3661 594 morbus
3684 555 3838 611 teque
3858 552 4065 598 ortum
4095 553 4196 600 tra-

2586 623 2684 689 hit,
2715 634 2877 696 atque
2908 640 2940 681 a
2979 628 3371 684 consuetudine
3394 637 3451 684 et
3478 630 3760 686 verborum
3796 632 4119 696 blanditiis,
4146 645 4193 690 et

2584 716 2697 771 otio
2734 731 2797 770 ac
2824 718 3144 783 cessatione,
3175 720 3427 792 quodque
3467 719 3601 777 nihil
3627 723 3770 793 quod
3798 739 4065 794 agamus,
4098 724 4188 780 ha-

2584 805 2828 863 beamus.

2657 900 2711 952 7.
2754 897 2943 954 Indus
2964 900 3343 971 exstinguenda
3368 902 3612 958 libidinis.
3628 932 3698 946 -—
3720 903 3908 977 Ilagna
3953 908 4186 980 Quippe,

2586 1006 2797 1062 magna,
2847 993 3088 1064 inquam,
3137 997 3540 1052 consuetudinis
3579 998 3659 1052 vis
3702 1008 3805 1063 est,
3851 1008 4026 1071 atque
4058 1002 4190 1055 adeo

2586 1090 2752 1148 tanta,
2784 1093 2841 1137 nt
2863 1084 2915 1139 in
2944 1095 3148 1140 natura
3168 1087 3543 1150 necessitatem
3571 1090 3785 1157 migret.
3804 1090 3963 1157 Quod
3991 1095 4040 1146 si
4073 1106 4191 1145 ωη-

2583 1175 2884 1229 suetudinis
2898 1186 2980 1229 est
3002 1176 3138 1230 hanc
3161 1191 3464 1245 procreare,
3492 1193 3598 1233 non
3624 1178 3843 1233 dubium
3862 1182 4000 1251 quin
4025 1183 4187 1237 etiam

2585 1267 2944 1336 exstinguere.
2972 1266 3115 1322 Sane
3143 1269 3294 1322 multi
3320 1279 3563 1325 amantes
3581 1270 3659 1324 sic
3674 1286 3853 1326 amare
3874 1272 4188 1338 desierunt,

2584 1373 2705 1413 cum
2751 1374 2883 1430 quas
2920 1360 3193 1423 amabant,
3234 1376 3339 1415 non
3383 1373 3687 1418 cernerent.
3734 1364 3847 1418 Hoc
3890 1376 4081 1420 autem
4122 1364 4187 1419 ad

2585 1447 2747 1503 breve
2772 1450 2989 1520 quidem
3021 1460 3233 1521 tempus
3260 1451 3513 1507 acerbum
3543 1468 3607 1507 ac
3637 1467 3895 1522 perquam
3928 1454 4187 1525 injucun-

2582 1541 2710 1596 dum
2737 1558 2857 1598 esse
2887 1542 3133 1607 videtur;
3170 1552 3226 1598 at
3251 1558 3538 1615 progressu
3567 1547 3823 1614 temporis
3848 1562 4025 1603 suave
4064 1548 4187 1604 efﬂ-

2583 1633 2753 1700 citnr,
2790 1649 2854 1688 ac
2902 1650 2970 1689 ne
3014 1634 3058 1689 si
3105 1635 3276 1690 velint
3325 1635 3567 1704 quidem,
3616 1638 3865 1693 morbum
3916 1654 4187 1696 revocare

2585 1733 2804 1795 queant.
2837 1724 2973 1793 Quid
3018 1726 3198 1794 igitur,
3227 1726 3459 1796 inquies,
3488 1742 3612 1781 cum
3655 1728 3788 1782 citra
3827 1730 4188 1786 consuetudi-

2586 1830 2706 1870 nem
2737 1817 2897 1871 ullam
2928 1817 2995 1871 ab
3028 1820 3143 1885 ipso
3170 1816 3343 1885 primo
3386 1826 3607 1899 aspectu
3637 1830 3824 1887 captus
3852 1818 4053 1874 fuero?
4090 1820 4186 1874 llic

2584 1922 2796 1976 quoque
2826 1908 2878 1961 in
2905 1923 3066 1962 causa
3090 1919 3175 1963 est
3203 1907 3449 1977 corporis
3467 1906 3695 1973 desidia,
3718 1918 3809 1962 aut
3830 1909 4069 1975 delleim,
4093 1920 4184 1965 aut

2584 1997 2727 2069 quod
2756 2013 2821 2053 ea
2846 2012 2966 2067 quin
2994 1986 3131 2059 opus
3157 2006 3284 2053 sunt
3312 2013 3419 2052 non
3448 2011 3625 2060 cures.
3650 2014 3749 2053 nec
3772 1999 3825 2053 in
3849 2001 4183 2055 necessariis

2586 2088 2813 2160 negmiis
2834 2090 3086 2144 versaris.
3110 2088 3242 2144 Nam
3268 2088 3361 2159 qui
3391 2088 3514 2143 talis
3540 2096 3645 2152 est,
3670 2088 3841 2143 instar
3854 2090 4072 2145 erronis
4092 2104 4182 2144 σιμ

2580 2178 2813 2249 juspiam
2848 2182 3037 2249 quovis
3067 2179 3210 2234 malo
3253 2178 3618 2249 transﬂgitur:
3658 2188 3823 2249 atque
3864 2179 4179 2250 hujusmod

2584 2270 2841 2336 animam,
2874 2284 2981 2324 non
3013 2285 3171 2325 secus
3207 2286 3271 2324 ac
3316 2286 3539 2342 puerum
3583 2280 3886 2339 vagantem,
3933 2272 4179 2342 quisquis

2584 2361 2701 2416 vult
2728 2362 2780 2415 in
2812 2362 3129 2417 servitutem
3162 2362 3348 2417 trahit.
3378 2362 3643 2431 Quoniam
3670 2364 3815 2418 enim
3846 2363 3964 2433 ipsa
3995 2363 4104 2419 hoc
4128 2366 4177 2418 in

2585 2467 2735 2507 more
2762 2453 2995 2522 positum
3018 2452 3200 2518 habet,
3231 2462 3290 2507 ut
3310 2453 3512 2523 aliquid
3540 2462 3815 2524 operetur,
3842 2454 3886 2507 si
3920 2454 4095 2524 ipsius
4125 2456 4177 2509 in

2584 2542 2744 2598 rebus
2772 2543 3033 2607 honestis,
3052 2544 3317 2599 actionem
3336 2543 3682 2612 comprimes,
3710 2545 3836 2615 quia
3859 2545 3991 2599 nihil
4019 2560 4179 2615 agere

2584 2650 2690 2688 non
2716 2644 2916 2705 potest,
2943 2636 3044 2688 alia
3074 2635 3247 2705 pariat
3268 2649 3492 2691 necesse
3515 2642 3619 2690 est.
3651 2634 3805 2690 Sicut
3824 2637 3971 2690 enim
4010 2647 4176 2702 terra,

2584 2740 2706 2780 eum
2736 2741 2833 2779 nec
2850 2726 3047 2780 seritur
3066 2740 3167 2780 nec
3190 2725 3481 2795 plantatur,
3504 2724 3726 2780 herbam
3748 2725 4030 2781 dumtaxat
4059 2742 4181 2797 pro.

2583 2816 2720 2871 fert:
2754 2818 2827 2870 ita
2868 2824 2923 2869 et
2950 2817 3150 2882 anima,
3191 2830 3316 2869 cum
3366 2818 3792 2870 necessariarum
3826 2831 4011 2872 rerum
4046 2818 4178 2872 nihil

2584 2907 2744 2961 habet
2782 2906 2924 2975 quod
2974 2915 3116 2975 agat,
3147 2915 3310 2976 atque
3346 2905 3546 2976 aliquid
3574 2922 3734 2976 agere
3762 2907 3969 2975 cupiat,
3996 2912 4181 2978 pravis

2582 2999 2742 3053 rebus
2769 3012 2829 3051 se
2861 2998 3039 3051 tradit.
3069 2997 3138 3051 Et
3163 2998 3305 3052 sicut
3333 2996 3541 3063 oculus,
3565 2998 3657 3067 qui
3678 3012 3905 3053 cernere
3930 3014 4039 3053 non
4063 3014 4179 3055 ceso

2582 3098 2692 3153 sat,
2723 3103 2883 3157 prava
2910 3097 3095 3142 cernat
3116 3102 3340 3143 necesse
3365 3095 3471 3153 est,
3499 3102 3621 3142 cum
3645 3088 3800 3142 bonis
3830 3088 4061 3157 objectis
4089 3106 4181 3144 ca-

2582 3190 2665 3233 ret
2686 3196 2697 3230 :
2724 3180 2801 3232 sic
2820 3180 2982 3233 etiam
3001 3179 3233 3243 animus,
3255 3193 3375 3231 cum
3398 3192 3457 3231 se
3478 3192 3508 3231 a
3531 3178 3851 3232 necessariis
3871 3180 4177 3243 abduxerit,

2580 3274 2688 3342 jam
2720 3272 2859 3325 circa
2884 3270 3089 3323 inutilia
3118 3278 3385 3325 versatur.
3411 3271 3619 3340 Alioqui
3651 3269 3793 3338 quod
3824 3274 4115 3343 occupatio
4133 3285 4181 3327 et

2583 3379 2709 3416 cura
2742 3362 2969 3431 primum
2996 3375 3208 3431 quoque
3232 3361 3489 3429 impetum
3510 3362 3815 3430 prooellere
3839 3374 4023 3432 queat,
4047 3368 4183 3421 tnui-

2585 3454 2649 3508 iis
2666 3454 2993 3523 argumentis
3016 3452 3198 3519 liquet.
3225 3452 3585 3520 Quamobrem
3608 3468 3729 3507 cum
3758 3456 4044 3522 pulchram
4065 3473 4182 3513 tnu-

2586 3546 2771 3600 lierem
2799 3544 3171 3613 conspexeris,
3200 3543 3268 3598 ab
3316 3559 3485 3611 eaque
3529 3553 3584 3599 te
3624 3544 3878 3599 allectum
3918 3554 4179 3615 senseris,

2583 3653 2701 3692 eam
2730 3653 2796 3692 ne
2820 3638 2957 3690 ultra
2984 3650 3200 3703 cernas,
3230 3645 3281 3694 et
3311 3635 3572 3691 liberatus
3596 3652 3677 3692 es.
3710 3637 3777 3692 Et
3799 3639 3889 3709 qui
3927 3638 4048 3695 fieri
4084 3657 4183 3711 po-

2583 3733 2731 3796 terit,
2762 3730 2994 3797 inquies,
3020 3739 3077 3783 ut
3102 3744 3222 3784 eam
3251 3729 3385 3782 ultra
3416 3745 3521 3783 non
3545 3744 3786 3795 cernam,
3817 3746 3941 3786 cum
3973 3734 4181 3803 cupidi-

2582 3830 2693 3876 tate
2721 3819 2937 3875 trabar?
2969 3820 3104 3874 Aliis
3134 3820 3317 3883 rebus,
3342 3835 3462 3889 quae
3486 3822 3724 3875 animum
3746 3822 4080 3890 distrahant,
4100 3825 4180 3879 fac

2582 3920 2637 3965 te
2658 3912 2893 3973 addicas,
2923 3910 3075 3964 libris
3096 3910 3371 3974 nimirum,
3400 3912 3720 3967 necessariis
3746 3914 3910 3979 curis,
3937 3919 4179 3985 patroci-

2585 4001 2709 4063 niis,
2732 4000 3175 4068 opitulationibus
3199 4016 3409 4065 eorum,
3440 4002 3635 4071 quibus
3678 4002 3875 4074 injuria
3924 4006 4176 4076 infertur,

2584 4089 2854 4160 precibus,
2880 4103 3059 4142 rerum
3085 4086 3384 4145 futurarum
3404 4090 3736 4148 meditationi
3769 4113 3782 4147 :
3827 4095 3913 4150 his
3938 4098 4176 4154 animum

2585 4180 2878 4247 adstringe.
2905 4177 2996 4235 Sic
3016 4194 3121 4233 non
3151 4194 3340 4235 recens
3367 4189 3573 4237 tantum
3595 4184 3787 4238 vulnus
3816 4187 4062 4255 curabis,
4085 4190 4175 4245 sed

2586 4282 2897 4328 concretum
2929 4272 3091 4327 etiam
3122 4281 3284 4344 atque
3316 4275 3678 4332 inveteratum
3706 4276 3868 4335 facile
3894 4280 4175 4339 discutles.

2584 4361 2714 4417 Nam
2741 4363 2787 4418 si
2812 4364 3162 4431 contumelia,
3196 4374 3253 4419 ut
3279 4372 3365 4420 est
3392 4367 3444 4419 in
3477 4368 3785 4436 proverbio,
3822 4374 4031 4427 amanti
4058 4390 4175 4443 per-

2584 4455 2795 4522 suadet,
2825 4465 2883 4510 ut
2919 4471 3161 4511 amorem
3200 4458 3506 4527 abrumpat,
3545 4461 3819 4529 quomodo
3864 4478 3972 4517 non
4009 4467 4174 4521 multo

2584 4548 2754 4619 magis
2775 4548 3080 4623 spirituales
3112 4547 3195 4602 hae
3238 4548 3630 4606 incantationes
3660 4554 3861 4608 malum
3904 4557 4050 4612 istud
4090 4570 4174 4613 su-

2585 4648 2793 4710 perent,
2817 4641 3110 4696 dummodo
3135 4640 3205 4696 ab
3229 4655 3297 4695 eo
3319 4656 3421 4697 nos
3445 4656 3728 4701 removere
3749 4645 3803 4699 in
3833 4647 4075 4703 animum
4098 4649 4170 4704 in—

2584 4732 2874 4788 ducamus?
2901 4733 3058 4800 Quod
3078 4733 3123 4788 si
3152 4748 3273 4787 cum
3306 4733 3413 4787 illis
3442 4746 3721 4788 versemur
3745 4749 3812 4789 ac
3858 4738 4168 4795 confabule-

2585 4838 2723 4887 mur,
2756 4839 2875 4893 qua:
2911 4821 3219 4893 huiusmodi
3264 4823 3369 4878 tela
3398 4823 3448 4876 in
3475 4836 3576 4877 nos
3603 4833 3986 4895 contorquent,
4022 4845 4084 4885 ac
4110 4831 4168 4884 de

2585 4913 2691 4967 illis
2722 4923 2832 4967 tum
2854 4913 3159 4983 loquamur,
3190 4921 3305 4967 tum
3330 4912 3636 4978 audiamus,
3670 4915 3919 4971 morbum
3946 4917 4049 4975 hoc
4081 4937 4169 4988 pa.

2586 5013 2673 5058 cto
2702 5004 2912 5058 alimus.
2938 5006 3181 5069 Quonam
3208 5018 3338 5071 ergo
3376 5004 3538 5056 modo
3567 5004 3743 5071 ignem
3774 5008 4053 5078 exstingui
4082 5026 4170 5063 cu-

2587 5097 2688 5165 pis,
2718 5112 2839 5151 eum
2870 5097 3109 5167 quotidie
3134 5095 3404 5149 ﬂammam
3431 5094 3729 5149 accendas?
3752 5097 3832 5152 Ac
3855 5098 3926 5153 de
3946 5114 4166 5155 tortsue-

2588 5191 2767 5242 tudéne
2796 5191 2912 5243 hare
2938 5188 3067 5242 tnihi
3089 5186 3156 5241 ad
3181 5188 3410 5255 juvenes
3430 5186 3569 5239 diem
3596 5198 3700 5242 sint
3727 5206 3742 5242 τ
3771 5206 3897 5244 nam
3927 5192 4164 5263 quodad

2596 5312 2603 5323 η
2674 5296 2728 5333 αδ
2757 5280 2970 5341 attinet,
3016 5289 3219 5345 eosque
3258 5276 3346 5345 qui
3378 5277 3746 5348 philosnphari
3789 5293 4011 5343 norunt.
4041 5284 4164 5337 nilnt

2588 5374 2805 5439 perinde
2833 5374 2999 5439 juvat.
3022 5381 3081 5423 ut
3101 5370 3191 5423 Dei
3215 5370 3395 5436 timor,
3422 5373 3684 5441 gehenna:
3712 5376 4000 5439 memoria,
4025 5377 4163 5445 regni

2584 5466 2833 5519 citatorum
2884 5461 3177 5531 cupiditas;
3237 5461 3351 5516 lucc
3404 5464 3545 5517 enim
3607 5456 3672 5517 ad
3720 5468 4160 5536 exstinguendum

2585 5558 2760 5621 ignem
2788 5556 3079 5610 subiciunt.
3110 5553 3188 5606 Ac
3219 5566 3475 5623 praetcrea
3508 5555 3635 5609 illud
3666 5565 3843 5610 tecum
3876 5568 4086 5625 reputa,
4118 5562 4162 5613 id

2584 5650 2726 5717 quod
2770 5649 2947 5702 cernis
2988 5646 3119 5699 nihil
3162 5647 3301 5700 aliud
3329 5664 3469 5714 ρςιεέ,
3502 5665 3658 5713 quam
3693 5650 3939 5716 pituitam
3968 5660 4022 5705 et
4050 5669 4163 5706 san-

2587 5746 2798 5813 guinem
2848 5756 2908 5796 ac
2946 5742 3179 5809 corrupti
3221 5741 3459 5796 alimenti
3510 5755 3750 5795 succum.
3807 5742 3876 5795 At
3920 5744 4069 5801 lzetus
4108 5760 4165 5800 ac
