4076 6338
216 372 324 430 ιιι

218 491 418 544 θᾶττον
443 482 631 550 ἐκείνη
661 480 950 534 σϐέννυται
975 494 988 511 ν
1018 474 1094 539 ώς
1133 472 1186 528 εί
1205 490 1269 542 γε
1301 471 1633 544 παρέμενεν,
1661 472 1736 535 ὡς
1767 471 1803 539 η

216 578 332 634 τῶν
373 573 694 649 χρημάτων,
744 570 847 625 κᾶν
907 566 1158 623 ἀπώλεσε
1213 566 1303 619 τὸν
1354 563 1552 617 ἁλόντα
1611 561 1801 633 ἀρδην.

217 673 358 742 Φέρε
384 664 496 733 οὖν,
550 665 679 736 περὶ
725 662 914 717 τούτου
972 661 1102 730 ὑμῖν
1149 656 1541 727 διαλεχθῶμεν,
1568 652 1664 706 τοῦ
1694 652 1807 708 τῶν

220 761 515 831 σωμάτων,
550 758 643 811 καὶ
670 756 870 825 ίδωμεν
897 752 1061 806 πόθεν
1087 749 1311 816 αὐξεται
1338 746 1401 799 τὸ
1431 745 1600 798 κακόν
1620 764 1634 776 ο
1662 744 1806 799 οὕτω

216 852 331 924 γὰρ
376 850 633 921 είσόμεθα
655 892 672 917 ,
712 849 821 902 εῐτε
860 844 1130 918 ἡμέτερον
1172 839 1329 894 τοῦτο
1376 838 1649 909 ἔγκλημα,
1694 838 1809 893 εἴτε

214 945 323 1016 οὐχ
348 944 647 1016 ἡμέτερον·
690 941 787 995 καὶ
815 941 864 992 εί
907 938 1006 1009 μὲν
1050 935 1336 1003 ἡμέτερον,
1377 931 1553 984 πάντα
1584 928 1808 1002 πράξων

220 1048 392 1109 μενι,
418 1035 559 1089 ὥστε
605 1029 992 1103 περιγενέσθαι
1029 1042 1044 1059 ο
1100 1023 1236 1078 εἰδέ
1281 1023 1381 1093 οὐχ
1426 1021 1721 1092 ἡμέτερον,
1756 1021 1808 1075 τί

218 1128 408 1196 μάτην
435 1126 711 1192 κόπτομεν
744 1119 1007 1182 ἐαυτούς;
1038 1115 1092 1168 τί
1139 1114 1195 1167 δὲ
1228 1111 1291 1166 οὐ
1332 1110 1807 1182 συγγινώσκομεν,

218 1216 339 1270 ἀλλ’
366 1214 704 1285 ἐγκαλοῦμεν
752 1213 865 1274 τοῖς
912 1204 1335 1276 ἁλισκομένοις;
1377 1202 1548 1257 Πόθεν
1589 1199 1684 1257 οὖν
1727 1202 1809 1255 τί-

218 1323 415 1361 κτεται
441 1299 595 1369 οὗτος
643 1307 673 1357 ό
724 1301 898 1373 ἐρωςς
950 1296 1083 1349 Ἀπὸ
1125 1295 1431 1367 εὐμορφίας
1487 1293 1810 1367 προσώπου,

219 1398 412 1469 φησιν,
442 1397 569 1449 ὅταν
593 1391 733 1461 καλὴ
763 1391 857 1443 καὶ
882 1388 1093 1458 εὐειδὴς
1119 1388 1153 1457 ή
1185 1386 1563 1456 τιτρώσκουσα
1672 1387 1809 1457 Εἱκῆ

218 1488 400 1543 ταῦτα
430 1488 607 1553 λέγεις
639 1484 735 1537 καὶ
776 1481 972 1551 μάτην.
1009 1480 1074 1532 Εί
1111 1478 1223 1549 7&9
1268 1478 1366 1548 τῆς
1408 1477 1715 1547 εὐμορφίας
1751 1477 1811 1531 τὸ

218 1577 463 1649 ἐραστάς
502 1571 931 1635 ἐπισπάσασθαι,
965 1570 1172 1634 πάντας
1204 1569 1271 1623 ἂν
1308 1569 1466 1640 ἔσχεν
1511 1570 1747 1639 ἐραστάς
1776 1570 1811 1639 ἠ

220 1665 449 1737 τοιαύτη
480 1664 616 1735 κόρη
641 1682 655 1695 ο
684 1665 733 1716 εί
771 1664 829 1717 δὲ
854 1664 915 1717 οὐ
946 1663 1156 1725 πάντας
1188 1662 1324 1732 ἔχει,
1348 1662 1411 1715 οὐ
1447 1661 1547 1729 τῆς
1594 1660 1812 1730 φύσεως

218 1756 405 1820 τοῦτο,
437 1756 560 1810 οὐδὲ
590 1755 651 1820 ἐξ
675 1755 1000 1826 εὐμορφίας,
1027 1754 1145 1808 ἀλλ’
1174 1752 1234 1818 ἐξ
1262 1752 1580 1806 ἀκολάστων
1610 1750 1813 1820 ὀφθαλ-

227 1846 381 1917 μῶν⁶
421 1848 552 1901 ὅταν
577 1847 688 1917 7&9
724 1845 846 1899 ίδὼν
877 1846 1189 1915 περιέργως
1219 1842 1510 1914 θαυμάσῃς
1548 1842 1643 1895 καὶ
1683 1843 1815 1913 ἐρα-

225 1938 386 2008 σθῇς,
415 1938 579 2002 ἐδέξω
610 1936 673 1990 τὸ
701 1936 874 2006 βέλος.
911 1935 1022 1988 Kal
1052 1935 1136 1997 τίς
1174 1933 1240 1987 ἂν
1266 1933 1482 1986 δύναιτο
1511 1932 1682 2002 καλὴν
1716 1948 1817 1999 γυ-

223 2032 392 2083 ναῖκα
418 2028 582 2099 όρῶν,
621 2028 696 2098 μὴ
725 2026 1013 2080 ἐπαινέσαι
1043 2024 1143 2095 τὴν
1172 2023 1493 2094 ὁρωμένηνς
1531 2020 1712 2091 φησίν.
1752 2020 1815 2073 El

221 2119 408 2172 τοίνυν
426 2120 487 2171 οὐ
520 2118 621 2187 τῆς
652 2117 1029 2188 προαιρέσεως
1060 2113 1216 2185 ημῶν
1245 2113 1308 2166 τὸ
1336 2112 1406 2165 τά
1435 2111 1659 2165 τοιαῦτα
1685 2110 1817 2165 θαυ-

223 2213 446 2283 μάζειν,
476 2212 577 2265 οὐκ
604 2213 661 2265 ἐν
686 2212 816 2282 ἡμῖν
836 2209 945 2280 ἀρα
970 2211 998 2262 ὁ
1025 2207 1187 2277 ἔρως.
1232 2206 1506 2275 Ἐπίσχες,
1532 2203 1812 2275 ἄνθρωπε.

223 2304 296 2358 Τί
325 2306 503 2359 πάντα
545 2302 738 2374 φύρεις
785 2300 948 2372 όμοῦ,
993 2296 1271 2367 πανταχοῦ
1315 2296 1679 2367 περιτρέχων,
1722 2296 1818 2349 καὶ

223 2394 325 2451 τοῦ
351 2394 521 2450 κακοῦ
544 2396 645 2465 τὴν
674 2393 829 2465 ῥίζαν
860 2392 962 2445 οὐκ
995 2389 1194 2443 ἐθέλων
1224 2388 1352 2449 ίδεῖν
1375 2404 1390 2453 ;
1416 2387 1516 2440 καὶ
1541 2387 1653 2458 7&9
1686 2385 1817 2439 πολ-

224 2483 359 2548 λοὺς
390 2484 503 2557 ὁρῶ
529 2482 917 2555 θαυμάζοντας
963 2482 1059 2533 καὶ
1096 2475 1477 2540 ἐπαινοῦντας,
1513 2476 1614 2529 οὐκ
1645 2476 1817 2544 ὲρῶν-

224 2592 331 2636 τας
356 2575 433 2629 δέ.
459 2576 571 2629 Kal
605 2573 722 2637 πῶς
748 2574 828 2626 ένι
860 2568 1239 2641 θαυμάζοντας
1273 2569 1347 2639 μὴ
1384 2570 1555 2639 ἐρᾷν;
1596 2568 1689 2638 Μὴ
1733 2567 1821 2621 θο-

188 2690 191 2691 ν
225 2666 391 2739 ρύϐει
415 2682 430 2697 ·
468 2664 628 2717 τοῦτο
672 2664 780 2732 γάρ
816 2661 1047 2731 ἔρχομαι
1087 2660 1263 2711 είπεῖν
1289 2675 1304 2689 ·
1342 2658 1459 2712 ἀλλ’
1503 2658 1817 2727 ἀνάμεινον,

227 2758 333 2812 καὶ
359 2754 563 2825 ἀκούσῃ
596 2750 691 2805 τοῦ
719 2750 996 2812 Μωῦσέως
1020 2746 1393 2818 θαυμάζοντος
1424 2747 1516 2801 τὸν
1538 2747 1703 2801 παῖδα
1723 2747 1819 2799 τοῦ

241 2844 465 2909 Ἰακὼϐ,
513 2844 606 2897 καὶ
638 2840 888 2908 λέγοντος
914 2854 927 2866 ·
987 2838 1096 2892 Καὶ
1126 2834 1206 2907 ἦν
1245 2835 1468 2905 Ἰωσὴφ
1509 2835 1703 2900 καλὸς
1738 2835 1821 2900 τῷ

225 2938 400 3002 εῖδει,
433 2934 531 2989 καί
562 2934 775 3002 ὡραῖος
797 2929 871 2999 τῇ
901 2930 1036 2997 ὄψει
1068 2928 1327 2997 σφόδρα.
1351 2924 1500 2998 Ἀρα
1528 2922 1622 2980 οὖν
1658 2926 1769 2997 ἦρα
1790 2927 1819 2979 ό

228 3029 410 3083 ταῦτα
436 3028 651 3096 λέγων;
694 3022 980 3092 Οὐδαμῶς.
1016 3021 1151 3076 Οὐδέ
1186 3020 1294 3090 γὰρ
1328 3018 1495 3089 ἐώρα,
1530 3019 1686 3089 φησὶ,
1728 3020 1821 3072 τὸν

230 3120 651 3190 ἐπαινούμενον.
694 3116 854 3169 Ἀλλά
887 3116 981 3169 xal
1012 3112 1149 3185 πρὸς
1181 3113 1249 3165 τά
1291 3110 1604 3181 ἀκουόμενα
1644 3112 1818 3183 κάλλη

230 3210 519 3281 πάσχομέν
545 3225 597 3261 τι
641 3206 905 3271 τοιοῦτον,
946 3205 1009 3257 οὐ
1046 3203 1183 3273 πρὸς
1234 3204 1301 3257 τά
1343 3201 1602 3274 ὁρώμενα
1618 3203 1820 3274 μόνον.

233 3304 358 3357 ’Ίνα
382 3303 439 3356 δὲ
470 3302 547 3373 μὴ
589 3300 898 3369 φιλονεικῇς
938 3300 1072 3368 ἡμῖν
1114 3300 1172 3349 ἐν
1202 3298 1435 3362 τούτοις,
1466 3297 1494 3348 ό
1519 3294 1684 3349 Δαυῖδ
1722 3296 1823 3348 οὐκ

230 3391 306 3465 ἦν
355 3394 553 3465 ὡραῖος
602 3391 828 3461 σφόδρα,
891 3391 986 3442 καὶ
1037 3386 1346 3457 ὑπέρυθρος
1399 3386 1542 3457 μετὰ
1592 3385 1825 3449 κάλλους

231 3483 571 3553 ὀφθαλμῶν;
611 3483 639 3534 δ
661 3482 725 3550 δὴ
750 3480 987 3549 μάλιστά
1014 3481 1130 3533 ἐστι
1161 3477 1627 3549 τυραννικώτερον
1658 3477 1824 3548 μέρος

232 3573 344 3641 τῆς
369 3571 690 3641 εὐμορφίας,
727 3568 837 3621 τῶν
876 3568 1173 3636 ὀφθαλμῶν
1204 3569 1266 3619 τὸ
1310 3568 1527 3630 κάλλος.
1568 3563 1695 3638 'Ap’
1731 3565 1824 3623 οὖν

234 3663 457 3734 ἠράσθη
490 3677 570 3723 τις
597 3659 795 3725 αὐτοῦ;
823 3657 1110 3728 Οὐδαμῶς.
1140 3658 1252 3709 Οὐκ
1274 3657 1381 3725 ἀρα
1403 3657 1545 3725 μετά
1567 3659 1660 3710 τοῦ
1689 3660 1824 3711 θαυ-

239 3751 439 3825 μάζειν
465 3749 560 3803 καὶ
601 3751 663 3802 τὸ
701 3750 833 3819 ἐρᾷν
871 3747 1100 3816 γίνεται.
1146 3746 1255 3799 Kal
1290 3745 1401 3816 γάρ
1445 3744 1539 3797 καὶ
1576 3746 1824 3816 μητέρας

233 3845 401 3915 ἐσχον
432 3840 617 3895 πολλοὶ
647 3840 855 3910 σφόδρα
879 3837 1148 3901 ἀνθούσας
1172 3839 1240 3908 τῇ
1270 3836 1365 3890 τοῦ
1396 3834 1650 3907 σώματος
1680 3836 1822 3909 ὥρᾳ.

235 3934 309 3987 Τί
344 3928 437 3987 οὖν
461 3949 478 3999 ;
502 3930 821 4003 ἠράσθησαν
852 3927 1035 3983 αὐτῶν
1064 3930 1114 3981 οί
1139 3929 1332 3993 παῖδες
1356 3943 1371 3994 ;
1411 3929 1629 3998 Ἄπαγε
1648 3946 1662 3959 ·
1688 3926 1826 3983 ἀλλά

236 4022 587 4094 θαυμάζουσι
622 4020 723 4091 μὲν
750 4018 811 4073 τὸ
832 4018 1131 4091 ὁρώμενον,
1161 4019 1262 4073 οὐκ
1296 4018 1631 4090 ἐμπίπτουσι
1659 4019 1718 4073 δὲ
1744 4020 1833 4083 είς

236 4114 425 4189 ἐρώτα
457 4112 704 4185 αίσχρόν.
735 4111 906 4165 Πάλιν
935 4110 1045 4182 γὰρ
1069 4109 1173 4180 τῆς
1202 4109 1419 4179 φύσεως
1456 4110 1517 4163 τὸ
1546 4106 1826 4182 κατόρθω-

239 4206 329 4278 μά
356 4207 490 4257 ἐστι.
518 4203 688 4264 Ποίας
715 4200 949 4269 φύσεως,
975 4201 1098 4253 είπέ
1123 4218 1215 4271 μοι
1237 4218 1251 4267 ;
1290 4201 1418 4255 Ὀτι
1438 4211 1677 4273 μητέρες
1694 4200 1823 4266 είσὶ,

235 4297 435 4370 φησίν.
472 4290 606 4349 Εἶτα
628 4294 732 4347 οὐκ
770 4292 1011 4355 ἀκούεις,
1052 4293 1138 4347 ὃτι
1169 4293 1398 4362 Πέρσαι,
1430 4293 1661 4364 μηδενὸς
1703 4309 1829 4347 κατ-

234 4386 671 4458 αναγκάζοντος,
720 4386 840 4447 ταῖς
873 4381 1059 4437 αὐτῶν
1105 4384 1391 4452 μίγνυνται
1440 4383 1701 4454 μητράσι,
1732 4384 1828 4437 καὶ

232 4480 346 4551 οὐχ
372 4471 453 4543 εἷς
480 4477 601 4532 οὐδὲ
627 4476 902 4547 δεύτερος,
942 4473 1057 4531 ἀλλ’
1087 4472 1382 4542 ὁλόκληρον
1420 4472 1572 4536 ἔθνος
1598 4489 1613 4538 ;
1642 4474 1828 4544 Χωρὶς

232 4572 302 4626 δὲ
332 4571 559 4635 τούτοιν,
579 4566 836 4624 κάκεῖθεν
862 4564 1017 4638 [490]
1037 4564 1218 4635 δῆλον,
1246 4564 1328 4616 ὅτι
1352 4562 1414 4614 τὸ
1436 4562 1649 4633 νόσημα
1670 4562 1828 4616 τοῦτο

231 4664 307 4718 οὐ
334 4662 436 4733 τῆς
463 4660 613 4733 ὥρας
640 4660 735 4715 τοῦ
774 4659 1046 4729 σώματος,
1076 4655 1198 4708 οὐδὲ
1219 4654 1320 4724 τῆς
1349 4653 1657 4724 εὐμορφίας
1676 4656 1827 4709 ἐστὶν

236 4752 457 4817 ἁπλῶς,
484 4751 620 4807 ἀλλά
649 4754 750 4822 τῆς
788 4749 1035 4821 ῥᾳθύμου
1086 4748 1182 4800 καὶ
1223 4746 1585 4816 πλανωμένης
1625 4745 1824 4819 ψυχῆς.

234 4843 440 4899 Πολλοὶ
472 4844 602 4911 γοῦν
650 4843 913 4904 πολλάκις
964 4838 1159 4912 μυρίας
1208 4840 1507 4907 εὐπρεπεῖς
1546 4840 1830 4911 παραδρα-

239 4935 441 5007 μόντες
471 4937 754 4999 γυναῖκας,
786 4936 905 4997 ταῖς
931 4928 1184 4999 αίσχροτέ
1194 4946 1311 5000 ραις
1339 4930 1546 4983 ἔδωκαν
1576 4932 1827 4995 ἑαυτούς’

232 5025 369 5078 ὅθεν
394 5023 549 5090 δῆλον
572 5024 655 5075 ὅτι
686 5026 747 5077 οὐ
777 5026 874 5095 τῆς
897 5021 1201 5094 εὐμορφίας
1238 5022 1297 5073 τὸ
1330 5022 1461 5091 ὲρᾷν
1504 5037 1530 5054 ·’
1560 5022 1594 5093 ἢ
1627 5023 1737 5093 γάρ
1762 5024 1828 5077 ἂν

234 5112 394 5171 εἷλον
419 5117 623 5169 ἐκεῖναι
647 5116 754 5186 πρὸ
777 5117 983 5169 τούτων
1014 5116 1140 5177 τοὺς
1172 5114 1535 5184 ἐμπεσόντας.
1559 5114 1625 5166 Τί
1649 5111 1743 5169 οὖν
1766 5118 1828 5171 τὸ

234 5209 452 5271 αῖτιονς
507 5209 555 5259 εἰ
602 5208 713 5275 γὰρ
760 5208 837 5277 μὴ
872 5207 973 5276 τῆς
1008 5206 1307 5278 εὐμορφίας
1344 5205 1406 5256 τὸ
1456 5205 1610 5275 ἐρᾷν,
1662 5204 1827 5260 πόθεν

235 5304 364 5373 ἔχει
390 5300 488 5367 τὴν
515 5301 538 5353 ἐ·
556 5300 690 5369 pth
717 5298 811 5351 καί
835 5299 934 5369 τὴν
964 5300 1141 5370 ῥίζαν,
1173 5300 1369 5372 φησίνς
1416 5297 1829 5368 Ἀπύδαίμονος

236 5389 489 5463 πονηροὲ
519 5406 531 5445 ;
571 5388 724 5459 Ἔχει
750 5388 850 5459 μὲν
880 5390 976 5443 καὶ
1012 5390 1221 5445 ἐκεῖθεν
1246 5406 1259 5419 ·
1293 5389 1405 5446 ἀλλ’
1432 5388 1493 5442 οὐ
1525 5386 1685 5442 τοῦτό
1710 5391 1827 5443 km

236 5489 308 5538 τῦ
345 5482 703 5555 ζητοζλμενον,
734 5479 850 5534 ἀλλ’
878 5482 925 5532 εί
953 5480 1028 5551 μὴ
1065 5483 1162 5536 καὶ
1202 5485 1364 5553 ἡμεῖς
1390 5482 1570 5537 αἴτιοι.
1606 5481 1681 5534 Οὐ
1717 5482 1827 5553 γάρ

236 5575 473 5633 ἐκείνων
510 5572 743 5643 μόνονη
798 5572 1077 5641 ἐπιϐουλὴ,
1128 5574 1261 5629 ἀλλὰ
1319 5576 1435 5643 μετ’
1474 5574 1698 5629 ἐκείνων
1731 5574 1827 5628 καὶ

309 5754 326 5774 ⁸
354 5752 619 5818 agebatur
650 5754 899 5815 ττὶάξομεν,

1253 354 1322 411 IN
1363 352 1585 411 EPIST.
1625 352 1670 410 ll
1708 351 1801 410 AD
1830 352 1991 412 COB.
2027 354 2271 415 HOMIL.
2313 355 2429 413 VII.

3384 364 3495 419 ιεε

1921 470 2078 541 ἡμῶν
2105 473 2337 542 πρώτων
2360 473 2411 528 1³.
2454 472 2767 542 Οὐδαμόθεν
2791 474 2902 547 γὰρ
2941 474 3213 546 ἑτέρωθεν
3246 476 3391 533 οὕτω
3414 483 3499 546 τί·

1915 578 2103 616 κτεται
2124 562 2184 617 τὺ
2214 564 2450 635 πονηρὸν
2471 566 2631 619 τοῦτο
2667 567 2901 636 νόσημα,
2928 565 3005 630 ὡς
3044 568 3154 621 ἀπὸ
3184 571 3498 643 συνηθείας,

1916 653 2010 705 καὶ
2038 653 2326 719 κολακείας
2357 657 2639 727 ῥημάτων,
2681 658 2775 711 καὶ
2800 654 2995 727 σχολῆς
3028 657 3122 711 καὶ
3156 660 3361 729 ἀργίας
3409 665 3505 719 καὶ

1914 742 2009 796 τοῦ
2038 745 2206 814 μηδὲν
2228 746 2377 815 ἔχειν
2408 751 2603 802 ποιεῖν.

1986 834 2050 900 ζ’.
2071 836 2299 907 Μεγάλη
2327 837 2458 909 7&9,
2481 839 2695 911 μεγάλη
2722 840 2827 910 τῆς
2850 842 3138 913 συνηθείας
3160 844 3195 915 η
3219 845 3501 915 τυραννὶς,

1917 928 2010 980 καὶ
2036 927 2295 999 τοσαύτη,
2326 928 2404 992 ὡς
2426 932 2505 991 είς
2532 931 2751 999 φύσεως
2774 932 3023 1004 ἀνάγκην
3052 934 3418 991 καθίστασθαι
3442 948 3495 992 α.

1918 1019 1980 1072 El
2001 1018 2060 1071 δὲ
2095 1018 2353 1091 συνήθεια
2386 1020 2448 1074 τὸ
2468 1020 2676 1075 τίκτειν
2709 1024 2912 1094 αὐτὴν,
2943 1024 3167 1096 εὔδηλον
3190 1028 3273 1080 ὅτι
3300 1029 3394 1082 καὶ
3442 1027 3507 1082 τδ

1919 1105 2231 1166 σϐεννύναι.
2264 1107 2459 1162 Πολλοὶ
2509 1109 2642 1180 γοῦν
2691 1110 2926 1183 ἐρῶντες
2969 1112 3145 1178 οὕτως
3170 1116 3503 1183 ἐπαύσαντο,

1922 1198 1998 1270 μὴ
2027 1200 2321 1270 ὁρωμένων
2348 1201 2459 1261 τῶν
2486 1203 2797 1273 ἐρωμένων.
2834 1203 3007 1259 Τοῦτο
3047 1206 3105 1259 δέ
3136 1208 3272 1279 πρὸς
3330 1210 3508 1283 βραχύ

1922 1289 2024 1361 μέν
2046 1292 2195 1345 δοκεῖ
2215 1292 2415 1365 πικρὸν
2445 1290 2606 1359 εἶναι,
2639 1295 2735 1349 καὶ
2764 1286 2969 1369 σφόδρα
2992 1296 3157 1367 ἀηδές
3181 1311 3198 1328 ³
3225 1301 3305 1369 τῷ
3326 1303 3509 1373 χρόνῳ

1920 1380 1977 1435 δὲ
2008 1382 2104 1453 ηδύ
2129 1382 2359 1451 γίνεται,
2396 1386 2493 1440 καὶ
2513 1386 2632 1439 οὐδέ
2664 1386 3015 1458 βουλομένοις
3043 1388 3231 1443 λοιπὸν
3263 1390 3344 1444 ενι
3377 1393 3510 1448 ἀνα-

1920 1476 2228 1545 κτήσασθαι
2247 1478 2307 1531 τὸ
2336 1478 2527 1542 πάθος.
2551 1478 2615 1531 Τί
2641 1475 2736 1533 οῦν
2754 1480 2883 1533 ὅταν
2899 1478 3190 1552 συνηθείας
3212 1482 3384 1554 χωρὶς
3398 1484 3511 1537 ἀπὸ

1922 1564 2146 1635 πρώτης
2175 1567 2275 1638 τῆς
2299 1567 2476 1637 δψεως
2504 1569 2617 1622 ἀλῶ
2637 1587 2652 1631 ;
2673 1571 2971 1626 Κάνταῦθα
2998 1573 3166 1644 ἀργία
3193 1574 3289 1627 τοῦ
3316 1574 3509 1644 σώμαι

1920 1656 2076 1725 τος,ἥ
2102 1656 2337 1729 τρυφὴά,
2356 1660 2450 1713 καὶ
2467 1659 2527 1713 τὸ
2546 1662 2621 1731 μὴ
2645 1661 2949 1732 φροντίζειν
2972 1664 3079 1719 τῶν
3098 1667 3507 1737 προσηκόντων,

1926 1747 2061 1818 μηδὲ
2090 1748 2150 1801 ἐν
2192 1748 2517 1818 ἀναγκαίοις
2564 1746 2706 1833 εἶναι
2742 1754 3053 1823 πράγμασι.
3091 1757 3360 1829 Καθάπερ
3400 1758 3512 1832 7&9

1924 1837 2125 1902 πλάνος
2140 1842 2271 1903 τιςό
2302 1840 2548 1905 τοιοῦτος
2574 1842 3022 1913 περιερχόμενος,
3061 1848 3224 1899 παντὶ
3255 1848 3513 1919 περιπεί-

1928 1947 2078 2002 ρεται
2109 1930 2333 2003 πονηρῷ
2350 1947 2365 1962 ο
2389 1932 2484 1987 καὶ
2513 1932 2766 2006 καθάπερ
2792 1934 3001 1987 παιδίον
3024 1934 3240 2005 ἀφετον.
3269 1937 3299 1991 ό
3328 1938 3513 2008 βουλό-

1928 2037 2090 2089 μενος
2117 2022 2498 2092 ἀνδραποδίζει
2519 2025 2619 2096 τήν
2640 2025 2896 2096 τοιαύτην
2916 2026 3115 2097 ψυχήν.
3156 2027 3376 2101 Ἐπειδὴ
3402 2030 3513 2103 7&9

1924 2112 2047 2177 ἐθος
2068 2113 2205 2184 αὐτῇ
2240 2117 2505 2186 ἐνεργεῖν,
2522 2116 2652 2170 ὅταν
2676 2116 2848 2187 αὐτῆς
2870 2118 3084 2190 παύσῃς
3103 2118 3203 2189 τὴν
3230 2118 3512 2191 ἐνέργειαν

1924 2202 2024 2271 τὴν
2054 2203 2113 2256 ἐν
2165 2206 2277 2265 τοῖς
2327 2205 2574 2274 ἀγαθοῖς,
2638 2207 2828 2279 ἐπειδὴ
2895 2194 3084 2284 ἀργεῖν
3137 2210 3201 2263 οὐ
3246 2209 3510 2279 δύναται,

1925 2293 2302 2360 ἀναγκάζεται
2336 2296 2502 2370 ἕτερα
2535 2298 2763 2352 τίκτειν.
2790 2299 3061 2369 Καθάπερ
3095 2300 3128 2369 ἠ
3157 2299 3249 2370 γῆ,
3276 2301 3406 2355 ὅταν
3437 2302 3513 2372 μὴ

1928 2383 2220 2455 σπείρηται
2284 2386 2423 2456 μηδὲ
2483 2388 2788 2460 φυτεύηται
2822 2427 2838 2453 ,
2902 2389 3133 2461 βοτάνην
3191 2392 3515 2448 ἀναδίδωσιν

1929 2472 2113 2553 ἁπλῶς
2137 2489 2149 2502 ·
2181 2471 2326 2527 οὕτω
2377 2474 2473 2528 καὶ
2523 2477 2555 2545 ἠ
2604 2476 2774 2547 ψυχὴ,
2805 2478 2937 2532 ὅταν
2973 2479 3048 2550 μὴ
3078 2479 3180 2553 ἔχῃ
3204 2493 3259 2532 τι
3312 2480 3519 2552 πρᾶξαι

1926 2564 2038 2619 τῶν
2087 2566 2422 2634 ἀναγκαίων,
2454 2568 2672 2631 πάντως
2710 2568 2805 2621 τοῦ
2860 2570 3122 2639 πράττειν
3150 2571 3517 2643 ἐπιθυμοῦσα,

1929 2661 2185 2731 πονηροῖς
2206 2659 2404 2729 ἑαυτὴν
2425 2658 2608 2713 δίδωσι
2640 2660 2949 2731 πράγμασι.
2980 2662 3090 2713 Καὶ
3112 2661 3302 2733 ὥσπερ
3320 2662 3522 2728 ὀφθαλ-

1931 2750 2033 2820 μὸς
2063 2750 2159 2804 τοῦ
2200 2752 2299 2821 μὲν
2331 2752 2464 2822 όρᾷν
2492 2751 2555 2804 οὐ
2597 2749 2854 2814 παύεται,
2887 2750 2982 2804 καὶ
3007 2750 3096 2805 διά
3143 2750 3301 2805 τοῦτο
3327 2750 3518 2822 ὄψεται

1930 2842 2164 2911 πονηρὰ,
2211 2843 2339 2894 ὅταν
2372 2841 2556 2910 ἀγαθά
2589 2843 2664 2914 μὴ
2763 2843 3099 2913 ὑποκείμενα
3136 2858 3149 2872 ·
3174 2843 3320 2897 οὓτω
3366 2844 3461 2899 καὶ
3488 2847 3518 2898 ό

1928 2929 2188 3000 λογισμός
2210 2971 2226 2997 ,
2283 2932 2413 2985 ὅταν
2462 2932 2574 2986 τῶν
2621 2934 2936 3003 ἀναγκαίων
2985 2934 3173 2989 ἐαυτὸν
3227 2936 3516 3008 ἀπαγάγῃ,

1930 3020 2061 3092 περὶ
2087 3021 2153 3074 τὰ
2182 3020 2429 3094 ἀχρηστα
2454 3022 2749 3094 στρέφεται
2781 3024 2969 3077 λοιπόν
2993 3041 3009 3057 ο
3036 3025 3161 3077 ἐπεὶ
3189 3026 3269 3080 ὅτι
3293 3026 3391 3080 xal
3416 3026 3519 3098 τὴν

1930 3106 2156 3179 πρώτην
2209 3108 2518 3180 προσϐολὴν
2549 3110 2772 3164 δύναται
2805 3112 3255 3182 ἀποκρούσασθαι
3292 3116 3520 3187 ἀσχολία

1932 3200 2025 3253 καὶ
2062 3201 2305 3269 φροντὶς,
2340 3199 2668 3271 πολλαχόθεν
2717 3201 2895 3271 δῆλον.
2929 3202 3098 3257 Ὅταν
3127 3202 3220 3258 οὖν
3259 3207 3375 3277 ίδῃς
3418 3225 3521 3276 γυ-

1932 3296 2094 3347 ναῖκα
2118 3293 2312 3363 καλὴν,
2336 3292 2431 3346 καὶ⁵
2446 3294 2627 3364 πάθῃς
2656 3311 2707 3347 τι
2744 3293 2882 3363 πρὸς
2904 3293 3096 3364 αὐτὴν,
3122 3296 3322 3365 μηκέτι
3372 3298 3515 3369 Mne.

1933 3383 2028 3435 καὶ
2054 3381 2403 3452 ἀπηλλάγης.
2427 3384 2538 3435 Καὶ
2565 3384 2683 3447 πῶς
2710 3383 3011 3455 δυνήσομαι
3036 3387 3234 3457 μηκέτι
3263 3387 3392 3441 ίδεῖν
3413 3389 3526 3442 ὐπδ

1932 3472 2033 3544 τῆς
2072 3472 2372 3544 ἐπιθυμίας
2425 3473 2718 3542 ἑλκόμενος
2741 3515 2756 3538 ,
2787 3476 2981 3545 φησίν;
3026 3478 3266 3550 Ἑτέροις
3297 3482 3521 3535 σεαυτὸν

1931 3568 2023 3631 δδς
2052 3605 2070 3629 ,
2132 3567 2483 3638 περιέλκουσι
2527 3566 2626 3638 τὴν
2655 3565 2836 3637 ψυχὴν
2866 3603 2887 3631 ,
2921 3566 3148 3637 βιϐλίοις
3176 3608 3192 3633 ,
3241 3574 3521 3643 φροντίσιν

1932 3658 2298 3724 ἀναγκαίαις,
2353 3657 2748 3729 προστασίαις,
2792 3657 3066 3730 βοηθείαις
3124 3658 3519 3731 ἀδικουμένων,

1932 3746 2141 3815 εὐχαῖς,
2176 3746 2467 3818 φιλοσοφίᾳ
2493 3749 2559 3815 τῇ
2588 3748 2716 3817 περὶ
2737 3747 2847 3800 τῶν
2876 3748 3179 3814 μελλόντων
3208 3769 3225 3785 ο
3257 3751 3522 3818 τοιούτοις

1932 3836 2243 3907 κατάδησον
2289 3836 2390 3907 τὴν
2441 3836 2643 3907 ψυχήν.
2710 3835 2895 3899 Οὕτως
2946 3839 3068 3912 οὐχὶ
3123 3843 3317 3912 νεαρὸν
3366 3843 3523 3910 um;

1934 3926 2206 4001 διορθώσῃ
2236 3928 2417 3997 μόνον,
2449 3926 2586 3982 ἀλλά
2636 3929 2814 3997 παγὲν
2855 3930 2947 3984 καὶ
2992 3930 3205 4002 χρόνιον
3234 3929 3523 4005 γενόμενον

1936 4022 2216 4093 ἀποτρίψῃ
2237 4020 2615 4094 ῥᾳδίωςμθί]
2632 4023 2693 4075 El
2714 4022 2823 4094 7&9
2842 4023 3101 4096 ὕϐριςτδν
3122 4026 3331 4098 ἐρῶντα
3345 4028 3525 4083 πείθει

1936 4113 2227 4169 καταλύειν
2256 4114 2348 4166 τὸν
2400 4112 2598 4184 ιρωτα,
2634 4114 2777 4167 κατά
2803 4116 2901 4184 τὴν
2941 4119 3239 4189 παροιμίαν
3262 4162 3278 4184 ,
3310 4119 3428 4185 πῶς
3459 4121 3523 4175 οὐ

1938 4206 2118 4277 πολλῷ
2152 4204 2361 4276 μᾶλλον,
2390 4206 2447 4259 al
2500 4209 2873 4275 πνευματικαὶ
2906 4202 3066 4261 αὗται
3101 4210 3308 4280 ἐπῳδαὶ
3363 4230 3524 4284 περι..

1935 4298 2151 4351 έσονται
2182 4296 2277 4350 τοῦ
2326 4295 2530 4361 κακοῦ,
2562 4296 2721 4367 μόνον
2759 4295 2827 4351 ἀν
2868 4286 3139 4368 ἐθέλωμεν
3188 4296 3521 4373 ἀποστῆναιξ

1942 4389 2041 4442 "Av
2085 4388 2144 4441 δέ
2195 4388 2284 4441 ἀεὶ
2343 4386 2768 4459 προσομιλῶμεν
2808 4390 2904 4442 καὶ
2953 4392 3525 4463 συναναστρεφώμεθα

1935 4481 2060 4542 ταῖς
2103 4477 2450 4542 τοξευούσαις
2482 4479 2631 4547 ἡμᾶς
2672 4478 2742 4531 τὰ
2792 4479 3018 4534 τοιαῦτα
3051 4481 3379 4553 τοξεύματα,
3431 4486 3527 4537 καὶ

1937 4572 2186 4640 λέγοντες
2210 4570 2305 4623 καὶ
2336 4567 2629 4632 ἀκούοντες
2655 4569 2727 4622 τὰ
2781 4572 2914 4642 παρ’
2947 4572 3195 4636 ἐκείνων,
3253 4575 3527 4646 τρέφομεν

1937 4663 2001 4715 τὺ
2039 4660 2276 4731 νόσημα.
2317 4659 2444 4725 Πῶς
2475 4655 2572 4714 οὖν
2600 4659 2775 4725 ἀξιοῖς
2808 4660 3103 4731 σϐεσθῆναι
3136 4662 3198 4715 τὸ
3237 4662 3371 4734 πῦρ,
3402 4664 3526 4718 καθ’

1938 4754 2178 4824 ἐκάστην
2229 4753 2447 4825 ἡμέραν
2496 4754 2599 4823 τὴν
2647 4752 2821 4823 φλόγα
2864 4755 3163 4823 ἀνάπτων;
3209 4756 3322 4809 Kal
3350 4755 3527 4811 ταῦτα

1942 4845 2041 4916 μὲν
2068 4846 2200 4915 ημῖν
2224 4844 2295 4899 τὰ
2318 4846 2419 4916 τῆς
2445 4844 2735 4915 συνηθείας
2755 4845 2893 4915 πρὸς
2908 4847 3037 4911 τούς
3057 4847 3214 4910 νέους
3238 4847 3480 4918 εἰρήσθω
3507 4863 3523 4878 '

1935 4938 2012 5002 ώς
2069 4938 2182 5000 τοῖς
2239 4953 2305 5006 γε
2346 4937 2595 5010 ἀνδράσι.
2628 4938 2721 4990 καὶ
2774 4935 3087 5005 φιλοσοφεῖν
3117 4938 3522 5007 ἐπισταμένοις,

1937 5028 2156 5083 πάντων
2218 5028 2420 5099 μείζων
2468 5032 2498 5083 ό
2529 5027 2622 5081 τοῦ
2671 5025 2805 5080 Θεοῦ
2853 5025 3038 5094 φόϐος,
3076 5029 3108 5097 ἡ
3159 5028 3258 5098 τῆς
3302 5027 3527 5099 γεέννης

1941 5120 2162 5190 μνήμη,
2198 5121 2233 5190 η
2288 5120 2389 5188 τῆς
2450 5118 2730 5188 βασιλείας
2777 5117 2886 5170 τῶν
2940 5117 3183 5189 οὐρανῶν
3225 5118 3523 5189 ἐπιθυμίαο

1941 5211 2103 5264 ίκανά
2131 5210 2242 5279 γὰρ
2279 5208 2455 5263 ταῦτα
2498 5209 2691 5263 σϐέσαι
2726 5207 2787 5261 τὸ
2841 5207 2972 5278 πῦρ.
3020 5210 3175 5261 Μετά
3219 5208 3276 5261 δὲ
3322 5209 3529 5265 τούτων

1939 5303 2162 5354 κάκεῖνο
2196 5300 2392 5364 ἐννόει,
2426 5300 2510 5355 ὅτι
2551 5299 2706 5354 οὐδὲν
2742 5298 2929 5370 ἕτερόν
2972 5297 3091 5351 ἐστι
3127 5297 3187 5351 τὸ
3226 5298 3526 5369 ὁρώμενον,

1939 5388 1972 5454 ἢ
2006 5385 2227 5456 φλέγμα
2249 5385 2346 5439 xal
2375 5378 2517 5455 αἷμα
2551 5387 2643 5439 καὶ
2663 5386 2871 5457 τροφῆς
2905 5383 3297 5456 διασεσηπυίας
3325 5389 3519 5456 χυμός.

1953 5477 2116 5529 Ἀλλά
2158 5476 2384 5548 φαιδρὸν
2428 5476 2491 5529 τδ
2536 5476 2697 5541 ἀνθος
2759 5476 2859 5545 τῆς
2904 5477 3100 5546 ὄψεως,
3147 5476 3331 5547 φησίν.
3383 5475 3524 5531 Ἀλλ’

2004 5638 2033 5678 ιο
2060 5638 2170 5703 ξτες..
2188 5640 2269 5703 καὶ
2290 5642 2427 5702 ἡμῶν
2459 5642 2662 5703 πρῶτον.

2010 5712 2031 5763 <_:
2061 5700 2662 5763 ιερεθαιιιτμεθίστασθαι.

2006 5760 2031 5800 ιι
2058 5760 2318 5824 Legebamr
2340 5760 2512 5827 τροφή.
