  <div class='ocr_page' id='page_1' title='image "/cluster/home/n/w/nwhite01/storage/ocr_20150623/61/pst.000005712618/460.png"; bbox 0 0 4568 6424; ppageno 0'>
   <div class='ocr_carea' id='block_1_1' title="bbox 257 456 365 512">
    <p class='ocr_par' dir='ltr' id='par_1_1' title="bbox 257 456 365 512">
     <span class='ocr_line' id='line_1_1' title="bbox 257 456 365 512; baseline -0.019 0"><span class='ocrx_word' id='word_1_1' title='bbox 257 456 365 512; x_wconf 65' lang='grc'><strong>435</strong></span> 
     </span>
    </p>
   </div>
   <div class='ocr_carea' id='block_1_2' title="bbox 254 542 1841 641">
    <p class='ocr_par' dir='ltr' id='par_1_2' title="bbox 254 542 1841 641">
     <span class='ocr_line' id='line_1_2' title="bbox 254 542 1841 641; baseline -0.014 -13"><span class='ocrx_word' id='word_1_2' title='bbox 254 568 568 641; x_wconf 75' lang='lat' dir='ltr'><strong>splendidus</strong></span> <span class='ocrx_word' id='word_1_3' title='bbox 589 566 699 622; x_wconf 85' lang='lat' dir='ltr'><strong>oris</strong></span> <span class='ocrx_word' id='word_1_4' title='bbox 726 563 825 619; x_wconf 82' lang='lat' dir='ltr'><strong>flos</strong></span> <span class='ocrx_word' id='word_1_5' title='bbox 849 569 951 624; x_wconf 87' lang='lat' dir='ltr'><strong>est,</strong></span> <span class='ocrx_word' id='word_1_6' title='bbox 985 542 1214 629; x_wconf 85' lang='lat' dir='ltr'><strong>inquies.</strong></span> <span class='ocrx_word' id='word_1_7' title='bbox 1241 555 1350 612; x_wconf 84' lang='lat' dir='ltr'><strong>Sed</strong></span> <span class='ocrx_word' id='word_1_8' title='bbox 1379 565 1535 612; x_wconf 76' lang='lat' dir='ltr'><strong>terra:</strong></span> <span class='ocrx_word' id='word_1_9' title='bbox 1562 557 1724 610; x_wconf 88' lang='lat' dir='ltr'><strong>etiam</strong></span> <span class='ocrx_word' id='word_1_10' title='bbox 1742 552 1841 606; x_wconf 84' lang='lat' dir='ltr'><strong>llo-</strong></span> 
     </span>
    </p>
   </div>
   <div class='ocr_carea' id='block_1_3' title="bbox 255 647 1837 725">
    <p class='ocr_par' dir='ltr' id='par_1_3' title="bbox 255 647 1837 725">
     <span class='ocr_line' id='line_1_3' title="bbox 255 647 1837 725; baseline -0.015 -3"><span class='ocrx_word' id='word_1_11' title='bbox 255 664 408 721; x_wconf 77' lang='lat' dir='ltr'><strong>ribus</strong></span> <span class='ocrx_word' id='word_1_12' title='bbox 436 662 566 718; x_wconf 84' lang='lat' dir='ltr'><strong>nihil</strong></span> <span class='ocrx_word' id='word_1_13' title='bbox 597 659 773 716; x_wconf 67' lang='lat' dir='ltr'><strong>laetius</strong></span> <span class='ocrx_word' id='word_1_14' title='bbox 800 671 865 713; x_wconf 75' lang='lat' dir='ltr'><strong>ac</strong></span> <span class='ocrx_word' id='word_1_15' title='bbox 890 652 1178 725; x_wconf 81' lang='lat' dir='ltr'><strong>jucundius</strong></span> <span class='ocrx_word' id='word_1_16' title='bbox 1202 658 1316 717; x_wconf 90' lang='lat' dir='ltr'><strong>est;</strong></span> <span class='ocrx_word' id='word_1_17' title='bbox 1341 651 1431 720; x_wconf 92' lang='lat' dir='ltr'><strong>qui</strong></span> <span class='ocrx_word' id='word_1_18' title='bbox 1456 659 1635 705; x_wconf 89' lang='lat' dir='ltr'><strong>tamen</strong></span> <span class='ocrx_word' id='word_1_19' title='bbox 1674 647 1837 702; x_wconf 87' lang='lat' dir='ltr'><strong>etiam</strong></span> 
     </span>
    </p>
   </div>
   <div class='ocr_carea' id='block_1_4' title="bbox 253 738 1842 822">
    <p class='ocr_par' dir='ltr' id='par_1_4' title="bbox 253 738 1842 822">
     <span class='ocr_line' id='line_1_4' title="bbox 253 738 1842 822; baseline -0.01 -9"><span class='ocrx_word' id='word_1_20' title='bbox 253 762 621 818; x_wconf 85' lang='lat' dir='ltr'><strong>marcescunt,</strong></span> <span class='ocrx_word' id='word_1_21' title='bbox 650 760 810 822; x_wconf 90' lang='lat' dir='ltr'><strong>atque</strong></span> <span class='ocrx_word' id='word_1_22' title='bbox 853 748 906 803; x_wconf 89' lang='lat' dir='ltr'><strong>in</strong></span> <span class='ocrx_word' id='word_1_23' title='bbox 950 743 1292 818; x_wconf 87' lang='lat' dir='ltr'><strong>putredinem</strong></span> <span class='ocrx_word' id='word_1_24' title='bbox 1335 742 1553 797; x_wconf 89' lang='lat' dir='ltr'><strong>abeunt.</strong></span> <span class='ocrx_word' id='word_1_25' title='bbox 1580 738 1842 807; x_wconf 73' lang='lat' dir='ltr'><strong>Quocirca</strong></span> 
     </span>
    </p>
   </div>
   <div class='ocr_carea' id='block_1_5' title="bbox 254 832 1844 918">
    <p class='ocr_par' dir='ltr' id='par_1_5' title="bbox 254 832 1844 918">
     <span class='ocr_line' id='line_1_5' title="bbox 254 832 1844 918; baseline -0.013 -11"><span class='ocrx_word' id='word_1_26' title='bbox 254 865 326 906; x_wconf 89' lang='lat' dir='ltr'><strong>ne</strong></span> <span class='ocrx_word' id='word_1_27' title='bbox 350 848 437 905; x_wconf 92' lang='lat' dir='ltr'><strong>hic</strong></span> <span class='ocrx_word' id='word_1_28' title='bbox 463 860 675 918; x_wconf 85' lang='lat' dir='ltr'><strong>quoque</strong></span> <span class='ocrx_word' id='word_1_29' title='bbox 695 842 761 898; x_wconf 89' lang='lat' dir='ltr'><strong>ad</strong></span> <span class='ocrx_word' id='word_1_30' title='bbox 784 841 971 897; x_wconf 84' lang='lat' dir='ltr'><strong>llorem</strong></span> <span class='ocrx_word' id='word_1_31' title='bbox 1000 836 1238 901; x_wconf 90' lang='lat' dir='ltr'><strong>attende,</strong></span> <span class='ocrx_word' id='word_1_32' title='bbox 1270 834 1365 890; x_wconf 87' lang='lat' dir='ltr'><strong>sed</strong></span> <span class='ocrx_word' id='word_1_33' title='bbox 1405 833 1631 901; x_wconf 87' lang='lat' dir='ltr'><strong>interius</strong></span> <span class='ocrx_word' id='word_1_34' title='bbox 1659 832 1844 892; x_wconf 86' lang='lat' dir='ltr'><strong>animo</strong></span> 
     </span>
    </p>
   </div>
   <div class='ocr_carea' id='block_1_6' title="bbox 253 927 1839 1006">
    <p class='ocr_par' dir='ltr' id='par_1_6' title="bbox 253 927 1839 1006">
     <span class='ocr_line' id='line_1_6' title="bbox 253 927 1839 1006; baseline -0.01 -11"><span class='ocrx_word' id='word_1_35' title='bbox 253 940 445 1003; x_wconf 87' lang='lat' dir='ltr'><strong>transi,</strong></span> <span class='ocrx_word' id='word_1_36' title='bbox 475 946 530 993; x_wconf 87' lang='lat' dir='ltr'><strong>et</strong></span> <span class='ocrx_word' id='word_1_37' title='bbox 554 952 583 991; x_wconf 85' lang='lat' dir='ltr'><strong>a</strong></span> <span class='ocrx_word' id='word_1_38' title='bbox 614 934 835 1006; x_wconf 86' lang='lat' dir='ltr'><strong>pulchra</strong></span> <span class='ocrx_word' id='word_1_39' title='bbox 866 932 950 987; x_wconf 89' lang='lat' dir='ltr'><strong>illa</strong></span> <span class='ocrx_word' id='word_1_40' title='bbox 994 931 1105 988; x_wconf 88' lang='lat' dir='ltr'><strong>cuti</strong></span> <span class='ocrx_word' id='word_1_41' title='bbox 1148 927 1521 997; x_wconf 72' lang='lat' dir='ltr'><strong>cogitationem</strong></span> <span class='ocrx_word' id='word_1_42' title='bbox 1564 934 1839 990; x_wconf 84' lang='lat' dir='ltr'><strong>avertens,</strong></span> 
     </span>
    </p>
   </div>
   <div class='ocr_carea' id='block_1_7' title="bbox 253 1015 1838 1098">
    <p class='ocr_par' dir='ltr' id='par_1_7' title="bbox 253 1015 1838 1098">
     <span class='ocr_line' id='line_1_7' title="bbox 253 1015 1838 1098; baseline -0.008 -14"><span class='ocrx_word' id='word_1_43' title='bbox 253 1029 475 1098; x_wconf 75' lang='lat' dir='ltr'><strong>explora</strong></span> <span class='ocrx_word' id='word_1_44' title='bbox 513 1042 631 1097; x_wconf 63' lang='lat' dir='ltr'><strong>qua</strong></span> <span class='ocrx_word' id='word_1_45' title='bbox 669 1025 769 1081; x_wconf 86' lang='lat' dir='ltr'><strong>sub</strong></span> <span class='ocrx_word' id='word_1_46' title='bbox 813 1039 875 1081; x_wconf 90' lang='lat' dir='ltr'><strong>ca</strong></span> <span class='ocrx_word' id='word_1_47' title='bbox 920 1023 1019 1078; x_wconf 90' lang='lat' dir='ltr'><strong>sita</strong></span> <span class='ocrx_word' id='word_1_48' title='bbox 1050 1021 1174 1075; x_wconf 92' lang='lat' dir='ltr'><strong>sint.</strong></span> <span class='ocrx_word' id='word_1_49' title='bbox 1204 1016 1645 1086; x_wconf 81' lang='lat' dir='ltr'><strong>Quandoquidem</strong></span> <span class='ocrx_word' id='word_1_50' title='bbox 1674 1015 1838 1071; x_wconf 88' lang='lat' dir='ltr'><strong>etiam</strong></span> 
     </span>
    </p>
   </div>
   <div class='ocr_carea' id='block_1_8' title="bbox 254 1107 1839 1194">
    <p class='ocr_par' dir='ltr' id='par_1_8' title="bbox 254 1107 1839 1194">
     <span class='ocr_line' id='line_1_8' title="bbox 254 1107 1839 1194; baseline -0.008 -19"><span class='ocrx_word' id='word_1_51' title='bbox 254 1120 675 1194; x_wconf 78' lang='lat' dir='ltr'><strong>ltydroplcorum</strong></span> <span class='ocrx_word' id='word_1_52' title='bbox 705 1131 903 1187; x_wconf 88' lang='lat' dir='ltr'><strong>corpus</strong></span> <span class='ocrx_word' id='word_1_53' title='bbox 933 1115 1065 1168; x_wconf 87' lang='lat' dir='ltr'><strong>nitet</strong></span> <span class='ocrx_word' id='word_1_54' title='bbox 1101 1125 1164 1164; x_wconf 88' lang='lat' dir='ltr'><strong>ac</strong></span> <span class='ocrx_word' id='word_1_55' title='bbox 1209 1110 1367 1176; x_wconf 91' lang='lat' dir='ltr'><strong>lucet,</strong></span> <span class='ocrx_word' id='word_1_56' title='bbox 1411 1123 1511 1163; x_wconf 91' lang='lat' dir='ltr'><strong>nec</strong></span> <span class='ocrx_word' id='word_1_57' title='bbox 1548 1107 1839 1179; x_wconf 87' lang='lat' dir='ltr'><strong>quidquam</strong></span> 
     </span>
    </p>
   </div>
   <div class='ocr_carea' id='block_1_9' title="bbox 253 1200 1836 1284">
    <p class='ocr_par' dir='ltr' id='par_1_9' title="bbox 253 1200 1836 1284">
     <span class='ocr_line' id='line_1_9' title="bbox 253 1200 1836 1284; baseline -0.013 -13"><span class='ocrx_word' id='word_1_58' title='bbox 253 1214 386 1271; x_wconf 71' lang='lat' dir='ltr'><strong>ftedi</strong></span> <span class='ocrx_word' id='word_1_59' title='bbox 426 1214 482 1268; x_wconf 88' lang='lat' dir='ltr'><strong>in</strong></span> <span class='ocrx_word' id='word_1_60' title='bbox 513 1211 798 1284; x_wconf 84' lang='lat' dir='ltr'><strong>superﬁcie</strong></span> <span class='ocrx_word' id='word_1_61' title='bbox 842 1209 1033 1270; x_wconf 83' lang='lat' dir='ltr'><strong>habet;</strong></span> <span class='ocrx_word' id='word_1_62' title='bbox 1065 1202 1159 1258; x_wconf 89' lang='lat' dir='ltr'><strong>sed</strong></span> <span class='ocrx_word' id='word_1_63' title='bbox 1190 1213 1367 1263; x_wconf 81' lang='lat' dir='ltr'><strong>tamen</strong></span> <span class='ocrx_word' id='word_1_64' title='bbox 1399 1200 1641 1256; x_wconf 88' lang='lat' dir='ltr'><strong>humoris</strong></span> <span class='ocrx_word' id='word_1_65' title='bbox 1674 1200 1836 1267; x_wconf 80' lang='lat' dir='ltr'><strong>illius,</strong></span> 
     </span>
    </p>
   </div>
   <div class='ocr_carea' id='block_1_10' title="bbox 251 1294 1837 1382">
    <p class='ocr_par' dir='ltr' id='par_1_10' title="bbox 251 1294 1837 1382">
     <span class='ocr_line' id='line_1_10' title="bbox 251 1294 1837 1382; baseline -0.01 -18"><span class='ocrx_word' id='word_1_66' title='bbox 251 1312 345 1382; x_wconf 87' lang='lat' dir='ltr'><strong>qui</strong></span> <span class='ocrx_word' id='word_1_67' title='bbox 375 1310 519 1365; x_wconf 89' lang='lat' dir='ltr'><strong>intus</strong></span> <span class='ocrx_word' id='word_1_68' title='bbox 543 1307 793 1364; x_wconf 88' lang='lat' dir='ltr'><strong>conditus</strong></span> <span class='ocrx_word' id='word_1_69' title='bbox 837 1311 938 1366; x_wconf 90' lang='lat' dir='ltr'><strong>est,</strong></span> <span class='ocrx_word' id='word_1_70' title='bbox 992 1298 1315 1369; x_wconf 82' lang='lat' dir='ltr'><strong>cogitatione</strong></span> <span class='ocrx_word' id='word_1_71' title='bbox 1369 1294 1621 1365; x_wconf 91' lang='lat' dir='ltr'><strong>perculsi,</strong></span> <span class='ocrx_word' id='word_1_72' title='bbox 1656 1294 1837 1363; x_wconf 85' lang='lat' dir='ltr'><strong>hujus-</strong></span> 
     </span>
    </p>
   </div>
   <div class='ocr_carea' id='block_1_11' title="bbox 254 1387 1844 1459">
    <p class='ocr_par' dir='ltr' id='par_1_11' title="bbox 254 1387 1844 1459">
     <span class='ocr_line' id='line_1_11' title="bbox 254 1387 1844 1459; baseline -0.009 -4"><span class='ocrx_word' id='word_1_73' title='bbox 254 1402 400 1457; x_wconf 88' lang='lat' dir='ltr'><strong>modi</strong></span> <span class='ocrx_word' id='word_1_74' title='bbox 429 1401 673 1459; x_wconf 83' lang='lat' dir='ltr'><strong>homines</strong></span> <span class='ocrx_word' id='word_1_75' title='bbox 709 1393 936 1451; x_wconf 83' lang='lat' dir='ltr'><strong>osculari</strong></span> <span class='ocrx_word' id='word_1_76' title='bbox 977 1407 1084 1447; x_wconf 87' lang='lat' dir='ltr'><strong>non</strong></span> <span class='ocrx_word' id='word_1_77' title='bbox 1118 1389 1465 1445; x_wconf 77' lang='lat' dir='ltr'><strong>sustinemus.</strong></span> <span class='ocrx_word' id='word_1_78' title='bbox 1499 1387 1568 1442; x_wconf 84' lang='lat' dir='ltr'><strong>At</strong></span> <span class='ocrx_word' id='word_1_79' title='bbox 1609 1396 1760 1441; x_wconf 90' lang='lat' dir='ltr'><strong>tener</strong></span> <span class='ocrx_word' id='word_1_80' title='bbox 1788 1393 1844 1441; x_wconf 91' lang='lat' dir='ltr'><strong>et</strong></span> 
     </span>
    </p>
   </div>
   <div class='ocr_carea' id='block_1_12' title="bbox 254 1477 1839 1551">
    <p class='ocr_par' dir='ltr' id='par_1_12' title="bbox 254 1477 1839 1551">
     <span class='ocr_line' id='line_1_12' title="bbox 254 1477 1839 1551; baseline -0.009 -8"><span class='ocrx_word' id='word_1_81' title='bbox 254 1492 523 1546; x_wconf 72' lang='lat' dir='ltr'><strong>versatilis</strong></span> <span class='ocrx_word' id='word_1_82' title='bbox 543 1498 624 1544; x_wconf 89' lang='lat' dir='ltr'><strong>est</strong></span> <span class='ocrx_word' id='word_1_83' title='bbox 649 1486 854 1545; x_wconf 85' lang='lat' dir='ltr'><strong>oculus,</strong></span> <span class='ocrx_word' id='word_1_84' title='bbox 882 1498 945 1538; x_wconf 91' lang='lat' dir='ltr'><strong>ac</strong></span> <span class='ocrx_word' id='word_1_85' title='bbox 969 1491 1117 1537; x_wconf 90' lang='lat' dir='ltr'><strong>recte</strong></span> <span class='ocrx_word' id='word_1_86' title='bbox 1142 1487 1447 1551; x_wconf 86' lang='lat' dir='ltr'><strong>porrectum</strong></span> <span class='ocrx_word' id='word_1_87' title='bbox 1470 1477 1839 1546; x_wconf 88' lang='lat' dir='ltr'><strong>supercilium,</strong></span> 
     </span>
    </p>
   </div>
   <div class='ocr_carea' id='block_1_13' title="bbox 255 1569 1844 1648">
    <p class='ocr_par' dir='ltr' id='par_1_13' title="bbox 255 1569 1844 1648">
     <span class='ocr_line' id='line_1_13' title="bbox 255 1569 1844 1648; baseline -0.011 -9"><span class='ocrx_word' id='word_1_88' title='bbox 255 1592 312 1639; x_wconf 80' lang='lat' dir='ltr'><strong>et</strong></span> <span class='ocrx_word' id='word_1_89' title='bbox 340 1582 587 1637; x_wconf 68' lang='lat' dir='ltr'><strong>cterulete</strong></span> <span class='ocrx_word' id='word_1_90' title='bbox 619 1576 907 1648; x_wconf 66' lang='lat' dir='ltr'><strong>palpebrae,</strong></span> <span class='ocrx_word' id='word_1_91' title='bbox 947 1581 1002 1630; x_wconf 86' lang='lat' dir='ltr'><strong>et</strong></span> <span class='ocrx_word' id='word_1_92' title='bbox 1029 1572 1212 1627; x_wconf 82' lang='lat' dir='ltr'><strong>suavis</strong></span> <span class='ocrx_word' id='word_1_93' title='bbox 1255 1569 1478 1640; x_wconf 89' lang='lat' dir='ltr'><strong>pupilla,</strong></span> <span class='ocrx_word' id='word_1_94' title='bbox 1520 1578 1575 1623; x_wconf 92' lang='lat' dir='ltr'><strong>et</strong></span> <span class='ocrx_word' id='word_1_95' title='bbox 1616 1581 1844 1623; x_wconf 89' lang='lat' dir='ltr'><strong>serenus</strong></span> 
     </span>
    </p>
   </div>
   <div class='ocr_carea' id='block_1_14' title="bbox 254 1658 1845 1743">
    <p class='ocr_par' dir='ltr' id='par_1_14' title="bbox 254 1658 1845 1743">
     <span class='ocr_line' id='line_1_14' title="bbox 254 1658 1845 1743; baseline -0.009 -16"><span class='ocrx_word' id='word_1_96' title='bbox 254 1671 543 1743; x_wconf 80' lang='lat' dir='ltr'><strong>aspectus?</strong></span> <span class='ocrx_word' id='word_1_97' title='bbox 568 1672 634 1723; x_wconf 80' lang='lat' dir='ltr'><strong>At</strong></span> <span class='ocrx_word' id='word_1_98' title='bbox 664 1682 876 1725; x_wconf 80' lang='lat' dir='ltr'><strong>rursum</strong></span> <span class='ocrx_word' id='word_1_99' title='bbox 906 1667 1005 1718; x_wconf 84' lang='lat' dir='ltr'><strong>hoc</strong></span> <span class='ocrx_word' id='word_1_100' title='bbox 1029 1663 1171 1721; x_wconf 83' lang='lat' dir='ltr'><strong>vide.</strong></span> <span class='ocrx_word' id='word_1_101' title='bbox 1201 1662 1341 1732; x_wconf 90' lang='lat' dir='ltr'><strong>quod</strong></span> <span class='ocrx_word' id='word_1_102' title='bbox 1372 1660 1510 1716; x_wconf 86' lang='lat' dir='ltr'><strong>istud</strong></span> <span class='ocrx_word' id='word_1_103' title='bbox 1541 1674 1753 1730; x_wconf 90' lang='lat' dir='ltr'><strong>quoque</strong></span> <span class='ocrx_word' id='word_1_104' title='bbox 1771 1658 1845 1712; x_wconf 89' lang='lat' dir='ltr'><strong>nil</strong></span> 
     </span>
    </p>
   </div>
   <div class='ocr_carea' id='block_1_15' title="bbox 254 1750 1843 1830">
    <p class='ocr_par' dir='ltr' id='par_1_15' title="bbox 254 1750 1843 1830">
     <span class='ocr_line' id='line_1_15' title="bbox 254 1750 1843 1830; baseline -0.007 -14"><span class='ocrx_word' id='word_1_105' title='bbox 254 1762 398 1817; x_wconf 83' lang='lat' dir='ltr'><strong>aliud</strong></span> <span class='ocrx_word' id='word_1_106' title='bbox 426 1769 528 1827; x_wconf 87' lang='lat' dir='ltr'><strong>est,</strong></span> <span class='ocrx_word' id='word_1_107' title='bbox 561 1775 722 1830; x_wconf 87' lang='lat' dir='ltr'><strong>quam</strong></span> <span class='ocrx_word' id='word_1_108' title='bbox 765 1758 913 1812; x_wconf 84' lang='lat' dir='ltr'><strong>nervi</strong></span> <span class='ocrx_word' id='word_1_109' title='bbox 946 1765 1009 1813; x_wconf 82' lang='lat' dir='ltr'><strong>et</strong></span> <span class='ocrx_word' id='word_1_110' title='bbox 1046 1771 1197 1810; x_wconf 68' lang='lat' dir='ltr'><strong>vena:</strong></span> <span class='ocrx_word' id='word_1_111' title='bbox 1242 1763 1401 1823; x_wconf 88' lang='lat' dir='ltr'><strong>atque</strong></span> <span class='ocrx_word' id='word_1_112' title='bbox 1431 1752 1664 1808; x_wconf 61' lang='lat' dir='ltr'><strong>arteriae.</strong></span> <span class='ocrx_word' id='word_1_113' title='bbox 1703 1750 1843 1817; x_wconf 88' lang='lat' dir='ltr'><strong>Quin</strong></span> 
     </span>
    </p>
   </div>
   <div class='ocr_carea' id='block_1_16' title="bbox 254 1842 1849 1919">
    <p class='ocr_par' dir='ltr' id='par_1_16' title="bbox 254 1842 1849 1919">
     <span class='ocr_line' id='line_1_16' title="bbox 254 1842 1849 1919; baseline -0.007 -11"><span class='ocrx_word' id='word_1_114' title='bbox 254 1861 313 1908; x_wconf 89' lang='lat' dir='ltr'><strong>tu</strong></span> <span class='ocrx_word' id='word_1_115' title='bbox 338 1852 478 1907; x_wconf 91' lang='lat' dir='ltr'><strong>hunc</strong></span> <span class='ocrx_word' id='word_1_116' title='bbox 506 1852 678 1919; x_wconf 85' lang='lat' dir='ltr'><strong>ipsum</strong></span> <span class='ocrx_word' id='word_1_117' title='bbox 713 1849 993 1919; x_wconf 90' lang='lat' dir='ltr'><strong>pulchrum</strong></span> <span class='ocrx_word' id='word_1_118' title='bbox 1026 1847 1262 1912; x_wconf 91' lang='lat' dir='ltr'><strong>oculum,</strong></span> <span class='ocrx_word' id='word_1_119' title='bbox 1290 1858 1513 1915; x_wconf 64' lang='lat' dir='ltr'><strong>aegrum,</strong></span> <span class='ocrx_word' id='word_1_120' title='bbox 1536 1843 1690 1897; x_wconf 89' lang='lat' dir='ltr'><strong>senio</strong></span> <span class='ocrx_word' id='word_1_121' title='bbox 1716 1842 1849 1897; x_wconf 79' lang='lat' dir='ltr'><strong>aﬂ&#39;e-</strong></span> 
     </span>
    </p>
   </div>
   <div class='ocr_carea' id='block_1_17' title="bbox 252 1935 1843 2005">
    <p class='ocr_par' dir='ltr' id='par_1_17' title="bbox 252 1935 1843 2005">
     <span class='ocr_line' id='line_1_17' title="bbox 252 1935 1843 2005; baseline -0.006 -9"><span class='ocrx_word' id='word_1_122' title='bbox 252 1953 423 2005; x_wconf 68' lang='lat' dir='ltr'><strong>ptum,</strong></span> <span class='ocrx_word' id='word_1_123' title='bbox 454 1956 688 1998; x_wconf 69' lang='lat' dir='ltr'><strong>maerore</strong></span> <span class='ocrx_word' id='word_1_124' title='bbox 719 1940 998 2005; x_wconf 81' lang='lat' dir='ltr'><strong>afﬂictum,</strong></span> <span class='ocrx_word' id='word_1_125' title='bbox 1035 1939 1111 1993; x_wconf 89' lang='lat' dir='ltr'><strong>ira</strong></span> <span class='ocrx_word' id='word_1_126' title='bbox 1141 1945 1436 1991; x_wconf 88' lang='lat' dir='ltr'><strong>tumentem</strong></span> <span class='ocrx_word' id='word_1_127' title='bbox 1466 1935 1664 2004; x_wconf 86' lang='lat' dir='ltr'><strong>cogita,</strong></span> <span class='ocrx_word' id='word_1_128' title='bbox 1685 1948 1843 2004; x_wconf 89' lang='lat' dir='ltr'><strong>quam</strong></span> 
     </span>
    </p>
   </div>
   <div class='ocr_carea' id='block_1_18' title="bbox 255 2027 1844 2099">
    <p class='ocr_par' dir='ltr' id='par_1_18' title="bbox 255 2027 1844 2099">
     <span class='ocr_line' id='line_1_18' title="bbox 255 2027 1844 2099; baseline -0.009 -9"><span class='ocrx_word' id='word_1_129' title='bbox 255 2034 463 2090; x_wconf 75' lang='lat' dir='ltr'><strong>scilicet</strong></span> <span class='ocrx_word' id='word_1_130' title='bbox 508 2032 764 2088; x_wconf 80' lang='lat' dir='ltr'><strong>deformis</strong></span> <span class='ocrx_word' id='word_1_131' title='bbox 818 2032 907 2095; x_wconf 87' lang='lat' dir='ltr'><strong>sit,</strong></span> <span class='ocrx_word' id='word_1_132' title='bbox 946 2045 1103 2099; x_wconf 89' lang='lat' dir='ltr'><strong>quam</strong></span> <span class='ocrx_word' id='word_1_133' title='bbox 1142 2027 1396 2083; x_wconf 86' lang='lat' dir='ltr'><strong>celeriter</strong></span> <span class='ocrx_word' id='word_1_134' title='bbox 1438 2034 1641 2094; x_wconf 85' lang='lat' dir='ltr'><strong>pereat,</strong></span> <span class='ocrx_word' id='word_1_135' title='bbox 1684 2038 1844 2094; x_wconf 89' lang='lat' dir='ltr'><strong>quam</strong></span> 
     </span>
    </p>
   </div>
   <div class='ocr_carea' id='block_1_19' title="bbox 254 2115 1845 2194">
    <p class='ocr_par' dir='ltr' id='par_1_19' title="bbox 254 2115 1845 2194">
     <span class='ocr_line' id='line_1_19' title="bbox 254 2115 1845 2194; baseline -0.008 -13"><span class='ocrx_word' id='word_1_136' title='bbox 254 2127 416 2181; x_wconf 89' lang='lat' dir='ltr'><strong>citius</strong></span> <span class='ocrx_word' id='word_1_137' title='bbox 442 2127 599 2180; x_wconf 85' lang='lat' dir='ltr'><strong>etiam</strong></span> <span class='ocrx_word' id='word_1_138' title='bbox 628 2126 831 2194; x_wconf 79' lang='lat' dir='ltr'><strong>pictura</strong></span> <span class='ocrx_word' id='word_1_139' title='bbox 856 2132 1156 2177; x_wconf 77' lang='lat' dir='ltr'><strong>evanescat.</strong></span> <span class='ocrx_word' id='word_1_140' title='bbox 1183 2120 1264 2174; x_wconf 83' lang='lat' dir='ltr'><strong>Ah</strong></span> <span class='ocrx_word' id='word_1_141' title='bbox 1292 2119 1373 2174; x_wconf 86' lang='lat' dir='ltr'><strong>his</strong></span> <span class='ocrx_word' id='word_1_142' title='bbox 1394 2118 1503 2189; x_wconf 87' lang='lat' dir='ltr'><strong>jam</strong></span> <span class='ocrx_word' id='word_1_143' title='bbox 1526 2132 1674 2179; x_wconf 87' lang='lat' dir='ltr'><strong>cura,</strong></span> <span class='ocrx_word' id='word_1_144' title='bbox 1698 2124 1756 2170; x_wconf 89' lang='lat' dir='ltr'><strong>ut</strong></span> <span class='ocrx_word' id='word_1_145' title='bbox 1779 2115 1845 2169; x_wconf 90' lang='lat' dir='ltr'><strong>ad</strong></span> 
     </span>
    </p>
   </div>
   <div class='ocr_carea' id='block_1_20' title="bbox 255 2208 1844 2289">
    <p class='ocr_par' dir='ltr' id='par_1_20' title="bbox 255 2208 1844 2289">
     <span class='ocr_line' id='line_1_20' title="bbox 255 2208 1844 2289; baseline -0.009 -16"><span class='ocrx_word' id='word_1_146' title='bbox 255 2235 439 2275; x_wconf 85' lang='lat' dir='ltr'><strong>veram</strong></span> <span class='ocrx_word' id='word_1_147' title='bbox 468 2217 917 2289; x_wconf 87' lang='lat' dir='ltr'><strong>pulchritudinem</strong></span> <span class='ocrx_word' id='word_1_148' title='bbox 946 2216 1180 2269; x_wconf 88' lang='lat' dir='ltr'><strong>animum</strong></span> <span class='ocrx_word' id='word_1_149' title='bbox 1211 2213 1480 2267; x_wconf 90' lang='lat' dir='ltr'><strong>traducas.</strong></span> <span class='ocrx_word' id='word_1_150' title='bbox 1526 2211 1616 2274; x_wconf 76' lang='lat' dir='ltr'><strong>At,</strong></span> <span class='ocrx_word' id='word_1_151' title='bbox 1643 2208 1844 2277; x_wconf 85' lang='lat' dir='ltr'><strong>inquis,</strong></span> 
     </span>
    </p>
   </div>
   <div class='ocr_carea' id='block_1_21' title="bbox 254 2297 1846 2379">
    <p class='ocr_par' dir='ltr' id='par_1_21' title="bbox 254 2297 1846 2379">
     <span class='ocr_line' id='line_1_21' title="bbox 254 2297 1846 2379; baseline -0.008 -16"><span class='ocrx_word' id='word_1_152' title='bbox 254 2310 455 2363; x_wconf 74' lang='lat' dir='ltr'><strong>animte</strong></span> <span class='ocrx_word' id='word_1_153' title='bbox 500 2307 952 2379; x_wconf 83' lang='lat' dir='ltr'><strong>pulchritudinem</strong></span> <span class='ocrx_word' id='word_1_154' title='bbox 997 2322 1104 2359; x_wconf 90' lang='lat' dir='ltr'><strong>nou</strong></span> <span class='ocrx_word' id='word_1_155' title='bbox 1148 2318 1332 2357; x_wconf 87' lang='lat' dir='ltr'><strong>cerno.</strong></span> <span class='ocrx_word' id='word_1_156' title='bbox 1382 2304 1472 2366; x_wconf 86' lang='lat' dir='ltr'><strong>At,</strong></span> <span class='ocrx_word' id='word_1_157' title='bbox 1518 2302 1561 2354; x_wconf 90' lang='lat' dir='ltr'><strong>si</strong></span> <span class='ocrx_word' id='word_1_158' title='bbox 1607 2297 1846 2362; x_wconf 85' lang='lat' dir='ltr'><strong>libuerit,</strong></span> 
     </span>
    </p>
   </div>
   <div class='ocr_carea' id='block_1_22' title="bbox 251 2392 1847 2461">
    <p class='ocr_par' dir='ltr' id='par_1_22' title="bbox 251 2392 1847 2461">
     <span class='ocr_line' id='line_1_22' title="bbox 251 2392 1847 2461; baseline -0.008 -6"><span class='ocrx_word' id='word_1_159' title='bbox 251 2417 485 2456; x_wconf 85' lang='lat' dir='ltr'><strong>cernes:</strong></span> <span class='ocrx_word' id='word_1_160' title='bbox 519 2410 571 2455; x_wconf 89' lang='lat' dir='ltr'><strong>ct</strong></span> <span class='ocrx_word' id='word_1_161' title='bbox 598 2401 736 2455; x_wconf 85' lang='lat' dir='ltr'><strong>sicut</strong></span> <span class='ocrx_word' id='word_1_162' title='bbox 760 2399 1011 2455; x_wconf 89' lang='lat' dir='ltr'><strong>absentes</strong></span> <span class='ocrx_word' id='word_1_163' title='bbox 1038 2398 1327 2461; x_wconf 85' lang='lat' dir='ltr'><strong>formosos,</strong></span> <span class='ocrx_word' id='word_1_164' title='bbox 1374 2394 1500 2452; x_wconf 83' lang='lat' dir='ltr'><strong>licet</strong></span> <span class='ocrx_word' id='word_1_165' title='bbox 1545 2392 1714 2448; x_wconf 88' lang='lat' dir='ltr'><strong>oculis</strong></span> <span class='ocrx_word' id='word_1_166' title='bbox 1741 2406 1847 2445; x_wconf 92' lang='lat' dir='ltr'><strong>non</strong></span> 
     </span>
    </p>
   </div>
   <div class='ocr_carea' id='block_1_23' title="bbox 252 2482 1851 2558">
    <p class='ocr_par' dir='ltr' id='par_1_23' title="bbox 252 2482 1851 2558">
     <span class='ocr_line' id='line_1_23' title="bbox 252 2482 1851 2558; baseline -0.008 -12"><span class='ocrx_word' id='word_1_167' title='bbox 252 2506 474 2557; x_wconf 88' lang='lat' dir='ltr'><strong>cernas,</strong></span> <span class='ocrx_word' id='word_1_168' title='bbox 510 2502 689 2546; x_wconf 84' lang='lat' dir='ltr'><strong>mente</strong></span> <span class='ocrx_word' id='word_1_169' title='bbox 717 2488 971 2547; x_wconf 87' lang='lat' dir='ltr'><strong>admirari</strong></span> <span class='ocrx_word' id='word_1_170' title='bbox 1001 2496 1183 2558; x_wconf 87' lang='lat' dir='ltr'><strong>potes;</strong></span> <span class='ocrx_word' id='word_1_171' title='bbox 1231 2485 1423 2541; x_wconf 88' lang='lat' dir='ltr'><strong>eodem</strong></span> <span class='ocrx_word' id='word_1_172' title='bbox 1466 2483 1627 2538; x_wconf 86' lang='lat' dir='ltr'><strong>modo</strong></span> <span class='ocrx_word' id='word_1_173' title='bbox 1657 2482 1851 2537; x_wconf 70' lang='lat' dir='ltr'><strong>animm</strong></span> 
     </span>
    </p>
   </div>
   <div class='ocr_carea' id='block_1_24' title="bbox 1182 433 2386 497">
    <p class='ocr_par' dir='ltr' id='par_1_24' title="bbox 1182 433 2386 497">
     <span class='ocr_line' id='line_1_24' title="bbox 1182 433 2386 497; baseline -0.007 0"><span class='ocrx_word' id='word_1_174' title='bbox 1182 440 1248 497; x_wconf 77' lang='grc' dir='ltr'><strong>ΙΝ</strong></span> <span class='ocrx_word' id='word_1_175' title='bbox 1287 440 1501 496; x_wconf 60' lang='lat' dir='ltr'><strong>EPlb‘T.</strong></span> <span class='ocrx_word' id='word_1_176' title='bbox 1552 441 1597 496; x_wconf 80' lang='lat' dir='ltr'><strong>ll</strong></span> <span class='ocrx_word' id='word_1_177' title='bbox 1658 440 1747 494; x_wconf 76' lang='lat' dir='ltr'><strong>AD</strong></span> <span class='ocrx_word' id='word_1_178' title='bbox 1787 437 1939 493; x_wconf 75' lang='lat' dir='ltr'><strong>COR.</strong></span> <span class='ocrx_word' id='word_1_179' title='bbox 1976 435 2212 493; x_wconf 66' lang='grc'><strong>1105111..</strong></span> <span class='ocrx_word' id='word_1_180' title='bbox 2253 433 2386 491; x_wconf 75' lang='grc' dir='ltr'><strong>ἩΙΙ.</strong></span> 
     </span>
    </p>
   </div>
   <div class='ocr_carea' id='block_1_25' title="bbox 3432 434 3539 503">
    <p class='ocr_par' dir='ltr' id='par_1_25' title="bbox 3432 434 3539 503">
     <span class='ocr_line' id='line_1_25' title="bbox 3432 434 3539 503; baseline 0.075 -8"><span class='ocrx_word' id='word_1_181' title='bbox 3432 434 3539 503; x_wconf 70' lang='grc' dir='ltr'><strong>ιβι</strong></span> 
     </span>
    </p>
   </div>
   <div class='ocr_carea' id='block_1_26' title="bbox 1948 538 3529 621">
    <p class='ocr_par' dir='ltr' id='par_1_26' title="bbox 1948 538 3529 621">
     <span class='ocr_line' id='line_1_26' title="bbox 1948 538 3529 621; baseline 0 -17"><span class='ocrx_word' id='word_1_182' title='bbox 1948 548 2398 621; x_wconf 84' lang='lat' dir='ltr'><strong>pulchritudinem</strong></span> <span class='ocrx_word' id='word_1_183' title='bbox 2452 538 2612 604; x_wconf 87' lang='lat' dir='ltr'><strong>etiam</strong></span> <span class='ocrx_word' id='word_1_184' title='bbox 2656 548 2775 604; x_wconf 86' lang='lat' dir='ltr'><strong>sine</strong></span> <span class='ocrx_word' id='word_1_185' title='bbox 2818 550 2990 604; x_wconf 88' lang='lat' dir='ltr'><strong>oculis</strong></span> <span class='ocrx_word' id='word_1_186' title='bbox 3032 549 3338 619; x_wconf 81' lang='lat' dir='ltr'><strong>perspicere</strong></span> <span class='ocrx_word' id='word_1_187' title='bbox 3384 550 3529 606; x_wconf 76' lang='lat' dir='ltr'><strong>licet.</strong></span> 
     </span>
    </p>
   </div>
   <div class='ocr_carea' id='block_1_27' title="bbox 1949 642 3535 719">
    <p class='ocr_par' dir='ltr' id='par_1_27' title="bbox 1949 642 3535 719">
     <span class='ocr_line' id='line_1_27' title="bbox 1949 642 3535 719; baseline 0.002 -20"><span class='ocrx_word' id='word_1_188' title='bbox 1949 645 2142 699; x_wconf 79' lang='lat' dir='ltr'><strong>Annon</strong></span> <span class='ocrx_word' id='word_1_189' title='bbox 2169 643 2442 715; x_wconf 78' lang='lat' dir='ltr'><strong>egregiam</strong></span> <span class='ocrx_word' id='word_1_190' title='bbox 2472 642 2695 697; x_wconf 88' lang='lat' dir='ltr'><strong>formam</strong></span> <span class='ocrx_word' id='word_1_191' title='bbox 2725 656 2871 712; x_wconf 77' lang='lat' dir='ltr'><strong>saepe</strong></span> <span class='ocrx_word' id='word_1_192' title='bbox 2914 642 3239 713; x_wconf 70' lang='lat' dir='ltr'><strong>cogitatione</strong></span> <span class='ocrx_word' id='word_1_193' title='bbox 3270 643 3535 719; x_wconf 74' lang='lat' dir='ltr'><strong>formasti,</strong></span> 
     </span>
    </p>
   </div>
   <div class='ocr_carea' id='block_1_28' title="bbox 1948 732 3540 810">
    <p class='ocr_par' dir='ltr' id='par_1_28' title="bbox 1948 732 3540 810">
     <span class='ocr_line' id='line_1_28' title="bbox 1948 732 3540 810; baseline 0.003 -21"><span class='ocrx_word' id='word_1_194' title='bbox 1948 747 2123 805; x_wconf 88' lang='lat' dir='ltr'><strong>eoque</strong></span> <span class='ocrx_word' id='word_1_195' title='bbox 2173 734 2429 804; x_wconf 80' lang='lat' dir='ltr'><strong>ﬁgmento</strong></span> <span class='ocrx_word' id='word_1_196' title='bbox 2472 732 2718 793; x_wconf 85' lang='lat' dir='ltr'><strong>nonnihil</strong></span> <span class='ocrx_word' id='word_1_197' title='bbox 2753 742 2819 805; x_wconf 27' lang='lat' dir='ltr'><strong>pte</strong></span> <span class='ocrx_word' id='word_1_198' title='bbox 2865 732 3003 792; x_wconf 78' lang='lat' dir='ltr'><strong>allici</strong></span> <span class='ocrx_word' id='word_1_199' title='bbox 3049 734 3302 790; x_wconf 79' lang='lat' dir='ltr'><strong>sensisti?</strong></span> <span class='ocrx_word' id='word_1_200' title='bbox 3329 733 3540 810; x_wconf 75' lang='lat' dir='ltr'><strong>Efﬁnge</strong></span> 
     </span>
    </p>
   </div>
   <div class='ocr_carea' id='block_1_29' title="bbox 1947 823 3537 902">
    <p class='ocr_par' dir='ltr' id='par_1_29' title="bbox 1947 823 3537 902">
     <span class='ocr_line' id='line_1_29' title="bbox 1947 823 3537 902; baseline 0.003 -23"><span class='ocrx_word' id='word_1_201' title='bbox 1947 840 2090 881; x_wconf 91' lang='lat' dir='ltr'><strong>nunc</strong></span> <span class='ocrx_word' id='word_1_202' title='bbox 2119 839 2335 896; x_wconf 88' lang='lat' dir='ltr'><strong>quoque</strong></span> <span class='ocrx_word' id='word_1_203' title='bbox 2384 824 2579 880; x_wconf 70' lang='lat' dir='ltr'><strong>animas</strong></span> <span class='ocrx_word' id='word_1_204' title='bbox 2626 823 3077 895; x_wconf 84' lang='lat' dir='ltr'><strong>pulchritudinem</strong></span> <span class='ocrx_word' id='word_1_205' title='bbox 3104 844 3118 880; x_wconf 89' lang='lat'><strong>:</strong></span> <span class='ocrx_word' id='word_1_206' title='bbox 3145 835 3305 897; x_wconf 80' lang='lat' dir='ltr'><strong>atque</strong></span> <span class='ocrx_word' id='word_1_207' title='bbox 3348 826 3537 902; x_wconf 78' lang='lat' dir='ltr'><strong>hujus-</strong></span> 
     </span>
    </p>
   </div>
   <div class='ocr_carea' id='block_1_30' title="bbox 1947 917 3540 993">
    <p class='ocr_par' dir='ltr' id='par_1_30' title="bbox 1947 917 3540 993">
     <span class='ocr_line' id='line_1_30' title="bbox 1947 917 3540 993; baseline 0.004 -18"><span class='ocrx_word' id='word_1_208' title='bbox 1947 918 2091 975; x_wconf 89' lang='lat' dir='ltr'><strong>modi</strong></span> <span class='ocrx_word' id='word_1_209' title='bbox 2137 917 2335 976; x_wconf 67' lang='lat' dir='ltr'><strong>formas</strong></span> <span class='ocrx_word' id='word_1_210' title='bbox 2374 918 2639 990; x_wconf 71' lang='lat' dir='ltr'><strong>elegantia</strong></span> <span class='ocrx_word' id='word_1_211' title='bbox 2689 929 2741 977; x_wconf 87' lang='lat' dir='ltr'><strong>te</strong></span> <span class='ocrx_word' id='word_1_212' title='bbox 2782 920 3011 977; x_wconf 85' lang='lat' dir='ltr'><strong>oblecta.</strong></span> <span class='ocrx_word' id='word_1_213' title='bbox 3051 922 3141 989; x_wconf 84' lang='lat' dir='ltr'><strong>At,</strong></span> <span class='ocrx_word' id='word_1_214' title='bbox 3189 921 3384 993; x_wconf 87' lang='lat' dir='ltr'><strong>inquis,</strong></span> <span class='ocrx_word' id='word_1_215' title='bbox 3431 940 3540 983; x_wconf 81' lang='lat' dir='ltr'><strong>non</strong></span> 
     </span>
    </p>
   </div>
   <div class='ocr_carea' id='block_1_31' title="bbox 1945 1010 3538 1082">
    <p class='ocr_par' dir='ltr' id='par_1_31' title="bbox 1945 1010 3538 1082">
     <span class='ocr_line' id='line_1_31' title="bbox 1945 1010 3538 1082; baseline 0.003 -17"><span class='ocrx_word' id='word_1_216' title='bbox 1945 1024 2114 1067; x_wconf 87' lang='lat' dir='ltr'><strong>cerno</strong></span> <span class='ocrx_word' id='word_1_217' title='bbox 2140 1025 2225 1076; x_wconf 89' lang='lat' dir='ltr'><strong>ea,</strong></span> <span class='ocrx_word' id='word_1_218' title='bbox 2259 1025 2379 1081; x_wconf 80' lang='lat' dir='ltr'><strong>quae</strong></span> <span class='ocrx_word' id='word_1_219' title='bbox 2401 1025 2630 1081; x_wconf 84' lang='lat' dir='ltr'><strong>corpore</strong></span> <span class='ocrx_word' id='word_1_220' title='bbox 2658 1020 2872 1073; x_wconf 80' lang='lat' dir='ltr'><strong>vacant.</strong></span> <span class='ocrx_word' id='word_1_221' title='bbox 2899 1010 3059 1082; x_wconf 76' lang='lat' dir='ltr'><strong>Atqui</strong></span> <span class='ocrx_word' id='word_1_222' title='bbox 3087 1012 3184 1067; x_wconf 88' lang='lat' dir='ltr'><strong>ista</strong></span> <span class='ocrx_word' id='word_1_223' title='bbox 3214 1014 3395 1070; x_wconf 89' lang='lat' dir='ltr'><strong>animo</strong></span> <span class='ocrx_word' id='word_1_224' title='bbox 3421 1030 3538 1069; x_wconf 86' lang='lat' dir='ltr'><strong>ma-</strong></span> 
     </span>
    </p>
   </div>
   <div class='ocr_carea' id='block_1_32' title="bbox 1950 1104 3535 1185">
    <p class='ocr_par' dir='ltr' id='par_1_32' title="bbox 1950 1104 3535 1185">
     <span class='ocr_line' id='line_1_32' title="bbox 1950 1104 3535 1185; baseline 0.003 -27"><span class='ocrx_word' id='word_1_225' title='bbox 1950 1106 2031 1177; x_wconf 85' lang='lat' dir='ltr'><strong>gis</strong></span> <span class='ocrx_word' id='word_1_226' title='bbox 2052 1104 2345 1169; x_wconf 90' lang='lat' dir='ltr'><strong>intuemur,</strong></span> <span class='ocrx_word' id='word_1_227' title='bbox 2368 1119 2527 1175; x_wconf 89' lang='lat' dir='ltr'><strong>quam</strong></span> <span class='ocrx_word' id='word_1_228' title='bbox 2558 1118 2822 1173; x_wconf 90' lang='lat' dir='ltr'><strong>corpora:</strong></span> <span class='ocrx_word' id='word_1_229' title='bbox 2856 1104 3120 1175; x_wconf 88' lang='lat' dir='ltr'><strong>siquidem</strong></span> <span class='ocrx_word' id='word_1_230' title='bbox 3151 1105 3222 1160; x_wconf 86' lang='lat' dir='ltr'><strong>ob</strong></span> <span class='ocrx_word' id='word_1_231' title='bbox 3247 1104 3387 1167; x_wconf 81' lang='lat' dir='ltr'><strong>hanc</strong></span> <span class='ocrx_word' id='word_1_232' title='bbox 3408 1122 3535 1185; x_wconf 75' lang='lat' dir='ltr'><strong>quo-</strong></span> 
     </span>
    </p>
   </div>
   <div class='ocr_carea' id='block_1_33' title="bbox 1947 1193 3539 1266">
    <p class='ocr_par' dir='ltr' id='par_1_33' title="bbox 1947 1193 3539 1266">
     <span class='ocr_line' id='line_1_33' title="bbox 1947 1193 3539 1266; baseline 0.001 -17"><span class='ocrx_word' id='word_1_233' title='bbox 1947 1210 2053 1266; x_wconf 88' lang='lat' dir='ltr'><strong>que</strong></span> <span class='ocrx_word' id='word_1_234' title='bbox 2078 1210 2296 1253; x_wconf 85' lang='lat' dir='ltr'><strong>causam</strong></span> <span class='ocrx_word' id='word_1_235' title='bbox 2341 1202 2396 1249; x_wconf 89' lang='lat' dir='ltr'><strong>et</strong></span> <span class='ocrx_word' id='word_1_236' title='bbox 2437 1193 2658 1265; x_wconf 67' lang='lat' dir='ltr'><strong>angelos</strong></span> <span class='ocrx_word' id='word_1_237' title='bbox 2698 1202 2754 1249; x_wconf 87' lang='lat' dir='ltr'><strong>et</strong></span> <span class='ocrx_word' id='word_1_238' title='bbox 2793 1194 3148 1265; x_wconf 89' lang='lat' dir='ltr'><strong>archangelos</strong></span> <span class='ocrx_word' id='word_1_239' title='bbox 3188 1196 3539 1265; x_wconf 83' lang='lat' dir='ltr'><strong>admiramur,</strong></span> 
     </span>
    </p>
   </div>
   <div class='ocr_carea' id='block_1_34' title="bbox 1949 1285 3543 1356">
    <p class='ocr_par' dir='ltr' id='par_1_34' title="bbox 1949 1285 3543 1356">
     <span class='ocr_line' id='line_1_34' title="bbox 1949 1285 3543 1356; baseline 0.004 -17"><span class='ocrx_word' id='word_1_240' title='bbox 1949 1285 2192 1356; x_wconf 80' lang='lat' dir='ltr'><strong>quamvis</strong></span> <span class='ocrx_word' id='word_1_241' title='bbox 2228 1298 2326 1341; x_wconf 87' lang='lat' dir='ltr'><strong>eos</strong></span> <span class='ocrx_word' id='word_1_242' title='bbox 2364 1285 2587 1345; x_wconf 87' lang='lat' dir='ltr'><strong>minime</strong></span> <span class='ocrx_word' id='word_1_243' title='bbox 2612 1298 2931 1342; x_wconf 78' lang='lat' dir='ltr'><strong>cernamus:</strong></span> <span class='ocrx_word' id='word_1_244' title='bbox 2956 1285 3155 1355; x_wconf 88' lang='lat' dir='ltr'><strong>probos</strong></span> <span class='ocrx_word' id='word_1_245' title='bbox 3196 1285 3323 1343; x_wconf 87' lang='lat' dir='ltr'><strong>item</strong></span> <span class='ocrx_word' id='word_1_246' title='bbox 3362 1301 3543 1347; x_wconf 83' lang='lat' dir='ltr'><strong>mores</strong></span> 
     </span>
    </p>
   </div>
   <div class='ocr_carea' id='block_1_35' title="bbox 1948 1374 3544 1445">
    <p class='ocr_par' dir='ltr' id='par_1_35' title="bbox 1948 1374 3544 1445">
     <span class='ocr_line' id='line_1_35' title="bbox 1948 1374 3544 1445; baseline 0.003 -16"><span class='ocrx_word' id='word_1_247' title='bbox 1948 1376 2251 1445; x_wconf 83' lang='lat' dir='ltr'><strong>animaeque</strong></span> <span class='ocrx_word' id='word_1_248' title='bbox 2276 1375 2545 1433; x_wconf 74' lang='lat' dir='ltr'><strong>virtutem.</strong></span> <span class='ocrx_word' id='word_1_249' title='bbox 2580 1375 2659 1431; x_wconf 82' lang='lat' dir='ltr'><strong>Ac</strong></span> <span class='ocrx_word' id='word_1_250' title='bbox 2682 1375 2727 1429; x_wconf 85' lang='lat' dir='ltr'><strong>si</strong></span> <span class='ocrx_word' id='word_1_251' title='bbox 2756 1374 2982 1444; x_wconf 89' lang='lat' dir='ltr'><strong>probum</strong></span> <span class='ocrx_word' id='word_1_252' title='bbox 3020 1374 3294 1432; x_wconf 88' lang='lat' dir='ltr'><strong>hominem</strong></span> <span class='ocrx_word' id='word_1_253' title='bbox 3333 1386 3390 1434; x_wconf 85' lang='lat' dir='ltr'><strong>et</strong></span> <span class='ocrx_word' id='word_1_254' title='bbox 3427 1393 3544 1433; x_wconf 86' lang='lat' dir='ltr'><strong>mo-</strong></span> 
     </span>
    </p>
   </div>
   <div class='ocr_carea' id='block_1_36' title="bbox 1950 1463 3545 1536">
    <p class='ocr_par' dir='ltr' id='par_1_36' title="bbox 1950 1463 3545 1536">
     <span class='ocr_line' id='line_1_36' title="bbox 1950 1463 3545 1536; baseline 0.001 -16"><span class='ocrx_word' id='word_1_255' title='bbox 1950 1464 2195 1526; x_wconf 83' lang='lat' dir='ltr'><strong>deratum</strong></span> <span class='ocrx_word' id='word_1_256' title='bbox 2222 1464 2441 1528; x_wconf 84' lang='lat' dir='ltr'><strong>videris,</strong></span> <span class='ocrx_word' id='word_1_257' title='bbox 2473 1464 2643 1535; x_wconf 85' lang='lat' dir='ltr'><strong>magis</strong></span> <span class='ocrx_word' id='word_1_258' title='bbox 2671 1463 2814 1522; x_wconf 86' lang='lat' dir='ltr'><strong>hunc</strong></span> <span class='ocrx_word' id='word_1_259' title='bbox 2841 1464 3216 1533; x_wconf 80' lang='lat' dir='ltr'><strong>admiraberis,</strong></span> <span class='ocrx_word' id='word_1_260' title='bbox 3246 1482 3404 1536; x_wconf 86' lang='lat' dir='ltr'><strong>quam</strong></span> <span class='ocrx_word' id='word_1_261' title='bbox 3434 1468 3545 1523; x_wconf 84' lang='lat' dir='ltr'><strong>ele-</strong></span> 
     </span>
    </p>
   </div>
   <div class='ocr_carea' id='block_1_37' title="bbox 1949 1556 3543 1627">
    <p class='ocr_par' dir='ltr' id='par_1_37' title="bbox 1949 1556 3543 1627">
     <span class='ocr_line' id='line_1_37' title="bbox 1949 1556 3543 1627; baseline -0.002 -10"><span class='ocrx_word' id='word_1_262' title='bbox 1949 1566 2165 1627; x_wconf 71' lang='lat' dir='ltr'><strong>gantem</strong></span> <span class='ocrx_word' id='word_1_263' title='bbox 2190 1558 2335 1611; x_wconf 87' lang='lat' dir='ltr'><strong>illam</strong></span> <span class='ocrx_word' id='word_1_264' title='bbox 2364 1556 2577 1611; x_wconf 88' lang='lat' dir='ltr'><strong>faciem.</strong></span> <span class='ocrx_word' id='word_1_265' title='bbox 2600 1556 2753 1626; x_wconf 84' lang='lat' dir='ltr'><strong>Quod</strong></span> <span class='ocrx_word' id='word_1_266' title='bbox 2781 1558 2826 1612; x_wconf 87' lang='lat' dir='ltr'><strong>si</strong></span> <span class='ocrx_word' id='word_1_267' title='bbox 2854 1556 3044 1627; x_wconf 84' lang='lat' dir='ltr'><strong>injuria</strong></span> <span class='ocrx_word' id='word_1_268' title='bbox 3066 1557 3317 1613; x_wconf 75' lang='lat' dir='ltr'><strong>allectum</strong></span> <span class='ocrx_word' id='word_1_269' title='bbox 3344 1558 3543 1616; x_wconf 87' lang='lat' dir='ltr'><strong>videris</strong></span> 
     </span>
    </p>
   </div>
   <div class='ocr_carea' id='block_1_38' title="bbox 1950 1648 3539 1723">
    <p class='ocr_par' dir='ltr' id='par_1_38' title="bbox 1950 1648 3539 1723">
     <span class='ocr_line' id='line_1_38' title="bbox 1950 1648 3539 1723; baseline 0.003 -22"><span class='ocrx_word' id='word_1_270' title='bbox 1950 1663 2178 1718; x_wconf 88' lang='lat' dir='ltr'><strong>eamque</strong></span> <span class='ocrx_word' id='word_1_271' title='bbox 2195 1649 2459 1718; x_wconf 87' lang='lat' dir='ltr'><strong>patienter</strong></span> <span class='ocrx_word' id='word_1_272' title='bbox 2474 1648 2758 1715; x_wconf 85' lang='lat' dir='ltr'><strong>ferentem,</strong></span> <span class='ocrx_word' id='word_1_273' title='bbox 2784 1649 3091 1719; x_wconf 87' lang='lat' dir='ltr'><strong>hujusmodi</strong></span> <span class='ocrx_word' id='word_1_274' title='bbox 3110 1649 3379 1707; x_wconf 86' lang='lat' dir='ltr'><strong>hominem</strong></span> <span class='ocrx_word' id='word_1_275' title='bbox 3398 1665 3539 1723; x_wconf 85' lang='lat' dir='ltr'><strong>ama,</strong></span> 
     </span>
    </p>
   </div>
   <div class='ocr_carea' id='block_1_39' title="bbox 1950 1738 3543 1811">
    <p class='ocr_par' dir='ltr' id='par_1_39' title="bbox 1950 1738 3543 1811">
     <span class='ocr_line' id='line_1_39' title="bbox 1950 1738 3543 1811; baseline 0.003 -19"><span class='ocrx_word' id='word_1_276' title='bbox 1950 1738 2162 1792; x_wconf 84' lang='lat' dir='ltr'><strong>etiamsi</strong></span> <span class='ocrx_word' id='word_1_277' title='bbox 2206 1739 2357 1793; x_wconf 89' lang='lat' dir='ltr'><strong>senio</strong></span> <span class='ocrx_word' id='word_1_278' title='bbox 2387 1738 2665 1796; x_wconf 82' lang='lat' dir='ltr'><strong>confectus</strong></span> <span class='ocrx_word' id='word_1_279' title='bbox 2715 1741 2804 1795; x_wconf 89' lang='lat' dir='ltr'><strong>sit.</strong></span> <span class='ocrx_word' id='word_1_280' title='bbox 2849 1738 2982 1795; x_wconf 77' lang='lat' dir='ltr'><strong>Nam</strong></span> <span class='ocrx_word' id='word_1_281' title='bbox 3014 1739 3321 1811; x_wconf 85' lang='lat' dir='ltr'><strong>bujusmodi</strong></span> <span class='ocrx_word' id='word_1_282' title='bbox 3350 1742 3543 1797; x_wconf 67' lang='lat' dir='ltr'><strong>anima:</strong></span> 
     </span>
    </p>
   </div>
   <div class='ocr_carea' id='block_1_40' title="bbox 1953 1821 3544 1901">
    <p class='ocr_par' dir='ltr' id='par_1_40' title="bbox 1953 1821 3544 1901">
     <span class='ocr_line' id='line_1_40' title="bbox 1953 1821 3544 1901; baseline 0.004 -22"><span class='ocrx_word' id='word_1_283' title='bbox 1953 1826 2300 1900; x_wconf 90' lang='lat' dir='ltr'><strong>pulchritudo</strong></span> <span class='ocrx_word' id='word_1_284' title='bbox 2344 1828 2396 1881; x_wconf 92' lang='lat' dir='ltr'><strong>in</strong></span> <span class='ocrx_word' id='word_1_285' title='bbox 2438 1838 2718 1889; x_wconf 82' lang='lat' dir='ltr'><strong>senectute</strong></span> <span class='ocrx_word' id='word_1_286' title='bbox 2765 1844 2978 1901; x_wconf 92' lang='lat' dir='ltr'><strong>quoque</strong></span> <span class='ocrx_word' id='word_1_287' title='bbox 3026 1838 3298 1887; x_wconf 87' lang='lat' dir='ltr'><strong>amatores</strong></span> <span class='ocrx_word' id='word_1_288' title='bbox 3346 1821 3544 1889; x_wconf 89' lang='lat' dir='ltr'><strong>multos</strong></span> 
     </span>
    </p>
   </div>
   <div class='ocr_carea' id='block_1_41' title="bbox 1954 1918 3611 1997">
    <p class='ocr_par' dir='ltr' id='par_1_41' title="bbox 1954 1918 3611 1997">
     <span class='ocr_line' id='line_1_41' title="bbox 1954 1918 3611 1997; baseline 0.004 -26"><span class='ocrx_word' id='word_1_289' title='bbox 1954 1918 2136 1983; x_wconf 81' lang='lat' dir='ltr'><strong>habet,</strong></span> <span class='ocrx_word' id='word_1_290' title='bbox 2178 1932 2279 1973; x_wconf 85' lang='lat' dir='ltr'><strong>nec</strong></span> <span class='ocrx_word' id='word_1_291' title='bbox 2304 1933 2556 1987; x_wconf 83' lang='lat' dir='ltr'><strong>umquam</strong></span> <span class='ocrx_word' id='word_1_292' title='bbox 2601 1920 2906 1985; x_wconf 84' lang='lat' dir='ltr'><strong>marcescit,</strong></span> <span class='ocrx_word' id='word_1_293' title='bbox 2938 1920 3034 1979; x_wconf 81' lang='lat' dir='ltr'><strong>sed</strong></span> <span class='ocrx_word' id='word_1_294' title='bbox 3064 1931 3323 1992; x_wconf 88' lang='lat' dir='ltr'><strong>perpetuo</strong></span> <span class='ocrx_word' id='word_1_295' title='bbox 3362 1922 3540 1981; x_wconf 83' lang='lat' dir='ltr'><strong>ﬂoret.</strong></span> <span class='ocrx_word' id='word_1_296' title='bbox 3606 1994 3611 1997; x_wconf 18' lang='grc' dir='ltr'><strong><em>τ</em></strong></span> 
     </span>
    </p>
   </div>
   <div class='ocr_carea' id='block_1_42' title="bbox 1954 2010 3545 2086">
    <p class='ocr_par' dir='ltr' id='par_1_42' title="bbox 1954 2010 3545 2086">
     <span class='ocr_line' id='line_1_42' title="bbox 1954 2010 3545 2086; baseline 0.004 -22"><span class='ocrx_word' id='word_1_297' title='bbox 1954 2010 2117 2081; x_wconf 79' lang='lat' dir='ltr'><strong>Igitur</strong></span> <span class='ocrx_word' id='word_1_298' title='bbox 2143 2019 2200 2065; x_wconf 89' lang='lat' dir='ltr'><strong>ut</strong></span> <span class='ocrx_word' id='word_1_299' title='bbox 2231 2011 2369 2067; x_wconf 90' lang='lat' dir='ltr'><strong>hanc</strong></span> <span class='ocrx_word' id='word_1_300' title='bbox 2411 2025 2622 2081; x_wconf 85' lang='lat' dir='ltr'><strong>quoque</strong></span> <span class='ocrx_word' id='word_1_301' title='bbox 2652 2011 2750 2081; x_wconf 89' lang='lat' dir='ltr'><strong>ipsi</strong></span> <span class='ocrx_word' id='word_1_302' title='bbox 2781 2012 3231 2081; x_wconf 78' lang='lat' dir='ltr'><strong>pulchritudinem</strong></span> <span class='ocrx_word' id='word_1_303' title='bbox 3272 2016 3545 2086; x_wconf 84' lang='lat' dir='ltr'><strong>adipisca-</strong></span> 
     </span>
    </p>
   </div>
   <div class='ocr_carea' id='block_1_43' title="bbox 1956 2102 3541 2177">
    <p class='ocr_par' dir='ltr' id='par_1_43' title="bbox 1956 2102 3541 2177">
     <span class='ocr_line' id='line_1_43' title="bbox 1956 2102 3541 2177; baseline 0.004 -22"><span class='ocrx_word' id='word_1_304' title='bbox 1956 2117 2094 2163; x_wconf 88' lang='lat' dir='ltr'><strong>mur,</strong></span> <span class='ocrx_word' id='word_1_305' title='bbox 2126 2115 2221 2156; x_wconf 91' lang='lat' dir='ltr'><strong>eos</strong></span> <span class='ocrx_word' id='word_1_306' title='bbox 2264 2102 2353 2171; x_wconf 92' lang='lat' dir='ltr'><strong>qui</strong></span> <span class='ocrx_word' id='word_1_307' title='bbox 2399 2102 2500 2155; x_wconf 89' lang='lat' dir='ltr'><strong>hac</strong></span> <span class='ocrx_word' id='word_1_308' title='bbox 2546 2102 2750 2170; x_wconf 85' lang='lat' dir='ltr'><strong>pollent</strong></span> <span class='ocrx_word' id='word_1_309' title='bbox 2778 2113 3081 2171; x_wconf 80' lang='lat' dir='ltr'><strong>captemus,</strong></span> <span class='ocrx_word' id='word_1_310' title='bbox 3112 2112 3275 2175; x_wconf 88' lang='lat' dir='ltr'><strong>atque</strong></span> <span class='ocrx_word' id='word_1_311' title='bbox 3305 2106 3541 2177; x_wconf 89' lang='lat' dir='ltr'><strong>ipsorum</strong></span> 
     </span>
    </p>
   </div>
   <div class='ocr_carea' id='block_1_44' title="bbox 1956 2193 3546 2269">
    <p class='ocr_par' dir='ltr' id='par_1_44' title="bbox 1956 2193 3546 2269">
     <span class='ocr_line' id='line_1_44' title="bbox 1956 2193 3546 2269; baseline 0.005 -21"><span class='ocrx_word' id='word_1_312' title='bbox 1956 2205 2224 2250; x_wconf 85' lang='lat' dir='ltr'><strong>amatores</strong></span> <span class='ocrx_word' id='word_1_313' title='bbox 2254 2193 2445 2249; x_wconf 89' lang='lat' dir='ltr'><strong>simus.</strong></span> <span class='ocrx_word' id='word_1_314' title='bbox 2478 2194 2568 2250; x_wconf 88' lang='lat' dir='ltr'><strong>Sic</strong></span> <span class='ocrx_word' id='word_1_315' title='bbox 2593 2196 2734 2251; x_wconf 89' lang='lat' dir='ltr'><strong>enim</strong></span> <span class='ocrx_word' id='word_1_316' title='bbox 2764 2211 2865 2254; x_wconf 88' lang='lat' dir='ltr'><strong>nos</strong></span> <span class='ocrx_word' id='word_1_317' title='bbox 2900 2212 3113 2267; x_wconf 88' lang='lat' dir='ltr'><strong>quoque</strong></span> <span class='ocrx_word' id='word_1_318' title='bbox 3140 2199 3277 2253; x_wconf 88' lang='lat' dir='ltr'><strong>hanc</strong></span> <span class='ocrx_word' id='word_1_319' title='bbox 3309 2200 3546 2269; x_wconf 55' lang='lat' dir='ltr'><strong>pulchri-</strong></span> 
     </span>
    </p>
   </div>
   <div class='ocr_carea' id='block_1_45' title="bbox 1957 2286 3547 2361">
    <p class='ocr_par' dir='ltr' id='par_1_45' title="bbox 1957 2286 3547 2361">
     <span class='ocr_line' id='line_1_45' title="bbox 1957 2286 3547 2361; baseline 0.006 -22"><span class='ocrx_word' id='word_1_320' title='bbox 1957 2287 2197 2341; x_wconf 89' lang='lat' dir='ltr'><strong>tudinem</strong></span> <span class='ocrx_word' id='word_1_321' title='bbox 2224 2289 2562 2352; x_wconf 81' lang='lat' dir='ltr'><strong>consequuti,</strong></span> <span class='ocrx_word' id='word_1_322' title='bbox 2597 2286 2661 2340; x_wconf 91' lang='lat' dir='ltr'><strong>ad</strong></span> <span class='ocrx_word' id='word_1_323' title='bbox 2691 2297 2890 2343; x_wconf 81' lang='lat' dir='ltr'><strong>aeterna</strong></span> <span class='ocrx_word' id='word_1_324' title='bbox 2920 2287 3059 2342; x_wconf 90' lang='lat' dir='ltr'><strong>bona</strong></span> <span class='ocrx_word' id='word_1_325' title='bbox 3091 2292 3373 2359; x_wconf 83' lang='lat' dir='ltr'><strong>pervenire</strong></span> <span class='ocrx_word' id='word_1_326' title='bbox 3396 2302 3547 2361; x_wconf 63' lang='lat' dir='ltr'><strong>pote,</strong></span> 
     </span>
    </p>
   </div>
   <div class='ocr_carea' id='block_1_46' title="bbox 1957 2379 3546 2459">
    <p class='ocr_par' dir='ltr' id='par_1_46' title="bbox 1957 2379 3546 2459">
     <span class='ocr_line' id='line_1_46' title="bbox 1957 2379 3546 2459; baseline 0.006 -28"><span class='ocrx_word' id='word_1_327' title='bbox 1957 2380 2159 2438; x_wconf 74' lang='lat' dir='ltr'><strong>rimus:</strong></span> <span class='ocrx_word' id='word_1_328' title='bbox 2191 2395 2310 2448; x_wconf 84' lang='lat' dir='ltr'><strong>quae</strong></span> <span class='ocrx_word' id='word_1_329' title='bbox 2341 2380 2543 2434; x_wconf 85' lang='lat' dir='ltr'><strong>utinam</strong></span> <span class='ocrx_word' id='word_1_330' title='bbox 2577 2379 2732 2434; x_wconf 86' lang='lat' dir='ltr'><strong>nobis</strong></span> <span class='ocrx_word' id='word_1_331' title='bbox 2775 2379 3032 2459; x_wconf 82' lang='lat' dir='ltr'><strong>consequi</strong></span> <span class='ocrx_word' id='word_1_332' title='bbox 3076 2380 3254 2450; x_wconf 86' lang='lat' dir='ltr'><strong>detur,</strong></span> <span class='ocrx_word' id='word_1_333' title='bbox 3301 2398 3396 2453; x_wconf 87' lang='lat' dir='ltr'><strong>per</strong></span> <span class='ocrx_word' id='word_1_334' title='bbox 3420 2399 3546 2455; x_wconf 73' lang='lat' dir='ltr'><strong>grar</strong></span> 
     </span>
    </p>
   </div>
   <div class='ocr_carea' id='block_1_47' title="bbox 1962 2472 2726 2541">
    <p class='ocr_par' dir='ltr' id='par_1_47' title="bbox 1962 2472 2726 2541">
     <span class='ocr_line' id='line_1_47' title="bbox 1962 2472 2726 2541; baseline 0.003 -15"><span class='ocrx_word' id='word_1_335' title='bbox 1962 2474 2089 2527; x_wconf 89' lang='lat' dir='ltr'><strong>tiam</strong></span> <span class='ocrx_word' id='word_1_336' title='bbox 2109 2480 2162 2527; x_wconf 90' lang='lat' dir='ltr'><strong>et</strong></span> <span class='ocrx_word' id='word_1_337' title='bbox 2189 2472 2593 2541; x_wconf 73' lang='lat' dir='ltr'><strong>benignitatem,</strong></span> <span class='ocrx_word' id='word_1_338' title='bbox 2623 2482 2726 2528; x_wconf 81' lang='lat' dir='ltr'><strong>etc.</strong></span> 
     </span>
    </p>
   </div>
   <div class='ocr_carea' id='block_1_48' title="bbox 2803 2611 3162 2623">
    <p class='ocr_par' dir='ltr' id='par_1_48' title="bbox 2803 2611 3162 2623">
     <span class='ocr_line' id='line_1_48' title="bbox 2803 2611 3162 2623; baseline 0 0"><span class='ocrx_word' id='word_1_339' title='bbox 2803 2611 3162 2623; x_wconf 66' lang='lat'><strong>——-—-—.</strong></span> 
     </span>
    </p>
   </div>
   <div class='ocr_carea' id='block_1_49' title="bbox 3168 2610 3551 2631">
    <p class='ocr_par' dir='ltr' id='par_1_49' title="bbox 3168 2610 3551 2631">
     <span class='ocr_line' id='line_1_49' title="bbox 3168 2610 3551 2631; baseline 0 0"><span class='ocrx_word' id='word_1_340' title='bbox 3168 2610 3551 2631; x_wconf 37' lang='grc' dir='ltr'><strong>ᾖδ’-α.</strong></span> 
     </span>
    </p>
   </div>
   <div class='ocr_carea' id='block_1_50' title="bbox 1624 2685 2183 2751">
    <p class='ocr_par' dir='ltr' id='par_1_50' title="bbox 1624 2685 2183 2751">
     <span class='ocr_line' id='line_1_50' title="bbox 1624 2685 2183 2751; baseline -0.011 0"><span class='ocrx_word' id='word_1_341' title='bbox 1624 2688 1971 2751; x_wconf 73' lang='grc' dir='ltr'><strong>ΗΟΜΙΙᾸΑ</strong></span> <span class='ocrx_word' id='word_1_342' title='bbox 2013 2685 2183 2749; x_wconf 77' lang='lat' dir='ltr'><strong>Vill.</strong></span> 
     </span>
    </p>
   </div>
   <div class='ocr_carea' id='block_1_51' title="bbox 253 2841 1844 2910">
    <p class='ocr_par' dir='ltr' id='par_1_51' title="bbox 253 2841 1844 2910">
     <span class='ocr_line' id='line_1_51' title="bbox 253 2841 1844 2910; baseline -0.008 -6"><span class='ocrx_word' id='word_1_343' title='bbox 253 2852 386 2910; x_wconf 63' lang='lat' dir='ltr'><strong>Car.</strong></span> <span class='ocrx_word' id='word_1_344' title='bbox 429 2850 481 2902; x_wconf 77' lang='grc'><strong>4.</strong></span> <span class='ocrx_word' id='word_1_345' title='bbox 524 2864 573 2900; x_wconf 91' lang='lat' dir='ltr'><strong>v.</strong></span> <span class='ocrx_word' id='word_1_346' title='bbox 623 2848 671 2901; x_wconf 80' lang='grc' dir='ltr'><strong>ι.</strong></span> <span class='ocrx_word' id='word_1_347' title='bbox 733 2844 860 2898; x_wconf 78' lang='lat' dir='ltr'><strong>Ideo</strong></span> <span class='ocrx_word' id='word_1_348' title='bbox 917 2842 1152 2898; x_wconf 69' lang='lat' dir='ltr'><strong>habentes</strong></span> <span class='ocrx_word' id='word_1_349' title='bbox 1204 2844 1338 2896; x_wconf 77' lang='lat' dir='ltr'><strong>hanc</strong></span> <span class='ocrx_word' id='word_1_350' title='bbox 1380 2841 1801 2896; x_wconf 83' lang='lat' dir='ltr'><strong>ministrationem</strong></span> <span class='ocrx_word' id='word_1_351' title='bbox 1825 2879 1844 2906; x_wconf 86' lang='lat'><strong>,</strong></span> 
     </span>
    </p>
   </div>
   <div class='ocr_carea' id='block_1_52' title="bbox 333 2932 1849 3007">
    <p class='ocr_par' dir='ltr' id='par_1_52' title="bbox 333 2932 1849 3007">
     <span class='ocr_line' id='line_1_52' title="bbox 333 2932 1849 3007; baseline -0.004 -16"><span class='ocrx_word' id='word_1_352' title='bbox 333 2942 479 3001; x_wconf 77' lang='lat' dir='ltr'><strong>iuxta</strong></span> <span class='ocrx_word' id='word_1_353' title='bbox 506 2937 641 3007; x_wconf 87' lang='lat' dir='ltr'><strong>quod</strong></span> <span class='ocrx_word' id='word_1_354' title='bbox 668 2934 1065 2988; x_wconf 78' lang='lat' dir='ltr'><strong>misericordiam</strong></span> <span class='ocrx_word' id='word_1_355' title='bbox 1088 2934 1381 3004; x_wconf 75' lang='lat' dir='ltr'><strong>consequuti</strong></span> <span class='ocrx_word' id='word_1_356' title='bbox 1405 2949 1597 2993; x_wconf 87' lang='lat' dir='ltr'><strong>sumus,</strong></span> <span class='ocrx_word' id='word_1_357' title='bbox 1624 2948 1725 2985; x_wconf 86' lang='lat' dir='ltr'><strong>non</strong></span> <span class='ocrx_word' id='word_1_358' title='bbox 1752 2932 1849 2986; x_wconf 79' lang='lat' dir='ltr'><strong>de-</strong></span> 
     </span>
    </p>
   </div>
   <div class='ocr_carea' id='block_1_53' title="bbox 337 3026 1654 3095">
    <p class='ocr_par' dir='ltr' id='par_1_53' title="bbox 337 3026 1654 3095">
     <span class='ocr_line' id='line_1_53' title="bbox 337 3026 1654 3095; baseline -0.005 -9"><span class='ocrx_word' id='word_1_359' title='bbox 337 3034 554 3095; x_wconf 76' lang='lat' dir='ltr'><strong>ﬁcimus,</strong></span> <span class='ocrx_word' id='word_1_360' title='bbox 588 3030 641 3083; x_wconf 73' lang='lat'><strong>2.</strong></span> <span class='ocrx_word' id='word_1_361' title='bbox 669 3029 758 3083; x_wconf 84' lang='lat' dir='ltr'><strong>sed</strong></span> <span class='ocrx_word' id='word_1_362' title='bbox 787 3027 1129 3081; x_wconf 83' lang='lat' dir='ltr'><strong>abdicavimus</strong></span> <span class='ocrx_word' id='word_1_363' title='bbox 1155 3027 1352 3081; x_wconf 87' lang='lat' dir='ltr'><strong>occulta</strong></span> <span class='ocrx_word' id='word_1_364' title='bbox 1376 3026 1654 3080; x_wconf 68' lang='lat' dir='ltr'><strong>dedecoris.</strong></span> 
     </span>
    </p>
   </div>
   <div class='ocr_carea' id='block_1_54' title="bbox 339 3120 1854 3193">
    <p class='ocr_par' dir='ltr' id='par_1_54' title="bbox 339 3120 1854 3193">
     <span class='ocr_line' id='line_1_54' title="bbox 339 3120 1854 3193; baseline 0.001 -19"><span class='ocrx_word' id='word_1_365' title='bbox 339 3128 390 3180; x_wconf 75' lang='lat' dir='ltr'><strong>t.</strong></span> <span class='ocrx_word' id='word_1_366' title='bbox 430 3124 691 3193; x_wconf 83' lang='lat' dir='ltr'><strong>Quoniam</strong></span> <span class='ocrx_word' id='word_1_367' title='bbox 738 3136 925 3191; x_wconf 83' lang='lat' dir='ltr'><strong>magna</strong></span> <span class='ocrx_word' id='word_1_368' title='bbox 968 3121 1212 3191; x_wconf 72' lang='lat' dir='ltr'><strong>qumdam</strong></span> <span class='ocrx_word' id='word_1_369' title='bbox 1256 3122 1507 3191; x_wconf 90' lang='lat' dir='ltr'><strong>loquutus</strong></span> <span class='ocrx_word' id='word_1_370' title='bbox 1552 3120 1743 3183; x_wconf 87' lang='lat' dir='ltr'><strong>fuerat,</strong></span> <span class='ocrx_word' id='word_1_371' title='bbox 1790 3135 1854 3175; x_wconf 87' lang='lat' dir='ltr'><strong>ac</strong></span> 
     </span>
    </p>
   </div>
   <div class='ocr_carea' id='block_1_55' title="bbox 260 3214 1855 3284">
    <p class='ocr_par' dir='ltr' id='par_1_55' title="bbox 260 3214 1855 3284">
     <span class='ocr_line' id='line_1_55' title="bbox 260 3214 1855 3284; baseline -0.004 -12"><span class='ocrx_word' id='word_1_372' title='bbox 260 3218 501 3284; x_wconf 85' lang='lat' dir='ltr'><strong>seipsum</strong></span> <span class='ocrx_word' id='word_1_373' title='bbox 550 3226 603 3269; x_wconf 90' lang='lat' dir='ltr'><strong>et</strong></span> <span class='ocrx_word' id='word_1_374' title='bbox 652 3216 835 3269; x_wconf 83' lang='lat' dir='ltr'><strong>ﬁdeles</strong></span> <span class='ocrx_word' id='word_1_375' title='bbox 875 3230 1064 3268; x_wconf 81' lang='lat' dir='ltr'><strong>omnes</strong></span> <span class='ocrx_word' id='word_1_376' title='bbox 1097 3214 1227 3268; x_wconf 85' lang='lat' dir='ltr'><strong>Mosi</strong></span> <span class='ocrx_word' id='word_1_377' title='bbox 1260 3221 1661 3282; x_wconf 85' lang='lat' dir='ltr'><strong>anteposuerat,</strong></span> <span class='ocrx_word' id='word_1_378' title='bbox 1693 3223 1855 3279; x_wconf 86' lang='lat' dir='ltr'><strong>atque</strong></span> 
     </span>
    </p>
   </div>
   <div class='ocr_carea' id='block_1_56' title="bbox 260 3306 1854 3379">
    <p class='ocr_par' dir='ltr' id='par_1_56' title="bbox 260 3306 1854 3379">
     <span class='ocr_line' id='line_1_56' title="bbox 260 3306 1854 3379; baseline -0.003 -18"><span class='ocrx_word' id='word_1_379' title='bbox 260 3318 467 3371; x_wconf 76' lang='lat' dir='ltr'><strong>tantam</strong></span> <span class='ocrx_word' id='word_1_380' title='bbox 495 3323 679 3363; x_wconf 82' lang='lat' dir='ltr'><strong>eorum</strong></span> <span class='ocrx_word' id='word_1_381' title='bbox 729 3325 847 3379; x_wconf 74' lang='lat' dir='ltr'><strong>quae</strong></span> <span class='ocrx_word' id='word_1_382' title='bbox 890 3311 1097 3365; x_wconf 83' lang='lat' dir='ltr'><strong>dixerat</strong></span> <span class='ocrx_word' id='word_1_383' title='bbox 1130 3306 1548 3378; x_wconf 81' lang='lat' dir='ltr'><strong>magnitudinem</strong></span> <span class='ocrx_word' id='word_1_384' title='bbox 1578 3319 1699 3361; x_wconf 87' lang='lat' dir='ltr'><strong>esse</strong></span> <span class='ocrx_word' id='word_1_385' title='bbox 1728 3319 1854 3357; x_wconf 86' lang='lat' dir='ltr'><strong>sen-</strong></span> 
     </span>
    </p>
   </div>
   <div class='ocr_carea' id='block_1_57' title="bbox 262 3394 1852 3472">
    <p class='ocr_par' dir='ltr' id='par_1_57' title="bbox 262 3394 1852 3472">
     <span class='ocr_line' id='line_1_57' title="bbox 262 3394 1852 3472; baseline -0.004 -16"><span class='ocrx_word' id='word_1_386' title='bbox 262 3402 454 3462; x_wconf 85' lang='lat' dir='ltr'><strong>tiebat,</strong></span> <span class='ocrx_word' id='word_1_387' title='bbox 490 3402 608 3457; x_wconf 89' lang='lat' dir='ltr'><strong>vide</strong></span> <span class='ocrx_word' id='word_1_388' title='bbox 638 3418 744 3472; x_wconf 91' lang='lat' dir='ltr'><strong>quo</strong></span> <span class='ocrx_word' id='word_1_389' title='bbox 780 3412 933 3471; x_wconf 87' lang='lat' dir='ltr'><strong>pacto</strong></span> <span class='ocrx_word' id='word_1_390' title='bbox 964 3417 1150 3457; x_wconf 90' lang='lat' dir='ltr'><strong>rursus</strong></span> <span class='ocrx_word' id='word_1_391' title='bbox 1181 3399 1498 3453; x_wconf 88' lang='lat' dir='ltr'><strong>modestiam</strong></span> <span class='ocrx_word' id='word_1_392' title='bbox 1540 3412 1651 3465; x_wconf 66' lang='lat' dir='ltr'><strong>pra:</strong></span> <span class='ocrx_word' id='word_1_393' title='bbox 1682 3411 1740 3451; x_wconf 92' lang='lat' dir='ltr'><strong>se</strong></span> <span class='ocrx_word' id='word_1_394' title='bbox 1772 3394 1852 3449; x_wconf 86' lang='lat' dir='ltr'><strong>fe-</strong></span> 
     </span>
    </p>
   </div>
   <div class='ocr_carea' id='block_1_58' title="bbox 264 3487 1857 3563">
    <p class='ocr_par' dir='ltr' id='par_1_58' title="bbox 264 3487 1857 3563">
     <span class='ocr_line' id='line_1_58' title="bbox 264 3487 1857 3563; baseline -0.006 -15"><span class='ocrx_word' id='word_1_395' title='bbox 264 3503 374 3548; x_wconf 88' lang='lat' dir='ltr'><strong>rat.</strong></span> <span class='ocrx_word' id='word_1_396' title='bbox 418 3493 546 3547; x_wconf 86' lang='lat' dir='ltr'><strong>Nam</strong></span> <span class='ocrx_word' id='word_1_397' title='bbox 578 3502 631 3548; x_wconf 88' lang='lat' dir='ltr'><strong>et</strong></span> <span class='ocrx_word' id='word_1_398' title='bbox 674 3505 893 3563; x_wconf 83' lang='lat' dir='ltr'><strong>propter</strong></span> <span class='ocrx_word' id='word_1_399' title='bbox 925 3491 1367 3563; x_wconf 87' lang='lat' dir='ltr'><strong>pseudapostolos</strong></span> <span class='ocrx_word' id='word_1_400' title='bbox 1402 3500 1560 3557; x_wconf 85' lang='lat' dir='ltr'><strong>atque</strong></span> <span class='ocrx_word' id='word_1_401' title='bbox 1587 3487 1857 3542; x_wconf 88' lang='lat' dir='ltr'><strong>auditores</strong></span> 
     </span>
    </p>
   </div>
   <div class='ocr_carea' id='block_1_59' title="bbox 264 3578 1855 3648">
    <p class='ocr_par' dir='ltr' id='par_1_59' title="bbox 264 3578 1855 3648">
     <span class='ocr_line' id='line_1_59' title="bbox 264 3578 1855 3648; baseline -0.005 -10"><span class='ocrx_word' id='word_1_402' title='bbox 264 3599 392 3639; x_wconf 84' lang='lat' dir='ltr'><strong>sese</strong></span> <span class='ocrx_word' id='word_1_403' title='bbox 422 3585 613 3640; x_wconf 81' lang='lat' dir='ltr'><strong>ell&#39;erre</strong></span> <span class='ocrx_word' id='word_1_404' title='bbox 641 3585 890 3648; x_wconf 84' lang='lat' dir='ltr'><strong>debebat,</strong></span> <span class='ocrx_word' id='word_1_405' title='bbox 919 3596 973 3639; x_wconf 91' lang='lat' dir='ltr'><strong>et</strong></span> <span class='ocrx_word' id='word_1_406' title='bbox 1002 3600 1211 3638; x_wconf 89' lang='lat' dir='ltr'><strong>rursum</strong></span> <span class='ocrx_word' id='word_1_407' title='bbox 1247 3593 1509 3637; x_wconf 86' lang='lat' dir='ltr'><strong>tumorem</strong></span> <span class='ocrx_word' id='word_1_408' title='bbox 1540 3581 1687 3637; x_wconf 88' lang='lat' dir='ltr'><strong>illum</strong></span> <span class='ocrx_word' id='word_1_409' title='bbox 1714 3578 1855 3632; x_wconf 83' lang='lat' dir='ltr'><strong>miti-</strong></span> 
     </span>
    </p>
   </div>
   <div class='ocr_carea' id='block_1_60' title="bbox 265 3672 1860 3745">
    <p class='ocr_par' dir='ltr' id='par_1_60' title="bbox 265 3672 1860 3745">
     <span class='ocr_line' id='line_1_60' title="bbox 265 3672 1860 3745; baseline -0.002 -17"><span class='ocrx_word' id='word_1_410' title='bbox 265 3690 420 3745; x_wconf 78' lang='lat' dir='ltr'><strong>gare,</strong></span> <span class='ocrx_word' id='word_1_411' title='bbox 469 3692 575 3729; x_wconf 87' lang='lat' dir='ltr'><strong>non</strong></span> <span class='ocrx_word' id='word_1_412' title='bbox 622 3686 797 3729; x_wconf 84' lang='lat' dir='ltr'><strong>autem</strong></span> <span class='ocrx_word' id='word_1_413' title='bbox 830 3678 1049 3730; x_wconf 91' lang='lat' dir='ltr'><strong>omnino</strong></span> <span class='ocrx_word' id='word_1_414' title='bbox 1082 3677 1306 3738; x_wconf 84' lang='lat' dir='ltr'><strong>tollere;</strong></span> <span class='ocrx_word' id='word_1_415' title='bbox 1342 3690 1461 3728; x_wconf 88' lang='lat' dir='ltr'><strong>nam</strong></span> <span class='ocrx_word' id='word_1_416' title='bbox 1495 3674 1597 3728; x_wconf 90' lang='lat' dir='ltr'><strong>hoc</strong></span> <span class='ocrx_word' id='word_1_417' title='bbox 1626 3672 1860 3728; x_wconf 86' lang='lat' dir='ltr'><strong>ludentis</strong></span> 
     </span>
    </p>
   </div>
   <div class='ocr_carea' id='block_1_61' title="bbox 268 3763 1860 3834">
    <p class='ocr_par' dir='ltr' id='par_1_61' title="bbox 268 3763 1860 3834">
     <span class='ocr_line' id='line_1_61' title="bbox 268 3763 1860 3834; baseline -0.002 -15"><span class='ocrx_word' id='word_1_418' title='bbox 268 3766 480 3819; x_wconf 82' lang='lat' dir='ltr'><strong>fuisset.</strong></span> <span class='ocrx_word' id='word_1_419' title='bbox 511 3766 772 3831; x_wconf 85' lang='lat' dir='ltr'><strong>Quocirca</strong></span> <span class='ocrx_word' id='word_1_420' title='bbox 801 3766 901 3819; x_wconf 88' lang='lat' dir='ltr'><strong>hoc</strong></span> <span class='ocrx_word' id='word_1_421' title='bbox 930 3767 1032 3818; x_wconf 88' lang='lat' dir='ltr'><strong>alia</strong></span> <span class='ocrx_word' id='word_1_422' title='bbox 1080 3767 1164 3817; x_wconf 85' lang='lat' dir='ltr'><strong>via</strong></span> <span class='ocrx_word' id='word_1_423' title='bbox 1208 3766 1534 3834; x_wconf 80' lang='lat' dir='ltr'><strong>aggreditur,</strong></span> <span class='ocrx_word' id='word_1_424' title='bbox 1569 3763 1860 3816; x_wconf 86' lang='lat' dir='ltr'><strong>ostendens</strong></span> 
     </span>
    </p>
   </div>
   <div class='ocr_carea' id='block_1_62' title="bbox 267 3854 1859 3914">
    <p class='ocr_par' dir='ltr' id='par_1_62' title="bbox 267 3854 1859 3914">
     <span class='ocr_line' id='line_1_62' title="bbox 267 3854 1859 3914; baseline -0.003 -3"><span class='ocrx_word' id='word_1_425' title='bbox 267 3856 328 3911; x_wconf 84' lang='lat' dir='ltr'><strong>id</strong></span> <span class='ocrx_word' id='word_1_426' title='bbox 358 3872 517 3909; x_wconf 90' lang='lat' dir='ltr'><strong>omne</strong></span> <span class='ocrx_word' id='word_1_427' title='bbox 549 3871 650 3910; x_wconf 86' lang='lat' dir='ltr'><strong>neu</strong></span> <span class='ocrx_word' id='word_1_428' title='bbox 684 3858 878 3909; x_wconf 90' lang='lat' dir='ltr'><strong>nostris</strong></span> <span class='ocrx_word' id='word_1_429' title='bbox 906 3858 1109 3911; x_wconf 89' lang='lat' dir='ltr'><strong>meritis</strong></span> <span class='ocrx_word' id='word_1_430' title='bbox 1139 3872 1200 3908; x_wconf 90' lang='lat' dir='ltr'><strong>ac</strong></span> <span class='ocrx_word' id='word_1_431' title='bbox 1228 3856 1531 3914; x_wconf 84' lang='lat' dir='ltr'><strong>virtutibus.</strong></span> <span class='ocrx_word' id='word_1_432' title='bbox 1558 3855 1651 3909; x_wconf 79' lang='lat' dir='ltr'><strong>sed</strong></span> <span class='ocrx_word' id='word_1_433' title='bbox 1680 3854 1859 3910; x_wconf 87' lang='lat' dir='ltr'><strong>divina</strong></span> 
     </span>
    </p>
   </div>
   <div class='ocr_carea' id='block_1_63' title="bbox 272 3946 1863 4017">
    <p class='ocr_par' dir='ltr' id='par_1_63' title="bbox 272 3946 1863 4017">
     <span class='ocr_line' id='line_1_63' title="bbox 272 3946 1863 4017; baseline -0.001 -16"><span class='ocrx_word' id='word_1_434' title='bbox 272 3948 602 4017; x_wconf 68' lang='lat' dir='ltr'><strong>l&#39;enignilate</strong></span> <span class='ocrx_word' id='word_1_435' title='bbox 644 3948 968 4017; x_wconf 81' lang='lat' dir='ltr'><strong>contigisse:</strong></span> <span class='ocrx_word' id='word_1_436' title='bbox 1000 3949 1221 4015; x_wconf 84' lang='lat' dir='ltr'><strong>proinde</strong></span> <span class='ocrx_word' id='word_1_437' title='bbox 1265 3950 1358 4012; x_wconf 85' lang='lat' dir='ltr'><strong>ait,</strong></span> <span class='ocrx_word' id='word_1_438' title='bbox 1408 3947 1658 4001; x_wconf 74' lang='lat' dir='ltr'><strong>Habentes</strong></span> <span class='ocrx_word' id='word_1_439' title='bbox 1708 3946 1863 4017; x_wconf 78' lang='lat' dir='ltr'><strong>igitur</strong></span> 
     </span>
    </p>
   </div>
   <div class='ocr_carea' id='block_1_64' title="bbox 273 4037 1862 4109">
    <p class='ocr_par' dir='ltr' id='par_1_64' title="bbox 273 4037 1862 4109">
     <span class='ocr_line' id='line_1_64' title="bbox 273 4037 1862 4109; baseline 0.001 -17"><span class='ocrx_word' id='word_1_440' title='bbox 273 4042 698 4095; x_wconf 84' lang='lat' dir='ltr'><strong>ministrationem</strong></span> <span class='ocrx_word' id='word_1_441' title='bbox 740 4041 889 4094; x_wconf 83' lang='lat' dir='ltr'><strong>hanc.</strong></span> <span class='ocrx_word' id='word_1_442' title='bbox 930 4037 1114 4109; x_wconf 82' lang='lat' dir='ltr'><strong>Neque</strong></span> <span class='ocrx_word' id='word_1_443' title='bbox 1144 4041 1284 4099; x_wconf 81' lang='lat' dir='ltr'><strong>enim</strong></span> <span class='ocrx_word' id='word_1_444' title='bbox 1318 4040 1605 4109; x_wconf 84' lang='lat' dir='ltr'><strong>quidquam</strong></span> <span class='ocrx_word' id='word_1_445' title='bbox 1634 4041 1862 4107; x_wconf 86' lang='lat' dir='ltr'><strong>amplius</strong></span> 
     </span>
    </p>
   </div>
   <div class='ocr_carea' id='block_1_65' title="bbox 270 4131 1866 4202">
    <p class='ocr_par' dir='ltr' id='par_1_65' title="bbox 270 4131 1866 4202">
     <span class='ocr_line' id='line_1_65' title="bbox 270 4131 1866 4202; baseline -0.001 -18"><span class='ocrx_word' id='word_1_446' title='bbox 270 4134 637 4199; x_wconf 77' lang='lat' dir='ltr'><strong>erogavimus,</strong></span> <span class='ocrx_word' id='word_1_447' title='bbox 671 4148 827 4202; x_wconf 85' lang='lat' dir='ltr'><strong>quam</strong></span> <span class='ocrx_word' id='word_1_448' title='bbox 867 4131 1005 4201; x_wconf 84' lang='lat' dir='ltr'><strong>quod</strong></span> <span class='ocrx_word' id='word_1_449' title='bbox 1041 4133 1266 4186; x_wconf 86' lang='lat' dir='ltr'><strong>ministri</strong></span> <span class='ocrx_word' id='word_1_450' title='bbox 1296 4131 1619 4197; x_wconf 81' lang='lat' dir='ltr'><strong>exstitimus,</strong></span> <span class='ocrx_word' id='word_1_451' title='bbox 1661 4131 1866 4186; x_wconf 85' lang='lat' dir='ltr'><strong>bencli-</strong></span> 
     </span>
    </p>
   </div>
   <div class='ocr_carea' id='block_1_66' title="bbox 276 4225 1860 4294">
    <p class='ocr_par' dir='ltr' id='par_1_66' title="bbox 276 4225 1860 4294">
     <span class='ocr_line' id='line_1_66' title="bbox 276 4225 1860 4294; baseline 0.001 -18"><span class='ocrx_word' id='word_1_452' title='bbox 276 4226 485 4293; x_wconf 78' lang='lat' dir='ltr'><strong>ciisque</strong></span> <span class='ocrx_word' id='word_1_453' title='bbox 512 4241 539 4278; x_wconf 87' lang='lat' dir='ltr'><strong>a</strong></span> <span class='ocrx_word' id='word_1_454' title='bbox 566 4227 673 4279; x_wconf 89' lang='lat' dir='ltr'><strong>Deo</strong></span> <span class='ocrx_word' id='word_1_455' title='bbox 705 4226 845 4283; x_wconf 81' lang='lat' dir='ltr'><strong>datis</strong></span> <span class='ocrx_word' id='word_1_456' title='bbox 873 4225 1239 4281; x_wconf 75' lang='lat' dir='ltr'><strong>administrant</strong></span> <span class='ocrx_word' id='word_1_457' title='bbox 1268 4241 1484 4294; x_wconf 81' lang='lat' dir='ltr'><strong>Operam</strong></span> <span class='ocrx_word' id='word_1_458' title='bbox 1517 4225 1860 4294; x_wconf 77' lang='lat' dir='ltr'><strong>prmbuimus.</strong></span> 
     </span>
    </p>
   </div>
   <div class='ocr_carea' id='block_1_67' title="bbox 273 4317 1867 4389">
    <p class='ocr_par' dir='ltr' id='par_1_67' title="bbox 273 4317 1867 4389">
     <span class='ocr_line' id='line_1_67' title="bbox 273 4317 1867 4389; baseline 0.001 -19"><span class='ocrx_word' id='word_1_459' title='bbox 273 4318 397 4385; x_wconf 82' lang='lat' dir='ltr'><strong>Quo</strong></span> <span class='ocrx_word' id='word_1_460' title='bbox 434 4320 509 4383; x_wconf 84' lang='lat' dir='ltr'><strong>llt,</strong></span> <span class='ocrx_word' id='word_1_461' title='bbox 560 4329 617 4371; x_wconf 90' lang='lat' dir='ltr'><strong>ut</strong></span> <span class='ocrx_word' id='word_1_462' title='bbox 663 4335 761 4373; x_wconf 90' lang='lat' dir='ltr'><strong>nec</strong></span> <span class='ocrx_word' id='word_1_463' title='bbox 794 4320 1089 4388; x_wconf 80' lang='lat' dir='ltr'><strong>largitionis</strong></span> <span class='ocrx_word' id='word_1_464' title='bbox 1135 4335 1231 4373; x_wconf 89' lang='lat' dir='ltr'><strong>nec</strong></span> <span class='ocrx_word' id='word_1_465' title='bbox 1274 4320 1739 4389; x_wconf 88' lang='lat' dir='ltr'><strong>suppeditationis,</strong></span> <span class='ocrx_word' id='word_1_466' title='bbox 1770 4317 1867 4373; x_wconf 88' lang='lat' dir='ltr'><strong>sed</strong></span> 
     </span>
    </p>
   </div>
   <div class='ocr_carea' id='block_1_68' title="bbox 278 4410 1866 4482">
    <p class='ocr_par' dir='ltr' id='par_1_68' title="bbox 278 4410 1866 4482">
     <span class='ocr_line' id='line_1_68' title="bbox 278 4410 1866 4482; baseline 0 -18"><span class='ocrx_word' id='word_1_467' title='bbox 278 4410 563 4464; x_wconf 78' lang='lat' dir='ltr'><strong>ministerii</strong></span> <span class='ocrx_word' id='word_1_468' title='bbox 598 4412 858 4464; x_wconf 86' lang='lat' dir='ltr'><strong>vocabulo</strong></span> <span class='ocrx_word' id='word_1_469' title='bbox 890 4426 1017 4464; x_wconf 90' lang='lat' dir='ltr'><strong>usus</strong></span> <span class='ocrx_word' id='word_1_470' title='bbox 1042 4413 1128 4465; x_wconf 88' lang='lat' dir='ltr'><strong>sit.</strong></span> <span class='ocrx_word' id='word_1_471' title='bbox 1157 4414 1233 4465; x_wconf 84' lang='lat' dir='ltr'><strong>Ac</strong></span> <span class='ocrx_word' id='word_1_472' title='bbox 1257 4431 1323 4465; x_wconf 85' lang='lat' dir='ltr'><strong>ne</strong></span> <span class='ocrx_word' id='word_1_473' title='bbox 1365 4413 1465 4467; x_wconf 89' lang='lat' dir='ltr'><strong>hoc</strong></span> <span class='ocrx_word' id='word_1_474' title='bbox 1491 4412 1705 4482; x_wconf 82' lang='lat' dir='ltr'><strong>quidem</strong></span> <span class='ocrx_word' id='word_1_475' title='bbox 1733 4425 1866 4465; x_wconf 90' lang='lat' dir='ltr'><strong>con-</strong></span> 
     </span>
    </p>
   </div>
   <div class='ocr_carea' id='block_1_69' title="bbox 277 4500 1871 4571">
    <p class='ocr_par' dir='ltr' id='par_1_69' title="bbox 277 4500 1871 4571">
     <span class='ocr_line' id='line_1_69' title="bbox 277 4500 1871 4571; baseline -0.001 -15"><span class='ocrx_word' id='word_1_476' title='bbox 277 4512 463 4556; x_wconf 83' lang='lat' dir='ltr'><strong>tentus</strong></span> <span class='ocrx_word' id='word_1_477' title='bbox 492 4500 689 4555; x_wconf 83' lang='lat' dir='ltr'><strong>addidit</strong></span> <span class='ocrx_word' id='word_1_478' title='bbox 716 4519 726 4553; x_wconf 92' lang='lat'>:</span> <span class='ocrx_word' id='word_1_479' title='bbox 756 4500 919 4554; x_wconf 72' lang='lat' dir='ltr'><strong>Juxta</strong></span> <span class='ocrx_word' id='word_1_480' title='bbox 968 4503 1104 4569; x_wconf 87' lang='lat' dir='ltr'><strong>quod</strong></span> <span class='ocrx_word' id='word_1_481' title='bbox 1146 4503 1547 4557; x_wconf 81' lang='lat' dir='ltr'><strong>misericordiam</strong></span> <span class='ocrx_word' id='word_1_482' title='bbox 1574 4502 1871 4571; x_wconf 75' lang='lat' dir='ltr'><strong>consequuti</strong></span> 
     </span>
    </p>
   </div>
   <div class='ocr_carea' id='block_1_70' title="bbox 278 4594 1871 4664">
    <p class='ocr_par' dir='ltr' id='par_1_70' title="bbox 278 4594 1871 4664">
     <span class='ocr_line' id='line_1_70' title="bbox 278 4594 1871 4664; baseline -0.002 -16"><span class='ocrx_word' id='word_1_483' title='bbox 278 4612 475 4648; x_wconf 83' lang='lat' dir='ltr'><strong>sumus.</strong></span> <span class='ocrx_word' id='word_1_484' title='bbox 505 4594 634 4649; x_wconf 85' lang='lat' dir='ltr'><strong>Nam</strong></span> <span class='ocrx_word' id='word_1_485' title='bbox 668 4594 767 4647; x_wconf 88' lang='lat' dir='ltr'><strong>hoc</strong></span> <span class='ocrx_word' id='word_1_486' title='bbox 796 4610 1010 4664; x_wconf 90' lang='lat' dir='ltr'><strong>quoque</strong></span> <span class='ocrx_word' id='word_1_487' title='bbox 1039 4594 1232 4663; x_wconf 89' lang='lat' dir='ltr'><strong>ipsum,</strong></span> <span class='ocrx_word' id='word_1_488' title='bbox 1263 4594 1405 4663; x_wconf 89' lang='lat' dir='ltr'><strong>quod</strong></span> <span class='ocrx_word' id='word_1_489' title='bbox 1438 4594 1518 4648; x_wconf 88' lang='lat' dir='ltr'><strong>his</strong></span> <span class='ocrx_word' id='word_1_490' title='bbox 1550 4595 1871 4648; x_wconf 83' lang='lat' dir='ltr'><strong>ministravi-</strong></span> 
     </span>
    </p>
   </div>
   <div class='ocr_carea' id='block_1_71' title="bbox 282 4685 1869 4754">
    <p class='ocr_par' dir='ltr' id='par_1_71' title="bbox 282 4685 1869 4754">
     <span class='ocr_line' id='line_1_71' title="bbox 282 4685 1869 4754; baseline 0.002 -14"><span class='ocrx_word' id='word_1_491' title='bbox 282 4702 424 4743; x_wconf 83' lang='lat' dir='ltr'><strong>tnus.</strong></span> <span class='ocrx_word' id='word_1_492' title='bbox 451 4701 477 4738; x_wconf 91' lang='lat' dir='ltr'><strong>a</strong></span> <span class='ocrx_word' id='word_1_493' title='bbox 503 4687 595 4740; x_wconf 89' lang='lat' dir='ltr'><strong>Dei</strong></span> <span class='ocrx_word' id='word_1_494' title='bbox 625 4685 988 4742; x_wconf 85' lang='lat' dir='ltr'><strong>misericordia</strong></span> <span class='ocrx_word' id='word_1_495' title='bbox 1017 4694 1069 4739; x_wconf 83' lang='lat' dir='ltr'><strong>ct</strong></span> <span class='ocrx_word' id='word_1_496' title='bbox 1094 4685 1420 4754; x_wconf 77' lang='lat' dir='ltr'><strong>benignitate</strong></span> <span class='ocrx_word' id='word_1_497' title='bbox 1450 4686 1742 4754; x_wconf 85' lang='lat' dir='ltr'><strong>profectum</strong></span> <span class='ocrx_word' id='word_1_498' title='bbox 1767 4696 1869 4743; x_wconf 89' lang='lat' dir='ltr'><strong>est.</strong></span> 
     </span>
    </p>
   </div>
   <div class='ocr_carea' id='block_1_72' title="bbox 281 4778 1874 4848">
    <p class='ocr_par' dir='ltr' id='par_1_72' title="bbox 281 4778 1874 4848">
     <span class='ocr_line' id='line_1_72' title="bbox 281 4778 1874 4848; baseline 0.004 -18"><span class='ocrx_word' id='word_1_499' title='bbox 281 4780 617 4848; x_wconf 82' lang='lat' dir='ltr'><strong>Quamquam</strong></span> <span class='ocrx_word' id='word_1_500' title='bbox 651 4779 1035 4837; x_wconf 67' lang='lat' dir='ltr'><strong>misericordia:</strong></span> <span class='ocrx_word' id='word_1_501' title='bbox 1062 4787 1163 4842; x_wconf 88' lang='lat' dir='ltr'><strong>est,</strong></span> <span class='ocrx_word' id='word_1_502' title='bbox 1194 4796 1223 4832; x_wconf 90' lang='lat' dir='ltr'><strong>c</strong></span> <span class='ocrx_word' id='word_1_503' title='bbox 1252 4778 1405 4833; x_wconf 89' lang='lat' dir='ltr'><strong>malis</strong></span> <span class='ocrx_word' id='word_1_504' title='bbox 1435 4781 1730 4847; x_wconf 79' lang='lat' dir='ltr'><strong>exemisse,</strong></span> <span class='ocrx_word' id='word_1_505' title='bbox 1767 4798 1874 4837; x_wconf 89' lang='lat' dir='ltr'><strong>non</strong></span> 
     </span>
    </p>
   </div>
   <div class='ocr_carea' id='block_1_73' title="bbox 283 4869 1875 4939">
    <p class='ocr_par' dir='ltr' id='par_1_73' title="bbox 283 4869 1875 4939">
     <span class='ocr_line' id='line_1_73' title="bbox 283 4869 1875 4939; baseline 0.002 -13"><span class='ocrx_word' id='word_1_506' title='bbox 283 4880 467 4926; x_wconf 82' lang='lat' dir='ltr'><strong>autem</strong></span> <span class='ocrx_word' id='word_1_507' title='bbox 492 4880 567 4926; x_wconf 92' lang='lat' dir='ltr'><strong>tot</strong></span> <span class='ocrx_word' id='word_1_508' title='bbox 595 4871 813 4939; x_wconf 90' lang='lat' dir='ltr'><strong>insuper</strong></span> <span class='ocrx_word' id='word_1_509' title='bbox 837 4869 1109 4926; x_wconf 78' lang='lat' dir='ltr'><strong>beneficiis</strong></span> <span class='ocrx_word' id='word_1_510' title='bbox 1139 4869 1410 4933; x_wconf 73' lang='lat' dir='ltr'><strong>affecisse;</strong></span> <span class='ocrx_word' id='word_1_511' title='bbox 1453 4870 1547 4925; x_wconf 91' lang='lat' dir='ltr'><strong>sed</strong></span> <span class='ocrx_word' id='word_1_512' title='bbox 1584 4871 1686 4927; x_wconf 90' lang='lat' dir='ltr'><strong>hoc</strong></span> <span class='ocrx_word' id='word_1_513' title='bbox 1711 4874 1875 4929; x_wconf 91' lang='lat' dir='ltr'><strong>etiam</strong></span> 
     </span>
    </p>
   </div>
   <div class='ocr_carea' id='block_1_74' title="bbox 283 4960 1877 5037">
    <p class='ocr_par' dir='ltr' id='par_1_74' title="bbox 283 4960 1877 5037">
     <span class='ocr_line' id='line_1_74' title="bbox 283 4960 1877 5037; baseline 0.003 -20"><span class='ocrx_word' id='word_1_514' title='bbox 283 4961 450 5017; x_wconf 80' lang='lat' dir='ltr'><strong>habet</strong></span> <span class='ocrx_word' id='word_1_515' title='bbox 481 4963 573 5017; x_wconf 82' lang='lat' dir='ltr'><strong>Dei</strong></span> <span class='ocrx_word' id='word_1_516' title='bbox 605 4964 991 5018; x_wconf 86' lang='lat' dir='ltr'><strong>misericordia.</strong></span> <span class='ocrx_word' id='word_1_517' title='bbox 1026 4960 1144 5014; x_wconf 88' lang='lat' dir='ltr'><strong>Non</strong></span> <span class='ocrx_word' id='word_1_518' title='bbox 1177 4961 1457 5028; x_wconf 81' lang='lat' dir='ltr'><strong>deﬁcimus.</strong></span> <span class='ocrx_word' id='word_1_519' title='bbox 1510 4960 1622 5018; x_wconf 88' lang='lat' dir='ltr'><strong>Hoc</strong></span> <span class='ocrx_word' id='word_1_520' title='bbox 1662 4980 1877 5037; x_wconf 86' lang='lat' dir='ltr'><strong>quoque</strong></span> 
     </span>
    </p>
   </div>
   <div class='ocr_carea' id='block_1_75' title="bbox 285 5053 1876 5124">
    <p class='ocr_par' dir='ltr' id='par_1_75' title="bbox 285 5053 1876 5124">
     <span class='ocr_line' id='line_1_75' title="bbox 285 5053 1876 5124; baseline 0.005 -17"><span class='ocrx_word' id='word_1_521' title='bbox 285 5053 454 5121; x_wconf 85' lang='lat' dir='ltr'><strong>ipsius</strong></span> <span class='ocrx_word' id='word_1_522' title='bbox 488 5054 799 5110; x_wconf 89' lang='lat' dir='ltr'><strong>humanitati</strong></span> <span class='ocrx_word' id='word_1_523' title='bbox 830 5065 1106 5124; x_wconf 78' lang='lat' dir='ltr'><strong>acceptum</strong></span> <span class='ocrx_word' id='word_1_524' title='bbox 1139 5053 1476 5109; x_wconf 84' lang='lat' dir='ltr'><strong>referendum</strong></span> <span class='ocrx_word' id='word_1_525' title='bbox 1504 5067 1607 5113; x_wconf 87' lang='lat' dir='ltr'><strong>est.</strong></span> <span class='ocrx_word' id='word_1_526' title='bbox 1638 5058 1767 5113; x_wconf 86' lang='lat' dir='ltr'><strong>Nam</strong></span> <span class='ocrx_word' id='word_1_527' title='bbox 1789 5061 1876 5115; x_wconf 89' lang='lat' dir='ltr'><strong>illa</strong></span> 
     </span>
    </p>
   </div>
   <div class='ocr_carea' id='block_1_76' title="bbox 286 5144 1874 5219">
    <p class='ocr_par' dir='ltr' id='par_1_76' title="bbox 286 5144 1874 5219">
     <span class='ocr_line' id='line_1_76' title="bbox 286 5144 1874 5219; baseline 0.009 -27"><span class='ocrx_word' id='word_1_528' title='bbox 286 5144 476 5204; x_wconf 76' lang='lat' dir='ltr'><strong>verba,</strong></span> <span class='ocrx_word' id='word_1_529' title='bbox 505 5144 667 5200; x_wconf 75' lang='lat' dir='ltr'><strong>Juxta</strong></span> <span class='ocrx_word' id='word_1_530' title='bbox 713 5150 849 5217; x_wconf 79' lang='lat' dir='ltr'><strong>quod</strong></span> <span class='ocrx_word' id='word_1_531' title='bbox 893 5148 1288 5201; x_wconf 83' lang='lat' dir='ltr'><strong>misericordiam</strong></span> <span class='ocrx_word' id='word_1_532' title='bbox 1336 5152 1631 5219; x_wconf 80' lang='lat' dir='ltr'><strong>consequuti</strong></span> <span class='ocrx_word' id='word_1_533' title='bbox 1678 5169 1874 5218; x_wconf 79' lang='lat' dir='ltr'><strong>sumus,</strong></span> 
     </span>
    </p>
   </div>
   <div class='ocr_carea' id='block_1_77' title="bbox 285 5236 1876 5315">
    <p class='ocr_par' dir='ltr' id='par_1_77' title="bbox 285 5236 1876 5315">
     <span class='ocr_line' id='line_1_77' title="bbox 285 5236 1876 5315; baseline 0.007 -23"><span class='ocrx_word' id='word_1_534' title='bbox 285 5236 601 5292; x_wconf 82' lang='lat' dir='ltr'><strong>existimare</strong></span> <span class='ocrx_word' id='word_1_535' title='bbox 644 5239 811 5294; x_wconf 88' lang='lat' dir='ltr'><strong>debes</strong></span> <span class='ocrx_word' id='word_1_536' title='bbox 851 5248 957 5295; x_wconf 87' lang='lat' dir='ltr'><strong>tam</strong></span> <span class='ocrx_word' id='word_1_537' title='bbox 992 5240 1055 5294; x_wconf 88' lang='lat' dir='ltr'><strong>ad</strong></span> <span class='ocrx_word' id='word_1_538' title='bbox 1090 5241 1445 5296; x_wconf 87' lang='lat' dir='ltr'><strong>ministerium</strong></span> <span class='ocrx_word' id='word_1_539' title='bbox 1477 5242 1687 5311; x_wconf 91' lang='lat' dir='ltr'><strong>referri,</strong></span> <span class='ocrx_word' id='word_1_540' title='bbox 1716 5260 1876 5315; x_wconf 87' lang='lat' dir='ltr'><strong>quam</strong></span> 
     </span>
    </p>
   </div>
   <div class='ocr_carea' id='block_1_78' title="bbox 285 5326 1879 5402">
    <p class='ocr_par' dir='ltr' id='par_1_78' title="bbox 285 5326 1879 5402">
     <span class='ocr_line' id='line_1_78' title="bbox 285 5326 1879 5402; baseline 0.008 -21"><span class='ocrx_word' id='word_1_541' title='bbox 285 5326 357 5381; x_wconf 85' lang='lat' dir='ltr'><strong>ad</strong></span> <span class='ocrx_word' id='word_1_542' title='bbox 388 5326 441 5380; x_wconf 91' lang='lat' dir='ltr'><strong>id</strong></span> <span class='ocrx_word' id='word_1_543' title='bbox 469 5327 606 5397; x_wconf 87' lang='lat' dir='ltr'><strong>quod</strong></span> <span class='ocrx_word' id='word_1_544' title='bbox 634 5332 896 5400; x_wconf 87' lang='lat' dir='ltr'><strong>sequitur,</strong></span> <span class='ocrx_word' id='word_1_545' title='bbox 926 5331 1049 5391; x_wconf 84' lang='lat' dir='ltr'><strong>Non</strong></span> <span class='ocrx_word' id='word_1_546' title='bbox 1076 5333 1360 5402; x_wconf 75' lang='lat' dir='ltr'><strong>deﬁcimus.</strong></span> <span class='ocrx_word' id='word_1_547' title='bbox 1395 5333 1473 5386; x_wconf 84' lang='lat' dir='ltr'><strong>Ac</strong></span> <span class='ocrx_word' id='word_1_548' title='bbox 1499 5334 1658 5388; x_wconf 87' lang='lat' dir='ltr'><strong>velim</strong></span> <span class='ocrx_word' id='word_1_549' title='bbox 1690 5340 1879 5393; x_wconf 87' lang='lat' dir='ltr'><strong>anim-</strong></span> 
     </span>
    </p>
   </div>
   <div class='ocr_carea' id='block_1_79' title="bbox 284 5418 1879 5500">
    <p class='ocr_par' dir='ltr' id='par_1_79' title="bbox 284 5418 1879 5500">
     <span class='ocr_line' id='line_1_79' title="bbox 284 5418 1879 5500; baseline 0.006 -27"><span class='ocrx_word' id='word_1_550' title='bbox 284 5418 563 5485; x_wconf 79' lang='lat' dir='ltr'><strong>advertas,</strong></span> <span class='ocrx_word' id='word_1_551' title='bbox 597 5436 755 5489; x_wconf 89' lang='lat' dir='ltr'><strong>quam</strong></span> <span class='ocrx_word' id='word_1_552' title='bbox 788 5423 1021 5491; x_wconf 83' lang='lat' dir='ltr'><strong>seipsum</strong></span> <span class='ocrx_word' id='word_1_553' title='bbox 1049 5424 1354 5495; x_wconf 86' lang='lat' dir='ltr'><strong>deprimere</strong></span> <span class='ocrx_word' id='word_1_554' title='bbox 1383 5422 1610 5480; x_wconf 86' lang='lat' dir='ltr'><strong>studeat.</strong></span> <span class='ocrx_word' id='word_1_555' title='bbox 1638 5424 1769 5482; x_wconf 81' lang='lat' dir='ltr'><strong>Nam</strong></span> <span class='ocrx_word' id='word_1_556' title='bbox 1787 5431 1879 5500; x_wconf 87' lang='lat' dir='ltr'><strong>qui</strong></span> 
     </span>
    </p>
   </div>
   <div class='ocr_carea' id='block_1_80' title="bbox 284 5513 1883 5593">
    <p class='ocr_par' dir='ltr' id='par_1_80' title="bbox 284 5513 1883 5593">
     <span class='ocr_line' id='line_1_80' title="bbox 284 5513 1883 5593; baseline 0.009 -27"><span class='ocrx_word' id='word_1_557' title='bbox 284 5520 456 5566; x_wconf 79' lang='lat' dir='ltr'><strong>totae</strong></span> <span class='ocrx_word' id='word_1_558' title='bbox 481 5513 663 5581; x_wconf 83' lang='lat' dir='ltr'><strong>tantis,</strong></span> <span class='ocrx_word' id='word_1_559' title='bbox 703 5514 894 5584; x_wconf 85' lang='lat' dir='ltr'><strong>inquit,</strong></span> <span class='ocrx_word' id='word_1_560' title='bbox 937 5517 1212 5576; x_wconf 79' lang='lat' dir='ltr'><strong>beneﬁciis</strong></span> <span class='ocrx_word' id='word_1_561' title='bbox 1248 5530 1468 5573; x_wconf 90' lang='lat' dir='ltr'><strong>ornatus</strong></span> <span class='ocrx_word' id='word_1_562' title='bbox 1493 5520 1585 5588; x_wconf 91' lang='lat' dir='ltr'><strong>sit,</strong></span> <span class='ocrx_word' id='word_1_563' title='bbox 1617 5518 1776 5593; x_wconf 88' lang='lat' dir='ltr'><strong>idque</strong></span> <span class='ocrx_word' id='word_1_564' title='bbox 1802 5524 1883 5586; x_wconf 89' lang='lat' dir='ltr'><strong>di-</strong></span> 
     </span>
    </p>
   </div>
   <div class='ocr_carea' id='block_1_81' title="bbox 289 5604 1881 5691">
    <p class='ocr_par' dir='ltr' id='par_1_81' title="bbox 289 5604 1881 5691">
     <span class='ocr_line' id='line_1_81' title="bbox 289 5604 1881 5691; baseline 0.009 -31"><span class='ocrx_word' id='word_1_565' title='bbox 289 5604 427 5660; x_wconf 80' lang='lat' dir='ltr'><strong>.vina</strong></span> <span class='ocrx_word' id='word_1_566' title='bbox 448 5612 654 5661; x_wconf 85' lang='lat' dir='ltr'><strong>tantum</strong></span> <span class='ocrx_word' id='word_1_567' title='bbox 686 5606 1054 5664; x_wconf 80' lang='lat' dir='ltr'><strong>misericordia</strong></span> <span class='ocrx_word' id='word_1_568' title='bbox 1085 5621 1140 5667; x_wconf 92' lang='lat' dir='ltr'><strong>et</strong></span> <span class='ocrx_word' id='word_1_569' title='bbox 1166 5614 1515 5684; x_wconf 77' lang='lat' dir='ltr'><strong>benignitate,</strong></span> <span class='ocrx_word' id='word_1_570' title='bbox 1558 5630 1667 5671; x_wconf 90' lang='lat' dir='ltr'><strong>non</strong></span> <span class='ocrx_word' id='word_1_571' title='bbox 1700 5621 1881 5691; x_wconf 91' lang='lat' dir='ltr'><strong>magni</strong></span> 
     </span>
    </p>
   </div>
   <div class='ocr_carea' id='block_1_82' title="bbox 287 5695 1881 5777">
    <p class='ocr_par' dir='ltr' id='par_1_82' title="bbox 287 5695 1881 5777">
     <span class='ocr_line' id='line_1_82' title="bbox 287 5695 1881 5777; baseline 0.011 -30"><span class='ocrx_word' id='word_1_572' title='bbox 287 5695 567 5767; x_wconf 74' lang='lat' dir='ltr'><strong>quidpiam</strong></span> <span class='ocrx_word' id='word_1_573' title='bbox 600 5695 745 5765; x_wconf 87' lang='lat' dir='ltr'><strong>fecit,</strong></span> <span class='ocrx_word' id='word_1_574' title='bbox 776 5697 822 5752; x_wconf 88' lang='lat' dir='ltr'><strong>si</strong></span> <span class='ocrx_word' id='word_1_575' title='bbox 865 5698 1000 5755; x_wconf 88' lang='lat' dir='ltr'><strong>tales</strong></span> <span class='ocrx_word' id='word_1_576' title='bbox 1027 5702 1237 5758; x_wconf 87' lang='lat' dir='ltr'><strong>labores</strong></span> <span class='ocrx_word' id='word_1_577' title='bbox 1264 5706 1517 5775; x_wconf 87' lang='lat' dir='ltr'><strong>suscepit,</strong></span> <span class='ocrx_word' id='word_1_578' title='bbox 1558 5706 1603 5762; x_wconf 86' lang='lat' dir='ltr'><strong>si</strong></span> <span class='ocrx_word' id='word_1_579' title='bbox 1642 5710 1881 5777; x_wconf 87' lang='lat' dir='ltr'><strong>pericula</strong></span> 
     </span>
    </p>
   </div>
   <div class='ocr_carea' id='block_1_83' title="bbox 286 5787 1881 5860">
    <p class='ocr_par' dir='ltr' id='par_1_83' title="bbox 286 5787 1881 5860">
     <span class='ocr_line' id='line_1_83' title="bbox 286 5787 1881 5860; baseline 0.013 -20"><span class='ocrx_word' id='word_1_580' title='bbox 286 5787 411 5853; x_wconf 62' lang='lat' dir='ltr'><strong>adit</strong></span> <span class='ocrx_word' id='word_1_581' title='bbox 434 5803 497 5844; x_wconf 87' lang='lat' dir='ltr'><strong>ac</strong></span> <span class='ocrx_word' id='word_1_582' title='bbox 526 5791 847 5847; x_wconf 84' lang='lat' dir='ltr'><strong>tentationes</strong></span> <span class='ocrx_word' id='word_1_583' title='bbox 874 5792 1125 5849; x_wconf 87' lang='lat' dir='ltr'><strong>sustinet.</strong></span> <span class='ocrx_word' id='word_1_584' title='bbox 1158 5793 1283 5852; x_wconf 85' lang='lat' dir='ltr'><strong>Ideo</strong></span> <span class='ocrx_word' id='word_1_585' title='bbox 1310 5814 1416 5853; x_wconf 87' lang='lat' dir='ltr'><strong>non</strong></span> <span class='ocrx_word' id='word_1_586' title='bbox 1434 5799 1608 5855; x_wconf 84' lang='lat' dir='ltr'><strong>solum</strong></span> <span class='ocrx_word' id='word_1_587' title='bbox 1629 5816 1736 5856; x_wconf 89' lang='lat' dir='ltr'><strong>non</strong></span> <span class='ocrx_word' id='word_1_588' title='bbox 1758 5818 1881 5860; x_wconf 92' lang='lat' dir='ltr'><strong>con-</strong></span> 
     </span>
    </p>
   </div>
   <div class='ocr_carea' id='block_1_84' title="bbox 290 5877 1879 5955">
    <p class='ocr_par' dir='ltr' id='par_1_84' title="bbox 290 5877 1879 5955">
     <span class='ocr_line' id='line_1_84' title="bbox 290 5877 1879 5955; baseline 0.012 -23"><span class='ocrx_word' id='word_1_589' title='bbox 290 5877 527 5934; x_wconf 67' lang='lat' dir='ltr'><strong>cidimus</strong></span> <span class='ocrx_word' id='word_1_590' title='bbox 554 5880 756 5947; x_wconf 85' lang='lat' dir='ltr'><strong>animo,</strong></span> <span class='ocrx_word' id='word_1_591' title='bbox 800 5880 895 5936; x_wconf 87' lang='lat' dir='ltr'><strong>sed</strong></span> <span class='ocrx_word' id='word_1_592' title='bbox 934 5883 1095 5938; x_wconf 89' lang='lat' dir='ltr'><strong>etiam</strong></span> <span class='ocrx_word' id='word_1_593' title='bbox 1137 5888 1452 5955; x_wconf 73' lang='lat' dir='ltr'><strong>gaudemus,</strong></span> <span class='ocrx_word' id='word_1_594' title='bbox 1494 5904 1555 5945; x_wconf 89' lang='lat' dir='ltr'><strong>ac</strong></span> <span class='ocrx_word' id='word_1_595' title='bbox 1593 5892 1879 5950; x_wconf 76' lang='lat' dir='ltr'><strong>verborum</strong></span> 
     </span>
    </p>
   </div>
   <div class='ocr_carea' id='block_1_85' title="bbox 631 5978 1247 6047">
    <p class='ocr_par' dir='ltr' id='par_1_85' title="bbox 631 5978 1247 6047">
     <span class='ocr_line' id='line_1_85' title="bbox 631 5978 1247 6047; baseline 0.016 -11"><span class='ocrx_word' id='word_1_596' title='bbox 631 5978 902 6043; x_wconf 72' lang='grc' dir='ltr'><strong>Ριτιιοι.</strong></span> <span class='ocrx_word' id='word_1_597' title='bbox 919 5982 1049 6043; x_wconf 77' lang='lat' dir='ltr'><strong>Gn.</strong></span> <span class='ocrx_word' id='word_1_598' title='bbox 1092 5983 1247 6047; x_wconf 78' lang='lat' dir='ltr'><strong>LXI.</strong></span> 
     </span>
    </p>
   </div>
   <div class='ocr_carea' id='block_1_86' title="bbox 1956 2836 3543 2912">
    <p class='ocr_par' dir='ltr' id='par_1_86' title="bbox 1956 2836 3543 2912">
     <span class='ocr_line' id='line_1_86' title="bbox 1956 2836 3543 2912; baseline -0.001 -19"><span class='ocrx_word' id='word_1_599' title='bbox 1956 2836 2206 2893; x_wconf 79' lang='lat' dir='ltr'><strong>libertate</strong></span> <span class='ocrx_word' id='word_1_600' title='bbox 2226 2840 2442 2895; x_wconf 78' lang='lat' dir='ltr'><strong>utimur.</strong></span> <span class='ocrx_word' id='word_1_601' title='bbox 2470 2840 2755 2912; x_wconf 80' lang='lat' dir='ltr'><strong>Postquam</strong></span> <span class='ocrx_word' id='word_1_602' title='bbox 2778 2840 2919 2895; x_wconf 84' lang='lat' dir='ltr'><strong>enim</strong></span> <span class='ocrx_word' id='word_1_603' title='bbox 2942 2838 3094 2907; x_wconf 80' lang='lat' dir='ltr'><strong>dixit,</strong></span> <span class='ocrx_word' id='word_1_604' title='bbox 3116 2840 3237 2895; x_wconf 74' lang='lat' dir='ltr'><strong>Non</strong></span> <span class='ocrx_word' id='word_1_605' title='bbox 3260 2843 3543 2910; x_wconf 73' lang='lat' dir='ltr'><strong>deﬁcimus,</strong></span> 
     </span>
    </p>
   </div>
   <div class='ocr_carea' id='block_1_87' title="bbox 1955 2928 3547 3001">
    <p class='ocr_par' dir='ltr' id='par_1_87' title="bbox 1955 2928 3547 3001">
     <span class='ocr_line' id='line_1_87' title="bbox 1955 2928 3547 3001; baseline -0.001 -14"><span class='ocrx_word' id='word_1_606' title='bbox 1955 2928 2246 2998; x_wconf 86' lang='lat' dir='ltr'><strong>subnectit,</strong></span> <span class='ocrx_word' id='word_1_607' title='bbox 2278 2931 2384 2987; x_wconf 76' lang='lat' dir='ltr'><strong>Sed</strong></span> <span class='ocrx_word' id='word_1_608' title='bbox 2408 2933 2753 2987; x_wconf 75' lang='lat' dir='ltr'><strong>abdicavimus</strong></span> <span class='ocrx_word' id='word_1_609' title='bbox 2776 2934 2972 2987; x_wconf 86' lang='lat' dir='ltr'><strong>occulta</strong></span> <span class='ocrx_word' id='word_1_610' title='bbox 3002 2933 3282 3001; x_wconf 72' lang='lat' dir='ltr'><strong>dedecoris,</strong></span> <span class='ocrx_word' id='word_1_611' title='bbox 3308 2950 3409 2986; x_wconf 88' lang='lat' dir='ltr'><strong>non</strong></span> <span class='ocrx_word' id='word_1_612' title='bbox 3432 2950 3518 2993; x_wconf 78' lang='lat' dir='ltr'><strong>am</strong></span> <span class='ocrx_word' id='word_1_613' title='bbox 3534 2966 3547 2975; x_wconf 83' lang='lat'><strong>-</strong></span> 
     </span>
    </p>
   </div>
   <div class='ocr_carea' id='block_1_88' title="bbox 1954 3024 3543 3097">
    <p class='ocr_par' dir='ltr' id='par_1_88' title="bbox 1954 3024 3543 3097">
     <span class='ocr_line' id='line_1_88' title="bbox 1954 3024 3543 3097; baseline 0 -18"><span class='ocrx_word' id='word_1_614' title='bbox 1954 3026 2184 3088; x_wconf 69' lang='lat' dir='ltr'><strong>halantes</strong></span> <span class='ocrx_word' id='word_1_615' title='bbox 2214 3027 2267 3081; x_wconf 88' lang='lat' dir='ltr'><strong>in</strong></span> <span class='ocrx_word' id='word_1_616' title='bbox 2312 3026 2522 3093; x_wconf 81' lang='lat' dir='ltr'><strong>astutia,</strong></span> <span class='ocrx_word' id='word_1_617' title='bbox 2575 3042 2737 3097; x_wconf 82' lang='lat' dir='ltr'><strong>neque</strong></span> <span class='ocrx_word' id='word_1_618' title='bbox 2783 3026 3125 3080; x_wconf 77' lang='lat' dir='ltr'><strong>adulterantes</strong></span> <span class='ocrx_word' id='word_1_619' title='bbox 3168 3027 3373 3083; x_wconf 71' lang='lat' dir='ltr'><strong>verbum</strong></span> <span class='ocrx_word' id='word_1_620' title='bbox 3425 3024 3543 3080; x_wconf 84' lang='lat' dir='ltr'><strong>Dei.</strong></span> 
     </span>
    </p>
   </div>
   <div class='ocr_carea' id='block_1_89' title="bbox 1956 3117 3545 3189">
    <p class='ocr_par' dir='ltr' id='par_1_89' title="bbox 1956 3117 3545 3189">
     <span class='ocr_line' id='line_1_89' title="bbox 1956 3117 3545 3189; baseline 0.001 -19"><span class='ocrx_word' id='word_1_621' title='bbox 1956 3118 2092 3185; x_wconf 86' lang='lat' dir='ltr'><strong>Quid</strong></span> <span class='ocrx_word' id='word_1_622' title='bbox 2125 3118 2223 3172; x_wconf 90' lang='lat' dir='ltr'><strong>sibi</strong></span> <span class='ocrx_word' id='word_1_623' title='bbox 2246 3119 2433 3173; x_wconf 81' lang='lat' dir='ltr'><strong>volunt</strong></span> <span class='ocrx_word' id='word_1_624' title='bbox 2454 3118 2590 3183; x_wconf 70' lang='lat' dir='ltr'><strong>htec,</strong></span> <span class='ocrx_word' id='word_1_625' title='bbox 2627 3117 2840 3173; x_wconf 81' lang='lat' dir='ltr'><strong>Occulta</strong></span> <span class='ocrx_word' id='word_1_626' title='bbox 2861 3118 3161 3183; x_wconf 77' lang='lat' dir='ltr'><strong>dedecoris?</strong></span> <span class='ocrx_word' id='word_1_627' title='bbox 3184 3117 3321 3183; x_wconf 82' lang='lat' dir='ltr'><strong>Non,</strong></span> <span class='ocrx_word' id='word_1_628' title='bbox 3354 3117 3545 3189; x_wconf 87' lang='lat' dir='ltr'><strong>inquit,</strong></span> 
     </span>
    </p>
   </div>
   <div class='ocr_carea' id='block_1_90' title="bbox 1958 3213 3549 3287">
    <p class='ocr_par' dir='ltr' id='par_1_90' title="bbox 1958 3213 3549 3287">
     <span class='ocr_line' id='line_1_90' title="bbox 1958 3213 3549 3287; baseline 0.004 -18"><span class='ocrx_word' id='word_1_629' title='bbox 1958 3228 2147 3281; x_wconf 81' lang='lat' dir='ltr'><strong>magna</strong></span> <span class='ocrx_word' id='word_1_630' title='bbox 2180 3213 2499 3283; x_wconf 76' lang='lat' dir='ltr'><strong>profitemur</strong></span> <span class='ocrx_word' id='word_1_631' title='bbox 2542 3229 2606 3269; x_wconf 86' lang='lat' dir='ltr'><strong>ac</strong></span> <span class='ocrx_word' id='word_1_632' title='bbox 2647 3214 2965 3283; x_wconf 87' lang='lat' dir='ltr'><strong>pollicemur</strong></span> <span class='ocrx_word' id='word_1_633' title='bbox 2992 3225 3045 3270; x_wconf 93' lang='lat' dir='ltr'><strong>et</strong></span> <span class='ocrx_word' id='word_1_634' title='bbox 3084 3215 3185 3269; x_wconf 87' lang='lat' dir='ltr'><strong>alia</strong></span> <span class='ocrx_word' id='word_1_635' title='bbox 3229 3216 3391 3273; x_wconf 83' lang='lat' dir='ltr'><strong>rebus</strong></span> <span class='ocrx_word' id='word_1_636' title='bbox 3421 3218 3549 3287; x_wconf 87' lang='lat' dir='ltr'><strong>ipsis</strong></span> 
     </span>
    </p>
   </div>
   <div class='ocr_carea' id='block_1_91' title="bbox 1958 3305 3547 3383">
    <p class='ocr_par' dir='ltr' id='par_1_91' title="bbox 1958 3305 3547 3383">
     <span class='ocr_line' id='line_1_91' title="bbox 1958 3305 3547 3383; baseline 0 -22"><span class='ocrx_word' id='word_1_637' title='bbox 1958 3306 2312 3364; x_wconf 88' lang='lat' dir='ltr'><strong>ostendimus,</strong></span> <span class='ocrx_word' id='word_1_638' title='bbox 2338 3305 2789 3374; x_wconf 85' lang='lat' dir='ltr'><strong>quemadmodum</strong></span> <span class='ocrx_word' id='word_1_639' title='bbox 2823 3307 2895 3361; x_wconf 90' lang='lat' dir='ltr'><strong>illi</strong></span> <span class='ocrx_word' id='word_1_640' title='bbox 2922 3322 2936 3361; x_wconf 85' lang='lat'><strong>:</strong></span> <span class='ocrx_word' id='word_1_641' title='bbox 2967 3308 3108 3362; x_wconf 91' lang='lat' dir='ltr'><strong>unde</strong></span> <span class='ocrx_word' id='word_1_642' title='bbox 3133 3308 3293 3362; x_wconf 84' lang='lat' dir='ltr'><strong>etiam</strong></span> <span class='ocrx_word' id='word_1_643' title='bbox 3317 3308 3547 3383; x_wconf 83' lang='lat' dir='ltr'><strong>dicebat,</strong></span> 
     </span>
    </p>
   </div>
   <div class='ocr_carea' id='block_1_92' title="bbox 1964 3396 3548 3469">
    <p class='ocr_par' dir='ltr' id='par_1_92' title="bbox 1964 3396 3548 3469">
     <span class='ocr_line' id='line_1_92' title="bbox 1964 3396 3548 3469; baseline 0.006 -22"><span class='ocrx_word' id='word_1_644' title='bbox 1964 3396 2091 3464; x_wconf 80' lang='lat' dir='ltr'><strong>Qua:</strong></span> <span class='ocrx_word' id='word_1_645' title='bbox 2117 3396 2168 3451; x_wconf 86' lang='lat' dir='ltr'><strong>in</strong></span> <span class='ocrx_word' id='word_1_646' title='bbox 2191 3398 2371 3467; x_wconf 77' lang='lat' dir='ltr'><strong>faciem</strong></span> <span class='ocrx_word' id='word_1_647' title='bbox 2394 3405 2529 3461; x_wconf 85' lang='lat' dir='ltr'><strong>sunt,</strong></span> <span class='ocrx_word' id='word_1_648' title='bbox 2563 3396 2848 3467; x_wconf 84' lang='lat' dir='ltr'><strong>perspicitis</strong></span> <span class='ocrx_word' id='word_1_649' title='bbox 2870 3396 2944 3467; x_wconf 75' lang='lat'><strong>(2.</strong></span> <span class='ocrx_word' id='word_1_650' title='bbox 2970 3396 3089 3452; x_wconf 83' lang='lat' dir='ltr'><strong>Cor.</strong></span> <span class='ocrx_word' id='word_1_651' title='bbox 3123 3398 3210 3453; x_wconf 78' lang='grc'><strong>10.</strong></span> <span class='ocrx_word' id='word_1_652' title='bbox 3235 3398 3290 3469; x_wconf 83' lang='grc'><strong>7)</strong></span> <span class='ocrx_word' id='word_1_653' title='bbox 3316 3417 3329 3451; x_wconf 88' lang='lat'><strong>:</strong></span> <span class='ocrx_word' id='word_1_654' title='bbox 3365 3414 3548 3456; x_wconf 83' lang='lat' dir='ltr'><strong>verum</strong></span> 
     </span>
    </p>
   </div>
   <div class='ocr_carea' id='block_1_93' title="bbox 1961 3488 3552 3565">
    <p class='ocr_par' dir='ltr' id='par_1_93' title="bbox 1961 3488 3552 3565">
     <span class='ocr_line' id='line_1_93' title="bbox 1961 3488 3552 3565; baseline 0.004 -25"><span class='ocrx_word' id='word_1_655' title='bbox 1961 3489 2096 3541; x_wconf 83' lang='lat' dir='ltr'><strong>tales</strong></span> <span class='ocrx_word' id='word_1_656' title='bbox 2118 3488 2343 3543; x_wconf 92' lang='lat' dir='ltr'><strong>omnino</strong></span> <span class='ocrx_word' id='word_1_657' title='bbox 2371 3502 2579 3554; x_wconf 88' lang='lat' dir='ltr'><strong>sumus,</strong></span> <span class='ocrx_word' id='word_1_658' title='bbox 2612 3488 2801 3559; x_wconf 84' lang='lat' dir='ltr'><strong>quales</strong></span> <span class='ocrx_word' id='word_1_659' title='bbox 2826 3488 3118 3557; x_wconf 85' lang='lat' dir='ltr'><strong>cernimur,</strong></span> <span class='ocrx_word' id='word_1_660' title='bbox 3149 3504 3254 3543; x_wconf 92' lang='lat' dir='ltr'><strong>non</strong></span> <span class='ocrx_word' id='word_1_661' title='bbox 3279 3490 3462 3565; x_wconf 83' lang='lat' dir='ltr'><strong>llctum</strong></span> <span class='ocrx_word' id='word_1_662' title='bbox 3488 3507 3552 3547; x_wconf 79' lang='lat' dir='ltr'><strong>ac</strong></span> 
     </span>
    </p>
   </div>
   <div class='ocr_carea' id='block_1_94' title="bbox 1962 3580 3553 3652">
    <p class='ocr_par' dir='ltr' id='par_1_94' title="bbox 1962 3580 3553 3652">
     <span class='ocr_line' id='line_1_94' title="bbox 1962 3580 3553 3652; baseline 0.002 -17"><span class='ocrx_word' id='word_1_663' title='bbox 1962 3582 2109 3636; x_wconf 83' lang='lat' dir='ltr'><strong>velut</strong></span> <span class='ocrx_word' id='word_1_664' title='bbox 2130 3580 2397 3651; x_wconf 88' lang='lat' dir='ltr'><strong>duplicem</strong></span> <span class='ocrx_word' id='word_1_665' title='bbox 2424 3581 2661 3637; x_wconf 90' lang='lat' dir='ltr'><strong>animum</strong></span> <span class='ocrx_word' id='word_1_666' title='bbox 2690 3593 2961 3652; x_wconf 84' lang='lat' dir='ltr'><strong>gerentes,</strong></span> <span class='ocrx_word' id='word_1_667' title='bbox 2996 3598 3093 3637; x_wconf 84' lang='lat' dir='ltr'><strong>nec</strong></span> <span class='ocrx_word' id='word_1_668' title='bbox 3119 3598 3179 3638; x_wconf 86' lang='lat' dir='ltr'><strong>ea</strong></span> <span class='ocrx_word' id='word_1_669' title='bbox 3213 3582 3454 3639; x_wconf 86' lang='lat' dir='ltr'><strong>dicentes</strong></span> <span class='ocrx_word' id='word_1_670' title='bbox 3474 3594 3553 3638; x_wconf 85' lang='lat' dir='ltr'><strong>at-</strong></span> 
     </span>
    </p>
   </div>
   <div class='ocr_carea' id='block_1_95' title="bbox 1963 3674 3553 3745">
    <p class='ocr_par' dir='ltr' id='par_1_95' title="bbox 1963 3674 3553 3745">
     <span class='ocr_line' id='line_1_95' title="bbox 1963 3674 3553 3745; baseline -0.001 -14"><span class='ocrx_word' id='word_1_671' title='bbox 1963 3691 2069 3745; x_wconf 84' lang='lat' dir='ltr'><strong>que</strong></span> <span class='ocrx_word' id='word_1_672' title='bbox 2098 3685 2340 3745; x_wconf 82' lang='lat' dir='ltr'><strong>agentes,</strong></span> <span class='ocrx_word' id='word_1_673' title='bbox 2374 3690 2493 3744; x_wconf 70' lang='lat' dir='ltr'><strong>quae</strong></span> <span class='ocrx_word' id='word_1_674' title='bbox 2521 3689 2632 3744; x_wconf 76' lang='lat' dir='ltr'><strong>pra:</strong></span> <span class='ocrx_word' id='word_1_675' title='bbox 2680 3675 2881 3743; x_wconf 87' lang='lat' dir='ltr'><strong>pudore</strong></span> <span class='ocrx_word' id='word_1_676' title='bbox 2920 3689 2983 3727; x_wconf 88' lang='lat' dir='ltr'><strong>ac</strong></span> <span class='ocrx_word' id='word_1_677' title='bbox 3011 3674 3209 3729; x_wconf 90' lang='lat' dir='ltr'><strong>rubore</strong></span> <span class='ocrx_word' id='word_1_678' title='bbox 3233 3676 3553 3739; x_wconf 78' lang='lat' dir='ltr'><strong>occultanda</strong></span> 
     </span>
    </p>
   </div>
   <div class='ocr_carea' id='block_1_96' title="bbox 1962 3765 3554 3839">
    <p class='ocr_par' dir='ltr' id='par_1_96' title="bbox 1962 3765 3554 3839">
     <span class='ocr_line' id='line_1_96' title="bbox 1962 3765 3554 3839; baseline 0.001 -18"><span class='ocrx_word' id='word_1_679' title='bbox 1962 3777 2014 3821; x_wconf 87' lang='lat' dir='ltr'><strong>et</strong></span> <span class='ocrx_word' id='word_1_680' title='bbox 2046 3766 2191 3820; x_wconf 74' lang='lat' dir='ltr'><strong>velut</strong></span> <span class='ocrx_word' id='word_1_681' title='bbox 2232 3766 2436 3822; x_wconf 89' lang='lat' dir='ltr'><strong>umbris</strong></span> <span class='ocrx_word' id='word_1_682' title='bbox 2484 3766 2803 3837; x_wconf 84' lang='lat' dir='ltr'><strong>quibusdam</strong></span> <span class='ocrx_word' id='word_1_683' title='bbox 2852 3765 3185 3821; x_wconf 77' lang='lat' dir='ltr'><strong>obvolvenda</strong></span> <span class='ocrx_word' id='word_1_684' title='bbox 3232 3768 3357 3823; x_wconf 88' lang='lat' dir='ltr'><strong>sint.</strong></span> <span class='ocrx_word' id='word_1_685' title='bbox 3391 3769 3554 3839; x_wconf 84' lang='lat' dir='ltr'><strong>quue</strong></span> 
     </span>
    </p>
   </div>
   <div class='ocr_carea' id='block_1_97' title="bbox 1964 3858 3552 3928">
    <p class='ocr_par' dir='ltr' id='par_1_97' title="bbox 1964 3858 3552 3928">
     <span class='ocr_line' id='line_1_97' title="bbox 1964 3858 3552 3928; baseline 0.002 -14"><span class='ocrx_word' id='word_1_686' title='bbox 1964 3874 2267 3928; x_wconf 75' lang='lat' dir='ltr'><strong>exponens,</strong></span> <span class='ocrx_word' id='word_1_687' title='bbox 2300 3859 2593 3927; x_wconf 79' lang='lat' dir='ltr'><strong>subjnnxit,</strong></span> <span class='ocrx_word' id='word_1_688' title='bbox 2628 3860 2751 3912; x_wconf 82' lang='lat' dir='ltr'><strong>Non</strong></span> <span class='ocrx_word' id='word_1_689' title='bbox 2773 3858 3086 3914; x_wconf 80' lang='lat' dir='ltr'><strong>ambulantes</strong></span> <span class='ocrx_word' id='word_1_690' title='bbox 3111 3860 3163 3913; x_wconf 86' lang='lat' dir='ltr'><strong>in</strong></span> <span class='ocrx_word' id='word_1_691' title='bbox 3190 3860 3395 3914; x_wconf 83' lang='lat' dir='ltr'><strong>astutia.</strong></span> <span class='ocrx_word' id='word_1_692' title='bbox 3422 3860 3552 3918; x_wconf 85' lang='lat' dir='ltr'><strong>Nam</strong></span> 
     </span>
    </p>
   </div>
   <div class='ocr_carea' id='block_1_98' title="bbox 1966 3948 3555 4019">
    <p class='ocr_par' dir='ltr' id='par_1_98' title="bbox 1966 3948 3555 4019">
     <span class='ocr_line' id='line_1_98' title="bbox 1966 3948 3555 4019; baseline 0.002 -17"><span class='ocrx_word' id='word_1_693' title='bbox 1966 3950 2108 4019; x_wconf 90' lang='lat' dir='ltr'><strong>quod</strong></span> <span class='ocrx_word' id='word_1_694' title='bbox 2153 3950 2226 4002; x_wconf 91' lang='lat' dir='ltr'><strong>illi</strong></span> <span class='ocrx_word' id='word_1_695' title='bbox 2259 3950 2405 4003; x_wconf 90' lang='lat' dir='ltr'><strong>laudi</strong></span> <span class='ocrx_word' id='word_1_696' title='bbox 2434 3948 2721 4010; x_wconf 83' lang='lat' dir='ltr'><strong>ducebant,</strong></span> <span class='ocrx_word' id='word_1_697' title='bbox 2757 3949 2856 4002; x_wconf 91' lang='lat' dir='ltr'><strong>hoc</strong></span> <span class='ocrx_word' id='word_1_698' title='bbox 2883 3950 2997 4018; x_wconf 90' lang='lat' dir='ltr'><strong>ipse</strong></span> <span class='ocrx_word' id='word_1_699' title='bbox 3027 3950 3225 4004; x_wconf 73' lang='lat' dir='ltr'><strong>fmdum</strong></span> <span class='ocrx_word' id='word_1_700' title='bbox 3268 3967 3330 4005; x_wconf 89' lang='lat' dir='ltr'><strong>ac</strong></span> <span class='ocrx_word' id='word_1_701' title='bbox 3358 3952 3555 4006; x_wconf 79' lang='lat' dir='ltr'><strong>ridicu~</strong></span> 
     </span>
    </p>
   </div>
   <div class='ocr_carea' id='block_1_99' title="bbox 1968 4040 3554 4110">
    <p class='ocr_par' dir='ltr' id='par_1_99' title="bbox 1968 4040 3554 4110">
     <span class='ocr_line' id='line_1_99' title="bbox 1968 4040 3554 4110; baseline 0.003 -17"><span class='ocrx_word' id='word_1_702' title='bbox 1968 4045 2077 4102; x_wconf 81' lang='lat' dir='ltr'><strong>lum</strong></span> <span class='ocrx_word' id='word_1_703' title='bbox 2100 4059 2220 4099; x_wconf 73' lang='lat' dir='ltr'><strong>esse</strong></span> <span class='ocrx_word' id='word_1_704' title='bbox 2251 4043 2452 4103; x_wconf 80' lang='lat' dir='ltr'><strong>statuit.</strong></span> <span class='ocrx_word' id='word_1_705' title='bbox 2497 4042 2764 4110; x_wconf 82' lang='lat' dir='ltr'><strong>Quidnam</strong></span> <span class='ocrx_word' id='word_1_706' title='bbox 2792 4049 2968 4096; x_wconf 82' lang='lat' dir='ltr'><strong>autem</strong></span> <span class='ocrx_word' id='word_1_707' title='bbox 2997 4049 3099 4107; x_wconf 87' lang='lat' dir='ltr'><strong>est,</strong></span> <span class='ocrx_word' id='word_1_708' title='bbox 3152 4040 3214 4094; x_wconf 85' lang='lat' dir='ltr'><strong>In</strong></span> <span class='ocrx_word' id='word_1_709' title='bbox 3245 4045 3473 4097; x_wconf 82' lang='lat' dir='ltr'><strong>astutia?</strong></span> <span class='ocrx_word' id='word_1_710' title='bbox 3499 4045 3554 4099; x_wconf 85' lang='lat' dir='ltr'><strong>In</strong></span> 
     </span>
    </p>
   </div>
   <div class='ocr_carea' id='block_1_100' title="bbox 1970 4131 3555 4203">
    <p class='ocr_par' dir='ltr' id='par_1_100' title="bbox 1970 4131 3555 4203">
     <span class='ocr_line' id='line_1_100' title="bbox 1970 4131 3555 4203; baseline -0.001 -14"><span class='ocrx_word' id='word_1_711' title='bbox 1970 4152 2032 4189; x_wconf 87' lang='lat' dir='ltr'><strong>ea</strong></span> <span class='ocrx_word' id='word_1_712' title='bbox 2063 4136 2460 4193; x_wconf 74' lang='lat' dir='ltr'><strong>existimatione</strong></span> <span class='ocrx_word' id='word_1_713' title='bbox 2489 4133 2565 4187; x_wconf 91' lang='lat' dir='ltr'><strong>illi</strong></span> <span class='ocrx_word' id='word_1_714' title='bbox 2606 4142 2781 4199; x_wconf 88' lang='lat' dir='ltr'><strong>erant,</strong></span> <span class='ocrx_word' id='word_1_715' title='bbox 2812 4131 2962 4203; x_wconf 85' lang='lat' dir='ltr'><strong>quasi</strong></span> <span class='ocrx_word' id='word_1_716' title='bbox 2988 4132 3056 4186; x_wconf 90' lang='lat' dir='ltr'><strong>ab</strong></span> <span class='ocrx_word' id='word_1_717' title='bbox 3083 4131 3407 4201; x_wconf 85' lang='lat' dir='ltr'><strong>accipiendis</strong></span> <span class='ocrx_word' id='word_1_718' title='bbox 3438 4150 3555 4189; x_wconf 92' lang='lat' dir='ltr'><strong>mu-</strong></span> 
     </span>
    </p>
   </div>
   <div class='ocr_carea' id='block_1_101' title="bbox 1972 4224 3553 4294">
    <p class='ocr_par' dir='ltr' id='par_1_101' title="bbox 1972 4224 3553 4294">
     <span class='ocr_line' id='line_1_101' title="bbox 1972 4224 3553 4294; baseline 0 -13"><span class='ocrx_word' id='word_1_719' title='bbox 1972 4230 2189 4281; x_wconf 86' lang='lat' dir='ltr'><strong>neribus</strong></span> <span class='ocrx_word' id='word_1_720' title='bbox 2221 4227 2572 4287; x_wconf 82' lang='lat' dir='ltr'><strong>abstinerent,</strong></span> <span class='ocrx_word' id='word_1_721' title='bbox 2607 4240 2727 4279; x_wconf 90' lang='lat' dir='ltr'><strong>cum</strong></span> <span class='ocrx_word' id='word_1_722' title='bbox 2759 4238 2934 4278; x_wconf 88' lang='lat' dir='ltr'><strong>tamen</strong></span> <span class='ocrx_word' id='word_1_723' title='bbox 2966 4224 3175 4281; x_wconf 86' lang='lat' dir='ltr'><strong>occulte</strong></span> <span class='ocrx_word' id='word_1_724' title='bbox 3204 4228 3514 4294; x_wconf 87' lang='lat' dir='ltr'><strong>acciperent</strong></span> <span class='ocrx_word' id='word_1_725' title='bbox 3542 4247 3553 4280; x_wconf 93' lang='lat'>:</span> 
     </span>
    </p>
   </div>
   <div class='ocr_carea' id='block_1_102' title="bbox 1972 4316 3559 4386">
    <p class='ocr_par' dir='ltr' id='par_1_102' title="bbox 1972 4316 3559 4386">
     <span class='ocr_line' id='line_1_102' title="bbox 1972 4316 3559 4386; baseline 0.001 -14"><span class='ocrx_word' id='word_1_726' title='bbox 1972 4328 2278 4375; x_wconf 80' lang='lat' dir='ltr'><strong>sanctorum</strong></span> <span class='ocrx_word' id='word_1_727' title='bbox 2321 4332 2384 4370; x_wconf 89' lang='lat' dir='ltr'><strong>ac</strong></span> <span class='ocrx_word' id='word_1_728' title='bbox 2413 4316 2706 4386; x_wconf 86' lang='lat' dir='ltr'><strong>proborum</strong></span> <span class='ocrx_word' id='word_1_729' title='bbox 2748 4318 3111 4386; x_wconf 89' lang='lat' dir='ltr'><strong>apostolorum</strong></span> <span class='ocrx_word' id='word_1_730' title='bbox 3158 4317 3559 4375; x_wconf 81' lang='lat' dir='ltr'><strong>existimatione</strong></span> 
     </span>
    </p>
   </div>
   <div class='ocr_carea' id='block_1_103' title="bbox 1972 4409 3564 4480">
    <p class='ocr_par' dir='ltr' id='par_1_103' title="bbox 1972 4409 3564 4480">
     <span class='ocr_line' id='line_1_103' title="bbox 1972 4409 3564 4480; baseline -0.003 -11"><span class='ocrx_word' id='word_1_731' title='bbox 1972 4411 2257 4480; x_wconf 77' lang='lat' dir='ltr'><strong>florebant,</strong></span> <span class='ocrx_word' id='word_1_732' title='bbox 2288 4426 2409 4466; x_wconf 90' lang='lat' dir='ltr'><strong>cum</strong></span> <span class='ocrx_word' id='word_1_733' title='bbox 2442 4410 2654 4465; x_wconf 90' lang='lat' dir='ltr'><strong>interim</strong></span> <span class='ocrx_word' id='word_1_734' title='bbox 2683 4409 2977 4465; x_wconf 88' lang='lat' dir='ltr'><strong>innumeris</strong></span> <span class='ocrx_word' id='word_1_735' title='bbox 3010 4409 3149 4463; x_wconf 89' lang='lat' dir='ltr'><strong>vitiis</strong></span> <span class='ocrx_word' id='word_1_736' title='bbox 3181 4418 3473 4466; x_wconf 89' lang='lat' dir='ltr'><strong>scaterent.</strong></span> <span class='ocrx_word' id='word_1_737' title='bbox 3497 4412 3564 4464; x_wconf 81' lang='lat' dir='ltr'><strong>At</strong></span> 
     </span>
    </p>
   </div>
   <div class='ocr_carea' id='block_1_104' title="bbox 1975 4500 3561 4575">
    <p class='ocr_par' dir='ltr' id='par_1_104' title="bbox 1975 4500 3561 4575">
     <span class='ocr_line' id='line_1_104' title="bbox 1975 4500 3561 4575; baseline -0.003 -14"><span class='ocrx_word' id='word_1_738' title='bbox 1975 4522 2092 4570; x_wconf 87' lang='lat' dir='ltr'><strong>nos,</strong></span> <span class='ocrx_word' id='word_1_739' title='bbox 2127 4505 2321 4575; x_wconf 88' lang='lat' dir='ltr'><strong>inquit,</strong></span> <span class='ocrx_word' id='word_1_740' title='bbox 2356 4505 2469 4562; x_wconf 63' lang='lat' dir='ltr'><strong>haec</strong></span> <span class='ocrx_word' id='word_1_741' title='bbox 2498 4502 2793 4573; x_wconf 86' lang='lat' dir='ltr'><strong>abjecimus</strong></span> <span class='ocrx_word' id='word_1_742' title='bbox 2824 4504 2971 4572; x_wconf 91' lang='lat' dir='ltr'><strong>(nam</strong></span> <span class='ocrx_word' id='word_1_743' title='bbox 3001 4500 3119 4559; x_wconf 72' lang='lat' dir='ltr'><strong>hmc</strong></span> <span class='ocrx_word' id='word_1_744' title='bbox 3146 4511 3291 4566; x_wconf 90' lang='lat' dir='ltr'><strong>sunt,</strong></span> <span class='ocrx_word' id='word_1_745' title='bbox 3321 4518 3440 4571; x_wconf 82' lang='lat' dir='ltr'><strong>quae</strong></span> <span class='ocrx_word' id='word_1_746' title='bbox 3465 4518 3561 4557; x_wconf 85' lang='lat' dir='ltr'><strong>oc-</strong></span> 
     </span>
    </p>
   </div>
   <div class='ocr_carea' id='block_1_105' title="bbox 1975 4595 3566 4673">
    <p class='ocr_par' dir='ltr' id='par_1_105' title="bbox 1975 4595 3566 4673">
     <span class='ocr_line' id='line_1_105' title="bbox 1975 4595 3566 4673; baseline -0.002 -17"><span class='ocrx_word' id='word_1_747' title='bbox 1975 4602 2116 4656; x_wconf 86' lang='lat' dir='ltr'><strong>culta</strong></span> <span class='ocrx_word' id='word_1_748' title='bbox 2158 4599 2438 4654; x_wconf 88' lang='lat' dir='ltr'><strong>dedecoris</strong></span> <span class='ocrx_word' id='word_1_749' title='bbox 2467 4596 2669 4667; x_wconf 83' lang='lat' dir='ltr'><strong>vocat),</strong></span> <span class='ocrx_word' id='word_1_750' title='bbox 2704 4596 2904 4666; x_wconf 91' lang='lat' dir='ltr'><strong>quippe</strong></span> <span class='ocrx_word' id='word_1_751' title='bbox 2930 4596 3024 4666; x_wconf 89' lang='lat' dir='ltr'><strong>qui</strong></span> <span class='ocrx_word' id='word_1_752' title='bbox 3058 4595 3405 4673; x_wconf 17' lang='lat' dir='ltr'><strong>talesgsimus,</strong></span> <span class='ocrx_word' id='word_1_753' title='bbox 3436 4612 3566 4664; x_wconf 81' lang='lat' dir='ltr'><strong>qua.-</strong></span> 
     </span>
    </p>
   </div>
   <div class='ocr_carea' id='block_1_106' title="bbox 1974 4687 3562 4760">
    <p class='ocr_par' dir='ltr' id='par_1_106' title="bbox 1974 4687 3562 4760">
     <span class='ocr_line' id='line_1_106' title="bbox 1974 4687 3562 4760; baseline -0.006 -12"><span class='ocrx_word' id='word_1_754' title='bbox 1974 4696 2053 4749; x_wconf 89' lang='lat' dir='ltr'><strong>les</strong></span> <span class='ocrx_word' id='word_1_755' title='bbox 2085 4693 2358 4759; x_wconf 83' lang='lat' dir='ltr'><strong>videmur;</strong></span> <span class='ocrx_word' id='word_1_756' title='bbox 2382 4706 2481 4745; x_wconf 89' lang='lat' dir='ltr'><strong>nec</strong></span> <span class='ocrx_word' id='word_1_757' title='bbox 2511 4691 2815 4760; x_wconf 89' lang='lat' dir='ltr'><strong>quicquam,</strong></span> <span class='ocrx_word' id='word_1_758' title='bbox 2846 4703 2951 4742; x_wconf 90' lang='lat' dir='ltr'><strong>non</strong></span> <span class='ocrx_word' id='word_1_759' title='bbox 2984 4688 3145 4742; x_wconf 92' lang='lat' dir='ltr'><strong>modo</strong></span> <span class='ocrx_word' id='word_1_760' title='bbox 3172 4687 3226 4741; x_wconf 90' lang='lat' dir='ltr'><strong>in</strong></span> <span class='ocrx_word' id='word_1_761' title='bbox 3249 4688 3353 4742; x_wconf 86' lang='lat' dir='ltr'><strong>vita</strong></span> <span class='ocrx_word' id='word_1_762' title='bbox 3384 4700 3562 4743; x_wconf 79' lang='lat' dir='ltr'><strong>nostra</strong></span> 
     </span>
    </p>
   </div>
   <div class='ocr_carea' id='block_1_107' title="bbox 1976 4779 3566 4849">
    <p class='ocr_par' dir='ltr' id='par_1_107' title="bbox 1976 4779 3566 4849">
     <span class='ocr_line' id='line_1_107' title="bbox 1976 4779 3566 4849; baseline -0.004 -10"><span class='ocrx_word' id='word_1_763' title='bbox 1976 4794 2029 4839; x_wconf 86' lang='lat' dir='ltr'><strong>et</strong></span> <span class='ocrx_word' id='word_1_764' title='bbox 2049 4784 2307 4847; x_wconf 88' lang='lat' dir='ltr'><strong>moribus,</strong></span> <span class='ocrx_word' id='word_1_765' title='bbox 2339 4780 2434 4836; x_wconf 89' lang='lat' dir='ltr'><strong>sed</strong></span> <span class='ocrx_word' id='word_1_766' title='bbox 2457 4795 2555 4835; x_wconf 87' lang='lat' dir='ltr'><strong>nec</strong></span> <span class='ocrx_word' id='word_1_767' title='bbox 2571 4780 2953 4849; x_wconf 72' lang='lat' dir='ltr'><strong>przedicatione</strong></span> <span class='ocrx_word' id='word_1_768' title='bbox 2976 4788 3177 4834; x_wconf 91' lang='lat' dir='ltr'><strong>tectum</strong></span> <span class='ocrx_word' id='word_1_769' title='bbox 3199 4788 3363 4849; x_wconf 88' lang='lat' dir='ltr'><strong>atque</strong></span> <span class='ocrx_word' id='word_1_770' title='bbox 3380 4779 3566 4835; x_wconf 81' lang='lat' dir='ltr'><strong>adum-</strong></span> 
     </span>
    </p>
   </div>
   <div class='ocr_carea' id='block_1_108' title="bbox 1976 4869 3565 4941">
    <p class='ocr_par' dir='ltr' id='par_1_108' title="bbox 1976 4869 3565 4941">
     <span class='ocr_line' id='line_1_108' title="bbox 1976 4869 3565 4941; baseline -0.001 -11"><span class='ocrx_word' id='word_1_771' title='bbox 1976 4876 2186 4931; x_wconf 84' lang='lat' dir='ltr'><strong>bratum</strong></span> <span class='ocrx_word' id='word_1_772' title='bbox 2215 4874 2509 4927; x_wconf 87' lang='lat' dir='ltr'><strong>habemus:</strong></span> <span class='ocrx_word' id='word_1_773' title='bbox 2538 4870 2643 4928; x_wconf 87' lang='lat' dir='ltr'><strong>hoc</strong></span> <span class='ocrx_word' id='word_1_774' title='bbox 2668 4871 2813 4927; x_wconf 88' lang='lat' dir='ltr'><strong>enim</strong></span> <span class='ocrx_word' id='word_1_775' title='bbox 2838 4870 3121 4941; x_wconf 73' lang='lat' dir='ltr'><strong>signiﬁcat,</strong></span> <span class='ocrx_word' id='word_1_776' title='bbox 3153 4870 3298 4941; x_wconf 83' lang='lat' dir='ltr'><strong>quod</strong></span> <span class='ocrx_word' id='word_1_777' title='bbox 3328 4869 3565 4937; x_wconf 68' lang='lat' dir='ltr'><strong>ait,‘Ncr</strong></span> 
     </span>
    </p>
   </div>
   <div class='ocr_carea' id='block_1_109' title="bbox 1976 4961 3565 5037">
    <p class='ocr_par' dir='ltr' id='par_1_109' title="bbox 1976 4961 3565 5037">
     <span class='ocr_line' id='line_1_109' title="bbox 1976 4961 3565 5037; baseline -0.004 -14"><span class='ocrx_word' id='word_1_778' title='bbox 1976 4980 2072 5037; x_wconf 77' lang='lat' dir='ltr'><strong>que</strong></span> <span class='ocrx_word' id='word_1_779' title='bbox 2098 4965 2440 5019; x_wconf 81' lang='lat' dir='ltr'><strong>adulterantes</strong></span> <span class='ocrx_word' id='word_1_780' title='bbox 2465 4964 2666 5026; x_wconf 73' lang='lat' dir='ltr'><strong>uerbum</strong></span> <span class='ocrx_word' id='word_1_781' title='bbox 2694 4961 2812 5029; x_wconf 86' lang='lat' dir='ltr'><strong>Dei,</strong></span> <span class='ocrx_word' id='word_1_782' title='bbox 2841 4962 2931 5019; x_wconf 88' lang='lat' dir='ltr'><strong>sed</strong></span> <span class='ocrx_word' id='word_1_783' title='bbox 2958 4963 3011 5016; x_wconf 86' lang='lat' dir='ltr'><strong>in</strong></span> <span class='ocrx_word' id='word_1_784' title='bbox 3040 4963 3446 5032; x_wconf 79' lang='lat' dir='ltr'><strong>manifestatione</strong></span> <span class='ocrx_word' id='word_1_785' title='bbox 3483 4980 3565 5016; x_wconf 55' lang='lat' dir='ltr'><strong>se-</strong></span> 
     </span>
    </p>
   </div>
   <div class='ocr_carea' id='block_1_110' title="bbox 1978 5053 3567 5124">
    <p class='ocr_par' dir='ltr' id='par_1_110' title="bbox 1978 5053 3567 5124">
     <span class='ocr_line' id='line_1_110' title="bbox 1978 5053 3567 5124; baseline -0.002 -12"><span class='ocrx_word' id='word_1_786' title='bbox 1978 5058 2163 5112; x_wconf 82' lang='lat' dir='ltr'><strong>ritatis.</strong></span> <span class='ocrx_word' id='word_1_787' title='bbox 2190 5056 2304 5113; x_wconf 82' lang='lat' dir='ltr'><strong>Hoc</strong></span> <span class='ocrx_word' id='word_1_788' title='bbox 2330 5066 2433 5122; x_wconf 86' lang='lat' dir='ltr'><strong>est,</strong></span> <span class='ocrx_word' id='word_1_789' title='bbox 2478 5072 2584 5113; x_wconf 92' lang='lat' dir='ltr'><strong>non</strong></span> <span class='ocrx_word' id='word_1_790' title='bbox 2633 5055 2779 5109; x_wconf 91' lang='lat' dir='ltr'><strong>vultu</strong></span> <span class='ocrx_word' id='word_1_791' title='bbox 2808 5064 2863 5109; x_wconf 91' lang='lat' dir='ltr'><strong>et</strong></span> <span class='ocrx_word' id='word_1_792' title='bbox 2900 5054 3283 5122; x_wconf 86' lang='lat' dir='ltr'><strong>ostentatione,</strong></span> <span class='ocrx_word' id='word_1_793' title='bbox 3325 5053 3417 5109; x_wconf 90' lang='lat' dir='ltr'><strong>sed</strong></span> <span class='ocrx_word' id='word_1_794' title='bbox 3450 5054 3567 5124; x_wconf 81' lang='lat' dir='ltr'><strong>ipso</strong></span> 
     </span>
    </p>
   </div>
   <div class='ocr_carea' id='block_1_111' title="bbox 1980 5147 3565 5215">
    <p class='ocr_par' dir='ltr' id='par_1_111' title="bbox 1980 5147 3565 5215">
     <span class='ocr_line' id='line_1_111' title="bbox 1980 5147 3565 5215; baseline -0.004 -9"><span class='ocrx_word' id='word_1_795' title='bbox 1980 5167 2159 5206; x_wconf 89' lang='lat' dir='ltr'><strong>rerum</strong></span> <span class='ocrx_word' id='word_1_796' title='bbox 2183 5151 2529 5206; x_wconf 90' lang='lat' dir='ltr'><strong>documento.</strong></span> <span class='ocrx_word' id='word_1_797' title='bbox 2557 5147 2978 5202; x_wconf 81' lang='lat' dir='ltr'><strong>Commendantes</strong></span> <span class='ocrx_word' id='word_1_798' title='bbox 3002 5165 3092 5201; x_wconf 87' lang='lat' dir='ltr'><strong>nos</strong></span> <span class='ocrx_word' id='word_1_799' title='bbox 3113 5148 3249 5215; x_wconf 85' lang='lat' dir='ltr'><strong>ipsos</strong></span> <span class='ocrx_word' id='word_1_800' title='bbox 3274 5147 3343 5200; x_wconf 86' lang='lat' dir='ltr'><strong>ad</strong></span> <span class='ocrx_word' id='word_1_801' title='bbox 3366 5164 3565 5207; x_wconf 85' lang='lat' dir='ltr'><strong>omnem</strong></span> 
     </span>
    </p>
   </div>
   <div class='ocr_carea' id='block_1_112' title="bbox 1980 5240 3561 5302">
    <p class='ocr_par' dir='ltr' id='par_1_112' title="bbox 1980 5240 3561 5302">
     <span class='ocr_line' id='line_1_112' title="bbox 1980 5240 3561 5302; baseline -0.004 -3"><span class='ocrx_word' id='word_1_802' title='bbox 1980 5244 2338 5299; x_wconf 82' lang='lat' dir='ltr'><strong>conscientiam</strong></span> <span class='ocrx_word' id='word_1_803' title='bbox 2385 5241 2666 5296; x_wconf 78' lang='lat' dir='ltr'><strong>hominum.</strong></span> <span class='ocrx_word' id='word_1_804' title='bbox 2708 5240 2827 5296; x_wconf 86' lang='lat' dir='ltr'><strong>Non</strong></span> <span class='ocrx_word' id='word_1_805' title='bbox 2859 5242 3002 5296; x_wconf 88' lang='lat' dir='ltr'><strong>enim</strong></span> <span class='ocrx_word' id='word_1_806' title='bbox 3047 5241 3291 5295; x_wconf 70' lang='lat' dir='ltr'><strong>fidelibus</strong></span> <span class='ocrx_word' id='word_1_807' title='bbox 3334 5250 3561 5302; x_wconf 86' lang='lat' dir='ltr'><strong>tantum,</strong></span> 
     </span>
    </p>
   </div>
   <div class='ocr_carea' id='block_1_113' title="bbox 1982 5330 3566 5402">
    <p class='ocr_par' dir='ltr' id='par_1_113' title="bbox 1982 5330 3566 5402">
     <span class='ocr_line' id='line_1_113' title="bbox 1982 5330 3566 5402; baseline -0.004 -10"><span class='ocrx_word' id='word_1_808' title='bbox 1982 5334 2075 5392; x_wconf 88' lang='lat' dir='ltr'><strong>sed</strong></span> <span class='ocrx_word' id='word_1_809' title='bbox 2102 5342 2157 5389; x_wconf 91' lang='lat' dir='ltr'><strong>et</strong></span> <span class='ocrx_word' id='word_1_810' title='bbox 2186 5331 2492 5389; x_wconf 73' lang='lat' dir='ltr'><strong>infidelibus</strong></span> <span class='ocrx_word' id='word_1_811' title='bbox 2518 5330 2789 5402; x_wconf 83' lang='lat' dir='ltr'><strong>perspicui</strong></span> <span class='ocrx_word' id='word_1_812' title='bbox 2830 5346 3036 5395; x_wconf 87' lang='lat' dir='ltr'><strong>sumus,</strong></span> <span class='ocrx_word' id='word_1_813' title='bbox 3075 5346 3140 5387; x_wconf 86' lang='lat' dir='ltr'><strong>ac</strong></span> <span class='ocrx_word' id='word_1_814' title='bbox 3167 5330 3444 5401; x_wconf 88' lang='lat' dir='ltr'><strong>quibusvis</strong></span> <span class='ocrx_word' id='word_1_815' title='bbox 3474 5345 3566 5385; x_wconf 81' lang='lat' dir='ltr'><strong>ex-</strong></span> 
     </span>
    </p>
   </div>
   <div class='ocr_carea' id='block_1_114' title="bbox 1979 5421 3569 5500">
    <p class='ocr_par' dir='ltr' id='par_1_114' title="bbox 1979 5421 3569 5500">
     <span class='ocr_line' id='line_1_114' title="bbox 1979 5421 3569 5500; baseline -0.001 -18"><span class='ocrx_word' id='word_1_816' title='bbox 1979 5428 2161 5500; x_wconf 82' lang='lat' dir='ltr'><strong>positi,</strong></span> <span class='ocrx_word' id='word_1_817' title='bbox 2184 5436 2243 5481; x_wconf 91' lang='lat' dir='ltr'><strong>ut</strong></span> <span class='ocrx_word' id='word_1_818' title='bbox 2281 5439 2371 5480; x_wconf 87' lang='lat' dir='ltr'><strong>res</strong></span> <span class='ocrx_word' id='word_1_819' title='bbox 2394 5434 2607 5480; x_wconf 86' lang='lat' dir='ltr'><strong>nostras</strong></span> <span class='ocrx_word' id='word_1_820' title='bbox 2644 5422 2959 5494; x_wconf 80' lang='lat' dir='ltr'><strong>explorent:</strong></span> <span class='ocrx_word' id='word_1_821' title='bbox 2985 5430 3147 5493; x_wconf 86' lang='lat' dir='ltr'><strong>atque</strong></span> <span class='ocrx_word' id='word_1_822' title='bbox 3167 5421 3293 5477; x_wconf 89' lang='lat' dir='ltr'><strong>hinc</strong></span> <span class='ocrx_word' id='word_1_823' title='bbox 3319 5421 3569 5493; x_wconf 78' lang='lat' dir='ltr'><strong>nosipsos</strong></span> 
     </span>
    </p>
   </div>
   <div class='ocr_carea' id='block_1_115' title="bbox 1980 5514 3564 5587">
    <p class='ocr_par' dir='ltr' id='par_1_115' title="bbox 1980 5514 3564 5587">
     <span class='ocr_line' id='line_1_115' title="bbox 1980 5514 3564 5587; baseline -0.005 -9"><span class='ocrx_word' id='word_1_824' title='bbox 1980 5519 2443 5586; x_wconf 86' lang='lat' dir='ltr'><strong>commendamus,</strong></span> <span class='ocrx_word' id='word_1_825' title='bbox 2473 5533 2582 5578; x_wconf 87' lang='lat' dir='ltr'><strong>non</strong></span> <span class='ocrx_word' id='word_1_826' title='bbox 2610 5532 2640 5572; x_wconf 88' lang='lat' dir='ltr'><strong>a</strong></span> <span class='ocrx_word' id='word_1_827' title='bbox 2668 5516 2788 5571; x_wconf 88' lang='lat' dir='ltr'><strong>fuco</strong></span> <span class='ocrx_word' id='word_1_828' title='bbox 2816 5530 2882 5575; x_wconf 82' lang='lat' dir='ltr'><strong>ac</strong></span> <span class='ocrx_word' id='word_1_829' title='bbox 2909 5514 3275 5580; x_wconf 88' lang='lat' dir='ltr'><strong>simulatione,</strong></span> <span class='ocrx_word' id='word_1_830' title='bbox 3307 5524 3402 5571; x_wconf 86' lang='lat' dir='ltr'><strong>aut</strong></span> <span class='ocrx_word' id='word_1_831' title='bbox 3421 5517 3564 5587; x_wconf 81' lang='lat' dir='ltr'><strong>quod</strong></span> 
     </span>
    </p>
   </div>
   <div class='ocr_carea' id='block_1_116' title="bbox 1982 5604 3569 5686">
    <p class='ocr_par' dir='ltr' id='par_1_116' title="bbox 1982 5604 3569 5686">
     <span class='ocr_line' id='line_1_116' title="bbox 1982 5604 3569 5686; baseline -0.006 -15"><span class='ocrx_word' id='word_1_832' title='bbox 1982 5612 2318 5686; x_wconf 83' lang='lat' dir='ltr'><strong>splendidam</strong></span> <span class='ocrx_word' id='word_1_833' title='bbox 2364 5611 2567 5667; x_wconf 86' lang='lat' dir='ltr'><strong>larvam</strong></span> <span class='ocrx_word' id='word_1_834' title='bbox 2613 5604 3078 5668; x_wconf 71' lang='lat' dir='ltr'><strong>circumieramus.</strong></span> <span class='ocrx_word' id='word_1_835' title='bbox 3126 5606 3362 5665; x_wconf 83' lang='lat' dir='ltr'><strong>Dicimus</strong></span> <span class='ocrx_word' id='word_1_836' title='bbox 3389 5607 3569 5679; x_wconf 71' lang='lat' dir='ltr'><strong>itaque</strong></span> 
     </span>
    </p>
   </div>
   <div class='ocr_carea' id='block_1_117' title="bbox 1982 5699 3567 5773">
    <p class='ocr_par' dir='ltr' id='par_1_117' title="bbox 1982 5699 3567 5773">
     <span class='ocr_line' id='line_1_117' title="bbox 1982 5699 3567 5773; baseline -0.001 -10"><span class='ocrx_word' id='word_1_837' title='bbox 1982 5723 2082 5763; x_wconf 89' lang='lat' dir='ltr'><strong>nos</strong></span> <span class='ocrx_word' id='word_1_838' title='bbox 2111 5708 2316 5762; x_wconf 90' lang='lat' dir='ltr'><strong>nullum</strong></span> <span class='ocrx_word' id='word_1_839' title='bbox 2350 5720 2545 5761; x_wconf 87' lang='lat' dir='ltr'><strong>munus</strong></span> <span class='ocrx_word' id='word_1_840' title='bbox 2574 5703 2852 5773; x_wconf 81' lang='lat' dir='ltr'><strong>accipere;</strong></span> <span class='ocrx_word' id='word_1_841' title='bbox 2884 5711 3045 5773; x_wconf 86' lang='lat' dir='ltr'><strong>atque</strong></span> <span class='ocrx_word' id='word_1_842' title='bbox 3074 5699 3233 5772; x_wconf 87' lang='lat' dir='ltr'><strong>hujus</strong></span> <span class='ocrx_word' id='word_1_843' title='bbox 3255 5702 3337 5765; x_wconf 83' lang='lat' dir='ltr'><strong>rei</strong></span> <span class='ocrx_word' id='word_1_844' title='bbox 3361 5716 3460 5759; x_wconf 82' lang='lat' dir='ltr'><strong>vos</strong></span> <span class='ocrx_word' id='word_1_845' title='bbox 3488 5712 3567 5761; x_wconf 61' lang='lat' dir='ltr'><strong>to:</strong></span> 
     </span>
    </p>
   </div>
   <div class='ocr_carea' id='block_1_118' title="bbox 1980 5796 3567 5867">
    <p class='ocr_par' dir='ltr' id='par_1_118' title="bbox 1980 5796 3567 5867">
     <span class='ocr_line' id='line_1_118' title="bbox 1980 5796 3567 5867; baseline -0.001 -12"><span class='ocrx_word' id='word_1_846' title='bbox 1980 5811 2093 5862; x_wconf 78' lang='lat' dir='ltr'><strong>stes</strong></span> <span class='ocrx_word' id='word_1_847' title='bbox 2112 5815 2405 5865; x_wconf 77' lang='lat' dir='ltr'><strong>vocamus:</strong></span> <span class='ocrx_word' id='word_1_848' title='bbox 2434 5798 2661 5855; x_wconf 88' lang='lat' dir='ltr'><strong>dicimus</strong></span> <span class='ocrx_word' id='word_1_849' title='bbox 2681 5810 2783 5853; x_wconf 83' lang='lat' dir='ltr'><strong>nos</strong></span> <span class='ocrx_word' id='word_1_850' title='bbox 2812 5800 3011 5852; x_wconf 87' lang='lat' dir='ltr'><strong>nullius</strong></span> <span class='ocrx_word' id='word_1_851' title='bbox 3039 5796 3226 5867; x_wconf 76' lang='lat' dir='ltr'><strong>ﬂagitii</strong></span> <span class='ocrx_word' id='word_1_852' title='bbox 3253 5796 3407 5854; x_wconf 85' lang='lat' dir='ltr'><strong>nobis</strong></span> <span class='ocrx_word' id='word_1_853' title='bbox 3432 5811 3567 5860; x_wconf 77' lang='lat' dir='ltr'><strong>con-</strong></span> 
     </span>
    </p>
   </div>
   <div class='ocr_carea' id='block_1_119' title="bbox 1984 5888 3564 5963">
    <p class='ocr_par' dir='ltr' id='par_1_119' title="bbox 1984 5888 3564 5963">
     <span class='ocr_line' id='line_1_119' title="bbox 1984 5888 3564 5963; baseline -0.006 -11"><span class='ocrx_word' id='word_1_854' title='bbox 1984 5895 2124 5953; x_wconf 82' lang='lat' dir='ltr'><strong>scios</strong></span> <span class='ocrx_word' id='word_1_855' title='bbox 2154 5907 2306 5960; x_wconf 86' lang='lat' dir='ltr'><strong>esse;</strong></span> <span class='ocrx_word' id='word_1_856' title='bbox 2335 5900 2495 5963; x_wconf 86' lang='lat' dir='ltr'><strong>atque</strong></span> <span class='ocrx_word' id='word_1_857' title='bbox 2535 5888 2696 5959; x_wconf 77' lang='lat' dir='ltr'><strong>huius</strong></span> <span class='ocrx_word' id='word_1_858' title='bbox 2740 5888 2819 5945; x_wconf 89' lang='lat' dir='ltr'><strong>rei</strong></span> <span class='ocrx_word' id='word_1_859' title='bbox 2847 5903 3034 5947; x_wconf 85' lang='lat' dir='ltr'><strong>rursus</strong></span> <span class='ocrx_word' id='word_1_860' title='bbox 3060 5904 3090 5946; x_wconf 87' lang='lat' dir='ltr'><strong>a</strong></span> <span class='ocrx_word' id='word_1_861' title='bbox 3128 5891 3281 5948; x_wconf 76' lang='lat' dir='ltr'><strong>vobis</strong></span> <span class='ocrx_word' id='word_1_862' title='bbox 3319 5893 3564 5959; x_wconf 70' lang='lat' dir='ltr'><strong>testim.</strong></span> 
     </span>
    </p>
   </div>
   <div class='ocr_carea' id='block_1_120' title="bbox 3144 5992 3224 6057">
    <p class='ocr_par' dir='ltr' id='par_1_120' title="bbox 3144 5992 3224 6057">
     <span class='ocr_line' id='line_1_120' title="bbox 3144 5992 3224 6057; baseline 0 0"><span class='ocrx_word' id='word_1_863' title='bbox 3144 5992 3224 6057; x_wconf 74' lang='lat'><strong>29</strong></span> 
     </span>
    </p>
   </div>
   <div class='ocr_carea' id='block_1_121' title="bbox 4064 0 4522 4353">
    <p class='ocr_par' dir='ltr' id='par_1_121' title="bbox 4109 64 4240 190">
     <span class='ocr_line' id='line_1_121' title="bbox 4109 64 4240 190; baseline -0.008 -28"><span class='ocrx_word' id='word_1_864' title='bbox 4109 101 4170 190; x_wconf 63' lang='lat' dir='ltr'><strong>1g;</strong></span> <span class='ocrx_word' id='word_1_865' title='bbox 4224 64 4240 116; x_wconf 12' lang='grc' dir='ltr'><em>ν</em></span> 
     </span>
    </p>

    <p class='ocr_par' dir='ltr' id='par_1_122' title="bbox 4109 189 4268 290">
     <span class='ocr_line' id='line_1_122' title="bbox 4109 189 4268 290; baseline -0.031 -32"><span class='ocrx_word' id='word_1_866' title='bbox 4109 189 4186 290; x_wconf 52' lang='lat' dir='ltr'><strong>till</strong></span> <span class='ocrx_word' id='word_1_867' title='bbox 4235 209 4268 272; x_wconf 53' lang='grc' dir='ltr'><strong>ῖὲ</strong></span> 
     </span>
    </p>

    <p class='ocr_par' dir='ltr' id='par_1_123' title="bbox 4092 719 4270 796">
     <span class='ocr_line' id='line_1_123' title="bbox 4092 719 4270 796; baseline -0.006 -17"><span class='ocrx_word' id='word_1_868' title='bbox 4092 719 4184 796; x_wconf 52' lang='grc' dir='ltr'><strong>τρέξῗέ</strong></span> <span class='ocrx_word' id='word_1_869' title='bbox 4225 779 4230 782; x_wconf 96' lang='lat'><em>_</em></span> <span class='ocrx_word' id='word_1_870' title='bbox 4261 721 4270 790; x_wconf 73' lang='grc' dir='ltr'>ξ</span> 
     </span>
    </p>

    <p class='ocr_par' dir='ltr' id='par_1_124' title="bbox 4093 791 4270 822">
     <span class='ocr_line' id='line_1_124' title="bbox 4093 791 4270 822; baseline -0.011 0"><span class='ocrx_word' id='word_1_871' title='bbox 4153 811 4158 822; x_wconf 69' lang='grc' dir='ltr'>ι</span> <span class='ocrx_word' id='word_1_872' title='bbox 4259 797 4270 820; x_wconf 72' lang='grc' dir='ltr'><strong>π</strong></span> 
     </span>
    </p>

    <p class='ocr_par' dir='ltr' id='par_1_125' title="bbox 4103 911 4270 948">
     <span class='ocr_line' id='line_1_125' title="bbox 4103 911 4270 948; baseline -0.03 -6"><span class='ocrx_word' id='word_1_873' title='bbox 4103 913 4114 942; x_wconf 74' lang='grc' dir='ltr'><strong>,ἵ</strong></span> <span class='ocrx_word' id='word_1_874' title='bbox 4151 911 4182 944; x_wconf 78' lang='lat' dir='ltr'><strong>i‘.._</strong></span> <span class='ocrx_word' id='word_1_875' title='bbox 4265 927 4270 948; x_wconf 83' lang='lat'><strong>._</strong></span> 
     </span>
    </p>

    <p class='ocr_par' dir='ltr' id='par_1_126' title="bbox 4095 1095 4270 1136">
     <span class='ocr_line' id='line_1_126' title="bbox 4095 1095 4270 1136; baseline 0 -14"><span class='ocrx_word' id='word_1_876' title='bbox 4095 1095 4186 1136; x_wconf 42' lang='lat' dir='ltr'><strong>angi-py</strong></span> <span class='ocrx_word' id='word_1_877' title='bbox 4225 1121 4230 1126; x_wconf 83' lang='grc'><strong><em>,</em></strong></span> <span class='ocrx_word' id='word_1_878' title='bbox 4263 1111 4270 1122; x_wconf 67' lang='grc' dir='ltr'><strong>ι</strong></span> 
     </span>
    </p>

    <p class='ocr_par' dir='ltr' id='par_1_127' title="bbox 4097 1119 4470 1230">
     <span class='ocr_line' id='line_1_127' title="bbox 4097 1119 4470 1230; baseline -0.021 1"><span class='ocrx_word' id='word_1_879' title='bbox 4465 1157 4470 1166; x_wconf 65' lang='lat'><strong>=</strong></span> 
     </span>
    </p>

    <p class='ocr_par' dir='ltr' id='par_1_128' title="bbox 4095 1179 4272 1356">
     <span class='ocr_line' id='line_1_128' title="bbox 4095 1179 4272 1356; baseline -0.028 -51"><span class='ocrx_word' id='word_1_880' title='bbox 4227 1229 4272 1302; x_wconf 83' lang='lat' dir='ltr'><strong>t</strong></span> 
     </span>
    </p>

    <p class='ocr_par' dir='ltr' id='par_1_129' title="bbox 4095 1299 4276 1402">
     <span class='ocr_line' id='line_1_129' title="bbox 4095 1299 4276 1402; baseline 0.006 -20"><span class='ocrx_word' id='word_1_881' title='bbox 4225 1299 4276 1402; x_wconf 77' lang='lat'>;;</span> 
     </span>
    </p>

    <p class='ocr_par' dir='ltr' id='par_1_130' title="bbox 4097 1385 4476 1480">
     <span class='ocr_line' id='line_1_130' title="bbox 4097 1385 4476 1480; baseline -0.013 -10"><span class='ocrx_word' id='word_1_882' title='bbox 4229 1391 4274 1468; x_wconf 55' lang='lat'><strong>1‘-</strong></span> <span class='ocrx_word' id='word_1_883' title='bbox 4467 1417 4476 1440; x_wconf 58' lang='grc' dir='ltr'>έ</span> 
     </span>
    </p>

    <p class='ocr_par' dir='ltr' id='par_1_131' title="bbox 4094 1443 4278 1560">
     <span class='ocr_line' id='line_1_131' title="bbox 4094 1443 4278 1560; baseline 0.016 -3"><span class='ocrx_word' id='word_1_884' title='bbox 4229 1473 4278 1560; x_wconf 64' lang='lat' dir='ltr'><strong>tif</strong></span> 
     </span>
    </p>

    <p class='ocr_par' dir='ltr' id='par_1_132' title="bbox 4096 2232 4484 2371">
     <span class='ocr_line' id='line_1_132' title="bbox 4096 2232 4484 2371; baseline -0.003 -52"><span class='ocrx_word' id='word_1_885' title='bbox 4096 2232 4318 2371; x_wconf 41' lang='lat' dir='ltr'><strong>iis?</strong></span> <span class='ocrx_word' id='word_1_886' title='bbox 4465 2259 4484 2318; x_wconf 64' lang='grc' dir='ltr'><em>ἓ</em></span> 
     </span>
    </p>

    <p class='ocr_par' dir='ltr' id='par_1_133' title="bbox 4096 2409 4496 2580">
     <span class='ocr_line' id='line_1_133' title="bbox 4096 2409 4496 2580; baseline 0.005 -77"><span class='ocrx_word' id='word_1_887' title='bbox 4096 2409 4346 2580; x_wconf 49' lang='lat' dir='ltr'><strong>at:</strong></span> 
     </span>
    </p>

    <p class='ocr_par' dir='ltr' id='par_1_134' title="bbox 4102 2645 4494 2708">
     <span class='ocr_line' id='line_1_134' title="bbox 4102 2645 4494 2708; baseline 0.013 -45"><span class='ocrx_word' id='word_1_888' title='bbox 4102 2660 4131 2697; x_wconf 30' lang='lat' dir='ltr'><strong>fi</strong></span> <span class='ocrx_word' id='word_1_889' title='bbox 4152 2660 4187 2705; x_wconf 13' lang='grc' dir='ltr'><strong>,ννϊ</strong></span> <span class='ocrx_word' id='word_1_890' title='bbox 4403 2645 4494 2708; x_wconf 49' lang='grc' dir='ltr'><strong>Ἓξ</strong></span> 
     </span>
    </p>

    <p class='ocr_par' dir='ltr' id='par_1_135' title="bbox 4098 2763 4497 2859">
     <span class='ocr_line' id='line_1_135' title="bbox 4098 2763 4497 2859; baseline 0.005 -20"><span class='ocrx_word' id='word_1_891' title='bbox 4475 2809 4497 2841; x_wconf 80' lang='lat'><strong>.</strong></span> 
     </span>
    </p>

    <p class='ocr_par' dir='ltr' id='par_1_136' title="bbox 4098 2789 4497 2950">
     <span class='ocr_line' id='line_1_136' title="bbox 4098 2789 4497 2950; baseline 0 -29"><span class='ocrx_word' id='word_1_892' title='bbox 4120 2838 4218 2938; x_wconf 58' lang='lat' dir='ltr'><strong>iis.</strong></span> <span class='ocrx_word' id='word_1_893' title='bbox 4232 2906 4241 2915; x_wconf 64' lang='lat'><strong>.</strong></span> <span class='ocrx_word' id='word_1_894' title='bbox 4387 2831 4461 2933; x_wconf 58' lang='grc' dir='ltr'>ξέἒ</span> <span class='ocrx_word' id='word_1_895' title='bbox 4474 2844 4497 2935; x_wconf 62' lang='lat' dir='ltr'><strong>1i</strong></span> 
     </span>
    </p>

    <p class='ocr_par' dir='ltr' id='par_1_137' title="bbox 4102 3073 4497 3143">
     <span class='ocr_line' id='line_1_137' title="bbox 4102 3073 4497 3143; baseline -0.023 0"><span class='ocrx_word' id='word_1_896' title='bbox 4102 3080 4240 3143; x_wconf 41' lang='lat'><strong>7&#39;3&quot;&quot;:</strong></span> <span class='ocrx_word' id='word_1_897' title='bbox 4494 3100 4497 3127; x_wconf 59' lang='grc' dir='ltr'>ξ</span> 
     </span>
    </p>

    <p class='ocr_par' dir='ltr' id='par_1_138' title="bbox 4100 3122 4497 3195">
     <span class='ocr_line' id='line_1_138' title="bbox 4100 3122 4497 3195; baseline -0.01 -12"><span class='ocrx_word' id='word_1_898' title='bbox 4100 3122 4211 3195; x_wconf 46' lang='lat' dir='ltr'><strong>ftis:</strong></span> <span class='ocrx_word' id='word_1_899' title='bbox 4236 3174 4245 3187; x_wconf 62' lang='grc'><strong>.,</strong></span> <span class='ocrx_word' id='word_1_900' title='bbox 4278 3135 4374 3191; x_wconf 47' lang='grc' dir='ltr'><strong>-τὶεε</strong></span> <span class='ocrx_word' id='word_1_901' title='bbox 4411 3134 4497 3189; x_wconf 28' lang='grc' dir='ltr'><strong>,ἐς</strong></span> 
     </span>
    </p>

    <p class='ocr_par' dir='ltr' id='par_1_139' title="bbox 4098 3214 4497 3340">
     <span class='ocr_line' id='line_1_139' title="bbox 4098 3214 4497 3340; baseline 0.008 -18"><span class='ocrx_word' id='word_1_902' title='bbox 4098 3214 4497 3340; x_wconf 42' lang='grc' dir='ltr'><strong>ἑέῇῗξξῖῗ</strong></span> 
     </span>
    </p>

    <p class='ocr_par' dir='ltr' id='par_1_140' title="bbox 4098 3328 4497 3362">
     <span class='ocr_line' id='line_1_140' title="bbox 4098 3328 4497 3362; baseline -0.008 -6"><span class='ocrx_word' id='word_1_903' title='bbox 4098 3330 4165 3361; x_wconf 39' lang='grc' dir='ltr'><strong>,νυ</strong></span> <span class='ocrx_word' id='word_1_904' title='bbox 4221 3335 4271 3357; x_wconf 41' lang='grc' dir='ltr'><strong>κ-</strong></span> <span class='ocrx_word' id='word_1_905' title='bbox 4305 3347 4332 3362; x_wconf 80' lang='lat'><strong>.,</strong></span> <span class='ocrx_word' id='word_1_906' title='bbox 4399 3328 4497 3353; x_wconf 59' lang='grc' dir='ltr'><strong>ιηιέ</strong></span> 
     </span>
    </p>

    <p class='ocr_par' dir='ltr' id='par_1_141' title="bbox 4097 3261 4497 3568">
     <span class='ocr_line' id='line_1_141' title="bbox 4097 3261 4497 3568; baseline -0.033 -158"><span class='ocrx_word' id='word_1_907' title='bbox 4097 3354 4171 3431; x_wconf 30' lang='lat' dir='ltr'><strong>ger-fi,</strong></span> <span class='ocrx_word' id='word_1_908' title='bbox 4194 3261 4463 3568; x_wconf 36' lang='lat'><strong>&#39;1</strong></span> <span class='ocrx_word' id='word_1_909' title='bbox 4478 3388 4497 3437; x_wconf 22' lang='grc' dir='ltr'><strong>Αἰ</strong></span> 
     </span>
    </p>

    <p class='ocr_par' dir='ltr' id='par_1_142' title="bbox 4098 3404 4497 3693">
     <span class='ocr_line' id='line_1_142' title="bbox 4098 3404 4497 3523; baseline -0.018 -48"><span class='ocrx_word' id='word_1_910' title='bbox 4098 3404 4171 3523; x_wconf 54' lang='grc' dir='ltr'><strong>ἷξε</strong></span> <span class='ocrx_word' id='word_1_911' title='bbox 4319 3437 4364 3496; x_wconf 50' lang='grc' dir='ltr'><strong>,ἓξ</strong></span> 
     </span>
     <span class='ocr_line' id='line_1_143' title="bbox 4138 3475 4497 3543; baseline -0.011 -13"><span class='ocrx_word' id='word_1_912' title='bbox 4138 3526 4145 3539; x_wconf 72' lang='grc'>,</span> <span class='ocrx_word' id='word_1_913' title='bbox 4180 3500 4213 3529; x_wconf 58' lang='grc' dir='ltr'><strong>έι</strong></span> <span class='ocrx_word' id='word_1_914' title='bbox 4272 3501 4358 3534; x_wconf 52' lang='grc' dir='ltr'><strong>ην,</strong></span> 
     </span>
     <span class='ocr_line' id='line_1_144' title="bbox 4152 3619 4483 3693; baseline -0.006 -9"><span class='ocrx_word' id='word_1_915' title='bbox 4152 3624 4155 3629; x_wconf 77' lang='grc'><em>’</em></span> <span class='ocrx_word' id='word_1_916' title='bbox 4208 3619 4358 3693; x_wconf 45' lang='grc' dir='ltr'><strong>ἐπεξίέέ</strong></span> <span class='ocrx_word' id='word_1_917' title='bbox 4389 3620 4483 3683; x_wconf 42' lang='lat'><strong>&quot;35</strong></span> 
     </span>
    </p>

    <p class='ocr_par' dir='ltr' id='par_1_143' title="bbox 4102 3679 4491 4275">
     <span class='ocr_line' id='line_1_145' title="bbox 4102 3679 4491 3749; baseline 0.015 -16"><span class='ocrx_word' id='word_1_918' title='bbox 4102 3706 4117 3733; x_wconf 68' lang='grc' dir='ltr'>ι</span> <span class='ocrx_word' id='word_1_919' title='bbox 4214 3679 4491 3749; x_wconf 48' lang='grc' dir='ltr'><strong>ῆῗῖξξηζῖξέῗ</strong></span> 
     </span>
     <span class='ocr_line' id='line_1_146' title="bbox 4134 3698 4473 3853; baseline -0.009 -8"><span class='ocrx_word' id='word_1_920' title='bbox 4190 3698 4443 3853; x_wconf 58' lang='lat' dir='ltr'><strong>is</strong></span> <span class='ocrx_word' id='word_1_921' title='bbox 4468 3760 4473 3827; x_wconf 84' lang='grc' dir='ltr'>ἒ</span> 
     </span>
     <span class='ocr_line' id='line_1_147' title="bbox 4108 3834 4475 3933; baseline 0.071 -77"><span class='ocrx_word' id='word_1_922' title='bbox 4200 3834 4475 3933; x_wconf 28' lang='grc' dir='ltr'><strong>ὧι</strong></span> 
     </span>
     <span class='ocr_line' id='line_1_148' title="bbox 4140 4004 4465 4061; baseline -0.009 -14"><span class='ocrx_word' id='word_1_923' title='bbox 4140 4012 4153 4023; x_wconf 70' lang='lat'>”</span> <span class='ocrx_word' id='word_1_924' title='bbox 4272 4004 4363 4061; x_wconf 44' lang='lat' dir='ltr'><strong>{ges</strong></span> <span class='ocrx_word' id='word_1_925' title='bbox 4384 4004 4465 4059; x_wconf 52' lang='lat' dir='ltr'><strong>ﬁt:</strong></span> 
     </span>
     <span class='ocr_line' id='line_1_149' title="bbox 4150 4040 4447 4147; baseline 0.01 -3"><span class='ocrx_word' id='word_1_926' title='bbox 4194 4040 4437 4147; x_wconf 56' lang='grc' dir='ltr'><strong>πέίεέἓεέἑξὲι</strong></span> 
     </span>
     <span class='ocr_line' id='line_1_150' title="bbox 4132 4144 4483 4235; baseline -0.011 -11"><span class='ocrx_word' id='word_1_927' title='bbox 4132 4144 4179 4183; x_wconf 2' lang='lat' dir='ltr'><strong>id</strong></span> <span class='ocrx_word' id='word_1_928' title='bbox 4226 4148 4293 4235; x_wconf 55' lang='grc' dir='ltr'><strong>ζῗ</strong></span> 
     </span>
     <span class='ocr_line' id='line_1_151' title="bbox 4132 4232 4449 4275; baseline -0.013 -26"><span class='ocrx_word' id='word_1_929' title='bbox 4132 4234 4145 4259; x_wconf 42' lang='grc' dir='ltr'><strong><em>ρ</em></strong></span> <span class='ocrx_word' id='word_1_930' title='bbox 4184 4252 4215 4257; x_wconf 35' lang='grc' dir='ltr'><em>η</em></span> <span class='ocrx_word' id='word_1_931' title='bbox 4324 4232 4371 4269; x_wconf 13' lang='lat' dir='ltr'><strong>VM</strong></span> 
     </span>
    </p>

    <p class='ocr_par' dir='ltr' id='par_1_144' title="bbox 4132 4272 4423 4349">
     <span class='ocr_line' id='line_1_152' title="bbox 4132 4272 4423 4349; baseline -0.007 0"><span class='ocrx_word' id='word_1_932' title='bbox 4132 4326 4135 4327; x_wconf 46' lang='grc' dir='ltr'><em>κ</em></span> <span class='ocrx_word' id='word_1_933' title='bbox 4314 4284 4343 4349; x_wconf 60' lang='grc' dir='ltr'><strong>ξί</strong></span> <span class='ocrx_word' id='word_1_934' title='bbox 4384 4274 4423 4347; x_wconf 43' lang='lat' dir='ltr'><strong>rit</strong></span> 
     </span>
    </p>
   </div>
  </div>
