4568 6424
796 298 901 358 ιεδ
1533 294 1587 351 S.
1630 294 1907 350 JUlXNlS
1941 293 2417 349 ειιιιγδυεςτολιι
2458 292 2774 348 AllCllll‘ll'.
2817 292 3350 351 CONSTAKTIXOP.
3984 299 4092 355 ιτς

798 424 945 471 nium
980 414 1241 483 petimus;
1269 427 1373 465 non
1408 423 1461 463 ut
1489 410 1560 465 illi
1588 412 1786 475 solent,
1814 410 1906 480 qui
1949 407 2075 462 vitia
2106 424 2201 462 sua
2230 410 2382 464 obte-

794 514 987 575 gentes
1022 504 1220 557 multos
1249 503 1545 572 decipiunt.
1576 500 1710 555 Nam
1743 515 1843 555 nos
1866 509 1922 554 et
1951 501 2112 554 vitam
2146 512 2385 553 nostram

797 596 1005 649 enectis
1028 596 1079 648 in
1111 593 1345 647 medium
1376 592 1749 663 proponimus,
1778 602 1834 644 et
1865 588 2163 643 doctrinam
2193 589 2264 642 ita
2288 604 2385 659 pa-

801 687 1097 749 telacimns,
1128 697 1185 740 ut
1211 683 1390 755 quivis
1418 700 1537 738 eam
1563 682 1866 751 intelligere
1894 681 2122 750 possint.
2148 680 2266 735 Mox
2291 696 2387 734 au-

797 790 924 843 tem,
951 776 1073 846 quia
1100 774 1348 830 inﬁdeles
1371 773 1480 827 vim
1505 771 1727 841 hujusce
1747 770 2007 825 doetrina:
2030 770 2249 823 minime
2266 785 2386 839 per-

792 876 1030 936 spectam
1057 865 1347 927 habebant,
1367 861 1667 931 subjunxit,
1690 858 1793 914 hoc
1813 877 1918 912 non
1941 859 2063 922 sibi,
2087 859 2179 913 sed
2197 874 2383 913 eorum

793 956 1001 1025 stupori
1049 952 1433 1024 assignandum
1461 965 1603 1016 esse,
1634 949 1825 1004 dicens
1851 968 1863 1003 :
1894 950 1947 1002 5.
1984 948 2133 1013 Quod
2162 953 2210 1002 si
2235 948 2386 1001 etiam

797 1057 1028 1118 opertum
1058 1056 1132 1101 est
1173 1043 1493 1115 erangelium
1535 1051 1784 1106 nostrum,
1830 1041 1886 1093 in
1928 1040 1991 1092 iis
2035 1040 2121 1109 qui
2176 1046 2385 1108 pereunt

800 1148 1030 1208 opertum
1057 1146 1151 1202 est,
1175 1136 1226 1190 ι.
1258 1136 1309 1188 in
1337 1134 1515 1205 quibus
1558 1131 1698 1186 Deus
1728 1132 1884 1202 hujus
1912 1129 2091 1182 seculi
2114 1129 2386 1181 excarcasit

794 1238 982 1280 mentes
1002 1227 1307 1295 inﬁdelium.
1339 1224 1493 1291 Quod
1511 1223 1599 1277 hic
1617 1222 1766 1284 dicit,
1796 1220 2040 1275 eamdem
2070 1219 2178 1273 vim
2199 1217 2378 1284 habet,

790 1332 948 1377 quam
971 1331 1052 1380 ea,
1078 1332 1196 1385 qusc
1225 1322 1370 1384 prius
1391 1313 1561 1368 dixit:
1587 1311 1716 1365 Aliis
1758 1310 1886 1363 odor
1916 1310 2095 1362 mortis
2130 1324 2303 1363 sumus
2329 1308 2381 1360 in

792 1419 1023 1473 mortem,
1052 1408 1166 1459 aliis
1196 1405 1324 1461 odor
1353 1406 1468 1459 vita
1493 1405 1547 1457 in
1574 1403 1730 1455 vitam
1760 1400 1835 1473 (2.
1870 1400 1989 1454 Cor.
2017 1399 2074 1454 2.
2106 1398 2217 1469 16).

860 1500 915 1553 2.
947 1499 1399 1553 Marcionistarum
1423 1505 1469 1549 et
1497 1488 1900 1548 Manio/morum
1922 1509 2135 1546 errores.
2157 1520 2228 1531 —
2243 1489 2382 1558 Quid

789 1592 890 1646 sibi
933 1592 1047 1645 vult
1090 1590 1217 1644 illud
1246 1630 1261 1653 ,
1310 1585 1448 1641 Deus
1490 1587 1648 1657 hujus
1699 1584 1915 1639 sa‘culi?
1955 1583 2055 1651 Qui
2098 1583 2382 1638 Marcionis

788 1680 980 1738 morbo
1008 1680 1273 1742 laborant,
1302 1676 1369 1732 de
1399 1693 1578 1732 rerum
1605 1676 1827 1745 Opiﬁce,
1854 1676 2000 1743 justo
2024 1673 2236 1744 quidem
2266 1673 2377 1740 illo,

788 1774 885 1829 sed
912 1788 1019 1827 non
1048 1773 1175 1826 item
1200 1770 1362 1835 bono,
1383 1766 1498 1822 haec
1524 1768 1660 1822 dicta
1689 1781 1810 1821 esse
1832 1764 2167 1821 contendunt
2191 1781 2203 1815 :
2233 1764 2381 1817 aiunt

791 1868 934 1920 enint
970 1864 1134 1919 Deum
1167 1859 1452 1937 quemdam
1477 1860 1681 1929 justum
1707 1875 1827 1913 esse
1849 1901 1864 1923 ,
1898 1857 1987 1928 qui
2026 1872 2131 1911 non
2172 1858 2243 1911 sit
2279 1855 2377 1909 bo-

789 1970 907 2009 nus.
941 1952 1221 2008 Manil-han
1254 1961 1433 2005 autem
1467 1950 1549 2003 his
1579 1949 1759 2003 verbis
1787 1948 2059 2002 diabolum
2090 1944 2378 2013 signiﬁcari

787 2056 1079 2109 asserunt;
1133 2045 1256 2098 hinc
1302 2044 1555 2098 nimirum
1602 2042 1764 2095 alium
1816 2054 1994 2094 rerum
2042 2036 2378 2091 conditarum

788 2141 1119 2204 etl'ectorem,
1146 2146 1339 2207 praeter
1366 2150 1488 2189 eum
1518 2134 1607 2201 qui
1634 2148 1756 2185 vere
1786 2141 2158 2198 est,pcrquam
2187 2126 2378 2181 stolide

789 2231 1043 2283 inducere
1082 2228 1389 2296 cupientes.
1422 2225 1594 2276 liabet
1634 2222 1775 2274 enim
1807 2220 1907 2272 hoc
1935 2218 2193 2272 lanuliare
2234 2219 2379 2272 Scri-

789 2330 961 2390 ptura,
990 2327 1047 2372 ut
1072 2316 1235 2371 deum
1260 2329 1365 2368 non
1391 2329 1456 2366 ex
1486 2312 1649 2380 ipsius
1673 2309 1945 2378 dignitate,
1974 2309 2065 2362 sed
2097 2324 2159 2362 et
2191 2324 2376 2363 eorum

790 2412 878 2480 qui
927 2410 1094 2479 ipsius
1133 2406 1358 2477 imperio
1401 2404 1630 2458 subsunt
1674 2401 2033 2454 imbecillitate
2065 2409 2373 2468 nuncupet:

790 2514 847 2557 ut
917 2516 1039 2556 cum
1111 2512 1414 2553 mamonam
1479 2495 1754 2549 dominum
1811 2494 1976 2555 dicit,
2027 2502 2081 2546 et
2134 2504 2377 2547 ventrem

790 2596 973 2648 deum.
1004 2589 1186 2660 Neque
1215 2589 1357 2644 enim
1390 2600 1671 2658 propterea
1714 2594 1807 2638 aut
1851 2595 2037 2638 venter
2080 2584 2210 2636 deus
2254 2593 2374 2648 est,

789 2699 881 2742 aut
909 2700 1155 2742 mamona
1194 2683 1466 2745 dominus,
1495 2681 1590 2735 sed
1638 2694 1822 2734 eorum
1870 2679 2108 2743 demum,
2141 2676 2228 2745 qui
2258 2689 2379 2729 sese

792 2782 920 2847 ipsis
950 2776 1296 2845 subjecerint.
1329 2776 1531 2828 Atvero
1562 2786 1659 2826 nos
1712 2768 1839 2824 illud
1880 2769 2107 2823 dicimus
2128 2808 2142 2832 ,
2175 2782 2277 2820 non
2309 2765 2376 2821 de

793 2870 1004 2924 diabolo
1031 2866 1249 2937 quidem
1284 2866 1397 2919 hare
1440 2864 1602 2918 verba
1632 2862 1808 2915 habita
1840 2876 1991 2925 esse,
2024 2859 2117 2913 sed
2158 2859 2225 2913 de
2257 2858 2375 2911 nni.

798 2974 1071 3015 versurum
1119 2958 1268 3023 Deo;
1319 2958 1502 3026 sicque
1546 2956 1827 3025 legendum
1875 2969 2029 3016 esse,
2083 2952 2379 3020 lnﬁdelium

797 3051 951 3121 hujus
978 3046 1160 3103 s'a'culi
1207 3056 1399 3100 mentes
1442 3045 1580 3098 Deus
1621 3045 1906 3099 excaecauit.
1957 3042 2087 3096 Nam
2142 3042 2377 3098 futurum

798 3158 971 3196 azvnm
1001 3138 1249 3194 inﬁdeles
1290 3154 1393 3191 non
1436 3136 1740 3191 habiturum
1785 3145 1899 3201 est,
1945 3135 2036 3189 sed
2081 3135 2181 3188 hoc
2219 3135 2375 3190 dum-

798 3248 961 3289 taxat.
1013 3235 1071 3292 Si
1107 3245 1233 3286 vero
1276 3229 1396 3300 quis
1425 3228 1581 3283 aliter
1609 3228 1783 3297 legat,
1828 3244 2021 3296 nempe
2063 3225 2197 3279 Deus
2226 3228 2379 3296 hujus

796 3324 1000 3395 swculi,
1022 3338 1091 3379 ne
1124 3323 1250 3378 hinc
1282 3322 1496 3391 quidem
1539 3321 1644 3375 ulla
1672 3320 1953 3372 calumnia:
1989 3334 2117 3372 ansa
2151 3319 2378 3385 porrigi-

805 3429 895 3473 tur
923 3435 938 3473 :
970 3431 1141 3486 neque
1167 3415 1310 3470 enim
1338 3412 1463 3465 hinc
1487 3412 1816 3474 ostenditur,
1845 3426 1966 3465 eum
1996 3410 2152 3476 hujus
2178 3418 2380 3462 tantum

796 3508 982 3565 seculi
1027 3507 1195 3561 Deum
1236 3520 1381 3560 esse.
1427 3502 1558 3559 Nam
1602 3513 1657 3557 et
1701 3501 1839 3555 Deus
1874 3502 1988 3555 caeli
2022 3502 2245 3565 dicitur;
2282 3515 2381 3555 nec

800 3611 979 3654 tamen
1030 3598 1145 3651 caeli
1181 3606 1384 3650 tantum
1432 3596 1573 3649 Deus
1612 3604 1735 3647 est:
1781 3603 1870 3657 ct,
1917 3593 2059 3647 Deus
2105 3593 2381 3662 pncsentis

794 3692 937 3756 diei,
974 3689 1243 3751 dicimus;
1290 3703 1388 3742 nec
1429 3696 1603 3739 tamen
1651 3686 1763 3739 hinc
1807 3686 1876 3738 ita
1916 3685 2183 3751 dicimus,
2230 3684 2381 3753 quasi

799 3784 967 3852 ipsius
1004 3781 1295 3849 imperium
1347 3779 1501 3833 unius
1537 3778 1639 3831 diei
1683 3776 1940 3847 angustiis
1976 3778 2379 3832 circumscribao

799 3890 935 3928 tnns.
989 3872 1126 3940 Quin
1170 3874 1309 3927 Deus
1348 3886 1561 3940 quoque
1600 3870 1831 3923 Abralue
1868 3868 2097 3932 dicitur,
2141 3878 2195 3921 et
2244 3869 2382 3922 Deus

802 3970 968 4031 lsaac,
996 3978 1050 4023 et
1078 3966 1221 4020 Deus
1246 3964 1446 4025 Iacob;
1477 3977 1596 4015 cum
1627 3971 1801 4013 tamen
1831 3975 1933 4013 non
1965 3975 2149 4013 eorum
2178 3968 2381 4013 tantum

801 4063 870 4114 sit
900 4062 1057 4113 Deus.
1092 4062 1167 4109 Ac
1193 4056 1447 4125 pleraque
1478 4055 1637 4107 etiam
1668 4052 1769 4106 alia
1804 4051 2104 4120 hujusmodi
2145 4051 2386 4106 testimo-

794 4153 885 4205 nia
936 4150 987 4203 in
1033 4147 1324 4217 Scripturis
1370 4146 1595 4199 inveniri
1644 4156 1887 4214 possunt.
1936 4144 2174 4209 Quonam
2223 4159 2384 4213 porro

798 4243 958 4299 modo
988 4241 1311 4298 excrcavit?
1354 4239 1469 4293 Non
1496 4253 1626 4293 sane
1653 4239 1792 4305 quod
1832 4238 1883 4290 in
1934 4238 2033 4291 hoc
2072 4237 2175 4290 ulla
2204 4232 2384 4305 lipsius

792 4336 939 4389 actio
969 4332 1150 4396 fuerit,
1178 4332 1339 4393 absit,
1358 4330 1451 4382 sed
1479 4330 1599 4396 quia
1625 4329 1676 4379 id
1705 4342 1891 4394 passus
1911 4337 1991 4380 est
2019 4342 2079 4379 ac
2107 4327 2379 4395 permisit:

805 4444 925 4480 nam
951 4426 1245 4488 Scriptura:
1273 4436 1391 4476 mos
1420 4432 1501 4472 est
1531 4420 1601 4472 ita
1631 4418 1775 4486 loqui
1799 4458 1812 4479 ,
1844 4427 1898 4469 nt
1923 4432 2043 4470 cum
2072 4418 2165 4480 ait,
2199 4416 2385 4470 Tradi-

798 4520 872 4571 dit
897 4533 981 4569 eos
1011 4513 1238 4567 Deusin
1268 4512 1536 4581 reprobum
1564 4526 1761 4562 sensum
1794 4506 1983 4577 (Rom.
2016 4508 2059 4559 l.
2093 4505 2213 4576 28).
2246 4506 2387 4573 Quo-

798 4612 941 4663 uiam
968 4606 1111 4661 enim
1142 4603 1215 4657 illi
1244 4603 1389 4672 prius
1413 4601 1568 4655 ﬁdetn
1593 4602 1935 4667 abrogarunt,
1956 4612 2118 4665 seque
2144 4588 2389 4667 indignos

803 4699 1149 4756 reddiderunt
1193 4695 1283 4764 qui
1324 4691 1576 4763 mysteria
1622 4690 1898 4751 viderent,
1941 4690 2060 4742 illos
2093 4690 2203 4756 ipse
2232 4688 2388 4742 dere-

804 4794 975 4863 liquit.
1000 4788 1139 4859 Qnid
1165 4789 1308 4844 enim
1338 4786 1423 4841 hic
1446 4784 1755 4839 faciendum
1784 4784 1933 4837 erat?
1955 4799 2020 4837 an
2052 4784 2245 4837 invitos
2276 4796 2386 4836 tra-

811 4890 960 4948 here,
988 4894 1192 4948 suaque
1220 4891 1413 4931 arcana
1442 4876 1508 4929 iis
1526 4915 1542 4939 ,
1572 4874 1661 4945 qui
1687 4889 1749 4927 ea
1775 4889 1999 4927 cernere
2035 4873 2384 4937 recusabant,

804 4973 1052 5046 aperire?
1080 4972 1149 5025 At
1178 4970 1345 5035 magis
1362 4967 1811 5033 contempsissent
1841 4964 1939 5026 illi,
1960 4978 2059 5018 nec
2084 4964 2265 5017 videre
2297 4978 2389 5016 vo-

806 5070 1071 5123 luissent:
1114 5062 1252 5115 unde
1279 5059 1437 5114 etiam
1480 5071 1603 5111 mox
1634 5055 1934 5122 snhjunxit,
1968 5054 2034 5110 Ut
2070 5072 2168 5109 non
2196 5058 2388 5124 fulgeat

801 5166 875 5217 eis
906 5157 1214 5214 illuntinatio
1245 5151 1488 5221 evangelii
1513 5150 1689 5218 gloria:
1714 5149 1932 5209 Christi;
1963 5163 2065 5202 non
2094 5148 2158 5202 ad
2189 5146 2306 5211 hoc,
2335 5157 2391 5200 ιιι

814 5256 923 5307 Dee
952 5266 1056 5305 non
1102 5245 1358 5305 credant,
1388 5240 1483 5295 sed
1516 5251 1570 5293 ut
1610 5256 1728 5308 qua:
1755 5240 1859 5291 sint
1890 5240 2095 5293 interna
2138 5238 2389 5308 mysteria

806 5341 1042 5397 intideln
1084 5354 1236 5393 meus
1282 5333 1503 5389 minime
1546 5330 1872 5401 perspiciat:
1905 5328 2047 5397 quod
2092 5330 2251 5382 etiam
2299 5328 2391 5382 ille

813 5431 970 5487 nobis
993 5428 1249 5497 prweepit
1268 5468 1284 5491 ,
1315 5434 1371 5479 ut
1403 5442 1469 5479 ne
1505 5420 1819 5490 margaritas
1845 5429 1967 5472 ante
2003 5435 2193 5488 porcos
2220 5418 2389 5488 conji-

810 5530 1015 5581 ciamus
1063 5518 1291 5592 (Matth.
1338 5521 1391 5575 7.
1436 5519 1468 5573 6
1497 5520 1537 5587 ).
1571 5516 1781 5572 Etenim
1811 5514 1854 5565 si
1882 5528 1942 5566 ea
1976 5514 2273 5568 inﬁdelibus
2299 5511 2392 5567 dc-

812 5618 1049 5682 texisset,
1085 5629 1272 5669 eortttn
1296 5606 1518 5665 morbus
1549 5608 1715 5676 magis
1745 5604 2117 5659 incruduisset.
2171 5603 2301 5656 Nam
2347 5606 2391 5657 si

810 5710 929 5779 quis
950 5708 1121 5762 oculis
1146 5705 1476 5762 laborantem
1497 5708 1649 5767 cogat
1668 5697 1869 5750 solates
1898 5694 2072 5747 radios
2103 5694 2386 5761 respicere,

2496 410 2639 464 illius
2679 410 3042 465 inﬁrmitatem
3088 415 3255 483 magis
3282 423 3460 487 anget.
3505 412 3625 467 Ideo
3664 411 3854 468 medici
3884 428 3986 468 cos
4040 430 4099 462 ιη

2494 500 2732 555 tenebr’s
2756 500 2968 573 abditos
2995 511 3211 568 tenent,
3236 518 3305 557 ne
3330 504 3550 558 morbus
3584 504 3937 573 ingravescat.
4000 501 4093 556 Sic

2490 607 2618 663 ergo
2648 593 2736 649 hic
2769 594 2931 648 etiam
2974 594 3378 663 intelligendum
3405 603 3523 660 est,
3561 610 3755 664 nempe
3794 595 3941 665 quod
4000 594 4092 648 isti

2495 685 2625 740 vitio
2666 700 2765 740 suo
2796 684 3057 739 increduli
3097 686 3446 740 exstiterunt.
3474 685 3731 741 lncreduli
3772 697 3955 741 autem
4014 686 4091 739 el-

2491 775 2633 839 l’ecti,
2654 776 2920 845 evangelii
2942 790 3138 830 arcana
3164 774 3384 829 minime
3404 775 3512 843 jam
3535 786 3941 846 perspexerunt,
3966 776 4084 831 Deo

2490 866 2741 921 nimirum
2782 866 2962 920 radios
3000 881 3128 920 suos
3165 865 3269 920 illis
3314 864 3569 934 deinceps
3615 867 3971 922 subducente.
4022 866 4081 921 Id

2489 956 2630 1023 quod
2659 957 2821 1010 etiam
2850 956 3128 1027 discipulis
3154 957 3365 1013 dicebat
3383 999 3398 1024 ,
3432 957 3709 1028 Propterea
3734 961 3784 1012 in
3811 960 4080 1027 parabolis

2490 1046 2669 1113 loquor
2706 1047 2862 1117 ipsis,
2890 1049 3009 1117 quia
3038 1048 3300 1101 audientes
3331 1064 3431 1101 non
3466 1049 3680 1101 audiunt
3710 1048 3935 1120 (lauit.
3981 1051 4074 1104 l3.

2491 1134 2612 1206 15).
2657 1134 2852 1188 Verum
2883 1145 2939 1189 ut
2978 1136 3120 1205 quod
3160 1137 3281 1191 dico
3317 1137 3568 1207 exemplo
3606 1137 3891 1191 dilucidius
3934 1138 4075 1204 ﬁat,

2489 1225 2629 1294 ﬁnge
2657 1226 2912 1293 gentilem
2943 1241 3063 1281 esse
3090 1228 3374 1296 quemdam
3401 1269 3417 1295 ,
3461 1228 3550 1297 qui
3592 1244 3678 1283 res
3716 1239 3925 1283 nostras
3973 1246 4078 1298 pro

2486 1317 2680 1371 fabulis
2719 1317 2910 1371 habeat
2938 1336 2951 1370 :
2980 1317 3066 1372 hic
3093 1319 3252 1388 igitur
3275 1320 3465 1389 plusne
3494 1335 3557 1373 ex
3582 1336 3648 1375 eo
3670 1321 3941 1375 Commodi
3978 1337 4076 1376 ea-

2488 1409 2617 1479 piet,
2633 1410 2677 1461 si
2701 1409 2973 1475 ingressus
2986 1408 3147 1464 fuerit
3172 1427 3235 1464 ac
3260 1413 3508 1481 mysteria
3526 1413 3882 1481 conspexerit,
3904 1429 4074 1481 quam

2485 1500 2529 1554 si
2562 1499 2691 1553 foris
2720 1499 2964 1552 maneat?
2996 1497 3130 1553 ideo
3153 1501 3221 1552 ait
3254 1520 3266 1554 :
3308 1500 3375 1555 Ut
3399 1518 3499 1555 non
3521 1502 3718 1573 {ulgeat
3742 1502 3843 1555 illis
3871 1503 4075 1557 illumi-

2485 1591 2660 1652 natio;
2693 1590 2745 1643 in
2774 1590 2936 1644 Musis
2959 1589 3210 1645 videlicet
3236 1591 3453 1647 historia
3479 1594 3651 1649 adhuc
3676 1594 3903 1665 haerens.
3928 1596 4071 1651 Nam

2483 1680 2624 1751 quod
2644 1681 2786 1736 illius
2802 1690 2957 1734 a-tate
2974 1680 3174 1735 Judmis
3186 1682 3399 1745 accidit,
3418 1684 3518 1737 hoc
3538 1686 3793 1755 evangelii
3821 1696 4073 1755 tempore

2486 1773 2738 1829 omnibus
2776 1773 3085 1829 inﬁdelibus
3114 1788 3210 1828 usu
3240 1776 3407 1829 venit.
3454 1775 3716 1841 Quidnam
3751 1788 3927 1833 autem
3954 1781 4025 1834 sit
4051 1822 4067 1842 ,

2482 1866 2623 1933 quod
2660 1865 2735 1919 ait
2773 1875 3019 1934 opertum
3055 1864 3162 1917 illis
3188 1864 3350 1918 fuisse
3375 1879 3437 1918 ac
3471 1867 3687 1922 minime
3710 1868 4065 1937 declaratum,

2482 1957 2603 2011 audi
2649 1956 2775 2028 quid
2818 1958 2938 2026 ipse
2979 1956 3161 2010 dicat:
3207 1954 3274 2011 Ut
3315 1972 3415 2009 non
3441 1956 3631 2027 fulgeat
3660 1959 3730 2011 eis
3756 1960 4069 2015 illuminatio

2481 2050 2725 2118 evangelii
2770 2049 2947 2119 gloriae
2992 2046 3210 2113 Christi,
3254 2048 3341 2117 qui
3376 2058 3448 2101 est
3487 2048 3654 2118 imago
3696 2048 3810 2103 Dei.
3855 2051 4069 2120 Nempe

2482 2138 2622 2207 quod
2652 2141 2798 2195 orhis
2824 2140 2969 2194 salus
2998 2154 3129 2193 crux
3167 2146 3253 2193 est
3292 2139 3560 2208 ipsiusque
3588 2139 3757 2209 gloria
3782 2182 3797 2204 ,
3830 2144 3970 2211 quod
4018 2146 4067 2199 is

2481 2231 2571 2299 qui
2600 2231 2885 2286 cruciﬁxus
2912 2239 2998 2285 est
3023 2246 3147 2285 cum
3178 2231 3346 2283 multo
3370 2229 3653 2297 splendore
3679 2242 3930 2287 venturus
3958 2236 4063 2293 sit:

2480 2330 2640 2389 atque
2666 2320 2767 2373 alia
2797 2322 3006 2383 omnia,
3041 2331 3145 2374 tam
3174 2322 3492 2391 prazsentia,
3517 2336 3674 2389 quam
3704 2321 3905 2387 futura,
3953 2334 4065 2379 tam

2482 2412 2534 2464 in
2562 2423 2834 2480 aspectum
2863 2413 3105 2467 cadentia
3124 2453 3139 2476 ,
3170 2427 3327 2481 quant
3354 2413 3562 2465 occulta
3590 2422 3642 2465 et
3668 2412 3947 2466 incﬁ'ahiiis
3976 2432 4068 2467 re-

2482 2518 2599 2555 rum
2626 2518 2744 2571 quae
2773 2513 3153 2571 exspectantur
3181 2502 3460 2558 adventus.
3493 2499 3645 2557 Unde
3668 2502 3825 2555 etiam
3851 2508 4063 2569 αὐγάσαι

2481 2593 2650 2659 dixit,
2696 2594 2797 2647 hoc
2833 2604 2917 2648 est
2960 2594 3252 2661 irradiare,
3299 2610 3367 2650 ne
3408 2604 3460 2649 tu
3504 2604 3670 2648 totum
3716 2596 3767 2647 in
3814 2595 3909 2649 hac
3954 2599 4062 2651 vita

2481 2700 2711 2756 qnteras.
2742 2686 2833 2739 Est
2858 2686 2999 2740 enim
3030 2687 3173 2741 velut
3213 2687 3393 2742 radius
3424 2687 3687 2757 quispiam
3711 2684 3942 2753 Spiritus
3962 2729 3975 2743 .
4007 2689 4062 2741 id

2481 2777 2621 2849 quod
2655 2794 2793 2832 nunc
2816 2779 2999 2831 datur.
3046 2778 3103 2832 id
3128 2779 3272 2848 quod
3314 2780 3474 2833 etiam
3514 2778 3757 2848 superius
3784 2778 4023 2833 indicans
4044 2821 4063 2843 ,

2483 2869 2663 2924 odoris
2688 2884 2749 2922 ac
2776 2883 2987 2922 rursum
3016 2868 3251 2937 pignoris
3279 2871 3537 2925 vocabulo
3565 2886 3691 2924 usus
3727 2877 3808 2923 est
3829 2910 3843 2932 ,
3882 2868 4066 2923 decla-

2484 2978 2607 3014 rans
2650 2960 2817 3013 multo
2867 2958 3122 3024 majorem
3152 2961 3433 3027 partemin
3487 2962 3663 3015 futuro
3714 2976 3826 3015 aevo
3872 2976 4067 3028 exslve-

2482 3051 2733 3106 ctandant
2777 3064 2918 3103 esse.
2942 3048 3049 3103 Sed
3098 3057 3272 3103 tamen
3324 3048 3435 3103 hac
3482 3052 3656 3104 omnia
3712 3052 3840 3122 ipsis
3882 3055 4065 3105 eccul-

2484 3151 2590 3195 tata
2642 3150 2799 3205 sunt,
2828 3149 2882 3195 et
2921 3140 2991 3193 oh
3040 3139 3090 3193 id
3137 3139 3423 3202 occultata,
3449 3142 3571 3207 quia
3602 3142 3745 3209 prius
3773 3142 3869 3210 ipsi
3903 3144 4063 3196 ﬁdem

2486 3233 2597 3287 Deo
2623 3232 2967 3300 ahrugarunt.
2995 3232 3206 3289 Postea,
3234 3238 3291 3282 nt
3314 3230 3579 3291 ostendat,
3602 3246 3704 3283 non
3728 3233 3920 3286 Christi
3952 3250 4066 3285 mo-

2484 3322 2574 3387 do,
2607 3323 2699 3375 sed
2729 3324 2892 3375 etiam
2920 3322 3091 3375 Patris
3120 3320 3341 3389 gloriam
3374 3320 3436 3373 iis
3465 3320 3780 3388 incognitam
3806 3336 3946 3385 esse,
3975 3325 4065 3391 qui

2485 3429 2602 3466 eam
2637 3428 2741 3465 non
2771 3412 3041 3476 viderunt,
3081 3412 3303 3480 adjecit,
3350 3412 3447 3475 Qui
3473 3421 3542 3463 est
3567 3412 3731 3481 imago
3765 3410 3876 3464 Dei.
3925 3414 4067 3469 Cave

2486 3506 2624 3558 enim
2668 3506 2718 3556 in
2763 3502 2978 3556 Christo
3023 3502 3138 3556 solo
3184 3503 3465 3555 consistas.
3520 3500 3589 3557 Ut
3628 3504 3769 3556 enim
3804 3519 3899 3571 per
3941 3520 4065 3561 eum

2487 3596 2696 3649 Patrem
2723 3595 2920 3656 cernis,
2952 3594 3042 3659 ita,
3072 3595 3115 3646 si
3146 3593 3311 3661 ipsius
3339 3593 3557 3663 gloriam
3589 3594 3833 3663 ignores,
3865 3610 3931 3648 ne
3967 3596 4066 3649 Pa-

2487 3687 2582 3741 tris
2611 3686 2820 3755 quidem
2847 3686 3069 3755 gloriam
3098 3686 3363 3752 cognitam
3394 3685 3632 3740 habebis.
3671 3687 3726 3740 5.
3770 3684 3890 3738 Non
3934 3690 4065 3741 enim

2486 3793 2577 3829 nos
2604 3777 2739 3846 ipsos
2767 3776 3104 3845 prwdicamus
3124 3816 3137 3840 ,
3168 3776 3255 3828 sed
3295 3772 3548 3828 Christum
3577 3773 3754 3827 Iesum
3786 3774 4067 3829 Dominum

2487 3880 2735 3931 nostrum,
2765 3885 2854 3921 nos
2883 3878 3049 3919 autem
3076 3884 3245 3919 servos
3273 3878 3461 3919 vestros
3489 3885 3575 3935 per
3598 3866 3794 3919 Iesum.

2560 3960 2612 4011 ὅ.
2654 3961 2880 4025 Quinam
2915 3959 2999 4011 hic
3028 3960 3293 4012 sermonis
3324 3968 3477 4011 tenor
3505 3959 3624 4009 est?
3660 3958 3781 4026 quid
3818 3960 3917 4011 hoc
3946 3977 4071 4015 cum

2489 4050 2554 4103 iis
2578 4092 2592 4115 ,
2624 4065 2743 4117 qua:
2772 4058 2895 4101 ante
2928 4049 3067 4100 dicta
3101 4057 3256 4110 sunt,
3298 4062 3581 4101 commune
3613 4049 3808 4101 habet?
3851 4050 3944 4104 Vel
3975 4069 4071 4107 cos

2490 4150 2641 4193 notat
2698 4150 2753 4192 ut
2806 4137 3121 4191 insolentius
3167 4151 3287 4189 sese
3336 4136 3640 4201 elierentes,
3690 4148 3741 4191 et
3795 4139 4069 4209 discipulis

2490 4231 2715 4286 suadere
2766 4230 3061 4297 cupientes,
3095 4238 3150 4281 ut
3197 4229 3263 4282 ab
3293 4242 3477 4281 eorum
3508 4229 3806 4283 nominibus
3836 4232 3934 4283 sibi
3969 4250 4069 4286 no-

2492 4340 2613 4379 tnen
2655 4324 2959 4391 imponant,
2992 4313 3129 4374 sicul
3173 4320 3221 4373 in
3255 4321 3532 4388 superiore
3559 4322 3781 4390 epistola
3816 4323 4029 4378 dicebat
4052 4368 4068 4389 ,

2492 4416 2603 4485 Ego
2633 4432 2743 4468 sunt
2780 4414 2951 4475 Pauli,
2985 4429 3076 4483 ego
3102 4423 3268 4464 autem
3300 4410 3476 4480 Apollt
3508 4412 3588 4480 (1.
3616 4411 3733 4465 Cor.
3758 4413 3813 4466 5.
3838 4416 3894 4481 4)
3923 4432 3936 4467 :
3979 4431 4067 4469 aut

2489 4507 2629 4559 aliud
2658 4506 2908 4575 quiddam
2940 4505 3312 4573 gravissimum
3345 4502 3624 4569 signiﬁcat.
3644 4503 3906 4568 Quidnam
3937 4506 4068 4561 hocl

2490 4599 2751 4662 Quoniam
2792 4599 3111 4650 acerrimum
3150 4596 3199 4646 in
3242 4594 3383 4661 ipsos
3423 4593 3615 4647 bellum
3668 4596 3743 4647 illi
3772 4598 4069 4666 gerebant,

2492 4699 2653 4757 atque
2686 4689 2904 4743 insidias
2933 4687 3165 4756 undique
3196 4685 3325 4754 ipsis
3351 4684 3647 4738 struebant.
3693 4684 3850 4751 Num,
3881 4689 4067 4757 inquit,

2494 4783 2774 4836 adversum
2809 4798 2905 4836 nos
2936 4780 3181 4851 pugnatis
3202 4821 3216 4845 ,
3250 4794 3311 4833 ac
3342 4794 3446 4832 non
3476 4776 3732 4832 adversus
3760 4795 3884 4833 eum
3913 4784 4000 4849 qui
4050 4796 4079 4832 a

2496 4874 2647 4927 nobis
2674 4873 3023 4940 prredicatur?
3043 4886 3215 4941 neque
3242 4872 3384 4924 enim
3410 4868 3652 4938 nosipsos
3684 4870 4072 4935 pradieamus:

2496 4984 2593 5036 ego
2626 4981 2815 5020 servus
2844 4981 2960 5018 sum
2987 5006 3002 5031 ,
3051 4979 3149 5034 ego
3179 4979 3364 5018 eorum
3394 4962 3483 5031 qui
3512 4960 3945 5032 praedicationem
3976 4981 4071 5019 ex-

2494 5059 2697 5125 cipiunt
2726 5056 2986 5120 minism,
3006 5070 3222 5125 Operam
3249 5068 3462 5107 onmem
3488 5053 3637 5107 alteri
3670 5066 3890 5119 navans,
3913 5063 4076 5124 atquo

2498 5146 2662 5215 ipsius
2692 5146 2874 5215 gloria:
2904 5159 3059 5197 causa
3088 5142 3297 5211 quidvis
3319 5142 3536 5196 faciens.
3564 5143 3762 5211 Itaque,
3785 5140 3911 5194 dum
3947 5146 4075 5197 nnni

2500 5237 2694 5289 bellum
2747 5234 2941 5298 infers,
2990 5249 3049 5287 ea
3096 5248 3214 5301 qua:
3246 5232 3388 5286 illius
3418 5242 3541 5287 sunt
3583 5232 3793 5301 uejieis.
3845 5231 4074 5289 Tantum

2497 5328 2639 5381 enim
2668 5327 2838 5391 abest,
2867 5336 2917 5379 ut
2953 5340 3017 5378 ex
3048 5323 3355 5391 evangelica
3380 5338 3604 5378 munere
3628 5322 3912 5392 quidquam
3946 5325 4075 5378 mihi

2497 5432 2742 5487 arrogcm
2767 5459 2781 5483 ,
2815 5427 2872 5469 ιιι
2902 5430 2968 5469 ne
2996 5428 3187 5469 servus
3230 5414 3444 5482 quidem
3486 5424 3663 5468 vester
3690 5427 3812 5468 esse
3858 5424 4076 5483 propter

2498 5510 2770 5565 Christum
2797 5515 3145 5563 recusaturus
3168 5507 3289 5568 sint,
3318 5503 3747 5575 quandoquidem
3776 5503 3874 5570 ipsi
3905 5504 4078 5558 visum

2501 5610 2581 5653 est
2626 5610 2772 5653 tanto
2806 5600 2858 5651 in
2889 5595 3060 5666 pretio
3092 5610 3186 5649 vos
3216 5594 3413 5649 habere
3432 5636 3447 5660 ,
3477 5604 3729 5663 tantoque
3768 5607 3952 5648 amore
3982 5609 4074 5648 vos

2498 5691 2822 5758 complecti,
2872 5704 2935 5743 ac
2981 5686 3165 5741 salutis
3198 5696 3388 5741 vestra:
3436 5700 3596 5742 causa
3638 5684 3847 5756 quidvis
3894 5700 4067 5755 agere.

4290 588 4299 1003 1

4288 1056 4301 1587 ι

4303 1994 4305 2085 1
