4568 6424
179 426 289 485 un
1212 422 1279 484 IN
1313 422 1531 485 EPIST.
1571 422 1614 481 ιι
1673 422 1767 483 AD
1802 418 1961 484 con.
2000 424 2234 485 uoutL.
2276 425 2413 488 vui.
3358 442 3469 501 ιω

178 540 336 598 Unde
381 538 544 597 etiam
589 539 700 608 ait,
749 537 863 597 Nos
897 548 1279 598 autent'seraos
1323 548 1512 597 uestros
1556 548 1764 610 propter

171 629 458 688 Christum.
483 631 676 689 theu'
702 633 942 689 animum
969 630 1041 690 sb
1066 632 1213 689 omni
1239 632 1424 703 glorize
1452 630 1631 687 studio
1657 646 1763 702 pu-

172 724 334 778 rum?
371 721 604 780 Tantum
635 725 809 792 abest,
840 724 1034 796 inquit,
1062 732 1122 780 ut
1148 738 1334 779 eorum
1355 763 1372 789 ,
1404 734 1524 792 qua
1550 721 1760 777 Domini

166 824 301 869 sunt
321 855 336 879 ,
362 816 651 886 quidquam
684 832 1033 889 usurpemus,
1062 824 1121 870 ut
1148 814 1308 870 etiam
1339 814 1584 883 nosipsos
1611 812 1763 869 vobis

172 914 393 975 propter
423 920 545 962 eum
577 906 947 977 subjiciamus.
971 906 1025 962 6.
1052 904 1307 971 Quoniam
1336 903 1497 968 Deus,
1522 905 1608 975 qui
1631 903 1763 957 dixit

166 999 235 1051 de
259 996 475 1051 tenebris
502 998 671 1053 lumen
703 998 1072 1067 splendescere,
1102 998 1216 1067 ipse
1241 996 1415 1051 illuxit
1444 996 1498 1050 in
1522 996 1759 1050 cordibus

166 1094 367 1147 uestris.
420 1094 497 1148 En
540 1094 811 1165 quomodo
836 1106 1022 1149 rursus
1048 1093 1152 1161 iis,
1200 1093 1291 1164 qui
1332 1092 1583 1149 eximiam
1611 1094 1758 1149 illam

161 1184 428 1253 gloriam,
460 1185 624 1240 Musis
650 1185 931 1249 videlicet,
961 1184 1146 1240 videre
1172 1186 1491 1255 cupiebant,
1525 1186 1759 1242 ostendit

162 1278 329 1330 etiam
357 1292 479 1332 cum
509 1277 875 1333 additamento
905 1276 1192 1349 fulgentem
1218 1278 1231 1331 !
1276 1276 1428 1334 Sicut
1463 1278 1515 1332 in
1552 1279 1757 1334 vultum

162 1368 349 1432 Musis,
382 1369 573 1439 inquit,
606 1368 679 1423 ita
706 1370 759 1422 in
786 1368 948 1423 corda
978 1378 1154 1424 vestra
1188 1368 1410 1426 eﬁ‘ulsit.
1445 1370 1512 1425 Et
1540 1370 1754 1441 quidem

162 1463 316 1530 prius
349 1476 410 1515 ea
436 1502 450 1525 ,
484 1476 604 1532 quae
650 1461 703 1515 in
748 1476 927 1516 rerum
957 1462 1295 1517 conditarum
1343 1463 1496 1518 initio
1525 1465 1753 1519 exstite-

160 1560 326 1614 runt,
385 1552 438 1606 in
492 1552 804 1606 memoriam
855 1562 1113 1619 revocat,
1169 1553 1341 1609 lucem
1397 1554 1647 1609 nimirum
1699 1555 1751 1609 in

156 1659 380 1699 sensum
411 1643 690 1699 cadentem
758 1654 813 1700 et
852 1647 1137 1712 tenebras;
1180 1646 1473 1702 ostendens
1502 1646 1604 1703 hoc
1632 1649 1753 1717 opi-

161 1736 342 1798 ﬁcium
400 1734 494 1790 illo
535 1736 877 1804 praestantius
906 1752 1048 1793 esse.
1097 1736 1295 1793 Verum
1341 1737 1554 1793 ubinam
1586 1738 1748 1805 dixit,

156 1826 240 1881 De
293 1826 505 1880 tenebris
558 1826 720 1880 lucem
776 1826 1182 1899 splendescere?
1232 1831 1291 1885 In
1363 1830 1626 1900 principio
1688 1845 1750 1884 ac

156 1932 341 1972 rerum
364 1918 700 1973 conditarum
730 1919 1071 1988 primordiis:
1100 1919 1337 1975 Tenebras
1360 1922 1523 1986 enim,
1555 1922 1745 1993 inquit,

152 2020 305 2063 erant
334 2026 489 2065 super
517 2012 700 2081 faciem
730 2011 920 2081 abyssi.
954 2011 1022 2065 Et
1045 2010 1181 2067 dixit
1212 2012 1372 2077 Deus,
1404 2012 1523 2066 Fiat
1550 2013 1670 2073 lux.
1703 2022 1749 2066 et

148 2104 295 2170 facta
310 2112 383 2155 est
405 2102 493 2155 lux
510 2099 665 2171 (Gen.
689 2103 737 2155 l.
758 2100 815 2155 2.
836 2102 912 2172 5).
930 2102 1035 2157 Sed
1056 2112 1181 2158 tunc
1198 2103 1411 2173 quidem
1431 2103 1583 2169 dixit,
1600 2101 1745 2171 Fiat,

145 2203 229 2258 ct,
259 2189 478 2247 Factum
504 2203 613 2257 est;
647 2209 788 2249 nunc
814 2203 993 2249 autem
1022 2210 1127 2251 non
1159 2195 1312 2257 dixit.
1333 2196 1427 2251 sed
1454 2197 1566 2266 ipse
1592 2197 1747 2252 nobis

147 2286 244 2339 lnx
270 2284 441 2340 lactus
458 2295 561 2342 est.
581 2287 841 2353 Quocirca
862 2302 958 2342 nec
984 2302 1072 2343 res
1090 2289 1317 2343 sensiles
1339 2288 1439 2345 bac
1457 2290 1574 2345 luce
1591 2290 1745 2345 allul-

140 2388 311 2447 gonte
336 2381 623 2447 intuemur,
648 2382 742 2440 sed
768 2383 930 2436 Deum
956 2384 1125 2453 ipsum
1147 2399 1240 2452 per
1260 2382 1745 2440 Christum.Vides~

142 2489 218 2525 ne
249 2488 358 2541 quo
391 2481 542 2540 pacto
565 2474 699 2527 nihil
731 2474 782 2527 in
812 2473 1075 2529 Trinitate
1101 2476 1167 2528 sit
1192 2474 1656 2531 diversuntiNam
1675 2477 1745 2531 de

138 2564 351 2631 Spiritu
385 2565 546 2627 dicit,
583 2564 636 2618 Ν
641 2584 696 2620 os
725 2576 894 2620 autem
924 2583 1097 2621 omnes
1124 2567 1343 2621 revelata
1370 2568 1501 2637 facie
1524 2569 1743 2638 gloriam

138 2654 371 2707 Dontini'
392 2658 728 2725 speculantes,
758 2659 810 2709 in
841 2657 1069 2711 eamdem
1096 2657 1370 2726 imaginem
1397 2662 1740 2729 transforma-

1943 539 1999 597 ὁ.
2044 541 2181 598 Nam
2209 551 2320 600 tum
2344 544 2559 603 demum
2591 549 2686 606 Dei
2723 551 2803 609 vis
2830 554 3064 610 maxime
3089 556 3303 623 elucet,
3332 572 3457 614 cum

1873 646 1968 702 per
1993 632 2128 691 viles
2159 647 2216 690 et
2242 635 2484 707 abiectos
2512 640 2755 712 ingentes
2780 659 2869 700 res
2898 653 3092 715 patrat.
3121 649 3198 705 Ac
3229 652 3455 720 proinde

1870 722 1977 777 alio
2004 724 2166 779 etiam
2195 722 2316 783 loco
2337 729 2518 786 aiebat
2546 772 2563 800 ,
2605 726 2773 790 Virtus
2802 753 2912 792 mea
2938 738 2990 793 in
3017 739 3313 809 infirmitate
3334 759 3455 812 per-

1869 814 2041 880 ﬁcitur
2069 815 2145 889 (2.
2176 816 2295 874 Cor.
2332 820 2422 877 l2.
2454 820 2531 895 9).
2565 822 2622 879 ln
2651 824 2829 882 Veteri
2859 844 3072 901 quoque
3098 831 3453 905 Testamento

1869 918 1967 974 per
1989 905 2190 964 culices
2216 919 2271 966 et
2296 926 2512 969 muscas
2544 924 2685 971 totos
2721 916 3073 978 barbarorum
3102 925 3373 980 exercitus
3399 927 3453 982 in

1868 996 2043 1067 fugam
2071 1000 2307 1058 vertebat
2343 1004 2486 1075 (ideo
2514 1022 2731 1063 erucam
2764 1026 3011 1083 magnam
3042 1016 3149 1069 vim
3180 1031 3330 1071 suam
3353 1033 3450 1087 ap-

1869 1090 2284 1176 pellabat[loel.
2314 1096 2371 1152 2.
2395 1096 2591 1171 25]),
2640 1108 2693 1155 et
2736 1103 2863 1157 olim
2917 1104 3127 1176 linguas
3176 1107 3454 1166 dumtaxat

1866 1174 2244 1233 confundendo
2274 1222 2289 1244 ,
2323 1181 2592 1252 ingentem
2635 1184 2780 1240 illam
2827 1174 3015 1244 turrim
3070 1190 3450 1264 Babylonieam

1863 1264 2083 1323 delevit.
2133 1269 2191 1325 ln
2230 1270 2386 1327 bellis
2425 1274 2646 1346 insuper
2689 1293 2832 1333 nunc
2880 1295 2976 1350 per
3006 1289 3275 1340 trecentos
3304 1286 3451 1344 viros

1863 1356 2124 1415 inﬁnitam
2154 1361 2389 1419 hostium
2418 1381 2634 1422 manum
2665 1368 2995 1441 proﬁigabat,
3026 1388 3169 1431 nunc
3196 1376 3448 1434 tubarum

1861 1450 2114 1520 clangore
2147 1454 2313 1511 urbes
2337 1458 2635 1520 evertebat,
2669 1474 2733 1515 ac
2761 1472 2945 1531 postea
2978 1479 3073 1534 per
3104 1467 3357 1538 exiguum
3384 1483 3449 1524 ac

1866 1539 2025 1594 vilem
2050 1541 2451 1601 adolescentem
2481 1548 2732 1605 Davidem
2764 1553 3070 1609 universam
3097 1555 3446 1614 barbarorum

1858 1631 2025 1685 aciem
2051 1634 2102 1686 in
2134 1633 2311 1704 fugam
2335 1639 2544 1707 agebat.
2572 1641 2774 1698 Eodem
2805 1645 2985 1723 itaque
3006 1649 3168 1704 modo
3197 1650 3285 1707 hic
3313 1668 3445 1723 quos

1857 1738 1960 1792 que
2006 1725 2184 1780 missis
2212 1728 2385 1784 solum
2428 1730 2712 1788 duodecim
2743 1737 2873 1791 viris
2902 1738 2971 1792 de
3005 1740 3137 1795 orbe
3163 1744 3442 1801 victoriam

1837 1810 2081 1887 adeptus
2107 1830 2209 1887 est,
2242 1820 2545 1890 duodecim,
2571 1825 2733 1895 idque
2752 1842 2872 1882 cum
2904 1830 3005 1899 ipsi
3038 1832 3228 1889 infesta
3259 1822 3441 1893 omnia

1858 1908 2139 1979 baberent,
2169 1928 2232 1968 ac
2262 1914 2402 1969 bello
2431 1916 2499 1971 ab
2535 1919 2783 1991 omnibus
2812 1934 3157 1977 vexarentur.
3189 1925 3282 1980 Dei
3314 1944 3443 2000 ergo

1856 2005 2147 2073 potentiam
2191 2006 2519 2063 admiremur
2547 2019 2602 2064 et
2627 2010 2913 2067 adoremus
2946 2031 2959 2067 :
2995 2013 3331 2073 seiscitemur
3372 2037 3437 2075 ex

1854 2092 2075 2162 iudicis,
2104 2098 2445 2155 sciscitemur
2470 2117 2534 2156 ex
2562 2103 2850 2172 gentilibus
2869 2144 2884 2169 ,
2917 2105 3164 2175 quisnam
3187 2110 3439 2165 universo

1853 2197 2118 2245 terrarum
2146 2192 2263 2247 orbi
2292 2195 2640 2263 persuaserit,
2675 2204 2732 2250 ut
2761 2211 2789 2249 a
2815 2200 3000 2268 patriis
3029 2200 3283 2257 institutis
3307 2204 3435 2259 abs-

1850 2281 2114 2348 cederet,
2145 2291 2305 2351 atque
2360 2284 2427 2339 ad
2476 2286 2702 2341 alteram
2749 2288 2957 2342 vivendi
3013 2291 3277 2357 rationem
3316 2306 3438 2350 sese

1849 2374 2121 2427 conferret
2144 2374 2168 2425 ’ὲ
2192 2374 2446 2442 piscator,
2478 2391 2546 2430 an
2577 2380 2932 2435 tentoriorum
2960 2381 3184 2438 effector
3208 2385 3232 2437 Υ
3256 2376 3433 2455 publi-

1850 2478 2016 2519 canus
2041 2505 2067 2531 ,Α
2087 2480 2153 2518 an
2194 2466 2440 2522 indoctus
2466 2482 2531 2523 ac
2560 2468 2836 2526 literarum
2865 2476 3104 2543 expers?
3135 2476 3303 2543 Quam
3341 2494 3436 2533 au-

1850 2567 1957 2613 tem
1988 2558 2091 2614 hoc
2120 2560 2384 2615 rationem
2416 2560 2641 2616 baberet
2664 2605 2679 2629 ,
2722 2564 2822 2619 nisi
2857 2567 2935 2619 vis
2981 2567 3154 2623 divina
3196 2570 3430 2638 fuisset,

1846 2666 1965 2719 (piae
1996 2666 2091 2720 per
2117 2652 2237 2707 illos
2265 2653 2443 2707 omnia
2474 2653 2769 2711 conﬁceret
2796 2656 2819 2710 ?
2858 2656 2991 2712 Nam
3034 2660 3161 2728 quid
3192 2660 3431 2719 dicentes

136 2764 265 2799 mur
295 2763 325 2798 a
368 2748 531 2818 gloria
560 2748 611 2800 in
640 2748 860 2816 gloriam
880 2789 896 2814 ,
926 2757 1183 2816 tamquam
1214 2765 1246 2802 α
1279 2747 1498 2802 Domino
1536 2750 1741 2821 Spiritu
1846 2742 1921 2795 illi
1947 2782 1965 2809 ,
2000 2744 2442 2812 persuadebunt?
2482 2746 2831 2817 Baptizemini
2860 2750 2914 2805 in
2948 2753 3164 2832 nomine
3190 2754 3427 2811 cruciﬁxi

134 2837 236 2909 (2.
268 2838 387 2893 Cor.
416 2838 470 2894 5.
502 2839 633 2907 l8);
665 2839 732 2893 de
766 2838 905 2893 Filio
926 2880 942 2905 ,
973 2838 1042 2893 Ut
1072 2855 1173 2893 non
1198 2842 1392 2910 fulgeat
1416 2840 1519 2895 illis
1546 2842 1741 2897 illumi-
1845 2832 1938 2901 (Αέ

1622 2843 1741 2897 mu“-
1845 2832 2000 2901 (Act.
2029 2833 2083 2887 2.
2112 2833 2238 2909 58).
2269 2835 2432 2907 Cujus
2477 2838 2731 2895 tandem?
2758 2841 2929 2909 Quem
2960 2859 3246 2912 numquam
3276 2846 3426 2903 vidc-

137 2950 153 2982 ι
179 2933 288 2985 alio
318 2932 562 3003 euangelii
589 2933 771 3004 gloria:
813 2932 1040 2999 (sm-nu,
1070 2934 1259 3000 quiest
1297 2936 1466 3005 imago
1497 2934 1629 3008 Dei;
1671 2938 1739 2994 de
1844 2933 1982 2980 rani-
2032 2927 2098 2981 Et
2130 2936 2309 2984 tamen
2338 2943 2459 2984 cum
2492 2930 2605 2987 haec
2644 2932 2887 2990 dicerent
2929 2950 2993 2990 ac
3031 2937 3428 3007 praedicarent.

132 3022 305 3077 Patre
351 3023 601 3096 denique,
636 3023 734 3091 Qui
767 3024 893 3078 dixit
941 3024 1005 3078 de
1047 3025 1260 3078 tenebris
1314 3026 1476 3080 lucem
1504 3029 1740 3097 splende-
1842 3019 1936 3073 alid

1622 3029 1740 3081 ηάε,
1842 3019 2176 3075 auditoribus
2223 3022 2617 3092 persuadebunt
2642 3066 2657 3091 ,
2697 3041 2792 3081 eos
2837 3028 2927 3097 qui
2959 3030 3383 3085 vaticinabantur
3412 3073 3426 3095 ,

130 3130 304 3179 scere,
334 3115 443 3184 ipse
469 3111 637 3170 illuxit
665 3115 716 3169 in
746 3115 984 3170 cordibus
1013 3117 1189 3170 uestris
1214 3116 1283 3169 ad
1313 3116 1737 3173 illuminationcm
1843 3120 2004 3180 atque
2028 3126 2057 3163 8
2083 3112 2380 3181 maioribus
2408 3114 2587 3169 ll'adili
2614 3117 2743 3184 ipSis
2769 3128 2924 3171 erant
2949 3160 2963 3184 ,
2992 3118 3125 3175 deos
3146 3136 3251 3175 non
3285 3139 3428 3179 esse.

128 3208 368 3261 scientia:
397 3208 643 3264 claritatis
671 3208 765 3264 Dei
798 3210 849 3263 in
880 3212 1011 3280 facie
1040 3207 1250 3265 Christi.
1274 3210 1734 3277 Quemadmodum
1842 3204 1932 3258 Chi

1620 3213 1734 3268 tum
1842 3202 2089 3260 Christus
2115 3220 2241 3259 vero
2272 3205 2437 3261 clavis
2462 3206 2655 3262 afﬁxus
2679 3223 2867 3263 omnes
2891 3211 3210 3265 attrahebat.
3244 3213 3424 3282 Atqui,

129 3300 286 3353 enim
316 3317 436 3356 cum
469 3302 710 3366 dixisset,
747 3302 1013 3374 Evangelii
1047 3304 1225 3375 gloriae
1251 3304 1461 3373 Christi,
1485 3306 1732 3376 subjecit,
1844 3314 1933 3367 (111(

1621 3308 1732 3373 κει,
1844 3297 1986 3367 quod
2020 3298 2317 3353 incrucem
2358 3298 2599 3353 sublalus
2643 3315 2707 3354 ac
2749 3301 2989 3370 sepultus
3020 3301 3203 3357 fuisset
3238 3344 3251 3367 ,
3287 3307 3425 3373 apud

134 3392 246 3457 Qui
282 3404 357 3447 est
396 3396 565 3465 imago
596 3390 713 3461 Dei,
748 3396 829 3450 his
857 3397 1033 3451 verbis
1062 3396 1304 3453 indicans
1325 3414 1417 3454 eos
1441 3399 1580 3453 illius
1603 3416 1736 3470 quo-
1844 3405 1938 3444 0m

1619 3416 1736 3470 ιιιο.
1844 3404 2031 3445 omnes
2060 3390 2379 3454 constabat;
2408 3389 2550 3457 quod
2580 3401 2759 3445 autem
2811 3395 3191 3449 resurrexisset
3225 3436 3239 3459 ,
3272 3397 3423 3464 pauci

130 3500 246 3554 que
289 3484 457 3553 gloria
488 3486 707 3539 orbatos
734 3488 891 3540 eSse:
938 3489 1009 3540 ita
1056 3503 1176 3541 cum
1208 3488 1465 3554 dixisset,
1499 3490 1737 3546 Scientitc
1842 3495 1927 3534 οη]

1621 3494 1737 3546 nam
1842 3482 2063 3535 omnino
2091 3482 2354 3535 viderant.
2386 3480 2565 3535 Nihilo
2593 3483 2772 3537 secius
2804 3490 2977 3538 tamen
3011 3483 3111 3539 hoc
3141 3486 3310 3555 ipsum
3339 3488 3425 3555 iis,

130 3577 238 3629 Dei
264 3618 278 3641 ,
311 3577 542 3644 adjecit,
584 3574 651 3629 In
684 3578 819 3647 facie
845 3576 1073 3642 Christi,
1117 3588 1175 3632 ut
1214 3580 1460 3634 ostendat
1498 3596 1597 3635 nos
1642 3600 1735 3651 per
1840 3574 1930 3641 qui

1642 3600 1735 3651 per
1840 3574 1930 3641 qui
1966 3588 2074 3626 non
2114 3572 2359 3627 viderant
2389 3614 2404 3640 ,
2435 3583 2820 3643 persuaserunt
2852 3591 2989 3631 :nec
3011 3576 3059 3631 id
3084 3577 3255 3632 selum
3283 3622 3296 3645 ,
3332 3581 3424 3634 sed

129 3668 415 3724 Christum
444 3668 508 3721 ad
540 3667 712 3720 Patris
740 3668 1096 3737 cognitionem
1136 3671 1444 3735 pervenire,
1489 3680 1542 3723 ut
1572 3673 1731 3727 etiam
1840 3663 2023 3728 ﬂiam»
2047 3662 2192 3731 (ἰυοά
2221 3662 2273 3716 in
2302 3666 2465 3717 εἴθισε
2494 3665 2847 3731 ascendisset.
2878 3675 3039 3736 atque
3070 3667 3135 3722 ad
3160 3668 3423 3737 j'ldiCiUm

134 3776 240 3827 per
270 3758 528 3829 Spiritum
565 3757 629 3812 ad
662 3774 783 3813 eum
816 3757 1151 3812 adducimur.
1199 3759 1249 3813 7.
1287 3759 1542 3814 Habemus
1567 3771 1733 3816 autem
1840 3752 1907 3807 de

1404 3775 1542 3814 em“
1567 3771 1733 3816 autem
1840 3752 1907 3807 de
1937 3752 2075 3807 vivis
2099 3768 2161 3807 ac
2188 3752 2415 3807 mortuis
2446 3752 2725 3818 ferendum
2760 3764 3016 3810 venturus
3042 3769 3205 3815 esset.

131 3856 296 3906 istum
327 3852 619 3906 thesaurum
652 3844 705 3905 in
745 3852 878 3905 vasis
922 3851 1161 3919 ﬁctilibus
1201 3867 1220 3904 :
1265 3862 1319 3906 ut
1345 3852 1626 3907 sublimitas
1670 3856 1734 3909 sit
1913 3855 1935 3896 Α

1614 3870 1626 3907 ι
1670 3856 1734 3909 si;
1913 3844 2145 3912 Apostoli
2163 3844 2415 3914 quomodo
2438 3845 2607 3898 orbem
2634 3846 2953 3915 subegerunt.
2976 3877 3045 3886 —
3068 3846 3222 3902 Unde
3240 3850 3418 3919 igitur,

132 3946 343 3999 virtutis
385 3944 517 4008 Dei,
548 3953 593 3999 et
628 3961 728 3998 non
769 3961 831 3997 cx
865 3943 1029 3997 nobis.
1073 3943 1334 4009 Quoniam
1362 3943 1504 3998 enim
1536 3944 1601 3999 de
1642 3961 1732 3998 ar-
1840 3953 1936 4007 q'I-I

1642 3961 1732 3998 π-
1840 3952 2064 4007 (μω-80,
2099 3938 2460 4008 persuadendi
2512 3939 2592 3992 vis
2648 3939 2699 3991 in
2755 3939 2839 3992 his
2892 3940 3420 3997 scrmonibns?Non

130 4053 273 4091 cana
314 4038 401 4091 illa
444 4037 615 4108 gloria
659 4038 823 4091 multa
870 4047 925 4091 et
964 4039 1141 4107 ampla
1180 4038 1343 4092 verba
1376 4036 1577 4092 fecerat
1603 4081 1617 4105 ,
1668 4056 1733 4095 ne
1839 4030 2056 4083 aliunde
2085 4072 2099 4094 ,
2128 4045 2287 4098 quam
2310 4047 2337 4081 a
2370 4031 2462 4085 Dei
2496 4032 2754 4100 potentia.
2785 4032 3017 4087 Primum
3042 4035 3183 4088 enim
3217 4038 3423 4092 novitas

130 4131 260 4197 quis
292 4129 533 4184 diceret:
577 4129 677 4196 Qui
708 4129 766 4183 lit
801 4129 978 4199 igitur,
1010 4139 1066 4183 ut
1097 4139 1294 4184 tantum
1326 4131 1554 4200 gloriam
1597 4147 1729 4185 co“-
1842 4122 1954 4189 ipsa
1991 4122 2230 4174 omnium
2260 4120 2804 4190 animosgofl'endebat
2842 4142 2854 4175 :
2884 4139 3003 4176 cum
3036 4135 3214 4178 autem
3240 4128 3290 4180 in
3324 4129 3423 4183 hu-

131 4220 379 4291 sequuti,
414 4220 466 4273 in
498 4220 708 4274 mortali
737 4236 961 4290 corpore
1002 4223 1353 4277 maneamus?
1393 4222 1506 4276 Hoc
1537 4226 1729 4291 ipsum,
1835 4211 1935 4281 5"5'

1610 4241 1729 4288 mm,
1835 4211 2066 4281 jnsmodi
2102 4210 2262 4265 rebus
2288 4211 2549 4280 quispiam
2582 4213 2817 4273 innovat,
2839 4221 2964 4267 tunc
2991 4215 3204 4283 gravior
3232 4232 3318 4270 res
3338 4217 3414 4271 ef-

132 4312 335 4380 inquit,
381 4318 466 4365 est
502 4325 845 4378 summopere
895 4312 1194 4365 mirandum
1221 4352 1235 4373 ,
1280 4328 1343 4368 ac
1374 4314 1731 4369 luculentissi-
1841 4303 1936 4356 “05'

1612 4316 1731 4369 issi.
1841 4303 2034 4367 licitur,
2053 4312 2109 4354 ut
2133 4317 2253 4356 cum
2275 4302 2572 4372 priscorum
2594 4300 2788 4355 rituum
2806 4301 3148 4359 fundamenta
3168 4305 3414 4376 effringit.

133 4420 290 4457 mum
349 4402 545 4456 divina:
604 4402 859 4472 potentia;
911 4413 1283 4472 argumentum
1312 4445 1325 4465 ,
1373 4406 1514 4473 quod
1572 4408 1732 4463 ﬁctile
1837 4411 1903 4449 ac
1932 4395 2075 4479 leges
2103 4394 2357 4449 radicitus
2384 4395 2583 4449 evellit.
2623 4394 2737 4450 lluc
2762 4397 2968 4452 accedit
2994 4439 3008 4461 ,
3039 4400 3179 4468 quod
3209 4415 3405 4468 praeco.

130 4492 416 4549 vasculum
469 4502 671 4547 tantum
713 4493 1050 4563 splendorem
1086 4494 1225 4549 ferre
1268 4509 1330 4548 ac
1372 4505 1573 4550 tantum
1618 4498 1734 4553 the-
1839 4503 1934 4543 nos

1618 4498 1734 4553 the-
1839 4503 1934 4543 nes
1963 4503 2065 4542 non
2094 4488 2196 4541 ﬁde
2226 4488 2370 4557 digni
2402 4488 2731 4542 viderentur.
2781 4487 2911 4542 Nam
2946 4497 2998 4543 et
3027 4506 3089 4543 ex
3115 4505 3175 4544 ea
3206 4492 3420 4547 natione

129 4599 357 4639 saurum
380 4583 515 4637 tueri
533 4582 962 4654 potuerit.Cujus
982 4586 1140 4639 etiam
1161 4583 1731 4657 reiadmirationeipse
1841 4589 1995 4634 erant
2028 4620 2042 4642 ι
2072 4578 2464 4661 (Ιυεὲιοῐηιιίῦυε
2490 4579 2675 4631 Odiosa
2709 4589 2850 4633 9850‘
2880 4619 2893 4643 ι
2936 4590 2988 4633 ει
3020 4580 3121 4647 ίρεί
3155 4582 3323 4635 limit“
3360 4598 3421 4637 ac

130 4684 446 4733 commotus
472 4675 679 4730 dicebat
709 4695 720 4728 :
770 4675 837 4731 Ut
882 4675 1163 4730 sublimitas
1190 4676 1254 4729 sit
1283 4676 1481 4731 virtutis
1514 4676 1606 4731 Dei
1625 4720 1641 4746 ,
1689 4690 1731 4732 et
1840 4673 2100 4727 doctrinae
2126 4679 2376 4738 expertes
2403 4679 2573 4723 erant.
2609 4668 2758 4724 Unde
2789 4670 2947 4739 igitur
2971 4670 3156 4725 orbem
3189 4672 3417 4742 subege-

132 4786 238 4822 non
274 4785 338 4822 ea:
378 4769 519 4821 nobis
544 4784 562 4830 ;
600 4768 685 4823 his
710 4770 886 4823 verbis
911 4783 1004 4822 eos
1036 4781 1221 4827 rursus
1248 4767 1614 4833 subindicans,
1641 4771 1731 4840 qui
1840 4762 2007 4817 will?
2058 4760 2198 4814 υηάθ
2226 4774 2319 4813 V05
2347 4770 2402 4814 ει
2430 4761 2662 4829 maiores
2691 4771 2898 4815 "eSll'OS
2927 4803 2941 4826 ν
2985 4764 3073 4832 (ιιιὶ
3118 4762 3419 4833 ριιίὶοεοριιί

135 4869 191 4921 iu
225 4865 421 4934 seipsis
451 4864 837 4934 gloriabantur.
862 4863 992 4918 Nam
1021 4872 1075 4917 et
1103 4861 1366 4915 donorum
1399 4863 1730 4931 magnitudo,
1840 4851 2176 4917 νίάεῧθηίυτν
2207 4859 2366 4922 atque
2394 4851 2525 4906 deos
2549 4852 2693 4920 ίβεοδ
2718 4853 3027 4921 eiecerunt?
3055 4869 3231 4908 3""0"
3258 4856 3422 4924 “(1"Ct

131 4969 191 5014 et
221 4973 411 5013 eorum
441 4958 531 5027 qui
574 4956 659 5011 his
699 4956 874 5011 allecti
919 4965 1043 5010 sunt
1072 4953 1445 5020 imbecillitas,
1493 4957 1597 5009 vim
1640 4957 1731 5011 Dei
1843 4947 1963 4999 “103
1994 4944 2161 4998 Deum
2206 4959 2388 4999 secum
2419 4944 2713 4999 habilisse?
2739 4944 2924 5013 Νθιίυθ
2964 4946 3108 4999 enim
3139 4954 3245 4999 lam
3287 4961 3425 5015 Pw“

4123 289 4202 426 it.

4121 385 4130 420 i
4161 407 4196 424 η
4237 367 4286 428 .-.f

4115 415 4286 512 ῗῖξῖῌζέι
4463 439 4470 508 ξ

4165 505 4200 540 ιτ·
4467 511 4472 532 ι

4111 957 4204 998 Ε’ἐῂ
4235 951 4282 1004 Ξςξ

4109 997 4126 1056 3"
4163 999 4198 1032 ⁴ι
4223 991 4280 1064 Ἠ

4111 1119 4182 1188 is?
4233 1123 4282 1186 In

4113 1179 4206 1242 Ha
4233 1185 4282 1240 ii

4111 1345 4144 1364 ,ι
4171 1359 4178 1370 ε
4249 1353 4272 1374 -ί

4111 1371 4284 1466 iiii-ii

4114 1177 4284 1744 ΞΓΞ

4121 1619 4128 1626 ·
4409 1641 4414 1648 τ

4170 1707 4284 1806 iiii}:
4315 1737 4322 1770 ξ
4401 1759 4404 1762 .

4102 1768 4324 1941 .
4403 1777 4412 1820 έ

4100 2318 4234 2368 i
4359 2347 4362 2356 ε
4403 2319 4440 2364 ῖῖ

4100 2430 4185 2493 έεῖἻ
4232 2443 4348 2482 i-ii

4244 2483 4362 2585 “:12:
4397 2479 4457 2552 ί,

4100 2552 4115 2581 ί¹
4148 2556 4157 2563 ’
4246 2568 4283 2587 ,π
4399 2551 4471 2578 :_-=

4098 2654 4185 2779 Ti???
4397 2671 4473 2772 ἰ

4100 2970 4155 3037 lli
4176 2954 4299 3029 ἐπὶ
4418 2968 4455 3037 *3

4118 3030 4163 3087 ἶ.
4196 3030 4223 3075 ’ἓ
4250 3000 4459 3181 ἶ

4098 3080 4287 3157 “iisin-su
4322 3094 4378 3130 μ.
4424 3090 4459 3137 7,

4092 3274 4153 3349 .ῖῖ
4178 3226 4431 3353 Ῐὲἔξμκέ

4150 3428 4273 3463 βιῖιτ
4450 3428 4471 3463 νξ

4090 3424 4129 3519 ε.
4176 3458 4455 3563 aii-iiii?

4090 3516 4102 3591 Ι
4164 3538 4429 3635 έλέιζεξῖἓξ.

4088 3596 4101 3681 ε

4090 3674 4431 3787 ε
4468 3680 4473 3687 ‘

4094 3808 4123 3817 ,η
4176 3746 4429 3819 ἶὲξξξζ-ξιέλ-ἱὲ

4092 3830 4127 3865 νἶ
4208 3818 4249 3847 ﬂ";

4116 3886 4123 3919 Ι
4200 3896 4217 3919 ‘.
4302 3882 4341 3919 εἴ
4368 3880 4409 3919 ίῒ

137 5053 564 5113 demonstrant,
592 5063 719 5101 non
763 5047 923 5102 modo
952 5048 1074 5117 quia
1109 5060 1298 5114 magna
1346 5045 1570 5115 largitus
1610 5058 1691 5102 est
1715 5088 1730 5114 ,

134 5140 237 5197 sed
265 5140 391 5209 quia
424 5139 604 5207 parvis
630 5149 685 5192 et
724 5139 985 5208 abjectis:
1032 5138 1194 5193 ﬁctile
1224 5138 1419 5206 quippe
1457 5138 1629 5204 dixit,
1678 5151 1734 5193 ut

137 5238 396 5288 humanae
425 5240 630 5285 natura:
658 5229 998 5300 fragilitatem
1053 5229 1412 5301 signiﬁcaret,
1450 5231 1734 5301 carnisque

136 5334 347 5381 nostra:
396 5321 813 5376 imbecillitatem
864 5325 1207 5391 conspicuam
1256 5320 1527 5375 redderet.
1571 5320 1733 5376 Testa

137 5431 385 5487 namque
413 5414 585 5470 nihilo
611 5414 804 5469 melius
832 5414 919 5468 illa
947 5431 1006 5470 se
1034 5415 1229 5479 habet;
1263 5414 1399 5469 adeo
1424 5412 1735 5469 oﬁ‘ensioni-

138 5513 249 5567 bus
277 5518 448 5581 patet,
475 5523 538 5563 ac
566 5518 761 5574 morte,
790 5506 1017 5573 morbis,
1050 5509 1166 5563 czeli
1200 5507 1551 5579 intemperiis,
1573 5516 1735 5577 atque

137 5602 445 5659 innumeris
461 5602 579 5657 aliis
595 5601 748 5656 malis
774 5600 926 5655 facile
950 5596 1283 5655 diSsolvitur.
1312 5602 1436 5655 Hrec
1462 5614 1627 5670 porro
1647 5599 1734 5654 di-

138 5692 307 5750 cebat
325 5735 342 5760 ,
370 5702 484 5749 tum
513 5702 569 5749 ut
592 5709 776 5750 eorum
802 5692 1161 5763 arrogantiam
1189 5695 1586 5761 comprimeret,
1623 5700 1732 5747 tum

139 5798 206 5843 ut
257 5788 391 5843 nihil
444 5805 620 5845 rerum
669 5800 975 5845 nostrarum
1009 5790 1306 5843 lmmanum
1348 5803 1467 5871 esse
1511 5786 1733 5842 demon-

136 5888 360 5938 Strarct.

1840 5042 1983 5097 clara
2009 5038 2247 5094 facinora
2274 5040 2325 5093 in
2356 5040 2642 5094 humanam
2668 5038 2966 5108 potentiam
2990 5038 3208 5103 cadunt,
3242 5038 3335 5095 sed
3369 5041 3420 5094 in

1840 5133 2077 5187 divinam
2104 5130 2391 5201 quamdam
2422 5138 2476 5184 et
2505 5128 2845 5183 ineﬁ‘abilem.
2884 5130 3099 5184 Minime
3128 5145 3255 5184 vero
3291 5170 3306 5196 ,
3341 5130 3420 5184 in—

1841 5226 2030 5295 quiunt
2061 5225 2146 5278 isti
2176 5241 2189 5289 ;
2224 5222 2315 5277 sed
2342 5222 2625 5292 praestigiis
2652 5223 2733 5276 usi
2762 5231 2906 5277 sunt.
2948 5223 3087 5289 Ergo
3113 5221 3417 5276 daemonum

1844 5318 2126 5388 imperium
2157 5316 2339 5385 augeri
2368 5316 2652 5384 oportebat
2680 5356 2695 5381 ,
2724 5324 2884 5384 atque
2923 5314 3188 5369 idolorum
3220 5314 3421 5368 cultum

1843 5408 2179 5479 ampliﬁcari.
2212 5408 2311 5475 Qui
2344 5408 2503 5479 igitur
2528 5406 2722 5461 factum
2750 5413 2855 5470 est,
2889 5414 2942 5459 ut
2975 5422 3036 5460 ea
3066 5405 3242 5459 deleta
3263 5411 3424 5473 atque

1842 5502 2104 5558 exstincta
2130 5498 2239 5552 sint
2270 5538 2285 5563 ,
2319 5508 2374 5553 et
2401 5513 2468 5552 ex
2503 5494 2775 5551 contrario
2821 5505 3002 5551 nostra
3036 5492 3425 5549 efﬁorescant’l

1842 5596 2020 5663 Quare
2045 5592 2170 5646 hinc
2194 5605 2408 5661 quoque
2434 5590 2603 5660 liquet
2627 5630 2642 5655 ,
2674 5588 2766 5643 Dei
2794 5587 3001 5643 calculo
3026 5585 3143 5640 haec
3169 5582 3425 5653 contigis-

1844 5700 1904 5742 se
1933 5704 1947 5739 :
1978 5698 2152 5754 neque
2176 5697 2206 5736 a
2228 5682 2608 5752 prmdicatione
2631 5689 2857 5746 tantum,
2876 5677 2971 5735 sed
2992 5676 3060 5731 ab
3080 5676 3192 5747 ipsa
3213 5687 3426 5746 quoque

1846 5778 1968 5831 vitae
1994 5775 2219 5831 ratione.
2251 5773 2477 5840 Quando
2518 5772 2663 5828 enim
2711 5779 2855 5826 tanta
2907 5769 3184 5838 virginitas
3225 5764 3426 5837 passim

1850 5881 1962 5925 toto
1988 5869 2121 5925 orbe
2148 5867 2353 5922 consita
2382 5868 2502 5921 est?
2530 5864 2742 5935 quando
2772 5879 2867 5935 par
2892 5878 3077 5935 opum,
3098 5862 3239 5929 vitae,
3270 5868 3429 5947 atque
