4568 6424
912 385 1022 445 850

912 504 1139 557 aliarum
1171 499 1409 555 omnium
1437 512 1618 555 rerum
1647 509 1987 567 contemptus
2019 496 2044 550 2
2086 495 2218 551 Nam
2248 494 2499 563 ﬁagitiosi

916 607 981 648 ac
1003 592 1418 663 przestigiatores
1436 586 1571 645 nihil
1596 588 1861 658 ejusmodi
1890 587 2169 641 effecerint
2191 626 2208 648 ,
2240 584 2337 638 sed
2360 600 2493 637 con-

917 685 1079 739 traria
1107 683 1286 737 omnia
1312 699 1328 736 :
1356 692 1414 737 at
1438 681 1491 736 hi
1520 681 1816 752 angelicam
1841 680 1961 734 vitm
1982 679 2240 733 rationem
2265 678 2419 732 nobis
2442 687 2500 732 et

918 779 972 831 in
1005 785 1185 831 nostra
1226 786 1280 830 et
1322 776 1374 829 in
1421 774 1646 829 barbara
1696 774 1918 843 regiooe
1959 781 2120 840 atque
2162 771 2212 823 in
2242 770 2498 824 extremis

919 875 1076 921 teme
1124 863 1429 922 recessibus
1466 880 1574 921 non
1622 864 1783 919 modo
1827 863 2126 917 docuerunt
2155 903 2171 926 ,
2212 860 2305 915 sed
2335 861 2496 914 etiam

914 955 1275 1027 perfecerunt.
1301 955 1459 1013 Unde
1487 957 1827 1026 perspicuum
1850 962 1954 1018 est,
1972 950 2172 1006 Christi
2201 952 2305 1003 vim
2332 948 2499 1005 fuisse

916 1064 1039 1119 quze
1064 1046 1167 1103 hoc
1194 1057 1363 1103 totum
1382 1047 1586 1119 ubique
1616 1047 1807 1101 fecerit
1827 1086 1845 1111 ,
1871 1046 1979 1098 vim
2004 1084 2021 1109 ,
2053 1043 2270 1112 inquam
2298 1081 2315 1105 ,
2353 1042 2498 1095 illam

915 1137 1114 1208 ultique
1142 1138 1404 1193 lucentem
1425 1153 1489 1193 ac
1516 1137 1725 1205 fulgure
1747 1135 1938 1206 quovis
1961 1135 2197 1189 celerius
2222 1133 2497 1187 hominum

917 1287 3770 1315 www—

2308 1415 2656 1480 HOMILIA
2700 1416 2815 1480 IX.

911 1579 1041 1640 Csr.
1060 1583 1115 1639 ι.
1135 1598 1193 1636 v.
1208 1582 1262 1637 8.
1277 1575 1343 1634 In
1359 1576 1591 1633 omnibus
1618 1574 1992 1631 tribulationem
2017 1571 2264 1645 patimur,
2281 1573 2372 1627 sed
2398 1588 2502 1626 non

984 1674 1344 1746 angustiamur
1361 1686 1382 1726 :
1406 1668 1703 1740 aperiantur
1724 1707 1741 1733 ,
1783 1667 1871 1722 sed
1898 1684 2001 1720 non
2038 1667 2127 1720 des
2138 1666 2367 1720 tituimur
2394 1682 2413 1722 :
2438 1667 2497 1722 9.

986 1762 1424 1833 persequutionem
1474 1758 1715 1829 patimur.
1737 1757 1831 1811 sed
1867 1773 1969 1811 non
2002 1756 2422 1826 derelinquimur.

992 1939 1044 1993 l.
1071 1934 1125 1991 ln
1154 1950 1221 1991 eo
1245 1933 1421 1990 adlmc
1460 1934 1775 1988 immoratur
1800 1973 1817 1995 ,
1845 1939 1907 1985 ut
1932 1929 2181 1985 ostendat
2208 1944 2369 1984 omne
2397 1932 2501 1986 hoc

918 2027 1190 2097 negotium
1219 2024 1415 2080 divinas
1450 2022 1704 2093 potentia:
1732 2018 2145 2075 adscribendum
2189 2034 2310 2073 esse
2343 2036 2356 2071 :
2397 2034 2505 2088 quo

920 2133 1105 2172 eorum
1134 2114 1496 2185 arrogantiam
1537 2109 1787 2167 coérceat
1816 2152 1829 2174 ,
1862 2110 1951 2178 qui
2001 2109 2053 2161 iu
2080 2109 2277 2177 seipsis
2304 2109 2505 2179 gloria.

918 2207 1132 2260 liautnr.
1163 2204 1280 2260 Non
1308 2205 1450 2259 enim
1470 2243 1488 2265 ,
1521 2190 1729 2269 inquit,
1764 2201 1867 2255 hoc
1895 2200 2069 2256 solum
2101 2201 2344 2255 mirabile
2370 2207 2452 2256 est
2485 2240 2500 2265 ,

920 2294 1063 2364 quod
1086 2293 1233 2348 hunc
1262 2294 1572 2348 thesaurum
1603 2292 1656 2345 in
1682 2290 1932 2345 ﬁctilibus
1955 2292 2095 2345 vasis
2124 2306 2501 2355 asservemus;

923 2385 1017 2440 sed
1047 2385 1209 2439 etiam
1236 2382 1376 2451 quod
1406 2423 1422 2449 ,
1454 2397 1575 2438 cum
1600 2384 1865 2438 sexcean
1902 2382 2257 2437 incommodis
2281 2396 2499 2452 prema-

922 2489 1041 2528 mur
1067 2517 1083 2541 ,
1112 2484 1272 2545 atque
1314 2475 1460 2530 omni
1497 2488 1563 2529 ex
1611 2483 1760 2544 parte
1803 2473 2078 2543 pulsemur
2102 2514 2119 2537 ,
2151 2487 2275 2526 eum
2321 2481 2498 2525 tamen

920 2577 1131 2623 tuemur
1175 2582 1272 2621 nec
1318 2564 1631 2621 amittimus.
1668 2565 1735 2619 Et
1762 2564 1980 2635 quidam
2008 2563 2052 2617 si
2084 2562 2164 2616 vel
2194 2561 2500 2615 adamanti-

920 2675 1046 2715 uum
1086 2672 1182 2715 vas
1210 2667 1373 2724 esset,
1397 2666 1549 2713 tanto
1570 2666 1747 2712 tamen
1772 2655 2024 2711 thesauro
2050 2652 2309 2723 gestando
2328 2692 2346 2714 ,
2379 2658 2499 2705 tan-

920 2754 1093 2823 tisque
1127 2750 1339 2806 insidiis
1361 2748 1691 2806 sustinendis
1721 2749 1893 2817 impar
1919 2754 2063 2801 esset
2096 2764 2109 2798 :
2141 2760 2283 2799 nunc
2319 2750 2498 2797 autem

913 2855 965 2902 ct
988 2844 1210 2901 ferimus
1239 2851 1294 2898 et
1318 2857 1415 2914 per
1434 2840 1528 2897 Dei
1554 2842 1777 2911 gratiam
1800 2837 1933 2894 nihil
1960 2851 2124 2908 grave
2149 2835 2402 2907 patimur.
2431 2832 2500 2886 In

917 2936 1148 2993 omnibus
1174 2934 1549 2989 tribulationem
1574 2932 1800 3003 patimur
1824 2970 1841 2995 ,
1869 2931 1960 2984 sed
1995 2945 2098 2983 non
2126 2928 2493 2998 angustiarum.

914 3031 1052 3099 Quid
1082 3028 1207 3096 est?
1235 3027 1303 3082 In
1331 3026 1603 3082 omnibus?
1634 3024 1689 3079 In
1716 3023 1981 3089 hostibus,
2017 3024 2067 3077 in
2096 3022 2304 3085 amicis,
2338 3020 2389 3073 in
2414 3034 2500 3073 ne-

915 3120 1185 3180 cessariis,
1210 3119 1263 3173 lu
1284 3118 1424 3182 aliis,
1443 3131 1670 3188 quorum
1697 3115 1915 3187 penuria
1946 3114 2251 3169 laboramus
2271 3153 2285 3174 ,
2309 3110 2377 3165 ab
2404 3111 2499 3163 lio—

916 3214 1088 3268 stibus
1108 3254 1124 3277 ,
1150 3228 1181 3267 a
1204 3212 1423 3266 nostris.
1445 3209 1554 3266 Sed
1575 3225 1679 3263 non
1702 3207 2073 3278 angustiamur.
2108 3209 2185 3258 Ac
2216 3202 2335 3259 vide
2359 3218 2497 3269 quo.

920 3304 1080 3359 modo
1108 3309 1408 3373 pugnantes
1452 3315 1540 3354 res
1564 3300 1745 3362 dicat,
1783 3306 1844 3352 ut
1876 3296 2002 3350 hinc
2031 3309 2243 3364 quoque
2272 3293 2363 3345 Dei
2393 3293 2497 3345 vim

917 3400 1323 3450 commonstret.
1360 3390 1754 3447 Tribulationem
1780 3390 2020 3456 patimur,
2052 3386 2221 3453 inquit
2248 3426 2259 3445 ,
2291 3384 2380 3437 sed
2399 3400 2499 3437 non

917 3486 1271 3558 ongustiamur
1301 3498 1321 3537 :
1348 3482 1644 3553 aporiamur
1678 3522 1693 3545 ,
1734 3479 1824 3534 sed
1867 3494 1968 3531 non
2008 3476 2370 3529 destituimur:
2402 3475 2501 3529 hoc

920 3589 1005 3635 est
1028 3622 1045 3643 ,
1072 3594 1179 3632 non
1209 3575 1277 3630 ad
1311 3585 1611 3631 extremum
1641 3587 1810 3642 usque
1834 3569 2190 3624 concidimus.
2225 3566 2502 3636 Plerisque

918 3668 1059 3726 enim
1092 3670 1143 3722 in
1169 3668 1302 3723 locis
1321 3664 1589 3729 dolemus,
1605 3678 1704 3718 nec
1724 3662 1865 3731 quod
1882 3660 2121 3715 volumus
2141 3659 2497 3728 assequimur,

918 3777 1023 3815 non
1053 3760 1131 3815 sic
1156 3772 1334 3814 tamen
1363 3766 1419 3813 ut
1446 3771 1472 3809 a
1506 3755 1800 3824 propositis
1831 3752 1996 3807 rebus
2027 3751 2363 3806 excidamus:
2388 3751 2501 3803 haec

916 3850 1115 3919 quippe
1144 3864 1248 3903 non
1278 3861 1346 3901 eo
1379 3845 1644 3914 permittit
1671 3844 1811 3896 Deus
1851 3849 1911 3895 ut
1955 3842 2233 3894 vincamur
2263 3882 2277 3905 ,
2307 3840 2400 3893 sed
2445 3850 2503 3892 ut

920 3951 1289 3994 exerceamur.
1323 3932 1775 4002 Persequutionem
1804 3931 2029 3999 patimur
2060 3972 2073 3991 ,
2104 3931 2192 3983 sed
2222 3946 2323 3982 non
2352 3930 2501 3983 dere-

925 4030 1201 4099 linquimur
1220 4042 1239 4080 :
1271 4025 1555 4095 dejicimur,
1582 4022 1671 4076 sed
1696 4039 1794 4076 non
1821 4022 2064 4093 perimus.
2082 4021 2335 4088 Quamvis
2358 4022 2499 4075 enim

927 4116 1247 4174 tentationes
1287 4116 1600 4183 contingant
1628 4156 1642 4177 ,
1677 4129 1780 4169 non
1828 4128 1889 4167 ea
1938 4124 2113 4168 tamen
2140 4113 2453 4182 contingunt
2484 4116 2502 4174 ,'

924 4229 1043 4283 qua:
1065 4228 1131 4266 ex
1168 4208 1554 4265 tentationibus
1580 4206 1708 4269 oriri
1735 4205 1915 4259 solent
1947 4221 1960 4255 :
1989 4202 2147 4272 idque
2172 4218 2263 4273 per
2282 4203 2373 4257 Dei
2402 4219 2499 4272 ρο..

928 4302 1148 4356 tentiam
1190 4308 1245 4354 et
1281 4296 1532 4368 gratiam.
1586 4292 1723 4347 Alibi
1751 4301 1931 4346 autem
1961 4291 2074 4344 haec
2104 4294 2270 4346 Deum
2305 4292 2501 4348 idcirco

930 4392 1238 4461 permittere
1266 4392 1361 4455 ait,
1389 4398 1501 4443 tum
1527 4386 1596 4441 ob
1624 4386 1859 4453 ipsorum
1888 4381 2260 4444 humilitatem,
2290 4392 2402 4438 tum
2433 4384 2501 4438 ad

925 4483 1152 4538 aliorum
1177 4481 1516 4535 securitatem
1551 4496 1563 4530 :
1597 4476 1679 4530 Ne
1698 4477 1839 4532 enim
1862 4472 2157 4527 insolentius
2182 4472 2385 4537 efferor,
2405 4476 2503 4528 in—

922 4573 1057 4643 quit,
1077 4573 1226 4626 datus
1245 4579 1318 4624 est
1342 4569 1464 4622 mihi
1494 4568 1726 4621 stimulus
1748 4566 1823 4635 (‘2.
1844 4564 1961 4619 Cor.
1988 4564 2076 4617 12.
2105 4562 2182 4631 7);
2216 4571 2269 4615 et
2298 4578 2500 4629 rursus,

931 4666 1013 4719 Ne
1031 4665 1143 4735 quis
1163 4663 1407 4717 existimet
1423 4658 1487 4714 de
1499 4674 1743 4727 mesupra
1759 4658 1811 4710 id
1827 4656 1963 4725 quod
1978 4656 2180 4716 videt,et
2197 4655 2338 4707 audit
2354 4672 2415 4709 ex
2431 4674 2507 4711 me

925 4756 1087 4821 (Ibid.
1116 4771 1164 4807 υ.
1193 4752 1270 4821 6);
1298 4762 1353 4807 et
1401 4751 1508 4806 alio
1548 4751 1686 4812 loco,
1719 4746 1800 4803 Ne
1827 4749 2039 4817 ﬁdentes
2080 4748 2236 4799 simus
2276 4748 2327 4798 in
2370 4749 2508 4803 nobis

931 4849 1054 4917 ipsts
1080 4844 1253 4916 (Ibid.
1278 4846 1326 4898 l.
1353 4844 1409 4913 9)
1438 4862 1450 4897 :
1480 4844 1567 4898 hic
1595 4858 1745 4908 vero,
1764 4843 1833 4898 Ut
1856 4843 1947 4896 Dei
1967 4841 2201 4911 potentia
2224 4840 2507 4895 elucescat.

1008 4936 1090 4991 Ea;
1121 4935 1476 4990 tentationibus
1501 4944 1745 5002 quantum
1767 4935 1981 4987 lucrum.
2002 4964 2073 4974 -—
2090 4934 2323 4987 Videsne
2344 4949 2512 5002 quau-

927 5043 1019 5087 tus
1065 5036 1302 5102 qumstus
1344 5043 1409 5082 ex
1455 5026 1841 5081 tentationibus
1884 5026 2113 5081 redeat?
2153 5027 2284 5080 Nam
2332 5035 2385 5078 et
2417 5026 2508 5080 Dei

926 5128 1032 5177 vim
1067 5120 1421 5177 ostendebant
1454 5160 1468 5183 ,
1500 5127 1557 5173 et
1592 5118 1814 5187 gratiam
1864 5119 2092 5188 amplius
2137 5119 2455 5187 detegebant
2494 5134 2506 5180 ;

924 5212 1125 5281 Suﬂicit
1152 5212 1294 5267 enim
1325 5212 1413 5264 tibi
1432 5210 1597 5280 gratia
1622 5224 1730 5261 mea
1761 5209 1779 5277 (
1810 5207 1944 5261 Ibid.
1978 5209 2064 5263 12.
2091 5209 2123 5264 9
2152 5214 2205 5279 ),
2229 5208 2430 5279 inquit;
2456 5216 2508 5263 et

922 5304 983 5357 ad
1016 5302 1367 5356 humilitatem
1397 5302 1770 5365 concitabant,
1801 5300 1936 5352 alios
1964 5303 2379 5368 compesccbant
2406 5342 2418 5365 ,
2452 5311 2507 5355 et

919 5397 1041 5449 illos
1069 5392 1443 5447 tolerantiores
1471 5392 1804 5445 efﬁciebant:
1834 5389 2086 5443 Patientia
2108 5395 2274 5459 enim,
2308 5394 2500 5462 inquit,

919 5487 1272 5557 probationem
1293 5493 1551 5553 operatur,
1572 5485 1798 5552 probatio
1814 5501 1951 5553 spem
1976 5483 2147 5553 (Rom.
2173 5488 2224 5541 5.
2256 5487 2336 5557 ὁ).
2368 5486 2500 5541 Nam

918 5577 1005 5646 qui
1035 5576 1090 5631 in
1121 5574 1512 5644 quamplurima
1539 5576 1772 5643 pericula
1802 5575 2099 5630 inciderant
2122 5616 2137 5638 ,
2163 5587 2321 5646 atque
2348 5593 2412 5634 ex
2438 5579 2501 5632 iis

921 5683 1017 5738 ipe
1045 5666 1228 5722 divina
1254 5664 1372 5719 freti
1405 5677 1733 5718 emerseram
1770 5705 1782 5728 ,
1831 5666 1954 5719 hinc
1982 5665 2309 5722 ducebantur
2340 5680 2398 5723 ut
2424 5671 2497 5724 illi

918 5759 1085 5829 magis
1120 5756 1383 5811 ltzrcrcnt
1408 5757 1457 5811 in
1488 5756 1749 5810 omnibus.
1782 5755 1878 5812 105
1904 5757 2112 5827 διιηιρστ
2144 5762 2492 5827 mortiﬁcatio-

1603 378 1661 441 8.
1699 375 1982 440 ΙΟᾹΝΝΙΒ
2017 378 2497 439 ΟΙΙΠΥὸίιΞΤΟΗΙ
2539 379 2839 438 Λιιιλιιιιςρ
2900 381 3443 445 ΩΟΝΘΤΑΝΤΙΝΟΡ.

4108 393 4197 443 tuo

2608 506 2818 553 mentes
2861 495 3243 555 illustrantem.
3277 506 3403 557 Hac
3437 501 3599 575 igitur
3625 505 3807 561 omnia
3837 508 4152 578 cogiunun
4182 552 4195 575 ,

2603 596 2767 654 atque
2792 597 3037 657 apertum
3064 590 3439 659 promissionis
3481 590 3777 651 Iuturnrum
3810 597 4089 654 bonorum
4118 616 4195 654 ar-

2604 687 2916 747 gumentum
2940 693 3004 734 cx
3035 679 3100 735 iis
3124 695 3243 750 quae
3272 678 3411 737 facta
3442 691 3569 737 sunt
3593 684 3865 754 capientes
3885 731 3903 753 ,
3933 690 4193 745 invictam

2605 772 2749 827 illam
2789 773 3044 831 Crucilixi
3085 777 3381 847 potentiam
3428 778 3709 835 uobiscum
3745 782 3975 840 adorate
4009 802 4027 840 :
4063 794 4123 839 ut
4146 793 4195 838 ct

2605 862 2971 919 intolerandus
2992 868 3263 922 cruciatus
3287 867 3575 939 eil‘ugiatis,
3606 881 3660 926 et
3681 874 4084 942 sempiternum
4114 889 4196 928 rt:-

2603 967 2765 1021 gnum
2812 956 3176 1025 assequamini
3207 973 3220 1010 :
3255 958 3401 1027 quod
3438 960 3643 1015 utinam
3687 962 3842 1017 nobis
3874 965 4194 1035 contingat,

2606 1057 2701 1111 per
2724 1045 2952 1114 gratiam
2975 1058 3030 1101 et
3058 1047 3470 1119 benignitatem,
3500 1060 3605 1106 etc.

2609 1587 2723 1625 nem
2744 1569 2874 1625 Iesu
2912 1571 2967 1626 in
3005 1587 3218 1645 corpore
3258 1583 3432 1630 nostro
3465 1578 3870 1649 circumferentes
3898 1620 3915 1645 ,
3947 1586 4005 1632 ut
4026 1586 4200 1634 etrtta

2605 1660 2733 1715 Iesu
2754 1662 3105 1731 manifestetur
3126 1661 3413 1733 iri-corpore
3433 1676 3622 1721 nostra.
3638 1669 3900 1736 Quidnam
3928 1678 4053 1724 crat
4084 1670 4199 1724 hmo

2608 1752 2953 1808 mortiﬁcatio
3004 1752 3213 1808 Domini
3268 1754 3396 1809 Iesu
3424 1797 3439 1819 ,
3486 1771 3649 1825 quam
3691 1760 4197 1815 circumferebant?

2608 1842 2806 1897 Mortes
2826 1842 3173 1913 quotidianae,
3203 1858 3299 1913 per
3318 1859 3453 1914 quas
3473 1848 3882 1903 resurrectionis
3908 1849 4197 1919 specimen

2606 1934 2883 1991 edebatur.
2916 1936 3049 1991 Nam
3079 1938 3124 1991 si
3146 1938 3268 2007 quis
3295 1946 3399 2003 est,
3424 1937 3613 2007 inquit,
3641 1938 4021 2008 quiCbristum
4040 1957 4188 1995 moro

2615 2036 2724 2080 tem
2753 2027 2953 2083 obiisse
2984 2070 3001 2093 ,
3031 2038 3192 2098 atque
3221 2029 3582 2085 resurrexisse
3609 2046 3714 2084 non
3745 2031 3966 2096 credat,
4001 2032 4058 2086 in
4100 2050 4194 2085 nos

2611 2119 2902 2180 intueatur,
2932 2120 3022 2189 qui
3048 2121 3272 2191 singulis
3300 2122 3490 2177 diebus
3516 2124 3791 2186 morimur,
3824 2131 3985 2195 atque
4013 2125 4083 2178 ad
4116 2127 4191 2178 ri-

2612 2218 2717 2265 tam
2744 2225 3060 2266 revocamur
3090 2231 3103 2266 :
3134 2228 3199 2267 ac
3229 2224 3339 2269 tum
3364 2216 3749 2269 resnrrcctioni
3783 2215 3942 2270 ﬁdem
3970 2217 4190 2272 habent.

2610 2299 2797 2354 Viden’
2834 2301 3107 2369 quomodo
3147 2301 3304 2356 aliam
3349 2304 3529 2359 adhuc
3570 2308 3923 2361 tentatiouum
3971 2324 4191 2363 causam

2608 2391 2915 2446 invenerit?
2942 2392 3113 2461 Quam
3155 2394 3417 2450 tandem?
3447 2393 3514 2451 Ut
3558 2406 3607 2450 et
3642 2398 3745 2451 rita
3781 2396 3908 2453 Iesu
3936 2439 3953 2463 ,
3981 2400 4191 2470 inquit,

2606 2485 2959 2556 manifestetur
2982 2487 3035 2540 in
3062 2502 3277 2558 corpore
3304 2498 3477 2542 nostro
3504 2505 3525 2552 ;
3555 2489 3609 2543 in
3634 2505 3701 2544 eo
3729 2490 4018 2556 videlicet,
4050 2494 4192 2563 quod

2607 2590 2709 2631 nos
2736 2592 2767 2631 e
2792 2578 3052 2646 periculis
3072 2579 3341 2633 extrahat.
3373 2579 3448 2635 lta
3474 2578 3531 2634 ﬁt
3562 2623 3576 2641 ,
3607 2591 3662 2635 ut
3692 2583 3833 2652 quod
3867 2582 4194 2641 inﬁrmitatis

2606 2680 2669 2719 ae
2697 2667 3066 2723 derelictionis
3094 2670 3329 2740 speciem
3360 2670 3524 2726 habet
3548 2713 3564 2733 ,
3592 2671 3696 2727 hoc
3738 2673 3905 2742 ipsius
3946 2691 4189 2730 resurre-

2605 2756 2839 2811 ctionem
2862 2760 3136 2826 prtedicet.
3167 2760 3352 2831 Neque
3375 2763 3544 2828 enim,
3573 2765 3617 2817 si
3647 2764 3804 2818 nullis
3832 2765 4102 2820 molestiis
4120 2768 4193 2820 υτ-

2606 2846 2915 2914 ﬁccremur,
2950 2852 3172 2918 perinde
3192 2854 3363 2925 ipsius
3389 2856 3625 2925 potentia
3658 2857 3927 2913 declarata
3956 2860 4148 2916 luisset
4176 2903 4193 2929 ,

2606 2948 2665 2993 ut
2691 2954 2835 2993 nunc
2862 2939 3170 2997 declaratur
3197 2985 3214 3008 ,
3250 2960 3371 3001 cum
3414 2949 3646 3017 patimur
3675 2964 3774 3004 nec
3803 2960 3983 3006 tamen
4024 2954 4194 3007 vinci-

2603 3045 2744 3085 mur.
2774 3031 2860 3084 Η.
2887 3028 3091 3084 Etenim
3117 3049 3209 3086 nos
3236 3037 3322 3099 qui
3340 3039 3547 3093 uiuimus
3571 3080 3587 3101 ,
3623 3042 3677 3094 in
3699 3052 3910 3097 mortem
3938 3046 4197 3099 tradimur

2604 3131 2812 3192 propter
2834 3120 3010 3176 Iesum
3036 3163 3052 3187 ,
3083 3132 3136 3175 ut
3165 3134 3213 3176 et
3245 3125 3348 3178 vita
3373 3126 3500 3181 Iesu
3519 3133 3868 3201 manifestatur
3888 3137 3942 3188 in
3970 3138 4120 3193 nobis
4145 3142 4195 3191 in

2603 3227 2755 3265 carne
2788 3222 2960 3266 nostra
2990 3208 3215 3265 mortali.
3267 3212 3472 3269 Passim
3503 3217 3643 3273 hunc
3670 3235 3875 3276 morem
3908 3234 4058 3281 tenet
4089 3269 4107 3293 ,
4142 3246 4197 3285 ut

2604 3317 2725 3357 cum
2750 3304 3025 3374 quidpiam
3055 3302 3285 3360 obscure
3314 3304 3550 3371 dixerit,
3585 3308 3636 3363 id
3678 3324 3865 3367 rursus
3908 3330 4189 3386 exponat:

2605 3393 2658 3448 id
2682 3395 2823 3463 quod
2863 3397 2966 3452 hoc
3004 3412 3220 3468 quoque
3250 3397 3370 3453 loco
3404 3397 3531 3454 fecit
3561 3440 3576 3463 ,
3626 3401 3753 3457 illud
3800 3407 3943 3475 quod
3975 3410 4191 3466 dixerat

2604 3487 2842 3554 apertius
2868 3486 3168 3544 declarans.
3198 3489 3488 3559 Propterea
3518 3492 3778 3548 tradimur
3803 3535 3819 3559 ,
3848 3499 4020 3569 inquit
4049 3544 4063 3565 ,
4097 3505 4197 3559 hue

2604 3589 2689 3635 est
2709 3582 3173 3638 mortiﬁcationem
3193 3584 3640 3646 circumierimus.
3667 3596 3723 3640 nt
3749 3590 3871 3644 vita:
3901 3592 4073 3660 ipsius
4106 3615 4201 3665 po.

2605 3673 2767 3726 tentia
2800 3674 3081 3744 perspicua
3107 3677 3212 3741 ﬁat,
3248 3691 3355 3732 non
3386 3676 3612 3731 sinentis
3637 3678 3885 3735 nimirum
3909 3690 4195 3743 mortalem

2605 3775 2823 3817 carnem
2852 3772 2999 3818 tanta
3030 3768 3422 3835 perpetientem
3448 3810 3463 3834 ,
3496 3767 3753 3823 malorum
3782 3774 3995 3840 agmine
4021 3779 4193 3833 vinei.

2606 3850 2718 3908 Hoc
2758 3855 2915 3909 aliter
2939 3872 3154 3925 quoque
3198 3860 3367 3929 accipi
3408 3869 3602 3930 potest.
3646 3858 3967 3926 Quomodo?
3991 3866 4060 3925 Ut
4089 3870 4198 3921 alio

2608 3942 2727 3998 loco
2755 3946 2849 4009 ait,
2884 3946 2945 4000 Si
2966 3950 3380 4015 commoriamur,
3412 3960 3458 4005 et
3475 3953 3792 4005 convivemus
3821 3951 3839 4021 (
3872 3953 3926 4006 2.
3961 3954 4102 4011 Tim.
4132 3960 4186 4013 Ξ.

2608 4034 2667 4087 ll
2700 4034 2739 4102 ).
2764 4035 2833 4090 Ut
2862 4037 3005 4091 enim
3036 4054 3178 4093 nunc
3199 4041 3365 4109 ipsius
3392 4056 3621 4100 mortem
3646 4045 3967 4114 perferimus
3992 4091 4005 4113 ,
4032 4063 4195 4122 atque

2608 4127 2774 4194 ipsius
2809 4142 2966 4182 causa
2997 4129 3156 4184 vitam
3178 4146 3299 4188 eum
3329 4148 3500 4191 morte
3527 4147 3859 4193 commutare
3893 4143 4148 4199 volumus
4179 4185 4191 4205 .

2610 4216 2680 4269 ita
2712 4218 2871 4271 etiam
2906 4219 3019 4287 ipse
3045 4222 3340 4279 exstinctos
3367 4226 3435 4281 ad
3466 4229 3627 4282 vitam
3661 4242 3918 4284 revocare
3944 4242 4075 4289 tunc
4105 4252 4195 4289 vo—

2607 4309 2702 4362 let.
2729 4308 2862 4364 Nam
2891 4310 2933 4362 si
2968 4323 3065 4363 nos
3089 4326 3118 4365 e
3145 4313 3248 4368 vita
3278 4316 3343 4369 ad
3368 4330 3593 4373 mortem
3620 4320 3885 4383 venimus,
3917 4322 4035 4390 ipse
4062 4342 4197 4395 quo.

2609 4416 2714 4470 que
2738 4415 2768 4455 e
2797 4410 2968 4455 morte
2985 4400 3051 4454 ad
3078 4402 3238 4456 vitam
3268 4406 3422 4461 nobis
3441 4409 3547 4463 dux
3574 4413 3696 4465 erit.
3720 4411 3806 4465 12.
3830 4411 3970 4482 Ergo
3988 4432 4126 4472 mors
4146 4420 4194 4469 in

2612 4492 2752 4545 nobis
2778 4500 3049 4562 operatur,
3073 4493 3176 4545 vita
3206 4506 3372 4547 autem
3407 4498 3459 4550 in
3485 4499 3640 4559 vobis.
3664 4498 3785 4556 Non
3820 4501 3931 4571 jam
3972 4505 4043 4560 de
4064 4522 4200 4585 ροτ-

2613 4599 2771 4652 porea
2797 4594 2968 4639 morte
2995 4584 3237 4651 loquens,
3262 4585 3357 4639 sed
3380 4585 3448 4640 de
3474 4592 3850 4647 tentationibus
3872 4602 3929 4647 et
3957 4595 4028 4651 de
4050 4584 4202 4665 quie-

2612 4683 2683 4728 te.
2722 4674 2826 4729 Nos
2856 4677 2997 4729 enim
3028 4674 3080 4728 in
3112 4674 3359 4749 periculis
3387 4690 3452 4729 ac
3485 4682 3862 4737 tentationibus
3891 4700 4193 4749 versamur.

2618 4764 2817 4835 inquit;
2851 4783 2945 4821 vos
2965 4777 3139 4821 autem
3174 4766 3225 4820 in
3256 4766 3436 4836 quiete
3459 4768 3616 4823 vitam
3648 4752 3787 4840 eam,
3818 4791 3938 4843 quae
3972 4778 4026 4831 in
4056 4782 4194 4847 peri-

2618 4858 2753 4911 culis
2779 4865 3140 4927 comparatur.
3170 4858 3441 4927 percipitis
3476 4877 3488 4912 :
3517 4869 3675 4928 atque
3704 4876 3764 4914 ea
3790 4866 4007 4930 quidem
4035 4910 4050 4928 ,
4079 4884 4194 4937 qum

2616 4965 2735 5001 eum
2761 4952 2999 5019 periculo
3038 4948 3323 5018 conjuncta
3352 4960 3494 5013 sunt,
3517 4952 3614 5021 ipsi
3638 4953 3964 5009 sustinemus
3988 4974 4002 5022 ;
4027 4971 4082 5013 at
4104 4977 4194 5013 vos

2615 5040 2776 5093 rebus
2816 5042 3065 5095 secundis
3108 5040 3343 5094 l'ruimini
3379 5059 3401 5096 τ
3426 5059 3597 5113 neque
3644 5046 3784 5100 enim
3821 5060 3983 5116 pares
4026 5060 4194 5105 tenta-

2615 5129 2787 5185 tiones
2811 5132 3066 5187 sollertis.
3098 5133 3183 5185 15.
3220 5130 3473 5188 Habentes
3501 5144 3667 5190 autem
3692 5137 3924 5190 eumdem
3949 5144 4189 5211 spiritum

2614 5221 2753 5287 ﬁdei,
2780 5225 2909 5276 sicut
2932 5226 3175 5295 scriptum
3196 5232 3269 5276 est
3302 5240 3319 5277 :
3341 5224 3544 5281 Credidi
3570 5238 3777 5299 propter
3797 5232 3932 5292 quod
3956 5234 4195 5303 loquutus

2610 5327 2723 5364 sum
2756 5354 2770 5377 ,
2802 5326 2847 5368 et
2877 5332 2968 5370 nos
2995 5316 3242 5369 credimus
3274 5326 3477 5386 propter
3517 5320 3651 5387 quod
3688 5330 3736 5371 et
3777 5320 4036 5389 loquimur
4063 5340 4081 5379 :
4106 5327 4189 5380 li.

2608 5402 2814 5457 scientes
2838 5406 3075 5474 quoniam
3095 5405 3182 5469 qui
3207 5406 3465 5461 suscitavit
3490 5407 3765 5463 Dominum
3789 5406 3988 5476 Iesum,
4013 5426 4060 5467 et
4090 5415 4195 5480 ipse

2610 5493 2865 5547 suscitabit
2898 5512 2987 5549 nos
3015 5511 3104 5565 per
3128 5493 3327 5546 Iesttm.
3358 5495 3676 5554 Submonnit
3702 5512 3799 5553 nos
3831 5500 4018 5567 psalmi
4053 5546 4068 5567 ,
4114 5506 4191 5556 iu~

2608 5584 2810 5652 signem
2859 5574 3259 5654 philosomiiam
3306 5588 3709 5657 complectentis
3741 5631 3755 5654 ,
3812 5589 3901 5657 qui
3956 5596 4187 5647 maxime

2610 5676 2778 5743 possit
2823 5676 2872 5728 in
2928 5677 3181 5745 periculis
3223 5677 3477 5734 excitare.
3534 5680 3657 5734 Hzec
3709 5681 3851 5734 enim
3896 5681 4059 5735 verba
4110 5698 4188 5735 ur

2602 5764 2776 5833 justus
2801 5768 3182 5834 pronuntiavit,
3219 5781 3337 5819 cum
3367 5769 3417 5822 in
3442 5769 3645 5831 magnis
3674 5767 3923 5830 periculis
3940 5780 4104 5837 esset,
4140 5788 4188 5831 ει

4288 116 4307 413 i

4294 450 4307 1271 (

3775 1587 3870 1635 rles
3898 1620 3915 1645 ,
3947 1586 4005 1632 ut
4026 1589 4087 1634 et
4100 1586 4200 1633 rita
4291 1274 4307 1599 1

3779 1684 3900 1723 nam
3928 1678 4053 1724 crat
4084 1670 4199 1724 hmo
4296 1624 4307 1751 Ε

4296 1826 4307 2203 ἰ

4296 2256 4307 2807 4
