4568 6424
177 422 283 478 liii
1144 417 1211 477 IN
1250 417 1466 479 EPIST.
1507 422 1551 477 ll
1611 423 1704 478 AD
1739 425 1896 482 COR.
1937 428 1981 484 ll

1671 424 1704 477 υ
1739 425 1896 482 εοα.
1937 428 2163 487 HOMIL.
2209 432 2300 488 IX.
3369 444 3475 499 46?.

177 550 213 588 ε
239 534 437 605 quibus
457 550 563 588 nou
580 530 823 601 aliunde,
841 543 1002 603 quam
1022 546 1117 604 per
1137 532 1373 589 divinam
1388 548 1566 604 opem,
1596 548 1778 591 enter-

178 640 316 696 gere
344 634 571 696 poterat.

262 718 318 772 Ξ.
361 717 622 786 Quoniam
655 718 815 787 igitur
842 732 962 788 quas
986 725 1211 788 cognata
1255 726 1400 783 sunt,
1430 732 1676 789 magnam
1708 720 1778 774 ad

179 810 573 865 consolandum
614 812 719 863 vim
750 808 950 864 habere
977 811 1153 864 solent
1173 850 1187 874 ,
1217 808 1418 864 idcirco
1442 808 1575 864 dixit
1607 827 1621 864 :
1657 807 1775 863 Ila-

184 902 357 956 δέηται
378 901 605 956 eumdem
625 902 902 972 spiritum;
938 900 988 955 id
1017 910 1122 966 est,
1151 900 1341 958 eodem
1369 900 1606 956 subsidio
1630 900 1773 969 freti,

181 1007 293 1063 quo
319 994 409 1049 ille
432 1008 461 1047 e
483 992 723 1064 periculo
746 1000 962 1063 ereptus
983 1001 1085 1057 est,
1111 1005 1209 1046 nos
1230 1006 1440 1061 quoque
1458 1005 1736 1047 servantur
1759 1008 1774 1045 :

182 1101 251 1142 ex
274 1086 464 1143 eodem
493 1085 713 1157 spiritu,
737 1100 847 1155 quo
876 1085 964 1140 ille
993 1084 1244 1154 loquutus
1279 1093 1394 1153 est,
1437 1098 1536 1139 nos
1564 1100 1778 1155 quoque

185 1180 478 1249 loquimur.
510 1179 715 1246 Quibus
741 1177 918 1233 verbis
949 1177 1076 1231 illud
1103 1176 1373 1243 ostendit,
1425 1177 1617 1231 miram
1656 1192 1778 1234 esse

181 1280 327 1326 inter
375 1270 580 1325 Novum
632 1280 687 1325 et
732 1268 894 1324 Vetus
943 1264 1346 1324 Testamentum
1398 1269 1773 1334 concordiam,

180 1372 348 1432 atque
396 1361 645 1416 eumdem
691 1361 935 1430 Spiritum
962 1374 1082 1416 esse
1110 1401 1125 1426 ,
1166 1360 1256 1431 qui
1303 1360 1355 1415 in
1400 1369 1630 1431 utroque
1669 1362 1777 1417 vim

176 1469 337 1511 suam
379 1454 712 1510 exseruerit:
745 1451 982 1523 illudque
1023 1461 1316 1522 prteterea,
1348 1467 1454 1507 non
1485 1468 1579 1509 nos
1630 1454 1778 1509 solos

181 1550 238 1600 in
286 1548 536 1615 periculis
578 1546 815 1612 versari,
862 1544 958 1600 sed
986 1545 1150 1599 etiam
1179 1556 1391 1601 veteres
1436 1560 1660 1611 omnes;
1708 1547 1778 1600 oh

177 1639 345 1704 idque
378 1638 480 1693 [ide
507 1652 570 1691 ac
607 1652 702 1706 spe
729 1636 939 1690 animos
966 1636 1255 1706 erigendos
1280 1650 1419 1701 esse,
1451 1653 1551 1692 nec
1582 1653 1777 1708 urgen-

177 1731 317 1784 tium
344 1730 601 1784 malurutn
634 1731 792 1784 linem
821 1729 1001 1783 statim
1030 1730 1338 1799 petendum.

256 1822 447 1876 Christi
486 1822 805 1885 resurrectio,
854 1821 1079 1873 omnium
1130 1822 1546 1875 resurrectionem
1577 1822 1775 1891 probat.

181 1942 246 1952 -ιο
274 1914 557 1983 Postquam
585 1916 726 1967 enim
758 1912 1056 1967 rationibus
1079 1915 1533 1969 resurrectionem
1591 1930 1655 1970 ac
1695 1917 1777 1970 vi-

176 2017 289 2058 tam
318 2005 735 2069 demonstravit,
782 2004 1023 2075 illudque
1065 2005 1302 2075 insuper,
1338 2008 1569 2076 pericula
1604 2008 1772 2062 imbe-

172 2099 419 2152 cillilatis
446 2113 507 2151 ac
535 2097 855 2151 desertionis
882 2108 1260 2167 argumentum
1290 2114 1396 2153 non
1428 2115 1570 2167 esse,
1622 2100 1775 2156 dein—

172 2204 306 2259 «τεῖρε
329 2190 439 2259 jam
462 2190 617 2244 ﬁdem
646 2190 805 2245 etiam
836 2190 1059 2257 invehit,
1083 2192 1240 2262 eique
1261 2194 1440 2246 omnia
1466 2195 1771 2258 committit.

172 2282 515 2352 Quamquam
552 2284 722 2353 ipsam
754 2299 970 2354 quoque
998 2294 1055 2339 ut
1088 2287 1311 2353 probet,
1361 2287 1563 2343 Christi
1593 2303 1776 2343 resur-

172 2378 478 2430 rectionem
510 2378 561 2430 in
609 2377 843 2433 medium
875 2378 1052 2443 aﬂ'ert,
1104 2394 1225 2434 cum
1257 2381 1331 2435 ait
1361 2399 1374 2433 :
1423 2380 1535 2436 Nos
1579 2399 1777 2453 quoque

170 2468 447 2533 credimus,
483 2480 692 2538 propter
710 2470 843 2539 quod
868 2472 1141 2538 loquimur.
1168 2472 1304 2547 Quid
1327 2473 1618 2538 credimus.
1643 2474 1777 2529 heus

176 2574 235 2615 tu
262 2562 285 2614 ?
334 2560 484 2625 Quod
515 2566 558 2615 is
587 2563 675 2632 qui
698 2564 953 2617 Christum
980 2566 1259 2629 suscitavit,
1295 2581 1385 2618 nos
1412 2567 1563 2619 etiam
1590 2566 1784 2620 excita-

172 2656 245 2707 bit
278 2664 324 2708 et
352 2658 615 2709 constituet
637 2656 909 2710 vobiscum.
948 2656 1033 2709 15.
1064 2658 1249 2710 Omnia
1274 2660 1406 2710 enim
1430 2669 1634 2726 propter
1664 2676 1771 2725 vos,

172 2757 229 2798 ut
261 2750 429 2817 gratia
457 2746 723 2799 abundans
750 2787 765 2811 ,
816 2764 904 2813 per
934 2748 1117 2801 multos
1155 2749 1209 2800 iu
1254 2749 1537 2817 gratiarum
1578 2750 1776 2804 actione

171 2840 399 2893 abundet
430 2840 480 2892 in
510 2839 723 2909 gloriam
758 2837 872 2892 Dei.
906 2838 1116 2893 Rursus
1143 2840 1354 2907 animos
1382 2855 1568 2895 eorum
1596 2842 1770 2909 eil‘ert,

174 2944 236 2987 ut
257 2947 362 2987 non
397 2933 698 2987 hominibus
724 2933 946 3000 gratiam
979 2933 1239 2999 habeant,
1275 2933 1380 2987 hoc
1424 2945 1542 3000 est,
1572 2938 1771 3005 pseud-

172 3025 458 3095 aposmlis.
487 3025 599 3080 lloc
626 3026 769 3080 enim
817 3036 985 3080 totum
1015 3024 1107 3079 Dei
1138 3034 1263 3091 est,
1291 3025 1382 3096 qui
1407 3028 1773 3097 compluribus

171 3119 464 3188 gratiﬁcari
496 3120 605 3173 vult
634 3127 690 3172 ut
725 3118 895 3188 major
919 3120 1088 3188 gratia
1120 3128 1394 3189 appareat.
1428 3121 1650 3191 Propter
1675 3138 1772 3177 vos

174 3208 374 3278 quippe
402 3221 454 3264 et
503 3211 831 3266 resurrectio
878 3212 1044 3281 ipsius
1074 3212 1311 3277 exstitit,
1349 3221 1402 3267 et
1432 3223 1622 3267 emlera
1651 3230 1771 3267 om-

174 3301 287 3353 nia.
320 3301 501 3371 Neque
532 3304 676 3356 enim
717 3303 871 3357 unius
901 3304 1177 3359 dumtaxat
1210 3305 1440 3361 hominis
1470 3322 1628 3362 causa
1658 3307 1771 3363 hmo

175 3391 327 3458 fecit,
352 3394 446 3448 sed
477 3395 737 3449 omnium.
774 3396 859 3450 16.
894 3394 1114 3465 PrOpter
1159 3399 1293 3466 quod
1323 3416 1422 3453 non
1472 3400 1771 3468 deﬁcimus;

173 3484 266 3536 sed
292 3485 405 3538 licet
436 3487 499 3552 is,
539 3488 626 3555 qui
653 3489 778 3569 foris
807 3498 899 3552 est,
931 3498 1101 3542 noster
1126 3492 1278 3545 homo
1300 3495 1659 3561 corrumpitur,
1689 3504 1770 3547 ta-

176 3594 291 3632 men
317 3579 378 3643 is,
413 3596 498 3649 qui
528 3581 665 3634 intus
699 3590 793 3647 est,
824 3593 1095 3635 renovatur
1133 3584 1195 3637 de
1219 3585 1301 3637 die
1330 3586 1381 3638 in
1425 3588 1577 3639 diem.
1628 3587 1771 3654 Qum

173 3670 337 3725 modo
364 3654 762 3739 corrumpitur?
790 3671 922 3725 Cum
952 3671 1133 3742 ﬂagris
1159 3676 1410 3741 cceditur,
1444 3679 1765 3745 exagitator,

174 3763 447 3819 sexcentis
475 3762 857 3821 acerbitatibus
900 3754 1151 3818 afﬁcitur.
1185 3761 1242 3820 Is
1280 3777 1445 3820 tamen
1470 3808 1485 3831 ,
1517 3770 1602 3837 qui
1632 3770 1771 3825 intus

174 3865 271 3919 est,
298 3864 568 3908 renovatur
593 3853 656 3906 de
684 3854 766 3907 die
805 3854 860 3907 in
901 3855 1054 3907 diem.
1083 3854 1201 3921 Quo
1244 3864 1398 3924 pacto
1444 3860 1769 3913 renovatur?

174 3945 329 4010 Fide,
360 3960 473 4015 spe,
509 3946 671 3999 animi
707 3946 1149 4016 promptitudine.
1176 3947 1360 4002 Restat
1402 3948 1583 4016 igitur,
1616 3961 1671 4005 ut
1702 3952 1769 4005 ad

172 4040 413 4109 pericula
434 4040 755 4110 intrepidum
777 4038 1013 4095 animum
1032 4039 1339 4096 alica-amns.
1360 4043 1476 4109 Quo
1497 4045 1638 4099 enim
1659 4046 1772 4116 plu-

174 4132 323 4187 ribus
347 4132 700 4209 incommodis
712 4146 906 4202 corpus
924 4133 1225 4198 divexatur,
1247 4149 1311 4189 eo
1330 4135 1519 4189 laetiori
1541 4152 1637 4206 spe
1657 4140 1769 4191 ani-

175 4240 297 4278 inus
326 4225 541 4288 fruitur,
572 4241 633 4277 ac
662 4224 997 4293 Splendidior
1019 4225 1268 4291 efficitur,
1290 4241 1395 4281 non
1425 4244 1580 4283 secus
1610 4240 1769 4298 atque

174 4331 387 4380 aurum,
419 4316 502 4368 cui
531 4315 669 4383 ignis
692 4315 892 4368 diutius
923 4314 1224 4370 adhibetur.
1256 4319 1333 4372 Ac
1358 4318 1479 4372 vide
1499 4318 1768 4387 quomodo

178 4407 461 4477 praesentis
482 4409 605 4460 vita!
628 4407 900 4461 molestias
925 4406 1216 4476 abstergat.
1249 4410 1336 4461 17.
1381 4409 1449 4462 Id
1477 4412 1607 4464 enim
1634 4410 1770 4480 quod

176 4506 228 4554 in
256 4500 491 4570 praesenti
522 4508 592 4553 est
639 4508 1043 4552 momentaneum
1070 4514 1131 4550 ac
1157 4498 1261 4551 leve
1304 4500 1647 4555 tribulationis
1675 4520 1771 4556 no—

175 4605 315 4659 stra,
335 4610 491 4663 supra
511 4593 712 4645 modum
726 4593 778 4645 in
794 4590 1103 4645 sublimitate
1119 4600 1363 4644 internum
1381 4594 1559 4663 gloria:
1571 4597 1769 4664 pondus

177 4698 418 4757 operatur
436 4688 485 4740 in
508 4687 669 4747 nobis,
693 4686 780 4740 18.
806 4702 907 4738 non
928 4684 1383 4753 contemplantibus
1400 4686 1543 4739 nobis
1560 4704 1673 4755 qute
1694 4692 1768 4742 vis

178 4780 382 4843 dentur,
411 4780 499 4831 sed
522 4789 635 4845 quia
656 4794 754 4830 non
777 4776 1026 4830 videntur.
1055 4773 1161 4844 Spe
1184 4776 1453 4844 negotium
1482 4780 1765 4846 conclusit,

178 4870 427 4941 quodque
440 4870 489 4922 in
508 4869 731 4937 epistola
749 4869 815 4923 ad
837 4868 1105 4922 Romanos
1122 4865 1335 4920 dicebat
1356 4884 1367 4919 :
1391 4866 1635 4937 Spesalvi
1651 4874 1773 4941 facti

178 4977 393 5025 sumus;
420 4976 532 5028 spes
562 4972 728 5013 autem
756 4977 868 5029 qua:
905 4958 1103 5013 videtur
1132 4974 1230 5010 non
1262 4968 1333 5010 est
1362 4975 1477 5028 spes
1502 4961 1681 5029 (Rom.
1716 4967 1768 5016 8.

180 5055 276 5123 ﬁt)
304 5073 316 5107 :
342 5052 443 5106 hoc
469 5053 628 5105 etiam
657 5052 742 5106 hic
771 5053 1055 5106 adstruens
1078 5094 1091 5114 ,
1128 5051 1409 5119 pra’senlia
1433 5067 1553 5106 cum
1584 5052 1773 5107 ΓυῐυΓῙε

181 5145 489 5215 componit:
534 5158 770 5213 praesens
807 5159 928 5199 cum
972 5153 1206 5207 mlerno,
1255 5142 1373 5196 leve
1416 5157 1536 5195 cum
1580 5144 1769 5213 gravi,

181 5240 579 5297 tribulationem
621 5252 742 5291 cum
789 5238 979 5307 gloria.
1027 5238 1103 5290 Ac
1132 5251 1197 5289 ne
1230 5235 1331 5289 hoc
1370 5234 1587 5303 quidem
1640 5251 1771 5290 con-

187 5343 385 5394 tentus,
409 5332 634 5384 alteram
664 5345 848 5383 vocem
875 5329 1135 5400 adjungit,
1165 5342 1389 5397 eamque
1412 5327 1772 5397 conduplicat,

182 5442 302 5477 cum
325 5424 397 5476 ait
420 5438 437 5473 :
468 5421 641 5489 Supra
666 5420 871 5473 modum
895 5422 947 5474 in
973 5421 1297 5474 sublimitate.
1325 5418 1525 5473 Deinde
1555 5419 1772 5473 modum

184 5518 436 5578 declarat,
464 5530 569 5582 quo
591 5522 669 5567 tot
689 5528 751 5566 ac
771 5523 929 5567 tanta:
951 5513 1268 5567 afﬂictiones
1288 5512 1433 5565 leves
1449 5508 1771 5564 efﬁciantur.

184 5608 426 5674 Quonam
456 5596 612 5673 igitur
639 5601 798 5656 modo
831 5602 1117 5657 levantur?
1152 5601 1274 5655 Non
1318 5599 1773 5667 contemplantibus

183 5698 327 5752 nobis
347 5709 460 5766 qua
480 5692 730 5756 uidentur,
761 5692 851 5745 sed
876 5708 988 5759 qum
1016 5708 1116 5745 non
1145 5692 1397 5745 videntur.
1421 5686 1497 5741 lta
1522 5689 1772 5742 nimirum

183 5798 240 5845 et
267 5794 558 5857 praesentes
588 5783 848 5838 molestia:
875 5782 1021 5838 leves
1045 5824 1060 5849 ,
1099 5793 1154 5837 et
1193 5783 1428 5837 futurum
1461 5778 1593 5834 illud
1633 5795 1772 5849 prte-

184 5882 351 5939 mium
377 5878 565 5950 ingens
588 5866 712 5943 erit,
757 5875 799 5930 si
830 5890 860 5929 a
892 5872 1189 5931 visibilibus
1223 5890 1320 5929 nos
1362 5872 1763 5952 abduxerimus:

1890 538 2020 607 Quae
2043 544 2177 597 enim
2204 545 2440 601 videntur
2464 551 2771 619 temporaria
2800 562 2936 607 sunt.
2961 550 3104 625 Ergo
3124 563 3179 612 et
3205 558 3469 628 ejusmodi

1882 642 2010 688 sunt
2044 634 2382 694 afﬂictiones.
2425 640 2555 710 Quae
2594 652 2761 699 autem
2806 662 2908 701 non
2951 648 3204 718 sidentur,
3258 663 3471 711 «eterna.

1883 722 2050 795 igitur
2062 740 2116 783 et
2131 743 2344 786 corona:
2356 748 2567 804 quoque
2585 736 2737 792 tales.
2756 736 2863 793 Nec
2877 739 3036 805 dixit,
3057 742 3213 798 Tales
3228 756 3353 799 sunt
3375 752 3473 802 tri-

1881 814 2205 887 bulationes,
2227 821 2344 886 sed,
2376 824 2503 890 Qua:
2532 826 2759 880 ridentur
2779 828 2979 896 omnia,
3003 832 3115 886 sive
3149 835 3471 904 supplicium

1885 905 2051 971 dicas.
2075 910 2191 964 sive
2218 913 2447 980 quietem
2476 932 2488 969 :
2514 926 2574 970 ut
2598 932 2703 972 non
2730 920 2799 974 sit
2827 936 2923 975 cur
2944 930 3035 976 ant
3068 922 3191 979 hinc
3217 926 3462 983 emollia-

1884 997 1981 1064 ris,
2005 1011 2097 1054 aut
2118 1002 2265 1058 illinc
2288 1004 2565 1076 frangaris.
2589 1007 2850 1075 Quocirca
2877 1026 2975 1068 nec
3002 1015 3068 1069 de
3095 1013 3288 1070 futuris
3309 1020 3473 1075 verba

1883 1088 2104 1160 faciens,
2135 1095 2287 1164 dixit,
2316 1099 2558 1172 Regnum
2584 1112 2878 1171 :eternum;
2908 1106 3034 1172 scd,
3087 1107 3215 1172 Quae
3250 1127 3349 1164 non
3394 1112 3472 1165 ui-

1886 1183 2089 1250 dentur,
2120 1199 2310 1244 azterna
2334 1202 2469 1259 sunt,
2502 1194 2616 1248 sive
2644 1210 2863 1265 regnum
2893 1198 2993 1265 sit,
3018 1199 3131 1255 sive
3156 1202 3421 1257 cruciatus
3455 1219 3469 1256 :

1886 1288 1942 1332 ut
1964 1288 2018 1334 et
2040 1279 2163 1336 hinc
2188 1290 2446 1339 terrorem
2476 1285 2627 1341 nobis
2653 1288 2894 1357 incutiat,
2915 1296 2969 1343 et
2992 1290 3137 1346 illinc
3159 1308 3257 1347 nos
3277 1292 3475 1348 adhor-

1888 1380 2046 1426 tctur.
2079 1373 2210 1428 Cum
2239 1376 2397 1445 igitur
2416 1394 2530 1449 qure
2564 1379 2810 1436 videntur
2836 1385 3145 1452 temporalia
3176 1384 3312 1449 sint,
3354 1402 3475 1455 qua:
3512 1432 3515 1433 ν

1885 1470 2060 1516 autem
2090 1480 2194 1518 non
2217 1464 2481 1531 videntur,
2511 1479 2729 1534 atterua,
2755 1471 2818 1524 ad
2851 1472 2964 1526 hmc
2992 1474 3267 1527 oculorum
3299 1478 3469 1530 aciem

1886 1554 2244 1613 intendamus.
2280 1560 2457 1630 Ecqua
2484 1562 2625 1616 enim
2654 1564 2810 1617 nobis
2838 1568 3117 1621 excusatio
3140 1566 3313 1621 futura
3363 1583 3394 1623 e
3426 1578 3467 1632 t.

1884 1647 1928 1699 si
1975 1646 2114 1701 ﬂuxa
2150 1652 2493 1720 sempiternis
2524 1656 2955 1723 praetulerimus?
3006 1657 3138 1713 Nam
3169 1662 3267 1714 etsi
3307 1676 3471 1716 suave

1884 1747 1968 1793 est
1988 1740 2126 1809 quod
2158 1757 2393 1810 prmsens
2433 1754 2542 1811 est,
2573 1762 2677 1807 non
2709 1758 2791 1803 est
2819 1752 2995 1806 tamen
3023 1761 3374 1822 perpetuum;
3421 1763 3476 1811 at
3510 1826 3513 1829 Α

1884 1832 2181 1901 acerbitas,
2232 1852 2350 1905 quae
2404 1848 2470 1893 ex
2518 1839 2617 1895 hac
2660 1844 2926 1898 suavitate
2962 1845 3219 1911 nascitur,
3268 1862 3368 1903 nec
3407 1848 3473 1901 ﬂ-

1885 1941 2007 1980 nem
2059 1927 2218 1983 habet
2260 1945 2358 1985 ncc
2406 1932 2634 1987 veniam.
2669 1936 2838 2001 Quam
2887 1937 3030 1991 enim
3071 1942 3472 1996 excusationem

1888 2012 2118 2073 habituri
2150 2029 2292 2087 sunt,
2324 2024 2434 2093 qui,
2461 2039 2582 2079 eum
2606 2027 2849 2095 Spiritum
2879 2031 3183 2099 acceperint
3220 2040 3474 2103 tantoque

1884 2108 2148 2166 beneﬁcio
2168 2109 2340 2169 allecti
2364 2115 2492 2182 sint,
2516 2117 2737 2186 abjectis
2760 2127 2960 2174 tantum
2986 2120 3145 2176 rebus
3162 2122 3475 2179 incumbunt

1885 2211 2044 2271 atque
2084 2205 2134 2258 in
2167 2214 2305 2260 terra
2335 2208 2713 2263 collabantur?
2744 2206 2954 2265 Etenim
2986 2213 3288 2282 complures
3317 2216 3476 2271 audio

1884 2296 1973 2363 qui
1998 2294 2238 2351 ridiculis
2274 2298 2422 2353 hisce
2458 2300 2635 2354 verbis
2668 2310 2888 2355 utuntur
2921 2322 2934 2355 :
2980 2302 3053 2356 Da
3084 2302 3212 2358 mihi
3254 2305 3473 2361 hodier-

1883 2404 2010 2443 num
2041 2388 2201 2454 diem,
2231 2400 2284 2444 et
2307 2400 2361 2444 tu
2382 2394 2674 2447 crastinum
2718 2410 2890 2449 sume.
2920 2394 3051 2449 Nam
3081 2397 3126 2451 si
3155 2396 3274 2451 talis
3312 2406 3396 2454 est
3421 2399 3474 2453 in

1883 2478 2060 2535 futuro
2092 2498 2210 2536 aevo
2253 2497 2429 2537 rerum
2471 2493 2675 2550 status,
2702 2487 2913 2556 qualem
2942 2487 3153 2553 dicitis,
3185 2506 3346 2544 unum
3379 2507 3476 2561 pri

1884 2588 1990 2626 uno
2020 2572 2181 2627 fuerit
2215 2593 2227 2628 :
2262 2575 2304 2628 si
2335 2591 2462 2629 vero
2488 2591 2553 2630 ex
2585 2578 2646 2629 iis
2678 2578 2809 2631 nihil
2837 2580 3058 2632 oumino
3089 2588 3171 2647 est
3193 2622 3206 2643 ,
3247 2581 3352 2635 duo
3381 2596 3477 2651 pro

1881 2662 2052 2719 nihilo
2084 2676 2260 2722 erunt.
2294 2666 2430 2734 Quid
2478 2668 2560 2722 his
2587 2668 2805 2723 vocibus
2833 2671 3149 2725 sceleratius
3169 2712 3183 2736 ,
3214 2673 3341 2741 quid
3372 2674 3470 2727 de-

1881 2758 2112 2811 mentius
2145 2758 2266 2827 fingi
2315 2760 2532 2826 potest?
2574 2754 2683 2814 Nos
2727 2758 2795 2815 de
2838 2761 2970 2814 cmlo
3008 2759 3319 2816 disserimus
3348 2804 3360 2823 ,
3407 2765 3473 2818 de

1878 2851 2089 2903 arcanis
2120 2858 2173 2903 et
2199 2850 2558 2906 ineﬂ‘abiiibus
2578 2851 2684 2905 illis
2706 2851 2897 2917 bonis;
2929 2862 2981 2906 et
3007 2864 3060 2906 tu
3086 2854 3244 2909 verba
3273 2870 3303 2910 e
3328 2855 3475 2911 circo

1881 2941 2040 3009 petita
2077 2942 2127 2994 in
2160 2942 2393 2995 medium
2428 2940 2653 3011 profers,
2688 2959 2786 2997 nec
2818 2944 3019 3012 pudore
3049 2943 3373 3001 suﬂ'underis
3411 2963 3473 3002 ea

1880 3032 2242 3102 proloquens,
2282 3046 2401 3102 quae
2445 3044 2627 3088 mente
2676 3045 2954 3105 captorum
3009 3035 3282 3090 hominum
3315 3048 3470 3103 sunt,

1880 3139 1980 3178 nec
2023 3124 2329 3190 erubescis,
2376 3126 2728 3194 prmsentibus
2778 3127 2936 3182 rebus
2984 3128 3052 3181 ita
3100 3128 3335 3183 inﬁxus?
3366 3145 3471 3183 non

1878 3213 2124 3282 desipere
2152 3229 2213 3268 ac
2242 3224 2419 3269 mente
2448 3215 2711 3270 excedere
2756 3218 2970 3271 desines
2997 3259 3012 3282 ,
3044 3229 3204 3288 atque
3235 3220 3284 3273 in
3320 3220 3475 3289 juve-

1877 3304 1969 3358 nili
2001 3313 2158 3359 mtate
2188 3304 2460 3359 delirare?
2491 3304 2641 3372 Quod
2674 3306 2718 3359 si
2760 3305 2875 3361 hzec
2903 3307 3065 3362 verba
3098 3324 3161 3362 ex
3188 3311 3467 3379 gentilium

1878 3411 1973 3451 ore
1999 3396 2361 3463 mitterentur,
2383 3396 2513 3450 nihil
2544 3399 2739 3452 mirum
2766 3405 2911 3453 esset
2937 3416 2950 3451 :
2979 3406 3032 3453 at
3056 3413 3183 3455 vero
3208 3401 3311 3456 ﬁde
3337 3417 3471 3470 prtea

1878 3488 2020 3543 ditus
2046 3489 2290 3543 homines
2318 3489 2581 3557 ejusmodi
2608 3505 2886 3545 sermones
2910 3491 3140 3555 eﬂ'utirc,
3172 3508 3328 3562 quam
3354 3502 3469 3546 tan-

1878 3578 2000 3633 dem
2019 3580 2245 3634 -veuiam
2278 3581 2472 3634 mereri
2498 3581 2549 3635 id
2580 3582 2774 3650 queat?
2805 3597 2871 3635 an
2902 3598 3024 3651 spes
3056 3583 3173 3636 illas
3197 3584 3470 3637 immorta-

1879 3671 1955 3726 les
1976 3674 2196 3727 omnino
2218 3684 2497 3743 suspectas
2527 3673 2736 3730 babes?
2763 3690 2830 3729 an
2863 3675 2977 3729 lt;th
3020 3689 3236 3743 prorsus
3268 3676 3466 3729 incerta

1876 3776 1996 3817 esse
2013 3764 2235 3817 censes?
2256 3779 2358 3833 qua
2385 3765 2598 3819 tandem
2615 3766 2764 3819 venia
2787 3765 2901 3819 hare
2918 3766 3074 3834 digna
3099 3780 3216 3819 esse
3234 3768 3468 3834 queant?

1877 3855 1942 3909 Et
1966 3855 2232 3924 quisnam,
2262 3856 2527 3923 inquiunt,
2555 3854 2620 3908 ad
2648 3870 2746 3909 nos
2773 3858 2952 3921 venit,
2986 3871 3048 3910 ac
3090 3872 3209 3926 qua:
3243 3856 3351 3910 illic
3376 3872 3466 3925 ge-

1877 3958 2063 4001 rantur
2102 3949 2384 4016 exposuit?
2431 3948 2714 4002 llominum
2752 3963 2882 4003 sane
2926 3962 3124 4014 nemo,
3178 3948 3272 4003 sed
3328 3950 3468 4005 Dens

1878 4042 2010 4109 ipse,
2044 4041 2281 4094 omnium
2311 4040 2411 4095 ﬁde
2439 4040 2785 4110 dignissimus
2806 4082 2820 4105 ,
2870 4040 2984 4093 lucc
3023 4038 3331 4095 declaravit.
3362 4042 3466 4096 Sed

1880 4150 1983 4186 non
2013 4134 2163 4187 vides
2191 4149 2276 4186 res
2307 4134 2466 4187 illas?
2492 4132 2673 4201 Neque
2700 4133 2843 4186 enim
2894 4133 3060 4187 Deum
3089 4132 3266 4187 cernis
3296 4150 3309 4186 :
3341 4134 3465 4203 quid

1877 4240 2005 4291 ergo
2032 4264 2046 4285 ,
2080 4240 2144 4275 an
2179 4224 2401 4291 proinde
2435 4223 2598 4275 Deum
2628 4238 2748 4276 esse
2780 4238 2905 4275 non.
2927 4224 3255 4278 existimabis
3282 4266 3295 4287 ,
3346 4225 3465 4292 quia

1876 4328 1997 4367 eum
2024 4329 2127 4365 non
2160 4312 2352 4367 vides?
2382 4312 2447 4365 Et
2476 4312 2628 4365 valde
2659 4311 2870 4377 quidem
2899 4312 3167 4377 existimo,
3200 4313 3427 4381 inquies.

1948 4407 2001 4461 ὅ.
2047 4406 2210 4476 Igitur
2250 4407 2292 4459 si
2336 4406 2597 4475 quispiam
2644 4422 2707 4459 ex
2741 4405 3044 4460 inﬁdelibus
3095 4395 3463 4475 percontetur,

1878 4496 2075 4567 Ecquis
2096 4514 2127 4552 e
2156 4498 2287 4551 cado
2312 4498 2475 4563 venit,
2499 4507 2657 4567 atque
2680 4498 2797 4552 hmo
2824 4498 3061 4551 narravit
3087 4517 3099 4550 :
3134 4498 3257 4566 quid
3290 4500 3463 4553 dictu-

1877 4603 1971 4644 rus
2001 4591 2102 4645 es?
2132 4590 2270 4644 unde
2300 4592 2437 4644 nosti
2474 4592 2635 4643 Deum
2667 4592 2833 4645 esse?
2863 4592 2944 4645 Ab
2985 4592 3049 4645 iis
3078 4594 3235 4645 rebus
3266 4610 3383 4661 qua:
3416 4597 3466 4647 in

1837 4725 1843 4730 .
1879 4691 2152 4753 aspectum
2181 4680 2398 4745 eadunt,
2430 4681 2654 4749 inquies,
2680 4681 2748 4733 ab
2782 4696 2845 4735 eo
2872 4683 3078 4745 ordine,
3109 4684 3197 4750 qui
3224 4684 3275 4735 in
3310 4685 3469 4738 rebus

1879 4774 2126 4827 omnibus
2153 4770 2382 4823 conditis
2414 4771 2587 4823 elucet
2623 4789 2633 4821 :
2681 4770 2803 4824 hinc
2847 4771 3074 4839 denique
3105 4772 3245 4839 quod
3286 4772 3354 4827 de
3401 4789 3468 4826 eo

1881 4865 2019 4918 inter
2041 4878 2229 4915 omnes
2260 4872 2488 4916 constat.
2523 4862 2610 4916 Sic
2632 4865 2790 4932 igitur
2813 4879 3117 4918 sermonem
3148 4880 3362 4933 quoque
3397 4867 3469 4921 de

1881 4964 2120 5009 extremo
2144 4953 2347 5022 judicio
2376 4955 2584 5023 excipe.
2614 4954 2729 5021 Quo
2758 4956 2944 5023 pacto?
2966 4955 3190 5024 inquies.
3239 4956 3473 5010 Pereunt--

1883 5048 2035 5099 tabor
2059 5053 2142 5108 te;
2176 5055 2227 5097 tu
2257 5061 2386 5099 vero
2417 5046 2700 5115 responde.
2734 5047 2987 5100 Justusne
3038 5046 3124 5101 hic
3168 5048 3307 5101 Deus
3331 5089 3345 5112 ,
3400 5063 3467 5100 an

1880 5139 2072 5207 cuique
2116 5139 2256 5208 quod
2290 5150 2524 5193 meretur
2569 5140 2784 5204 tribuit;
2831 5154 2897 5192 an
2939 5147 3125 5192 contra
3176 5142 3469 5195 scoleralos

1882 5230 2077 5285 ﬂorere
2104 5238 2263 5299 atque
2292 5232 2342 5284 in
2388 5231 2596 5285 deliciis
2623 5232 2825 5285 versari
2871 5231 3012 5296 vult,
3064 5231 3260 5299 probos
3290 5242 3468 5287 autem

1881 5322 2146 5374 contraria
2175 5321 2414 5376 habere?
2458 5322 2694 5386 Minime,
2725 5322 2933 5391 inquies
2964 5339 2976 5375 :
3008 5338 3130 5376 nam
3163 5338 3232 5378 ne
3265 5325 3467 5379 homini

1882 5412 2096 5481 quidem
2122 5412 2223 5466 hoc
2250 5412 2523 5467 acciderit.
2558 5413 2781 5467 Ubinam
2810 5413 2989 5482 igitur,
3019 5415 3107 5483 qui
3138 5414 3387 5469 virtutem
3418 5416 3469 5468 in

1882 5503 1982 5558 huc
2014 5505 2119 5558 vita
2145 5505 2443 5569 coluerunt,
2478 5504 2631 5558 bonis
2681 5504 2963 5559 fruentur?
3003 5506 3234 5561 Ubinam
3283 5521 3471 5561 rursus

1882 5595 2138 5665 improbis
2170 5610 2324 5664 paena
2372 5597 2659 5649 constituta
2683 5594 2812 5663 erit,
2865 5598 2907 5651 si
2940 5596 3084 5649 nulla
3132 5599 3264 5654 vita.
3321 5598 3469 5652 milia

1881 5700 2107 5751 merces,
2140 5696 2229 5739 aut
2257 5700 2409 5753 poena
2442 5684 2613 5739 futura
2640 5687 2762 5740 est?
2795 5686 3023 5742 Videsne
3048 5728 3063 5753 ,
3114 5686 3255 5756 quod
3304 5704 3466 5741 unum

1883 5791 1979 5845 pro
2008 5792 2115 5829 uno
2144 5775 2322 5831 adhuc
2351 5785 2435 5830 est
2459 5816 2473 5839 ,
2502 5784 2557 5830 et
2580 5791 2685 5829 non
2718 5778 2824 5831 duo
2854 5792 2952 5846 pro
2996 5778 3137 5832 uno?
3183 5778 3294 5848 Ego
3341 5795 3467 5833 vero

1886 5868 2011 5923 illud
2040 5868 2131 5924 tibi
2161 5868 2460 5933 ostendam,
2492 5884 2555 5924 ne
2582 5881 2745 5923 unum
2775 5870 2988 5939 quidem
3016 5888 3111 5941 pro
3141 5889 3244 5925 uno
3275 5873 3470 5941 impro-

4088 1628 4091 1655 Ξ

4088 1668 4089 1687 i

4086 1794 4089 1827 i

4086 1898 4089 1919 i

4254 3770 4287 3791 ¹ιδ...

4248 3792 4285 3799 .‘

4167 200 4171 225 i

4181 241 4190 254 ι

4169 445 4186 484 ει

4181 491 4188 510 ἲ

4177 665 4190 730 ἓ

4173 991 4188 1024 ἐ·

4175 1031 4184 1048 l

4175 1059 4186 1104 ἲ

4171 1105 4186 1130 ,__

4173 1131 4184 1212 i

4169 1223 4186 1330 ἑ

4169 1333 4190 1424 ξ,

4171 1433 4186 1458 .’

4167 1604 4169 1621 Ι
4181 1621 4186 1626 .

4167 1888 4171 1905 I

4177 2459 4190 2496 ζ

4221 1063 4232 1132 ἒ

4217 1283 4236 1388 i

4205 1535 4236 1628 ,ἴ

4205 1769 4228 1928 t

4203 1943 4232 2032 1

4199 2037 4224 2116 fit

4211 2129 4234 2168 λέ

4195 2199 4224 2258 .t

4191 2934 4238 3009 ῐεε

4265 573 4276 622 ῑ

4221 1057 4238 1132 ξ

4221 1163 4266 1268 iii

4219 1453 4236 1540 ἒξ

4219 1617 4224 1628 ;
4247 1571 4264 1624 ἲ

4218 3284 4280 3589 ἐ

4270 3792 4304 3837 ᾗ.

4293 2501 4298 2516 Ι

4307 2581 4314 2590 ι

4311 2805 4318 2820 !

4307 3025 4320 3034 ι..

4307 3041 4320 3070 ἐ

4303 3075 4322 3124 —"_

4295 3161 4320 3186 ’.τέ

4295 3437 4300 3442 -
4315 3421 4324 3454 ἱ

4305 3579 4318 3608 ἓ

4301 3617 4318 3648 ἑ

4291 3774 4329 3831 εξ

4319 3308 4352 3547 i

4319 3550 4352 3578 iit

4260 4062 4327 4107 ἓν

4260 4102 4327 4145 gis

4336 2635 4366 3547 ἓ

4336 3540 4366 3749 ἓ

4336 3728 4366 3797 ἓ.

4340 3794 4366 3831 μὲ

4336 3832 4366 3851 ρ.

4338 3862 4366 3885 Ξι

4336 3904 4366 3947 ἐξ

4336 3960 4366 4001 ﬁ

4338 4018 4366 4035 ’τι

4336 4044 4366 4067 ιιι

4336 4076 4366 4109 εἰ

4338 4114 4366 4149 Tt

4338 4154 4339 4157 η
4362 4148 4366 4163 I

4336 4188 4366 4219 3λῆ

4338 4280 4361 4313 .1

4336 4332 4345 4351 ξ’

4383 2281 4396 2320 ἓ

4375 2549 4412 2590 λ*-

4359 2605 4408 2648 .If'

4377 2661 4414 2683 !h-

4377 2727 4410 2776 ‘Ii

4375 2891 4414 2929 ζ

4345 2931 4410 2962 .t'-

4353 3046 4414 3110 ξ.

4351 3111 4414 3147 ⁸·Ξί

4343 3160 4414 3223 se:

4343 3430 4398 3474 Α

4349 3477 4410 3530 ἐξ·

4353 3570 4403 3625 ῖι

4349 3635 4366 3660 ai

4343 3744 4353 3795 Il
4382 3766 4401 3785 ‘t

4380 3790 4401 3815 si

4343 3832 4357 3847 ᾗ
4384 3854 4393 3859 τ

4343 3892 4403 3947 εῒῖ

4348 3946 4403 4001 qr:

4343 4006 4414 4067 ‘L‘l-‘i.

4343 4044 4403 4119 ita

4350 4234 4385 4325 ,ζ
4400 4288 4403 4291 ι

4407 2231 4433 2907 l2

4407 2910 4433 3029 ἓ

4407 3034 4433 3183 Ξ

4412 3240 4433 3291 Ἰ

4408 3300 4433 3367 ei

4422 3660 4433 3677 ρ

4219 427 4276 500 .ζέ

4092 1139 4184 1248 ri!
4221 1163 4266 1238 ﬁt
4461 1163 4464 1166 ’

4459 1247 4462 1250 ·

4217 1327 4266 1426 δῖ
4455 1419 4466 1438 ,

4215 1429 4224 1446 ς
4255 1425 4266 1452 ε

4088 1512 4264 1625 ‘t'.
4451 1573 4460 1580 η

4088 1575 4264 1674 uti?
4455 1607 4462 1672 :

4088 1668 4180 1762 at;
4393 1717 4396 1722 .

4086 1735 4264 1868 iiii
4453 1763 4464 1818 :

4325 1967 4330 1970 -

4447 2101 4456 2106 .

4082 2117 4262 2168 ,εελξίῐ
4337 2125 4344 2134 -'
4445 2137 4462 2148 η

4092 2162 4184 2232 ³⁸
4211 2175 4262 2240 ιε
4313 2191 4318 2206 τ
4409 2177 4460 2234 ,ἐς

4080 2321 4298 2383 πέίες.
4405 2323 4458 2396 μη

4080 2634 4081 2637 η
4122 2620 4135 2663 ξ
4175 2587 4471 2658 Eis-Eri?

4076 2672 4079 2677 π
4223 2625 4338 2738 sli;
4377 2661 4471 2732 ἴτε

4114 2730 4209 2775 ti,
4237 2737 4266 2758 #-
4333 2739 4338 2750 τ
4383 2737 4416 2776 ,ί

4110 2766 4186 2857 ili
4375 2785 4463 2853 .

4106 2972 4167 3043 '3;
4198 2972 4471 3044 "iiii-sla;

4112 3162 4113 3165 η
4154 3156 4157 3165 ς
4251 3139 4344 3180 ar...
4379 3134 4471 3183 ea

4070 3278 4127 3361 si
4148 3238 4366 3439 li

4065 3456 4073 3531 ί
4118 3440 4207 3525 ’ςκῖ

4064 3540 4071 3579 l
4144 3490 4300 3631 i‘
4341 3524 4469 3578 έξῖ

4064 3590 4071 3641 ί
4110 3529 4465 3683 “$313

4092 3774 4465 3855 gamus.

4064 3850 4113 3945 γ
4422 3866 4437 3917 ἶ
4464 3922 4467 3923 κ

4176 4024 4197 4051 δέ

4242 4008 4259 4015 ,τ
4266 3990 4287 4007 ἦε

4250 4096 4287 4123 3.:

4242 4154 4255 4161 μ
4264 4136 4285 4155 ε

4264 4174 4283 4193 η,

4310 3992 4343 4001 γι

4310 4018 4345 4045 ἰ›ἧι

4310 4044 4353 4077 ξι

4310 4076 4353 4099 γε

4310 4102 4353 4139 ἰῗῆ

4338 4138 4345 4157 ‘f

4312 4188 4343 4229 se;

4310 4258 4323 4273 η
4344 4254 4353 4263 μ

4316 4280 4353 4313 5.1

4336 4332 4345 4351 ξ

4310 4366 4315 4375 τ

4389 3946 4403 3957 -ι-
4426 3956 4429 3957 ,

4389 3966 4399 3975 II

4390 4014 4401 4023 ην

4216 4152 4255 4171 3'",

4212 4180 4241 4213 ri

4214 4286 4239 4361 ξ.

4260 4256 4293 4317 ἑ

4266 4320 4295 4379 Et,
