4568 6424
906 488 1007 541 bos
1034 487 1236 543 habere
1260 528 1275 554 ,
1306 486 1399 542 sed
1439 485 1549 542 duo
1578 501 1674 556 pro
1701 502 1810 541 uno
1853 486 2016 555 justis
2061 488 2294 540 futurum
2346 500 2494 549 esse,

909 577 1280 645 peccatoribus
1326 592 1456 631 vero
1501 587 1556 631 et
1595 576 1970 632 tleliciantibus
2017 586 2203 630 contra
2252 577 2493 631 omnino.

905 667 1039 723 Nam
1068 671 1155 740 qui
1186 670 1237 722 iu
1270 668 1369 724 bac
1404 669 1509 723 vita
1545 684 1605 724 se
1644 669 2004 737 voluptatibus
2044 668 2381 733 dediderunt,
2429 682 2499 722 ne

905 775 1067 812 unum
1097 758 1311 829 quidem
1341 775 1438 827 pro
1467 774 1576 813 uno
1599 768 1919 827 acceperunt
1945 776 1957 811 :
1982 760 2070 827 qui
2101 768 2278 812 autem
2310 759 2359 810 in
2383 759 2493 811 vir-

904 857 1016 901 tute
1039 849 1197 902 vitam
1230 848 1451 912 ducunt,
1486 848 1593 903 duo
1624 864 1723 918 pro
1752 864 1878 902 uno.
1910 848 2047 913 Utri,
2080 863 2284 917 quarso,
2319 849 2371 902 in
2394 863 2487 900 vo-

905 940 1109 1007 luptate
1134 949 1255 992 sunt
1279 979 1297 1005 ,
1343 940 1433 1008 qui
1468 940 1717 1008 praesenti
1751 940 1855 993 vita
1889 940 2043 993 abusi
2075 949 2235 1004 sunt,
2283 954 2351 992 an
2402 939 2491 1008 qui

905 1028 1263 1099 philos0phite
1284 1044 1503 1099 operam
1528 1031 1818 1085 dederunt?
1839 1030 1919 1085 Tu
1938 1031 2163 1085 fortasse
2187 1031 2309 1083 illos
2324 1030 2491 1094 dices;

902 1134 1003 1188 ego
1047 1126 1225 1172 autem
1256 1119 1353 1173 hos
1382 1134 1504 1174 esse
1546 1120 1865 1195 ostendam,_
1878 1131 1933 1175 et
1974 1120 2189 1191 quidem
2217 1135 2314 1174 eos
2346 1121 2493 1189 ipsos

905 1220 1071 1265 testes
1094 1211 1286 1272 citans,
1320 1210 1472 1281 queis
1495 1213 1855 1281 praesentibus
1880 1212 2035 1266 bonis
2079 1210 2184 1265 frui
2214 1212 2439 1280 contigit
2476 1229 2488 1264 :

903 1319 1006 1359 nec
1035 1319 1161 1359 vero
1192 1305 1261 1359 ita
1302 1304 1553 1372 perfricta
1600 1305 1776 1359 fronte
1803 1316 1999 1370 erunt,
2043 1313 2103 1358 ut
2142 1304 2401 1359 adversus
2429 1318 2491 1359 ca

900 1413 1021 1466 qua:
1049 1398 1289 1453 dict;:rus
1313 1412 1470 1463 sum,
1508 1399 1604 1451 niti
1649 1398 1903 1453 audeant.
1945 1398 2075 1451 Nam
2118 1406 2174 1453 et
2224 1397 2491 1466 pronubas

900 1504 1045 1558 stupe
1071 1488 1202 1543 diris
1228 1488 1482 1542 omnibus
1505 1490 1863 1552 devoverant,
1896 1490 2175 1559 ipsumque
2212 1487 2353 1542 dicm
2384 1501 2491 1557 quo

900 1580 1119 1635 thalami
1146 1581 1299 1634 strati
1329 1590 1455 1634 sunt
1479 1618 1497 1645 ,
1537 1594 1739 1649 eosque
1763 1579 1948 1635 felices
1976 1579 2333 1649 przcdicarunt
2353 1618 2366 1641 ,
2398 1577 2488 1647 qui

899 1685 1128 1725 uxorem
1156 1685 1259 1724 non
1300 1662 1589 1726 duxerunt.
1635 1670 1782 1725 Multi
1820 1686 2029 1741 qquue
2068 1672 2295 1740 juvenes
2319 1712 2334 1734 ,
2365 1684 2489 1724 enim

899 1761 1119 1816 ineundi
1163 1761 1490 1817 matrimonii
1536 1772 1773 1831 potestas
1820 1775 2001 1829 esset,
2057 1779 2162 1818 non
2218 1763 2377 1818 aliam
2418 1765 2489 1819 ob

896 1868 1112 1909 causam
1151 1853 1491 1919 abnuerunt,
1533 1870 1691 1924 quam
1732 1856 1802 1910 ob
1850 1857 1927 1911 rei
1974 1855 2333 1910 incommoda.
2378 1855 2489 1911 Nec

894 1961 1027 2003 vero
1053 1946 1168 2002 b:ec
1194 1963 1260 2003 eo
1284 1963 1311 2000 a
1364 1965 1450 2002 me
1486 1951 1757 2017 dicuntur,
1786 1960 1844 2006 ut
1898 1950 2296 2004 matrimonium
2326 1964 2488 2004 accu-

895 2054 1009 2096 sem
1035 2058 1051 2105 ;
1084 2041 1400 2100 bonorabile
1429 2046 1610 2105 enim:
1641 2044 1737 2100 sed
1766 2059 1862 2101 eos
1882 2086 1899 2109 ,
1932 2045 2021 2114 qui
2053 2059 2118 2097 eo
2162 2050 2489 2112 praepostere

896 2134 976 2187 usi
1003 2144 1147 2189 sunt.
1183 2136 1336 2202 Quod
1363 2138 1408 2191 si
1441 2138 1476 2192 ii
1502 2138 1593 2208 qui
1621 2137 2020 2191 matrimoaium
2049 2136 2302 2194 inierunt.
2331 2148 2489 2188 acer-

894 2222 1170 2280 bissimam
1218 2227 1536 2298 plerumque
1578 2228 1720 2282 hane
1759 2228 1922 2280 vitam
1980 2241 2101 2280 esse
2146 2225 2484 2295 iudicarunt,

890 2315 1019 2382 quid
1043 2315 1112 2370 de
1138 2317 1203 2369 iis
1232 2316 1498 2379 dicemus,
1530 2317 1622 2387 qui
1646 2318 1699 2371 in
1732 2317 2149 2387 prostibulorum
2178 2318 2485 2386 voraginem

894 2406 1126 2474 prolapsi
1156 2417 1305 2471 sunt,
1340 2424 1401 2462 ac
1432 2411 1645 2477 captivo
1673 2410 1864 2478 quovis
1884 2409 2134 2463 servilius
2160 2419 2214 2463 et
2238 2409 2485 2463 miserius

891 2509 1015 2552 sese
1036 2496 1368 2551 affecerunt?
1397 2500 1523 2569 quid
1550 2500 1617 2554 de
1646 2501 1747 2567 iis,
1774 2501 1865 2570 qui
1896 2501 1947 2554 in
1977 2499 2290 2554 deliciarum
2329 2514 2487 2554 emno

891 2602 1334 2665 computruerunt
1354 2634 1369 2658 ,
1393 2608 1457 2647 ac
1487 2593 1758 2648 sexcentis
1789 2592 1992 2647 morbis
2017 2606 2212 2660 corpus
2244 2592 2485 2646 involve-

892 2684 1047 2738 runt?
1074 2684 1144 2739 At
1165 2684 1333 2753 gloria
1365 2685 1571 2754 pollere
1600 2683 1758 2739 dulce
1790 2692 1894 2739 est.
1923 2682 2066 2737 Nihil
2097 2683 2198 2738 hac
2226 2684 2485 2739 servitute

890 2776 1162 2833 acerbius.
1186 2776 1321 2830 Nam
1349 2777 1443 2847 qui
1474 2778 1543 2831 ita
1572 2776 1751 2831 inanis
1768 2776 1952 2845 gloriae
1979 2776 2271 2845 cupiditate
2296 2784 2484 2845 captus

888 2878 995 2934 est,
1031 2876 1087 2923 ut
1114 2868 1445 2937 quibuslibet
1483 2868 1698 2937 placere
1751 2867 1998 2933 studeat,
2045 2868 2324 2937 mancipiis
2366 2868 2483 2937 qui-

889 2957 1070 3012 busvis
1098 2959 1346 3013 servilior
1369 2966 1452 3013 est
1486 2976 1500 3010 :
1533 2960 1622 3029 qui
1652 2969 1835 3013 autem
1862 2974 1980 3012 eam
2021 2959 2211 3024 calcat,
2239 2975 2337 3014 nec
2366 2946 2483 3031 glo-

889 3050 1025 3104 riam
1055 3049 1329 3104 hominum
1359 3058 1535 3114 curat,
1565 3051 1818 3104 omnibus
1848 3052 2095 3119 superior
2122 3061 2223 3106 est.
2255 3052 2324 3105 At
2351 3067 2480 3121 opes

888 3142 1088 3197 habere
1134 3151 1218 3196 est
1265 3142 1649 3212 expetendum.
1685 3141 1881 3197 Verum
1911 3157 1941 3196 a
1994 3143 2148 3197 nobis
2200 3156 2343 3213 sepe
2388 3144 2482 3199 de-

890 3240 1244 3288 monstratum
1268 3243 1372 3297 est,
1400 3248 1501 3288 eos
1529 3234 1697 3303 magis
1725 3233 1929 3287 divitiis
1952 3243 2008 3288 et
2026 3235 2205 3305 quiete
2235 3234 2360 3302 frui,
2389 3236 2480 3304 qui

888 3324 1079 3394 opibus
1103 3326 1254 3379 vacui
1286 3368 1299 3389 ,
1334 3325 1467 3379 nihil
1510 3325 1729 3379 habent.
1762 3324 1868 3381 Sed
1900 3326 2148 3381 inebriari
2183 3340 2346 3379 suave
2376 3333 2476 3378 est.

896 3418 962 3470 Et
988 3417 1109 3484 quis
1128 3416 1231 3470 hoc
1256 3416 1486 3469 dixerit?
1516 3415 1777 3483 Quocirca
1804 3418 1847 3468 si
1878 3417 2094 3469 Suavius
2120 3425 2223 3480 est,
2266 3417 2477 3483 inopem

887 3525 1007 3564 esse
1045 3523 1202 3578 quam
1245 3507 1500 3573 divitem,
1541 3523 1572 3560 a
1620 3507 1962 3561 matrimonio
2006 3507 2275 3561 abstinere
2319 3521 2479 3577 quam

889 3601 1287 3655 matrimonium
1308 3601 1507 3661 subire,
1542 3600 1753 3653 inanem
1776 3598 2000 3668 gloriam
2023 3599 2297 3667 aspernari
2317 3614 2477 3668 quam

884 3704 1155 3764 appetere.
1184 3709 1213 3763 a
1238 3693 1446 3747 deliciis
1473 3691 1767 3746 abhorrere
1793 3708 1953 3763 quam
1984 3691 2191 3746 deliciis
2219 3691 2435 3747 studere
2459 3708 2473 3743 :

885 3795 939 3837 et
994 3784 1079 3838 hic
1129 3784 1248 3852 plus
1304 3784 1502 3837 habent
1555 3785 1589 3837 ii
1644 3783 1734 3853 qui
1794 3785 2148 3852 prtesentibus
2195 3799 2299 3839 non
2349 3791 2477 3837 sunt

885 3874 1051 3930 afxi.
1103 3875 1217 3929 Hoc
1262 3886 1439 3929 autem
1488 3874 1638 3937 dico,
1672 3874 1813 3942 quod
1858 3876 1941 3926 vir
1986 3873 2199 3940 quidem
2251 3874 2473 3941 probus,

882 3968 1098 4021 tametsi
1132 3965 1721 4018 iunumcristormentis
1734 3963 2091 4027 excrucietur,
2115 3961 2273 4015 habet
2295 3972 2473 4017 tamen

885 4073 1034 4125 rp!!!
1078 4058 1274 4120 |;If.;tm,
1307 4073 1425 4125 qua:
1471 4058 1641 4127 ipsum
1676 4054 1905 4110 fulciat:
1968 4056 2241 4125 improbus
2286 4066 2473 4111 contra

882 4152 1042 4202 ctiam
1069 4149 1112 4203 si
1146 4150 1438 4204 innumeris
1467 4150 1825 4219 voluptatibus
1846 4148 2072 4211 fruatur,
2106 4149 2266 4204 habet
2293 4158 2471 4204 tamen

886 4240 1042 4294 futuzi
1085 4242 1325 4309 supplicii
1355 4253 1575 4305 metum,
1601 4242 1924 4309 voluptatem
1961 4243 2125 4309 ipsius
2155 4241 2474 4309 perturban-

884 4344 1011 4385 tem.
1042 4330 1174 4384 Nam
1200 4348 1267 4384 ne
1290 4330 1374 4382 hic
1401 4332 1612 4397 quidem
1642 4331 1887 4398 supplicii
1916 4332 2103 4383 modus
2133 4346 2331 4398 parvus
2358 4340 2471 4391 est;

883 4422 1182 4476 contrarius
1205 4435 1351 4482 vero,
1373 4420 1661 4485 voluptatis
1690 4429 1741 4473 ct
1766 4421 2162 4473 oblectationis.
2197 4422 2285 4473 list
2308 4422 2468 4474 etiam

884 4514 1070 4568 tertias
1090 4515 1276 4565 modus
1297 4520 1491 4581 praeter
1509 4512 1605 4565 ltus
1625 4512 1774 4565 duos.
1800 4511 2027 4577 Quinam
2050 4512 2299 4565 tandem?
2318 4512 2470 4579 Quod

884 4604 1102 4675 hujusce
1127 4606 1245 4657 vita:
1284 4605 1413 4658 leliei
1442 4622 1499 4635 *
1703 4605 1914 4673 quidem
1936 4614 2218 4674 apparent,
2245 4620 2365 4658 cum
2388 4604 2477 4658 ad-

882 4708 1025 4761 sunt,
1055 4707 1237 4763 utpote
1268 4714 1397 4766 quas
1434 4708 1478 4743 at
1516 4708 1700 4749 natura
1736 4712 1787 4751 et
1816 4708 2023 4753 tempus
2050 4709 2303 4768 coarguat
2332 4716 2342 4751 :
2372 4700 2474 4752 illa:

881 4797 1065 4841 contra
1088 4804 1191 4838 non
1216 4787 1373 4839 modo
1396 4802 1536 4849 sum,
1572 4801 1662 4839 se-
1700 4791 1859 4840 Qil..i'.
1889 4805 2099 4856 qucque
2128 4805 2269 4841 nisi"
2290 4798 2362 4838 .
2386 4789 2475 4841 Vi-

881 4882 1003 4935 den
1035 4880 1173 4946 ql"*1
1205 4878 1621 4931 11(,(]121.111
1661 4896 1737 4929 (
1804 4882 1949 4932 .u-i.
2004 4882 2098 4935 sed
2150 4900 2305 4935 unum
2347 4882 2468 4947 tria,

881 4974 1137 5042 quinque,
1168 4982 1325 5038 atque
1364 4970 1491 5019 1.1-0
1517 4980 1764 5023 .
2232 4990 2287 5026 te
2314 4984 2471 5042 pote

885 5066 1091 5119 rimus?
1116 5064 1267 5127 Quod
1296 5073 1350 5115 ut
1380 5063 1624 5129 extmplo
1659 5063 1860 5130 iutcllib
1900 5079 1945 5127 ,
2122 5106 2127 5112 .
2158 5066 2243 5115 ,V:
2276 5081 2335 5119 ac
2365 5066 2469 5119 [

882 5172 1057 5217 ,
1092 5155 1179 5207 ille
1210 5164 1513 5219 plttESCltild,
1560 5156 1643 5205 hic
1678 5154 1849 5205 futura
1890 5169 2140 5221 perecpit.
2176 5164 2255 5206 An
2310 5171 2472 5221 porro

884 5262 1047 5298 unum
1073 5256 1125 5297 et
1159 5260 1320 5296 unum
1345 5260 1463 5297 esse
1494 5248 1678 5297 statuis
1708 5260 1802 5312 per
1830 5230 1987 5303 omne
2022 5256 2232 5313 tempus
2255 5247 2425 5313 puniri
2457 5288 2472 5309 ,

884 5350 1042 5407 atque
1090 5339 1152 5390 ad
1183 5338 1430 5407 exiguam
1473 5339 1655 5391 horam
1700 5340 1840 5390 fame
1873 5340 2100 5390 vexari?
2159 5340 2209 5390 in
2260 5339 2473 5391 mortali

884 5446 1107 5496 Corpore
1128 5440 1407 5499 mgrotare,
1433 5442 1483 5482 ct
1515 5433 1562 5481 in
1589 5429 1873 5481 immortali
1899 5430 2151 5481 acerbum
2179 5431 2229 5481 in
2256 5429 2473 5482 modum

887 5527 1006 5591 igne
1031 5525 1250 5576 cruciari
1278 5525 1300 5575 ?
1352 5539 1513 5591 parvo
1546 5525 1634 5575 illo
1678 5526 1864 5576 morbo
1899 5524 2232 5590 perfunctum
2260 5565 2275 5585 ,
2316 5539 2473 5577 coro-

887 5614 999 5665 nari
1028 5626 1079 5666 et
1110 5615 1323 5668 :eternis
1355 5624 1534 5682 postea
1565 5614 1767 5667 deliciis
1790 5614 2161 5667 circumuere
2188 5630 2200 5677 ;
2231 5622 2320 5666 aut
2350 5622 2474 5683 post

890 5703 1101 5757 brevem
1149 5703 1378 5759 fructum
1412 5706 1753 5773 sempiternis
1786 5716 1973 5773 postea
2027 5705 2306 5773 suppliciis
2358 5715 2475 5758 tor-

890 5796 1082 5864 queri?
1108 5806 1159 5848 et
1187 5794 1305 5864 quis
1338 5796 1449 5851 hare
1477 5796 1705 5850 dixerit?
1733 5799 1865 5863 Quid
1904 5798 1981 5849 vis
2012 5812 2269 5864 ponamus
2293 5798 2313 5847 ?
2336 5812 2469 5865 qua

1657 371 1714 430 S.
1752 372 2031 429 JOANNIS
2068 370 2537 428 CllliYSOSTmll
2580 371 2895 426 AltCillEP.
2940 371 3475 427 CONSTANTIXOP.

2608 486 2885 542 litatemne
2925 500 2991 538 an
3022 485 3412 553 quantitatem?
3441 484 3679 539 ordinem
3713 484 3803 539 Dei
3847 493 3945 538 aut
3976 493 4197 539 sentetr

2605 577 2731 631 tiam
2754 577 2821 630 de
2850 586 3075 647 utroque
3103 577 3307 630 latam?
3333 577 3617 647 Quousque
3638 577 3857 632 tandem
3886 578 4198 633 sarabara-

2604 682 2723 721 rum
2759 667 2811 719 in
2835 680 2991 721 como
3017 682 3231 735 semper
3256 681 3375 721 sese
3399 666 3749 721 volutantium
3779 670 3952 721 verba
4006 668 4198 737 laqueo

2602 759 2772 812 mini?
2792 758 2973 827 Neque
3002 760 3143 813 enim
3167 758 3439 812 hominum
3462 760 3668 814 ratione
3694 761 4063 831 prmditorum
4098 770 4198 826 est,

2602 853 2856 917 animam,
2880 867 2999 921 qua:
3027 852 3156 904 tanti
3186 852 3337 919 pretii
3364 860 3465 915 est,
3497 866 3594 919 pro
3616 866 3674 905 re
3695 852 3897 906 nullius
3927 854 4195 907 momenti

2604 944 2897 1012 projicere,
2927 958 3049 997 cum
3088 952 3365 1013 oporteret
3407 958 3501 1011 pro
3535 944 3725 1013 exiguo
3761 944 3957 999 labore
4005 945 4195 998 omium

2600 1047 2810 1102 capere.

2686 1122 2947 1177 Iudicium
2996 1124 3224 1193 futurum
3281 1125 3587 1179 horrendum
3636 1126 3748 1179 erit.
3798 1114 4102 1181 '\'isnc
4150 1136 4198 1179 ut

2599 1216 2814 1271 aliunde
2858 1227 2908 1270 te
2946 1217 3167 1271 doceam
3188 1258 3203 1281 ,
3237 1216 3561 1273 horrendum
3595 1218 3646 1270 in
3674 1219 3844 1272 altero
3876 1233 4005 1273 -
4038 1221 4198 1272 tribu-

2600 1306 2684 1360 nal
2712 1308 2875 1361 esse?
2904 1308 3256 1361 Con-cientim
3285 1317 3388 1361 tua:
3408 1308 3626 1377 januam
3656 1309 3835 1378 aperi,
3866 1324 3935 1363 ac
3954 1309 4199 1375 judicent

2598 1396 2651 1449 in
2678 1397 2858 1450 animo
2888 1406 2979 1450 tuo
3018 1398 3162 1451 velut
3191 1413 3287 1467 pro
3339 1398 3586 1453 tribunali
3632 1400 3913 1454 sedentem
3961 1402 4197 1455 intuere.

2595 1490 2749 1558 Quod
2778 1490 2824 1543 si
2856 1498 2909 1543 tu
2932 1532 2944 1553 ,
2974 1491 3214 1558 quamvis
3242 1500 3572 1559 prmpostero
3602 1491 3677 1545 tui
3705 1506 3894 1545 amore
3924 1491 4162 1545 affectus
4185 1532 4200 1555 ,

2597 1583 2823 1651 teipsum
2854 1581 3181 1635 condemnas
3204 1620 3220 1645 ,
3256 1597 3353 1636 nec
3398 1581 3631 1651 iniquam
3671 1584 4010 1638 sententiam
4060 1583 4200 1639 ferre

2593 1676 2862 1737 sustines;
2909 1688 2978 1728 an
3025 1689 3129 1729 non
3158 1675 3326 1728 multo
3370 1674 3558 1745 majori
3594 1692 3735 1729 cura-
3761 1676 3852 1745 jus
3902 1677 4023 1731 Deo
4055 1679 4158 1730 erit
4183 1719 4197 1739 ,

2546 1834 2549 1837 _
2593 1776 2755 1835 atque
2795 1768 3164 1833 incorruptum
3211 1766 3299 1819 ille
3341 1766 3410 1819 de
3447 1766 3697 1819 omnibus
3738 1766 4011 1835 judicium
4045 1766 4195 1831 feret,

2595 1870 2693 1910 ncc
2724 1864 2925 1909 temere
2976 1855 3093 1908 hrcc
3123 1857 3306 1909 omnia
3334 1854 3463 1909 ferri
3512 1855 3691 1909 sinet?
3737 1855 3942 1925 Ecquis
3976 1856 4195 1910 tandem

2592 1946 2696 2001 hoc
2734 1944 2969 2001 dixerit?
3010 1945 3179 2001 Nemo
3207 1946 3445 2015 profecto
3474 1963 3487 1998 :
3521 1960 3644 1999 nam
3676 1945 3937 2027 (
3971 1956 4035 2002 et
4081 1948 4197 2000 bar-

2592 2040 2737 2103 bari,
2766 2041 2826 2093 et
2854 2050 3023 2108 poeta:
3047 2048 3101 2092 et
3123 2037 3461 2109 philosophi,
3488 2047 3543 2092 ct
3563 2054 3748 2093 omnes
3770 2040 4019 2110 denique
4051 2056 4195 2094 mor-

2595 2130 2728 2185 tales
2768 2131 2817 2183 in
2863 2132 2965 2184 hoc
3011 2129 3318 2192 nobiscum,
3345 2130 3444 2183 etsi
3471 2129 3671 2198 dispari
3718 2130 3918 2194 modo,
3950 2147 4191 2187 consen-

2595 2224 2733 2276 tiunt
2756 2263 2773 2288 ,
2805 2237 2867 2276 ac
2912 2221 3155 2291 quaedam
3198 2222 3249 2275 in
3298 2208 3484 2277 inferis
3519 2223 3805 2276 tribunalia
3834 2237 3963 2277 esse
3993 2226 4148 2278 aiunt
4178 2242 4191 2277 :

2593 2331 2763 2385 usque
2801 2317 2936 2369 adeo
2967 2315 3246 2384 perspicua
3275 2322 3330 2369 et
3374 2314 3667 2369 indubitata
3705 2316 3821 2372 haec
3851 2333 3947 2373 res
3986 2326 4100 2372 est.
4134 2319 4193 2371 Et

2591 2423 2690 2462 cur
2708 2449 2724 2472 ,
2749 2408 2957 2477 inquies
2981 2449 2997 2471 ,
3035 2407 3175 2462 Dens
3202 2407 3287 2460 hic
3314 2421 3423 2461 non
3452 2409 3643 2477 punit?
3668 2409 3941 2464 Nimirum
3980 2422 4045 2465 ut
4076 2412 4192 2465 lon-

2590 2502 2957 2571 ganimitatcm
2989 2515 3139 2554 suam
3168 2500 3455 2565 ostendat,
3486 2501 3743 2573 nobisque
3788 2519 3884 2573 per
3911 2506 4189 2573 paeniten-

2594 2592 2721 2646 tiam
2772 2592 2913 2645 viam
2962 2590 3027 2645 ad
3073 2591 3302 2648 salutem
3348 2592 3589 2658 muniat,
3622 2608 3684 2647 ac
3730 2609 3834 2647 non
3866 2596 4190 2649 universum

2590 2682 2895 2737 mortalium
2943 2696 3114 2753 genus
3158 2681 3394 2736 funditus
3436 2681 3649 2747 deleat,
3696 2698 3900 2752 cosijue
3952 2686 4050 2755 qni
4100 2702 4190 2756 per

2588 2774 2846 2842 Optimam
2869 2773 2992 2828 vitae
3015 2773 3362 2827 mutationem
3384 2773 3607 2828 salutem
3630 2776 3884 2845 consequi
3910 2787 4187 2845 poterant,

2589 2867 2899 2936 priusquam
2931 2866 2998 2919 ad
3024 2880 3142 2919 eam
3172 2865 3485 2935 perveniant
3506 2906 3522 2928 ,
3549 2865 3618 2921 dc
3643 2868 3822 2921 medio
3848 2870 4029 2923 tollat.
4056 2870 4187 2925 Nam

2588 2959 2634 3013 si
2679 2957 2748 3013 de
2778 2958 3014 3027 peccatis
3047 2956 3293 3012 homines
3342 2957 3624 3012 confestim
3673 2962 3846 3028 pretiis
3891 2977 3957 3016 ac
4010 2978 4187 3018 morte

2587 3048 2828 3105 afficeret
2849 3091 2865 3114 ,
2898 3049 3169 3118 quomodo
3201 3049 3430 3103 salutem
3461 3050 3756 3118 accepisset
3780 3051 3985 3105 Paulus
4008 3096 4024 3116 ,
4058 3071 4192 3123 quc-

2586 3141 2748 3195 modo
2794 3139 3026 3203 Petrus,
3056 3138 3325 3207 principes
3353 3137 3463 3202 illi,
3504 3153 3566 3191 ac
3609 3139 3771 3192 totius
3809 3141 3960 3195 orbis
4009 3145 4185 3210 magi-

2585 3232 2724 3286 stri?
2752 3230 3023 3298 quomodo
3042 3229 3206 3284 David
3228 3228 3453 3284 salutem
3473 3246 3538 3285 ex
3565 3230 3875 3299 pmnitentia
3904 3237 4187 3301 percepis-

2586 3324 2710 3378 set?
2752 3323 3024 3393 quomodo
3052 3321 3253 3377 Galatae
3278 3364 3293 3385 ,
3324 3322 3524 3392 aliique
3554 3323 3771 3393 plures?
3816 3323 4186 3388 Quamobrem

2586 3430 2688 3469 nec
2732 3415 2799 3467 ab
2826 3414 3075 3469 omnibus
3104 3414 3153 3466 in
3187 3414 3285 3468 hac
3314 3414 3417 3468 vita
3465 3429 3652 3484 poenas
3699 3416 3941 3484 expetit,
3986 3418 4090 3471 sed
4121 3434 4187 3474 ex

2585 3507 2838 3560 omnibus
2884 3506 2988 3560 illis
3037 3508 3220 3574 paucis
3274 3515 3479 3561 tantum
3528 3506 3789 3576 supplicia
3842 3507 4051 3570 infert;
4088 3526 4188 3565 nec

2585 3614 2771 3653 rursus
2800 3599 2850 3651 in
2880 3600 3052 3653 altero
3098 3614 3213 3652 mvo
3244 3598 3314 3653 de
3341 3599 3591 3653 omnibus
3621 3615 3808 3668 poenas
3839 3601 4005 3655 sumit
4029 3641 4045 3663 ,
4089 3602 4187 3657 sed

2583 3690 2651 3745 de
2682 3691 2800 3744 aliis
2845 3690 2964 3755 hic,
2997 3690 3063 3744 de
3091 3689 3208 3743 aliis
3249 3689 3357 3744 illic
3386 3708 3400 3746 :
3446 3699 3505 3743 ut
3531 3700 3586 3744 et
3618 3705 3713 3759 per
3737 3706 3834 3744 eos
3858 3732 3874 3756 ,
3905 3707 4047 3761 quos
4099 3693 4187 3749 hic

2583 3782 2802 3850 plectit,
2834 3781 2916 3834 vel
2945 3780 3341 3850 stupidissimos
3388 3782 3587 3835 excitet
3609 3823 3621 3843 .
3656 3791 3709 3836 et
3740 3798 3836 3852 per
3874 3798 4006 3847 eos,
4044 3800 4185 3854 quos

2584 3874 2872 3942 impunitos
2894 3872 3040 3933 sinit,
3066 3870 3192 3925 illud
3220 3870 3452 3937 efciat,
3482 3881 3538 3924 ut
3565 3872 3743 3926 futura
3773 3886 4181 3940 exspectemus.

2582 3966 2774 4017 Annon
2821 3962 2969 4015 vides
3000 3962 3283 4029 plerosque
3325 3960 3413 4014 hic
3455 3976 3641 4029 poenas
3682 3963 3851 4027 luere,
3882 3970 3941 4015 ut
3966 3977 4067 4016 eos
4094 3966 4184 4033 qui

2584 4054 2747 4108 turris
2771 4054 2924 4106 ruina
2952 4052 3193 4120 oppressi
3218 4061 3363 4109 sunt.
3393 4060 3451 4103 ut
3478 4066 3571 4103 eos
3592 4067 3822 4120 quorum
3857 4054 4181 4122 sanguinem

2584 4147 2783 4201 Pilatus
2812 4159 2932 4199 cum
2961 4141 3240 4197 sacriciis
3267 4142 3620 4206 commiScuit,
3656 4154 3713 4196 ut
3744 4144 4059 4199 Corinthios
4087 4162 4182 4201 eos

2585 4237 2669 4305 qui
2705 4235 2772 4288 ob
2802 4235 3017 4293 indr'nc
3049 4242 3299 4301 percepta
3328 4236 3582 4305 mysteria
3610 4232 3993 4305 praematuram
4026 4254 4180 4293 mor-

2584 4338 2689 4379 tem
2738 4326 2983 4377 obierunt
3013 4366 3025 4381 ,
3060 4335 3112 4376 ut
3166 4324 3534 4389 Pharaonem,
3588 4335 3647 4379 ut
3696 4327 3949 4392 Judceos,
4002 4331 4098 4399 qui
4149 4346 4176 4383 a

2584 4416 2825 4469 barbaris
2913 4433 2986 4466 ut.
3140 4424 3261 4467 sunt
3286 4456 3299 4476 ,
3330 4431 3388 4468 ut
3422 4432 3705 4487 p.cr05que
3731 4418 3866 4472 alios
3891 4460 3905 4483 ,
3946 4432 4001 4474 et
4050 4431 4178 4475 tunc

2584 4518 2637 4561 et
2668 4525 2840 4573 nunc,
2871 4519 2923 4562 et
2953 4508 3251 4577 pupetuo?
3282 4508 3484 4562 Rursus
3532 4510 3620 4562 alii
3670 4511 3819 4564 multi
3846 4553 3860 4575 ,
3892 4513 4058 4566 nullis
4090 4514 4178 4566 hic

2584 4604 2845 4657 scelerum
2880 4603 3050 4671 pocius
3096 4602 3411 4671 persolutis,
3441 4618 3471 4655 e
3514 4604 3620 4657 vita
3666 4604 4036 4661 discesserunt
4072 4625 4086 4659 :
4120 4618 4177 4661 ut

2584 4695 2729 4748 dives
2760 4695 2850 4750 ille
2880 4694 3065 4748 Lazari
3100 4704 3340 4763 tempore
3361 4735 3376 4759 ,
3404 4695 3604 4763 aliique
3633 4700 3965 4765 complures.

2655 4786 2707 4838 4.
2730 4784 2852 4839 llaec
2880 4801 3037 4853 porro
3062 4785 3181 4839 ideo
3200 4788 3342 4851 facit,
3362 4786 3555 4855 partim
3580 4796 3745 4843 utcos
3758 4789 3847 4858 qui
3872 4788 4049 4843 futura
4068 4808 4174 4846 non

2584 4875 2808 4929 credunt
2846 4876 3073 4939 excitet;
3108 4876 3295 4943 partim
3321 4917 3333 4938 ,
3366 4885 3422 4928 ut
3443 4890 3535 4929 eos
3555 4917 3570 4938 ,
3600 4877 3692 4945 qui
3720 4877 3950 4931 credunt
3998 4896 4060 4935 ac
4085 4896 4170 4936 se-

2584 4966 2747 5036 gnitie.
2774 4967 2967 5021 labora
3044 5011 3053 5023 ,
3085 4968 3372 5037 diligentes
3402 4966 3615 5021 reddat.
3650 4969 3793 5023 Deus
3819 4972 3967 5026 enim
3999 4974 4174 5040 justus

2586 5070 2668 5112 ett
2712 5059 2874 5127 judux
2922 5076 2969 5112 :::
3008 5062 3151 5113 .ortis
3186 5068 3239 5111 et
3288 5046 3646 5127 iunganimis,
3681 5076 3779 5116 nec
3810 5077 3903 5131 per
3932 5065 4173 5133 singulos

2587 5154 2700 5204 :st
2748 5154 2877 5205 ium
2927 5154 3149 5205 inuecti.
3189 5144 3337 5217 Quod
3379 5150 3423 5203 si
3458 5151 3626 5220 ipsius
3652 5155 4055 5223 longanimitate
4084 5156 4175 5209 ab-

2586 5255 2829 5309 utamur,
2863 5248 2965 5299 erit
3006 5255 3246 5310 tempus,
3281 5258 3401 5295 eum
3429 5243 3537 5310 jam
3588 5260 3656 5299 ne
3702 5244 3909 5300 tantillo
3957 5248 4174 5316 quidem

2588 5348 2826 5403 tempore
2880 5334 3332 5403 longanimitatem
3386 5332 3697 5394 adhibebit.
3745 5352 3933 5389 verum
3994 5339 4175 5390 statim

2588 5444 2796 5497 pmnam
2822 5427 3033 5480 inferet.
3064 5423 3141 5478 Ne
3172 5425 3351 5492 itaque
3378 5463 3394 5488 ,
3419 5424 3546 5478 dum
3568 5426 3637 5479 ad
3666 5427 3881 5480 unicum
3917 5444 4170 5481 momen-

2588 5530 2696 5571 tum
2730 5518 3006 5587 (momenti
3046 5516 3187 5569 enim
3215 5515 3385 5568 instar
3413 5526 3493 5571 est
3545 5517 3660 5571 hac
3685 5519 3820 5587 vita)
3847 5519 4063 5573 deliciis
4094 5518 4171 5570 iu-

2586 5610 2805 5677 dulgcre
2854 5609 3100 5661 volumus
3130 5646 3146 5671 ,
3203 5604 3528 5661 innitarum
3585 5610 3902 5661 sarculorum
3954 5620 4170 5675 mnam

2589 5702 2742 5755 nobis
2782 5712 3160 5761 accersamus;
3190 5712 3376 5751 verum
3404 5700 3471 5752 ad
3501 5708 3830 5752 momentum
3865 5697 4047 5766 potius
4091 5697 4167 5748 la-

2592 5794 2873 5854 boremus,
2930 5799 2988 5843 ut
3039 5790 3310 5859 perpetuis
3356 5790 3575 5845 coronis
3629 5790 3927 5860 cingantur.
3976 5791 4165 5842 Ann-iu
