4568 6424
286 437 394 498 465

292 551 517 611 certnitis
547 552 600 607 in
629 549 852 622 hujusce
893 562 1105 621 quoque
1132 546 1258 604 vitae
1290 546 1519 619 negotiis
1547 543 1742 599 bonam
1774 542 1871 595 ho-

294 646 500 700 minum
540 652 745 713 partem
775 640 827 697 id
878 639 1088 707 facere,
1121 652 1188 694 ac
1234 638 1451 693 brevem
1497 635 1731 690 laborem
1761 633 1872 688 diu-

294 748 468 792 turnae
494 734 690 806 quietis
716 746 877 789 causa
917 731 1233 802 suscipere:
1263 727 1473 786 tametsi
1506 740 1653 799 saepe
1680 734 1865 792 contra

294 842 384 883 res
412 825 625 899 evenit,
651 839 815 894 quam
851 821 1177 893 sperabant?
1206 819 1307 877 [lic
1346 820 1489 876 enim
1519 819 1760 875 laborum
1809 833 1875 874 ac

293 930 533 990 quastus
569 932 719 989 aequa
746 925 829 975 est
872 916 1086 987 portio;
1114 927 1263 986 saepe
1307 913 1469 969 etiam
1511 909 1749 966 inﬁnitus
1790 916 1875 965 est

293 1007 449 1065 labor
466 1046 489 1075 ,
510 1009 717 1063 fructus
739 1014 919 1062 autem
948 1005 1128 1062 tenuis
1144 1045 1159 1070 ,
1187 1017 1251 1059 ac
1272 1000 1436 1072 ‘stepe
1463 1016 1533 1058 ne
1558 999 1733 1056 tenuis
1756 999 1875 1071 qui-

293 1098 419 1161 dem
463 1116 479 1153 :
518 1108 724 1164 atvero,
770 1111 892 1153 etim
942 1096 1013 1153 de
1055 1095 1261 1153 ezelesti
1308 1107 1477 1167 regno
1518 1092 1712 1166 agitur,
1743 1106 1874 1148 con-

304 1189 471 1245 traria
491 1197 573 1244 est
598 1189 735 1245 ratio
762 1206 775 1243 :
804 1202 1026 1259 parvum
1054 1188 1198 1243 enim
1226 1182 1467 1242 laborem
1486 1197 1677 1255 magna
1713 1191 1875 1253 atque

298 1274 507 1342 inﬁnita
528 1278 839 1350 iucunditas
860 1277 1072 1349 excipit.
1102 1276 1379 1346 Perpende
1399 1282 1577 1331 autem
1602 1292 1617 1327 :
1640 1271 1896 1343 agricola

299 1378 470 1425 totum
497 1383 695 1424 annum
725 1368 951 1433 laborat,
980 1376 1035 1425 et
1062 1368 1115 1422 in
1140 1367 1271 1433 ﬁne,
1300 1380 1395 1435 spe
1420 1375 1477 1421 et
1504 1366 1875 1421 diuturnorum

301 1460 543 1517 laborum
572 1461 746 1517 fructu
775 1475 926 1530 saepe
950 1460 1171 1516 excidit.
1206 1459 1413 1515 Rursus
1438 1461 1589 1515 navis
1613 1459 1878 1531 guberna-

301 1560 388 1613 tor
409 1592 428 1617 ,
460 1560 516 1607 et
544 1551 700 1607 miles
727 1592 744 1618 ,
774 1551 841 1606 ad
869 1562 1163 1608 extremam
1188 1565 1360 1622 usque
1385 1560 1600 1608 aetatem
1633 1552 1685 1605 in
1714 1549 1875 1606 bellis

300 1650 357 1697 et
384 1640 657 1697 laboribus
702 1641 939 1709 versati,
968 1656 1113 1712 saepe
1141 1642 1211 1697 ita
1250 1642 1375 1697 hinc
1401 1640 1706 1705 excedunt,
1739 1624 1795 1693 ut
1822 1649 1877 1695 et

303 1732 395 1791 ille
424 1735 679 1790 mercium
708 1748 928 1792 suarum
954 1735 1147 1806 opibus
1194 1734 1428 1803 labatur,
1474 1744 1529 1791 et
1576 1734 1663 1791 hic
1713 1735 1877 1789 vitam

304 1838 410 1880 una
431 1839 555 1881 cum
583 1826 802 1882 victoria
832 1827 1061 1882 amittat.
1098 1827 1334 1899 Ecquam
1378 1842 1508 1899 ergo
1532 1868 1547 1894 ,
1595 1836 1647 1883 te
1692 1822 1823 1897 rogo
1859 1867 1875 1895 ,

302 1917 699 1973 excusationem
741 1918 974 1974 habituri
1000 1934 1189 1975 sumus
1208 1962 1223 1985 ,
1247 1920 1336 1991 qui
1364 1936 1486 1977 eum
1514 1921 1565 1975 in
1592 1922 1754 1977 rebus
1783 1921 1881 1974 ﬁu.

306 2011 390 2067 xis
415 2024 498 2072 ea,
524 2026 643 2080 qua:
669 2026 789 2066 cum
815 2011 1000 2084 labore
1028 2012 1314 2081 conjuncta
1343 2024 1490 2082 sunt,
1519 2016 1878 2085 praeferimus,

308 2113 360 2155 ut
381 2116 567 2171 parum
584 2103 1042 2173 conquiescamus,
1058 2104 1140 2159 vel
1163 2119 1228 2159 ne
1247 2121 1429 2174 parum
1459 2107 1673 2176 quidem
1698 2106 1880 2176 (dubia

305 2193 502 2264 quippe
526 2195 639 2248 hate
666 2208 789 2263 spes
827 2197 968 2267 est);
999 2195 1051 2249 in
1084 2195 1448 2266 spiritualibus
1472 2197 1743 2255 contrario
1767 2214 1879 2253 omo

307 2282 436 2337 nino
464 2283 623 2337 modo
664 2283 921 2340 faciamus
942 2327 957 2350 ,
988 2299 1049 2339 ac
1075 2294 1302 2356 propter
1341 2287 1585 2358 exiguam
1618 2289 1879 2359 ignaviam

305 2374 573 2429 cruciatus
609 2375 699 2445 qui
747 2376 907 2431 nullis
951 2377 1128 2436 verbis
1157 2379 1409 2446 explicari
1449 2380 1689 2449 possint,
1726 2380 1881 2437 nobis

304 2465 677 2522 amabamus?
725 2467 985 2536 Quocirca
1016 2485 1110 2524 vos
1150 2485 1337 2525 omnes
1386 2486 1483 2526 oro
1509 2512 1525 2537 ,
1558 2481 1633 2526 ut
1667 2474 1879 2529 tandem

304 2556 591 2626 aliquando
614 2568 680 2612 ex
708 2558 809 2613 hoc
837 2570 1055 2629 stupore
1090 2575 1186 2615 vos
1226 2561 1372 2631 ipsos
1397 2563 1685 2634 recipiatis.
1713 2563 1883 2620 Nemo

306 2649 449 2703 enim
478 2658 586 2704 tum
615 2651 715 2704 erit
741 2691 755 2715 ,
788 2651 875 2720 qui
906 2666 1004 2706 nos
1028 2666 1059 2706 e
1086 2652 1261 2722 pinnis
1283 2654 1482 2708 eximat
1508 2696 1522 2720 ,
1556 2671 1660 2710 non
1695 2656 1879 2723 frater,

307 2754 415 2794 non
463 2750 613 2809 pater
636 2782 650 2806 ,
679 2756 785 2796 non
837 2744 1007 2807 ﬁlius,
1055 2758 1162 2797 non
1201 2743 1403 2799 amicus
1427 2787 1441 2812 ,
1479 2762 1585 2799 non
1633 2748 1837 2801 vicinus
1862 2787 1877 2812 ,

307 2845 416 2887 non
442 2830 720 2901 quisquam
745 2832 917 2897 alius;
945 2834 1074 2899 sed,
1106 2834 1153 2889 si
1180 2848 1278 2890 nos
1321 2851 1483 2905 opera
1528 2848 1709 2891 nostra
1752 2855 1881 2908 pro-

306 2919 579 2985 diderint,
604 2922 786 2975 omnia
816 2938 1027 2991 pessum
1060 2923 1250 2990 ibunt,
1278 2941 1341 2980 ac
1368 2934 1587 2995 prorsus
1626 2927 1693 2983 de
1726 2929 1880 2985 nobis

306 3021 485 3067 actum
514 3013 636 3068 erit.
670 3012 908 3080 Quantos
927 3015 1075 3070 dives
1102 3016 1194 3072 ille
1219 3015 1392 3073 luctus
1418 3021 1632 3087 emisit,
1665 3023 1880 3091 quantis

310 3104 558 3174 precibus
596 3120 625 3159 a
665 3105 965 3174 patriarcha
992 3107 1267 3164 contendit
1289 3152 1304 3172 ,
1336 3120 1394 3164 ut
1437 3109 1698 3167 Lazarum
1725 3114 1789 3169 ad
1820 3130 1881 3170 se

309 3196 587 3254 mitteret?
633 3194 827 3250 Verum
871 3198 994 3251 audi
1037 3199 1162 3267 quid
1209 3202 1452 3271 responsi
1482 3202 1549 3257 ab
1579 3204 1884 3262 Abrahamo

312 3285 529 3341 tulerit:
562 3275 728 3342 Chaos
758 3305 996 3359 magnum
1026 3290 1154 3345 inter
1180 3308 1266 3346 vos
1312 3304 1356 3347 et
1384 3310 1474 3349 nos
1504 3310 1524 3349 :
1547 3297 1618 3349 ita
1648 3305 1703 3350 ut
1742 3314 1803 3351 ne
1845 3299 1883 3351 ii

308 3378 544 3448 quidem,
599 3379 685 3450 qui
737 3381 911 3434 volunt
960 3382 1082 3435 illuc
1120 3385 1374 3453 transire,
1404 3387 1458 3441 id
1495 3389 1686 3459 possint
1732 3388 1880 3460 (Luc.

312 3467 400 3523 16.
428 3466 542 3538 26).
572 3467 741 3536 Quam
787 3469 997 3525 obnixis
1047 3474 1292 3542 precibus
1339 3478 1569 3548 virgines
1611 3479 1713 3535 illa:
1761 3496 1882 3535 cum

310 3558 607 3627 aequalibus
634 3559 745 3613 suis
773 3571 1030 3629 egerunt,
1064 3572 1121 3618 ut
1163 3580 1351 3634 parum
1390 3568 1495 3623 olei
1536 3571 1886 3640 acciperent?

316 3648 514 3701 Verum
552 3648 673 3702 audi
715 3650 840 3718 quid
873 3651 1001 3721 ipsa:
1030 3667 1241 3724 quoque
1264 3656 1478 3713 dicant:
1510 3658 1593 3713 Ne
1618 3665 1749 3730 forte
1786 3680 1887 3717 non

312 3738 523 3811 suﬂiciat
545 3738 685 3805 nobis
713 3750 758 3792 et
786 3741 921 3794 vobis
943 3742 1158 3809 (blattis.
1181 3745 1271 3801 25.
1293 3747 1347 3817 9)
1371 3765 1387 3812 ;
1416 3764 1513 3805 nec
1540 3752 1714 3820 potuit
1741 3756 1888 3823 quis-

313 3844 473 3899 quam
500 3844 591 3884 eas
618 3830 671 3884 in
699 3829 989 3886 thalamum
1017 3834 1375 3891 introducere.
1410 3838 1533 3892 Haec
1564 3841 1743 3912 itaque
1768 3844 1889 3897 ani-

315 3923 418 3977 mis
450 3923 647 3978 nostris
677 3926 984 3994 reputantes
1008 3968 1021 3990 ,
1054 3942 1149 3981 nos
1181 3942 1392 3999 quoque
1421 3932 1544 3986 vitae
1573 3946 1770 3989 nostrae
1794 3951 1888 3991 cu-

314 4029 427 4067 ram
447 4014 851 4085 gemmus.Nam
872 4016 1133 4086 quoslibet
1155 4018 1363 4075 labores
1379 4020 1600 4089 dixeris,
1623 4027 1892 4095 quoslibet

316 4107 912 4164 cruciatus'admovcris
936 4150 951 4175 ,
981 4111 1112 4166 nihil
1140 4111 1255 4169 hcce
1282 4116 1460 4170 omnia
1486 4126 1672 4184 erunt,
1700 4120 1741 4173 si
1769 4136 1891 4176 cum

317 4194 511 4253 futuris
536 4198 690 4278 bonis
717 4201 1079 4258 conferantur.
1114 4204 1260 4262 Pone
1308 4209 1451 4263 enim
1473 4250 1488 4274 ,
1516 4211 1558 4264 si
1592 4212 1661 4266 ita
1701 4212 1846 4268 lubet
1873 4254 1889 4279 ,

317 4285 492 4357 ignem
519 4296 573 4343 et
597 4287 793 4345 ferrum
823 4296 877 4346 et
905 4293 1131 4361 belluas,
1156 4311 1218 4352 ac
1257 4296 1303 4353 si
1349 4298 1475 4369 quid
1522 4300 1606 4356 bis
1645 4304 1891 4359 acerbius

316 4386 433 4445 est;
458 4378 574 4435 hac
600 4390 775 4439 tamen
797 4399 906 4454 pra:
935 4390 1212 4444 tormentis
1234 4390 1340 4446 illis
1363 4407 1432 4447 ne
1454 4394 1657 4450 umbras
1676 4396 1888 4465 quidem

318 4515 621 4529 ___.__——.

1340 430 1405 487 IN
1444 427 1655 486 EPIST.
1696 425 1739 481 ιι
1802 424 1893 480 an
1928 410 2083 481 sua.
2128 421 2335 479 noun.
2398 422 2465 478 x.

3461 427 3564 483 466

1979 548 2126 595 sunt.
2175 539 2303 595 llarc
2344 540 2577 611 quippe.
2617 552 2741 595 cum
2786 522 3164 596 vehementius
3196 545 3517 608 adhibentur
3542 584 3563 610 ,

1980 642 2091 688 tum
2120 631 2457 704 potissimum
2489 631 2624 687 levia
2669 630 3007 699 efﬁciuntur,
3055 632 3200 703 quod
3240 634 3356 689 scito
3385 643 3565 691 trans-

1979 735 2102 780 eant
2126 766 2143 791 ,
2199 722 2344 794 quod
2391 736 2587 794 corpus
2637 721 2872 779 ferenda:
2919 722 3131 781 doloris
3177 724 3460 781 acerbitati
3502 739 3569 785 ac

1979 814 2312 876 diuturnitati
2344 813 2563 869 minime
2605 828 2703 883 par
2736 813 2829 868 sit.
2862 816 3062 888 Atvero
3113 811 3225 869 illic
3273 830 3569 875 secusres

1981 891 2142 960 habet
2171 922 2183 958 :
2215 920 2337 969 nam
2385 913 2439 959 et
2484 903 2846 977 longinquitas
2873 913 2928 959 et
2955 901 3288 960 incredibilis
3317 905 3564 974 quaedam

1983 1000 2295 1071 magnitudo
2324 999 2481 1054 simul
2510 1006 2875 1066 concurrunt,
2904 985 3014 1053 tam
3037 999 3093 1052 in
3118 1000 3280 1054 rebus
3312 998 3567 1069 iucundis

1982 1106 2138 1159 quam
2185 1090 2237 1147 in
2287 1091 2519 1146 acerbis.
2570 1087 2843 1155 Proinde,
2882 1089 3137 1162 quamdiu
3174 1098 3385 1161 tempus
3431 1098 3515 1148 est
3544 1131 3563 1156 ,

1982 1198 2419 1253 praeoccupemus
2440 1180 2631 1237 faciem
2658 1181 2868 1237 Domini
2892 1180 2945 1245 in
2969 1180 3309 1252 confessione
3326 1222 3343 1248 ,
3367 1189 3425 1236 ut
3453 1190 3565 1235 tum

1983 1268 2105 1330 eum
2132 1287 2350 1332 suavem
2376 1288 2440 1329 ac
2468 1273 2735 1345 placidum
2760 1287 3073 1340 cernamus,
3098 1287 3162 1328 ac
3187 1274 3422 1329 minaces
3445 1272 3569 1328 illas

1986 1364 2277 1434 potestates
2302 1359 2638 1436 elfugiamus.
2670 1366 2861 1419 Annon
2893 1363 2992 1417 hos
3021 1363 3241 1419 lictores
3275 1361 3564 1433 conspicis,

1983 1454 2076 1530 qui
2120 1458 2384 1529 prmfeetis
2416 1458 2785 1514 administram
2813 1471 3033 1530 operam
3066 1466 3304 1521 navant,
3335 1472 3569 1527 quomo-

1984 1550 2056 1605 do
2108 1551 2367 1617 trahant,
2415 1549 2689 1619 quomodo
2736 1549 3014 1617 vinciant,
3064 1548 3334 1619 quomodo
3385 1547 3569 1617 ﬂagris

1984 1643 2257 1710 afﬁciant,
2282 1642 2551 1712 quomodo
2582 1641 2752 1697 latera
2772 1640 3108 1712 perfodiant,
3134 1638 3402 1710 quomodo
3423 1636 3569 1697 faces

1986 1737 2038 1791 in
2084 1736 2364 1791 tormentis
2422 1734 2743 1797 admoveant
2773 1773 2789 1795 ,
2827 1732 3098 1805 quomodo
3137 1724 3361 1789 secent?
3407 1729 3568 1799 Atqui

1988 1826 2104 1881 haec
2131 1835 2319 1881 cuncta
2349 1840 2532 1881 merus
2563 1824 2719 1880 ludus
2744 1839 2809 1881 ac
2838 1824 2981 1893 risus
3021 1830 3150 1881 sunt
3171 1866 3187 1890 ,
3219 1825 3266 1882 si
3309 1839 3430 1897 cum
3462 1822 3570 1878 illis

1988 1916 2263 1986 suppliciis
2290 1924 2692 1986 comparentur.
2743 1914 2959 1970 Etenim
2985 1914 3105 1977 hac
3131 1923 3395 1971 tormenta
3425 1923 3566 1968 tem-

1988 2011 2198 2080 poraria
2241 2018 2403 2075 sunt;
2436 2009 2543 2063 illic
2572 2017 2751 2062 autem
2790 2022 2890 2063 nec
2928 1996 3130 2072 vermis
3167 2008 3393 2062 moritur
3419 2047 3436 2073 ,
3469 2021 3571 2060 nec

1990 2100 2126 2170 ignis
2170 2098 2524 2168 exstinguitur
2559 2115 2571 2150 :
2606 2113 2804 2168 corpus
2831 2098 3030 2168 quippe
3077 2106 3202 2165 tunc
3250 2096 3574 2165 incorrupti-

1987 2191 2096 2247 bile
2122 2191 2245 2245 erit.
2275 2189 2431 2245 Faxit
2457 2198 2638 2247 autem
2666 2190 2829 2253 Deus,
2854 2204 2921 2261 ne
2950 2189 3064 2244 haec
3092 2189 3460 2259 experimento
3487 2188 3571 2242 dio

1990 2297 2232 2348 scamus,
2267 2282 2359 2336 sed
2390 2283 2527 2335 intra
2551 2281 2713 2336 verba
2744 2281 2796 2336 bi
2841 2289 3073 2347 terrores
3116 2280 3437 2340 consistant,
3469 2291 3569 2331 nec

1990 2376 2332 2434 mruiﬁcilius
2376 2375 2488 2430 illis
2512 2375 2785 2435 tradamur
2809 2415 2823 2440 ,
2851 2389 3036 2429 verum
3071 2372 3157 2430 hic
3201 2375 3373 2442 potius
3409 2374 3570 2426 casti-

1989 2485 2195 2541 gemun
2230 2468 2497 2535 Quantum
2526 2468 2811 2523 verborum
2855 2477 2963 2521 tum
3016 2465 3398 2537 profundcmus
3422 2504 3439 2528 ,
3470 2479 3569 2520 nos

1990 2564 2133 2633 ipsos
2185 2563 2540 2617 accusantes!
2595 2574 2729 2629 quos
2782 2561 3015 2629 gemitus
3048 2598 3065 2624 ,
3118 2573 3253 2629 quos
3305 2558 3567 2629 singultus

1990 2654 2249 2710 edemus!
2278 2650 2383 2721 Sed
2422 2659 2547 2705 tunc
2572 2650 2705 2704 nihil
2737 2649 2863 2705 inde
2896 2648 3103 2705 fruetus
3128 2664 3522 2719 consequemur
3548 2664 3565 2716 ς

1988 2743 2422 2815 quandoquidem
2447 2754 2497 2798 et
2520 2752 2695 2796 nauta:
2720 2740 2887 2799 fracta
2909 2756 2973 2795 ac
2992 2741 3244 2810 depressa
3273 2757 3407 2797 nave
3435 2741 3569 2797 nihil

1989 2838 2242 2909 prodesse
2258 2846 2506 2913 possunt,
2520 2851 2620 2891 nec
2639 2834 2831 2891 medici
2852 2835 3117 2890 exstincto
3132 2844 3360 2904 aegroto;
3382 2849 3568 2889 verum

1988 2945 2132 3003 strpe
2152 2930 2365 3001 quidem
2387 2927 2743 2999 dicent,quod
2763 2926 2864 2981 hoc
2877 2936 3037 2996 atque
3067 2925 3194 2980 illud
3214 2926 3386 2982 facere
3406 2942 3570 2999 opor-

1990 3024 2166 3085 tebat;
2196 3020 2289 3075 sed
2330 3020 2523 3074 frustra
2568 3018 2744 3073 omnia
2790 3026 2952 3088 atque
3000 3017 3264 3071 incassum
3306 3018 3568 3080 dicentur.

1988 3113 2253 3183 Quamdiu
2279 3114 2420 3169 enim
2454 3125 2547 3181 per
2576 3111 2697 3165 vita:
2717 3123 2781 3163 ac
2802 3123 3008 3163 morum
3036 3106 3465 3163 emendationem
3494 3124 3574 3164 sa-

1988 3208 2114 3262 lutis
2153 3221 2276 3276 spes
2307 3204 2481 3260 adhuc
2508 3212 2755 3269 maneat,
2783 3200 2913 3255 nihil
2944 3215 3049 3256 non
3084 3200 3262 3256 dicere
3291 3214 3373 3255 ac
3399 3200 3574 3256 faccre

1990 3313 2124 3368 Opus
2138 3306 2257 3353 est:
2286 3311 2407 3351 cum
2428 3303 2607 3350 autem
2626 3293 2769 3347 nulla
2784 3293 2894 3361 jam
2922 3307 3010 3346 res
3035 3290 3240 3345 arbitrii
3264 3291 3427 3357 nostri
3450 3292 3570 3355 erit,

1991 3406 2051 3446 re
2081 3397 2189 3444 tota
2230 3387 2431 3457 perdita
2464 3394 2526 3445 ,et
2574 3393 2853 3453 corrupta,
2887 3392 2996 3437 tum
3028 3382 3223 3436 frustra
3249 3392 3304 3436 et
3326 3382 3571 3440 dicentur

1993 3481 2171 3537 omnia
2201 3487 2255 3535 et
2285 3478 2429 3534 ﬁent.
2459 3474 2591 3531 Nam
2621 3485 2674 3531 et
2702 3474 2874 3531 Judmi
2910 3482 3022 3527 tum
3054 3472 3249 3527 dicturi
3281 3481 3443 3536 sunt,
3472 3472 3574 3525 Bs-

1994 3573 2221 3627 nedictus
2250 3571 2336 3639 qui
2362 3568 2491 3625 venit
2538 3570 2592 3623 in
2638 3567 2838 3621 nomine
2870 3564 3077 3619 Domini
3112 3564 3285 3632 (Iona:
3316 3563 3402 3622 i2.
3439 3564 3527 3633 15)
3558 3582 3571 3620 ι

1995 3674 2050 3719 at
2089 3663 2291 3718 nullum
2326 3656 2485 3730 hujus
2513 3660 2662 3716 vocis
2718 3658 2946 3713 fructum
2988 3672 3181 3731 capere
3209 3665 3492 3725 poterunt,
3518 3665 3578 3713 ut

2000 3771 2213 3827 pmnam
2245 3753 2541 3824 effugiant:
2573 3768 2693 3809 cum
2748 3752 2895 3806 cnim
2947 3750 3052 3806 hoc
3094 3750 3376 3805 dicendum
3420 3758 3572 3813 erat,

1996 3862 2101 3902 non
2141 3845 2413 3901 dixerunt.
2466 3843 2545 3899 Ne
2587 3858 2717 3913 ergo
2768 3842 2872 3897 hoc
2915 3857 3129 3912 quoque
3176 3841 3330 3895 nobis
3368 3841 3421 3895 in
3468 3841 3576 3897 vita

1996 3936 2241 3999 accidat,
2270 3934 2360 3994 hic
2384 3934 2494 4004 jam
2526 3934 2688 3987 vitam
2738 3933 2789 3986 in
2836 3932 3028 3986 melius
3056 3939 3446 3986 commutemus
3471 3973 3485 3997 ,
3521 3940 3580 3987 ut

1998 4031 2064 4087 ad
2090 4030 2290 4087 Christi
2314 4028 2543 4085 tribunal
2566 4042 2687 4083 cum
2710 4027 2855 4083 omni
2883 4026 3072 4081 ﬁducia
3098 4027 3351 4082 sistamur
3375 4042 3390 4083 :
3418 4040 3577 4095 quam

1999 4125 2202 4181 utinam
2231 4136 2421 4178 omnes
2458 4135 2852 4188 consequamur
2882 4134 2976 4189 per
3001 4120 3227 4189 gratiam
3258 4128 3310 4173 et
3340 4117 3581 4187 benigni.

2000 4226 2163 4271 tatem
2193 4214 2399 4269 Domini
2428 4214 2598 4268 nostri
2626 4212 2753 4267 Jcsu
2796 4212 3029 4278 Christi,
3062 4228 3184 4267 cum
3226 4226 3332 4282 quo
3359 4211 3499 4267 Patri
3526 4219 3582 4271 et

1999 4305 2221 4377 Spiritui
2249 4312 2436 4360 sancto
2462 4302 2629 4374 gloria
2659 4341 2671 4365 ,
2706 4313 2811 4356 etc.

629 4516 3580 4548 mm

1739 4605 2084 4669 HOMILIA
2128 4605 2213 4670 Χ.

317 4740 449 4797 Cn.
481 4740 534 4797 5.
565 4756 620 4801 v.
645 4740 698 4797 1.
727 4739 929 4797 Scimus
954 4739 1085 4795 enim
1110 4737 1347 4809 quoniam
1370 4739 1415 4795 si
1443 4743 1689 4798 terrestris
1714 4745 1895 4802 domus

391 4841 565 4887 nostra
606 4831 757 4902 Iutsz
796 4829 1109 4886 tabernaculi
1147 4830 1486 4898 dissolvatur,
1514 4834 1900 4903 ediﬁcationem

391 4940 455 4978 ea:
476 4921 584 4977 Deo
611 4921 868 4990 habemus,
897 4923 1102 4978 domum
1126 4938 1228 4978 non
1253 4920 1597 4993 manufactam
1618 4967 1634 4992 ,
1657 4936 1901 4983 (sternam

393 5015 447 5069 in
475 5014 632 5068 cretis.

406 5109 459 5163 1.
493 5106 698 5161 Rursus
732 5120 917 5161 eorum
956 5106 1283 5163 alacritatem
1308 5107 1541 5173 excitat,
1568 5109 1690 5180 quia
1720 5110 1903 5165 multae

330 5201 461 5274 ipsis
501 5198 818 5253 tentationes
859 5199 1241 5255 inferebantur.
1274 5197 1572 5255 Verisimile
1610 5201 1753 5255 enim
1784 5210 1903 5257 erat

321 5306 512 5348 eorum
540 5288 748 5344 animos
775 5288 847 5344 ob
873 5289 1037 5353 ipsius
1064 5290 1356 5345 absentiam
1385 5288 1687 5346 debilitatos
1714 5291 1897 5347 fuisse.

321 5381 461 5451 Quid
494 5380 652 5451 igitur
673 5378 785 5434 ait?
812 5376 952 5435 Nihil
972 5391 1064 5437 est
1089 5380 1229 5453 quod
1256 5380 1511 5437 miremur
1534 5397 1597 5437 ac
1622 5384 1903 5452 perturbe-

324 5487 445 5527 mur
486 5470 568 5531 ob,
598 5468 930 5526 calamitates
974 5486 1088 5537 eas,
1137 5472 1331 5542 quibus
1371 5471 1636 5529 afﬁcimur
1677 5489 1691 5526 :
1735 5476 1901 5531 multa

325 5562 471 5618 enim
497 5559 776 5616 commoda
808 5558 929 5615 hinc
969 5563 1308 5632 percipimus.
1351 5562 1588 5632 Quorum
1638 5562 1743 5617 alia
1788 5565 1903 5635 qui-

324 5656 451 5713 dem
480 5652 629 5725 prius
653 5650 820 5715 dixit,
847 5660 940 5714 ut,
970 5654 1110 5723 quod
1152 5654 1611 5711 mortificationem
1636 5652 1765 5709 Jesu
1793 5655 1903 5711 cir-

322 5743 685 5814 cumferamns
707 5782 725 5808 ,
751 5756 817 5799 se
842 5743 1093 5813 potentiae
1120 5743 1289 5813 ipsius
1316 5743 1585 5814 specimen
1612 5744 1904 5801 maximum

326 5833 710 5904 sxbibeantus;
745 5833 815 5890 Ut
848 5833 1003 5903 enim,
1048 5833 1238 5908 inquit,
1267 5836 1554 5893 sublimitas
1591 5836 1789 5893 uirtutis
1834 5837 1904 5893 sit

2007 4748 2136 4814 Dei;
2166 4756 2220 4804 et
2256 4746 2591 4817 perspicuum
2636 4743 3045 4798 resurrectionis
3070 4751 3441 4810 argumentum
3476 4741 3589 4796 edi-

2007 4852 2158 4903 mus;
2185 4846 2242 4892 ut
2266 4851 2333 4892 ex
2360 4834 2444 4892 his
2468 4832 2647 4888 verbis
2677 4842 2840 4903 patet,
2876 4829 2943 4887 Ut
2973 4832 3071 4885 vita
3089 4830 3214 4884 Jesu
3243 4831 3589 4902 manifestatur

2006 4930 2059 4983 in
2084 4944 2235 4983 carne
2259 4937 2432 4979 nostra
2460 4925 2683 4980 mortali.
2715 4921 3065 4993 Posteaquam
3097 4933 3273 4980 autem
3299 4924 3425 4978 illud
3450 4940 3589 4993 pra)-

2009 5011 2369 5085 terea'dixit,
2417 5016 2724 5073 interiorem
2771 5032 2984 5088 quoque
3023 5026 3263 5072 nostrum
3314 5017 3585 5073 hominem

2007 5111 2108 5165 hoc
2152 5104 2309 5180 pacto
2350 5109 2628 5164 meliorem
2659 5108 2814 5172 ﬁeri;
2840 5106 2953 5161 Etsi
2982 5108 3123 5163 enim
3146 5149 3161 5170 ,
3203 5108 3402 5175 inquit,
3432 5110 3475 5163 is
3506 5107 3591 5176 qui

2010 5202 2149 5276 foris
2174 5211 2248 5256 est
2274 5210 2441 5256 noster
2466 5201 2615 5259 homo
2642 5201 3001 5270 corrumpitur,
3042 5200 3086 5254 is
3122 5210 3286 5253 tamen
3318 5200 3411 5269 qui
3454 5201 3589 5255 intus

2009 5302 2082 5349 est
2099 5301 2371 5348 renovatur
2395 5291 2458 5345 de
2484 5292 2567 5345 die
2590 5291 2641 5345 in
2672 5292 2840 5353 diem;
2870 5289 3158 5345 ostendens
3188 5304 3397 5343 rursum
3423 5303 3585 5359 quan-

2008 5396 2121 5441 tum
2150 5384 2392 5440 utilitatis
2419 5382 2609 5438 afferat
2630 5383 2882 5453 vapulare
2908 5397 2971 5435 ac
2995 5380 3234 5438 divexari
3255 5424 3270 5448 ,
3298 5382 3427 5437 illud
3460 5380 3586 5435 sub-

2002 5474 2195 5548 iungit,
2244 5473 2386 5544 quod
2434 5489 2560 5532 cum
2589 5474 2743 5544 plene
2780 5482 2938 5542 atque
2982 5472 3189 5543 integre
3228 5470 3330 5527 hoc
3360 5466 3437 5535 ﬁt,
3473 5482 3583 5528 tum

2007 5565 2285 5620 innumera
2313 5564 2454 5620 bona
2496 5563 2581 5627 iis,
2613 5563 2705 5633 qui
2736 5561 2850 5617 haec
2879 5560 3217 5617 incommoda
3247 5560 3583 5631 pertulerint,

2008 5653 2132 5711 hinc
2160 5654 2519 5725 pullulabunt.
2557 5653 2767 5709 Etenim
2803 5667 2873 5708 no
2898 5662 3176 5708 externum
3218 5661 3369 5708 tuum
3409 5653 3601 5708 homi-'

2010 5761 2136 5803 nem
2160 5746 2433 5815 corrumpi
2456 5743 2680 5801 audiens
2702 5745 2884 5799 animo
2908 5744 3269 5811 discrucieris,
3298 5745 3402 5801 hoc
3433 5759 3584 5801 asse-

2005 5841 2078 5898 rit
2139 5835 2280 5892 ouod
2324 5846 2447 5893 cum
2494 5833 2635 5892 istud
2674 5835 2833 5902 plene
2872 5844 3029 5907 atque
3056 5836 3276 5893 omnino
3313 5837 3593 5913 acciderit,

4100 56 4282 149 ru,

4108 152 4138 207 Ὗ
4172 139 4282 202 it:
4337 197 4340 200 _

4461 263 4468 278 ἓ

4110 317 4284 480 ⁵ξὲεὲ
4461 385 4466 400 ε

4110 458 4200 540 αξξ
4221 457 4282 552 Ἓξ

4203 827 4286 902 {Et

4116 1015 4288 1182 iii:

4114 1110 4179 1151 τῃ
4271 1119 4276 1122 -

4137 1250 4169 1285 ’ἔτ
4279 1255 4284 1280 ε

4116 1290 4183 1375 ἓξὲξ

4137 1343 4292 1584 ξε
4347 1377 4354 1380 ·

4120 1638 4169 1709 ii:

4198 1703 4240 1740 ,ῒ
4261 1693 4294 1732 ’ἓ
4327 1717 4332 1724 -
4419 1707 4426 1710 -
4465 1725 4470 1728 _

4223 1737 4332 1866 ii!

4120 1856 4244 1963 .31:-
4273 1867 4298 1980 ἓ
4329 1895 4336 1900 ’
4419 1949 4426 1956 τ

4128 2482 4226 2568 ea:
4417 2471 4469 2562 με

4152 2662 4251 2731 iiii?
4415 2669 4471 2736 ‘i

4130 2954 4175 3033 i“!
4192 2952 4408 3042 ﬁalis
4440 2980 4475 3031 rs

4134 3016 4241 3105 iii.“
4439 3020 4475 3111 Ti

4134 3194 4364 3339 :3?th

4126 3308 4201 3365 ἑῧλ
4232 3297 4475 3367 αἶς-ί

4196 3342 4414 3479 ἲ,
4430 3366 4475 3449 δέ

4401 3446 4461 3519 ί

4132 3984 4177 4049 ι”ἶι
4392 3994 4473 4055 ὶξξί

4138 4102 4153 4119 ἰε
4180 4062 4289 4117 ..ἧκέ

4136 4126 4161 4179 .‘r
4228 4116 4341 4177 ξδ’κῖ

4234 4180 4337 4219 λ’ῖιί
4372 4178 4461 4235 ἀεὶ

4136 4254 4151 4315 ξι
4190 4240 4239 4313 ἶῖ
4274 4246 4283 4313 ξ
