4568 6424
802 278 906 335 ιςτ
1519 288 1576 345 S.
1616 291 1894 347 JO.\N.\'iS
1932 295 2407 353 CiinYSOSTOMl
2449 300 2768 356 ARCiiiEl'.
2808 305 3346 371 CONSTANTiNUP.
3998 331 4112 385 (£8

806 405 918 446 tum
968 397 1198 452 maxime
1239 401 1496 469 gaudebis
1544 413 1705 474 atque
1752 408 1818 461 ad
1868 408 2146 464 meliorem
2192 421 2396 465 sortem

804 485 1006 538 venies.
1056 484 1234 557 Itaque
1282 505 1386 545 non
1431 493 1592 548 modo
1634 509 1741 549 non
1781 506 1862 549 est
1902 496 2214 566 dolendum,
2263 515 2386 555 cum

805 573 897 627 ille
921 576 1097 646 aliqua
1123 594 1185 633 ex
1218 591 1367 650 parte
1394 599 1535 640 nunc
1560 589 1957 656 corrumpitur;
1990 604 2177 644 verum
2201 594 2389 661 etiam,

805 675 862 718 ut
890 667 1031 721 omni
1060 685 1127 724 ex
1153 682 1303 741 parte
1326 688 1721 747 corrumpatur,
1746 680 2103 748 expetendum
2130 693 2213 738 est
2236 701 2249 738 :
2279 684 2393 738 haec

802 757 945 810 enim
967 762 1241 830 corruptio
1267 764 1335 818 ad
1367 766 1828 837 incorruptionem
1855 772 2087 826 maxime
2119 782 2170 829 te
2197 773 2345 829 ducit
2375 793 2388 829 :

799 863 866 904 ac
906 852 1132 920 proinde
1162 854 1277 909 inec
1300 870 1514 927 quoque
1543 859 1852 931 subjungit,
1883 863 2085 917 Scimus
2115 866 2248 919 enim
2272 868 2393 934 quia

800 940 844 990 si
872 943 1126 996 terrestris
1152 943 1334 998 domus
1354 956 1528 1001 nostra
1552 948 1707 1017 hujus
1730 952 2043 1007 tabernaculi
2062 956 2391 1022 dissolvatur,

800 1022 1189 1097 ttdi/icatiouem
1214 1048 1278 1087 ea:
1304 1034 1411 1089 Deo
1445 1036 1707 1104 habemus,
1735 1056 1834 1096 non
1845 1041 2393 1109 uiatiufactam,wter—

801 1134 921 1171 nam
948 1121 1001 1173 in
1028 1122 1187 1175 cwlis.
1212 1123 1345 1189 Quia
1374 1127 1516 1181 enim
1546 1132 1956 1187 resurrectionis
1979 1136 2275 1189 doctrinam
2294 1177 2312 1202 ,
2337 1136 2392 1191 in

800 1224 905 1278 qua
934 1213 1267 1280 potissimum
1294 1220 1625 1287 :egrotabant
1645 1264 1662 1289 ,
1694 1239 1881 1278 rursus
1906 1230 2278 1297 prosequitur,
2312 1229 2393 1284 id-

798 1300 945 1355 circo
968 1302 1271 1361 auditorum
1294 1307 1557 1378 judicium
1583 1312 1742 1368 etiam
1766 1318 2013 1382 assumit,
2036 1332 2266 1389 eamque
2288 1320 2392 1377 hoc

799 1402 960 1461 pacto
984 1395 1256 1465 adstruit;
1290 1411 1597 1457 nontamen
1625 1406 1847 1473 perinde
1870 1417 1927 1461 ut
1953 1418 2097 1474 ante,
2127 1410 2220 1465 sed
2249 1413 2394 1468 velut

797 1499 865 1537 ex
911 1485 1083 1540 altera
1128 1490 1415 1547 occasione
1455 1494 1509 1547 in
1552 1510 1677 1549 eum
1725 1511 2029 1553 sermonem
2075 1501 2388 1571 ingressus:

793 1573 906 1637 jam
935 1575 1079 1630 enim
1100 1591 1288 1634 eorum
1317 1596 1557 1638 errorem
1579 1596 1927 1653 correxerat;
1957 1590 2157 1659 aitque,
2187 1592 2392 1649 Scimus

799 1668 939 1735 quod
970 1668 1014 1721 si
1048 1668 1303 1726 terrestris
1341 1675 1522 1730 domus
1551 1688 1727 1732 nostra
1752 1680 1908 1749 hujus
1937 1683 2250 1739 tabernaculi
2281 1687 2389 1741 dis-

799 1756 1046 1823 solvatur,
1079 1756 1472 1830 cdi/icationent
1509 1783 1575 1821 ea:
1614 1765 1722 1822 Deo
1764 1770 2027 1837 habemus,
2054 1776 2259 1829 domum
2290 1794 2392 1831 non

800 1850 1161 1919 nianufactunt,
1176 1863 1429 1910 cateruam
1442 1856 1496 1910 in
1511 1859 1668 1913 ralis.
1698 1859 1833 1916 Sunt
1852 1863 1941 1933 qui
1967 1880 2059 1932 per
2081 1875 2389 1923 terrestrem

795 1937 1015 1994 domum
1045 1943 1300 1999 mundum
1333 1946 1474 2001 hunc
1500 1949 1799 2021 intelligant
1827 1970 1842 2005 :
1869 1969 1970 2024 ego
2001 1971 2129 2010 vero
2160 1957 2243 2011 iris
2274 1974 2393 2013 ver-

798 2029 883 2083 bis
907 2046 1102 2102 corpus
1130 2036 1307 2105 potius
1335 2038 1662 2095 subindicari
1691 2045 2085 2101 contenderim.
2115 2048 2287 2117 Atque
2308 2050 2394 2104 hic

798 2120 959 2174 velim
989 2124 1321 2193 consideres,
1354 2131 1627 2198 quomodo
1659 2148 1753 2201 per
1783 2136 1997 2189 nomina
2046 2137 2159 2206 ipsa
2206 2151 2393 2193 osten-

798 2212 912 2279 dat,
955 2226 1211 2284 quantum
1258 2218 1434 2275 futura
1478 2226 1833 2291 praesentibus
1872 2230 2213 2285 anteeeliant.
2260 2231 2392 2288 Nam

800 2319 923 2358 cum
958 2315 1267 2364 terrestrem
1310 2310 1573 2378 dixisset,
1620 2316 1893 2373 czeiestem
1935 2324 2219 2391 opposuit;
2267 2340 2390 2380 cum

801 2393 1133 2450 tabernaculi
1164 2396 1402 2465 domum,
1447 2418 1556 2472 quo
1600 2406 1766 2459 verbo
1809 2406 2006 2463 ﬂuxam
2052 2419 2107 2465 et
2146 2412 2391 2484 fragilem

803 2484 970 2552 ipsius
991 2496 1235 2541 naturam
1262 2488 1517 2558 declarat,
1546 2505 1801 2550 aeternam
1828 2498 2058 2567 objecit:
2087 2503 2287 2556 etenim
2316 2514 2394 2559 ta-

800 2576 1075 2632 bernaculi
1120 2594 1313 2635 nomen
1352 2583 1672 2655 plerumque
1713 2591 2095 2659 temporarium
2137 2594 2390 2662 quiddam

750 2704 751 2707 η
802 2666 1122 2724 indicatzac
1146 2672 1373 2739 proinde
1396 2674 1573 2730 aiebat
1611 2677 1888 2745 Christus,
1927 2679 1994 2735 In
2024 2686 2175 2738 domo
2219 2684 2392 2744 Patris

800 2758 898 2811 mei
918 2764 1205 2817 mansiones
1228 2767 1403 2820 multa:
1421 2777 1540 2821 sunt
1566 2768 1745 2838 (loan.
1778 2774 1865 2826 H.
1894 2772 1971 2844 2).
1997 2776 2149 2842 Quod
2179 2780 2222 2833 si
2246 2780 2392 2835 Scri-

801 2860 955 2917 ptura
982 2853 1215 2921 quietem
1242 2870 1551 2913 sanctorum
1586 2863 1909 2919 tabernaculi
1942 2870 2157 2924 nomine
2184 2874 2387 2941 uSpiam

799 2942 1054 3010 appellat,
1084 2960 1191 3000 non
1231 2948 1547 3017 simpliciter
1571 2950 1703 3006 dicit
1735 2955 2075 3012 tabernacula
2098 3001 2111 3023 ,
2145 2963 2237 3016 sed
2266 2979 2388 3019 cum

801 3032 987 3087 atitlito
1014 3050 1030 3089 :
1060 3050 1165 3089 non
1196 3036 1336 3091 enim
1365 3038 1522 3107 dixit,
1550 3040 1621 3097 Ut
1648 3058 1744 3098 vos
1774 3047 2032 3116 recipiant
2058 3050 2109 3103 in
2143 3052 2391 3109 taberna-

799 3123 938 3189 cuia,
981 3125 1111 3194 sed,
1142 3125 1209 3180 In
1247 3138 1434 3183 ceterno
1479 3133 1802 3188 tabernacula
1836 3136 1986 3208 (Luc.
2022 3142 2109 3197 i6.
2149 3143 2226 3215 9).
2270 3146 2387 3202 iam

801 3227 931 3268 vero
957 3228 1078 3269 cum
1118 3216 1273 3283 dixit,
1310 3217 1431 3273 Non
1471 3226 1843 3295 manufactam,
1890 3244 2031 3297 eam,
2072 3248 2189 3301 qum
2230 3252 2388 3291 manu

798 3315 1107 3361 constructa
1145 3318 1249 3373 est,
1295 3312 1670 3367 subiudicavit.
1718 3316 1854 3381 Quid
1900 3320 2082 3390 igitur,
2123 3339 2389 3393 corpusne

799 3412 961 3450 manu
1006 3399 1279 3452 conditum
1324 3402 1447 3455 est?
1487 3404 1702 3459 Minime
1732 3414 1907 3461 vero:
1950 3411 2042 3464 sed
2087 3415 2167 3467 vei
2199 3415 2390 3471 domos

798 3487 1129 3542 iiianufactas
1159 3488 1437 3561 designat;
1467 3494 1551 3549 vel
1582 3496 1626 3549 si
1670 3512 1774 3551 non
1807 3500 1877 3553 ita
1898 3542 1911 3563 ,
1955 3500 2172 3557 domum
2209 3508 2387 3561 taber-

799 3579 973 3632 naculi
1004 3594 1199 3649 corpus
1228 3598 1334 3637 non
1361 3587 1718 3643 manufaetum
1744 3594 1973 3650 vocavit.
2003 3594 2119 3649 Non
2148 3600 2290 3657 enim
2320 3602 2384 3658 ad

797 3673 1253 3740 cmuparatiouem
1304 3674 1432 3731 illud
1479 3682 1749 3749 apposuit,
1792 3684 1887 3739 sed
1917 3691 2158 3743 encomia
2190 3702 2244 3746 et
2273 3694 2388 3748 lau-

800 3760 898 3814 des
927 3760 1205 3831 adjiciens.
1238 3766 1293 3820 2.
1323 3766 1463 3821 Nam
1488 3780 1533 3823 et
1562 3772 1615 3824 in
1640 3774 1734 3826 hoc
1760 3774 2157 3844 ingemiscimus,
2189 3782 2388 3836 habita-

795 3850 980 3903 tionem
1011 3863 1256 3919 nostrant,
1278 3872 1392 3924 qua:
1416 3858 1479 3910 de
1508 3862 1633 3912 caelo
1659 3873 1752 3927 est,
1780 3868 2079 3932 superindui
2106 3872 2382 3949 cupientes.

796 3940 966 4007 Quam
1000 3943 1379 4000 habitationem
1398 3950 1421 3997 ν
1458 3947 1666 4019 Corpus
1705 3967 1733 4005 a
1760 3957 2103 4025 corruptione
2130 3940 2384 4017 alienum.

799 4033 867 4087 iit
892 4051 985 4088 cur
1014 4051 1153 4091 nunc
1185 4037 1620 4107 ingemiscimus?
1646 4044 1908 4111 Quoniam
1933 4049 2060 4105 illud
2094 4052 2250 4123 longe
2275 4071 2388 4111 me-

800 4124 904 4179 lius
930 4134 1028 4180 est.
1060 4127 1130 4182 De
1160 4130 1290 4183 caelo
1311 4140 1489 4188 autem
1522 4134 1692 4203 ipsum
1721 4154 1841 4195 esse
1869 4141 1963 4207 ait,
1992 4144 2115 4211 quia
2143 4147 2209 4200 ab
2237 4150 2384 4202 omni

796 4219 1141 4285 corruptione
1167 4220 1403 4277 immune
1428 4234 1530 4278 est.
1560 4225 1677 4280 Non
1710 4231 1852 4283 enim
1879 4246 2075 4301 corpus
2102 4251 2132 4288 c
2159 4239 2293 4290 czeio
2319 4240 2384 4292 ad

794 4322 893 4360 nos
920 4309 1219 4377 delabitur,
1262 4313 1355 4366 sed
1400 4314 1503 4369 hoc
1530 4317 1788 4371 vocabulo
1831 4323 2055 4389 gratiam
2099 4326 2242 4379 illinc
2270 4340 2385 4382 ma-

795 4406 1012 4452 nantem
1044 4398 1261 4455 indicat.
1295 4401 1555 4467 Quocirca
1588 4415 1788 4461 tantum
1817 4413 1966 4465 abest
1995 4423 2053 4467 ut
2081 4418 2149 4469 ob
2178 4430 2382 4475 certum

794 4487 1007 4557 aliquod
1041 4490 1393 4546 teutationum
1423 4509 1590 4563 genus
1634 4497 1920 4555 dolendum
1965 4504 2072 4570 sit,
2122 4517 2177 4560 ut
2223 4510 2382 4566 etiam

792 4578 1017 4647 quodvis
1062 4581 1415 4637 tentationum
1460 4600 1631 4655 genus
1660 4602 1913 4660 expetere
1955 4593 2245 4653 debeamus
2277 4617 2289 4653 :
2319 4617 2382 4656 ac

794 4670 839 4720 si
870 4669 1091 4735 diceret,
1124 4671 1432 4740 ingemiscis
1454 4676 1525 4729 ob
1558 4681 2019 4750 persequutiones,
2052 4694 2108 4741 et
2134 4688 2254 4759 quia
2283 4706 2383 4745 ex-

796 4769 981 4810 ternus
1012 4769 1133 4812 tuus
1163 4760 1323 4815 bomo
1349 4768 1746 4832 corrumpitur?
1772 4771 1879 4830 imo
1918 4775 2211 4845 ingemisce
2238 4782 2379 4851 quod

795 4865 901 4902 non
930 4850 1185 4918 majorem
1216 4853 1267 4906 in
1295 4855 1509 4914 modum
1540 4858 1639 4913 hoc
1676 4863 1786 4929 fiat,
1819 4881 1917 4921 nec
1948 4868 1999 4922 iu
2046 4881 2213 4929 totqu
2256 4850 2379 4932 cor-

796 4952 1096 5010 rumpatur.
1128 4942 1365 5002 Videsne
1394 4965 1625 5018 quonam
1658 4966 1814 5025 pacto
1837 4974 2138 5019 sermonem
2170 4967 2221 5023 in
2243 4984 2377 5025 con-

795 5037 1015 5087 lrarium
1076 5039 1344 5106 verterit;
1406 5042 1697 5099 ostendens
1748 5047 1867 5103 ideo
1922 5053 2378 5125 ingemisccndum

795 5139 914 5177 esse
938 5165 951 5185 ,
982 5128 1123 5193 quod
1154 5144 1258 5183 non
1285 5130 1567 5187 confertim
1596 5138 1874 5206 venerint,
1901 5158 2020 5202 eum
2051 5146 2122 5200 illi
2154 5148 2378 5220 ingemi-

793 5223 945 5268 scant
973 5217 1113 5284 quod
1146 5234 1240 5288 per
1266 5232 1446 5290 partes
1486 5225 1735 5280 veniant?
1765 5229 1891 5287 Ideo
1910 5233 2020 5301 jam
2046 5217 2240 5307 corpus
2268 5257 2374 5299 non

792 5305 1191 5364 tabernaculum
1218 5314 1473 5382 appellat,
1507 5317 1601 5372 sed
1630 5317 2044 5390 habitationem;
2078 5305 2236 5398 idque
2265 5350 2375 5389 non

792 5397 909 5451 sine
938 5414 1125 5469 magna
1157 5404 1384 5458 ratione.
1419 5406 1841 5467 Tabernaculum
1872 5416 2015 5471 enim
2062 5419 2215 5478 facile
2260 5425 2373 5481 dis-

791 5486 1037 5553 solvitur,
1064 5491 1188 5547 illud
1220 5504 1395 5549 autem
1420 5512 1677 5573 perpetuo
1706 5514 1903 5561 manet.
1939 5508 1990 5563 ὅ.
2025 5510 2086 5563 Si
2107 5521 2268 5570 tamen
2290 5534 2375 5571 ve-

788 5577 911 5641 stiti,
954 5595 1052 5633 non
1100 5583 1224 5635 nudi
1269 5585 1603 5643 inveniamur.
1653 5592 1765 5649 Hoc
1791 5606 1893 5665 est,
1931 5599 2139 5656 etiamsi
2178 5622 2372 5679 corpus

792 5668 1213 5743 deposuerimus,
1247 5691 1351 5733 non
1379 5688 1552 5736 tamen
1580 5683 1695 5736 sine
1717 5700 1940 5759 corpore
1972 5690 2076 5743 illic
2097 5694 2368 5763 sistentur,

2504 414 2598 468 sed
2624 431 2745 470 cum
2769 418 2958 474 eodem
2984 422 3367 495 ineorruptibiii
3390 427 3599 485 edocto.
3632 433 3859 502 Quidam
3881 440 4107 504 dicunt.

2502 504 2552 559 id
2584 507 2725 574 quod
2752 507 3041 567 admodum
3075 516 3243 583 probo
3273 534 3286 570 :
3318 517 3380 573 Si
3403 521 3607 589 quidem
3626 528 3811 593 vestiti,
3842 548 3951 587 non
3975 538 4114 588 nudi

2494 591 2829 652 inveniamur.
2862 598 2937 655 Ne
2967 603 3112 656 enim
3140 619 3333 661 omnes
3357 609 3428 663 ob
3458 619 3910 676 resurrectionem
3960 640 4105 678 con-

2497 685 2683 754 lidant,
2715 689 2811 753 ait,
2844 689 2906 747 Si
2934 702 3100 749 tamen
3126 699 3333 753 vestiti:
3354 701 3456 757 hoc
3482 714 3585 771 est,
3616 709 4107 783 incorruptibilita-

2498 783 2603 830 tem
2631 788 2794 849 atque
2822 782 3125 841 immortale
3155 803 3350 860 corpus
3374 802 3725 867 consequuti;
3758 819 3825 857 ac
3839 823 3944 881 non
3972 812 4107 863 nudi

2493 866 2830 936 inveniamur,
2858 875 3026 943 gloria
3056 894 3119 932 ac
3145 883 3451 940 securitate.
3482 888 3536 941 Id
3560 866 3702 960 quod
3732 894 3783 948 in
3811 878 4107 968 superiore

2495 972 2707 1030 quoque
2734 964 2799 1017 ad
2829 966 3140 1024 Corinthios
3160 974 3389 1043 epistola
3409 978 3638 1047 dicebat,
3676 982 3861 1043 Omnes

2495 1063 2831 1122 rcsurgemus,
2861 1068 2911 1110 et
2934 1060 2988 1113 in
3019 1078 3110 1116 suo
3140 1066 3351 1136 quisque
3374 1072 3552 1126 ordine
3577 1076 3651 1144 (ί.
3687 1076 3807 1131 Cor.
3844 1083 3928 1137 i5.
3974 1085 4099 1156 23);

2495 1148 2571 1203 et,
2596 1140 2733 1197 Sunt
2754 1161 2968 1216 corpora
2985 1155 3227 1217 ctelestia,
3251 1168 3369 1211 sunt
3384 1170 3431 1213 et
3452 1140 3704 1220 terrestria
3722 1167 3883 1241 (Ibid.
3904 1189 3951 1228 v.

2495 1226 2628 1284 Nam
2667 1238 2971 1293 communis
3015 1253 3098 1295 est
3125 1246 3365 1301 omnium
3398 1258 3741 1325 resurrectio,
3785 1262 3880 1316 sed
3919 1267 4102 1335 giaria

2494 1332 2602 1373 non
2634 1322 2761 1377 item
2805 1334 3107 1387 communis
3149 1347 3232 1391 est
3264 1356 3277 1391 :
3311 1355 3494 1397 verum
3542 1347 3633 1401 alii
3674 1365 3796 1405 cum
3839 1353 4056 1414 honore
4081 1402 4099 1425 ,

2494 1408 2585 1463 alii
2614 1427 2736 1467 eum
2778 1416 3068 1486 ignominia
3091 1464 3105 1489 ,
3135 1426 3225 1480 alii
3257 1430 3322 1483 ad
3355 1447 3600 1503 regnum,
3649 1441 3737 1495 alii
3779 1444 3844 1498 ad

2506 1509 2865 1560 resurrecturi
2898 1521 3046 1565 sunt.
3076 1514 3231 1581 Quod
3271 1522 3435 1577 etiam
3465 1526 3643 1594 ipsum
3674 1532 3763 1588 hic
3795 1509 4093 1610 indicavit,

2499 1602 2624 1644 cum
2653 1594 2810 1663 dixit,
2842 1597 2905 1652 Si
2935 1612 3111 1657 tamen
3142 1611 3315 1665 vestiti
3347 1631 3411 1668 ac
3439 1633 3540 1673 non
3566 1624 3695 1676 nudi
3724 1626 4082 1689 inveniamur.

2494 1679 2549 1733 4.
2584 1679 2726 1737 Nam
2756 1699 2803 1741 et
2837 1706 2952 1755 nos,
2979 1696 3069 1763 qui
3097 1713 3279 1755 sumus
3309 1704 3363 1756 in
3394 1706 3489 1759 lioc
3524 1679 4084 1793 tabernaculo

3879 1772 3895 1783 ,
3929 1772 4048 1793 νην,

2491 1772 2761 1829 miscimus
2795 1787 3022 1851 gravati,
3057 1803 3117 1839 eo
3160 1794 3301 1858 quod
3344 1797 3589 1855 nolumus
3632 1810 3940 1876 exspoliari,
3974 1816 4079 1869 sed

2487 1870 2847 1930 supervestiri.

2564 1956 2620 2011 2.
2665 1958 2775 2015 lioc
2803 1976 3016 2020 rursum
3046 1969 3165 2023 loco
3195 1970 3354 2041 plene
3390 1983 3549 2046 atque
3577 1990 3762 2049 aperte
3792 1984 4086 2046 haeretico-

2497 2063 2614 2101 rum
2639 2066 2735 2104 ora
2761 2052 3048 2121 obstruxit,
3069 2073 3192 2113 cum
3217 2063 3470 2131 ostendit,
3498 2082 3557 2122 se
3583 2084 3688 2125 non
3709 2072 3777 2129 de
3803 2076 3910 2134 alio
3927 2088 4100 2152 atque

2496 2139 2601 2192 alio
2624 2156 2853 2211 corpore
2892 2146 3211 2218 simpliciter
3246 2154 3405 2209 verba
3439 2156 3647 2228 facere,
3678 2164 3772 2219 sed
3802 2167 3871 2225 de
3899 2139 4097 2228 corru-

2500 2230 2683 2296 ptione
2726 2242 2887 2303 atque
2934 2237 3355 2312 incorruptione.
3400 2246 3585 2319 Neque
3638 2255 3780 2309 enim
3828 2275 3890 2314 ea
3935 2266 4100 2320 nobis

2498 2321 2885 2393 ingemiscendi
2933 2345 3092 2386 causa
3130 2345 3233 2399 εει,
3266 2345 3322 2391 ιιι
3365 2354 3592 2410 corpore
3629 2346 3917 2406 liberemur
3950 2356 4099 2424 (hoc

2496 2416 2693 2487 quippe
2721 2435 2826 2474 non
2848 2437 3046 2479 exuere
3073 2428 3355 2503 volumus)
3378 2450 3392 2498 ;
3426 2450 3609 2493 verum
3636 2441 3701 2495 de
3722 2450 4092 2515 corruptione,

2496 2520 2616 2573 qua:
2646 2507 2745 2577 ipsi
2792 2511 2950 2577 inest,
2987 2517 3120 2570 solvi
3162 2534 3531 2591 properamus.
3572 2528 3721 2587 Unde
3750 2507 3912 2590 etiam
3935 2538 4092 2602 dicit,

2495 2598 2752 2658 Nolumus
2789 2621 2984 2675 corpus
3032 2624 3257 2678 exuere,
3314 2617 3409 2670 sed
3468 2620 3641 2688 ipsum
3688 2625 4094 2698 incorruptione

2495 2697 2882 2759 supervestirc.
2925 2700 3098 2769 Atque
3134 2704 3249 2757 inec
3277 2709 3440 2763 verba
3480 2726 3602 2766 mox
3630 2720 3871 2785 exponit,
3903 2697 3968 2776 Ut
3991 2724 4094 2775 ab-

2493 2785 2771 2848 sorbeatur,
2803 2791 2938 2857 quod
2963 2796 3290 2863 corruptibilc
3312 2809 3407 2864 est,
3430 2817 3462 2852 a
3483 2803 3600 2856 vita.
3636 2806 3768 2874 Quia
3798 2813 3942 2866 enim
3970 2831 4093 2868 nio-

2495 2874 2691 2931 icstum
2742 2882 3011 2952 plerisque
3059 2900 3178 2942 esse
3222 2890 3506 2949 videbatur
3544 2912 3741 2967 corpus
3791 2902 4091 2973 deponere,

2493 2976 2653 3037 atque
2692 2986 2811 3025 cum
2854 2977 3092 3031 omnium
3132 2984 3437 3039 mortalium
3479 2988 3746 3061 suli‘i-agiis
3781 2999 4087 3067 pugnabat,

2493 3058 2699 3126 dicens,
2742 3062 3126 3134 Ingemiscimus
3147 3112 3163 3137 ,
3194 3076 3438 3131 nolentes
3467 3094 3534 3133 eo
3559 3082 3794 3152 liberari,
3830 3089 3911 3159 (si
3942 3094 4090 3147 enim

2493 3153 2667 3203 anima
2710 3168 2831 3207 cum
2871 3156 2938 3209 ab
2974 3160 3090 3227 ipso
3114 3161 3455 3233 disjungitur,
3484 3169 3534 3222 in
3563 3181 3709 3225 tanto
3738 3174 3881 3231 luctu
3904 3196 4091 3236 versa-

2496 3252 2600 3306 tur,
2633 3260 2886 3312 quorsum
2920 3248 3021 3303 boc
3048 3252 3146 3317 ais,
3182 3270 3277 3309 nos
3308 3257 3507 3314 idcirco
3538 3262 3912 3336 ingemiscere,
3943 3278 4089 3342 quod

2494 3348 2599 3387 non
2627 3335 2692 3387 ah
2724 3352 2788 3390 eo
2812 3338 3174 3397 distrahamur
3189 3347 3261 3417 ἲ),
3281 3363 3347 3403 ne
3370 3350 3529 3419 igitur
3554 3354 3670 3410 hzrc
3704 3360 3799 3427 ipsi
3829 3364 4091 3431 objiciun-

2495 3433 2599 3489 tur,
2632 3429 2866 3481 occurrit
2903 3442 2957 3484 et
2986 3433 3061 3486 ait
3092 3450 3105 3484 :
3136 3434 3253 3489 Non
3286 3454 3386 3508 ego
3429 3442 3532 3497 hoc
3582 3445 3724 3509 dico,
3754 3429 3906 3519 quod
3933 3457 4003 3511 ob
4030 3459 4087 3512 id

2493 3512 2907 3584 ingemiseamns
2937 3563 2950 3585 ,
3002 3532 3057 3576 ut
3107 3540 3301 3594 Corpus
3345 3530 3674 3601 deponamus
3706 3540 3725 3609 (
3747 3557 3905 3598 nemo
3939 3548 4085 3603 enim

2491 3617 2594 3671 est,
2636 3610 2724 3677 qui
2753 3612 2870 3666 sine
2906 3616 3069 3670 animi
3098 3622 3348 3675 nitestitia
3375 3624 3545 3691 ipsum
3573 3628 3807 3699 deponat
3845 3654 3855 3688 :
3884 3639 4086 3709 quippe

2492 3714 2612 3753 cum
2660 3701 2729 3756 de
2767 3703 2927 3758 Petro
2970 3723 3182 3777 quoque
3223 3711 3364 3768 dicat
3395 3714 3660 3787 Christus,
3694 3701 3990 3795 Tollent-le,
4023 3750 4086 3785 ac

2492 3793 2674 3845 ducent
2700 3811 2796 3861 quo
2824 3814 2922 3849 non
2950 3800 3021 3851 vis
3058 3798 3235 3871 [Joan.
3266 3805 3356 3859 2i.
3389 3807 3516 3878 18])
3549 3827 3562 3871 ;
3596 3813 3689 3866 sed
3719 3824 3773 3867 ul
3804 3793 4083 3876 immorta-

2494 3884 2659 3938 litatis
2706 3899 2853 3942 vesle
2894 3890 3066 3957 ipsum
3116 3897 3582 3963 superinduamus.
3632 3904 3742 3958 Hoc
3779 3909 3921 3963 enim
3967 3925 4077 3980 est,

2494 3991 2587 4043 per
2628 3979 2768 4046 quod
2800 3996 3028 4050 corpore
3052 3999 3357 4054 gravantur,
3392 4006 3497 4045 non
3528 3995 3670 4062 quod
3696 4014 3923 4067 corpore
3955 4020 4084 4060 con-

2494 4070 2663 4120 vestiti
2696 4084 2912 4137 sumus,
2943 4074 3035 4127 sed
3068 4076 3209 4143 quod
3252 4083 3585 4149 corruptibili
3615 4094 3667 4138 et
3696 4090 3933 4156 ρειεείὺὶιὶ
3961 4109 4082 4148 cor-

2492 4174 2661 4227 pore;
2698 4177 2817 4215 nam
2872 4162 2971 4217 hoc
3020 4175 3102 4219 est
3152 4169 3293 4238 quod
3341 4172 3494 4227 nobis
3545 4191 3834 4235 maerorem
3880 4183 4078 4242 affert:

2491 4264 2676 4303 verum
2726 4253 2989 4308 accedens
3042 4257 3145 4310 vita
3191 4264 3592 4331 corruptionem
3648 4273 3865 4328 coniicit
3919 4286 4081 4348 atque

2490 4339 2740 4408 absumit,
2791 4361 2894 4398 non
2942 4348 3066 4402 item
3096 4343 3409 4421 corpusyiit
3441 4361 3712 4427 quomodo
3754 4366 3859 4422 hoc
3892 4339 4079 4426 iit?in-

2489 4436 2621 4500 quit.
2677 4434 2755 4489 Ne
2801 4454 3031 4505 qumras,
3085 4443 3224 4499 Deus
3264 4445 3364 4501 hoc
3409 4448 3537 4504 facit
3568 4471 3582 4506 :
3613 4470 3679 4509 ne
3717 4462 3930 4515 curiose
3977 4463 4075 4519 hoc

2489 4527 2759 4590 exquiras.
2788 4526 2937 4583 Unde
2960 4533 3119 4585 etiam
3146 4535 3374 4603 subjecit
3407 4556 3421 4591 :
3453 4539 3507 4593 5.
3538 4542 3638 4607 Qui
3658 4555 3822 4600 autem
3843 4566 3935 4604 nos
3955 4552 4076 4618 elic-

2488 4611 2554 4663 cit
2597 4613 2650 4665 in
2697 4618 2791 4669 hoc
2833 4619 3023 4688 ipsum,
3058 4621 3219 4678 Deus.
3251 4625 3460 4691 Quibus
3486 4632 3665 4687 verbis
3694 4638 3930 4693 ostendit

2482 4702 2593 4771 jam
2620 4708 2746 4761 olim
2777 4710 2992 4770 decreta
3020 4718 3204 4774 fuisse.
3236 4720 3352 4776 Non
3393 4724 3536 4779 enim
3568 4743 3709 4785 nunc
3746 4736 3975 4801 primum
4004 4742 4071 4795 ita

2486 4794 2658 4849 visum
2704 4808 2785 4853 est
2824 4801 2967 4867 Deo,
3011 4807 3105 4861 sed
3146 4825 3264 4863 cum
3295 4826 3325 4864 a
3370 4814 3630 4885 principio
3672 4836 3770 4878 nos
3816 4841 3881 4881 ex
3928 4838 4066 4886 terra

2486 4882 2756 4951 formavit,
2784 4901 2943 4961 atque
2982 4898 3245 4953 Adamum
3276 4882 3555 4959 condidit;
3577 4907 3686 4965 Nec
3711 4929 3841 4969 vero
3864 4935 3985 4974 eum
4018 4923 4065 4976 in

2486 4972 2588 5027 hoc
2614 4980 2873 5047 condidit,
2916 4993 2974 5038 ut
2998 4998 3318 5055 moreretur,
3349 4993 3443 5048 sed
3470 5006 3525 5049 ut
3563 5000 3915 5063 immortalem
3946 5027 4063 5066 eum

2484 5066 2739 5122 eiiiceret.
2769 5072 2957 5129 Postea
2982 5089 3038 5133 ut
3062 5076 3220 5133 fidem
3247 5079 3402 5136 dictis
3425 5086 3744 5159 adstrueret,
3770 5100 4059 5169 snbjunxit.

2488 5156 2588 5221 Qui
2621 5161 2768 5214 etiam
2791 5164 2930 5218 dedit
2963 5168 3105 5222 nobis
3134 5170 3316 5239 pignus
3339 5172 3585 5244 Spiritus.
3616 5156 3745 5240 Nam
3776 5199 3830 5242 et
3862 5156 3985 5247 tunc
4015 5156 4061 5246 in

2485 5244 2625 5300 hunc
2654 5249 2811 5305 linem
2843 5254 3114 5311 hominem
3141 5258 3369 5330 eflinxit,
3392 5275 3446 5320 et
3473 5285 3611 5326 nunc
3628 5289 3725 5342 per
3746 5277 4062 5347 baptismum

2482 5334 2674 5402 effecit,
2701 5342 2924 5413 ejusque
2949 5345 3024 5398 rei
3046 5360 3149 5401 non
3173 5366 3391 5419 parvum
3421 5360 3574 5414 nobis
3602 5334 3790 5434 pignus
3815 5334 4060 5439 praebuit,

2482 5442 2677 5498 nempe
2706 5432 2964 5501 Spiritum
2993 5449 3252 5496 sanctum.
3278 5442 3610 5519 Frequenter
3627 5432 3803 5511 autem
3817 5432 4062 5530 pignoris

2483 5521 2745 5577 vocabulo
2789 5526 2975 5592 utitur,
3012 5537 3121 5582 tum
3164 5542 3220 5587 ut
3252 5534 3587 5596 demonstret
3613 5559 3673 5599 se
3716 5521 4059 5622 totius—hujus

2481 5612 2557 5664 rei
2585 5612 2881 5671 debitorem
2910 5633 3031 5673 esse
3050 5662 3065 5685 ,
3098 5634 3205 5677 tum
3235 5636 3290 5680 ut
3326 5629 3587 5697 majorem
3614 5634 3774 5691 [idem
3797 5641 3937 5708 apud
3962 5612 4060 5697 cib-

2483 5703 2711 5761 tusiores
2734 5707 2911 5765 verbis
2927 5710 3037 5763 suis
3064 5716 3329 5771 conciliet.
3350 5720 3404 5779 6.
3429 5721 3678 5789 Audentes
3698 5703 3853 5797 igitur
3869 5746 4055 5805 semper
