4568 6424
538 386 650 452 ωδ

542 525 609 563 or
631 509 860 563 uim.
906 501 1180 558 Audentes
1220 496 1355 555 dixit
1395 501 1616 567 propter
1649 486 2109 562 persequotioncS.

546 596 773 653 Insidias
816 607 884 651 ac
909 598 1112 649 mortes
1148 588 1429 652 assiduas,
1458 582 1682 655 perinde
1708 596 1773 636 ac
1800 580 1851 635 si
1876 576 2080 631 diceret
2110 590 2127 628 :

548 688 801 760 Exagitat
825 693 881 742 te
903 683 1121 756 aliquis,
1154 683 1468 747 insectatur,
1494 676 1779 733 obtruncat
1795 670 1823 726 ἲ
1857 682 1925 725 ne
1949 668 2131 760 animo

545 755 826 842 concidas.
866 776 1011 833 bono
1048 786 1141 830 tuo
1183 772 1288 829 hoc
1322 784 1488 826 omne
1528 767 1586 821 ﬁt
1619 783 1633 820 :
1664 778 1735 820 ne
1762 762 1993 827 timeas,
2033 755 2132 813 sed

548 868 786 925 conﬁde.
816 866 872 922 id
898 867 1042 921 enim
1060 905 1075 928 .
1107 863 1177 921 de
1211 878 1324 935 quo
1360 857 1667 932 ingemiscis
1694 864 1749 911 et
1772 853 1946 919 doles,
1976 849 2136 905 nimi-

545 975 669 1016 rum
695 957 842 1031 quod
866 956 1195 1029 cturuptioni
1216 952 1441 1015 seruias.
1470 949 1725 1017 deinceps
1746 946 1816 1000 de
1833 942 2021 1031 medio
2036 939 2136 1031 tot-

550 1051 632 1111 lit,
660 1028 823 1119 atque
837 1063 905 1103 ex
923 1047 1027 1102 hac
1042 1043 1301 1102 servitute
1324 1038 1556 1097 celerius
1577 1037 1789 1092 liberat.
1814 1035 1890 1088 Ae
1909 1028 2138 1103 proinde

548 1140 705 1205 dicit,
751 1138 1004 1192 Audentes
1040 1134 1202 1207 igitur
1238 1144 1477 1207 semper;
1520 1142 1627 1182 non
1665 1124 1826 1180 modo
1853 1123 1906 1177 in
1931 1121 2135 1193 quiete,

551 1229 652 1285 sed
674 1230 839 1285 etiam
869 1230 924 1283 in
951 1223 1332 1283 afﬂictiontht
1355 1238 1376 1285 ς
1401 1231 1450 1276 et
1484 1220 1697 1275 scientes
1733 1216 1975 1288 quoniam
2014 1212 2140 1268 dunt

552 1335 817 1375 uersam
839 1319 1155 1385 incorpore,
1182 1313 1584 1384 peregrinatur
1616 1324 1651 1363 α
1675 1306 1897 1362 Domino
1922 1319 1941 1360 :
1970 1305 2025 1360 'l.
2050 1319 2142 1370 per

554 1413 714 1481 ﬁdem
753 1412 887 1466 enim
921 1408 1240 1463 ambulantes
1264 1413 1315 1459 et
1340 1420 1443 1458 non
1471 1417 1560 1472 per
1598 1400 1815 1471 speciem
1837 1413 1857 1453 :
1884 1396 1940 1453 8.
1981 1395 2143 1449 aude-

554 1520 672 1558 mus
691 1511 882 1567 autem,
908 1508 956 1554 et
977 1500 1161 1553 bonum
1179 1496 1487 1551 voluntatem
1513 1491 1755 1546 Munus
1775 1486 2092 1560 peregrinari
2110 1501 2144 1537 α

552 1608 790 1663 earpore,
806 1601 857 1645 et
886 1596 1155 1659 pressantes
1172 1602 1281 1641 esse
1304 1586 1373 1640 ad
1398 1583 1690 1639 Dominam.
1717 1578 1871 1648 Quod
1896 1571 2146 1633 omnibus

557 1683 841 1737 sublimius
884 1685 1004 1745 est,
1046 1678 1348 1749 posteriore
1386 1676 1504 1731 loco
1545 1674 1764 1745 posuit:
1808 1668 2147 1742 praesumitis

556 1776 708 1831 enim
735 1782 816 1828 est
854 1787 978 1828 cum
1001 1770 1219 1826 Christo
1267 1783 1424 1833 esse,
1463 1778 1625 1838 quam
1652 1778 1851 1834 corpus
1891 1778 1923 1819 a
1959 1777 2148 1817 corru-

560 1866 746 1935 ptione
773 1863 999 1920 liberum
1027 1862 1293 1930 accipere.
1329 1858 1442 1915 iloc
1462 1868 1643 1914 autem
1668 1857 1786 1911 vult
1805 1853 2145 1924 signiﬁcare:

562 1955 741 2011 Vitam
773 1964 1009 2010 nostram
1052 1953 1099 2009 is
1128 1966 1233 2006 non
1262 1951 1573 2021 exstinguit,
1603 1949 1695 2020 qui
1730 1962 1831 2003 nos
1857 1954 2146 2018 oppugnat,

563 2063 628 2101 ac
659 2055 832 2101 morte
858 2043 1024 2099 allicit
1051 2061 1066 2096 ε
1112 2056 1182 2098 ne
1212 2043 1404 2098 timeas
1434 2058 1449 2095 :
1479 2037 1696 2095 conﬁde
1733 2052 1857 2094 cum
1893 2035 2150 2092 concide-

564 2133 664 2186 ris.
688 2130 870 2201 Neque
895 2130 1039 2184 enim
1067 2128 1159 2184 ille
1170 2127 1449 2183 dumtaxat
1476 2133 1531 2182 te
1557 2140 1588 2180 a
1604 2124 1955 2192 corruptione
1976 2121 2153 2177 vindi-

564 2232 676 2287 cat,
708 2235 773 2276 ac
814 2220 964 2291 gravi
1008 2222 1219 2275 sarcina
1249 2220 1412 2285 levat,
1443 2218 1539 2274 sed
1583 2217 1746 2273 etiam
1772 2215 1840 2270 ad
1869 2215 2154 2271 Dominum

566 2312 854 2368 confestim
897 2311 1233 2367 transmittit.
1279 2309 1406 2366 Ideo
1446 2324 1556 2365 non
1585 2307 1742 2374 dixit,
1786 2306 1924 2362 Dum
1970 2320 2157 2361 sumus

569 2406 626 2459 in
644 2418 892 2477 corpore,
911 2404 1065 2475 quasi
1092 2403 1181 2459 hic
1203 2403 1373 2459 simus
1396 2402 1449 2456 in
1468 2410 1691 2456 externa
1714 2402 1954 2470 regione.
1976 2397 2159 2453 Scien-

572 2509 647 2551 κε
670 2497 828 2568 igitur
848 2497 986 2569 quod
1009 2496 1135 2550 dum
1154 2509 1413 2551 metitur
1437 2494 1493 2547 in
1519 2508 1752 2562 corpore,
1776 2491 2160 2561 peregrinantur

568 2606 607 2642 α
629 2587 880 2642 Domino:
904 2588 1153 2641 audemus
1178 2595 1369 2649 autem,
1397 2595 1444 2638 et
1468 2584 1653 2637 bonam
1679 2582 1986 2635 voluntatem
2007 2578 2161 2632 halte-

570 2693 689 2731 nnts
712 2677 876 2746 magis
898 2675 1219 2746 peregrinari
1234 2691 1267 2728 a
1285 2688 1519 2743 corpore,
1540 2680 1590 2725 et
1608 2678 1880 2741 prasentes
1899 2670 2162 2738 esseapud

580 2767 876 2821 Dominum.
918 2764 1110 2820 Viden‘
1158 2779 1266 2834 quo
1311 2754 1467 2833 pacto
1505 2761 1732 2815 molesta
1776 2759 1864 2815 illa
1895 2760 2083 2815 mortis
2106 2769 2162 2815 et

571 2858 755 2913 obitus
783 2855 1043 2913 vocabula
1067 2856 1330 2921 reticens,
1354 2853 1461 2908 alia
1490 2866 1745 2923 perquam
1778 2852 1961 2907 suavia
1989 2850 2043 2907 in
2068 2865 2161 2906 eo.

573 2968 698 3006 rum
721 2951 890 3005 vicem
920 2946 1271 3012 substituerit,
1285 2943 1888 3014 presentiamnimirum
1903 2942 1971 2999 ad
1993 2942 2160 2997 Deum

574 3060 641 3098 ea
674 3057 989 3113 nuncupans
1013 3057 1032 3107 ;
1060 3056 1126 3097 ac
1164 3038 1539 3112 praetermissis
1568 3037 1672 3094 illis
1700 3037 1975 3093 vocabulis
1996 3076 2014 3103 ,
2043 3051 2163 3107 quae

574 3136 927 3207 iucunditatis
954 3134 1186 3205 speciem
1215 3131 1520 3198 habebant,
1552 3145 1676 3202 qua
1718 3130 1788 3187 ad
1826 3131 1989 3185 vitam
2036 3127 2164 3199 per-4

578 3228 787 3289 tinent,
824 3242 854 3281 a
905 3226 1150 3281 tristibus
1188 3224 1543 3296 nuncupavit,
1598 3222 2101 3294 peregrinationem
2134 3236 2165 3276 a

580 3320 813 3373 Domino
836 3320 997 3374 vitam
1030 3318 1167 3373 lianc
1192 3317 1468 3393 appellans
1493 3319 1517 3371 2
1547 3315 1660 3373 Hoc
1686 3326 1866 3372 autem
1893 3330 1959 3370 eo
1987 3314 2167 3370 consio

582 3411 655 3463 lio
685 3408 828 3473 fecit.
858 3424 925 3464 ne
942 3409 1224 3479 quisquam
1250 3409 1304 3462 in
1332 3408 1688 3478 pmsentibus
1715 3408 1941 3463 libenter
1972 3408 2166 3463 immo-

583 3511 757 3563 retur,
782 3499 876 3553 sed
915 3513 978 3553 ea
1008 3500 1186 3569 potius
1213 3498 1450 3568 graviter
1488 3494 1626 3553 ferat
1654 3514 1668 3560 :
1712 3513 1811 3552 nec
1856 3513 2064 3563 rursus,
2099 3514 2163 3554 ex

582 3589 685 3643 bac
714 3590 818 3643 vita
843 3602 1184 3653 excessurus,
1213 3588 1576 3657 perturbetur,
1604 3587 1700 3643 sed
1730 3589 1907 3657 potius
1933 3589 2167 3653 ltetetur,

583 3692 642 3734 ut
666 3680 731 3734 ad
763 3680 963 3747 maiora
993 3680 1128 3733 bona
1158 3678 1526 3749 proﬁciscens.
1556 3679 1769 3741 Postea,
1800 3693 1869 3732 ne
1902 3680 2021 3747 quis
2053 3678 2171 3739 hac

581 3772 835 3834 audiens,
864 3769 1318 3841 Peregrinamnrn
1342 3768 1581 3833 Domino.
1608 3769 1817 3824 diceret
1850 3785 1863 3821 :
1889 3768 2025 3835 Quid
2046 3767 2171 3823 ais?

582 3879 716 3915 num
759 3877 787 3914 a
836 3861 944 3917 Deo
972 3861 1358 3925 aluilienamur,
1378 3860 1513 3931 quia
1543 3860 1630 3915 hic
1659 3861 1886 3916 sumus?
1912 3860 2172 3928 objectio-

586 3968 712 4006 nem
742 3951 877 4006 hanc
915 3959 1262 4021 prmverteus,
1291 3950 1443 4009 dixit,
1491 3948 1591 4004 Per
1627 3948 1780 4019 ﬁdem
1818 3950 1950 4004 enim
1988 3950 2169 4004 auibu-

585 4047 777 4112 lamus,
828 4062 928 4100 non
972 4061 1063 4115 per
1113 4045 1362 4114 speciem;
1404 4053 1565 4113 atque
1610 4042 1699 4098 hic
1747 4043 1961 4113 quidem
1998 4043 2171 4113 ipsum

588 4136 885 4198 noscimus,
912 4134 1007 4188 sed
1048 4148 1156 4189 non
1190 4137 1257 4189 ita
1288 4133 1449 4187 clare.
1480 4132 1535 4188 id
1559 4133 1699 4203 quod
1729 4133 1834 4187 alio
1866 4134 1983 4188 loco
2012 4133 2169 4195 dicit,

594 4224 700 4280 Per
744 4225 1025 4293 speculum,
1064 4234 1142 4288 et,
1184 4222 1253 4275 In
1289 4223 1558 4290 arnignmte
1605 4226 1703 4291 (i.
1751 4224 1867 4277 Cor.
1915 4228 2000 4279 l5.
2050 4224 2169 4293 l2).

587 4316 851 4371 Audemus
876 4323 1068 4376 autem,
1096 4324 1140 4367 et
1162 4312 1345 4365 bonam
1367 4314 1678 4366 voluntatem
1703 4314 1959 4368 habemus.
1993 4316 2170 4384 Pupio,

588 4420 701 4476 quo
746 4419 1049 4459 sernmncm
1100 4403 1457 4457 circumduxit
1497 4404 1511 4457 l
1564 4418 1755 4473 nempe
1803 4405 1866 4457 ad
1909 4419 2172 4459 summum

594 4498 785 4551 ntortis
814 4496 1178 4560 desiderium;
1230 4497 1277 4549 id
1300 4538 1316 4560 ,
1366 4495 1507 4564 quod
1537 4497 1820 4549 molestia}
1862 4506 1943 4550 est
1966 4537 1979 4559 ,
2012 4511 2173 4550 suave

592 4603 715 4643 esse
744 4589 1053 4649 ostendens,
1084 4589 1290 4658 etquod
1321 4601 1499 4651 suate,
1532 4587 1834 4640 male-.t'm.
1860 4588 2010 4655 Quod
2034 4589 2173 4642 enim

592 4683 667 4735 ait
688 4722 703 4735 .
749 4680 945 4735 Bonam
972 4684 1280 4735 voluntatem
1310 4680 1551 4735 habemus
1577 4716 1591 4744 ,
1630 4679 1678 4729 id
1710 4696 1735 4734 ε
1777 4689 1786 4727 7
1812 4721 1827 4745 ,
1855 4682 2169 4749 expetimus.

596 4774 735 4843 Quid
785 4776 1125 4843 expetimus?
1172 4776 1445 4830 Excedere
1476 4790 1505 4829 e
1546 4789 1805 4839 t.:"‘§iOr-;,
1840 4783 1999 4843 atque
2037 4776 2175 4844 apud

598 4866 884 4920 Dominum
924 4873 1215 4932 pnesentes
1258 4881 1397 4921 esse.
1437 4865 1548 4919 Hoc
1574 4876 1766 4925 autem,
1815 4878 1861 4915 u:
1904 4866 2013 4933 jam
2045 4865 2173 4931 dixi,

597 4958 791 5009 Paulus
818 4970 1027 5022 semper
1055 4954 1198 5019 facit,
1226 4968 1279 5011 ut
1309 4957 1631 5026 eorutn,'qui
1666 4956 1763 5023 ipsi
1804 4958 2173 5023 adversantur,

594 5060 903 5100 sermonem
924 5044 978 5097 in
1004 5048 1329 5100 contrarium
1352 5056 1613 5116 torqueat.
1642 5047 1697 5102 9.
1722 5045 1869 5100 Unde
1893 5056 1939 5100 et
1965 5060 2175 5101 conten-

595 5135 787 5201 dimus,
829 5135 928 5187 sive
969 5145 1241 5203 praesentes
1266 5139 1367 5192 sive
1394 5138 1642 5201 absentes,
1682 5137 1780 5204 ipsi
1819 5144 2033 5205 placere.
2065 5137 2174 5191 lloc

596 5229 739 5281 enim
784 5225 935 5280 nobis
966 5228 1297 5295 propositum
1328 5240 1432 5289 est,
1467 5230 1655 5297 inquit,
1693 5238 1750 5282 ut
1789 5230 1900 5282 sive
1928 5229 2035 5281 illic
2064 5230 2175 5283 sive

596 5319 685 5373 ltic
730 5317 915 5381 simus,
960 5332 1023 5370 ex
1054 5318 1217 5386 ipsius
1260 5322 1533 5374 voluntate
1580 5329 1634 5374 et
1662 5320 1921 5374 sententia
1951 5320 2128 5373 vivere
2158 5338 2169 5372 :

596 5409 697 5461 hoc
739 5408 1104 5461 enim'studio
1150 5407 1278 5462 nihil
1319 5419 1401 5464 est
1448 5410 1601 5463 nobis
1648 5410 1932 5478 antiquius.
1996 5408 2173 5476 itaque

596 5499 722 5553 hinc
759 5500 870 5567 jam
926 5512 1145 5567 regnum
1187 5499 1349 5553 babes
1392 5502 1506 5555 sine
1551 5501 1882 5569 probatione.
1935 5499 2064 5553 Nam
2110 5516 2174 5554 ne

595 5603 803 5651 rursus,
835 5604 955 5642 cum
1002 5588 1055 5641 in
1089 5598 1285 5641 tantam
1311 5592 1653 5657 copiditatem
1684 5592 1988 5651 venissent,
2034 5591 2174 5643 illius

592 5680 1043 5751 peregrinationis
1074 5694 1249 5732 moras
1293 5695 1435 5749 τρεΓο
1486 5681 1709 5746 ferrent,
1741 5682 1825 5735 hic
1860 5683 1964 5749 jam
2007 5681 2167 5749 ipsis,

588 5772 730 5841 quod
761 5771 1023 5825 bonorum
1052 5773 1288 5831 «minium
1320 5782 1480 5829 caput
1510 5782 1609 5833 est,
1646 5773 1845 5827 tribuit.
1876 5772 2008 5839 szi
2042 5772 2170 5825 illud

933 5863 1200 5919 Parum”
1249 5864 1362 5920 Gn.
1418 5864 1568 5923 LXI.

1590 371 1657 435 IN
1693 370 1889 433 EPIS‘I‘
1949 363 1995 428 il
2058 361 2149 424 AD
2184 362 2340 420 00R.
2380 355 2611 420 ηωιιῐ..
2647 358 2722 415 Χ.

3720 352 3826 408 ιτυ

2232 488 2317 532 est
2341 476 2365 530 i
2394 476 2462 533 Ut
2489 476 2602 532 Deo
2626 471 2766 545 grati
2790 471 2917 528 sint.
2963 468 3149 542 Neque
3176 469 3323 527 enim
3347 468 3669 541 simpliciter
3699 467 3829 524 tunc

2235 568 2498 626 excedere
2522 566 2840 638 praeclarum
2868 574 2971 630 est,
2992 565 3090 623 sed
3116 564 3388 621 excedere
3406 578 3531 620 cum
3557 563 3681 618 vita‘.
3703 578 3803 634 pro
3818 588 3832 603 -

2239 661 2403 716 nitate
2430 675 2446 726 ;
2472 658 2604 714 hinc
2621 658 2768 713 enim
2798 656 3118 726 praeclarum
3143 669 3357 726 quoque
3396 653 3530 709 illud
3550 651 3783 709 efﬁcitur
3805 670 3824 709 :

2238 755 2341 807 nec
2381 765 2573 807 rursus
2598 749 2689 805 hic
2745 748 3062 820 simpliciter
3101 762 3222 804 esse
3247 761 3411 817 grave
3448 754 3553 812 est,
3585 745 3681 801 sed
3707 762 3831 802 cum

2237 842 2538 900 oll'ensione
2564 841 2659 898 Dei
2687 842 2774 899 hic
2796 854 2939 898 esse.

2312 933 2368 988 5.
2414 929 2562 988 Cave
2600 948 2730 1003 ergo
2759 931 3034 987 existimes
3056 944 3339 987 excessum
3368 945 3402 987 e
3425 940 3654 999 corpore
3680 926 3833 985 snl'li-

2241 1039 2368 1081 cere
2400 1042 2415 1080 :
2442 1025 2640 1081 virtute
2667 1024 2867 1095 quippe
2905 1024 3100 1095 ubique
3142 1032 3228 1080 est
3266 1038 3426 1094 opus.
3466 1020 3618 1078 Sicut
3664 1020 3834 1084 enim,

2244 1133 2366 1174 cum
2410 1119 2825 1175 resurrectionis
2867 1116 3127 1172 vocabulo
3170 1130 3300 1171 usus
3342 1124 3509 1180 esset,
3560 1129 3668 1171 non
3714 1112 3839 1170 sivit

2244 1226 2347 1269 nos
2381 1212 2436 1267 in
2475 1226 2538 1268 ea
2576 1212 2693 1267 sola
2735 1210 2980 1267 ﬁduciam
3025 1210 3256 1275 habere,
3295 1208 3516 1273 dicens,
3564 1208 3626 1264 Si
3670 1218 3839 1263 mutu

2246 1304 2431 1368 restiti,
2465 1313 2513 1358 et
2542 1316 2647 1357 non
2697 1302 2825 1357 nudi
2848 1302 3166 1357 inveniamur
3192 1316 3212 1356 ι
3242 1302 3341 1367 sic,
3373 1314 3495 1355 cum
3525 1299 3840 1370 peregrina-

2248 1394 2449 1448 tionem
2475 1393 2824 1457 ostendisset,
2857 1406 2926 1448 ne
2947 1404 3069 1448 eam
3098 1390 3192 1445 tibi
3212 1390 3280 1446 ad
3307 1391 3532 1445 salutem
3563 1389 3693 1445 satis
3720 1403 3842 1443 esse

2248 1484 2522 1551 crederes,
2549 1482 2653 1540 hoc
2673 1483 2892 1553 adjecit,
2921 1482 3130 1555 placere
3151 1484 3266 1540 Deo
3289 1493 3522 1554 oportet.
3552 1478 3843 1551 Postquam

2251 1578 2411 1648 igitur
2436 1594 2467 1630 ι
2508 1576 2691 1633 multis
2737 1578 2899 1633 rebus
2939 1574 3078 1632 laetis
3123 1590 3311 1633 eorum
3338 1578 3549 1633 animos
3583 1572 3845 1636 incitavit,

2251 1669 2508 1739 deinceps
2551 1684 2580 1722 a
2629 1663 2956 1723 tristioribus
2996 1675 3200 1723 metum
3242 1668 3454 1723 incutit.
3505 1665 3657 1735 Quod
3702 1666 3849 1720 enim

2253 1760 2384 1814 utile
2409 1765 2514 1833 est,
2546 1766 2653 1812 tam
2682 1758 2736 1811 in
2762 1757 3026 1813 bonon
3055 1756 3363 1827 adeptione,
3385 1770 3546 1827 quam
3574 1754 3627 1811 in
3672 1756 3849 1809 malo-

2254 1863 2373 1902 rum
2421 1845 2545 1919 luga
2585 1848 2871 1913 consistit,
2910 1853 3033 1920 qius
3074 1846 3291 1919 quidem
3331 1857 3455 1903 sunt
3502 1844 3749 1917 gehenna
3793 1854 3852 1902 et

2256 1954 2500 2009 regnum.
2526 1939 2791 1994 Caeterum
2817 1939 3072 2010 quoniam
3094 1955 3306 2011 poenam
3333 1939 3567 2009 cﬂ'ugere
3587 1937 3849 2011 majorem

2258 2033 2367 2087 vim
2408 2031 2571 2087 habet
2601 2050 2615 2087 :
2648 2048 2771 2094 nam
2801 2034 3044 2104 plerique
3089 2031 3353 2105 iacturam
3396 2034 3662 2089 bonomm
3690 2032 3850 2087 facile

2258 2122 2501 2191 ferrent;
2546 2126 2590 2180 si
2618 2133 2803 2181 autem
2830 2134 3096 2182 tormenta
3122 2126 3235 2181 sint
3261 2124 3479 2181 terenda
3501 2166 3515 2185 .
3544 2139 3653 2180 non
3685 2124 3850 2191 item;

2260 2224 2538 2285 oporteret
2558 2218 2701 2272 enim
2726 2218 2961 2288 priorem
2982 2218 3248 2289 iacturam
3266 2218 3659 2275 intoierabilem
3674 2216 3855 2274 existi-

2263 2321 2413 2362 mare
2437 2323 2455 2374 ;
2483 2308 2578 2363 sed
2607 2323 2676 2364 ex
2706 2309 3017 2366 inﬁrmitate
3043 2321 3099 2367 et
3129 2311 3432 2383 abjectionc
3461 2312 3612 2367 multi
3634 2326 3850 2383 panum

2261 2399 2565 2467 graviorem
2608 2399 2963 2473 existimant)
2988 2423 3001 2455 :
3032 2404 3285 2473 quoniam
3318 2418 3449 2474 ergo
3479 2418 3725 2474 magnam
3762 2417 3857 2457 au-

2263 2488 2494 2544 ditorum
2512 2499 2721 2560 partem
2739 2489 3000 2546 bonorum
3029 2491 3242 2562 largitio
3258 2508 3364 2548 non
3392 2493 3612 2563 perinde
3630 2492 3855 2558 excitat,

2266 2590 2324 2634 ut
2350 2591 2741 2637 tormentorum
2769 2582 3116 2637 comminatio
3137 2624 3153 2647 ,
3183 2584 3505 2640 necessitate
3545 2585 3858 2654 compulsus

2265 2671 2343 2725 sic
2367 2684 2676 2727 sermonem
2701 2672 2978 2728 concludit
3006 2690 3021 2725 :
3053 2672 3139 2730 10.
3168 2673 3355 2729 Omnes
3369 2666 3502 2729 enim
3522 2691 3615 2730 nos
3637 2676 3859 2746 manife-

2263 2760 2393 2815 stars'
2435 2770 2633 2831 oportet
2670 2771 2789 2818 ante
2825 2762 3052 2819 tribunal
3094 2763 3304 2821 Christi.
3351 2765 3474 2822 Mox
3520 2774 3721 2834 tamen,
3767 2767 3867 2821 ubi

2270 2836 2729 2907 tribunalis'illius
2759 2854 3023 2908 memoria
3050 2854 3350 2911 auditorem
3370 2928 3381 2933 π
3395 2856 3620 2920 terruit,
3664 2871 3734 2911 ne
3773 2856 3863 2913 hie

2268 2940 2486 3012 quidem
2516 2944 2689 2998 tristia
2721 2944 2840 3001 sine
2870 2946 3009 3002 lanis
3043 2949 3244 3017 posuit,
3290 2948 3384 3004 sed
3424 2949 3696 3019 voluptate
3725 2964 3853 3021 qua-

2268 3030 2392 3088 dam
2419 3028 2671 3103 miscuit,
2702 3030 2890 3093 dicens
2919 3054 2934 3091 :
2969 3033 3039 3092 Ut
3066 3038 3256 3109 referat
3279 3040 3626 3111 unusquisque
3651 3042 3865 3111 proprie

2269 3121 2521 3195 corporis,
2551 3135 2703 3197 prout
2719 3128 2895 3197 gessit,
2926 3129 3032 3183 sive
3057 3128 3245 3183 bonum
3273 3130 3377 3186 sive
3403 3131 3616 3186 malum.
3656 3130 3863 3196 Quibus

2275 3214 2458 3273 verbis
2486 3226 2543 3274 et
2568 3234 2684 3284 eos,
2715 3220 2809 3291 qui
2837 3220 3095 3291 prreclsre
3119 3237 3178 3278 se
3206 3234 3482 3293 gesserant
3512 3234 3671 3293 atque
3695 3239 3862 3279 vexa-

2274 3308 2486 3373 bantur,
2513 3311 2567 3365 in
2592 3325 2743 3381 spem
2767 3312 2943 3383 erigit,
2971 3322 3025 3368 et
3047 3328 3141 3369 eos
3166 3316 3255 3385 qui
3273 3314 3639 3382 conciderant,
3666 3316 3864 3385 injecto

2277 3410 2482 3458 terrore
2523 3401 2894 3473 diligentiores
2944 3405 3122 3461 reddit
3156 3424 3169 3462 z
3212 3418 3271 3464 ar
3318 3407 3550 3478 denique
3576 3422 3866 3478 corporum

2274 3496 2727 3552 resurrectionem
2754 3498 3059 3553 conﬁrmat.
3084 3498 3196 3553 Non
3224 3500 3387 3565 enim,
3420 3501 3609 3570 inquit,
3639 3500 3688 3555 id
3718 3499 3863 3570 quod

2277 3598 2388 3640 tum
2415 3586 2482 3640 ad
2514 3588 2784 3651 virtutem,
2812 3598 2922 3644 tum
2947 3591 3012 3645 ad
3036 3590 3223 3644 vitium
3246 3607 3463 3661 operam
3480 3592 3644 3657 dedit,
3675 3609 3704 3647 a
3729 3608 3863 3662 pra:-

2277 3680 2386 3733 mio
2419 3680 2504 3733 vel
2529 3694 2686 3748 poena
2714 3681 3074 3746 excludetur;
3108 3682 3202 3737 scd
3235 3699 3335 3737 una
3373 3700 3495 3737 cum
3524 3684 3719 3739 animis
3745 3699 3868 3738 cor-

2278 3783 2405 3837 pora
2438 3768 2627 3837 partim
2674 3770 3147 3837 excruciabuntnr,
3179 3773 3370 3841 partim
3401 3786 3630 3839 coronas
3669 3789 3867 3829 conse-

2276 3868 2528 3926 quentur.
2554 3861 2622 3912 At
2646 3871 2770 3913 sunt
2792 3860 3051 3925 hzeretici,
3075 3862 3162 3931 qui
3192 3862 3331 3917 aliud
3359 3878 3554 3933 corpus
3583 3879 3869 3935 resurgere

2278 3951 2576 4005 asserant‘l
2615 3943 2769 4007 Unde
2812 3951 3185 4022 ltoc?qu:eso-;
3234 3955 3374 4009 aliud
3405 3956 3680 4026 peccavit,
3724 3956 3871 4010 aliud

2280 4041 2495 4109 punitur
2516 4041 2539 4094 ?
2564 4042 2705 4095 aliud
2749 4053 2893 4097 recte
2922 4044 3070 4111 fecit,
3101 4047 3242 4100 aliud
3275 4060 3564 4103 coronatur
3594 4050 3616 4102 ?
3642 4048 3778 4113 Quid
3802 4050 3869 4104 ad

2280 4127 2398 4187 lucc
2438 4131 2585 4185 Pauli
2626 4132 2791 4185 verba
2822 4132 3013 4188 dicturi
3037 4140 3190 4201 estis,
3230 4137 3485 4191 Nolumus
3513 4141 3747 4207 spoliari,
3778 4142 3870 4193 sed

2278 4224 2604 4290 supervesliri
2636 4219 2663 4275 2’
2705 4224 2977 4293 quomodo
3020 4225 3071 4280 id
3115 4227 3254 4296 quod
3295 4229 3639 4297 corruptibile
3684 4239 3788 4292 est,
3836 4246 3868 4282 a

2281 4315 2386 4368 vita
2415 4313 2737 4369 absorbetur
2763 4317 2787 4370 ?
2814 4316 2925 4372 Nec
2964 4318 3104 4373 enim
3150 4318 3283 4373 dixit
3312 4320 3537 4385 Paulus,
3569 4320 3637 4378 Ut
3674 4321 3867 4376 absor-

2281 4404 2476 4459 beatur
2502 4404 2730 4461 mortale
2752 4449 2767 4471 ,
2800 4408 2881 4462 vel
2922 4410 3270 4479 corruptibile
3305 4426 3499 4481 corpus
3528 4412 3597 4467 ab
3627 4413 3873 4468 incorru-

2284 4492 2459 4563 ptibili
2486 4512 2710 4567 corpore
2740 4516 2754 4564 ;
2786 4498 2878 4553 sed
2902 4540 2915 4561 ,
2957 4500 3025 4553 Ut
3062 4504 3321 4570 cormptio
3360 4520 3392 4555 a
3432 4508 3550 4557 rita.
3588 4505 3698 4559 [loc
3729 4506 3871 4561 enim

2288 4594 2397 4639 tum
2444 4586 2740 4655 contingit,
2789 4593 2911 4641 cum
2961 4587 3088 4643 illud
3140 4590 3313 4656 ipsum
3353 4606 3552 4660 corpus
3597 4593 3661 4646 ad
3706 4595 3871 4647 vitam

2284 4678 2441 4733 redit.
2471 4678 2620 4745 Quod
2648 4679 2691 4732 si
2725 4672 2910 4734 relicto
2950 4681 3041 4735 illo
3083 4683 3225 4737 aliud
3254 4694 3582 4751 cxstrnatur,
3628 4702 3735 4740 non
3758 4686 3869 4755 jam

2285 4770 2603 4823 absorbetur
2631 4771 2927 4837 corruptio,
2956 4772 3050 4826 sed
3078 4783 3254 4827 manet
3284 4790 3345 4829 ac
3369 4776 3693 4831 dominatur.
3727 4778 3875 4846 Quo-

2283 4861 2423 4913 circa
2473 4858 2690 4912 minime
2738 4859 2838 4914 ltoc
2885 4861 2979 4925 ﬁt;
3028 4879 3212 4917 verum
3267 4876 3480 4934 oportet
3525 4870 3890 4940 corruptibile.

2287 4954 2407 5014 hoc,
2440 4966 2634 5019 corpus
2661 4968 2871 5021 nempe,
2907 4954 3129 5010 induere
3156 4957 3631 5028 incorruptionem.
3665 4963 3875 5032 Corpus

2286 5045 2426 5097 enim
2459 5042 2509 5095 in
2539 5042 2717 5097 medio
2744 5051 2865 5107 est,
2898 5060 2960 5099 ac
2988 5062 3130 5105 nunc
3158 5048 3210 5102 in
3240 5052 3584 5119 corruptione
3609 5065 3719 5115 est,
3750 5068 3873 5122 post

2285 5147 2462 5189 autem
2478 5136 2529 5187 in
2552 5136 2952 5204 incorruptione
2966 5140 3069 5192 erit
3093 5158 3104 5192 :
3128 5140 3248 5193 ideo
3267 5140 3318 5194 in
3337 5146 3678 5212 corruptione
3703 5148 3872 5215 prius,

2286 5229 2535 5295 quoniam
2579 5227 2904 5297 incorruptio
2943 5230 3077 5286 solvi
3110 5246 3213 5287 non
3250 5242 3479 5302 poterat.
3513 5234 3690 5306 Neque
3726 5241 3869 5294 enim

2288 5318 2565 5386 corruptio,
2600 5317 2789 5386 inquit,
2823 5319 3253 5389 incorruptionem
3282 5323 3559 5377 hereditate
3598 5328 3874 5395 possidebit

2287 5411 2363 5479 (Ι.
2394 5411 2509 5464 Cor.
2545 5411 2627 5463 l5.
2651 5410 2781 5477 50);
2808 5415 3079 5481 quomodo
3109 5416 3249 5467 enim
3284 5426 3462 5483 posset
3508 5433 3626 5470 cum
3671 5421 3741 5473 sit
3788 5422 3872 5473 in-

2286 5504 2555 5569 corruptio
2585 5502 2608 5553 ?
2635 5518 2818 5557 verum
2847 5514 3030 5559 contra
3056 5508 3325 5573 corruptio
3361 5522 3390 5560 a
3426 5509 3529 5560 vita
3561 5509 3871 5563 absorbetu-

2290 5604 2391 5647 tur.
2431 5593 2517 5646 illa
2562 5594 2701 5647 enim
2752 5594 2885 5649 hanc
2930 5596 3136 5659 vincit;
3187 5596 3300 5651 hmo
3342 5609 3518 5652 autem
3562 5599 3705 5653 illam
3756 5619 3863 5656 non

2288 5687 2434 5739 item.
2487 5684 2553 5737 Ut
2581 5686 2719 5739 enim
2752 5702 2873 5739 cera
2919 5688 3051 5755 ignis
3096 5688 3290 5741 ardore
3342 5690 3693 5758 colliquescit,
3746 5709 3867 5749 cera

2289 5787 2462 5831 autem
2498 5776 2671 5845 ignem
2706 5794 2809 5832 non
2857 5779 3014 5831 solvit
3045 5797 3055 5829 :
3092 5779 3165 5831 sic
3198 5784 3471 5849 corruptio
3507 5784 3574 5835 ab
3616 5784 3865 5842 inconu-

3512 5884 3581 5939 3U
