4568 6424
767 273 858 325 m
976 278 980 282 '
1480 275 1534 332 s.
1564 275 1842 334 JOANNIS
1879 278 2356 337 cunvsosroau
2395 284 2711 352 ARClllEP.
2755 299 3282 368 CONSTANTINUP.

766 384 1048 452 psihilitate
1090 388 1315 442 solvitur
1364 401 1522 461 atque
1563 395 1940 462 exstinguitur,
1985 395 2108 449 huic
2163 406 2339 451 autem

763 476 850 528 illa
891 478 1149 532 dominari
1184 496 1470 552 numquam
1515 486 1730 552 poterit.
1767 486 2056 541 Audiamus
2085 503 2211 557 ergo
2239 505 2332 542 vo-

764 580 876 620 cem
909 568 1052 622 Pauli
1085 570 1334 636 dicentis,
1370 574 1580 644 Oportet
1611 593 1702 630 nos
1725 579 1834 630 sisti
1859 580 1927 630 ad
1954 579 2175 632 tribunal
2194 581 2343 634 Clari-

759 659 954 714 sti:ac
986 663 1214 718 tribunal
1261 665 1391 719 illud
1435 669 1615 720 animo
1658 669 2026 739 depingamus,
2074 675 2340 728 existime-

760 768 985 822 musque
1015 756 1184 823 ipsum
1225 758 1334 825 jam
1375 759 1583 824 adesse,
1611 777 1675 815 ac
1715 764 1838 816 vita:
1869 765 2100 819 rationes
2129 781 2156 817 a
2190 766 2343 821 nobis

759 845 995 912 cxposci.
1040 846 1149 914 Ego
1197 849 1338 901 cnim
1389 849 1556 905 fusius
1603 867 1889 919 exponam.
1940 853 2076 908 Nam
2124 856 2336 921 Paulus,

763 936 885 1002 quia
917 935 984 990 de
1014 937 1306 994 afflictione
1333 955 1636 998 sermonem
1674 945 1925 1009 habebat,
1971 963 2070 1001 nec
2105 964 2198 1002 eos
2225 966 2341 1003 rur-

760 1039 877 1077 sum
924 1040 1172 1094 premere
1225 1030 1456 1086 volebat.
1509 1049 1614 1087 non
1655 1035 1856 1089 diutius
1895 1037 1944 1090 in
1975 1038 2072 1091 hac
2104 1045 2343 1096 oratione

763 1114 1150 1172 immorandum
1171 1134 1290 1174 esse
1309 1121 1479 1187 duxit,
1508 1125 1602 1178 sed
1633 1127 1812 1194 paucis
1834 1126 1916 1179 his
1941 1130 2136 1192 verbis,
2170 1129 2341 1184 fluus-

768 1210 981 1278 quisque
1032 1215 1210 1282 referet
1273 1226 1422 1283 prout
1468 1219 1646 1284 gessit,
1699 1219 1749 1272 id
1809 1221 1951 1288 quod
1997 1224 2339 1277 acerbitatem

763 1299 1019 1356 afferebat
1044 1306 1377 1374 complexus,
1417 1310 1597 1361 statim
1629 1310 1850 1364 ulterius
1882 1314 2106 1368 transiit.
2142 1316 2338 1369 Existi-

764 1407 971 1446 snemus
1013 1394 1174 1463 igitur
1218 1397 1359 1451 diem
1405 1401 1548 1453 illum
1595 1414 1893 1456 extremum
1940 1422 2078 1460 nunc
2106 1407 2336 1462 adesse;

762 1485 990 1553 quisque
1038 1488 1417 1542 conscientiam
1465 1494 1802 1559 consideret,
1849 1495 2118 1567 fingatque
2161 1500 2340 1553 animo

760 1575 951 1628 adesse
978 1577 1085 1643 jam
1128 1577 1391 1644 Judicem,
1426 1585 1712 1652 omniaque
1746 1586 1920 1656 detegi
1950 1599 2110 1658 atque
2140 1589 2189 1642 in
2225 1607 2338 1644 me-

761 1664 904 1717 dium
937 1667 1162 1733 proferri
1185 1686 1197 1722 :
1218 1686 1389 1739 neque
1412 1674 1553 1726 enim
1582 1675 1698 1728 sisti
1724 1685 1927 1730 tantum
1953 1681 2103 1734 nobis
2123 1695 2341 1735 necesse

767 1768 865 1819 est,
915 1757 1007 1811 sed
1036 1761 1192 1814 etiam
1225 1765 1575 1820 manifestari.
1613 1769 1693 1822 An
1725 1784 1832 1823 non
1874 1771 2167 1827 erubuistis
2194 1774 2215 1826 ?
2242 1790 2339 1826 an-

761 1865 862 1900 non
904 1863 1080 1904 mente
1103 1858 1408 1910 excessistis
1434 1859 1456 1910 ?

827 1983 1020 2038 Judicii
1069 1994 1305 2054 postremi
1353 1995 1646 2064 descriptio.
1684 2026 1758 2038 â€”
1794 2000 1947 2064 Quod
1997 2002 2042 2054 si
2091 2019 2230 2056 nunc
2283 2021 2340 2058 rc

760 2080 994 2134 nondum
1029 2094 1317 2150 prazsente,
1339 2087 1433 2140 sed
1462 2087 1637 2141 eflicla
1666 2090 1945 2146 dumtaxat
1976 2105 2134 2164 atque
2161 2098 2341 2149 animo

759 2169 1103 2235 adumbrata,
1133 2176 1463 2230 conscientia
1504 2190 1684 2233 nostra
1719 2196 1854 2248 pene
1885 2198 1984 2237 nos
2030 2186 2336 2251 exanimat;

761 2263 887 2329 quid
918 2264 1131 2319 tandem
1171 2265 1424 2324 faciemus
1445 2311 1461 2335 ,
1493 2285 1613 2325 cum
1659 2272 1772 2328 dies
1821 2276 1910 2329 ille
1944 2279 2183 2341 venerit,
2217 2295 2337 2334 cum

762 2363 904 2410 totus
929 2357 1075 2411 orbis
1107 2369 1367 2415 terrarum
1398 2363 1646 2429 adfuerit,
1679 2383 1798 2421 cum
1829 2371 2002 2439 angeli
2031 2381 2085 2425 et
2111 2373 2339 2426 archan-

757 2449 862 2517 geli
889 2492 904 2514 ,
935 2465 1056 2505 eum
1088 2452 1253 2509 densa
1283 2458 1492 2526 agmina
1516 2500 1530 2522 ,
1562 2470 1721 2529 atque
1765 2464 2003 2518 omnium
2036 2480 2222 2520 cursus
2244 2509 2256 2530 ,
2285 2480 2339 2524 et

761 2551 942 2611 raptus
969 2544 1020 2597 in
1053 2546 1303 2612 nubibus,
1334 2559 1388 2605 ct
1412 2552 1552 2605 acies
1583 2557 1828 2608 tremoris
1853 2558 2175 2625 plena?cum
2201 2562 2337 2615 tubm

755 2632 873 2686 alim
897 2642 1055 2704 atque
1081 2639 1218 2701 alim,
1238 2650 1290 2694 et
1321 2643 1586 2698 tontinua:
1614 2646 1714 2699 illae
1737 2649 1937 2702 voces?
1962 2651 2335 2715 Nani,etiamsi

758 2724 899 2778 nulla
931 2727 1170 2794 gehenua
1199 2743 1355 2796 esset,
1391 2744 1564 2790 tamen
1609 2737 1661 2791 in
1689 2748 1836 2792 tanto
1868 2742 2156 2811 splendore
2187 2748 2333 2815 rejici

758 2825 813 2870 et
861 2833 982 2872 cum
1030 2821 1317 2887 ignominia
1367 2827 1657 2895 secedere,
1705 2840 1960 2900 quantum
2012 2845 2334 2892 tormentum

759 2910 947 2960 esset?
980 2911 1189 2964 Etenim
1222 2915 1265 2966 si
1299 2914 1627 2984 imperatore
1656 2936 1777 2975 cum
1810 2925 1920 2977 suis
1949 2927 2134 2981 urbem
2163 2931 2337 2996 ingre-

759 2999 936 3052 diente
960 3041 972 3062 ,
1009 3016 1157 3056 suam
1188 3006 1412 3075 quisque
1443 3021 1681 3066 nostrum
1728 3028 2089 3084 paupertatem
2122 3021 2334 3076 intuen-

762 3100 861 3154 tes,
894 3108 998 3146 uon
1031 3105 1233 3151 tantum
1262 3114 1325 3153 ex
1361 3102 1661 3168 lmjusmodi
1691 3111 1997 3176 speetaculo
2027 3113 2332 3180 voluptatis,

756 3193 1014 3250 quantum
1057 3203 1120 3241 ex
1175 3204 1270 3250 eo,
1318 3192 1456 3257 quod
1501 3209 1685 3248 earum
1739 3214 1916 3253 rerum
1966 3218 2082 3269 qua:
2133 3205 2335 3257 circum

759 3271 1135 3340 Imperatorem
1176 3289 1301 3332 sunt
1330 3283 1478 3335 nullo
1520 3287 1678 3338 modo
1717 3290 2002 3358 participes
2031 3291 2293 3346 efficimur
2318 3335 2334 3358 ,

758 3377 856 3415 nec
886 3379 1051 3433 prope
1081 3382 1204 3422 eum
1250 3371 1337 3438 qui
1389 3388 1565 3428 rerum
1615 3378 1815 3445 potitur
1845 3394 2048 3447 sumus,
2093 3386 2338 3440 mmroris

756 3456 1033 3524 capimus;
1066 3461 1192 3530 quid
1217 3471 1326 3517 tum
1358 3465 1590 3521 futurum
1632 3472 1755 3525 est?
1801 3488 1869 3527 an
1915 3490 2042 3528 vero
2072 3476 2188 3533 leve
2226 3489 2337 3533 tor-

757 3559 994 3604 mentum
1022 3567 1146 3609 esse
1173 3569 1385 3622 censes,
1421 3575 1526 3614 non
1553 3561 1784 3619 adscribi
1817 3566 1868 3619 in
1899 3566 2046 3622 illum
2072 3569 2332 3637 chorum,

755 3641 821 3695 ad
851 3657 1098 3698 arcanam
1128 3646 1271 3702 illam
1294 3649 1519 3719 gloriam
1547 3668 1653 3709 non
1685 3655 1935 3712 admitti?
1979 3660 2047 3713 ab
2073 3661 2162 3715 illa
2191 3664 2333 3719 cele-

758 3732 954 3787 hritate
980 3749 1042 3789 ac
1074 3735 1245 3803 bonis,
1281 3756 1399 3808 qua:
1449 3743 1595 3797 nullo
1624 3759 1876 3802 sermone
1919 3751 2174 3818 explicari
2208 3769 2334 3822 pose

755 3833 909 3889 sunt,
942 3829 1124 3893 procul
1166 3845 1229 3883 ac
1275 3831 1432 3899 longe
1475 3835 1703 3902 projici?
1748 3838 1879 3890 Cum
1923 3853 2052 3893 vero
2101 3844 2335 3897 tenebrae

756 3914 975 3984 insuper
1003 3917 1140 3982 sint,
1173 3929 1228 3974 et
1252 3920 1490 3976 dentium
1522 3925 1754 3992 stridor,
1801 3938 1854 3982 et
1902 3929 2110 3985 vincula
2138 3933 2336 3987 insolu-

758 4004 904 4071 hilia,
936 4017 991 4061 et
1023 4012 1220 4066 vermis
1262 4012 1612 4082 immortalis,
1654 4028 1709 4073 et
1749 4021 1886 4089 ignis
1927 4037 2213 4094 numquam
2241 4041 2336 4080 ex-

753 4096 1124 4186 stinguendos,
1153 4112 1206 4157 et
1249 4109 1529 4175 oppressio
1557 4120 1716 4179 atque
1753 4113 2017 4182 angustia,
2051 4125 2104 4168 et
2139 4116 2334 4186 lingute

752 4185 1099 4257 conflagratio
1119 4232 1133 4257 ,
1160 4195 1608 4263 quemadmodum
1648 4199 1737 4254 illa
1767 4200 1946 4256 divitis
1968 4245 1981 4265 ,
2008 4219 2129 4257 cum
2159 4185 2330 4273 ejule-

754 4292 877 4331 mus
905 4290 963 4332 et
989 4296 1149 4335 nemo
1169 4285 1388 4350 audiat;
1422 4286 1836 4358 ingemiscamus
1862 4309 1925 4348 ac
1953 4310 2062 4363 prae
2083 4297 2333 4352 dolorum

756 4369 1049 4425 acerbitate
1094 4374 1402 4443 rugiamus,
1433 4386 1489 4432 et
1534 4393 1694 4435 nemo
1731 4385 2002 4452 attendat;
2045 4389 2095 4440 in
2143 4403 2334 4444 omnes

753 4467 934 4526 partes
987 4462 1174 4518 oculos
1223 4479 1598 4524 convertamns
1631 4515 1648 4537 ,
1699 4484 1754 4528 et
1809 4490 2070 4547 nusquam
2119 4480 2191 4534 sit
2241 4481 2330 4550 qui

749 4553 996 4610 solatium
1024 4553 1161 4611 ferat
1188 4573 1201 4612 :
1227 4573 1333 4628 quo
1360 4562 1572 4618 tandem
1601 4565 1722 4619 loco
1765 4583 1859 4622 eos
1907 4572 2328 4636 constituemus,

747 4645 838 4711 qui
867 4644 918 4699 in
947 4655 1090 4701 tanta
1115 4650 1419 4705 calamitate
1446 4655 1840 4712 versabantur?

821 4779 876 4833 4.
909 4780 1044 4846 Quid
1073 4778 1396 4842 illis'animis
1425 4790 1670 4845 miserius
1696 4793 1718 4844 2
1762 4797 1886 4863 quid
1923 4800 2282 4855 miserabilius
2306 4801 2329 4854 ?

750 4866 880 4922 Nam
910 4873 990 4934 si,
1017 4888 1135 4928 cum
1184 4877 1235 4930 in
1276 4894 1548 4934 carcerem
1581 4885 1868 4951 quemdam
1903 4889 2126 4958 ingressi
2148 4934 2163 4958 ,
2195 4894 2329 4946 alios

747 4961 999 5019 aqualttre
1036 4965 1315 5022 confectos
1340 5010 1354 5031 ,
1385 4971 1522 5023 alios
1567 4979 1770 5031 Catenis
1828 4980 2035 5035 vinctos
2070 4998 2134 5037 ac
2187 4983 2330 5038 fame

741 5053 1072 5120 laborantes,
1102 5059 1238 5115 alios
1278 5060 1332 5114 in
1380 5062 1617 5137 tenebris
1664 5067 1877 5125 clausos
1928 5075 2325 5143 conSpicimus,

743 5143 937 5198 animis
981 5159 1384 5207 couimovemur
1431 5168 1494 5208 ac
1541 5157 2035 5232 perhorrescimus,
2089 5167 2329 5236 nihilque

745 5250 849 5290 non
894 5236 1115 5294 facimus
1141 5281 1155 5303 ,
1203 5254 1259 5297 ut
1293 5261 1360 5300 ne
1391 5247 1442 5300 in
1463 5263 1586 5304 eum
1615 5249 1787 5308 locum
1828 5256 2124 5313 incidamus
2158 5278 2169 5312 :
2201 5274 2324 5313 cum

741 5327 807 5382 ad
839 5329 981 5398 ipsos
1007 5333 1267 5401 gehennae
1288 5340 1543 5408 equuleos
1560 5342 1771 5411 abrepti
1795 5346 2084 5403 trahemur.
2110 5353 2324 5419 quinam

743 5419 900 5474 futuri
932 5426 1162 5478 sumus?
1191 5425 1305 5481 Non
1349 5431 1490 5484 enim
1523 5427 1738 5487 vincula'
1778 5435 1867 5488 illa
1918 5455 1982 5490 ex
2015 5439 2155 5494 ferro
2197 5455 2325 5495 can~

743 5511 874 5564 fecta
928 5524 1084 5583 sunt,
1116 5520 1212 5595 sed,
1255 5521 1375 5590 igne
1422 5535 1682 5594 perpetuo
1735 5527 1993 5583 ardenter
2028 5547 2125 5586 nec
2171 5534 2325 5587 nobis

739 5607 972 5672 a-quales
1013 5609 1078 5676 ii,
1109 5613 1197 5681 qui
1229 5615 1531 5670 cruciandis
1575 5619 1729 5672 nobis
1772 5621 2158 5690 praelicientur,
2188 5640 2322 5694 quos

739 5699 900 5753 etiam
927 5717 1295 5772 saepenumero
1341 5709 1550 5776 placare
1580 5726 1779 5778 queas;
1811 5713 1902 5768 sed
1933 5718 2102 5783 angeli
2131 5758 2145 5781 ,
2177 5734 2310 5781 quos

3925 329 4028 383 372

2459 421 2522 459 ne
2564 409 2770 466 obtueri
2799 421 3010 483 quidem
3042 429 3211 490 possis
3236 471 3248 491 ,
3275 444 3490 500 promer
3527 452 3617 489 eas
3640 455 3770 506 quas
3803 442 4025 499 Domino

2470 505 2742 563 intulimus
2759 517 3108 570 contumelias
3132 519 3206 572 ira
3232 523 3531 591 ï¬‚agrantes.
3564 505 3669 584 Nec
3701 547 3831 586 vero
3851 574 3865 596 ,
3891 545 3948 588 ut
3971 536 4023 589 in

2451 594 2550 650 hac
2576 599 2680 651 vita
2698 639 2712 666 ,
2748 616 2968 658 eernere
2988 616 3070 659 est
3092 609 3226 663 alios
3246 613 3334 680 qui
3355 617 3650 684 pecuniam,
3677 620 3810 675 alios
3825 625 3913 692 qui
3943 624 4022 677 ci-

2453 690 2600 756 bum,
2617 695 2704 761 qni
2721 695 3127 753 cohortatorios
3147 718 3426 760 sermones
3437 708 3678 774 afferant,
3700 716 4024 769 consolatio-

2454 798 2682 854 nemque
2702 786 2972 855 aliquam;
3015 807 3197 846 verum
3245 798 3422 850 omnia
3463 799 3568 853 illic
3593 804 3742 855 venia
3795 814 4018 860 carent:

2450 876 2656 930 etiamsi
2683 878 2821 932 adsit
2839 879 2969 945 Noe,
2998 884 3206 938 etiamsi
3224 884 3346 951 Job,
3369 889 3574 942 etiamsi
3601 891 3780 944 Daniel
3803 892 4016 962 (Eucti.

2452 968 2537 1020 14.
2561 969 2648 1037 l5)
2673 1011 2688 1033 ,
2717 985 2780 1023 ac
2809 975 3132 1042 propinquos
3163 979 3457 1046 excruciari
3485 980 3660 1033 vidcat
3685 1023 3700 1045 ,
3731 984 3791 1036 iis
3816 985 4020 1036 auxilio

2450 1075 2570 1115 esse
2601 1079 2704 1115 non
2743 1065 2926 1122 audet.
2951 1065 3082 1119 Nam
3117 1076 3226 1120 tum
3257 1071 3432 1121 omnis
3456 1070 4019 1136 illacommlseratlo,a

2453 1165 2638 1207 natura
2659 1154 2845 1218 indita,
2867 1158 3242 1225 exstinguitur.
3263 1159 3393 1227 Quia
3420 1163 3560 1214 enim
3583 1163 3650 1214 ita
3683 1163 3792 1216 ï¬eri
3825 1173 4019 1233 potest,

2451 1245 2886 1314 utimproborum
2919 1259 3167 1318 parentes
3192 1251 3321 1316 justi
3352 1252 3456 1306 sint
3482 1254 3867 1317 liberorum,ac
3887 1271 4019 1309 con-

2453 1347 2530 1388 tra
2563 1337 2925 1405 improborum
2960 1352 3236 1408 parentum
3272 1342 3397 1409 justi
3429 1343 3554 1406 filii;
3585 1353 3643 1396 ut
3693 1359 3820 1412 pura
3861 1354 4020 1412 atque

2447 1430 2589 1486 omni
2623 1443 2858 1483 interere
2888 1445 3050 1483 vacua
3097 1432 3276 1484 lautitia
3321 1433 3423 1496 sit,
3481 1448 3578 1486 nec
3637 1434 3670 1486 ii
3722 1435 3810 1499 qui
3867 1435 4018 1487 bonis

2451 1517 2552 1571 illis
2580 1515 2844 1582 fruuntur,
2880 1521 3364 1576 commiserationis
3393 1524 3707 1576 necessitate
3739 1533 4019 1591 torquean-

2451 1617 2571 1661 tur:
2605 1609 2743 1676 huuc
2791 1625 3002 1679 quoque
3045 1613 3528 1666 commisemionis
3572 1612 3815 1667 affectum
3848 1615 3898 1666 in
3939 1614 4018 1668 eis

2448 1699 2711 1767 exstingui
2738 1715 2923 1753 assero
2943 1742 2960 1764 ,
2991 1700 3241 1769 ipsosque
3282 1718 3379 1754 una
3414 1717 3532 1755 cum
3566 1703 3791 1760 Domino
3823 1703 4017 1756 advero

2445 1804 2539 1844 sus
2569 1792 2770 1843 viscera
2817 1805 2911 1844 sua
2964 1791 3233 1845 iracundia
3266 1794 3495 1848 incendi.
3525 1793 3656 1847 Nam
3686 1793 3731 1847 si
3775 1794 4018 1862 vulgares

2447 1883 2608 1938 etiam
2637 1882 2903 1948 homines,
2923 1897 3043 1937 cum
3075 1884 3209 1938 lilios
3224 1900 3350 1938 suos
3379 1886 3647 1954 improbos
3668 1901 3786 1940 esse
3815 1885 4013 1946 vident,

2449 1988 2544 2028 eos
2599 1973 2845 2027 abdicant
2899 1983 3058 2043 atque
3103 1991 3130 2026 a
3186 1974 3382 2029 familia
3442 1978 3794 2038 exscindmit;
3848 1977 4016 2030 multo

2447 2077 2574 2116 sane
2603 2064 2770 2131 magis
2800 2062 2848 2115 id
2883 2073 2989 2116 tum
3016 2063 3171 2131 justis
3197 2079 3293 2118 usu
3323 2076 3600 2120 venturum
3631 2077 3729 2121 est.
3756 2067 4012 2132 Quocirca

2447 2169 2604 2207 nemo
2645 2155 2743 2206 sibi
2798 2155 2932 2208 bona
2990 2157 3337 2224 polliceatur,
3368 2160 3410 2211 si
3461 2160 3592 2210 nihil
3623 2159 3743 2212 boni
3795 2158 4012 2221 fecerit,

2448 2247 2689 2314 quamvis
2713 2257 2993 2301 sexcentos
3023 2249 3184 2301 etiam
3206 2249 3382 2314 justos
3411 2265 3537 2301 avos
3571 2250 3760 2303 habeat
3795 2268 3806 2302 :
3843 2250 4013 2303 Unus-

2448 2339 2657 2406 quisque
2703 2339 2834 2390 enim
2886 2339 3086 2406 referet,
3140 2349 3288 2406 prout
3314 2341 3463 2409 gessit
3490 2380 3503 2401 ,
3535 2341 3740 2408 propria
3767 2342 4010 2407 corporis.

2445 2433 2618 2501 Atque
2650 2431 2734 2485 hic
2756 2441 3076 2485 scortatores
3106 2431 3233 2484 mihi
3283 2434 3636 2500 peratriugere
3683 2432 3920 2491 videtur,
3954 2447 4014 2483 ae

2447 2524 2742 2578 futurorum
2787 2525 3166 2592 suppliciorum
3218 2534 3412 2577 metum
3451 2524 3578 2588 ipsis
3628 2523 3883 2588 injicere;
3917 2537 4012 2574 nec

2444 2616 2572 2683 ipsis
2597 2615 2903 2679 dumtaxat,
2935 2615 3112 2668 sedet
3156 2615 3403 2668 omnibus
3425 2614 3511 2682 qui
3568 2617 3617 2664 iu
3662 2614 3768 2664 alio
3815 2614 4016 2665 sectere

2445 2721 2565 2757 sese
2593 2705 2921 2758 devinciunt.
2959 2704 3081 2758 llmc
3111 2705 3270 2774 igitur
3315 2717 3412 2758 nos
3439 2719 3644 2770 quoque
3694 2703 3964 2754 audiamus
4000 2746 4008 2751 _

2447 2798 2489 2849 si
2521 2797 2752 2850 libidinis
2782 2797 2902 2864 igne
2930 2797 3156 2865 ï¬‚agres,
3188 2797 3362 2864 ignem
3411 2795 3558 2848 illum
3586 2810 3827 2858 optione;
3858 2805 4014 2861 atque

2445 2892 2528 2941 hic
2579 2890 2858 2942 confestim
2913 2890 3281 2956 exstinguetur
3326 2899 3377 2939 et
3422 2902 3609 2939 evai..--
3655 2896 3704 2934 et.
3736 2927 3743 2933 .
3777 2886 3819 2936 si
3849 2886 3970 2953 quid
3998 2928 4010 2944 ,

2442 2981 2581 3049 quod
2628 2982 2883 3032 absonum
2914 2982 3011 3043 sit,
3045 2980 3184 3046 loqui
3230 2980 3424 3043 gestis,
3460 2978 3700 3030 (á¼Î¹-Î·Î±Ï…Ï€Ï„
3735 2976 4012 3028 stridorem

2442 3073 2654 3138 cogita;
2687 3081 2740 3123 et
2783 3070 2917 3122 freni
2973 3071 3140 3122 instar
3200 3070 3287 3119 tibi
3342 3068 3424 3119 hic
3473 3077 3645 3118 metus
3695 3067 3796 3117 erit
3829 3064 3908 3116 :si
3936 3067 4015 3116 vis

2443 3162 2667 3229 cuipiam
2695 3159 2891 3227 aliquid
2924 3160 3134 3226 eripere
3161 3199 3176 3222 ,
3205 3157 3325 3209 audi
3373 3156 3613 3210 .ludiccm
3669 3156 4011 3223 imperantem

2443 3266 2506 3304 ac
2530 3251 2818 3312 dicentem,
2853 3247 3030 3316 Ligate
3081 3264 3260 3300 "ianus
3308 3247 3417 3315 ejus
3447 3263 3509 3298 ac
3537 3245 3686 3314 pedes
3712 3288 3724 3306 ,
3759 3256 3804 3297 et
3853 3248 4016 3313 ejit'ite

2443 3359 2555 3396 eum
2608 3343 2661 3394 in
2703 3342 2929 3395 tenebras
2979 3342 3244 3393 exteriores
3272 3338 3596 3408 (Hattli.-9.2.
3629 3339 3716 3406 15)
3751 3356 3762 3388 :
3789 3339 3858 3391 ita
3887 3340 3970 3390 lict
3995 3380 4008 3398 ,

2445 3446 2501 3489 ut
2543 3434 2678 3489 hanc
2725 3435 3071 3504 cupiditatem
3126 3434 3396 3486 exturbes.
3432 3433 3487 3486 Si
3519 3431 3642 3486 vino
3687 3432 3892 3484 deditus
3919 3447 4008 3492 es,

2442 3542 2541 3582 nec
2567 3542 2596 3581 a
2620 3528 2833 3598 crapula
2866 3527 3100 3580 abstrahi
3134 3536 3307 3596 potes,
3337 3524 3459 3578 audi
3487 3523 3710 3578 divitem
3741 3524 3884 3576 illum
3929 3523 4009 3576 di-

2442 3634 2671 3685 centem,
2703 3621 2849 3676 Mitte
2873 3620 3167 3685 Lazarum,
3193 3629 3253 3674 ut
3279 3628 3524 3675 extremo
3557 3618 3724 3687 digito
3775 3631 3873 3670 suo
3911 3617 4013 3669 liu-

2439 3729 2596 3783 guam
2651 3726 2823 3766 meam
2867 3713 3003 3782 ignis
3033 3711 3224 3765 ardore
3279 3708 3695 3778 conflagrantem
3741 3705 4016 3775 refrigeret

2441 3803 2593 3872 (Luc.
2625 3801 2713 3858 l6.
2741 3803 2867 3872 24),
2897 3812 3219 3856 nec-tamen
3270 3800 3322 3853 id
3376 3799 3746 3853 obtinentem:
3799 3797 3868 3850 ita
3913 3796 4015 3849 hoc

2443 3898 2571 3951 vitio
2596 3897 2840 3950 laborare
2867 3896 3101 3950 desines.
3131 3893 3186 3948 Si
3213 3892 3520 3948 deliciarum
3571 3904 3756 3943 amore
3781 3889 3976 3943 teneris
3995 3928 4012 3949 ,

2441 3987 2785 4042 afï¬‚ictionem
2812 3989 2952 4041 illam
2983 3996 3036 4040 et
3062 3987 3358 4054 angustiam
3385 3985 3578 4054 cogita,
3609 3993 3662 4040 et
3702 3981 3920 4037 delicias
3949 3999 4016 4035 ue

2443 4079 2659 4148 quidem
2685 4079 2946 4147 cogitabis
2972 4095 2987 4131 :
3018 4079 3062 4132 si
3092 4093 3265 4132 saevus
3294 4087 3348 4132 et
3373 4077 3608 4132 crudelis
3632 4091 3711 4138 es,
3746 4076 4010 4144 virginum

2441 4170 2652 4224 illarum
2682 4171 2772 4225 tibi
2822 4171 2872 4223 in
2911 4178 3145 4225 mentem
3200 4168 3412 4234 veniat,
3444 4183 3561 4237 quae
3609 4166 3681 4220 ob
3721 4167 4015 4221 exstinctas

2441 4260 2711 4328 lampadas
2736 4260 2802 4314 ad
2853 4259 3140 4314 thalamum
3190 4260 3407 4313 minime
3451 4256 3698 4311 admissa:
3748 4263 3905 4318 sunt;
3959 4263 4013 4308 et

2441 4351 2824 4407 humanitatem
2854 4367 3012 4422 quam
3044 4351 3277 4420 primum
3304 4349 3512 4402 indues.
3540 4345 3645 4401 Sed
3698 4345 3923 4415 segnitie
3951 4358 4014 4397 ac

2440 4444 2692 4512 languore
2735 4443 2960 4511 torpes?
2990 4441 3174 4508 Cogita
3221 4454 3343 4493 eum
3389 4439 3478 4507 qui
3508 4438 3762 4492 talentum
3789 4437 4012 4490 abst-on-

2437 4533 2554 4594 dit;
2588 4544 2640 4588 et
2671 4535 2844 4602 ignem
2877 4535 3049 4602 ipsum
3081 4529 3372 4585 acrimonia
3402 4530 3601 4582 vinces.
3631 4527 3739 4581 Sed
3787 4527 4012 4579 fortasse

2437 4625 2728 4680 alienarum
2757 4635 2916 4694 epam
2944 4624 3206 4692 cupiditas
3237 4631 3288 4676 te
3317 4619 3562 4673 arrodit?
3593 4616 3833 4671 Vermem
3865 4617 4009 4670 illum

2439 4717 2789 4771 immortalem
2820 4717 2874 4769 in
2903 4725 3082 4769 mente
3112 4714 3280 4776 habe;
3311 4726 3373 4765 ac
3401 4707 3654 4780 perfacile
3697 4707 3836 4758 hunc
3867 4721 4009 4758 mor-

2438 4807 2562 4861 bum
2596 4808 2923 4876 prolligabis,
2952 4815 3006 4860 et
3029 4805 3132 4858 alia
3164 4803 3341 4856 omnia
3372 4801 3466 4854 Dei
3517 4806 3781 4867 praecepta
3827 4797 4005 4862 exple-

2436 4901 2520 4953 bis
2546 4917 2558 4952 :
2585 4914 2756 4968 neque
2783 4899 2927 4952 enim
2960 4897 3048 4950 ille
3077 4893 3363 4964 quidquam
3406 4888 3597 4943 durum
3619 4903 3681 4941 ac
3704 4901 3864 4956 grave
3909 4889 4008 4938 im-

2439 4991 2658 5057 peravit.
2690 4990 2840 5045 Unde
2886 4989 2945 5042 fit
2997 4987 3195 5055 igitur,
3249 4991 3304 5034 ttt
3352 4994 3470 5047 quae
3515 4977 3719 5040 edixit,
3783 4977 4003 5028 molesta

2437 5082 2591 5135 nobis
2618 5080 2895 5133 vidcantur
2920 5079 2941 5129 â€™á¼’
2974 5076 3068 5130 Est
3093 5070 3337 5128 socordia
3384 5076 3562 5122 nostra
3608 5077 3660 5119 ct
3703 5066 3908 5119 inertia.
3943 5067 4007 5121 Ut

2437 5174 2604 5236 enim,
2630 5171 2673 5224 si
2707 5169 2936 5222 studium
2970 5182 3031 5220 ac
3065 5161 3392 5230 diligentiam
3421 5158 3800 5220 adhibeamus,
3846 5159 4003 5209 etiam

2436 5279 2550 5330 qtue
2581 5260 2914 5314 intoleranda
2947 5258 3228 5312 videntur,
3274 5252 3444 5303 facilia
3475 5259 3529 5303 et
3554 5251 3685 5303 levia
3716 5258 3906 5310 erunt;
3939 5250 4008 5300 ita

2435 5354 2476 5404 si
2526 5350 2728 5406 desidia
2773 5349 3077 5402 labOrcmns
3108 5388 3119 5404 ,
3148 5344 3305 5396 etiam
3363 5358 3480 5410 qum
3531 5339 3821 5394 tolerabilia
3851 5344 4006 5392 siml.

2433 5443 2667 5497 difï¬cilia
2700 5441 2853 5493 nobis
2876 5438 3225 5507 apparebunt.
3261 5433 3382 5485 "(PC
3427 5434 3599 5500 itaque
3643 5431 3820 5484 Omnia
3866 5425 4010 5497 Pugi-

2441 5546 2631 5597 tantes,
2669 5550 2774 5586 non
2825 5549 2917 5587 eos
2963 5534 3052 5600 qui
3108 5527 3314 5582 deliciis
3348 5526 3614 5593 iuduigenl
3684 5533 3964 5590 .pectemus
3995 5563 4008 5587 ,

2437 5630 2528 5682 sed
2572 5627 2692 5694 quis
2735 5639 2916 5676 eorum
2968 5624 3036 5677 sit
3085 5625 3290 5680 exitus;
3335 5618 3419 5672 hic
3470 5631 3663 5672 nempe.
3707 5621 3908 5667 stercus
3954 5623 4007 5705 et

2439 5721 2676 5782 corporis
2705 5718 2959 5780 obesitas,
2990 5715 3096 5767 illic
3124 5713 3314 5765 vermis
3350 5721 3401 5764 et
3432 5710 3571 5780 ignis
3602 5727 3613 5760 :
3647 5722 3748 5763 non
3780 5721 3867 5759 eos
3916 5722 4002 5772 qm
