4568 6424
158 489 269 549 ιη

159 606 339 661 aliena
366 600 599 672 rapiunt,
629 594 724 652 sed
752 592 875 665 quis
892 603 1082 648 eorum
1106 587 1176 643 sit
1196 585 1355 651 finis;
1383 583 1472 639 hic
1495 580 1750 637 videlicet

160 711 310 751 cum
335 708 402 749 ac
426 698 601 747 metus
625 696 682 744 et
704 698 935 755 angores
950 720 968 751 ,
992 680 1103 736 illic
1125 676 1340 737 vincula
1388 672 1696 731 insolubili:
1730 691 1745 727 :

161 804 274 844 non
299 799 397 842 eos
420 783 512 855 qui
538 781 723 854 gloriae
766 774 947 832 studio
986 771 1256 829 ducuntur
1277 808 1294 833 ,
1320 765 1418 824 sed
1442 764 1571 837 quid
1591 780 1655 820 ex
1684 780 1747 820 ea

163 885 455 940 nascatur;
484 873 588 929 hoc
606 877 711 936 est,
736 869 967 925 servitus
1001 864 1089 919 hic
1112 872 1166 918 et
1204 855 1608 925 simulationes,
1637 856 1749 912 illic

161 974 423 1028 damnum
450 962 785 1025 intolerabile
796 976 862 1016 ac
889 965 1177 1040 perpetuus
1202 950 1431 1040 ﬂammis
1456 949 1746 1040 cruciatus.

160 1062 298 1119 Nam
336 1060 386 1117 si
424 1059 541 1114 hac
565 1069 691 1113 cum
733 1050 929 1108 animis
956 1038 1156 1103 nostris
1184 1038 1549 1108 diiseramus,
1586 1048 1647 1097 et
1672 1039 1749 1094 si-

166 1153 314 1210 milia
362 1150 542 1223 pravis
586 1141 969 1221 wpiditatibus
1017 1135 1220 1193 nostris
1268 1132 1611 1223 occinamus,
1643 1129 1751 1185 cito

162 1222 510 1316 praesentium
540 1252 724 1297 rerum
763 1245 1003 1291 amorem
1048 1226 1419 1299 espellemus,
1445 1231 1504 1278 et
1550 1222 1752 1316 futura-

162 1311 285 1392 rum
316 1332 683 1391 incendemus.
709 1323 1061 1383 [mandamus
1103 1319 1264 1391 igitur
1302 1330 1426 1374 eum
1467 1322 1629 1385 atque
1672 1311 1752 1366 in-

160 1427 525 1481 dammemus.
548 1421 679 1476 Nam
709 1418 756 1473 si
781 1418 971 1470 harum
999 1425 1181 1467 rerum
1206 1406 1482 1478 cogitatio,
1508 1401 1753 1476 quamvis

161 1519 393 1573 obscura
416 1516 504 1582 sit,
532 1521 733 1568 tantam
762 1504 919 1563 atl‘ert
937 1502 1263 1573 voluptatem
1288 1498 1516 1567 :cogita,
1543 1506 1748 1565 qumso,

1226 471 1294 530 IN
1331 466 1546 530 EPIST.
1587 466 1631 524 Il
1692 466 1787 523 AD
1823 465 1977 524 00R.
2019 464 2247 524 lIOIllL.
2290 466 2381 525 XI.

3334 471 3437 530 ιη

1853 590 2110 651 quantum
2154 581 2532 639 oblectamenti
2556 584 2834 655 perspicua
2858 598 3043 643 earum
3077 585 3260 643 fruitio
3274 589 3437 646 nobis

1853 673 2076 730 allatura
2104 675 2192 730 sit.
2222 675 2373 731 Beati
2396 690 2458 731 ac
2481 684 2563 733 ter
2581 686 2636 733 et
2655 676 2853 748 sapius
2877 676 3043 747 beati,
3066 678 3263 750 quibus
3281 681 3439 738 bonis

1856 764 2076 822 illisfr‘ui
2094 767 2344 838 contigit:
2369 769 2818 840 quemadmodum
2845 783 3032 828 contra
3062 773 3243 829 miseri
3268 788 3337 830 ac
3356 782 3441 832 ter

1856 855 2059 924 miseri,
2089 858 2180 929 qui
2202 860 2473 916 contraria
2497 860 2581 917 bis
2610 860 2750 917 mala
2777 863 3072 932 patiuntur.
3101 863 3171 921 Ut
3202 879 3334 937 ergo
3371 880 3437 921 ex

1858 946 2092 1015 illorum,
2125 963 2231 1004 non
2253 966 2320 1006 es
2349 950 2542 1007 horum
2572 968 2798 1010 numero
2825 955 2995 1011 simus
3014 994 3033 1023 ,
3061 956 3274 1013 virtutis
3316 967 3434 1013 stu-

1856 1036 2003 1093 dium
2027 1053 2410 1110 capessamus:
2440 1042 2519 1099 sic
2565 1043 2710 1100 enim
2738 1045 2806 1101 ad
2845 1044 3019 1103 futura
3062 1047 3200 1104 bona
3248 1062 3437 1118 perve-

1860 1131 2067 1187 niemus
2096 1149 2109 1187 :
2137 1134 2203 1188 ad
2253 1149 2375 1205 qua:
2424 1137 2626 1192 utinam
2668 1139 2951 1208 pervenire
3004 1141 3159 1196 nobis
3194 1141 3442 1196 omnibus

1856 1220 2050 1289 detur,
2078 1238 2174 1293 per
2213 1226 2437 1295 gratiam
2490 1236 2545 1283 et
2587 1228 2968 1301 benignitatem
3014 1230 3228 1288 Domini
3262 1236 3435 1290 nostri

1855 1311 1985 1368 Jesu
2029 1313 2265 1382 Christi,
2312 1317 2398 1373 cui
2442 1334 2563 1375 cum
2610 1320 2769 1378 Patre
2805 1331 2862 1378 et
2909 1333 3097 1379 sancto
3147 1323 3351 1395 Spiritu
3374 1327 3445 1382 sit

1856 1402 2045 1473 gloria,
2073 1404 2384 1475 imperium,
2419 1408 2625 1477 honor,
2654 1426 2797 1469 nunc
2823 1422 2875 1470 et
2901 1428 3114 1485 semper
3135 1456 3149 1480 ,
3178 1426 3233 1471 et
3259 1414 3313 1471 in
3343 1431 3443 1471 sa:-

1857 1493 1976 1547 cula
2001 1497 2342 1552 seculorum.
2373 1502 2567 1556 Amen.

167 1645 3445 1688 Μ

1571 1743 1919 1807 HOMILIA
1963 1742 2077 1807 XI.

159 1960 297 2015 Car.
329 1958 383 2014 5.
413 1972 466 2011 ν.
492 1956 580 2011 II.
611 1953 841 2009 Scientcs
884 1963 1006 2020 ergo
1043 1944 1273 2001 umorem
1309 1934 1518 1993 Domini
1540 1974 1557 1998 ,
1591 1930 1755 1986 homi-

246 2054 396 2109 m’bes
420 2049 709 2109 suadentis,
739 2042 850 2098 Deo
876 2048 1046 2094 autem
1075 2031 1334 2104 manifesti
1357 2042 1534 2086 sums
1561 2041 1580 2079 :
1606 2037 1755 2093 spero

234 2159 411 2206 autent
457 2160 549 2200 nos
585 2150 633 2197 et
658 2141 713 2194 in
741 2132 1064 2192 conscientiis
1092 2127 1271 2184 vestris
1295 2122 1593 2193 manifestos
1626 2132 1755 2172 esse.

238 2243 294 2298 l.
325 2240 453 2295 llaec
481 2236 642 2307 igitur
684 2231 918 2286 scientes
941 2265 957 2291 ,
1004 2221 1214 2292 inquit,
1240 2218 1346 2273 hoc
1385 2223 1503 2281 est,
1533 2212 1759 2266 horren-

160 2337 295 2391 dum
322 2331 452 2388 illud
500 2325 769 2391 tribunal,
809 2333 1024 2377 omnem
1054 2326 1274 2386 operam
1316 2308 1636 2366 adhibemus
1657 2342 1674 2368 ,
1702 2310 1765 2357 ut

166 2444 237 2483 ne
279 2438 466 2480 ansam
518 2419 683 2475 ullam
728 2414 882 2471 vobis
903 2413 1096 2468 demus
1122 2416 1215 2463 aut
1260 2399 1641 2461 otlendiculnm
1670 2404 1764 2451 aut

164 2520 360 2574 falsam
405 2514 640 2585 aliquam
670 2507 957 2564 adversum
987 2517 1086 2558 nos
1123 2498 1279 2555 malae
1320 2492 1547 2551 actionis
1587 2488 1763 2585 suspi-

164 2614 403 2665 cionem.
428 2582 622 2661 Viden‘
642 2606 953 2656 accuratum
996 2594 1121 2650 vitae
1164 2589 1467 2645 institutum
1496 2582 1763 2639 studium-

164 2718 274 2775 que
313 2699 507 2754 anima:
547 2690 837 2749 sollicitae?
862 2688 1047 2757 Neque
1070 2682 1215 2739 enim
1246 2687 1360 2734 tum
1405 2676 1578 2775 solum
1604 2686 1763 2775 accu-

166 2761 388 2858 samur,
416 2803 538 2844 cum
568 2784 696 2857 quid
727 2782 851 2837 mali
882 2773 1347 2850 perpetravimus;
1379 2767 1474 2824 sed
1517 2761 1763 2837 quamvis

166 2887 334 2942 etiam
366 2880 501 2937 nihil
548 2884 959 2950 perpetremus,
998 2878 1177 2923 tamen
1224 2864 1269 2919 si
1300 2863 1353 2918 in
1402 2858 1763 2928 suspicionem

169 2976 479 3037 veniamus,
508 2983 607 3025 nec
631 2981 749 3023 eam
791 2960 1001 3019 amoliri
1026 3000 1043 3027 ,
1091 2971 1214 3013 cum
1244 2955 1403 3009 liceat
1426 2993 1443 3018 ,
1468 2961 1722 3005 curemus
1746 2985 1760 3010 ,

169 3082 363 3139 poenas
389 3064 571 3134 utique
597 3056 825 3115 subituri
868 3067 1075 3111 sumus.
1107 3048 1197 3106 I2.
1226 3046 1349 3102 Non
1396 3046 1577 3099 iterum
1620 3056 1762 3094 com-

171 3136 480 3216 mendamus
522 3171 615 3210 nos
668 3150 806 3207 vobis
828 3192 842 3215 ,
897 3148 987 3205 sed
1033 3143 1349 3201 occasionem
1385 3139 1523 3194 vobis
1581 3136 1763 3190 damus

176 3248 438 3323 gloriandi
468 3264 559 3319 pro
587 3245 751 3300 nobis.
779 3241 915 3297 Vide
953 3235 1226 3310 quomodo
1274 3233 1583 3303 frequenter
1623 3228 1766 3299 ejus-

179 3343 329 3399 modi
358 3340 716 3410 snSpicionem
766 3350 797 3390 a
839 3349 900 3390 se
930 3338 1203 3388 removeat
1226 3369 1241 3393 ,
1290 3326 1444 3398 quasi
1496 3338 1622 3380 suas
1654 3324 1767 3393 ipse

174 3435 367 3491 laudes
392 3445 588 3488 canere
630 3428 901 3484 videatur.
928 3423 1072 3480 Nihil
1098 3421 1244 3479 enim
1290 3416 1511 3490 perinde
1557 3414 1768 3471 audito-

176 3540 297 3581 rum
320 3522 529 3578 animos
554 3516 801 3581 oll‘endit,
832 3524 893 3570 ut
918 3514 1190 3583 cumquis
1237 3523 1427 3580 magna
1458 3516 1512 3564 et
1560 3506 1761 3563 eximia

177 3615 425 3686 quaedam
471 3610 542 3667 de
577 3625 639 3665 se
683 3607 957 3678 praedicat.
990 3604 1252 3671 Quoniam
1295 3602 1457 3671 igitur
1501 3599 1554 3653 in
1598 3597 1757 3665 hujus

178 3704 488 3777 argumenti
542 3713 848 3757 sermonem
901 3695 1138 3750 incidere
1200 3704 1426 3747 necesse
1472 3688 1764 3750 habuerat,

178 3795 573 3852 correctionem
628 3788 872 3846 adhibuit
916 3786 1103 3841 dicens
1141 3802 1153 3837 :
1217 3782 1331 3837 lloc
1377 3778 1541 3835 vestri
1604 3792 1767 3832 causa

181 3888 286 3943 feci
314 3928 330 3951 ,
361 3899 468 3940 non
500 3892 681 3939 nostra
707 3923 723 3947 ,
755 3889 816 3936 ut
844 3877 1086 3933 habeatis
1114 3873 1256 3931 unde
1283 3869 1589 3944 gloriemini
1611 3911 1627 3937 ,
1657 3882 1766 3923 non

183 3994 287 4034 nos
319 3995 337 4033 :
366 3991 541 4047 neque
582 3974 633 4030 id
682 3972 996 4043 simpliciter
1016 4011 1029 4035 ,
1062 3966 1157 4023 sed
1182 3972 1403 4038 propter
1431 3960 1599 4018 falsos
1634 3975 1768 4031 apo-

183 4070 377 4125 stolos.
409 4066 561 4123 Unde
588 4066 750 4121 etiam
777 4061 1032 4127 subdidit,
1064 4060 1140 4113 Ad
1178 4074 1263 4113 eos
1294 4057 1380 4126 qui
1410 4055 1465 4109 in
1496 4054 1627 4127 facie
1654 4053 1768 4121 glo-

182 4163 427 4225 riantur,
482 4166 531 4212 et
582 4173 683 4211 non
731 4156 786 4209 in
831 4153 1002 4209 corde.
1032 4150 1261 4205 Videsne
1304 4159 1362 4203 ut
1406 4146 1507 4217 hos
1553 4146 1621 4200 ab
1669 4144 1773 4198 illis

181 4248 509 4310 abduxerit,
559 4254 721 4316 atque
758 4245 826 4298 ad
868 4259 993 4299 suas
1035 4252 1218 4311 partes
1258 4238 1614 4307 pertraxerit,
1647 4248 1769 4289 cum

185 4340 321 4396 illud
344 4335 599 4403 ostendit,
624 4334 768 4405 quod
792 4334 890 4403 ipsi
917 4346 1128 4401 quoque
1148 4328 1413 4385 Corinthii
1437 4328 1773 4382 occasionem

186 4435 424 4503 aliquam
452 4430 691 4499 arripere
734 4425 983 4497 cupiant,
1010 4438 1113 4493 qua
1141 4422 1307 4492 ipsius
1348 4434 1563 4474 causam
1596 4420 1773 4484 tueri,

186 4526 366 4595 iisque
417 4536 446 4575 a
494 4519 688 4590 quibus
730 4519 784 4572 in
844 4516 1047 4571 crimen
1102 4512 1392 4568 vocabatur
1450 4510 1776 4580 respondere

186 4616 431 4689 queant?
454 4612 571 4668 Non
598 4612 775 4678 enim,
828 4610 1033 4681 inquit,
1059 4608 1173 4662 hinc
1206 4621 1273 4661 eo
1302 4605 1528 4661 dicimus
1548 4644 1566 4672 ,
1590 4613 1647 4660 ut
1672 4604 1772 4674 ipsi

186 4708 511 4780 gloriemur,
541 4704 636 4761 sed
664 4714 722 4759 ut
750 4718 847 4759 vos
878 4716 974 4774 pro
1009 4699 1162 4755 nobis
1186 4698 1413 4753 liberam
1438 4712 1623 4751 vocem
1649 4696 1777 4750 mit-

190 4812 312 4857 tere
342 4800 560 4871 possitis
598 4816 613 4853 :
656 4797 709 4854 id
735 4796 880 4868 quod
921 4792 1160 4853 hominis
1210 4801 1327 4848 erat
1368 4794 1638 4864 ingentem
1670 4792 1776 4848 illis

188 4907 322 4962 erga
350 4906 409 4945 se
456 4904 697 4945 amorem
749 4886 1125 4944 testificantis:
1161 4898 1260 4939 nec
1300 4898 1428 4940 vero
1472 4894 1530 4940 ut
1570 4894 1774 4940 tantum

187 4980 540 5053 gloriemiui,
568 4978 667 5037 sed
713 4979 875 5035 etiam
922 4988 983 5034 ut
1032 4992 1099 5033 ne
1132 4976 1202 5031 ab
1244 4973 1375 5045 ipsis
1426 4975 1481 5028 in
1530 4975 1775 5031 fraudem

191 5071 568 5143 impellamini.
592 5070 727 5125 illud
755 5072 933 5124 tamen
984 5068 1125 5124 haud
1163 5075 1351 5136 aperte
1400 5064 1559 5132 dicit,
1586 5082 1777 5121 verum

190 5163 502 5220 mitioribus
529 5148 661 5216 aliis
692 5159 873 5214 verbis
900 5158 1144 5215 eamdem
1184 5172 1297 5214 rem
1342 5156 1683 5229 aggreditur,
1715 5172 1780 5214 ac

189 5256 334 5310 citra
380 5238 595 5307 illorum
656 5250 1087 5323 perstrictionem
1141 5249 1382 5305 dicens:
1427 5246 1495 5303 Ut
1546 5247 1773 5302 habeatis

190 5346 336 5401 unde
358 5343 641 5415 giariemini
662 5342 732 5396 ad
757 5356 844 5396 eos
865 5378 883 5408 ,
908 5342 995 5413 qui
1020 5342 1075 5396 in
1099 5341 1230 5413 [acie
1248 5341 1555 5412 gloriantur.
1582 5340 1659 5394 Ac
1708 5354 1776 5395 ne

192 5440 312 5492 hoe
331 5433 547 5505 quidem
572 5444 776 5490 temere
794 5440 851 5487 et
867 5431 985 5488 sine
1001 5445 1161 5489 causa
1191 5432 1261 5487 ab
1285 5432 1350 5487 iis
1378 5430 1490 5487 tleri
1516 5430 1649 5494 vult,
1679 5430 1775 5486 sed

191 5543 315 5585 tum
342 5527 558 5583 demum
576 5567 594 5593 ,
619 5540 746 5583 cum
787 5537 885 5581 eos
931 5523 1248 5580 insolentius
1289 5538 1414 5580 sese
1440 5520 1632 5578 efferre
1652 5536 1783 5578 con-

192 5617 479 5689 spexerint
515 5632 534 5671 :
574 5615 770 5686 ubique
809 5612 957 5669 enim
994 5614 1333 5670 occasionem
1378 5611 1629 5683 exquirit.
1658 5611 1775 5667 Non

193 5707 383 5775 igitur,
411 5706 743 5778 ut'seipsum
783 5704 1045 5760 illustrem
1080 5702 1365 5769 ostendat,
1394 5702 1489 5759 sed
1530 5711 1590 5757 ut
1618 5701 1739 5757 illos
1763 5743 1778 5769 ,

192 5804 529 5867 prapostere
554 5804 716 5866 atque
738 5793 795 5850 in
815 5791 1217 5850 Corinthiorum
1244 5793 1628 5850 detrimentum
1650 5806 1775 5850 sese

195 5881 570 5959 venditantes,
598 5894 906 5961 compescat
929 5925 945 5954 ,
978 5884 1081 5944 hoc
1102 5885 1247 5945 facit.
1271 5884 1409 5956 Quid
1430 5894 1611 5942 autem
1653 5898 1736 5944 est
1757 5928 1771 5956 ,

1868 1931 1929 1988 In
1974 1935 2150 2005 facie?
2194 1938 2250 1996 lu
2280 1942 2348 1999 iis
2370 1984 2386 2009 ,
2434 1960 2555 2015 qua:
2585 1949 2757 2005 oculis
2796 1961 3093 2007 cernuntur
3116 1994 3133 2019 ,
3162 1962 3325 2027 atque
3369 1956 3435 2011 ad

1864 2030 2280 2090 ostentationem
2326 2036 2571 2093 tendunt.
2602 2038 2716 2095 Tali
2761 2041 2905 2097 enim
2950 2042 3133 2101 animo
3178 2044 3255 2099 illi
3303 2060 3441 2117 pra:-

1863 2118 1961 2175 diti
1986 2132 2178 2190 erant,
2208 2134 2266 2180 ut
2316 2128 2407 2196 qui
2448 2128 2515 2183 ad
2570 2129 2804 2188 honores
2852 2142 2905 2189 ct
2943 2135 3169 2205 gloriam
3211 2137 3452 2195 actiones

1865 2226 1990 2267 suas
2040 2226 2229 2271 omnes
2277 2216 2545 2276 referrent
2588 2221 2841 2293 intusque
2885 2225 3071 2281 inanes
3107 2234 3329 2294 essent,
3383 2243 3447 2283 ac

1870 2304 2082 2372 pietatis
2104 2308 2320 2378 quidem
2349 2311 2551 2368 larvam
2596 2324 2852 2385 gererent
2893 2318 3286 2393 gravitatisque
3329 2335 3454 2391 spe—

1868 2396 2005 2451 ciem
2054 2396 2349 2485 haberent,
2390 2410 2647 2459 caeterum
2696 2405 2855 2463 bonis
2883 2409 3137 2479 operibus
3179 2419 3453 2467 carerent.

1873 2487 1962 2543 15.
2004 2488 2126 2544 Sive
2167 2491 2301 2545 enim
2347 2503 2509 2549 mente
2568 2497 2899 2565 accedimus,
2951 2498 3102 2566 Deo;
3144 2501 3249 2556 sive
3299 2502 3456 2557 sobrii

1868 2597 2075 2647 sumus,
2107 2583 2262 2639 vobis.
2286 2583 2411 2641 Sive
2449 2587 2593 2642 enim
2619 2628 2634 2652 ,
2668 2589 2877 2659 inquit,
2906 2578 3085 2661 magni
3123 2593 3325 2663 aliquid
3365 2594 3449 2649 ln-

1867 2688 2097 2743 quamur
2126 2676 2290 2747 (nam
2336 2678 2439 2734 hoc
2488 2682 2684 2737 mentis
2731 2697 3014 2739 excessum
3057 2694 3251 2753 vocat,
3302 2693 3452 2741 utet

1867 2764 1973 2819 alio
1993 2765 2110 2821 loco
2127 2768 2530 2843 insipientiam),
2552 2773 2641 2827 Dei
2661 2788 2820 2829 causa
2834 2773 3075 2841 facimus,
3100 2792 3167 2833 ne
3187 2791 3300 2844 vos,
3321 2778 3458 2838 dunt

1868 2855 1936 2911 de
1959 2855 2113 2912 nobis
2140 2866 2197 2913 ut
2218 2860 2409 2917 vilibus
2428 2863 2766 2931 existimatis,
2786 2868 3116 2938 contemptui
3136 2875 3232 2926 nos
3251 2868 3451 2926 habeav

1871 2948 1937 3004 tis
1964 2963 2027 3004 ac
2055 2952 2285 3019 pereatis
2309 2972 2323 3009 :
2350 2956 2462 3011 sive
2489 2955 2688 3014 humile
2711 2959 2909 3030 aliquid
2931 2975 2994 3016 ac
3020 2960 3333 3030 demissum,
3358 2979 3453 3018 ve-

1869 3042 1965 3097 stri
2012 3045 2180 3112 gratia
2233 3046 2333 3102 hoc
2360 3048 2603 3114 facimus,
2634 3061 2691 3105 ut
2720 3051 2963 3109 modeste
2991 3052 3060 3108 de
3079 3053 3231 3109 vobis
3252 3054 3456 3111 sentire

1869 3134 2106 3192 discetis.
2150 3138 2245 3195 Vel
2272 3141 2432 3196 etiam
2473 3142 2575 3199 hoc
2602 3145 2697 3212 ait,
2728 3144 2786 3200 Si
2810 3147 2930 3215 quis
2958 3162 3057 3202 nos
3083 3147 3316 3203 insanire
3341 3152 3456 3204 exi-

1870 3231 2068 3296 stimat,
2124 3246 2154 3285 a
2193 3230 2306 3287 Deo
2346 3243 2567 3305 propter
2608 3251 2768 3305 quem
2828 3237 2880 3291 in
2913 3238 3050 3293 hanc
3088 3240 3452 3308 suspicionem

1872 3324 2137 3391 venimus,
2181 3326 2486 3382 mercedem
2513 3327 2869 3399 efﬂagitamus
2894 3348 2907 3385 :
2935 3331 3017 3385 sin
3048 3340 3226 3386 autem
3253 3346 3352 3387 nos
3372 3347 3458 3387 sa—

1874 3430 1956 3469 me
2000 3417 2195 3471 mentis
2237 3432 2358 3472 esse
2402 3428 2609 3484 censet,
2640 3419 2847 3483 fruatur
2886 3421 2977 3477 ille
3002 3436 3131 3477 sane
3160 3430 3340 3478 nostra
3371 3437 3459 3478 so-

1873 3505 2117 3562 brietate.
2162 3508 2241 3563 Ac
2261 3524 2452 3567 rursus
2476 3510 2652 3578 aliter,
2685 3509 2924 3568 Insanire
2956 3528 3054 3569 nos
3083 3516 3345 3585 quispiam
3371 3514 3455 3571 di-

1872 3594 1988 3648 cit?
2031 3596 2256 3666 Propter
2300 3599 2468 3654 Deum
2517 3600 2822 3669 hujusmodi
2867 3602 3071 3669 insania
3104 3603 3455 3660 laboramus:

1873 3684 2016 3740 unde
2062 3687 2226 3742 etiam
2267 3689 2468 3753 subdit,
2512 3663 2605 3745 ηξ
2644 3691 2845 3747 Caritas
2873 3663 3132 3839 eniinfei
3161 3706 3302 3766 urget
3328 3714 3459 3752 nos:

1874 3778 2175 3832 aestimantes
2193 3778 2308 3833 hoc.
2340 3778 2456 3835 NOII
2487 3782 2668 3839 modo.
2702 3783 2893 3839 innuit.
2917 3783 2995 3839 fut
3036 3802 3220 3839 rerum
3261 3798 3457 3839 metus.

1874 3778 2175 3832 testimantes
2193 3778 2308 3833 hoc.
2340 3778 2456 3835 Non
2487 3782 2668 3849 modo,
2702 3783 2893 3853 inquit,
2917 3778 3220 3842 futdrorum
3261 3798 3457 3855 metus,

1873 3869 1969 3925 sed
1999 3871 2158 3925 etiam
2186 3888 2305 3943 qua:
2329 3873 2438 3943 jam
2465 3874 2828 3946 contigerunt,
2854 3893 2961 3932 non
2989 3878 3173 3933 sinunt
3202 3893 3300 3934 nos
3320 3879 3462 3937 desi-

1875 3964 1962 4019 dia
1989 3973 2201 4035 torpere
2216 3976 2377 4037 atque
2401 3968 2837 4037 obdormiscere;
2866 3987 3051 4027 verum
3077 3970 3144 4027 ad
3164 3972 3462 4043 suscipien-

1876 4054 1975 4110 dos
2015 4057 2204 4111 salutis
2249 4069 2443 4113 vestrae
2487 4075 2648 4115 causa
2693 4061 2903 4117 labores
2932 4065 3265 4123 exsuscitaut
3298 4073 3461 4135 atque

1878 4146 2174 4215 impellunt.
2204 4148 2459 4215 Quaenam
2507 4162 2685 4206 autem
2722 4161 2847 4206 sunt
2887 4168 2973 4218 ea,
3002 4170 3122 4224 qum
3148 4156 3259 4224 jam
3285 4158 3458 4211 conti-

1877 4238 2105 4307 gerunt?
2130 4239 2381 4305 Quoniam
2405 4242 2449 4295 si
2467 4259 2598 4296 unus
2616 4260 2707 4311 pro
2721 4246 3201 4299 onmibusmortuss
3214 4255 3310 4315 est,
3338 4263 3459 4318 ergo

1878 4344 2048 4383 omnes
2087 4332 2271 4385 mortui
2308 4342 2447 4389 sunt.
2476 4333 2616 4405 Ergo
2644 4336 2718 4390 ita
2754 4334 2988 4407 loquitur
3028 4336 3245 4404 Paulus,
3301 4352 3366 4392 ac
3419 4338 3464 4392 si

1879 4436 2066 4478 omnes
2095 4424 2401 4493 periissent.
2429 4425 2617 4494 Neque
2646 4428 2793 4484 enim
2816 4443 2913 4501 pro
2935 4429 3188 4484 saliaribus
3217 4428 3466 4487 Christus

1881 4523 2105 4569 mortem
2133 4517 2466 4587 oppetiisset,
2491 4520 2590 4574 nisi
2612 4534 2800 4578 omnes
2820 4530 3048 4576 mortem
3069 4522 3353 4578 obiissent.
3371 4522 3467 4578 Hic

1882 4607 2022 4662 cnim
2044 4617 2169 4664 sunt
2216 4612 2404 4665 salutis
2431 4613 2770 4675 occasiones,
2804 4610 2911 4667 illic
2942 4625 3119 4667 autem
3158 4629 3265 4668 non
3312 4614 3465 4669 item.

1883 4703 2110 4758 Proinde
2134 4702 2354 4768 Caritas,
2386 4702 2574 4773 inquit,
2608 4702 2707 4758 Dei
2732 4714 2878 4773 urget
2903 4720 3013 4768 nos,
3053 4720 3149 4760 nec
3176 4705 3305 4760 sinit
3329 4720 3463 4761 con-

1882 4793 2180 4863 quiescere.
2211 4792 2480 4847 Estrema:
2516 4794 2659 4848 enim
2687 4794 2920 4850 miseria:
2946 4793 3129 4862 fuerit,
3165 4809 3229 4851 ac
3256 4793 3341 4852 vel
3368 4811 3465 4866 ge-

1885 4882 2060 4936 henna
2087 4882 2199 4951 ipsa
2221 4881 2479 4948 atrocius,
2512 4896 2634 4938 cum
2664 4884 2755 4939 ille
2783 4896 2887 4938 tam
2918 4886 3235 4955 praeclarum
3258 4886 3466 4943 facinus

1884 4974 2132 5041 ediderit,
2169 4973 2396 5029 inveniri
2438 4976 2697 5041 quosdam
2744 4978 2833 5047 qui
2860 4993 2925 5033 ex
2962 4985 3110 5033 tanta
3142 4979 3310 5049 ipsius
3338 4994 3466 5034 cura

1884 5066 2085 5121 nullum
2109 5063 2336 5121 fructum
2352 5066 2586 5135 capiant.
2607 5067 2811 5139 Magnas
2830 5070 2975 5124 enim
2995 5086 3057 5125 ac
3073 5070 3357 5145 singularis
3375 5086 3468 5127 cu-

1883 5160 2098 5231 jusdam
2120 5167 2204 5215 est
2245 5158 2506 5226 caritatis,
2541 5176 2639 5231 pro
2661 5170 2811 5217 tanto
2838 5172 3102 5217 terrarum
3125 5162 3274 5227 orbe,
3308 5170 3467 5232 atque

1893 5252 1961 5305 ita
1987 5250 2199 5315 aﬁ'ecto,
2232 5260 2461 5305 mortem
2502 5251 2749 5307 subiisse.
2782 5252 2871 5307 l5.
2912 5248 2980 5306 Ut
3004 5251 3089 5320 qui
3128 5251 3319 5316 vivant,
3364 5265 3469 5307 non

1878 5343 1991 5413 jam
2010 5341 2105 5396 sibi
2133 5342 2322 5406 vivant,
2360 5344 2448 5396 sed
2486 5343 2535 5397 ei
2557 5344 2643 5413 qui
2683 5359 2776 5414 pro
2804 5342 2929 5413 ipsis
2957 5352 3186 5396 mortuus
3212 5351 3285 5397 est
3305 5356 3367 5397 ac
3388 5357 3470 5398 rs-

1885 5432 2119 5485 surrexit.
2150 5430 2207 5487 Si
2234 5432 2414 5503 itaque
2438 5445 2543 5489 nos,
2564 5432 2857 5506 nobisipsis
2888 5431 3069 5488 vivere
3099 5448 3203 5489 non
3229 5440 3469 5503 Oportet,

1887 5536 1955 5575 ue
1981 5520 2288 5589 turbctnini,
2318 5521 2513 5594 inquit,
2542 5539 2716 5595 neque
2765 5522 3182 5589 tumultuemini,
3221 5522 3470 5583 instanti-

1887 5616 1985 5667 bus
2031 5612 2281 5682 periculis
2324 5602 2397 5669 et'
2424 5624 2617 5672 morte.
2676 5614 2754 5673 Ac
2783 5616 3047 5675 rationem
3078 5612 3221 5669 haud
3245 5611 3467 5672 dubiam

1886 5701 2061 5767 adert,
2091 5702 2440 5772 quamobrem
2469 5704 2520 5759 id
2546 5703 2721 5763 facere
2753 5702 3071 5761 debeamus.
3110 5703 3315 5760 Etenim
3343 5718 3467 5761 cum

1890 5809 1985 5865 per
2022 5791 2197 5865 ipsum
2239 5804 2414 5851 morte
2466 5794 2706 5852 functum
2757 5795 3020 5860 vivamus,
3052 5796 3100 5851 ei
3131 5794 3336 5865 utique,
3368 5810 3467 5866 per

1888 5901 2046 5961 quem
2074 5886 2320 5956 vivimus,
2350 5886 2529 5953 vivcse
2556 5887 2833 5945 debemus.
2871 5888 3044 5959 Atque
3063 5903 3225 5943 unum
3248 5897 3300 5944 et
3326 5886 3483 5948 idem.
