4076 6338
640 337 736 389 4τὸ
1362 328 1413 381 S-
1455 326 1733 382 JOANNIS
1757 320 2228 380 CHRYSUSTUMI
2270 320 2588 376 ARCIIIEP.
2630 319 3143 377 CONSTANTINUP

3856 327 3961 380 47G

633 468 756 507 esse
786 448 993 504 videtur
1021 446 1070 500 id
1096 445 1239 516 quod
1270 446 1469 503 dictum
1499 460 1582 500 εει
1611 463 1623 499 :
1653 455 1905 497 cancrum
1939 442 1981 494 si
2010 440 2129 508 quis
2161 453 2251 491 ac-
2336 438 2709 505 appellandam
2732 440 2961 505 censuit,
2993 448 3050 495 ut
3080 454 3327 511 magnam
3360 442 3741 512 migrationem
3771 459 3848 498 ac
3879 450 3957 496 vi-

636 552 821 597 curate
846 556 958 595 rem
981 537 1269 608 expendat,
1288 535 1395 592 duo
1423 536 1539 590 haec
1560 550 1679 589 esse
1699 534 2025 603 comperiet;
2060 545 2223 582 unqu

637 635 913 699 nimirum,
942 631 1084 701 quod
1112 638 1332 700 propter
1360 628 1535 697 ipsum
1568 627 1820 684 vivimus.
1849 624 2072 676 alterum
2099 621 2223 691 quia

636 728 749 794 ipse
794 724 962 779 nostri
1004 737 1167 777 causa
1207 728 1454 775 mortuus
1494 728 1599 772 est.
1631 718 1869 784 Quorum
1912 726 2217 782 utrumque,

636 819 717 871 vel
761 817 989 872 seorsim
1032 813 1457 878 consideratam,
1500 827 1599 865 nos
1628 811 1676 865 ei
1709 810 1970 864 obnoxios
1997 806 2223 861 reddere

633 903 796 979 queat
824 928 837 963 :
866 924 988 962 cum
1015 917 1196 962 autem
1229 906 1387 959 ambo
1420 906 1470 958 in
1506 919 1670 958 unum
1696 901 1989 966 conﬂuant,
2022 903 2223 968 cogites

634 1002 797 1056 velim
828 1008 1028 1069 quanto
1052 1000 1103 1053 ei
1131 998 1391 1053 beneﬁcio
1412 1000 1487 1052 sis
1504 996 1811 1049 devinctus.
1845 992 1957 1046 lmo
1984 992 2081 1045 tria
2110 991 2224 1045 haec

634 1102 781 1147 sunt.
814 1092 1024 1146 Etenim
1056 1090 1317 1160 primitias
1348 1098 1564 1158 propter
1604 1097 1655 1141 te
1678 1084 1953 1149 excitavit,
1980 1094 2140 1152 atque
2170 1082 2222 1135 in

638 1186 828 1238 calum
876 1182 1052 1237 evexit
1084 1200 1097 1235 :
1134 1182 1277 1235 unde
1311 1182 1470 1235 etiam
1508 1178 1733 1242 addidit,
1768 1173 1831 1229 Ei
1852 1178 1938 1245 qui
1960 1191 2054 1243 pro
2081 1174 2224 1228 nobis

635 1286 869 1329 mortuus
909 1285 981 1330 est
1018 1292 1079 1328 ac
1115 1276 1406 1328 resurrexit.
1436 1272 1528 1337 j6.
1560 1271 1741 1340 Itaque
1784 1286 1875 1322 nos
1906 1284 1970 1321 ea:
1999 1268 2094 1321 hoc
2110 1269 2225 1337 jam

640 1370 888 1421 neminem
934 1368 1165 1419 novimus
1211 1357 1484 1418 secundum
1528 1378 1751 1415 carnem.
1801 1360 1931 1415 Nam
1959 1359 2005 1412 si
2035 1373 2225 1413 omnes

640 1461 834 1514 tnnrtui
866 1469 1011 1520 sunt,
1042 1468 1093 1511 et
1120 1471 1310 1511 omnes
1341 1462 1772 1517 resurrexerunt,
1797 1462 1955 1522 atque
1982 1452 2054 1506 ita
2083 1466 2226 1505 mor-

638 1552 712 1603 tui
746 1559 894 1613 sunt,
934 1560 989 1601 ut
1028 1548 1228 1617 peccati
1277 1547 1515 1615 tyrannis
1543 1560 1637 1599 eos
1666 1542 2105 1607 condemnabat;
2136 1556 2223 1596 re-

639 1654 989 1697 surrexerunt
1036 1652 1210 1693 autetn
1261 1656 1356 1709 per
1406 1638 1831 1707 regenerationis
1873 1637 2141 1689 lavacrum
2172 1644 2225 1688 et

638 1735 867 1803 Spiritus
894 1734 1061 1787 sancti
1092 1732 1492 1786 renovationem
1516 1747 1529 1793 ;
1560 1731 1681 1798 jure
1710 1727 2139 1794 dicit,Neminem
2167 1726 2226 1779 ti-

638 1828 836 1881 dclium
868 1827 1095 1879 novimus
1120 1825 1395 1879 secundum
1422 1840 1644 1877 carnem.
1680 1822 1792 1875 Etsi
1815 1823 1957 1874 enim
1987 1821 2039 1873 in
2065 1834 2226 1873 carne

641 1929 783 1983 sunt,
829 1918 957 1989 quid
1007 1920 1161 1970 tum?
1202 1916 1330 1969 Nam
1364 1916 1594 1970 carnalis
1622 1914 1710 1967 illa
1741 1915 1844 1965 vita
1891 1912 2129 1965 interiit:
2164 1925 2227 1964 ac

637 2012 873 2079 desuper
922 2010 974 2063 in
1020 2008 1223 2077 Spiritu
1272 2008 1437 2076 geniti
1483 2021 1690 2065 sumus,
1724 2012 1887 2072 atque
1916 2003 2075 2055 aliam
2106 2003 2227 2055 vitae

641 2103 901 2157 rationem
932 2101 1207 2169 aliumque
1234 2100 1356 2151 vitae
1378 2108 1597 2159 statum,
1630 2097 1880 2149 nimirum
1906 2111 2027 2147 eum
2059 2097 2147 2164 qui
2174 2096 2225 2149 in

642 2196 789 2247 cmlis
816 2204 919 2251 est.
955 2193 1221 2246 novimus.
1256 2192 1333 2243 Ac
1363 2204 1571 2243 rursum
1591 2189 1751 2257 hujus
1771 2186 2015 2241 beneﬁcii
2040 2197 2225 2241 aucto-

646 2302 761 2339 rem
793 2284 1062 2338 Christum
1083 2297 1203 2335 esse
1224 2281 1481 2345 ostendit,
1513 2295 1575 2334 ac
1604 2290 1888 2349 propterea
1908 2279 2186 2347 subjUnxit
2212 2296 2225 2331 :

646 2375 754 2428 Etsi
784 2374 1108 2443 cognovimus
1136 2371 1388 2425 Christum
1415 2370 1691 2424 secundum
1720 2386 1943 2433 carnem,
1978 2369 2066 2423 sed
2093 2384 2230 2421 nunc

630 2476 744 2543 jam
774 2487 873 2524 non
901 2469 1147 2523 novimus.

708 2564 763 2616 2.
794 2563 932 2629 Quid
972 2560 1171 2630 igitur?
1218 2557 1366 2613 dices
1390 2600 1405 2623 ,
1437 2572 1505 2612 an
1534 2572 1754 2611 carnem
1786 2556 1954 2618 exuit,
1990 2569 2052 2609 ac
2082 2568 2228 2609 nunc

640 2654 883 2725 corporis
928 2662 1012 2707 est
1054 2651 1290 2723 expers?
1332 2649 1553 2719 Apage:
1604 2664 1727 2702 nam
1759 2663 1899 2702 nunc
1930 2662 2145 2719 quoque
2175 2648 2228 2700 in

637 2760 802 2800 carne
827 2752 929 2805 est.
958 2741 1058 2796 Hic
1084 2742 1226 2797 enim
1248 2740 1419 2804 Jesus,
1437 2740 1523 2808 qui
1544 2757 1575 2792 a
1592 2741 1728 2793 vobis
1764 2749 2053 2809 assumptus
2074 2748 2148 2792 est
2176 2738 2230 2791 in

640 2836 842 2900 cwhtm,
874 2837 946 2889 sic
972 2835 1133 2888 veniet
1157 2833 1293 2905 (Act.
1328 2834 1377 2887 L
1409 2833 1520 2901 tl).
1551 2831 1855 2898 Quomodo,
1884 2832 2005 2886 sic?
2033 2831 2091 2885 In
2115 2846 2231 2885 ear-

645 2943 716 2982 ne
745 2925 1012 2989 videlicet,
1038 2934 1091 2977 et
1119 2939 1240 2976 cum
1273 2937 1518 2990 corpore.
1550 2922 1658 2977 Cur
1682 2937 1810 2991 ergo
1837 2922 1990 2987 dicit,
2012 2920 2122 2975 Etsi
2146 2938 2233 2975 co-

642 3017 903 3088 gnovimus
917 3013 1175 3069 Christum
1196 3013 1471 3067 secundum
1489 3028 1710 3075 carnem,
1735 3013 1825 3066 sed
1850 3030 1985 3066 nunc
2000 3015 2114 3083 jam
2131 3028 2231 3067 non

644 3109 874 3161 novimus
892 3107 917 3159 τ’
944 3105 1078 3160 Cum
1102 3105 1168 3159 de
1194 3104 1347 3158 nobis
1368 3118 1546 3158 sermo
1562 3114 1663 3169 εει,
1689 3102 1982 3159 Secundum
2004 3119 2229 3169 carnem,

643 3199 782 3253 idem
811 3205 914 3264 est,
945 3197 1085 3266 quod
1119 3198 1171 3251 in
1212 3196 1443 3267 peccatis
1470 3211 1625 3262 esse;
1658 3206 1868 3262 contra,
1903 3213 2003 3249 non
2054 3212 2233 3248 secun-

642 3291 765 3343 dum
786 3305 1008 3354 carnem,
1034 3288 1173 3341 idem
1204 3287 1344 3355 quod
1375 3288 1428 3339 in
1453 3287 1684 3356 peccatis
1710 3301 1815 3341 non
1846 3301 1967 3340 esse
1991 3304 2002 3337 :
2030 3294 2086 3337 at
2109 3300 2231 3337 cum

643 3381 711 3433 de
740 3380 957 3433 Christo
1003 3390 1183 3431 sermo
1225 3375 1473 3442 habetur,
1506 3374 1798 3431 secundum
1839 3390 2055 3429 carnem
2100 3372 2231 3427 nihil

642 3471 788 3526 aliud
819 3469 1102 3533 signiﬁcat,
1130 3482 1289 3537 quam
1329 3468 1382 3521 in
1421 3475 1628 3521 naturae
1670 3465 2041 3521 affectionibus
2089 3480 2229 3530 esse,

642 3573 701 3617 ut
721 3563 773 3617 in
795 3562 953 3624 fame,
983 3561 1037 3614 in
1068 3560 1177 3623 siti,
1210 3560 1261 3613 in
1286 3558 1611 3628 fatigatione,
1638 3558 1689 3611 in
1710 3571 1922 3611 somno.
1958 3556 2233 3609 Peccatum

644 3656 787 3710 cni’m
812 3670 913 3707 non
940 3654 1077 3723 fecit,
1103 3669 1191 3705 nec
1212 3654 1439 3705 inventus
1467 3661 1540 3705 est
1561 3650 1710 3704 dolus
1737 3652 1788 3702 in
1820 3666 1907 3702 ore
1934 3650 2043 3719 ejus
2074 3646 2230 3715 (lsai.

645 3748 733 3801 55.
782 3746 859 3815 9).
904 3748 1077 3813 Atque
1123 3743 1324 3797 idcirco
1360 3743 1593 3809 dicebat,
1638 3743 1763 3809 Quis
1796 3758 1861 3793 ea:
1889 3741 2027 3794 vobis
2058 3751 2233 3810 arguet

644 3855 722 3891 me
750 3839 813 3889 de
842 3836 1082 3905 peccato?
1106 3844 1162 3888 et
1187 3850 1373 3889 rursus
1400 3834 1573 3887 :Venit
1602 3835 1836 3902 princeps
1868 3833 2043 3884 mundi
2056 3833 2229 3900 hujus,

645 3940 691 3981 et
712 3928 764 3981 in
795 3944 873 3979 me
898 3943 999 3979 non
1029 3926 1174 3979 habet
1199 3925 1472 3996 quidquam
1503 3924 1686 3996 (Joan.
1711 3926 1764 3979 8.
1798 3924 1886 3978 46.
1922 3937 1967 3978 et
1995 3925 2083 3978 14.
2116 3922 2229 3993 50).

650 4016 782 4071 Illud
811 4032 958 4079 vero,
990 4033 1090 4069 non
1116 4018 1393 4069 secundum
1423 4033 1649 4082 carnem,
1681 4016 1815 4070 nihil
1839 4014 1982 4069 aliud
2014 4014 2233 4079 indicat,

645 4124 804 4178 quam
832 4124 952 4162 cum
987 4108 1290 4177 hujusmodi
1333 4108 1709 4163 affectionibus
1743 4108 1853 4177 jam
1884 4124 2096 4170 vacare,
2128 4123 2234 4161 non

645 4201 988 4270 autemquod
1015 4209 1167 4255 extra
1196 4216 1412 4253 carnem
1442 4201 1531 4253 sit.
1564 4200 1695 4254 Nam
1716 4214 1838 4253 cum
1870 4200 1971 4254 huc
1996 4214 2231 4270 quoque,

649 4292 930 4358 impatihili
955 4291 1064 4358 jam
1094 4299 1253 4359 atque
1292 4289 1605 4353 immortali,
1632 4289 1698 4343 ad
1723 4288 1984 4358 judicium
2015 4289 2081 4342 de
2106 4290 2238 4343 orbe

650 4382 929 4436 ferendum
976 4391 1231 4437 venturus
1275 4390 1376 4437 est.
1429 4382 1508 4435 Ad
1540 4396 1700 4452 quam
1728 4381 1887 4435 etiam
1919 4381 2235 4451 dignitatem

650 4492 749 4531 nos
780 4476 1201 4546 proﬁciscemur,
1228 4491 1347 4529 cum
1374 4490 1570 4541 corpus
1593 4484 1833 4530 nostrum
1855 4475 2131 4528 conforme
2157 4475 2232 4528 ef-

650 4568 848 4623 fectum
875 4567 1033 4621 fuerit
1061 4568 1275 4637 corpori
1302 4568 1558 4621 claritatis
1578 4565 2022 4639 ipsius(Philipp.
2043 4567 2097 4620 5.
2119 4565 2236 4637 21).

648 4661 737 4713 Π.
768 4658 947 4729 Itaque
974 4661 1016 4711 si
1044 4675 1145 4728 qua
1184 4660 1237 4712 in
1268 4657 1469 4712 Christo
1508 4676 1635 4713 nova
1666 4670 1918 4714 creatura.
1952 4660 2237 4730 Postquam

653 4752 797 4805 enim
826 4766 856 4804 a
885 4751 1107 4804 caritate
1155 4750 1221 4803 ad
1269 4751 1518 4804 virtutem
1565 4752 1822 4817 incitavit,
1848 4752 1959 4822 jam
2004 4753 2073 4806 ab
2109 4754 2241 4823 ipsis

655 4857 869 4912 quoque
916 4842 1078 4895 rebus
1124 4841 1188 4894 ad
1221 4856 1338 4895 eam
1362 4856 1461 4895 nos
1488 4844 1795 4897 exstimulat
1824 4861 1835 4895 :
1862 4860 1924 4899 ac
1956 4855 2240 4915 propterea

651 4934 947 5004 subjungit,
993 4932 1175 5002 Itaque
1218 4934 1263 4986 si
1290 4950 1391 5002 qua
1418 4935 1472 4986 in
1501 4931 1701 4989 Christo
1730 4953 1859 4989 nova
1897 4948 2151 4991 creatura.
2183 4936 2238 4992 Si

650 5027 774 5094 quis
820 5025 987 5096 ipsius
1029 5024 1187 5077 tidem
1221 5024 1501 5092 amplexus
1544 5034 1645 5086 est.
1690 5026 1883 5095 inquit,
1915 5027 1981 5081 ad
2011 5028 2239 5082 alterum

650 5119 848 5188 opiﬁcii
878 5134 1045 5186 genus
1068 5116 1212 5171 venit
1235 5133 1251 5169 :
1275 5118 1473 5171 etenim
1496 5132 1726 5184 superne
1752 5134 1847 5187 per
1864 5119 2119 5187 Spiritum
2140 5134 2240 5190 εει

656 5212 803 5263 nitus
851 5218 955 5263 est.
1008 5210 1179 5276 Atque
1228 5207 1347 5261 ideo
1374 5224 1469 5275 par
1496 5216 1581 5262 est
1621 5220 1679 5263 ut
1703 5210 1801 5279 ipsi
1831 5210 2097 5275 vivamus,
2132 5226 2239 5264 non

657 5310 863 5355 tantum
907 5299 1030 5369 quia
1079 5300 1247 5351 nostri
1289 5299 1427 5367 juris
1477 5313 1581 5351 non
1613 5312 1817 5361 sumus.
1857 5311 1948 5353 aut
1976 5302 2096 5369 quia
2128 5300 2242 5369 ipse

660 5410 756 5461 pro
792 5392 946 5446 nobis
972 5398 1199 5444 mortem
1227 5390 1471 5459 oppetiit,
1494 5399 1587 5443 aut
1606 5390 1729 5457 quia
1750 5391 2010 5458 primitias
2031 5392 2244 5461 generis

661 5483 829 5537 nostri
857 5497 887 5535 a
913 5492 1087 5535 morte
1115 5478 1183 5534 ad
1209 5480 1370 5533 vitam
1399 5478 1690 5544 revocavit,
1723 5480 1816 5532 sed
1840 5480 2001 5534 etiam
2027 5484 2148 5550 quia
2177 5481 2241 5534 ad

658 5575 884 5630 alteram
917 5573 1077 5627 vitam
1106 5570 1453 5627 acceSsimus.
1484 5570 1618 5625 Vide
1646 5580 1775 5641 quot
1804 5584 1983 5640 aequas
2007 5572 2246 5626 rationes

661 5668 867 5731 afferat,
894 5682 991 5720 cur
1019 5674 1164 5720 recte
1212 5662 1367 5719 nobis
1392 5661 1635 5718 ducenda
1677 5663 1782 5716 vita
1812 5662 1899 5715 sit.
1935 5662 2065 5716 Nam
2095 5663 2165 5716 ob
2196 5661 2245 5715 id

660 5778 871 5833 quoque
912 5775 1176 5817 crassrore
1201 5757 1464 5813 vocabulo
1508 5757 1899 5813 correctionem
1941 5755 2242 5827 hujusmodi

2342 539 2406 582 ιω
2435 534 2912 587 commutationem
2958 534 3231 589 ostendat.
3258 534 3449 591 Postea
3480 536 3720 593 ulterius
3752 555 3959 608 prose-

2332 638 2502 692 quens
2529 625 2582 678 id
2610 626 2753 694 quod
2783 626 2938 691 dixit,
2968 636 3134 697 atque
3161 630 3457 685 ostendens
3485 632 3777 701 quomodo
3814 648 3957 686 noxa

2332 727 2575 772 creatura
2607 720 2795 784 simus,
2853 718 3037 773 Vetera
3072 723 3403 786 transierunt,
3435 726 3628 794 inquit;
3661 744 3785 781 ecce
3816 728 3961 796 facta

2332 819 2451 862 sunt
2480 811 2651 862 omnia
2679 827 2827 865 nova.
2861 811 3121 879 Quaenam
3158 822 3339 868 vetera
3363 816 3386 868 ἲ
3417 816 3644 872 Peccata
3669 830 3730 873 et
3759 820 3964 889 impie-

2334 910 2471 955 tates
2497 920 2510 967 ;
2540 904 2622 956 vel
2650 904 2812 957 etiam
2833 903 3073 959 Judaicae
3094 920 3287 959 omnes
3312 910 3640 964 eercmoniae
3665 927 3683 975 ;
3728 911 3825 965 vel
3860 926 3962 980 po-

2334 996 2439 1048 tius
2470 994 2584 1048 licec
2609 995 2768 1049 simul
2793 1005 2848 1050 et
2875 995 2989 1049 illa.
3023 994 3157 1049 Ecce
3176 1001 3313 1065 facta
3328 1008 3445 1051 sunt
3466 1000 3640 1053 omnia
3672 1016 3836 1054 ηοω.
3870 1004 3961 1055 18.

2336 1084 2522 1138 Omnia
2565 1097 2733 1139 autem
2767 1103 2829 1140 ea:
2858 1086 2989 1141 Deo.
3032 1087 3176 1141 Nihil
3224 1103 3253 1142 a
3305 1091 3459 1144 nobis
3498 1091 3823 1158 profectum
3856 1105 3958 1146 est.

2333 1175 2463 1229 Nam
2491 1184 2545 1229 et
2598 1186 2943 1245 peccatorum
2970 1177 3294 1233 condonatio
3321 1189 3375 1234 et
3401 1180 3686 1251 adaptatio
3730 1192 3791 1237 et
3839 1183 3959 1251 glo-

2335 1270 2411 1322 ria
2442 1270 2752 1338 incorrupta
2784 1270 2952 1339 ipsius
2981 1285 3203 1325 munere
3225 1272 3380 1327 nobis
3400 1289 3659 1329 concessa
3698 1284 3810 1329 est.
3840 1275 3957 1329 Non

2334 1362 2476 1414 enim
2498 1361 2608 1430 jam
2631 1376 2660 1415 a
2686 1361 2880 1414 futuris
2914 1372 3140 1429 tantum,
3169 1364 3263 1417 sed
3290 1380 3319 1417 a
3341 1366 3713 1434 praesentibus
3736 1380 3958 1435 quoque

2334 1455 2454 1508 illos
2500 1454 2840 1509 cohortatur.
2888 1455 3123 1509 Attende
3153 1457 3296 1510 enim
3329 1474 3344 1509 :
3372 1457 3587 1512 dixerat
3615 1458 3740 1512 fore
3773 1469 3833 1511 ut
3868 1474 3955 1511 re-

2332 1562 2697 1614 surgeremus,
2722 1556 2881 1615 atque
2903 1545 2970 1600 ad
3001 1547 3458 1615 incorruptionem
3490 1552 3842 1614 veniremus,
3860 1551 3956 1603 do-

2333 1656 2587 1710 mumque
2627 1640 3011 1707 sempiternam
3061 1640 3634 1696 haberemus:verum
3682 1643 3950 1712 quoniam

2333 1731 2473 1800 apud
2502 1745 2617 1788 eos.
2650 1732 2737 1797 qui
2773 1730 2946 1783 futura
2969 1746 3073 1782 non
3101 1731 3322 1799 perinde
3355 1743 3411 1785 ut
3440 1743 3657 1800 oportet
3685 1735 3951 1795 credunt»,

2335 1824 2618 1892 pra‘sentia
2648 1823 2909 1890 majorem
2936 1822 2999 1876 ad
3042 1823 3352 1875 excitandos
3369 1823 3580 1877 animos
3604 1826 3719 1877 vim
3751 1824 3951 1879 habent

2335 1932 2494 1984 quam
2548 1916 2749 1981 futura,
2794 1928 2992 1984 quanta
3018 1916 3126 1983 jam
3154 1916 3459 1983 acceperint
3494 1916 3870 1975 demonstrat.
3902 1929 3951 1970 et

2333 2009 2421 2076 qui
2456 2016 2565 2061 tum
2590 2016 2792 2071 essent,
2812 2022 2937 2059 cum
2963 2006 3266 2074 lmjusmodi
3300 1990 3575 2061 beneﬁciis
3594 2011 3778 2063 ornati
3806 2021 3949 2062 ειιηι.

2334 2096 2561 2162 Quinam
2608 2113 2736 2166 ergo
2781 2097 2979 2150 erant?
3019 2097 3215 2149 Mortui
3264 2098 3447 2167 utique
3488 2112 3681 2153 omnes
3731 2101 3949 2168 (Omna

2334 2188 2476 2242 enim
2530 2190 2713 2240 mortui
2745 2200 2896 2253 sunt;
2926 2197 2979 2240 et
3010 2206 3100 2257 pro
3130 2188 3360 2241 omnibus
3384 2199 3615 2243 mortuus
3642 2202 3717 2243 est
3753 2207 3773 2243 :
3802 2203 3951 2243 tanto

2335 2296 2458 2348 erga
2487 2294 2675 2333 omnes
2701 2295 2886 2334 amore
2915 2280 3171 2349 ﬂagrabat
3201 2280 3246 2348 ),
3267 2294 3329 2334 ac
3357 2281 3470 2333 vitii
3508 2281 3666 2335 senio
3708 2291 3769 2335 et
3799 2295 3943 2335 \‘eltt—

2335 2382 2472 2425 state
2495 2386 2685 2426 omnes
2708 2372 2955 2425 confecti.

2410 2461 2596 2516 Omnia
2622 2464 2738 2531 jam
2782 2479 2912 2517 nova
2955 2472 3093 2527 sunt,
3134 2464 3409 2533 quomodo.
3451 2464 3830 2533 Apostolorum
3872 2466 3947 2517 di-

2336 2555 2673 2624 gnitas.—At
2693 2570 2823 2609 ecce
2847 2555 2955 2623 jam
2978 2554 3153 2608 anima
3181 2571 3315 2608 nova
3346 2556 3607 2626 (purgata
3633 2558 3785 2612 enim
3814 2561 3939 2625 esti,

2335 2659 2389 2704 et
2435 2664 2634 2720 corpus
2681 2664 2903 2714 novum,
2955 2658 3011 2703 et
3046 2664 3243 2703 novum
3287 2650 3621 2704 adorationis
3660 2666 3862 2721 genus,
3894 2661 3947 2704 et

2336 2742 2757 2812 pollicitationes
2802 2757 2978 2806 novae,
3030 2751 3086 2795 et
3130 2740 3563 2805 Testamentum,
3613 2752 3670 2797 et
3720 2746 3856 2806 vita,
3896 2754 3948 2797 et

2336 2849 2544 2898 mensa,
2583 2843 2637 2886 ot
2683 2834 2868 2897 vestis,
2913 2842 2967 2887 et
3007 2833 3188 2886 omnia
3228 2848 3367 2886 nova
3412 2843 3557 2887 sunt.
3593 2834 3818 2889 Etenim
3850 2850 3947 2902 pro

2335 2934 2547 2979 terrena
2597 2924 2898 2979 Jerusalem
2918 2925 3192 2979 cariestem
3218 2926 3559 2993 metropolim
3584 2927 3943 2994 accepimus;

2336 3031 2433 3085 pro
2463 3016 2660 3069 visibili
2694 3016 2894 3084 templo
2922 3016 3184 3084 templum
3206 3017 3488 3085 spirituale
3513 3020 3818 3082 cernimus,
3850 3035 3944 3087 pro

2336 3106 3026 3176 lapideistabuliscarneas,
3046 3122 3143 3175 pro
3163 3108 3571 3162 circumcisione
3585 3109 3943 3178 baptismum,

2337 3216 2435 3269 pro
2489 3214 2681 3253 manna
2732 3214 2930 3268 corpus
2982 3199 3341 3264 Dominicum,
3388 3217 3484 3270 pro
3525 3218 3660 3272 aqua
3708 3220 3744 3257 e
3794 3218 3943 3273 petra

2338 3306 2586 3345 cruorem
2636 3306 2667 3345 e
2707 3290 2874 3343 latere
2916 3290 3293 3358 proﬂuentem,
3335 3309 3431 3361 pro
3473 3293 3615 3363 virga
3656 3294 3829 3349 Blosis
3854 3310 3948 3349 aut

2338 3382 2567 3435 Aarouis
2593 3396 2830 3448 crucem,
2867 3398 2961 3450 pro
2990 3393 3132 3436 terra
3156 3382 3243 3436 illa
3267 3384 3467 3439 Judteis
3490 3386 3754 3453 promissa
3783 3389 3950 3441 caelu-

2337 3489 2455 3527 rum
2478 3488 2723 3542 regnum,
2756 3489 2853 3542 pro
2878 3475 3146 3529 sexcentis
3168 3476 3535 3532 sacerdotibus
3559 3494 3720 3532 unum
3754 3482 3943 3549 ponti-

2338 3566 2512 3631 tieem,
2547 3581 2645 3634 pro
2670 3580 2808 3635 agno
2837 3567 3060 3621 rationis
3090 3578 3310 3636 experte
3336 3584 3533 3639 agnum
3572 3570 3945 3637 spiritualem.

2338 3658 2466 3713 Hine
2511 3658 2720 3722 aliaque
2755 3657 2955 3712 Paulus
2996 3659 3176 3712 animo
3219 3660 3461 3724 volvens,
3506 3660 3739 3726 dicebat,
3794 3660 3950 3715 Nora

2339 3750 2476 3817 facta
2503 3758 2620 3802 sunt
2640 3749 2828 3802 omnia.
2867 3749 3055 3802 Omnia
3080 3759 3247 3802 autem
3276 3767 3339 3804 ea;
3365 3749 3478 3804 Deo
3499 3768 3517 3803 :
3546 3767 3639 3819 per
3661 3751 3946 3807 Christum

2339 3840 2613 3900 videlicet.
2645 3856 2707 3893 ac
2734 3855 2830 3909 per
2869 3839 3188 3893 beneﬁcium
3238 3842 3305 3893 ab
3338 3855 3404 3893 eo
3448 3854 3749 3910 acceptum.
3786 3843 3947 3899 [Inde

2341 3932 2502 3984 etiam
2530 3929 2823 3998 subiungit,
2844 3929 2945 3991 Qui
2965 3945 3055 3981 nos
3077 3928 3409 3983 reconcilians
3433 3931 3526 3983 sibi
3544 3948 3629 3998 per
3648 3930 3942 3998 Christum,

2341 4031 2387 4073 et
2413 4022 2550 4073 dedit
2572 4021 2713 4073 nobis
2738 4020 3072 4072 ministerium
3099 4022 3541 4077 reconciliationis.
3561 4023 3639 4077 Ex
3664 4023 3771 4079 hoc
3794 4031 3943 4081 enim

2341 4114 2519 4166 omnia
2548 4111 2709 4165 bona.
2745 4110 2875 4164 Nam
2907 4112 2956 4165 ei
3002 4112 3093 4181 qui
3124 4128 3222 4168 nos
3252 4115 3455 4170 amicos
3480 4116 3727 4183 reddidit,
3760 4118 3943 4174 eidem

2343 4218 2558 4272 quoque
2578 4202 2681 4256 alia
2720 4211 2938 4273 accepta
2965 4202 3246 4259 referenda
3292 4218 3439 4272 sunt,
3470 4224 3589 4278 qua:
3611 4208 3756 4263 Deus
3785 4215 3943 4266 nobis

2344 4295 2398 4347 in
2438 4294 2725 4350 amicitiam
2770 4297 3000 4365 receptis
3042 4298 3263 4367 largitus
3313 4309 3415 4353 est.
3457 4300 3636 4369 Neque
3660 4301 3812 4355 enim
3847 4321 3944 4359 nos

2344 4388 2529 4443 hostes
2560 4403 2779 4443 manere
2808 4388 2993 4446 sinens
3022 4387 3329 4458 hujusmodi
3362 4407 3580 4447 munere
3604 4392 3810 4459 ati‘ecit,
3848 4397 3939 4449 sed

2346 4479 2492 4546 prius
2535 4479 2586 4532 in
2626 4479 2918 4534 amicitiam
2962 4479 3131 4549 ipsius
3170 4483 3471 4535 restitutos.
3508 4482 3672 4536 Porro
3691 4498 3823 4537 cum
3853 4489 3937 4540 aio

2345 4570 2614 4624 Christum
2666 4570 3123 4625 reconciliationis
3150 4571 3305 4625 nobis
3334 4580 3605 4627 auctorem
3635 4576 3937 4638 exstitisse.

2346 4660 2558 4715 Patrem
2582 4675 2795 4732 quoque
2821 4662 2981 4717 dico:
3014 4677 3138 4717 eum
3181 4662 3304 4715 dico
3331 4661 3544 4717 Patrem
3576 4664 3814 4730 dedisse,
3848 4668 3939 4722 Fi-

2348 4752 2478 4805 lium
2518 4767 2730 4823 quoque
2772 4752 2914 4819 dico,
2967 4753 3154 4807 Omnia
3192 4754 3336 4808 enim
3378 4770 3468 4821 per
3504 4771 3612 4808 eum
3646 4757 3787 4818 facta
3827 4774 3940 4812 ..ωτι

2353 4842 2530 4915 (Joan.
2583 4846 2634 4899 ί.
2686 4846 2814 4917 15);
2845 4857 3004 4916 atque
3046 4846 3161 4917 ipse
3201 4845 3359 4914 hujus
3390 4846 3464 4900 rei
3495 4856 3677 4901 auctor
3700 4851 3937 4907 exsistit.

2348 4934 2533 5004 Neque
2562 4937 2704 4990 enim
2737 4952 2835 4991 nos
2860 4937 2925 4991 ad
2940 4952 3064 4992 eum
3086 4937 3439 4999 accurrimus,
3464 4938 3558 4992 sed
3582 4939 3693 5007 ipse
3721 4954 3828 4997 nos
3852 4960 3941 4997 vo-

2348 5028 2507 5081 cavit.
2533 5034 2777 5091 Quonam
2805 5028 2966 5083 modo
2995 5028 3243 5082 vocavit?
3266 5028 3368 5082 Per
3383 5028 3805 5086 Christinecem.
3842 5039 3940 5102 Qui

2351 5121 2490 5173 nobis
2541 5121 2680 5173 dedit
2733 5121 3066 5175 ministerium
3116 5122 3560 5179 reconciliationis.
3606 5126 3701 5181 Hic
3751 5145 3938 5186 rursus

2350 5208 2713 5279 apostolorum
2731 5210 3043 5279 dignitatem
3061 5211 3599 5275 ostendit,declarans
3614 5226 3667 5273 et
3680 5234 3938 5288 quantum

2352 5316 2546 5356 munus
2572 5303 2809 5371 ipsorum
2825 5304 2952 5359 iidei
2978 5306 3325 5361 commissum
3354 5310 3444 5375 sit,
3462 5322 3518 5365 et
3532 5327 3688 5381 quam
3712 5318 3939 5373 eximius

2352 5408 2414 5447 ac
2444 5396 2732 5465 singularis
2756 5397 2828 5449 sit
2871 5397 2962 5451 Dei
2988 5412 3113 5467 erga
3150 5413 3249 5453 nos
3278 5414 3449 5456 amor.
3480 5404 3595 5459 Non
3620 5407 3761 5459 enim
3799 5422 3940 5479 post-

2355 5500 2514 5553 quam
2558 5488 2715 5555 legati
2745 5487 2905 5553 illius,
2934 5491 3025 5557 qui
3064 5501 3303 5555 venerat,
3334 5508 3522 5549 vocem
3547 5495 3733 5550 audire
3757 5502 3937 5568 negle-

2355 5585 2569 5643 xerunt,
2596 5577 2672 5631 ira
2703 5576 2956 5635 incensus
2980 5589 3066 5635 est
3093 5594 3294 5651 eosque
3321 5584 3579 5649 deseruit,
3620 5586 3712 5640 sed
3740 5602 3940 5657 perstat

2358 5668 2554 5731 adhuc,
2590 5676 2698 5721 tum
2725 5683 2821 5738 per
2844 5683 2901 5724 se
2931 5680 3040 5725 tum
3073 5688 3168 5741 per
3192 5674 3327 5730 alios
3346 5677 3639 5746 admonens
3661 5689 3714 5732 et
3747 5685 3939 5738 exhor-

2360 5767 2495 5813 tuns.
2531 5760 2726 5829 Ecquis
2753 5771 2834 5816 est
2863 5764 2950 5832 qui
2982 5765 3180 5819 tantam
3208 5767 3395 5824 salutis
3416 5781 3614 5825 nostrae
3639 5786 3827 5829 curam
3852 5793 3937 5847 pro
