4076 6338
319 446 425 500 ινδ

310 558 536 622 σάρκα.
588 549 653 604 El
686 554 796 620 7&9
836 549 1039 612 πάντες
1081 547 1376 611 ἀπέθανον,
1429 552 1521 602 καὶ
1565 551 1763 611 πάντες
1802 549 1895 600 ἀν-

316 652 574 722 έστησαν,
609 648 700 702 καὶ⁵
730 647 1000 701 ἀπέθανον
1027 647 1128 719 μὲν
1161 648 1334 710 οὕτως
1363 649 1438 710 ὡς
1480 648 1580 716 τῆς
1623 646 1896 716 ἁμαρτίας

312 753 348 822 ἠ
382 753 638 820 τυραννὶς
681 748 1062 813 κατεδίκαζεν,
1093 749 1398 818 ἀνέστησαν
1446 747 1501 799 δὲ
1537 745 1627 800 διὰ
1670 746 1896 815 λουτροῦ

310 848 755 917 παλιγγενεσίας,
783 848 879 901 καὶ
900 847 1322 909 ἀνακαινώσεως
1347 846 1488 898 Πνεύ
1498 862 1667 913 ματος
1700 846 1859 912 ἀγίου
1882 861 1896 875 ο

311 947 537 1009 εἰκότως
575 946 760 1016 φησὶν,
796 945 1028 1002 Οὐδένα
1073 946 1321 1012 οἴδαμεν
1355 942 1506 996 κατὰ
1556 945 1755 1010 σαρκὰ
1791 943 1899 994 τῶν

312 1047 541 1100 πιστῶν.
568 1047 633 1099 Τί
667 1046 797 1116 7&9,
823 1047 871 1098 εί
902 1047 996 1099 καὶ⁹
1021 1048 1079 1098 ἐν
1122 1044 1283 1113 σαρκί
1315 1045 1453 1097 εἰσιν
1480 1060 1493 1108 ;
1535 1042 1696 1095 Ἀλλά
1726 1046 1758 1112 ἡ
1783 1041 1898 1113 ζωὴ

308 1149 492 1219 ἐκείνη
520 1149 552 1218 ή
587 1149 826 1218 σαρκικὴ
856 1146 1126 1209 ἀπώλετο,
1154 1146 1250 1197 καὶ
1285 1145 1491 1199 ἀνωθεν
1524 1144 1898 1215 ἐγεννήθημεν

308 1247 368 1296 ἐν
398 1245 698 1314 Πνεύματι,
733 1248 826 1296 καὶ
874 1245 1068 1314 ἑτέραν
1110 1242 1332 1314 οἴδαμεν
1371 1242 1646 1296 πολιτείαν
1685 1241 1781 1295 καὶ
1821 1241 1899 1293 δι-

307 1346 532 1414 αγωγὴν
549 1347 644 1397 καὶ
668 1345 814 1413 ζωὴν
835 1345 926 1395 καὶ
949 1344 1284 1396 κατάστασιν
1299 1343 1398 1413 τὴν
1423 1344 1482 1396 ἐν
1498 1345 1610 1406 τοῖς
1624 1342 1892 1413 οὐρανοῖς.

306 1446 415 1497 Καὶ
461 1446 623 1498 πάλιν
654 1446 843 1497 τούτου
874 1443 1039 1496 αὑτοῦ
1080 1444 1325 1515 ἀρχηγὸν
1363 1445 1457 1498 τὸν
1496 1444 1732 1514 Χριστὸν
1765 1444 1897 1496 ὄντα

299 1546 544 1598 δείκνυσι
574 1561 589 1575 ο
629 1543 709 1596 διὸ
743 1544 833 1596 καὶ
877 1544 1182 1614 ἐπήγαγεν,
1220 1547 1289 1599 El
1325 1544 1393 1597 δὲ
1420 1546 1520 1598 καὶ
1551 1545 1897 1615 ἐγνώκαμεν

301 1646 452 1697 κατὰ
481 1642 684 1710 σάρκα
707 1643 990 1710 Χριστὸν,
1031 1644 1196 1699 ἀλλὰ
1225 1645 1343 1698 νῦν
1373 1645 1570 1698 οὐκέτι
1602 1644 1894 1713 γινώσκο-

295 1759 430 1810 μεν.

369 1905 437 1974 β’.
458 1904 523 1958 Τί
552 1901 666 1969 οὖν,
689 1906 809 1960 είπέ
830 1925 920 1977 μοι
938 1923 952 1972 ;
971 1906 1071 1976 τὴν
1088 1907 1265 1978 σάρκα
1280 1906 1532 1971 ἀπέθετο,
1551 1907 1645 1959 καὶ
1673 1906 1766 1961 νῦν
1791 1907 1890 1960 ούκ

300 2008 421 2059 ἐστι
448 2006 588 2076 μετά
609 2006 702 2060 τοῦ
733 2009 1023 2078 σώματος;
1057 2008 1271 2074 Ἄπαγε
1295 2026 1307 2038 ·
1339 2008 1433 2061 καὶ
1457 2008 1566 2078 γὰρ
1590 2007 1684 2060 καὶ
1714 2004 1808 2058 νῦν
1832 2007 1890 2057 ἐν

295 2109 462 2179 σαρκί
496 2109 663 2162 ἑστιν.
696 2103 886 2174 Οὗτος
934 2108 1043 2180 7&9
1077 2111 1110 2162 ό
1166 2107 1408 2178 Ἰησοῦς
1450 2112 1482 2161 o’
1517 2107 1890 2177 ἀναληφθεὶς

292 2207 399 2274 ἀέρ’
435 2204 599 2274 ὑμῶν
627 2209 714 2271 είς
738 2205 849 2258 τὸν
873 2204 1160 2274 οὐρανὸν,
1187 2205 1371 2269 οὕτως
1401 2205 1740 2260 ἐλεύσεται.
1776 2204 1891 2257 Οὕ-

292 2324 375 2358 τω
403 2323 416 2336 ·
454 2307 611 2375 πῶς;
655 2309 742 2360 Ἐν
786 2307 971 2378 σαρκὶ,
1018 2305 1156 2378 μετά
1193 2307 1285 2361 τοῦ
1323 2307 1595 2378 σώματος.
1632 2306 1756 2370 Πῶς
1797 2301 1890 2360 οῦν

259 2391 483 2476 Ῑρησιν,
510 2409 580 2461 ει
607 2407 676 2461 δὲ
705 2409 806 2462 καί
837 2407 1187 2478 ἐγνώκαμεν
1211 2409 1361 2464 κατὰ
1382 2409 1579 2476 σάρκα
1607 2407 1889 2475 Χριστὸν,

288 2508 456 2585 ἀλλὰ
481 2508 600 2562 νῦν
629 2507 870 2573 οὐκέτι;
905 2507 1092 2578 Ἦμῶν
1126 2509 1225 2577 μὲν
1256 2507 1367 2578 7&9
1391 2507 1453 2560 τὸ
1478 2507 1643 2561 Κατὰ
1667 2505 1889 2574 σάρκα,

287 2608 351 2658 τὸ
377 2609 435 2659 ἐν
459 2609 756 2678 ἁμαρτίαις
787 2605 949 2672 εἶναι,
982 2608 1042 2660 τὸ
1075 2608 1132 2660 δὲ
1163 2609 1260 2675 Μὴ
1289 2608 1442 2660 κατὰ
1473 2607 1697 2673 σάρκα,
1725 2607 1786 2659 τὸ
1813 2608 1891 2677 μὴ

207 2757 212 2760 .
287 2710 348 2757 ἐν
385 2707 684 2776 ἁμαρτίαις
715 2701 878 2758 εἶναι.
911 2704 1148 2775 Χριστοῦ
1171 2705 1230 2756 δὲ
1255 2705 1316 2756 τὸ
1346 2705 1486 2758 κατὰ
1515 2705 1716 2774 σάρκα,
1743 2705 1806 2757 τὸ
1831 2709 1887 2761 ἐν

286 2807 405 2868 τοῖς
432 2803 751 2874 παθήμασιν
779 2799 920 2856 εἶναι
943 2803 1042 2872 τῆς
1074 2801 1312 2871 φύσεως,
1345 2796 1481 2866 οἷον,
1517 2804 1575 2854 ἑν
1601 2801 1680 2872 τῷ
1703 2802 1884 2872 διψῇν,

285 2907 349 2954 ἐν
373 2902 451 2974 τῷ
476 2906 686 2975 πεινῇν,
713 2905 773 2956 ἐν
797 2902 875 2972 τῷ
905 2903 1127 2972 κοπιᾷν,
1158 2902 1215 2956 ἐν
1241 2899 1318 2971 τῷ
1345 2900 1628 2953 καθεύδειν
1654 2899 1888 2971 (Ἃμαρο

287 3003 428 3055 τίαν
452 3004 560 3074 7&9
591 3005 703 3056 οὐκ
731 3004 1043 3070 ἐποίησεν,
1067 3001 1211 3056 οὐδὲ
1243 3000 1458 3070 εὑρέθη
1491 3002 1677 3066 δόλος
1714 3002 1785 3054 ἐν
1807 3000 1888 3067 τῷ

286 3103 543 3171 στόματι
567 3101 776 3154 αὐτοῦ.
808 3101 898 3153 Διὸ
919 3101 1014 3152 καὶ
1039 3100 1217 3168 ἔλεγε,
1255 3100 1348 3165 Τίς
1372 3099 1441 3164 ἐξ
1465 3097 1634 3164 ὑμῶν
1653 3099 1888 3170 ἐλέγχει

279 3218 362 3271 με
397 3203 529 3269 ,περὶ
561 3201 888 3272 ἀμορτίας;
937 3201 1035 3254 καὶ
1085 3201 1271 3267 πάλιν,
1306 3202 1588 3268 Ἔρχεται
1620 3202 1652 3254 ὁ
1687 3201 1887 3269 ἄρχων

284 3300 400 3353 τοῦ
433 3303 662 3371 κόσμου
696 3303 932 3366 τούτου,
970 3301 1067 3354 καί
1094 3301 1165 3354 ἐν
1198 3299 1327 3370 ἐμοὶ
1351 3303 1465 3354 οὐκ
1489 3301 1614 3368 ἔχει
1642 3299 1843 3370 οὐδέν)
1865 3314 1886 3329 ι

285 3401 350 3452 τὸ
378 3401 434 3454 δέ
473 3402 548 3473 μὴ
594 3404 736 3455 κατά
788 3404 988 3471 σάρκα,
1041 3404 1103 3455 τὸ
1149 3403 1245 3455 καὶ
1287 3400 1493 3454 τούτων
1540 3400 1885 3472 ἀπηλλάχθαι

286 3502 498 3563 λοιπὸν,
538 3502 599 3554 οὐ
656 3502 718 3554 τὸ
774 3497 946 3564 ἐκτὸς
985 3501 1191 3572 σαρκὸς
1237 3496 1401 3558 εἶναι.
1439 3503 1545 3556 Καὶ
1600 3500 1707 3572 γὰρ
1747 3501 1886 3572 μετά

284 3601 495 3670 ταύτης
525 3602 743 3671 ἔρχεται
789 3603 991 3671 κρίνων
1025 3602 1128 3672 τὴν
1173 3603 1523 3672 οἰκουμένην,
1554 3602 1743 3672 ἀπαθῆ
1784 3602 1885 3654 αύ-

284 3704 389 3773 τὴν
415 3701 554 3770 έχων
583 3702 676 3755 καὶ
707 3702 987 3770 ἀκήρατον
1009 3715 1022 3728 ⁸
1057 3701 1136 3762 είς
1165 3700 1196 3752 ὃ
1221 3702 1318 3753 καὶ
1338 3703 1499 3770 ἡμεῖς
1525 3700 1880 3771 βαδιούμεθα,

285 3801 617 3872 συμμόρφου
655 3800 750 3854 τοῦ
787 3799 1036 3871 σώματος
1063 3802 1196 3870 ἡμῖν
1232 3800 1526 3870 γενομένου
1555 3799 1633 3870 τῷ
1668 3798 1880 3869 σώματι

281 3906 390 3974 τῆς
426 3904 583 3975 δόξης
639 3902 829 3956 αὐτοῦ.
885 3903 1070 3956 Ὥστε
1107 3901 1162 3954 εἷ
1194 3918 1286 3968 τις
1331 3901 1402 3954 ἐν
1434 3899 1664 3968 Χριστῷ
1701 3898 1879 3968 καινὴ

284 4011 508 4073 κτίσις.
548 4003 767 4075 Ἐπειδὴ
795 4004 904 4074 γάρ
928 4002 1036 4056 ἀπὸ
1067 4001 1166 4073 τῆς
1188 4001 1412 4070 ἀγάπης
1441 3999 1780 4071 προέτρεψεν
1801 4001 1880 4064 είς

281 4111 386 4178 τὴν
410 4108 630 4178 ἀρετὴν,
658 4105 844 4158 λοιπὸν
870 4105 962 4156 καὶ
993 4103 1050 4169 ἐξ
1077 4101 1256 4154 αὐτῶν
1286 4101 1396 4154 τῶν
1420 4103 1774 4173 πραγμάτων
1798 4105 1880 4164 είς

281 4208 447 4261 τοῦτο
473 4209 656 4274 ἐνάγει
678 4203 804 4256 ’διὸ
839 4204 934 4256 καὶ
962 4203 1266 4272 ἐπήγαγεν,
1311 4201 1384 4254 Εἴ
1413 4219 1504 4266 τις
1527 4202 1599 4255 ἐν
1642 4201 1878 4270 Χριστῷ

282 4307 467 4374 καινὴ
496 4307 712 4369 κτίσις.
745 4302 813 4354 EI
830 4319 913 4364 τις
943 4300 1092 4372 [515]
1121 4304 1445 4354 ἐπίστευσεν
1475 4301 1648 4372 αὐτῷ,
1685 4305 1872 4372 φησὶν,

279 4412 364 4472 εἰς
376 4407 570 4479 ἑτέραν
583 4401 713 4475 ἦλθε
733 4401 1115 4473 δημιουργίαν
1141 4400 1356 4472 καὶγὰρ
1379 4399 1587 4454 ἀνωθεν
1609 4403 1873 4476 ἐγεννήθη

275 4511 371 4562 διὰ
409 4505 748 4575 Πνεύματος.
791 4503 958 4555 Ὥστε
983 4502 1078 4555 καὶ
1112 4500 1202 4555 διὰ
1229 4500 1411 4569 τοῦτο,
1436 4503 1623 4573 φησὶν,
1655 4503 1872 4573 ὀφείλο-

281 4625 388 4678 μεν
435 4605 583 4676 αύτῴ
629 4605 750 4680 ζῇν,
799 4602 897 4672 οὐχ
945 4604 1028 4656 ὅτι
1077 4605 1178 4655 οὐκ
1221 4604 1388 4673 ἐσμὲν
1431 4603 1641 4658 ἑαυτῶν
1688 4604 1868 4676 μόνον,

275 4708 391 4760 οὐδ’
417 4709 499 4760 ὅτι
549 4704 819 4759 ἀπέθανεν
873 4704 1012 4771 ὑπὲρ
1071 4702 1234 4770 ἡμῶν
1276 4704 1456 4772 μόνον,
1500 4705 1609 4757 οὐδ’
1650 4706 1733 4758 ὅτι
1771 4706 1868 4760 ἀν-

274 4811 508 4879 έστησεν
541 4805 699 4876 ήμῶν
732 4804 829 4873 τὴν
859 4803 1113 4871 ἀπαρχὴν
1150 4802 1333 4869 μόνον,
1385 4803 1500 4855 ἀλλ’
1531 4805 1614 4859 ὅτι
1645 4809 1742 4860 καὶ
1787 4809 1870 4873 είς

272 4913 447 4980 ἀλλην
474 4907 708 4980 ἦλθομεν
729 4904 894 4973 ζωήν.
932 4902 1076 4973 Ὅρα
1107 4901 1251 4955 πόσα
1276 4902 1622 4974 δικαιώματα
1645 4907 1739 4960 τοῦ
1770 4927 1869 4963 κα-

269 5011 387 5073 λῶς
415 5008 512 5080 ζῇν
534 5004 736 5076 τίθησι.
769 5003 868 5056 Διά
893 5001 1003 5072 7&9
1035 5000 1192 5053 τοῦτο
1226 5001 1318 5052 καὶ
1348 5002 1644 5075 παχυτέρῳ
1669 5007 1869 5078 ὀνόμα.

269 5127 324 5164 τι
371 5111 522 5162 καλεί
549 5108 648 5178 τὴν
683 5103 1000 5176 διόρθωσιν,
1035 5103 1124 5155 ἵνα
1151 5100 1351 5173 πολλὴν
1380 5100 1533 5173 δείξῃ
1567 5104 1667 5175 τὴν
1696 5112 1864 5177 μετά-

270 5225 467 5262 στασιν
496 5208 593 5260 καὶ
621 5206 719 5277 τὴν
753 5202 1078 5275 μεταϐολήν.
1120 5199 1258 5257 Εἶτα
1287 5203 1604 5274 περαιτέρω
1628 5207 1862 5273 ἐπεξιὼν

265 5310 350 5380 τῷ
386 5307 679 5378 εἰρημένῳ,
711 5306 806 5358 καὶ
830 5303 1043 5364 δεικνὺς
1069 5301 1186 5364 πῶς
1218 5304 1381 5372 καινὴ
1417 5304 1615 5367 κτίσις,
1655 5307 1728 5359 Τὰ
1758 5309 1861 5374 ἀρ-

268 5410 418 5481 χαῖα
446 5403 742 5474 παρῆλθε»
769 5405 935 5473 φησιν
959 5444 973 5466 ν
1003 5401 1132 5456 ιδοὺ
1162 5401 1371 5471 γέγονε
1403 5404 1578 5458 καινὰ
1609 5406 1682 5459 τὰ
1709 5407 1860 5461 πάν-

265 5529 369 5570 τα.
404 5512 538 5565 Ποῖα
581 5507 820 5577 ἀρχαῖα;
848 5504 1006 5556 Ἤτοι
1055 5503 1123 5556 τά
1161 5503 1536 5573 ἁμαρτήματά
1561 5521 1716 5576 φησι,
1765 5511 1861 5563 καὶ

269 5616 374 5678 τὰς
403 5605 739 5675 ἀσεϐείας,ἢ
777 5605 844 5657 τά
888 5604 1153 5658 Ἰουδαϊκὰ
1185 5605 1394 5657 πάντα’
1433 5607 1634 5675 μᾶλλον
1673 5608 1728 5660 δὲ
1764 5612 1858 5664 καὶ

267 5713 446 5770 ταῦτα
469 5710 702 5764 κάκεῖνά
724 5725 908 5779 φησιν.
959 5709 1114 5764 Ἰδοὺ
1153 5712 1358 5782 γέγονε
1389 5715 1460 5766 τὰ
1497 5716 1694 5770 πάντα
1733 5735 1856 5772 και-

267 5823 364 5884 νά.
403 5820 480 5875 Τὰ
506 5816 580 5871 δὲ
609 5816 805 5869 πάντα
826 5817 893 5870 ἐκ
925 5816 1029 5870 τοῦ
1070 5818 1235 5873 Θεοῦ.
1267 5818 1428 5872 Οὐδὲν
1453 5819 1510 5885 ἐξ
1539 5823 1711 5891 ἡμῶν.
1747 5824 1852 5877 Καὶ

1308 435 1374 488 IN
1415 435 1632 490 EPIST.
1688 435 1730 489 ll
1791 434 1881 488 AD
1934 436 2096 491 (ΞΟΠ.
2141 435 2378 490 HOMIL.
2424 436 2510 490 XI.

3485 439 3593 494 «ίτὸ

2015 551 2125 620 γὰρ
2156 552 2350 619 ἄφεσις
2388 531 2804 620 ἁμαρτημάτων
2837 548 2930 601 καὶ
2968 547 3210 601 υἱοθεσία
3259 548 3352 602 καὶ
3389 551 3422 621 ή
3467 550 3595 616 δόξα

2004 649 2278 718 ἄφθαρτος
2305 648 2364 713 ἐξ
2399 648 2564 702 αὐτοῦ
2597 649 2730 719 ἡμῖν
2766 647 3086 717 δεδώρηται.
3119 647 3319 701 οὐκέτι
3349 649 3460 720 γὰρ
3489 651 3598 703 ἀπὸ

2005 749 2114 802 τῶν
2149 749 2451 818 μελλόντων
2483 751 2665 819 μόνον,
2704 749 2839 802 ἀλλὰ
2885 749 2980 801 καὶ
3023 747 3131 804 ἀπὺ
3158 749 3267 802 τῶν
3307 751 3598 821 παρόντων

2008 849 2208 912 αὐτοὺς
2239 849 2564 921 προτρέπει.
2595 850 2796 903 Σκόπει
2838 851 2895 904 δέ
2931 868 2944 881 ο
2972 845 3127 903 εἶπεν
3156 891 3172 916 ,
3204 851 3284 904 ὅτι
3329 850 3598 921 μέλλομεν

2007 950 2349 1014 ἀνίστασθαι,
2399 952 2495 1003 καὶ
2540 951 2619 1013 εἰς
2666 951 2977 1020 ἀφθαρσίαν
3030 953 3251 1023 χωρεῖν,
3296 953 3389 1005 καὶ
3419 953 3597 1004 οὶκίαν

1985 1051 2151 1119 ’ἔχειν
2180 1051 2397 1102 αἰώνιον
2421 1066 2435 1079 ο
2461 1048 2578 1102 ἀλλ’
2607 1049 2795 1119 ἐπειδὴ
2825 1050 3051 1118 μείζονα
3081 1051 3234 1121 ἰσχὺν
3267 1052 3345 1112 είς
3371 1051 3432 1102 τὸ
3461 1068 3596 1121 προ-

2006 1150 2202 1219 τρέψαι
2235 1149 2434 1220 ἔχειτὰ
2458 1148 2700 1218 παρόντα
2727 1148 2836 1201 τῶν
2865 1150 3172 1217 μελλόντων
3203 1151 3338 1220 πρὸς
3369 1151 3496 1214 τοὺς
3523 1151 3598 1223 μὴ

2007 1246 2359 1309 πιστεύοντας
2391 1246 2624 1309 τούτοις,
2664 1245 2738 1309 ὡς
2761 1247 2842 1298 δεῖ
2868 1247 3170 1315 πιστεύειν,
3198 1248 3472 1302 δείκνυσιν
3500 1252 3599 1303 ὅσα

2006 1343 2100 1396 καὶ
2121 1343 2224 1415 ήδη
2258 1343 2472 1409 ἔλαϐον,
2506 1344 2601 1399 καὶ
2621 1344 2764 1407 τίνες
2797 1344 2970 1406 ὄντες.
3003 1343 3160 1407 Τίνες
3179 1342 3272 1398 οὖν
3294 1346 3447 1409 ὅντες
3472 1347 3598 1399 έλα-

2006 1441 2138 1510 ϐον;
2174 1443 2382 1515 Νεκροὶ
2411 1445 2614 1508 πάντες
2646 1444 2879 1514 (Πάντες
2912 1445 3041 1517 7&9,
3077 1445 3264 1516 φησὶν,
3301 1446 3594 1511 ἀπέθανον,

2005 1539 2101 1592 καὶ
2155 1539 2296 1612 ὑπὲρ
2339 1542 2558 1597 πάντων
2602 1543 2903 1612 ἀπέθανεν·
2953 1545 3100 1598 οὕτω
3141 1546 3350 1609 πάντας
3394 1547 3597 1617 ὁμοίως

2001 1639 2234 1712 ἠγάπα),
2263 1641 2709 1713 πεπαλαιωμένοι
2736 1683 2751 1708 ,
2792 1646 3170 1715 γεγηρακότες
3208 1623 3445 1710 ἅπαντες
3486 1649 3597 1709 τοῖς

2002 1757 2209 1804 κακοις.

2085 1904 2224 1957 Ἀλλ’
2280 1905 2388 1959 ίδοὺ
2437 1905 2532 1958 καὶ
2583 1905 2731 1976 ψυχὴ
2763 1906 2926 1978 καινὴ
2955 1907 3260 1979 (ἐκαθάρθη
3298 1909 3464 1982 7&9),
3501 1909 3596 1966 καὶ

2003 2005 2165 2074 σῶμα
2209 2005 2416 2070 καινὸν,
2473 2008 2568 2058 καὶ
2617 2006 2845 2078 λατρεία
2883 2008 3069 2078 καινή,
3129 2011 3224 2062 καὶ
3270 2011 3594 2079 ἐπαγγελίαι

2003 2106 2215 2172 καιναὶ,
2269 2109 2364 2160 καὶ
2417 2107 2675 2177 διαθήκη,
2731 2109 2824 2160 καὶ
2855 2108 2990 2178 ζωὴ,
3055 2110 3151 2161 καὶ
3192 2109 3465 2180 τράπεζα,
3499 2113 3594 2164 καὶ

2001 2204 2198 2275 στολὴ,
2247 2206 2343 2259 καὶ
2375 2206 2557 2259 πάντα
2602 2208 2767 2259 καινά
2804 2205 3012 2268 ἁπλῶς.
3058 2209 3167 2259 Καὶ
3202 2208 3310 2279 γάρ
3341 2209 3463 2261 ἀντὶ
3491 2211 3592 2278 τῆς

1999 2310 2151 2364 κάτω
2183 2310 2543 2382 Ἰερουσαλὴμ
2569 2312 2834 2383 ἐλάϐομεν
2861 2313 2958 2384 τὴν
2986 2312 3096 2366 ἀνω
3127 2312 3479 2384 μητρόπολιν,
3499 2315 3594 2367 καὶ

1997 2410 2119 2463 ἀντὶ
2147 2410 2278 2463 ναοῦ
2322 2410 2588 2481 αἰσθητοῦ
2622 2413 2751 2466 ναὸν
2794 2413 3008 2482 εἴδομεν
3038 2414 3434 2482 πνευματικὸν.
3471 2415 3594 2467 ἀντὶ

1999 2508 2228 2563 πλακῶν
2276 2508 2496 2562 λιθίνων
2539 2510 2837 2580 σαρκίνας,
2868 2511 3002 2588 ἀντί⁴
3046 2516 3356 2582 περιτομῆς
3399 2512 3593 2581 βάπτι-

1999 2628 2135 2682 σμα,
2185 2612 2310 2666 ἀντὶ
2340 2610 2436 2664 τοῦ
2473 2611 2651 2682 μάννα
2674 2611 2835 2682 σῶμα
2874 2613 3227 2676 Δεσποτικὸν,
3255 2615 3377 2668 ἀντὶ
3403 2617 3594 2679 ὓδατος

1996 2709 2105 2762 ἀπὸ
2129 2712 2337 2782 πέτρας
2354 2708 2496 2782 αἷμα
2514 2711 2622 2765 ἀπὸ
2652 2711 2786 2765 πλευ
2795 2713 2916 2783 ρᾶς,
2934 2715 3056 2767 ἀντὶ
3092 2713 3291 2783 ῥάϐδου
3311 2715 3592 2778 Μωῦσέως

1994 2812 2027 2880 ἢ
2073 2810 2287 2881 Ἀαρὼν
2307 2813 2399 2865 τὸν
2433 2816 2670 2885 σταυρὸν
2694 2853 2709 2877 ,
2742 2815 2865 2867 ἀντὶ
2905 2814 3012 2884 γῆς
3047 2815 3146 2884 τῆς
3191 2816 3530 2883 ἐπαγγελίας
3561 2828 3584 2855 ει

1993 2914 2094 2986 τὴν
2141 2914 2419 2984 βασιλείαν
2486 2914 2598 2968 τῶν
2646 2915 2914 2986 οὐρανῶν,
2965 2916 3087 2969 ἀντὶ
3135 2917 3347 2987 μυρίων
3401 2918 3591 2987 ἱερέων

1994 3017 2091 3070 ἕνα
2130 3016 2431 3089 ἀρχιερέα,
2465 3017 2591 3071 ἀντὶ
2628 3016 2806 3087 ἀμνοῦ
2841 3016 3042 3086 ἀλόγου
3086 3017 3259 3088 ἀμνὸν
3284 3034 3586 3087 πνευματι-

1997 3117 2110 3171 κόν.
2139 3117 2327 3170 Ταῦτα
2360 3118 2452 3171 καὶ
2471 3117 2778 3172 τὰτοιαῦτα
2810 3118 3156 3188 λογιζόμενος
3185 3119 3361 3186 ἔλεγε,
3403 3120 3589 3172 Καινὰ

1993 3217 2068 3270 τὰ
2096 3215 2316 3269 πάντα.
2369 3217 2560 3269 Ταῦτα
2590 3215 2660 3268 δὲ
2694 3215 2895 3270 πάντα
2921 3217 2988 3270 ἐκ
3017 3219 3127 3271 τοῦ
3160 3218 3310 3271 Θεοῦ
3333 3218 3421 3271 διὰ
3458 3219 3589 3286 Χρι-

1996 3314 2127 3368 στοῦ
2176 3315 2272 3369 καὶ
2313 3316 2416 3386 τῆς
2446 3316 2615 3370 αὐτοῦ
2643 3316 2874 3389 δωρεᾶς.
2905 3317 2998 3371 Διὸ
3023 3317 3118 3370 καὶ
3142 3318 3393 3387 ἐπήγαγε
3416 3333 3430 3346 ·
3478 3319 3588 3372 Τοῦ

1993 3419 2494 3485 καταλλάξάντος
2516 3417 2676 3488 ἡμᾶς
2697 3418 2895 3493 ἐαυτῷ
2920 3417 3021 3472 διὰ
3042 3417 3148 3473 τοῦ
3178 3415 3585 3486 Χριστοῦ,,καὶ

1992 3518 2214 3585 δόντος
2263 3518 2409 3586 ἡμῖν
2468 3516 2584 3585 τὴν
2635 3516 2959 3572 διακονίαν
2998 3517 3111 3584 τῆς
3161 3514 3581 3584 καταλλαγῆς.

2005 3620 2140 3671 Ἀπὸ
2189 3618 2299 3688 7&9
2340 3618 2532 3671 τούτου
2589 3619 2768 3673 πάντα
2799 3619 2868 3672 τὰ
2901 3618 3106 3688 ἀγαθά.
3151 3619 3209 3672 ’0
3250 3619 3358 3689 γὰρ
3398 3618 3584 3688 φίλους

1989 3720 2139 3788 ἡμᾶς
2166 3718 2404 3787 ποιήσας
2423 3759 2438 3784 ,
2472 3719 2639 3782 αὐτὸς
2685 3721 2780 3771 καὶ
2826 3719 2937 3772 τῶν
2967 3720 3147 3773 ἄλλων
3175 3720 3375 3787 αίτιος,
3412 3719 3448 3774 ά
3469 3720 3580 3782 τοῖς

1990 3818 2166 3887 φίλοις
2191 3817 2392 3871 ἔδωκεν
2417 3820 2445 3872 ὁ
2482 3817 2636 3882 Θεός.
2676 3819 2752 3872 Οὐ
2784 3817 2895 3890 γὰρ
2929 3819 3094 3888 ἀφεὶς
3118 3822 3304 3891 μένειν
3332 3820 3580 3892 ἐχθροὺς,

1989 3917 2164 3983 οὕτως
2196 3919 2350 3990 ἡμᾶς
2377 3918 2674 3989 ἠμείψατο,
2715 3917 2851 3973 ἀλλά
2885 3917 3080 3988 φίλους
3108 3919 3344 3987 ποιήσας
3380 3917 3576 3986 ἑαυτῷ.

1997 4014 2168 4075 Ὅταν
2193 4020 2250 4073 δὲ
2280 4021 2448 4084 εἴπω,
2487 4021 2569 4074 ὅτι
2601 4021 2842 4088 Χριστὸς
2872 4021 3047 4083 αἴτιος
3084 4019 3185 4090 τῆς
3211 4017 3576 4088 καταλλαγῆς,

1989 4121 2084 4174 καὶ
2115 4119 2206 4172 τὸν
2242 4117 2468 4189 Πατέρα
2491 4116 2637 4185 λέγω
2663 4133 2677 4150 ο
2712 4118 2842 4171 ὅταν
2870 4119 3012 4171 εἴπω
3045 4118 3137 4170 τὸν
3164 4119 3384 4189 Πατέρα
3418 4117 3579 4171 δεδω-

1985 4219 2162 4282 κέναι,
2207 4219 2298 4271 καὶ
2348 4217 2441 4270 τὸν
2486 4217 2617 4270 Υίὸν
2654 4217 2818 4287 λέγω.
2870 4217 3074 4272 Πάντα
3117 4218 3228 4289 γὰρ
3285 4218 3361 4272 δι’
3388 4219 3578 4275 αὐτοῦ

1983 4315 2252 4386 ἐγένετο·
2290 4315 2384 4368 καὶ
2420 4315 2609 4368 τούτου
2653 4315 2710 4368 δὲ
2754 4317 2916 4380 αὐτὸς
2942 4314 3097 4389 [516]
3122 4315 3312 4379 αἴτιος.
3350 4316 3426 4369 Οὐ
3468 4316 3578 4387 γὰρ

1985 4419 2146 4487 ἡμεῖς
2165 4414 2315 4486 αὐτῷ
2335 4415 2819 4486 προσεδράμομεν,
2837 4416 2953 4468 ἀλλ’
2970 4417 3138 4479 αύτδς
3155 4417 3302 4486 ἡμᾶς
3320 4415 3571 4470 ἐκάλεσε.

1984 4519 2108 4582 Πῶς
2131 4518 2392 4582 ἐκάλεσε;
2417 4518 2518 4569 Διά
2534 4518 2632 4587 τῆς
2648 4517 2742 4569 τοῦ
2765 4519 3004 4588 Χριστοῦ
3022 4520 3264 4586 σφαγῆς.
3289 4521 3398 4572 Καὶ
3434 4519 3574 4571 δόν-

1979 4638 2083 4685 τος
2126 4619 2272 4687 ἡμῖν
2300 4618 2417 4686 τὴν
2438 4617 2762 4672 διακονίαν
2811 4617 2920 4685 τῆς
2954 4619 3366 4688 καταλλαγῆς.
3404 4620 3574 4674 Πάλιν

1980 4718 2212 4772 ἐνταῦθα
2248 4717 2493 4770 δείκνυσι
2542 4717 2604 4770 τὸ
2647 4718 2756 4770 τῶν
2809 4718 3124 4771 ἀποστόλων
3166 4717 3408 4788 ἀξίωμα,
3458 4719 3571 4771 δει-

1977 4819 2108 4881 κνὺς
2132 4817 2321 4887 ἡλίκον
2349 4820 2584 4888 πρᾶγμα
2606 4817 3079 4888 ἑνεχειρίσθησαν,
3116 4818 3210 4870 καὶ
3232 4817 3331 4886 τῆς
3347 4817 3567 4887 ἀγάπης,

1975 4916 2072 4972 τοῦ
2123 4915 2256 4970 Θεοῦ
2317 4917 2418 4989 τὴν
2463 4917 2795 4989 ὑπερϐολήν.
2844 4917 2979 4971 Ούδὲ
3007 4919 3156 4988 γὰρ,
3193 4917 3380 4987 ἐπειδὴ
3423 4935 3537 4985 παρ

1975 5021 2219 5090 ἠκουσαν
2272 5017 2366 5072 τοῦ
2417 5018 2664 5080 ἐλθόντος
2694 5017 3060 5086 πρεσϐευτοῦ,
3098 5019 3425 5089 παρωξύνθη
3471 5021 3565 5072 καὶ

1973 5119 2189 5188 ἀφῆκεν
2228 5119 2451 5183 αὐτοὺς,
2503 5117 2621 5180 ἀλλ’
2674 5119 2928 5188 ἐπιμένει
2975 5121 3319 5190 παρακαλῶν
3351 5121 3446 5173 καὶ
3493 5117 3562 5173 δι’
3609 5109 3612 5114 ’

1973 5219 2169 5273 ἐαυτοῦ
2205 5220 2302 5274 καὶ
2332 5220 2400 5272 δι’
2433 5218 2660 5287 ἑτέρων.
2701 5219 2800 5282 Τίς
2830 5219 2897 5273 ἂν
2929 5220 3140 5290 ταύτην
3156 5221 3324 5288 ἀξίως
3352 5223 3560 5275 ἐκπλα-

1971 5321 2094 5389 γείη
2130 5321 2231 5388 τήν
2262 5319 2631 5390 κηδεμονίαν;
2681 5320 2928 5390 Ἐσφάγη
2958 5322 2987 5371 ὁ
3019 5321 3145 5383 Υἱὸς
3171 5322 3262 5374 ἐπὶ
3287 5323 3560 5375 καταλλα-

1968 5421 2070 5489 γάς
2099 5419 2288 5486 ἐλθὼν,
2318 5421 2346 5472 ὁ
2373 5420 2595 5489 γνήσιος
2627 5419 2719 5472 καὶ
2749 5419 3068 5491 μονογενὴς,
3104 5424 3198 5476 καὶ
3227 5423 3349 5476 οὐδὲ
3381 5423 3557 5488 οὕτως

1967 5519 2297 5590 ἀπεστράφη
2342 5520 2470 5583 τοὺς
2518 5521 2869 5596 ἀνῃρηκότας
2894 5525 2922 5577 ὁ
2952 5526 3145 5597 Πατὴρ
3167 5567 3182 5590 ,
3215 5527 3336 5580 οὐδὲ
3375 5524 3551 5592 εἶπεν,

1970 5617 2235 5685 Ἔπεμψα
2274 5616 2366 5670 τὸν
2410 5618 2538 5670 Υίόν
2586 5636 2688 5688 μου
2742 5623 3243 5694 πρεσϐευσόμενον,
3283 5628 3333 5678 οί
3388 5628 3444 5681 δὲ
3487 5630 3547 5680 οὐ

2025 5866 2048 5892 ⁸
2088 5862 2343 5925 chcl'alur
2367 5866 2467 5913 ἀντὶ
2511 5872 2589 5924 τῆς
2631 5866 2921 5928 ἰπαγγε).ία;.
