4568 6424
225 457 350 510 ΔΤἹ
1306 451 1367 506 ΙΝ
1411 450 1620 507 EPIST.
1656 448 1697 503 ll
1762 448 1852 503 AD
1890 447 2020 503 (ΣοΠ

1762 448 1852 503 AD
1890 447 2042 503 C0“.
2086 446 2311 503 HOMIL.
2355 446 2448 503 XI.
3412 449 3515 504 ιη

220 567 508 637 dign-tate
523 562 778 619 admirari
796 563 1006 634 possit?
1036 562 1391 633 lnteremptus
1414 572 1497 617 est
1525 561 1713 627 Filius,
1735 558 1823 629 qui

226 657 567 713 dirimenda:
610 654 823 725 injuria:
863 669 1026 711 causa
1070 665 1317 721 venerat;
1357 653 1543 716 Filius,
1586 648 1824 723 inquam,

224 761 406 801 verus
431 754 595 815 atque
624 745 926 817 unigenitus
955 785 969 800 .
1002 760 1065 799 ac
1085 760 1152 799 ne
1177 744 1255 799 sic
1275 743 1490 814 quidem
1522 742 1683 797 Pater
1709 754 1826 801 cos,

226 838 339 907 qui
376 837 472 906 ipsi
508 851 695 892 necem
723 835 1038 902 intulerunt,
1065 843 1337 890 aversatus
1374 843 1479 897 est,
1529 848 1631 889 nec
1671 832 1824 898 dixit,

230 930 367 985 Misi
413 930 693 999 legationis
734 942 893 985 causa
921 927 1118 984 Filium
1147 941 1357 990 meum;
1391 925 1467 980 illi
1507 934 1685 980 autem
1722 940 1827 979 non

229 1019 411 1073 modo
459 1019 632 1089 ipsum
658 1016 845 1072 audire
872 1024 1211 1081 recusarunt,
1241 1014 1339 1070 sed
1364 1014 1524 1070 etiam
1554 1012 1623 1068 de
1649 1014 1829 1068 medio

228 1111 602 1175 sustulerunt,
621 1110 852 1181 atquein
868 1114 1079 1164 crucem
1105 1115 1365 1177 egerunt:
1389 1120 1598 1176 tequum
1620 1115 1701 1161 cst
1717 1105 1826 1175 jam

227 1216 341 1255 eos
394 1200 771 1269 derelinquere
800 1216 819 1254 :
845 1213 1031 1253 verum
1073 1205 1258 1251 contra
1309 1196 1531 1251 omnino
1572 1194 1729 1261 fecit;
1773 1202 1831 1250 et

229 1292 371 1360 quia
402 1291 490 1346 ille
517 1289 801 1353 abscessit,
830 1287 987 1342 nobis
1007 1286 1145 1342 hanc
1172 1286 1501 1356 provinciam
1528 1279 1826 1342 mandavit.

232 1382 351 1447 Qui
382 1381 520 1435 dedit
546 1380 690 1434 nobis
712 1376 1043 1431 ministerium
1086 1376 1509 1430 reconciliationis
1530 1390 1551 1429 :
1577 1376 1669 1431 l9.
1694 1392 1826 1446 quo-

229 1470 386 1523 niam
412 1471 612 1541 quidem
639 1468 778 1523 Deus
798 1475 906 1521 erat
932 1468 987 1521 in
1015 1464 1216 1522 Christo
1235 1467 1479 1520 mundum
1496 1468 1829 1521 reconcilians

228 1562 363 1623 sibi,
392 1577 493 1614 non
516 1568 759 1630 reputans
782 1558 887 1612 illis
915 1554 1103 1611 delicta
1137 1558 1387 1627 ipsorum.
1420 1556 1654 1613 Videsne
1681 1558 1827 1612 cari-

232 1662 433 1716 tatem,
465 1650 573 1705 vim
602 1662 818 1705 omnem
868 1648 1174 1715 verborum,
1204 1647 1587 1719 cogitationem
1611 1661 1826 1702 omnem

231 1740 637 1797 excedentem?
667 1740 924 1808 Quisnam
951 1748 1089 1804 erat,
1118 1739 1207 1809 qui
1235 1739 1481 1807 injuriam
1511 1737 1831 1806 acceperat?

232 1837 384 1903 Ipse.
413 1833 671 1903 Quisnam
703 1834 821 1898 fuit,
848 1832 938 1903 qui
968 1833 1170 1901 primus
1194 1829 1262 1884 ad
1286 1828 1565 1885 delendam
1595 1828 1828 1884 inimici-

232 1927 373 1979 tiam
410 1924 601 1979 venit?
631 1923 765 1992 Ipse.
795 1923 885 1987 At,
926 1922 1159 1992 inquies,
1188 1919 1383 1975 Filium
1410 1919 1576 1985 misit,
1600 1933 1706 1974 non
1735 1932 1831 1972 an-

232 2027 356 2069 tem
382 2015 496 2083 ipse
520 2014 692 2073 venit.
720 2010 915 2068 Filium
950 2011 1169 2082 quidem
1199 2012 1366 2074 misit,
1397 2008 1492 2065 sed
1519 2019 1694 2064 tamen
1721 2023 1826 2063 non

230 2109 287 2162 is
310 2110 490 2162 solum
512 2104 846 2170 hortabatur,
880 2103 977 2158 sed
1001 2103 1160 2157 Pater
1186 2116 1424 2173 quoque,
1450 2112 1504 2156 et
1528 2115 1651 2155 cum
1678 2114 1746 2157 eo
1774 2108 1829 2154 et

230 2212 340 2267 per
384 2211 508 2250 eum
540 2212 554 2248 :
598 2194 669 2249 ob
710 2192 871 2263 idque
901 2193 1065 2247 etiam
1106 2190 1316 2247 dicebat
1348 2190 1658 2261 Apostolus,
1691 2187 1829 2244 Deus

228 2296 352 2344 erat
380 2285 627 2341 mundum
651 2286 748 2340 sibi
773 2284 1107 2343 reconcilians
1130 2283 1183 2336 in
1211 2282 1432 2335 Christo.
1463 2280 1575 2335 Hoc
1598 2289 1701 2347 est,
1733 2293 1829 2349 per

230 2376 534 2433 Christum.
562 2374 827 2443 Quoniam
850 2374 994 2431 enim
1016 2372 1253 2439 dixerat,
1288 2372 1388 2439 Qui
1412 2371 1551 2426 dedit
1577 2372 1719 2426 nobis
1739 2371 1831 2424 mi-

233 2470 506 2525 nisterium
530 2466 976 2531 reconciliationis,
1011 2475 1435 2537 temperamento
1459 2464 1686 2534 quodam
1710 2463 1829 2517 uti-

235 2570 350 2623 tur,
381 2559 602 2614 dicens:
631 2558 711 2614 Ne
734 2556 1051 2615 existimetis
1066 2570 1327 2611 summam
1351 2555 1509 2624 hujus
1532 2555 1609 2608 rei
1633 2560 1817 2607 aucto-

234 2647 681 2721 ritatem'penes
722 2665 822 2706 nos
870 2664 1030 2716 esse;
1078 2646 1310 2703 ministri
1356 2656 1561 2701 tantum
1603 2660 1822 2701 sumus:

235 2742 386 2797 Deus
426 2754 510 2796 est
550 2742 641 2811 qui
673 2749 841 2796 talum
875 2741 978 2796 hoc
1022 2738 1204 2803 efﬁcit,
1238 2739 1328 2809 qui
1358 2754 1453 2809 per
1484 2736 1824 2807 Unigenitum

238 2844 506 2893 terrarum
534 2834 720 2890 orbem
749 2831 1139 2887 reconciliavit.
1170 2830 1289 2899 Quo
1310 2829 1520 2884 tandem
1551 2829 1602 2884 id
1621 2829 1825 2884 modo?

236 2942 369 2983 nam
418 2926 518 2981 hoc
568 2933 652 2980 est
689 2923 1028 2985 admirabile,
1072 2938 1179 2977 non
1207 2921 1382 2976 solum
1424 2919 1568 2991 quod
1616 2920 1823 2975 anticus

237 3016 465 3073 effectus
494 3016 585 3080 sit,
617 3014 711 3070 sed
736 3014 899 3069 etiam
943 3013 1086 3084 quod
1113 3013 1189 3067 sic
1215 3013 1438 3068 amicus.
1468 3011 1578 3077 Sic,
1602 3025 1828 3080 quomo-

237 3108 361 3163 do?
403 3107 623 3162 Pcecata
680 3104 812 3175 ipsis
855 3105 1177 3168 remittens;
1226 3119 1349 3158 nam
1388 3104 1543 3158 aliter
1593 3102 1825 3157 amicitia

238 3198 487 3253 contrahi
527 3214 633 3252 non
662 3207 872 3268 poterat
903 3213 917 3251 :
947 3196 1091 3273 unde
1120 3196 1279 3252 etiam
1309 3195 1564 3260 subdidit,
1596 3194 1717 3249 Non
1741 3211 1825 3247 re-

245 3298 436 3359 putans
470 3288 572 3341 illis
607 3287 789 3342 delicta
827 3287 1079 3356 ipsorum.
1125 3286 1337 3342 Etenim
1375 3288 1420 3341 si
1468 3286 1823 3340 admissorum

241 3389 589 3451 peccaton
642 3379 907 3433 rationem
954 3392 1250 3447 exposcere
1303 3378 1562 3432 voluisset
1590 3388 1824 3441 ,omnes

242 3472 593 3541 periissemus
618 3487 631 3523 :
661 3485 850 3524 omnes
878 3468 1075 3540 quippe
1103 3468 1299 3524 mortui
1322 3479 1496 3523 erant.
1523 3468 1625 3525 Sed
1648 3476 1824 3520 tamen

240 3575 367 3616 cum
414 3566 592 3613 tantus
637 3566 974 3626 peccatorum
1012 3571 1268 3612 numerus
1307 3566 1471 3621 esset,
1521 3571 1627 3609 non
1663 3555 1825 3608 modo

242 3650 418 3704 nullas
453 3664 482 3701 a
521 3647 675 3702 nobis
716 3662 903 3719 pmnas
932 3646 1206 3713 expetivit.
1235 3647 1329 3701 sed
1359 3648 1517 3701 etiam
1544 3645 1822 3700 nobiscum

242 3740 299 3794 in
330 3738 553 3808 gratiam
581 3736 766 3799 rediit;
802 3752 906 3789 non
941 3736 1102 3789 modo
1130 3735 1354 3799 remisit,
1379 3736 1471 3789 sed
1505 3750 1605 3791 nec
1647 3736 1822 3805 impu-

246 3831 395 3882 tavit.
426 3826 516 3883 Sic
541 3833 597 3881 et
623 3824 779 3881 nobis
806 3823 1110 3880 faciendum
1136 3835 1240 3889 est,
1278 3835 1334 3879 ut
1362 3824 1592 3881 inimicis
1623 3826 1821 3879 nostris

245 3922 601 3992 ignoscamus,
623 3934 728 3990 quo
746 3918 990 3973 eamdem
1011 3918 1217 3973 veniam
1238 3920 1607 3987 impetremus.
1638 3917 1706 3972 Et
1725 3934 1821 3988 po-

244 4017 347 4068 suit
373 4015 428 4069 in
468 4013 608 4069 nobis
630 4014 832 4067 verbum
874 4011 1315 4067 reconciliationis.
1342 4011 1525 4081 Neque
1548 4012 1690 4067 enim
1723 4026 1823 4067 nos

243 4105 311 4160 ad
356 4120 519 4175 grave
560 4102 773 4172 aliquod
816 4103 1085 4173 negotium
1129 4102 1392 4167 venimus,
1430 4101 1526 4156 sed
1553 4112 1611 4157 ut
1634 4116 1823 4157 omnes

250 4197 363 4251 Deo
392 4193 594 4248 amicos
614 4192 930 4249 efﬁciamus.
950 4193 1235 4259 Quoniam,
1268 4192 1460 4263 inquit,
1484 4193 1663 4249 verbis
1689 4194 1823 4248 meis

247 4289 405 4345 tidem
432 4299 537 4341 non
579 4283 959 4350 adhibuerunt,
992 4284 1043 4337 in
1074 4284 1409 4357 exhortando
1438 4286 1535 4353 ipsi
1566 4295 1820 4355 perstate,

243 4382 416 4436 donec
445 4375 836 4446 persuaseritis.
862 4372 989 4428 Ideo
1017 4374 1293 4442 subjunxit
1328 4391 1341 4426 :
1371 4373 1461 4429 20.
1488 4374 1594 4429 Pro
1620 4374 1821 4432 Christo

247 4469 490 4541 lrgatioue
528 4460 812 4547 fungimur,
840 4475 1095 4535 tamquam
1123 4461 1235 4518 Deo
1265 4468 1562 4544 abortante
1587 4484 1677 4537 per
1705 4484 1818 4525 nos.

250 4562 575 4616 Obsecramus
605 4573 696 4626 pro
720 4555 938 4620 Christo,
969 4554 1365 4610 reconciliamini
1390 4554 1520 4611 Deo.

313 4651 364 4706 5.
393 4646 552 4703 Vides
575 4648 844 4717 quomodo
887 4647 990 4703 hoc
1037 4646 1309 4716 negotium
1352 4646 1645 4714 extulerit,
1690 4658 1812 4705 cum

243 4743 509 4799 Christum
563 4740 736 4809 ipsum
789 4741 1173 4810 supplicantem
1222 4737 1465 4803 induxit;
1530 4741 1641 4796 imo
1709 4758 1815 4796 non

240 4833 507 4888 Christum
537 4829 746 4896 solum,
787 4829 880 4886 sed
919 4830 1082 4885 etiam
1122 4826 1381 4882 Patrem?
1425 4828 1625 4885 Horum
1671 4832 1816 4888 enim

242 4923 520 4977 verborum
556 4918 641 4973 bic
666 4934 854 4975 sensus
883 4928 1009 4975 est:
1052 4918 1210 4972 Pater
1251 4915 1447 4972 Filium
1498 4920 1676 4989 misit,
1722 4923 1813 4993 qui

242 5016 403 5084 ipsius
442 5011 663 5066 nomine
701 5011 1105 5075 exhortaretur,
1144 5021 1304 5079 atque
1350 5010 1491 5082 apud
1538 5013 1812 5069 hominum

243 5118 402 5171 genus
429 5100 709 5171 legationis
733 5117 927 5156 munus
956 5101 1251 5169 susciperet
1280 5117 1293 5152 :
1324 5100 1420 5155 sed
1448 5104 1701 5171 quoniam
1722 5105 1813 5159 ille

242 5182 456 5248 necatus
502 5189 803 5256 abscessit,
860 5208 958 5247 nos
989 5190 1249 5261 legationi
1295 5190 1369 5244 illi
1413 5194 1809 5260 successimus,

240 5298 395 5356 atque
448 5293 503 5339 et
552 5282 692 5337 illius
734 5293 789 5337 et
830 5284 1003 5340 Patris
1048 5282 1262 5338 nomine
1305 5296 1402 5338 vos
1442 5283 1807 5348 exhortamur.

238 5377 406 5448 Tanto
431 5372 680 5427 nimirum
707 5373 758 5425 in
787 5376 958 5441 pretio
984 5385 1067 5431 est
1094 5374 1236 5445 apud
1263 5389 1386 5430 eum
1412 5374 1685 5431 hominum
1712 5394 1808 5448 ge-

242 5484 333 5521 nus
355 5509 370 5530 ,
402 5472 461 5519 ut
481 5472 536 5519 et
560 5461 752 5517 Filium
781 5462 1009 5531 dederit,
1042 5464 1201 5536 idque
1225 5479 1344 5521 cum
1369 5479 1491 5519 eum
1518 5476 1807 5523 mactatum

240 5560 301 5615 iri
326 5559 517 5624 sciret,
552 5563 609 5610 et
633 5564 809 5611 vestra
839 5570 999 5612 causa
1029 5572 1127 5611 nos
1149 5556 1421 5627 apostolos
1449 5558 1662 5613 crearit.
1702 5559 1809 5615 Ita-

239 5663 334 5719 que
372 5664 477 5703 non
526 5645 622 5703 abs
670 5662 731 5701 re
777 5645 1020 5713 dicebat,
1070 5646 1255 5704 Omnia
1294 5657 1501 5721 propter
1540 5664 1646 5704 vos.
1700 5650 1807 5707 Pro

240 5741 427 5795 Christo
451 5739 605 5810 igitur
622 5736 869 5808 legatione
883 5739 1177 5809 fungimur;
1196 5754 1258 5795 ac
1287 5739 1334 5796 si
1360 5739 1583 5803 diceret.
1606 5740 1805 5797 Christi

236 5844 342 5887 vtce
373 5847 389 5886 :
421 5845 526 5885 non
552 5828 694 5884 enim
720 5826 888 5898 ipsius
912 5828 1123 5885 muneri
1154 5829 1529 5887 successimus.
1560 5829 1713 5899 Quod
1755 5833 1799 5888 si

1938 560 2041 614 hoc
2093 560 2520 629 magniﬁcentius
2562 558 2835 628 aliquanto
2883 560 2975 614 tibi
3023 561 3227 617 dictum
3272 562 3515 632 videtur,

1934 650 2206 720 audi-qum
2234 659 2529 720 sequuntur
2552 690 2567 712 ,
2596 665 2662 703 cx
2688 650 2879 717 quibus
2908 651 3172 713 ostendit,
3221 652 3365 721 quod
3408 669 3515 708 non

1935 739 2154 796 Christo
2196 740 2505 804 dumtaxat,
2550 739 2643 793 sed
2685 740 2829 795 Patri
2877 756 3088 809 quoque
3133 740 3234 796 hoc
3298 741 3517 798 faciant.

1935 830 2066 885 Nam
2092 831 2164 886 ob
2191 830 2242 885 id
2271 831 2429 886 etiam
2456 829 2715 899 adjunxit,
2745 828 3021 901 Tamquam
3049 830 3154 884 Deo
3183 849 3273 914 per
3295 849 3389 887 nos
3431 850 3523 888 ea:-

1938 923 2191 977 hortante.
2221 921 2338 978 Non
2367 922 2510 977 enim
2543 937 2638 992 per
2680 921 2876 975 Filium
2929 907 3367 991 emtmn'suum,
3420 924 3517 979 sed

1935 1022 1988 1066 et
2019 1027 2118 1082 per
2146 1028 2245 1067 uos
2267 1027 2480 1082 quoque
2503 1052 2517 1077 ,
2550 1012 2639 1079 qui
2672 1011 2841 1079 ipsius
2879 1014 3086 1065 muneri
3131 1013 3517 1079 successimus,

1935 1102 2303 1156 exhortamur.
2333 1101 2691 1168 Quamobrem
2719 1117 2787 1156 ne
2812 1101 3130 1157 existimetis
3158 1119 3249 1157 vos
3296 1119 3325 1158 a
3362 1101 3519 1160 nubis

1937 1194 2112 1265 rogari
2145 1211 2161 1250 :
2188 1194 2435 1249 Christus
2461 1193 2575 1263 ipse
2606 1208 2699 1248 vos
2718 1203 2869 1261 rogat
2893 1234 2909 1259 ,
2941 1193 3103 1249 Pater
3141 1196 3255 1266 ipse
3283 1212 3378 1265 per
3418 1210 3519 1249 nos

1937 1299 2033 1339 vos
2060 1294 2195 1339 orat.
2224 1284 2429 1355 Ecquid
2458 1282 2705 1354 estquod
2733 1298 2855 1338 cum
2894 1291 2999 1338 tam
3037 1285 3231 1338 eximia
3276 1287 3521 1357 benigni-

1936 1383 2046 1431 tate
2068 1374 2299 1431 conferri
2340 1376 2541 1443 possit?
2584 1374 2702 1445 ipse
2743 1374 2888 1429 enim
2933 1384 3052 1443 post
3097 1375 3373 1430 innumera
3421 1394 3515 1432 sua

1892 1528 1897 1533 ,
1934 1466 2192 1522 heuelicia
2217 1463 2556 1523 contumeliis
2580 1466 2821 1529 allectus,
2861 1482 2966 1522 non
2994 1467 3152 1521 modo
3196 1467 3367 1522 nullas
3406 1484 3521 1538 pa:-

1936 1572 2035 1613 nas
2060 1560 2308 1623 sumpsit,
2346 1573 2528 1614 verum
2554 1557 2713 1613 etiam
2740 1558 2932 1613 Filium
2954 1573 3107 1613 suum
3138 1558 3305 1624 dedit,
3330 1571 3385 1613 ut
3414 1563 3517 1629 ipsi

1935 1649 2365 1703 reconciliemur.
2393 1648 2494 1719 Qui
2520 1659 2697 1702 autem
2727 1664 2851 1704 eum
2897 1660 3256 1719 acceperunt,
3301 1651 3433 1707 adeo
3462 1654 3515 1706 in

1931 1740 2155 1811 gratiam
2186 1738 2365 1794 reduci
2393 1756 2498 1795 non
2539 1750 2827 1803 curarunt,
2877 1749 2935 1793 ut
2973 1742 3133 1795 etiam
3175 1756 3296 1796 eum
3347 1751 3521 1796 morte

1932 1828 2230 1884 aﬂ'ecerint.
2258 1829 2489 1882 Rursum
2519 1829 2655 1882 alios
2695 1828 3077 1896 deprecatores
3119 1826 3297 1896 misit,
3346 1832 3519 1902 iisque

1933 1922 2133 1985 missis,
2164 1920 2280 1989 ipse
2308 1930 2390 1975 est
2418 1920 2509 1990 qui
2537 1929 2709 1990 rogat.
2735 1919 2873 1988 Quid
2901 1931 3077 1974 autem
3102 1922 3286 1990 rogat?
3319 1922 3520 1976 Recon-

1932 2011 2181 2065 citiamini
2207 2008 2334 2065 Deo.
2381 2009 2497 2065 Non
2541 2010 2706 2074 dixit,
2750 2011 2845 2067 Dei
2891 2011 3119 2080 gratiam
3165 2023 3534 2087 recuperate;

1935 2117 2113 2173 neque
2142 2102 2283 2157 enim
2313 2104 2424 2171 ipse
2450 2110 2534 2156 est
2557 2102 2647 2172 qui
2674 2101 2980 2157 inimicitias
3017 2103 3157 2172 gerit
3180 2143 3195 2164 ,
3238 2104 3331 2157 sed
3372 2120 3466 2160 vos
3492 2121 3508 2158 :

1935 2194 2075 2249 Deus
2100 2195 2295 2264 quippe
2324 2209 2610 2264 numquam
2639 2193 2943 2249 inimicitias
2971 2197 3127 2265 gerit.
3159 2197 3335 2265 Atque
3354 2196 3517 2251 etiam

1935 2293 1990 2339 ut
2020 2284 2227 2351 legatus
2248 2286 2465 2349 missus,
2488 2284 2705 2340 causam
2726 2276 3052 2356 disceptans.
3082 2286 3144 2340 2i
3159 2325 3171 2337 .
3204 2284 3337 2339 Eum
3360 2289 3517 2355 enim,

1931 2374 2121 2443 inquit,
2151 2375 2237 2443 qui
2261 2390 2360 2428 non
2388 2386 2594 2430 noverat
2620 2388 2881 2449 peccatum
2898 2417 2914 2443 ,
2955 2393 3047 2448 pro
3076 2378 3216 2432 nobis
3258 2388 3519 2445 peccatum

1933 2464 2070 2533 fecit.
2094 2462 2209 2517 Non
2238 2464 2413 2531 priora
2442 2465 2586 2530 dico,
2621 2466 2824 2536 inquit,
2856 2482 3049 2537 nempe
3072 2468 3214 2537 quod
3241 2478 3519 2523 contumeo

1932 2556 2151 2609 lineutn
2180 2554 2475 2619 aﬂ'ecistis,
2521 2555 2667 2626 quod
2717 2546 2841 2611 eum
2889 2574 2920 2612 a
2967 2574 3077 2628 quo
3126 2559 3257 2613 nihil
3304 2560 3518 2629 injuria:

1930 2646 2286 2713 acceperatis,
2319 2644 2463 2715 quod
2491 2646 2747 2714 praeclare
2770 2648 2838 2702 de
2867 2648 3019 2702 vobis
3050 2650 3298 2702 meritum
3325 2691 3337 2713 ,
3370 2648 3514 2720 quod

1931 2737 2102 2791 nullas
2129 2752 2159 2789 a
2190 2736 2342 2791 vobis
2374 2751 2558 2804 pmnas
2593 2738 2889 2808 expetivit,
2937 2737 3080 2808 quod
3134 2740 3280 2807 prior
3322 2739 3512 2808 injuria

1930 2825 2156 2882 affectus
2176 2867 2192 2891 ,
2221 2827 2367 2897 prior
2396 2836 2549 2898 rogat
2576 2842 2592 2882 :
2623 2822 2756 2885 nihil
2786 2828 2975 2884 horum
3004 2845 3146 2885 nunc
3188 2836 3516 2887 commemo-

1930 2929 2098 2975 retur.
2127 2922 2318 2975 Annon
2344 2922 2430 2977 vel
2475 2922 2547 2978 ob
2591 2938 2756 2977 unum
2813 2923 2914 2977 hoc
2961 2924 3278 2980 benelicium
3304 2967 3319 2992 ,
3369 2927 3512 2996 quod

1933 3026 2073 3067 nunc
2102 3012 2154 3066 in
2182 3027 2277 3067 vos
2303 3013 2530 3069 contulit
2550 3054 2568 3081 ,
2600 3030 2809 3083 :equum
2846 3014 3004 3070 fuerit
3049 3026 3107 3071 ut
3130 3013 3250 3073 cum
3296 3020 3411 3087 ipso
3457 3021 3511 3074 in

1930 3106 2449 3177 gratiam‘redeatis?
2479 3107 2545 3161 Et
2562 3107 2705 3175 quod
2736 3108 2988 3162 tandem?
3015 3108 3147 3162 Eum
3176 3110 3264 3178 qui
3289 3126 3389 3163 non
3416 3127 3516 3163 no-

1930 3204 2067 3249 verat
2092 3205 2351 3263 peccatum
2368 3236 2383 3259 ,
2413 3211 2506 3263 pro
2534 3196 2672 3249 nobis
2693 3207 2953 3266 peccatum
2982 3200 3118 3267 fecit.
3142 3199 3273 3254 Nam
3299 3200 3511 3255 etiamsi

1932 3284 2060 3337 nihil
2089 3284 2309 3338 omnino
2336 3284 2699 3355 praestitisset,
2727 3286 2820 3340 sed
2846 3286 2949 3341 hoc
2978 3288 3252 3343 dumtaxat
3273 3290 3511 3354 fecisset;

1928 3375 2123 3446 cogita,
2153 3391 2358 3447 quaeso,
2387 3374 2574 3447 quanti
2600 3376 2729 3433 illud
2752 3378 3123 3433 mstimaudum
3167 3392 3282 3434 erat
3308 3421 3324 3436 .
3366 3384 3509 3450 quod

1932 3467 2123 3523 Filium
2148 3484 2301 3523 suum
2330 3484 2427 3540 pro
2455 3468 2556 3534 iis,
2602 3484 2632 3524 a
2678 3469 2871 3539 quibus
2913 3472 3236 3526 contumelia
3291 3471 3512 3527 affectus

1929 3559 2123 3627 luerat,
2150 3559 2408 3614 dedisset.
2437 3559 2587 3616 Nunc
2621 3574 2751 3615 vero
2795 3569 2849 3615 et
2894 3575 3083 3631 magna
3130 3563 3412 3631 prestitit,
3454 3574 3510 3619 et

1931 3661 2188 3718 praeterea
2219 3666 2341 3705 eum
2371 3651 2463 3720 qui
2487 3650 2647 3706 laesus
2669 3650 2871 3716 fuerat,
2904 3668 3002 3721 pro
3030 3654 3093 3708 iis
3119 3654 3211 3723 qui
3238 3655 3505 3720 lteserant,

1927 3737 2154 3792 cruciari
2184 3739 2445 3807 permisit.
2474 3740 2545 3793 At
2573 3738 2676 3794 hoc
2699 3741 2918 3795 minime
2945 3743 3157 3811 quidem
3199 3745 3333 3799 dixit
3364 3749 3510 3815 Apo-

1929 3829 2119 3894 stolus,
2146 3829 2261 3894 sed,
2291 3831 2431 3899 quod
2452 3830 2620 3883 multo
2644 3829 2728 3884 bis
2753 3830 2924 3900 majus
2949 3842 3083 3896 erat,
3116 3837 3310 3904 posuit.
3342 3834 3510 3904 Quid~

1928 3935 2053 3974 nam
2079 3920 2300 3974 autem?
2329 3917 2486 3986 Eum,
2514 3920 2707 3990 inquit,
2733 3922 2821 3990 qui
2838 3937 2937 3975 non
2964 3932 3170 3976 nouerat
3214 3938 3471 3994 peccatum
3489 3970 3505 3993 ,

1927 4010 2019 4081 qui
2044 4010 2267 4080 ipsamet
2294 4010 2496 4079 justitia
2518 4019 2664 4078 erat,
2694 4022 2960 4081 peccatum
2981 4013 3137 4082 fecit;
3167 4014 3268 4071 hoc
3296 4028 3378 4071 est
3400 4058 3416 4084 ,
3448 4030 3506 4073 ut

1929 4111 2259 4170 pcccatorem
2285 4102 2626 4157 condemnari
2671 4118 2858 4170 passus
2905 4120 3020 4170 est,
3070 4117 3128 4161 ut
3166 4108 3507 4165 maledictum

1928 4193 2195 4246 hominem
2225 4191 2362 4245 mori
2396 4208 2407 4243 :
2445 4189 2748 4246 Haledt'ctus
2772 4193 2913 4248 enim
2934 4237 2950 4260 ,
2981 4197 3068 4265 qui
3113 4201 3296 4265 pendet
3336 4203 3390 4257 in
3436 4206 3503 4256 ti-

1924 4296 2024 4350 gno
2053 4278 2239 4349 (Deut.
2263 4279 2354 4336 21.
2384 4281 2456 4336 23
2480 4283 2519 4351 ).
2550 4281 2715 4338 Multo
2757 4284 2957 4354 quippe
2998 4288 3230 4344 atrocius
3273 4302 3388 4346 erat
3432 4294 3503 4348 ita

1926 4373 2099 4437 mori,
2131 4388 2291 4443 quam
2318 4373 2599 4430 dumtaxat
2626 4377 2759 4431 mori
2792 4393 2805 4430 :
2838 4379 2978 4447 quod
3007 4379 3121 4449 ipse
3145 4370 3357 4454 quoque
3398 4387 3505 4441 alie

1924 4463 2043 4518 loco
2084 4463 2411 4531 subindicat,
2448 4465 2660 4531 dicens,
2710 4466 2902 4522 Factus
2941 4473 3173 4526 obediens
3214 4490 3373 4543 usque
3435 4478 3504 4531 ad

1923 4564 2131 4609 mortem
2150 4597 2165 4621 ,
2197 4567 2405 4610 mortem
2431 4566 2597 4611 autem
2620 4558 2785 4611 crucis
2816 4558 3088 4633 (Philipp.
3111 4564 3165 4617 2.
3196 4570 3230 4621 8
3246 4568 3289 4637 ).
3316 4568 3501 4639 Neque

1921 4648 2064 4701 enim
2095 4648 2385 4703 cruciatum
2423 4648 2700 4704 dumtaxat
2742 4663 2807 4706 ea
2854 4666 2944 4708 res
2985 4652 3254 4722 habebat,
3300 4660 3395 4715 sed
3442 4672 3498 4716 et

1922 4738 2283 4808 ignominiam.
2308 4738 2683 4796 Animadverte
2699 4739 2876 4812 itaque
2904 4754 3034 4813 quot
3057 4745 3125 4800 ab
3150 4762 3217 4803 eo
3243 4750 3499 4807 beneﬁcia

1921 4830 2210 4900 acceperis.
2242 4829 2488 4900 Magnum
2517 4832 2659 4885 enim
2686 4834 3014 4888 oensendum
3044 4844 3129 4890 est
3151 4876 3166 4901 ,
3197 4853 3318 4893 cum
3346 4845 3498 4911 quis,

1920 4922 2079 4977 etiam
2106 4930 2382 4990 peccator,
2410 4936 2508 4990 pro
2532 4921 2639 4976 alio
2662 4937 2984 4993 quicumque
3011 4924 3082 4980 sit
3121 4936 3348 4986 mortem
3394 4946 3495 5003 0p-

1920 5012 2093 5082 petit:
2124 5020 2181 5067 at
2206 5028 2324 5067 cum
2347 5012 2523 5080 justus
2541 5013 2702 5068 etiam
2753 5022 2837 5069 est
2882 5013 2972 5085 qui
3015 5017 3254 5087 patitur,
3303 5029 3360 5076 et
3400 5038 3499 5093 pro

1920 5104 2288 5178 peccatoribus
2311 5105 2572 5170 moritur;
2603 5118 2705 5161 nec
2730 5107 2905 5161 solum
2933 5110 3177 5177 moritur,
3208 5112 3303 5167 sed
3331 5115 3493 5171 etiam

1920 5188 1976 5248 ut
2003 5192 2382 5257 exsecrandus,
2410 5207 2510 5247 nec
2534 5200 2593 5249 ut
2608 5196 2967 5251 exsecrandus
2996 5205 3197 5254 tantum
3225 5181 3489 5274 moritur,

1916 5298 2103 5339 verum
2132 5284 2290 5337 etiam
2312 5282 2543 5353 ingentia
2573 5282 2698 5339 hinc
2718 5324 2734 5348 ,
2760 5293 2816 5339 et
2846 5300 2962 5356 qua:
2990 5302 3274 5359 numquam
3303 5306 3493 5362 exspe-

1914 5385 2271 5437 ctaveramus,
2296 5372 2435 5430 bona
2462 5373 2618 5432 nobis
2634 5374 2923 5447 conciliat(
2947 5374 3017 5434 Ut
3035 5380 3181 5433 enim
3210 5382 3495 5450 efﬁcimur

1914 5465 2011 5520 Dei
2029 5464 2235 5536 justitia
2260 5466 2319 5533 in
2342 5466 2453 5537 ipso
2475 5505 2492 5532 ,
2536 5463 2749 5536 inquit)
2777 5483 2792 5519 :
2822 5481 3069 5539 quanam
3116 5468 3232 5525 hinc
3272 5474 3446 5530 oratio
3472 5518 3489 5543 ,

1912 5574 2155 5628 quaenam
2182 5575 2333 5615 mens
2353 5558 2467 5615 hare
2495 5561 2745 5630 consequi
2773 5570 2932 5633 atque
2965 5564 3267 5633 exprimere
3293 5570 3491 5636 queat?

1914 5651 2047 5704 Eum
2073 5649 2239 5716 enim,
2261 5650 2349 5720 qui
2380 5650 2557 5719 justus
2586 5661 2722 5717 crat,
2754 5651 2943 5720 inquit,
2972 5663 3306 5723 peccatorem
3326 5655 3487 5725 fecit,

1913 5752 1967 5793 ut
1991 5748 2299 5809 peccatores
2322 5739 2498 5809 justos
2526 5738 2750 5795 efﬁciat.
2780 5740 2891 5796 imo
2937 5758 3002 5796 ne
3040 5744 3119 5797 sic
3155 5744 3369 5813 quidem
3399 5747 3481 5800 ιο-

1914 5842 2106 5901 quutus
2134 5842 2234 5901 cst,
2268 5832 2360 5889 scd
2408 5830 2546 5903 quod
2588 5831 2744 5905 longe
2787 5833 3066 5891 sublimius
3112 5845 3263 5907 crat,
3310 5836 3475 5902 dixit;

4188 3376 4199 3417 μ

4106 3430 4121 3493 'L

4106 3514 4143 3579 "J
4190 3534 4191 3539 η

4104 3598 4169 3665 ε..

4102 3672 4195 3741 an,

4102 3722 4177 3763 ...ἰ

4102 3778 4201 3805 ,ην-δ

4241 216 4273 254 ³
4315 191 4462 360 ῖὶΐξὲ
4521 245 4530 252 ,

4156 255 4295 363 .‘egj
4337 255 4462 412 μὴ

4172 240 4255 507 ii
4315 355 4440 460 ῖιέῑτὲ
4517 387 4543 470 ii

4142 450 4248 675 ῐέῖ
4292 511 4464 594 sine
4527 537 4544 616 τί

4142 652 4271 729 ’νίέλ
4315 657 4464 728 illa?
4523 665 4544 720 :3

4140 704 4444 825 ίτὲξὲζιῑ

4166 772 4540 896 τ

4164 840 4201 909 ii)
4229 877 4330 907 {1_-
4381 855 4478 902 ιςιιῖ*

4138 828 4392 983 ita
4429 875 4484 972 3;:

4136 1214 4201 1245 51:
4246 1214 4253 1227 '
4292 1211 4330 1239 .
4441 1213 4482 1250 ῃ,

4330 1251 4486 1420 .
4524 1260 4531 1343 ί

4158 1722 4237 1753 ιγ
4310 1732 4317 1735 ι
4500 1734 4501 1737 η

4126 1978 4403 2123 Liba?"

4440 2142 4489 2211 ξξξ
4538 2178 4541 2179 ,

4122 2228 4133 2275 ς
4520 2216 4539 2269 χ

4122 2362 4125 2413 1
4174 2332 4395 2431 friggsfsgg
4428 2346 4477 2419 πῖ
4514 2344 4517 2349 -

4120 2452 4125 2501 δ
4204 2430 4445 2585 *.";i.rii‘f}*
4470 2424 4511 2503 ἷ⁴

4172 2564 4181 2627 ῖ
4204 2568 4235 2615 ⁵
4256 2628 4271 2643 ς
4350 2570 4471 2657 “ﬁt

4118 2754 4121 2757 ’
4172 2752 4259 2787 ‘ét
4466 2748 4469 2759 .

4402 2878 4411 2891 ο

4404 2906 4411 2947 ξ

4404 2978 4409 2991 Ι

4398 3016 4409 3043 Α

4402 3052 4409 3073 Ι

4404 3076 4409 3101 Τ

4406 3106 4411 3125 ἓ

4402 3158 4411 3179 ξ

4404 3188 4411 3199 s

4406 3300 4407 3309 ι

4404 3312 4407 3323 t
