4568 6424
953 359 1020 414 79

913 475 1244 542 nequeenim
1270 476 1624 546 affectionem,
1650 481 1744 534 sed
1772 484 2081 550 qualitatem
2106 485 2272 568 ipsam
2303 487 2498 553 posuit.

915 565 1031 620 Non
1062 569 1202 622 enim
1235 570 1401 634 dixit,
1433 570 1583 626 Fecit
1613 582 1972 641 peccatorem,
1995 575 2087 628 sed
2110 565 2303 640 ,Fecit
2328 594 2503 646 pecca-

912 667 1060 720 tum;
1095 672 1221 724 non,
1255 659 1390 714 Eum
1414 665 1502 731 qui
1533 674 1809 732 peccatum
1841 681 1947 719 non
1973 659 2304 734 per'petrarat
2325 709 2341 731 ,
2379 669 2497 734 sed,

907 751 1007 813 Qui
1035 765 1100 803 ne
1134 762 1406 817 peccatum
1434 756 1647 822 quidem
1677 765 1830 810 norat
1857 775 1871 811 :
1907 767 1962 809 ut
1987 768 2038 810 et
2068 773 2164 810 nos
2179 760 2495 826 efﬁciamur,

907 854 1012 892 non
1036 839 1186 908 justi,
1211 843 1304 896 sed
1331 843 1536 911 justitia
1570 846 1681 915 ipsa
1705 888 1718 909 ,
1751 858 1913 917 atque
1955 848 2091 902 adeo
2137 847 2229 903 Dei
2268 850 2494 920 justitia.

907 930 997 983 Dei
1020 931 1163 984 enim
1196 933 1308 1000 ipsa
1339 944 1444 998 est,
1475 949 1594 990 cum
1623 954 1728 992 non
1756 953 1823 1011 ex
1847 942 2099 1010 operibus
2146 944 2308 1011 (nam
2345 947 2397 999 in
2433 948 2497 1000 iis

904 1024 1105 1076 nullam
1139 1024 1313 1079 labem
1345 1027 1569 1084 inveniri
1604 1047 1825 1087 necesse
1851 1038 2056 1104 esset),
2083 1037 2177 1090 sed
2209 1055 2273 1092 ex
2300 1040 2495 1108 gratia,

903 1129 1026 1182 qua:
1054 1127 1329 1183 peccatum
1358 1135 1515 1175 omne
1549 1138 1766 1191 prorsus
1793 1123 1956 1191 delet,
1984 1126 2360 1196 justiﬁcamur.
2385 1132 2496 1188 Hoc

902 1218 1067 1270 porro
1098 1205 1253 1261 simul
1286 1225 1381 1262 nec
1412 1213 1604 1266 animis
1633 1214 1810 1269 efferri
1841 1231 1940 1270 nos
1967 1218 2125 1281 sinit,
2169 1221 2310 1289 quod
2354 1222 2495 1279 Deus

901 1293 953 1345 id
987 1304 1154 1349 totttnt
1186 1299 1338 1352 nobis
1366 1303 1645 1366 tribuerit,
1681 1314 1737 1358 et
1778 1305 2022 1362 beneﬁcii
2075 1314 2490 1380 magnitudinem

901 1388 1155 1441 ostendit.
1190 1390 1343 1444 Prior
1367 1393 1513 1447 enim
1542 1394 1630 1447 illa
1669 1395 1800 1465 legis
1829 1407 1990 1468 atque
2019 1415 2239 1469 operum
2285 1407 2488 1472 justitia

897 1485 1015 1542 est,
1045 1478 1157 1534 lucc
1189 1497 1315 1535 vero
1354 1483 1443 1537 Dei
1490 1484 1719 1552 justitia.
1775 1487 1900 1543 Haec
1952 1491 2110 1559 igitur
2155 1497 2486 1564 cogitantes,

894 1570 1063 1637 magis
1091 1571 1248 1625 verba
1282 1573 1380 1627 ista
1401 1615 1417 1639 ,
1449 1591 1606 1643 quam
1635 1579 1934 1647 gehennam
1967 1584 2247 1640 timeamus
2274 1606 2288 1653 ;
2320 1594 2487 1660 magis

897 1661 991 1713 has
1014 1678 1127 1725 res,
1155 1680 1313 1732 quam
1348 1666 1516 1734 ipsum
1545 1670 1798 1725 cartorum
1845 1689 2065 1743 regnum
2114 1680 2482 1751 admirentur;

893 1766 993 1804 nec
1022 1768 1182 1821 grave
1212 1769 1332 1809 esse
1356 1757 1659 1824 judicemus
1693 1777 1846 1830 poma
1885 1766 2021 1820 afﬁci
2044 1809 2056 1829 ,
2099 1772 2190 1824 sed
2243 1789 2481 1840 peccare.

893 1844 1022 1898 Nam
1042 1848 1250 1903 etiamsi
1280 1850 1397 1918 ipse
1428 1855 1477 1906 in
1510 1870 1606 1907 nos
1636 1857 1855 1912 minime
1885 1861 2354 1932 animadverteret,
2386 1888 2482 1925 nos

892 1946 1068 1991 tamen
1099 1939 1166 1992 de
1192 1941 1345 1996 nobis
1373 1943 1502 2011 ipsis
1537 1960 1724 2014 pmnas
1748 1963 1962 2004 sumere
1983 1954 2302 2010 deberemus
2326 2001 2340 2022 ,
2393 1965 2480 2030 qui

895 2037 998 2078 tam
1049 2029 1240 2098 ingrati
1271 2033 1321 2084 itt
1375 2035 1511 2087 bene
1553 2036 1620 2088 de
1660 2037 1816 2090 nobis
1860 2041 2110 2094 meritum
2157 2049 2479 2103 exsmimus.

895 2116 960 2169 lit
989 2120 1204 2187 quidem
1233 2163 1246 2185 ,
1273 2125 1532 2178 amasiam
1560 2127 1826 2195 quispiam
1855 2132 2058 2187 habens
2085 2176 2096 2195 .
2131 2151 2273 2205 swpc
2317 2142 2479 2196 etiam

891 2209 990 2261 sibi
1020 2221 1245 2266 mortem
1278 2215 1557 2279 conscivit,
1589 2219 1731 2286 quod
1756 2236 1818 2274 ea
1843 2225 1998 2290 potiri
2031 2242 2135 2281 non
2183 2232 2474 2298 potuisset;

887 2307 1048 2366 atque
1078 2303 1238 2355 etiam
1269 2305 1488 2371 potitus,
1515 2307 1560 2361 si
1586 2309 1711 2376 quid
1742 2310 1793 2365 in
1819 2328 1935 2367 eam
1967 2321 2234 2386 peccarit,
2265 2339 2332 2377 ne
2360 2327 2478 2381 luce

888 2390 1104 2456 quidem
1130 2408 1188 2447 se
1216 2394 1431 2464 dignum
1461 2400 1730 2457 existimat
1761 2423 1774 2456 :
1825 2422 1922 2460 nos
1965 2420 2142 2464 autem
2177 2423 2281 2468 tam
2328 2418 2477 2472 heni-

886 2496 1047 2545 gnum
1071 2481 1350 2542 Dominum
1374 2491 1711 2549 contumeliis
1735 2495 2088 2569 incessentes,
2112 2518 2218 2556 non
2237 2509 2490 2580 nosipsos

883 2573 937 2623 in
983 2573 1241 2642 gehenna:
1298 2577 1564 2636 ﬂammam
1612 2587 1952 2655 injiciemus?
1991 2593 2178 2649 Mirum
2230 2599 2426 2669 aliquid
2456 2646 2471 2671 ,

881 2665 1173 2732 singulare,
1204 2672 1456 2739 quodque
1498 2675 1769 2745 plerisque
1816 2681 2131 2738 incredibile
2171 2665 2470 2760 videbitur,

881 2754 1055 2808 dicam
1091 2774 1104 2810 τ
1143 2761 1314 2826 major
1341 2763 1390 2814 ei
1418 2765 1506 2830 qui
1536 2805 1548 2824 .
1582 2781 1703 2819 cum
1734 2778 1836 2821 tam
1868 2770 2155 2844 benignum
2188 2781 2470 2841 Dominum

882 2848 1212 2914 ostenderit,
1246 2866 1433 2917 poenas
1466 2854 1580 2919 luit,
1604 2861 1900 2915 consolatio
1924 2865 2094 2921 futura
2122 2882 2236 2934 est,
2268 2877 2310 2928 si
2341 2892 2468 2933 Sana

883 2949 1059 2991 mente
1085 2939 1173 2999 sit,
1205 2956 1455 3010 eumque,
1490 2956 1546 2998 ut
1573 2963 1666 3014 par
1694 2961 1798 3019 est,
1831 2965 1994 3024 amet,
2023 2975 2180 3029 quam
2206 2966 2343 3022 cide
2364 2986 2470 3038 quo

879 3027 1197 3093 supplicium
1227 3047 1330 3083 ttott
1364 3035 1608 3090 sumitur.

953 3116 1005 3169 4.
1035 3119 1208 3185 Atque
1233 3121 1333 3176 hoc
1351 3123 1431 3177 vel
1450 3141 1513 3179 ex
1538 3134 1807 3186 conuuuni
1831 3143 2217 3198 consuetudine
2236 3152 2466 3219 perspici

880 3217 1070 3270 potest.
1095 3209 1228 3266 Nam
1258 3216 1346 3284 qui
1381 3218 1648 3276 hominem
1676 3225 1776 3278 sibi
1802 3230 2137 3288 carissimum
2167 3238 2323 3302 laesit,
2356 3253 2463 3296 tum

879 3302 1105 3356 maxime
1132 3306 1381 3373 quiescit,
1413 3325 1536 3364 cum
1564 3329 1593 3366 a
1625 3316 1805 3384 seipso
1851 3335 2036 3388 pmnas
2079 3331 2354 3397 exegerit,
2399 3348 2465 3389 ac

875 3392 1001 3445 tnali
1032 3394 1230 3462 aliquid
1265 3411 1550 3465 perpessus
1579 3402 1737 3459 fuerit
1769 3424 1781 3456 :
1812 3418 1869 3461 ut
1907 3422 1960 3464 et
2004 3412 2168 3469 David
2185 3392 2458 3491 idiceliat,

876 3483 984 3552 Ego
1009 3488 1096 3554 qui
1118 3497 1291 3555 pastor
1318 3505 1431 3542 sum
1449 3532 1462 3557 ,
1505 3496 1733 3561 peccavi;
1750 3513 1841 3567 ego
1867 3503 1956 3569 qui
1984 3517 2158 3571 pastor
2183 3527 2292 3564 sum
2317 3556 2331 3579 ,
2364 3516 2462 3571 ini-

870 3591 967 3640 que
988 3577 1063 3643 egi
1087 3591 1105 3628 :
1127 3577 1208 3628 isti
1237 3579 1324 3646 qui
1360 3595 1472 3634 oves
1507 3594 1621 3635 sunt
1642 3626 1657 3649 ,
1692 3588 1817 3654 quid
1859 3593 2132 3661 fecerunt?
2181 3577 2418 3662 γαιάων
2441 3652 2455 3675 ,

1859 3655 1869 3661 _
2254 3655 2401 3662 """"
2441 3655 2455 3675 7

869 3665 1076 3718 obsecro
1101 3655 1126 3731 ξ
1149 3683 1328 3722 manus
1352 3680 1437 3724 tua
1463 3685 1637 3728 contra
1669 3694 1749 3732 me
1770 3691 1816 3733 et
1846 3694 2020 3740 contra
2058 3689 2264 3748 domum
2297 3702 2457 3768 patris

872 3756 966 3808 mei
992 3754 1080 3827 (2.
1110 3755 1237 3829 Reg.
1263 3760 1352 3814 24.
1381 3761 1446 3815 17
1470 3765 1510 3832 ).
1545 3766 1622 3819 Ad
1656 3766 1771 3825 haec
1795 3789 1916 3828 cum
1953 3777 2276 3838 Absalonem
2297 3754 2454 3843 'ami;

867 3849 936 3900 sit
961 3889 974 3909 ,
1019 3851 1361 3918 gravissimas
1390 3872 1418 3908 a
1451 3860 1628 3928 seipse
1661 3879 1844 3930 poenas
1870 3873 2193 3937 exposcebat
2221 3892 2235 3928 :
2270 3894 2456 3946 quam-

867 3953 1023 4005 quam
1052 3957 1156 3994 non
1185 3944 1299 4012 ipse
1325 3955 1440 4000 erat
1464 3990 1476 4010 ,
1512 3952 1597 4016 qui
1629 3951 1878 4020 injuriam
1907 3959 2192 4030 intulerat,
2222 3971 2315 4024 sed
2363 3975 2449 4042 qui

867 4043 1183 4099 acceperat;
1217 4035 1309 4088 sed
1342 4046 1515 4092 tamen
1539 4043 1658 4112 quia
1689 4044 1886 4113 ingenti
1915 4067 2100 4110 amore
2147 4057 2313 4115 filium
2355 4067 2450 4119 de-

865 4123 1101 4177 functum
1131 4129 1589 4197 complectebatur
1613 4178 1626 4198 ,
1656 4137 1930 4198 doloribus
1956 4162 2074 4203 sese
2097 4154 2443 4224 conﬁciebat,

868 4212 965 4266 hac
993 4217 1199 4272 ratione
1231 4220 1481 4276 leviorem
1511 4227 1610 4279 sihi
1653 4229 1769 4297 ejus
1816 4250 1996 4290 casum
2045 4241 2301 4302 efﬁciens.
2359 4250 2446 4305 Sic

862 4318 958 4357 nos
982 4308 1159 4372 igitur,
1192 4325 1313 4362 cum
1347 4312 1397 4364 in
1423 4329 1543 4366 eum
1575 4332 1857 4383 peccamus
1880 4364 1894 4386 ,
1930 4329 1982 4379 in
2017 4345 2175 4397 quem
2224 4352 2446 4404 peccare

857 4395 1079 4450 minime
1109 4401 1418 4466 oportebat,
1452 4419 1660 4472 prunam
1706 4409 1773 4465 de
1813 4415 2099 4487 uobisipsis
2147 4439 2441 4487 sumamus.

857 4487 1050 4538 Annon
1073 4502 1165 4540 eos
1193 4490 1379 4560 videtis
1402 4535 1416 4557 ,
1452 4498 1539 4564 qui
1570 4499 1885 4562 clarissimis
1909 4508 2033 4566 ﬁliis
2062 4515 2234 4572 orbati
2276 4533 2437 4591 sunt,

853 4576 1122 4641 quomodo
1151 4578 1544 4641 discrucienzur
1569 4606 1631 4644 ac
1653 4594 1874 4662 capillos
1900 4602 2139 4672 vellant,
2185 4613 2437 4678 quoniam

851 4666 1026 4720 solatii
1055 4669 1173 4724 loco
1202 4672 1305 4728 illis
1330 4685 1413 4731 est
1437 4719 1451 4742 ,
1485 4695 1581 4747 pro
1626 4684 1690 4737 iis
1723 4702 1858 4754 quos
1903 4707 2084 4751 amant
2130 4717 2249 4757 sese
2299 4706 2438 4761 afﬂi-

849 4759 1036 4811 ctare?
1059 4760 1210 4825 Quod
1240 4764 1282 4816 si
1307 4807 1323 4826 ,
1352 4785 1472 4822 cum
1503 4773 1633 4825 nihil
1657 4777 1779 4830 mali
1807 4779 1857 4832 in
1883 4781 2127 4851 homines
2159 4796 2313 4849 nobis
2343 4813 2435 4851 ca-

849 4848 1090 4902 rissimos
1111 4850 1502 4919 admiserimus,
1533 4862 1772 4920 levamur
1797 4846 1993 4941 tanien,
2017 4893 2136 4934 cum
2159 4899 2222 4937 ex
2245 4903 2432 4945 eorum

845 4940 1444 5005 calamitatibus‘dolore
1484 4953 1581 5020 ipsi
1611 4957 1905 5028 aflicimur;
1933 4985 2110 5027 annon
2157 4993 2276 5032 cum
2329 4985 2430 5053 ipsi

844 5047 1050 5098 sumus,
1097 5036 1187 5104 qui
1218 5051 1311 5091 eos
1331 5041 1396 5093 ad
1429 5043 1752 5103 iracundiam
1785 5062 2168 5121 concitavimus
2204 5081 2255 5123 et
2287 5073 2429 5142 inju-

849 5121 981 5174 riam
1009 5121 1320 5193 intulimus,
1371 5133 1538 5188 multo
1585 5141 1754 5208 magis
1796 5160 1893 5200 nos
1931 5156 2196 5210 recreabit
2239 5177 2426 5228 poenas

840 5213 990 5275 dare,
1021 5229 1178 5283 quam
1203 5233 1357 5286 paena
1384 5240 1489 5276 non
1517 5226 1653 5282 afﬁci
1673 5232 1696 5283 ?
1720 5231 1926 5292 Nemini
1968 5243 2016 5297 id
2063 5248 2279 5307 dubium
2322 5267 2422 5312 est.

840 5301 893 5350 Si
920 5302 1038 5368 quis
1068 5320 1192 5374 erga
1223 5309 1489 5368 Christum
1519 5329 1586 5372 eo
1612 5337 1792 5378 :unorc
1819 5342 1920 5394 est,
1954 5351 2058 5404 qtto
2089 5340 2270 5410 debet,
2296 5350 2422 5416 quid

840 5387 1013 5416 ,Ιὶηιιηι
1061 5392 1298 5416 1...-n:_--
1607 5410 1617 5416 .

1908 5387 1917 5394 '
1972 5387 1984 5404 I
2093 5387 2270 5410 "'"V"
2296 5387 2308 5399 ι
2336 5387 2417 5404 -ιιυ

838 5387 1014 5441 dicam
1061 5392 1338 5468 intelligit,
1386 5410 1676 5477 quomodo,
1733 5431 1801 5470 ne
1841 5418 1957 5488 ipso
1999 5431 2211 5496 quidem
2262 5387 2417 5508 igito-

839 5487 1019 5508 [μα-ιιι)
1111 5485 1229 5508 mnf...
1264 5491 1336 5508 _-'
1653 5505 1665 5508 _

839 5487 1019 5534 scente
1043 5519 1059 5547 ,
1106 5485 1233 5554 quin
1261 5491 1494 5562 seipsum
1520 5505 1724 5562 cruciet
1751 5524 1854 5565 non
1886 5518 2167 5578 sustinebit
2195 5545 2207 5578 :
2239 5485 2412 5587 [ηἳικὶ-

1664 367 1718 422 S.
1761 367 2038 423 JOANNIS
2077 367 2552 425 CllliYSOS’l‘OMI
2587 372 2905 436 ARClllEP.
2948 383 3475 449 (ῘΟΝΞΤΑΝΤΙΝΟῬ.

4105 413 4200 470 $30
4294 413 4295 482 ξ

2612 503 2756 543 mum
2783 492 2926 547 enim
2958 502 3272 568 supplicium
3299 523 3363 562 eo
3392 509 3505 576 ipso
3532 516 3733 585 pendit,
3765 521 3906 590 quod
3936 524 4112 594 ipsnm
4127 533 4190 584 ad

2610 579 2934 638 iracundiam
2965 594 3346 650 exstimulavit.
3377 599 3486 656 Nec
3512 579 3637 659 vero
3665 625 3752 664 me
3783 613 3912 682 fugit
3961 616 4190 673 incredi-

2607 669 2729 725 bilia
2759 677 3028 749 plerisque
3054 685 3218 740 videri
3245 706 3365 757 qua}
3389 693 3508 748 dico
3532 714 3547 759 ;
3581 700 3675 754 sed
3704 711 3878 759 tamen
3907 708 3974 761 ita
4004 724 4064 765 se
4103 728 4187 768 res

2607 761 2765 818 habet
2790 808 2804 831 ,
2836 780 2892 821 ut
2911 771 3039 826 dixi.
3070 776 3328 840 Quocirca
3357 783 3400 837 si
3425 783 3694 843 Christum
3720 791 3787 844 ita
3817 811 4063 854 amemus
4087 844 4100 860 ,
4129 815 4187 856 ut

2603 859 2864 914 amandus
2891 874 2990 928 est,
3019 882 3358 932 peccatorum
3388 887 3695 935 nostrorum
3719 885 4194 952 ipsimetvindices

2602 947 2821 1005 erimus.
2874 955 2940 1010 lis
2987 961 3167 1022 enim,
3217 966 3305 1032 qui
3351 968 3585 1035 cujusvis
3623 973 3854 1031 hominis
3882 997 4067 1038 amore
4093 988 4192 1038 ila-

2600 1051 2775 1105 grant,
2802 1059 2906 1099 non
2940 1048 3064 1104 illud
3091 1055 3372 1110 molestum
3402 1071 3508 1127 est,
3533 1065 3674 1131 quod
3708 1083 3803 1134 pro
3837 1071 4048 1128 oﬁ‘enso
4072 1079 4188 1146 ejus

2599 1144 2756 1195 quem
2781 1148 2963 1190 amant
2995 1144 3210 1208 gravius
3236 1149 3433 1218 aliquid
3461 1154 3749 1220 patiantur.
3780 1162 3872 1213 sed
3909 1164 4037 1218 illud
4062 1180 4185 1223 ante

2596 1223 2797 1285 omnia,
2827 1230 2967 1295 quod
3000 1247 3122 1286 cum
3153 1245 3310 1303 quem
3342 1240 3569 1311 diligunt
3614 1247 3955 1307 olfenderint.
4007 1259 4087 1312 Ac
4139 1264 4182 1314 si

2595 1310 2683 1365 ille
2712 1314 2788 1368 ira
2814 1331 3134 1389 commotus,
3161 1329 3403 1396 injuriam
3435 1347 3705 1405 acceptam
3738 1357 3842 1396 non
3871 1347 4182 1416 ulciscatur,

2597 1400 2699 1455 hoc
2721 1405 2835 1472 ipso
2860 1413 3092 1468 amicum
3115 1421 3331 1487 gravius
3356 1430 3629 1485 excruciat
3658 1449 3670 1483 :
3700 1445 3883 1489 contra
3908 1479 3922 1500 ,
3975 1441 4019 1492 si
4053 1444 4180 1511 quid

2594 1506 2870 1560 pamarutn
2903 1516 3097 1568 sumat,
3132 1510 3248 1576 plus
3273 1513 3320 1567 ei
3350 1515 3628 1576 levationis
3672 1525 3848 1582 affert.
3891 1530 3971 1585 Ne
4021 1534 4183 1603 igitur

2590 1587 2889 1654 gehennam
2915 1597 3389 1662 perhorrescamus
3412 1649 3429 1675 ,
3463 1612 3555 1666 sed
3589 1614 3639 1669 id
3687 1620 3863 1684 potius
3891 1624 4180 1685 timeamus

2591 1693 2657 1731 ne
2705 1682 2868 1738 Deum
2915 1689 3289 1753 offendamus:
3323 1699 3424 1754 hoc
3467 1706 3607 1758 enim
3651 1709 3740 1761 iilo
3775 1717 4008 1770 atrocius
4054 1731 4179 1785 est,

2589 1785 2707 1823 cum
2739 1773 2978 1832 infensus
3006 1783 3205 1837 vultum
3229 1802 3383 1842 suum
3411 1807 3439 1844 a
3469 1797 3623 1850 nobis
3653 1803 3880 1868 avertit;
3915 1806 4016 1860 hoc
4040 1826 4176 1877 quo-

2588 1861 2667 1913 vis
2697 1866 2958 1934 supplicio
2986 1875 3198 1938 gravius
3225 1887 3383 1948 atque
3409 1886 3674 1942 acerbius.
3709 1861 3884 1964 Atque
3914 1909 3966 1951 ut
4005 1861 4176 1969 quan-

2589 1959 2697 2005 tum
2744 1957 2846 2010 hoc
2891 1962 3086 2015 malum
3138 1967 3208 2020 sit
3261 1970 3566 2042 intelligas,
3613 1981 3979 2042 animadverte
4027 1996 4178 2060 quod

2585 2044 2728 2101 dico.
2754 2050 2808 2104 Si
2843 2055 2964 2120 quis
2989 2071 3080 2110 rex
3121 2061 3380 2118 latronem
3423 2069 3655 2137 aliquem
3694 2090 3758 2130 ac
3805 2077 4170 2139 facinorosum

2585 2136 2855 2197 hominem
2887 2162 3073 2213 poenas
3097 2152 3332 2212 luentem
3361 2165 3718 2230 conspiciens.
3751 2184 3934 2224 carum
3963 2186 4018 2229 et
4042 2185 4164 2233 titti-

2583 2246 2704 2286 cmn
2735 2250 2797 2289 ac
2817 2252 3129 2305 germanum
3165 2247 3328 2303 ﬁlium
3373 2257 3670 2313 necandum
3716 2263 3962 2333 dederit,
4009 2285 4176 2343 atque

2583 2339 2683 2376 una
2717 2342 2836 2381 cum
2867 2342 3039 2388 morte
3081 2337 3286 2393 crimen
3336 2358 3548 2415 quoque
3593 2352 3659 2402 ab
3703 2354 3797 2408 illo
3847 2359 3909 2410 ad
3963 2363 4167 2429 ﬁlium,

2583 2416 2737 2486 longe
2763 2420 2829 2474 ab
2856 2422 2997 2478 illius
3019 2425 3229 2498 ﬂagitiis
3256 2447 3538 2502 remotum,
3565 2448 3912 2514 transtulerit,
3937 2464 3994 2505 ut
4017 2471 4169 2511 reum

2578 2519 2631 2562 et
2661 2525 2689 2562 a
2718 2515 2980 2582 supplicio
3018 2523 3215 2576 eximat
3239 2536 3294 2580 et
3324 2530 3390 2583 ab
3434 2531 3648 2590 infamia
3695 2541 3961 2611 vindicet,
4005 2560 4168 2619 atque

2580 2601 2797 2674 insuper
2825 2607 2890 2663 ad
2918 2609 3186 2682 ingentem
3215 2617 3525 2690 dignitatem
3550 2633 3821 2690 evexerit:
3855 2651 3916 2692 ac
3967 2640 4167 2698 deinde

2578 2697 2692 2764 ipse
2716 2713 2831 2768 post
2852 2707 3065 2763 allatam
3099 2712 3174 2766 illi
3207 2716 3468 2783 ejusmodi
3497 2725 3722 2780 salutem
3751 2733 4168 2801 amplissimam-

2574 2805 2677 2856 que
2705 2794 2926 2862 gloriam
2961 2801 3116 2857 abeo
3137 2846 3151 2869 ,
3189 2807 3238 2859 in
3272 2824 3428 2877 quem
3463 2824 3602 2888 tanta
3634 2817 3890 2877 beneﬁcia
3918 2832 4167 2884 contule-

2576 2884 2661 2950 rit,
2687 2895 3023 2949 contumeliis
3046 2897 3307 2956 afﬁciatur
3329 2919 3343 2966 ;
3368 2921 3542 2962 annon
3572 2911 3690 2980 ille,
3720 2917 3762 2969 si
3793 2920 3956 2975 modo
3977 2937 4165 2979 mente

2571 2989 2815 3045 Constet,
2850 2985 3044 3041 millies
3069 3001 3293 3045 mortem
3325 3008 3580 3065 oppetere
3610 3005 3819 3068 mallet,
3859 3025 4018 3075 quam
4051 3023 4164 3069 tam

2574 3064 2761 3134 ingrati
2809 3073 2973 3128 animi
3025 3079 3249 3137 crimine
3300 3085 3584 3143 laborare?
3623 3093 3735 3148 Hoc
3783 3097 3962 3167 itaque
4011 3119 4161 3161 nunc

2569 3172 2781 3224 quoque
2810 3167 3222 3237 perpendamus,
3257 3185 3415 3244 atque
3442 3179 3510 3231 ob
3535 3183 3796 3239 offensum
3849 3190 4158 3252 beneﬁcum

2570 3246 2794 3300 acerbos
2809 3254 3036 3317 gemitus
3061 3261 3367 3317 emittamus
3392 3283 3406 3319 :
3439 3283 3537 3322 uec
3559 3273 3680 3339 quia
3712 3276 3919 3344 injuriis
3937 3297 3968 3335 a
3998 3288 4158 3341 nobis

2569 3334 2847 3394 lacessitus
2869 3343 3226 3415 longanimein
3260 3369 3317 3408 se
3347 3360 3580 3427 prtcbet,
3614 3365 3863 3423 fidentem
3910 3377 4157 3435 animum

2567 3432 2946 3501 prtcferamus,
2981 3454 3160 3496 verum
3191 3446 3261 3499 ob
3292 3447 3342 3501 id
3373 3466 3582 3522 quoque
3609 3458 3780 3526 ipsum
3811 3463 4156 3538 distorquea-

2564 3535 2701 3574 mur.
2727 3521 2860 3580 Nam
2889 3530 3048 3584 etiam
3075 3536 3214 3602 apud
3238 3536 3529 3609 ’homines,
3579 3564 3700 3604 cum
3750 3556 3866 3621 quis
3914 3559 4154 3630 impacta

2560 3613 2659 3666 sibi
2702 3615 2756 3669 in
2802 3619 3044 3678 deXtram
3091 3633 3361 3687 maxillam
3407 3636 3558 3706 alapa
3613 3643 3884 3702 sinistram
3931 3668 4153 3723 quoque

2561 3708 2792 3775 praebet,
2842 3715 3099 3782 majorem
3149 3724 3402 3780 ultionetu
3446 3733 3645 3798 sumit,
3699 3752 3856 3806 quam
3905 3743 3951 3796 si
3999 3748 4151 3801 mille

2559 3799 2737 3865 plagas
2771 3804 3050 3862 inﬁixisset
3079 3828 3094 3866 :
3121 3824 3174 3865 et
3199 3831 3319 3869 ettttt
3353 3820 3648 3877 maledictis
3678 3828 3949 3896 itnpetitus
3974 3875 3990 3896 ,
4038 3854 4147 3892 non

2557 3892 2716 3940 modo
2747 3896 3024 3950 maledicta
3059 3919 3162 3956 non
3192 3911 3420 3975 regerit,
3450 3912 3542 3964 sed
3589 3918 3748 3970 etiatn
3791 3925 4144 3982 conviciatori

2553 3993 2651 4030 suo
2679 3982 2845 4037 fausta
2872 4001 3125 4054 precatur
3147 4035 3163 4058 ,
3192 3997 3408 4063 gravius
3436 4015 3557 4055 eum
3591 4003 3737 4073 ferit,
3767 4024 3925 4078 quam
3949 4016 3994 4069 si
4020 4033 4145 4072 sex-

2551 4072 2722 4123 centis
2752 4090 2874 4127 eum
2903 4080 3111 4144 probris
3137 4087 3641 4160 aspersisset.Quod
3659 4097 3702 4150 si
3729 4101 3782 4152 itt
3807 4103 4141 4176 hominibus,

2549 4173 2669 4213 cum
2697 4164 2739 4216 is
2761 4181 2916 4233 quem
2939 4169 3127 4238 injuria
3151 4173 3423 4234 aﬁecimus
3442 4183 3615 4240 lenem
3640 4204 3699 4243 se
3725 4193 3880 4250 nobis
3906 4202 4136 4267 praebet,

2549 4255 2961 4326 erubescamus;
2994 4278 3193 4334 quanto
3220 4275 3389 4342 magis
3415 4274 3466 4328 in
3499 4275 3606 4332 Deo
3642 4289 3988 4344 metuendum
4031 4294 4141 4348 illis

2549 4358 2651 4410 est,
2685 4351 2772 4419 qui
2803 4358 3054 4422 peccandi
3081 4361 3238 4415 ﬁnem
3267 4381 3369 4420 non
3399 4369 3635 4439 faciunt,
3693 4395 3790 4433 nec
3833 4385 4136 4456 quidquam

2544 4439 2751 4496 adversi
2782 4447 3051 4513 patiuntur
3085 4470 3099 4506 :
3130 4456 3391 4525 siquidem
3424 4463 3476 4516 in
3508 4467 3696 4534 capitis
3728 4471 3960 4538 ipsorum
4010 4497 4132 4547 per-

2546 4531 2757 4598 niciem,
2790 4537 3161 4600 inenarrabilis
3185 4551 3450 4606 cruciatus
3479 4569 3800 4614 asservatur.
3824 4564 3948 4620 Haec
3965 4570 4130 4638 igitur

2543 4623 2722 4677 animo
2749 4631 3050 4698 volventes,
3083 4651 3354 4702 peccatum
3400 4658 3524 4701 ante
3566 4652 3743 4706 omnia
3793 4656 4076 4718 timeamus
4108 4684 4125 4722 :

2542 4709 2645 4766 hoc
2673 4719 2813 4771 enim
2842 4737 2994 4788 pmna
3043 4737 3159 4794 est,
3210 4730 3312 4788 hoc
3362 4738 3637 4808 gehenna,
3689 4742 3791 4798 hoc
3840 4747 4128 4810 innumera

2541 4807 2700 4858 mala.
2729 4809 2837 4865 Nec
2867 4829 2995 4868 vero
3024 4826 3226 4876 tantum
3262 4828 3541 4885 timeamus
3565 4872 3581 4896 ,
3612 4834 3706 4888 sed
3736 4838 3892 4895 etiam
3935 4841 4124 4916 fugia-

2538 4913 2678 4964 mus,
2701 4917 2764 4957 ac
2792 4905 2900 4959 Deo
2933 4926 3190 4983 perpetuo
3221 4921 3429 4987 placere
3458 4924 3767 4984 studeamus
3799 4949 3811 4984 :
3846 4934 3946 4990 hoc
3971 4943 4119 4996 enim

2536 5006 2755 5060 regnum
2782 5007 2883 5068 est,
2911 5001 3012 5059 hoc
3042 5011 3162 5073 vita,
3198 5009 3299 5064 hoc
3330 5012 3602 5070 immmera
3634 5018 3790 5077 bona.
3821 5024 3892 5080 ita
3925 5029 4020 5085 fiat
4066 5047 4121 5089 ut

2533 5089 2588 5135 et
2639 5083 2724 5138 hic
2761 5087 2870 5156 jam
2921 5109 3084 5162 regno
3131 5100 3425 5167 potiantur,
3457 5112 3510 5158 et
3546 5108 3736 5166 futuris
3764 5114 3920 5171 bouis
3949 5140 3964 5175 :
3999 5138 4118 5192 qua:

3953 5173 3961 5175 ἡ
4006 5173 4114 5192 ,__

2533 5173 2730 5230 utinam
2760 5197 2945 5236 omnes
2967 5202 3354 5256 consequamur
3373 5235 3387 5258 ,
3417 5210 3514 5263 per
3533 5201 3756 5267 gratiam
3778 5221 3840 5262 ac
3865 5209 4114 5285 benigni.

2533 5275 2692 5322 tatem
2717 5273 2922 5330 Domini
2948 5282 3112 5334 nostri
3142 5282 3268 5337 Jesu
3297 5288 3527 5358 Christi,
3552 5299 3637 5352 cui
3683 5315 3803 5354 cum
3853 5305 4014 5363 Patre
4061 5319 4110 5366 et

2528 5357 2727 5428 Spiritu
2758 5380 2943 5423 sancto
2965 5372 3152 5439 gloria,
3183 5376 3486 5452 imperium,
3516 5387 3709 5459 honor,
3732 5412 3874 5454 nunc
3891 5411 3946 5456 et
3968 5418 4108 5461 sem-

2526 5466 2640 5521 per,
2665 5469 2716 5511 et
2744 5459 2794 5514 in
2817 5463 3010 5518 sa.-cula
3035 5469 3374 5529 sa'culormn.
3401 5479 3591 5538 Amen.
