4076 6338
278 373 385 430 679

276 486 532 556 μέγεθος.
573 487 789 559 Ἐκείνη
830 488 937 558 γὰρ
965 490 999 556 ἡ
1041 488 1280 560 προτέρα
1322 490 1490 559 νόμου
1534 491 1629 542 καὶ
1680 489 1858 560 ἔργων

270 576 613 650 δικαιοσύνη,
644 578 786 648 αῦτη
814 578 873 631 δὲ
901 578 1038 632 Θεοῦ
1068 579 1408 651 δικαιοσύνη.
1439 580 1607 634 Ταῦτ’
1643 576 1735 633 οὖν
1769 581 1857 632 ἐνο

270 670 568 738 νοήσαντες
593 668 925 740 φοϐηθῶμεν
944 671 1044 741 τῆς
1065 671 1291 740 γεέννης
1321 670 1525 742 μᾶλλον
1544 671 1613 724 τά
1636 673 1856 743 ῥήματα

268 755 466 820 ταῦτα,
490 757 829 829 αίδεσθῶμεν
854 759 1056 831 μᾶλλον
1076 764 1175 832 τῆς
1198 759 1478 830 βασιλείας
1496 762 1566 815 τὰ
1595 763 1858 832 πράγμα-

268 862 361 910 τα,
386 849 481 899 καὶ
518 850 593 918 μὴ
630 848 945 921 νομίσωμεν
966 850 1203 921 χαλεπὸν
1240 846 1381 906 εἶναι
1408 851 1469 904 τὸ
1502 852 1853 917 κολάζεσθαι,

263 935 406 991 ἀλλὰ
426 937 487 991 τὸ
510 940 870 1010 ἁμαρτάνειν.
903 943 1015 995 Kal
1043 942 1151 1012 γὰρ
1184 942 1349 1006 αὐτὸς
1388 944 1438 996 εί
1485 946 1559 1015 μὴ
1592 944 1853 1008 ἐκόλαζεν

262 1029 437 1099 ἡμᾶς,
464 1031 663 1094 αὐτοὺς
682 1033 851 1104 ἐχρῆν
876 1034 1177 1102 ἀπαιτῆσαι
1203 1033 1359 1103 δίκην
1385 1036 1638 1102 ἑαυτοὺς,
1673 1036 1847 1101 οὕτως

261 1118 586 1190 ἀγνώμονας
629 1126 757 1194 περὶ
786 1125 879 1177 τὸν
911 1124 1210 1195 εὐεργέτην
1247 1126 1593 1196 γενομένους.
1642 1127 1756 1181 Νῦν
1794 1128 1850 1181 δὲ

261 1212 551 1285 ἐρωμένην
592 1216 691 1283 μέν
724 1232 808 1278 τις
852 1215 1011 1285 ἔχων,
1055 1217 1319 1281 πολλάκις
1362 1221 1454 1273 καὶ
1493 1220 1686 1273 ἑαυτὸν
1721 1238 1852 1273 κατ-

255 1301 488 1373 έσφαξε,
518 1304 592 1376 μὴ
614 1305 791 1375 τυχὼν
810 1306 904 1361 τοῦ
928 1307 1151 1379 ἔρωτος·
1178 1312 1274 1364 καὶ
1290 1312 1472 1383 τυχὼν
1492 1313 1570 1377 δὲ,
1594 1315 1851 1385 πεπλημ-

260 1394 524 1465 μεληκὼς
560 1400 643 1461 εις
676 1398 885 1470 αὐτὴν,
917 1400 1039 1453 οὑδέ
1072 1405 1222 1470 ἀξιον
1268 1407 1367 1475 ζῇν
1397 1406 1611 1474 ἡγεῖται
1633 1420 1649 1437 ο
1680 1408 1759 1470 είς
1792 1406 1851 1458 δὲ

254 1487 353 1541 τὸν
384 1486 530 1543 οὕτω
574 1489 961 1562 φιλάνθρωπον
994 1494 1089 1548 καὶ
1130 1496 1338 1566 ἥμερον
1371 1496 1720 1569 ὑϐρίζοντες,
1750 1500 1849 1569 οὐχ

256 1579 490 1641 ἑαυτοὺς
522 1578 868 1652 ἐμϐαλοῦμεν
897 1584 978 1646 είς
1020 1587 1083 1637 τὸ
1127 1586 1239 1657 πῦρ
1266 1588 1365 1655 τῆς
1391 1589 1655 1659 γεέννης;
1697 1592 1850 1643 Εἴπω

252 1682 308 1719 τι
377 1668 680 1739 παράδοξον
734 1672 828 1725 καὶ
874 1672 1225 1744 θαυμαστὸν,
1285 1678 1381 1730 καὶ
1442 1677 1660 1742 πολλοῖς
1718 1679 1851 1743 ῖσως

254 1757 515 1811 ἄπιστον·
556 1760 761 1829 μείζων
799 1762 953 1817 ἔσται
1006 1766 1335 1837 παραμυθία
1384 1767 1463 1829 τῶ
1496 1769 1843 1840 κολαζομένῳ

254 1847 400 1914 μετὰ
426 1849 489 1903 τὸ
522 1851 826 1923 παροξῦναι
863 1855 956 1907 τὸν
986 1855 1129 1909 οὓτω
1159 1856 1564 1926 φιλάνθρωπον,
1596 1860 1691 1913 ἐὰν
1718 1858 1845 1913 νοῦν

250 1930 377 2012 ἔχῃ,
409 1940 502 1993 καὶ
535 1942 666 2014 φιλῇ
699 1944 791 1997 τὸν
820 1947 1121 2015 Δεσπότην,
1153 1947 1229 2009 ὡς
1262 1947 1438 2017 φιλεῖν
1464 1951 1565 2013 δεῖ,
1595 1951 1629 2021 ἦ
1661 1950 1737 2021 τῷ
1767 1952 1843 2024 μὴ

250 2028 630 2101 κολαζομένῳ.

325 2116 382 2167 δ’.
427 2119 536 2171 Kal
562 2119 723 2172 τοῦτο
748 2122 841 2175 καὶ
863 2123 975 2176 ἀπὸ
1008 2124 1107 2191 τῆς
1143 2126 1331 2197 κοινῆς
1366 2128 1651 2197 συνηθείας
1703 2136 1847 2189 ἔστιν

250 2204 405 2261 ἰδεῖν.
440 2208 498 2261 Ὀ
521 2210 630 2281 γάρ
651 2215 729 2275 εἰς
752 2214 841 2264 τὸν
866 2217 1118 2283 φίλτατον
1140 2218 1440 2290 ἠδικηκὼς,
1460 2223 1577 2273 τότε
1604 2223 1840 2292 μάλιστα

244 2298 616 2365 ἀναπαύεται,
652 2302 780 2355 ὅταν
808 2305 1002 2358 ἑαυτὸν
1030 2309 1313 2380 ἀπαιτήσῃ
1345 2309 1523 2382 δίκην,
1564 2316 1657 2365 καὶ
1689 2316 1841 2388 πάθῃ

244 2389 439 2453 κακῶς
462 2409 477 2422 ·
506 2392 697 2465 ῶσπερ
727 2390 819 2449 οὖν
849 2398 947 2450 xal
974 2400 1003 2451 ὁ
1035 2398 1197 2454 Δαυῒδ
1226 2400 1433 2470 ἔλεγεν.
1480 2403 1622 2473 Ἐγὼ
1649 2408 1681 2459 ό
1711 2422 1841 2459 ποι-

240 2478 374 2547 μὴν
406 2480 695 2550 ἥμαρτον,
741 2486 841 2539 καί
874 2487 989 2555 ἐγὼ
1030 2492 1063 2542 d
1110 2491 1337 2559 ποιμὴν
1381 2492 1835 2562 ἐκακοποίησα·

242 2570 351 2625 καὶ
383 2568 573 2636 οὗτοι,
601 2576 669 2628 τὸ
690 2577 997 2644 ποίμνιον,
1018 2580 1078 2632 τί
1107 2581 1446 2649 ἐπυίησαν;
1473 2585 1755 2638 Γενέσθω
1793 2587 1833 2653 ἠ

238 2660 380 2729 χείρ
406 2676 523 2715 σου
552 2664 624 2716 ἐν
651 2664 733 2729 τῷ
756 2666 901 2731 οτκφ
926 2668 1035 2722 τοῦ
1056 2674 1284 2737 πατρός
1304 2690 1445 2740 μου.
1476 2675 1588 2727 Kal
1621 2676 1710 2728 ὅτε
1742 2677 1835 2729 τὸν

218 2751 615 2839 ’ΔΑϐεσσαλὼμ
674 2754 959 2821 ἀπώλεσε,
1018 2759 1177 2830 δίκην
1236 2763 1427 2815 ἑαυτὸν
1487 2766 1687 2836 ἀπῄτει
1737 2766 1833 2839 τὴν

236 2836 503 2907 ἐσχάτην·
533 2839 711 2894 καίτοι
734 2859 798 2909 γε
825 2844 925 2897 οὐκ
966 2840 1037 2917 ἦν
1064 2847 1227 2911 αὐτὸς
1256 2851 1285 2901 ό
1312 2850 1616 2922 ἠδικηκὼς,
1652 2854 1767 2909 ἀλλ’
1792 2836 1835 2909 ’ό

236 2927 611 2999 ἠδικημένος·
670 2932 786 2986 ἁλλ’
833 2935 983 3006 ὅμως
1028 2937 1217 3010 ἐπειδὴ
1272 2942 1476 3013 σφόδρα
1524 2944 1696 3012 ἐφίλει
1740 2947 1834 3001 τὸν

234 3018 549 3074 ἀπελθόντα
571 3062 586 3087 ,
635 3025 945 3081 κατέτεινεν
985 3029 1179 3083 ἑαυτὸν
1212 3034 1333 3096 ταῖς
1370 3033 1588 3099 ὀδύναις
1610 3077 1626 3101 ,
1659 3037 1833 3111 ταύτῃ

235 3112 739 3186 παραμυθούμενος
792 3118 1006 3177 ἑαυτόν.
1067 3124 1179 3176 Kal
1236 3125 1398 3194 ἡμεῖς
1453 3128 1655 3195 τοίνυν,
1705 3131 1835 3185 ὅταν

233 3204 649 3279 ἁμαρτάνωμεν
696 3211 779 3274 είς
809 3210 869 3265 ὃν
905 3213 1006 3268 οὐκ
1049 3216 1215 3286 ἐχρῆν
1266 3215 1420 3290 [519]
1469 3220 1831 3292 ἁμαρτάνειν,

229 3294 399 3366 δίκην
425 3297 651 3363 ἑαυτοὺς
677 3301 1021 3374 ἀπαιτῶμεν.
1048 3306 1162 3376 Οὐχ
1186 3309 1353 3379 ὁρᾶτε
1381 3310 1510 3375 τοὺς
1535 3312 1835 3368 ἀποϐαλόν-

229 3402 338 3448 τας
371 3388 569 3453 παῖδας
604 3394 897 3462 γνησίους,
938 3396 1021 3449 δτι
1066 3397 1155 3451 διὰ
1192 3398 1353 3455 τοῦτο
1400 3403 1496 3456 καὶ
1538 3405 1832 3460 κόπτονται

231 3476 338 3528 καὶ
370 3477 563 3547 τρίχας
604 3481 911 3550 τίλλουσιν,
961 3488 1150 3557 ἐπειδὴ
1201 3495 1561 3562 παραμυθίαν
1613 3499 1726 3567 ἔχει
1772 3500 1833 3552 τὸ

229 3567 492 3632 κολάζειν
514 3574 741 3637 ἑαυτοὺς
776 3577 919 3649 ὑπὲρ
947 3580 1060 3633 τῶν
1086 3581 1465 3653 φιλουμένων;
1502 3590 1565 3641 Εἰ
1595 3591 1675 3653 δὲ,
1702 3594 1831 3645 ὅταν

231 3660 410 3731 μηδὲν
456 3663 826 3736 ἐργασώμεθα
873 3671 1035 3739 ἡμεῖς
1090 3675 1217 3737 τοὺς
1273 3676 1563 3744 φιλτάτους
1622 3681 1826 3748 δεινὸν,

229 3750 398 3823 φέρει
424 3756 783 3826 παραμυθίαν
810 3762 945 3831 ἡμῖν
974 3762 1035 3816 τὸ
1065 3765 1253 3829 κακῶς
1282 3768 1537 3839 πάσχειν,
1568 3771 1712 3844 ὑπὲρ
1750 3768 1829 3827 ὧν

226 3845 436 3937 ἐκεῖνοι
459 3846 646 3912 κακῶς
668 3851 1035 3907 πεπόνθασιν·
1064 3856 1193 3912 ὅταν
1215 3859 1371 3913 αὐτοὶ
1408 3854 1560 3931 ὦμεν
1593 3865 1643 3917 οῖ
1685 3883 1828 3937 παρ-

223 3934 525 4003 οξύναντας
567 3940 661 3993 καὶ
715 3942 1039 4015 ύϐρικὸτες,
1078 3948 1138 4002 ού
1198 3950 1377 4021 πολλῷ
1431 3952 1633 4023 μᾶλλον
1680 3934 1828 4026 ἡμεῖς

222 4026 547 4082 ἀναπαύσει
592 4032 655 4084 τὸ
698 4032 856 4105 δίκην
885 4035 1090 4105 δοῦναι,
1140 4040 1175 4111 ἢ
1210 4041 1281 4094 -τὸ
1331 4041 1408 4114 μὴ
1443 4057 1469 4085 ι
1500 4045 1827 4111 κολάζεσθαι

222 4116 494 4208 κόλασινς
523 4121 823 4208 Παντίπου
850 4126 1031 4197 δῆλον.
1067 4130 1136 4182 Et
1159 4149 1244 4195 τις
1276 4133 1423 4200 φιλεῖ
1448 4134 1543 4189 τὸν
1566 4138 1822 4208 Χριστὸν,

218 4205 518 4297 ὡς-φιλεῖν
537 4210 636 4269 δεῖ.
670 4207 812 4265 οἶδεν
841 4214 870 4267 ὃ
898 4216 1043 4284 λέγω
1061 4258 1076 4282 ,
1105 4220 1222 4283 πῶς
1254 4223 1377 4275 οὐδὲ
1409 4225 1575 4279 αὐτοῦ
1604 4205 1821 4297 συγχω-

220 4293 458 4388 pojiwo;
491 4298 740 4388 ἀνέξεται
774 4303 849 4373 μὴ
893 4306 1239 4369 κολάζεσθαι·
1284 4312 1385 4383 τήν
1414 4316 1524 4385 γὰρ
1556 4293 1822 4388 μεγίστην

216 4384 460 4442 κόλασιν
496 4387 791 4460 ύπομένειξ
824 4395 1138 4466 παροξύνας
1180 4400 1365 4454 αὐτόν.
1413 4404 1523 4457 Kal
1558 4384 1683 4458 οῖδα
1720 4384 1822 4477 μέν

215 4478 346 4541 τοῖς
378 4477 591 4545 πολλοῖς
621 4481 829 4540 ἄπιστα
855 4484 1065 4557 λέγων,
1111 4489 1253 4564 πλήν
1298 4492 1417 4547 ἀλλ’
1463 4493 1639 4561 οὕτως
1672 4500 1821 4554 ἐστὶν

289 4691 751 4776 ξξίελξεεεῃόυω,
788 4706 846 4776 ιιι
880 4706 1071 4776 aptavit
1095 4705 1310 4760 Savilius
1330 4714 1384 4761 et
1405 4708 1661 4776 Interpres
1688 4713 1819 4767 Lali-

218 4774 321 4813 nus
340 4758 487 4822 leg“.
514 4758 630 4810 Edil
673 4758 757 4812 καί
788 4765 843 4813 τὸ
864 4765 951 4829 μή.

1324 372 1389 427 IN
1434 372 1650 429 EPIST.
1686 374 1732 429 ll
1772 372 1863 427 AD
1900 371 2061 428 COR.
2106 372 2341 429 HOMIL.
2378 371 2489 426 XII.

3444 375 3548 429 4L0

1959 490 2148 560 ῶσπερ
2178 490 2399 561 εἴρηκα.
2439 486 2562 540 Ἐὰν
2593 485 2773 538 τοίνυν
2804 484 3048 555 φιλῶμεν
3075 485 3166 539 τὸν
3189 487 3447 557 Χριστὸν,
3476 508 3549 550 ως

1960 583 2136 650 φιλεῖν
2181 582 2296 645 δεῖ,
2349 580 2576 641 ἑαυτοὺς
2628 577 3061 649 τιμωρησόμεθα
3113 578 3548 650 ἁμαρτάνοντες.

1959 671 2085 736 Τοῖς
2105 671 2215 741 γὰρ
2238 669 2459 723 ὁτουοῦν
2482 668 2681 738 ἐρῶσιν
2705 668 2765 721 οὑ
2785 668 2847 721 τὸ
2869 668 3038 721 κακόν
3062 685 3114 722 τι
3135 669 3332 723 παθεῖν
3361 671 3545 740 ἀηδὲς,

1958 763 2101 835 ὑπὲρ
2140 757 2215 817 ὧν
2252 761 2583 832 παρώξυναν
2634 759 2728 813 τὸν
2772 758 3070 830 ἐρώμενον,
3116 760 3233 813 ἀλλ’
3267 761 3404 814 αὐτὸ
3440 762 3548 831 πρὸ

1956 856 2176 910 πάντων
2201 854 2263 907 τὸ
2285 852 2585 923 παροξῦναι
2610 850 2700 903 τὸν
2723 850 3109 920 ἀγαπώμενον.
3132 850 3248 905 Κᾶν
3266 850 3546 920 ὀργισθεὶς

1954 936 2109 1008 οὗτος
2150 945 2226 1015 μὴ
2255 943 2483 1013 κολάσῃ,
2527 942 2793 1012 μειζόνως
2822 940 3113 995 ἐϐασάνισε
3142 941 3234 993 τὸν
3262 942 3502 1010 ἐραστήν
3528 957 3541 970 ·

1954 1032 2019 1086 ἂν
2059 1033 2116 1086 δὲ
2153 1032 2313 1103 δίκην
2359 1033 2662 1103 ἀπαιτήσῃ,
2716 1031 2918 1102 μᾶλλον
2959 1030 3412 1101 παρεμυθήσατο.
3451 1032 3542 1100 Μὴ

1953 1125 2135 1179 τοίνυν
2191 1126 2417 1193 γέενναν
2474 1123 2803 1193 φοϐώμεθα,
2855 1122 2992 1177 ἀλλὰ
3045 1124 3107 1177 τὸ
3170 1123 3543 1194 προσκροῦσαι

1952 1215 2030 1284 τῷ
2085 1214 2239 1285 Θεῷ·
2298 1212 2458 1268 τοῦτο
2511 1214 2621 1284 γὰρ
2673 1214 2883 1266 ἐκείνου
2936 1212 3351 1285 χαλεπώτερον,
3415 1215 3545 1266 ὅταν

1952 1306 2366 1377 ἀποστρέφηται
2418 1305 2803 1377 ὀργιζόμενος·
2838 1304 2998 1357 τοῦτο
3049 1305 3269 1357 πάντων
3323 1306 3543 1375 χεῖρον,

1950 1398 2112 1453 τοῦτο
2155 1400 2375 1453 πάντων
2420 1396 2844 1468 φορτικώτερον.
2871 1397 2983 1450 Kal
3012 1396 3101 1448 ἵνα
3139 1395 3319 1467 μάθῃς
3354 1396 3545 1467 ήλίκον

1951 1491 2119 1554 ἐστὶν,
2169 1491 2422 1561 ἐννόησον
2460 1489 2619 1542 τοῦτο
2672 1488 2701 1541 ὃ
2741 1488 2903 1556 λέγω.
2951 1486 3018 1539 Et
3052 1505 3135 1550 τις
3182 1486 3544 1557 κολαζόμενον

1954 1581 2077 1632 ίδὼν
2119 1580 2407 1649 ἄνθρωπον
2445 1581 2650 1651 λῃστὴν
2703 1582 2799 1633 καὶ
2842 1578 3187 1647 κακοῦργον,
3228 1577 3389 1641 αὐτὸς
3445 1577 3540 1647 βα-
3654 1616 3673 1631 γι

1953 1674 2133 1735 σιλεὺς
2205 1673 2319 1737 ὢν,
2392 1674 2484 1726 τὸν
2554 1672 2842 1743 ἀγαπητὸν
2925 1673 3041 1725 υίὸν
3113 1674 3205 1725 τὸν
3276 1675 3538 1742 μονογενῆ

1950 1762 2044 1813 καὶ
2080 1761 2305 1831 γνήσιον
2349 1760 2551 1813 ἔδωκεν
2593 1760 2733 1813 ὥστε
2780 1760 3080 1830 σφαγῆναι,
3124 1762 3219 1812 καὶ
3272 1760 3410 1829 μετὰ
3445 1759 3537 1812 τοῦ

1948 1855 2181 1908 θανάτου
2216 1855 2311 1908 καὶ
2344 1853 2443 1925 τὴν
2489 1852 2668 1908 αἰτίαν
2702 1854 2797 1907 ἀπ’
2828 1853 3040 1906 ἐκείνου
3074 1853 3415 1922 μετήνεγκεν
3446 1852 3540 1905 ἐπὶ

1945 1945 2034 1997 τὸν
2066 1945 2182 1997 υἱὸν
2204 1945 2305 1997 οὑκ
2328 1944 2459 1997 ὄντα
2483 1942 2744 2006 τοιοῦτον,
2772 1944 2860 1995 ῖνα
2886 1945 2979 1995 καὶ
3012 1941 3162 2013 σώσῃ
3194 1942 3284 1994 τὸν
3316 1946 3539 1995 κατάδι-

1947 2054 2061 2099 κον,
2111 2035 2208 2088 καὶ
2248 2035 2347 2104 τῆς
2394 2036 2638 2104 πονηρᾶς
2686 2035 3009 2103 ὑπολήψεως
3052 2031 3363 2102 ἀπαλλάξῃ,
3417 2027 3539 2084 εἷτα

1946 2126 2087 2195 μετά
2109 2124 2279 2178 ταῦτα
2304 2126 2382 2187 είς
2410 2125 2655 2194 μεγάλην
2678 2124 2853 2195 ἀρχὴν
2875 2124 3034 2178 αὑτὸν
3060 2120 3376 2190 ἀναγαγὼν,
3399 2124 3536 2190 μετά

1943 2218 2042 2287 τὴν
2080 2218 2356 2286 σωτηρίαν
2377 2217 2471 2271 καὶ
2494 2220 2591 2285 τὴν
2615 2218 2773 2284 δόξαν
2799 2216 2898 2287 τὴν
2924 2215 3256 2286 ἀπόρρητον,
3282 2215 3540 2284 ὑϐρίζετο

1945 2306 2095 2378 παρά
2134 2306 2226 2359 τοῦ
2254 2306 2479 2360 τοιαῦτα
2505 2306 2836 2371 πεπονθότος
2856 2323 2870 2337 ·
2900 2306 2999 2359 οὐκ
3030 2305 3094 2359 ἂν
3128 2305 3304 2357 εἵλετο
3338 2305 3537 2374 μυριά-

1944 2414 2029 2459 κις
2061 2396 2354 2449 ἀποθανεῖν
2405 2399 2612 2459 ἐκεῖνος
2635 2436 2649 2458 ,
2682 2397 2735 2449 εῐ
2776 2414 2839 2464 γε
2869 2396 2994 2449 νοῦν
3029 2393 3198 2467 εἶχεν,
3234 2396 3266 2464 ἢ
3298 2396 3538 2467 τοσαύτῃ

1941 2482 2306 2553 ἀγνωμοσύνῃ
2338 2484 2574 2552 φανῆναι
2617 2484 2923 2546 ὑπεύθυνος
2956 2484 3075 2549 ὥνς
3119 2485 3292 2538 Τοῦτο
3332 2485 3395 2555 δὴ
3440 2486 3535 2537 καὶ

1941 2574 2034 2625 νῦν
2064 2554 2439 2641 λογιζώμεθα,
2462 2573 2560 2625 καὶ
2592 2572 2869 2641 στένωμεν
2900 2573 3113 2642 πικρῶς
3155 2573 3243 2641 ἐφ’
3277 2568 3360 2634 οἷς
3385 2554 3535 2643 παρ-

1939 2663 2227 2732 ωξύναμεν
2253 2664 2347 2716 τὸν
2372 2663 2670 2734 εὐεργέτην
2740 2662 2900 2733 μηδὲ,
2931 2661 3120 2733 ἐπειδὴ
3160 2662 3535 2733 μακροθύμως

1940 2752 2295 2823 ὑϐριζόμενος
2334 2752 2525 2823 φέρει,
2566 2752 2655 2806 διὰ
2700 2752 2862 2806 τοῦτο
2911 2752 3227 2823 θαρρῶμεν,
3278 2752 3416 2807 ἀλλὰ
3462 2753 3532 2807 δι’

1898 2874 1901 2875 ν
1938 2844 2070 2897 αὐτὸ
2102 2844 2199 2914 μὲν
2220 2840 2319 2897 οὖν
2345 2843 2505 2897 τοῦτο
2530 2843 2878 2914 δακνώμεθα.
2909 2844 3019 2898 Kal
3047 2844 3157 2914 γὰρ
3182 2843 3406 2896 ἐπὶτῶν
3434 2844 3531 2897 ἁν-

1939 2934 2198 3006 θρώπων,
2248 2935 2377 2989 ὅταν
2410 2952 2492 2999 τις
2525 2934 2756 3007 πληγεὶς
2797 2935 2898 3006 τὴν
2941 2934 3122 3000 δεξιάν
3165 2935 3393 3004 σιαγόνα
3415 2976 3430 3000 ,
3456 2934 3534 3006 δῷ

1939 3030 2035 3082 καὶ
2066 3029 2167 3099 τὴν
2200 3028 2529 3100 ἀριστερὰν,
2564 3028 2827 3098 μειζόνως
2857 3028 3148 3100 ἀμύνεται,
3184 3028 3216 3100 ἢ
3248 3030 3297 3081 εί
3331 3028 3534 3099 μυρίας

1936 3120 2108 3171 ἔδωκε
2136 3119 2373 3185 πληγάς·
2408 3118 2503 3171 καὶ
2541 3119 2669 3171 ὅταν
2713 3118 3070 3189 λοιδορηθεὶς,
3114 3118 3191 3188 μή
3245 3117 3407 3187 μόνον
3431 3118 3531 3169 οὐκ

1935 3210 2372 3280 ἀντιλοιδορήσῃ,
2428 3208 2565 3262 ἁλλὰ
2619 3210 2719 3262 xal
2774 3208 3079 3278 εὐλογήσῃ,
3143 3207 3528 3276 χαλεπώτερον

1935 3300 2193 3372 Επληξεν,
2226 3299 2260 3371 ἢ
2291 3300 2340 3352 εί
2374 3299 2591 3369 μυρίοις
2627 3298 2889 3352 ὀνείδεσιν
2929 3296 3179 3349 ἐπλονεν.
3226 3295 3289 3348 Εί
3331 3294 3388 3347 δὲ
3438 3294 3529 3346 ἐπ’

1935 3392 2259 3465 ἀνθρώπων,
2287 3394 2416 3447 ὅταν
2455 3389 2769 3462 ὑϐρίζοντες
2802 3388 3185 3459 μακροθυμίας
3241 3385 3526 3439 ἀπολαύωο

1938 3494 2073 3554 μεν,
2108 3482 2606 3555 καταισχυνόμεθα·
2630 3479 2990 3556 [5201πολλῷ
3026 3480 3227 3552 μᾶλλον
3256 3480 3350 3532 ἐπὶ
3389 3478 3524 3532 Θεοῦ

1932 3575 2228 3629 δεδοικέναι
2256 3576 2363 3646 χρὴ
2400 3577 2528 3637 τοὺς
2554 3574 2969 3645 ἁμαρτάνοντας
2996 3570 3285 3641 διηνεκῶς,
3318 3570 3412 3622 καὶ
3435 3569 3526 3622 οὑ-

1931 3662 2024 3715 δὲν
2063 3664 2373 3733 πάσχοντας
2411 3664 2620 3717 δεινόν·
2649 3664 2767 3716 καὶ
2798 3666 2908 3734 γάρ
2942 3662 3038 3714 καὶ
3083 3661 3176 3714 ἐπὶ
3226 3658 3385 3729 κακῷ
3426 3659 3524 3728 τῆς

1932 3755 2142 3808 ἑαυτῶν
2180 3754 2426 3825 κεφαλῆς
2467 3758 2501 3825 ή
2539 3754 2746 3824 ἁφατος
2783 3756 2970 3817 αὐτοῖς
3006 3753 3400 3824 θησαυρίζεται
3448 3769 3523 3804 τι·

1934 3848 2135 3918 μωρία.
2171 3846 2338 3901 Ταῦτ’
2364 3843 2459 3901 οὖν
2491 3845 2819 3912 ἐννοοῦντες,
2854 3847 2961 3918 πρὸ
2995 3845 3214 3899 πάντων
3246 3844 3521 3914 ἁμαρτίαν

1931 3939 2248 4012 φοϐώμεθα·
2296 3940 2456 3994 τοῦτο
2494 3939 2604 4008 γὰρ
2635 3938 2889 4003 κόλασις,
2920 3938 3080 3991 τοῦτο
3112 3936 3326 4005 γέεννα,
3362 3935 3521 3988 τοῦτο

1929 4031 2000 4084 τά
2052 4031 2221 4102 μυρία
2261 4033 2428 4086 κακά.
2477 4031 2569 4101 Μὴ
2606 4030 2903 4101 φοϐώμεθα
2934 4029 2990 4083 δὲ
3033 4028 3215 4100 μόνον,
3249 4025 3386 4080 ἀλλά
3424 4026 3521 4080 καὶ

1930 4124 2225 4193 φεύγωμεν
2247 4163 2260 4182 ,
2291 4124 2386 4175 καὶ
2410 4123 2487 4193 τῷ
2522 4123 2642 4191 Θεῷ
2682 4122 3076 4191 σπουδάζωμεν
3103 4118 3367 4190 διηνεκῶς
3390 4118 3520 4190 ἀρέ-

1880 4245 1885 4249 ~
1931 4230 2100 4268 σκειν·
2130 4212 2291 4266 τοῦτο
2321 4213 2431 4284 γάρ
2454 4211 2719 4283 βασιλεία,
2742 4210 2900 4266 τοῦτο
2924 4211 3060 4281 ζωὴ,
3082 4209 3242 4262 τοῦτο
3258 4211 3328 4261 τά
3348 4208 3519 4277 μυρία

1929 4304 2092 4360 καλά.
2128 4305 2287 4361 Οὕτω
2320 4307 2415 4360 καὶ
2443 4306 2691 4361 ἐντεῦθεν
2718 4307 2820 4378 ήδη
2849 4305 2951 4376 τῆς
2985 4302 3264 4376 βασιλείας
3294 4302 3518 4353 ἐπιτευ-

1931 4395 2153 4468 ξόμεθα,
2177 4399 2275 4452 καὶ
2298 4398 2409 4453 τῶν
2436 4399 2737 4472 μελλόντων
2764 4397 3006 4468 ἀγαθῶν·
3042 4388 3120 4451 ὧν
3144 4395 3355 4466 γένοιτο
3381 4392 3521 4447 πάν-

1925 4505 2027 4552 τας
2055 4491 2204 4561 ήμᾶς
2226 4492 2525 4562 ἐπιτυχεῖν,
2551 4494 2735 4562 χάριτι
2758 4494 2852 4544 καὶ⁵
2878 4488 3263 4561 φιλανθρωπίᾳ
3287 4485 3381 4540 τοῦ
3412 4487 3521 4538 Κυ-

1929 4584 2047 4654 ρίου
2088 4582 2248 4654 ήμῶν
2290 4583 2469 4653 Ἰησοῦ
2506 4582 2768 4654 Χριστοῦ,
2818 4582 2938 4652 μεθ’
2982 4577 3043 4637 οῦ
3072 4582 3151 4651 τῷ
3188 4581 3364 4650 Πατρὶ
3398 4579 3517 4649 ἅμα

1926 4676 2003 4747 τῷ
2031 4676 2173 4745 ἁγίῳ
2201 4676 2482 4745 Πνεύματι
2508 4674 2656 4741 δόξα,
2698 4674 2920 4745 κράτος,
2954 4674 3113 4743 τιμὴ,
3146 4672 3243 4726 νῦν
3275 4674 3369 4726 καὶ
3400 4673 3512 4738 ἀεὶ,

1926 4769 2019 4822 καὶ
2049 4770 2128 4832 είς
2156 4766 2284 4829 τοὺς
2312 4766 2516 4832 αἰῶνας
2545 4767 2654 4823 τῶν
2679 4766 2911 4823 αἰώνων.
2962 4766 3160 4837 Ἀμήν.

4063 4117 4068 4130 Ι

4059 4237 4074 4274 ‘.

4069 4473 4074 4488 |

4057 4527 4070 4604 Ξ

4055 4609 4074 4658 ξ.

4060 4680 4076 4713 ς

4060 4784 4076 4841 ἷέ

4053 4848 4076 4884 ι

4064 4896 4076 4925 ‘.

4055 5063 4070 5080 ιι

4051 5269 4070 5302 ις

4058 5554 4076 5605 ’ί

4044 5384 4076 5767 ξ

4042 5846 4073 5941 ει

4052 5946 4076 5969 ﬁ

4040 5950 4073 6021 Lf
