4568 6424
578 434 680 492 481

1647 429 1712 486 lN
1753 427 1967 484 EPIST.
2001 425 2044 481 11
2106 425 2196 482 AD
2233 425 2387 484 (ΞΟΠ.
2431 427 2659 486 ηοΜιι.
2703 429 2816 486 Xii.

3752 443 3862 500 432

2235 547 2436 556 ...σο-..δ

1972 605 2320 668 HOMILIA
2366 608 2509 670 ΧΠ.

570 788 710 842 Car.
729 782 784 838 Β.
798 797 852 839 v.
867 780 893 840 1
907 821 920 836 .
935 780 1246 854 Adimam
1257 790 1424 836 autem
1438 782 1781 836 exhortamur,
1797 792 1860 830 ue
1878 775 1932 828 in
1950 789 2166 838 vacuum

652 876 873 948 gratiam
899 871 998 928 Dei
1020 873 1299 945 recipiatis.
1326 871 1385 927 ἢ.
1415 872 1498 926 Ait
1537 870 1672 926 enim
1694 883 1712 922 :
1735 865 1986 937 Tempore
2020 881 2165 920 acce-

652 975 740 1035 pto
766 964 1007 1020 medici
1032 972 1083 1020 te
1100 1005 1118 1031 ,
1148 973 1199 1019 et
1224 964 1280 1018 in
1305 962 1389 1017 die
1411 961 1594 1017 salutis
1613 959 1892 1013 auxilium
1913 973 2027 1011 sum
2049 956 2158 1012 tibi.

649 1058 703 1114 1.
726 1055 990 1126 Quoniam
1016 1055 1162 1113 enim
1191 1055 1358 1112 Deum
1387 1065 1577 1123 rogare
1603 1050 1817 1105 dixerat
1837 1089 1852 1114 ,
1880 1047 2159 1117 apostolos

571 1157 759 1206 autem
787 1149 1055 1222 legatione
1081 1146 1229 1219 fungi
1248 1188 1264 1212 ,
1298 1153 1459 1216 atque
1495 1141 1779 1198 obsecrare
1807 1149 1865 1196 ut
1901 1152 2022 1195 cum
2053 1140 2164 1194 Deo

573 1240 636 1295 in
661 1241 892 1311 gratiam
921 1239 1198 1306 redirem;
1224 1252 1292 1294 ne
1310 1235 1587 1305 segniores
1611 1231 1737 1289 inde
1765 1231 2123 1287 redderentur
2144 1271 2162 1297 ,

573 1332 706 1388 hinc
732 1346 920 1389 rursus
941 1345 1038 1387 eos
1063 1337 1229 1387 terret
1254 1336 1310 1382 et
1331 1326 1530 1382 excitat
1552 1323 1740 1380 dicens
1759 1365 1776 1390 ,
1809 1322 1894 1377 Ne
1913 1323 2082 1393 itaque
2106 1322 2161 1376 in

570 1440 795 1480 mum
821 1422 920 1479 Dei
945 1422 1164 1495 gratim
1186 1416 1469 1490 recipiatis.
1490 1415 1677 1487 Neque
1703 1415 1849 1470 enim
1879 1422 2162 1486 propterea

573 1531 678 1572 nos
715 1515 979 1572 socordiae
1014 1514 1206 1570 demus
1226 1553 1244 1577 ,
1275 1509 1482 1581 inquit,
1506 1507 1633 1581 quia
1664 1508 1807 1563 Deus
1836 1521 1935 1562 nos
1961 1516 2116 1577 rogat
2137 1547 2156 1573 ,

570 1623 639 1662 ac
663 1608 868 1678 legatos
890 1605 969 1661 sd.
989 1617 1091 1660 nos
1119 1601 1301 1658 misit:
1330 1601 1439 1657 imo
1461 1613 1591 1654 vero
1611 1598 1684 1656 ob
1707 1597 1813 1653 hoc
1837 1600 2010 1666 ipsum
2037 1611 2157 1651 ma-

568 1698 692 1768 iore
728 1695 905 1753 studio
933 1703 990 1750 et
1015 1692 1294 1764 diligentia
1325 1690 1438 1747 Deo
1467 1689 1720 1789 placere,
1751 1703 1816 1789 ac
1855 1687 2160 1789 spirituaies

569 1803 782 1844 merces
807 1786 1067 1858 colligere
1108 1797 1363 1842 curemus
1391 1782 1484 1854 (id
1522 1780 1668 1852 quod
1717 1781 1878 1836 etiam
1909 1780 2159 1849 superius

567 1879 806 1943 dicebat,
835 1875 1036 1934 Caritas
1063 1875 1160 1932 Dei
1187 1884 1333 1945 urget
1354 1890 1480 1940 uos,
1509 1872 1611 1928 hoc
1639 1881 1726 1927 est
1744 1913 1762 1935 ,
1795 1872 2022 1942 premit,
2053 1871 2160 1924 im-

569 1968 796 2042 pellit):
841 1983 912 2026 ne
952 1966 1153 2038 alioqui
1194 1973 1318 2036 post
1347 1972 1550 2020 tantam
1597 1963 1690 2018 Dei
1737 1961 2156 2018 sollicitudinem

568 2060 818 2130 collapsi,
839 2073 941 2114 nec
959 2057 1128 2113 ullum
1157 2056 1432 2128 egregium
1460 2052 1672 2108 virtutis
1694 2054 1965 2123 specimen
1992 2052 2161 2108 eden-

569 2160 656 2206 tes
677 2191 698 2219 ,
742 2150 904 2206 tantis
932 2146 1090 2204 bonis
1116 2145 1452 2204 excidemus.
1482 2143 1560 2200 Ne
1610 2144 1773 2215 igitur
1798 2144 2120 2199 existimetis
2139 2184 2156 2208 ,

566 2247 780 2316 inquit,
821 2249 945 2316 quia
989 2243 1294 2300 hortatores
1339 2242 1522 2305 misit,
1572 2249 1890 2311 perpetuum
1917 2238 1969 2296 id
2001 2238 2154 2292 fore:

567 2353 744 2409 usque
767 2337 835 2394 ad
873 2335 1170 2393 secundum
1214 2334 1382 2408 ipsius
1409 2333 1698 2389 adventum
1740 2331 1844 2386 hoc
1871 2331 2012 2385 erit:
2042 2337 2159 2381 tan-

568 2439 686 2486 tum
725 2429 970 2488 hortatur
992 2427 1124 2484 dum
1145 2427 1236 2483 hic
1259 2439 1476 2488 sumus;
1506 2433 1694 2495 postea
1722 2421 1967 2493 sequitur
1994 2433 2152 2489 poena

564 2532 627 2577 et
674 2523 964 2584 cruciatus.
1013 2521 1339 2592 Propterea,
1383 2517 1688 2586 Urgemur,
1733 2513 1926 2586 inquit.
1972 2510 2156 2580 Neque

566 2612 716 2668 enim
745 2627 843 2669 eos
869 2613 1044 2669 solum
1072 2626 1104 2666 s
1131 2611 1396 2666 bonorum
1431 2604 1798 2677 magnitudine
1836 2618 1901 2658 ac
1930 2602 2024 2656 Dei
2054 2600 2152 2655 be-

565 2705 830 2775 nignitate
849 2745 864 2767 ,
897 2702 992 2759 sed
1023 2703 1185 2758 etiam
1216 2698 1476 2768 temporis
1504 2696 1768 2792 brevitate
1805 2705 2023 2792 semper
2058 2704 2154 2792 ex-

565 2794 847 2849 stimulat:
880 2791 1022 2847 uude
1059 2799 1116 2846 et
1141 2790 1250 2845 alio
1278 2788 1401 2844 loco
1439 2788 1550 2852 ait,
1583 2785 1737 2839 Nunc
1779 2785 1914 2840 arua
1944 2785 2154 2853 propior

564 2898 643 2943 est
682 2894 855 2941 nostra
895 2884 1036 2940 salus
1077 2881 1267 2954 (Rom.
1297 2880 1387 2949 15.
1418 2879 1544 2949 ii);
1571 2888 1627 2934 et
1655 2891 1874 2942 rursus,
1907 2875 2154 2929 Dominus

566 2995 729 3051 prOpe
756 2986 831 3032 est
851 2975 1112 3046 (Philipp.
1140 2974 1196 3028 ι.
1231 2971 1309 3040 5).
1344 2969 1441 3025 llic
1465 2984 1596 3024 vero
1619 2968 1890 3041 quidpiam
1923 2965 2156 3036 amplius

565 3069 716 3126 facit.
759 3067 942 3138 Neque
970 3065 1113 3121 enim
1161 3063 1286 3119 hinc
1333 3070 1539 3117 tantum
1575 3075 1672 3116 eos
1697 3059 1766 3114 ad
1795 3059 2025 3118 salutem
2055 3059 2157 3112 im-

566 3159 752 3229 pellit,
784 3156 926 3228 quod
972 3155 1135 3211 breve
1172 3163 1332 3224 atque
1383 3154 1637 3223 exiguum
1682 3151 1755 3206 sit
1790 3149 1846 3204 id
1893 3149 2154 3219 temporis

563 3249 712 3322 quod
731 3256 921 3314 restat,
950 3246 1047 3303 sed
1078 3247 1204 3302 hinc
1227 3245 1412 3312 etiam,
1446 3244 1588 3316 quod
1609 3243 1786 3298 solum
1817 3243 1921 3296 hoc
1942 3250 2156 3311 tempus

563 3342 635 3399 sd
661 3357 780 3397 eam
805 3338 1204 3407 adipiscendam
1231 3338 1534 3408 appositum
1563 3336 1658 3390 sit.
1694 3332 1823 3390 Ecce
1845 3335 1981 3388 enim
2019 3346 2156 3386 nunc

565 3445 764 3505 tempus
793 3431 1132 3497 acceptabile,
1165 3447 1278 3486 ecce
1313 3430 1422 3483 dies
1453 3427 1653 3481 salutis.
1697 3425 1778 3481 Ne
1809 3425 1972 3492 igitur
1994 3436 2154 3478 occa-

563 3528 775 3580 sionem
806 3523 962 3578 nobis
988 3522 1170 3592 perire
1216 3520 1490 3578 sinamus,
1523 3514 1618 3570 sed
1664 3516 1882 3585 digmun
1934 3519 2152 3579 accepta

563 3617 736 3687 gratia
763 3614 996 3671 studium
1025 3612 1397 3669 exhibeamus.
1428 3606 1559 3662 Nam
1589 3607 1711 3661 ideo
1731 3617 1786 3662 et
1809 3606 1905 3674 ipsi
1933 3604 2155 3658 festina-

565 3723 691 3762 mus
716 3749 731 3772 ,
763 3705 906 3777 quod
954 3713 1010 3758 et
1055 3701 1370 3755 brevitatem
1419 3706 1474 3752 et
1517 3697 1973 3767 opportunitatem
2012 3703 2151 3747 tem-

565 3798 717 3866 poris
762 3799 1092 3864 perspectam
1124 3787 1459 3843 habeamus:
1512 3786 1654 3840 unde
1695 3785 1855 3838 etiam
1902 3783 2150 3847 dicebat,

565 3886 881 3957 Adjuvautes
918 3889 1088 3935 autent
1122 3879 1472 3934 exhortamur.
1513 3875 1845 3946 Adjuvantes,
1875 3889 1974 3929 vos
1999 3875 2153 3928 scili-

563 3988 688 4031 cet:
720 3989 817 4030 vos
861 3973 1001 4028 enim
1054 3972 1266 4040 potius,
1296 3984 1453 4040 quam
1503 3968 1667 4022 Deum
1705 3981 1808 4038 pro
1852 3981 1960 4036 quo
2003 3966 2152 4036 lega-

565 4068 734 4123 tionis
776 4076 969 4120 munus
1008 4063 1252 4124 obimus,
1279 4060 1611 4129 adiuvamus.
1668 4058 1786 4127 Ipse
1830 4057 1972 4112 enim
2007 4059 2152 4113 nulla

565 4175 630 4213 re
658 4157 897 4226 indiget,
928 4169 1114 4210 verum
1142 4151 1287 4206 salus
1330 4167 1507 4208 omnis
1536 4151 1603 4207 ad
1629 4165 1729 4205 vos
1761 4159 2021 4220 permeat.
2053 4151 2150 4204 At-

562 4263 676 4318 que
705 4255 760 4301 ut
785 4247 948 4302 etiam
983 4245 1075 4299 Dei
1121 4240 1424 4311 adiutorem
1469 4257 1529 4298 se
1571 4257 1692 4296 esse
1720 4240 1890 4305 dicat,
1934 4256 2004 4296 ne
2051 4240 2153 4295 hoc

563 4338 784 4406 quidem
808 4335 898 4390 ille
925 4332 1169 4403 repudiat
1197 4350 1210 4387 :
1238 4348 1360 4387 nam
1387 4342 1441 4389 et
1467 4333 1574 4386 alio
1603 4332 1724 4385 loco
1749 4331 1912 4396 dicit,
1941 4330 2034 4385 Dei
2054 4331 2154 4383 ad-

562 4432 762 4496 iutores
789 4441 962 4480 sumus
993 4423 1074 4495 (i.
1101 4417 1226 4476 Cor.
1252 4424 1306 4479 5.
1334 4422 1431 4495 9).
1466 4425 1640 4490 Atque
1667 4421 1769 4473 hac
1813 4422 2020 4475 ratione
2049 4421 2152 4473 ho-

564 4519 747 4575 mines
774 4529 985 4570 rursum
1017 4513 1245 4568 salutem
1268 4512 1541 4583 impertire
1566 4512 1640 4564 ait
1663 4529 1677 4563 :
1706 4509 1775 4563 Et
1800 4511 2146 4564 exhortamur.

567 4612 667 4665 ille
708 4610 902 4679 quippe
927 4620 1049 4660 eum
1096 4607 1438 4667 exhortatur,
1469 4619 1575 4657 non
1619 4603 1934 4671 simpliciter
1956 4604 2153 4657 exhor-

567 4713 749 4765 tatur,
781 4699 875 4754 sed
905 4698 1001 4753 has
1024 4699 1438 4768 iustiﬁcationes
1464 4695 1656 4758 affert;
1685 4695 1826 4764 quod
1854 4694 2057 4764 iustum
2087 4697 2153 4750 il-

565 4797 681 4848 lum
713 4791 940 4854 Filium,
967 4789 1059 4860 qui
1082 4775 1150 4844 ne
1178 4798 1454 4859 peccatum
1480 4785 1693 4855 quidem
1727 4797 1944 4850 nosset,
1979 4787 2151 4841 dona-

565 4888 746 4948 verit,
792 4893 845 4936 et
894 4896 993 4951 pro
1021 4882 1177 4937 nobis
1219 4877 1586 4951 peccatoribus
1644 4880 1819 4946 ipsum
1869 4891 2147 4947 peccatum

565 4976 789 5036 fecerit,
817 4980 876 5025 ut
917 4987 1018 5027 nos
1045 4971 1174 5042 justi
1219 4970 1558 5027 efﬁciamur:
1591 4983 1711 5036 qua:
1761 4969 1978 5038 quidem
2030 4986 2150 5024 cum

567 5068 769 5122 habeat
789 5105 802 5129 ,
830 5077 893 5117 ac
921 5064 1060 5117 Deus
1087 5065 1174 5126 sit,
1213 5078 1279 5117 ne
1310 5074 1500 5130 rogare
1525 5059 1739 5128 quidem
1761 5076 1884 5115 eum
1913 5070 2149 5131 Oportet,

565 5159 817 5214 homines
832 5156 1150 5224 praesertim,
1171 5163 1224 5210 et
1241 5169 1268 5206 a
1281 5152 1473 5225 quibus
1490 5149 1726 5205 offensus
1741 5149 1934 5218 fuerat,
1958 5168 2150 5207 verum

565 5249 798 5319 singulis
839 5244 1027 5300 diebus
1061 5247 1274 5316 rogari;
1321 5242 1488 5299 nihilo
1525 5241 1700 5296 secius
1745 5249 1922 5294 tamen
1953 5254 2149 5312 rogat:

563 5352 628 5398 at
657 5355 781 5404 nos,
809 5352 929 5394 cum
960 5352 1244 5407 rogamus,
1296 5337 1497 5391 nullum
1523 5331 1748 5388 omnino
1786 5333 1874 5401 ius
1896 5373 1910 5398 ,
1945 5334 2148 5388 nullum

565 5431 889 5491 beneﬁcium
936 5429 1177 5497 proferre
1223 5439 1504 5498 possumus
1532 5441 1548 5488 ;
1578 5439 1767 5478 verum
1809 5437 1973 5476 unum
2007 5423 2144 5487 hoc,

564 5524 716 5598 quod
744 5524 838 5579 Dei
860 5563 875 5585 ,
907 5525 997 5589 qui
1042 5528 1186 5573 tanta
1219 5520 1355 5573 bona
1400 5515 1638 5578 dederit,
1672 5515 1888 5568 nomine
1915 5528 2010 5566 vos
2046 5515 2146 5567 ob—

563 5628 866 5674 secramus.
891 5611 1247 5666 Obsecramus
1272 5624 1452 5679 porro,
1484 5614 1539 5660 ut
1563 5606 1798 5660 oblatum
1825 5606 2146 5659 beneficium

563 5707 846 5777 accipiatis
869 5746 886 5772 ,
914 5718 1015 5758 nec
1041 5718 1234 5758 munus
1266 5699 1574 5773 repudietis.
1601 5698 1803 5752 Morem
1836 5698 2017 5765 itaque
2052 5713 2152 5751 no-

564 5799 657 5854 bis
689 5799 859 5868 gerite
881 5835 897 5864 ,
923 5809 986 5848 ac
1015 5788 1187 5849 videte
1219 5809 1286 5847 ne
1312 5793 1363 5846 in
1395 5804 1618 5845 vacuant
1650 5789 1880 5857 gratiam
1908 5789 2138 5857 accipia-

2279 774 2367 824 Its.
2394 769 2607 826 Etenim
2633 787 2703 828 ne
2735 775 2809 830 illi
2841 782 2896 831 in
2928 779 3031 833 hoc
3054 794 3158 836 uno
3185 784 3684 846 reconciliationem
3714 793 3869 861 posis

2278 870 2383 915 tam
2405 877 2527 918 esse
2554 865 2962 932 existimarent,
2993 879 3053 926 ut
3076 875 3286 930 vocanti
3314 873 3474 942 fidem
3499 878 3866 950 adhiberent,

2275 951 2397 1007 ideo
2443 953 2558 1010 haec
2602 956 2764 1012 verba
2793 958 3072 1030 adiungit,
3115 963 3311 1033 quibus
3353 966 3589 1024 studium
3639 970 3694 1025 in
3741 972 3865 1026 vita:

2274 1043 2481 1099 ratione
2509 1045 2788 1116 efflagitat.
2818 1048 2952 1105 Nam
2985 1052 3110 1122 qui,
3147 1063 3494 1126 posteaquam
3527 1061 3763 1130 peccatis
3793 1062 3864 1118 fi-

2274 1133 2492 1191 beratus
2510 1146 2675 1208 atque
2697 1139 2751 1194 in
2775 1142 3069 1198 amicitiam
3097 1157 3350 1218 receptus
3378 1160 3482 1216 est,
3509 1152 3561 1206 in
3591 1154 3860 1222 prioribus

2273 1225 2488 1298 ﬂagitiis
2514 1246 2702 1287 rursus
2726 1235 3028 1301 volutatur,
3063 1237 3109 1312 is
3136 1239 3206 1294 ad
3252 1241 3568 1300 inimicitias
3593 1245 3768 1311 redit:
3799 1265 3863 1304 ac

2275 1317 2503 1390 frustra,
2534 1333 2791 1394 quantum
2817 1326 2886 1381 ad
2916 1327 3081 1383 vitam
3120 1331 3313 1386 attinet
3333 1374 3350 1398 ,
3381 1335 3610 1404 gratiam
3650 1335 3746 1395 Dei
3772 1355 3864 1395 ac-

2273 1413 2438 1481 cepit.

2348 1500 2525 1558 Gratia
2554 1521 2656 1559 non
2684 1509 2898 1563 nmltrtm
2921 1512 3069 1579 juvat
3095 1513 3165 1565 ad
3194 1514 3445 1580 salutent,
3477 1519 3523 1571 si
3548 1519 3748 1589 impure
3789 1523 3869 1577 tri-

2272 1608 2467 1667 eamus.
2493 1626 2564 1636 --
2582 1597 2765 1668 Neque
2791 1605 2933 1655 enim
2959 1618 3208 1673 magnum
3236 1607 3510 1678 quidpiam
3533 1609 3601 1664 ad
3629 1612 3860 1670 salutem

2270 1685 2426 1739 nobis
2457 1686 2610 1741 affert
2633 1693 2802 1758 gratia
2825 1733 2840 1756 ,
2875 1694 2920 1747 si
2964 1695 3172 1764 impure
3201 1698 3448 1757 vivamus
3475 1719 3488 1755 :
3523 1705 3649 1774 quin
3682 1708 3861 1776 potius

2269 1773 2650 1832 detrimentum
2679 1779 2734 1833 in
2761 1797 2858 1835 nos
2888 1787 3136 1851 accersit,
3160 1773 3548 1846 vehementius
3574 1795 3626 1849 in
3660 1773 3858 1865 pecca-

2270 1866 2338 1920 tis
2381 1878 2664 1937 gravatos,
2697 1880 2756 1926 ut
2784 1873 2874 1942 qui
2919 1883 3046 1942 post
3089 1877 3354 1944 ejusmodi
3399 1887 3765 1952 cognitionem
3794 1904 3862 1944 ac

2268 1957 2585 2014 beneﬁcium
2628 1962 2694 2015 ad
2739 1964 2918 2032 priora
2951 1965 3077 2020 vitia
3117 1983 3216 2039 nos
3259 1970 3406 2038 ipsos
3440 1975 3755 2032 referamus.
3790 1981 3862 2034 At

2265 2047 2504 2103 nondum
2537 2050 2638 2106 hoc
2666 2055 2840 2120 ponit,
2868 2069 2937 2109 ne
2966 2056 3248 2112 molestam
3273 2069 3433 2131 atque
3459 2078 3704 2132 asperam
3734 2082 3863 2121 ora—

2268 2138 2467 2196 tionem
2496 2141 2688 2196 reddat
2716 2160 2731 2196 :
2761 2143 2865 2199 hoc
2890 2145 3063 2199 solum
3092 2146 3241 2211 dicit,
3275 2151 3474 2206 nullam
3508 2153 3633 2212 hinc
3659 2155 3725 2211 ad
3755 2171 3860 2212 nos

2265 2232 2552 2288 utilitatem
2584 2233 2787 2290 redire.
2830 2235 3035 2292 Deinde
3072 2237 3370 2309 prophetia:
3399 2256 3615 2313 quoque
3644 2260 3861 2302 memo-

2265 2321 2399 2376 riam
2445 2322 2699 2390 refricat,
2743 2340 2853 2400 quo
2882 2341 3072 2383 eorum
3119 2323 3330 2387 animos
3357 2332 3426 2387 ad
3459 2337 3856 2404 capessendum

2264 2413 2454 2469 salutis
2493 2415 2730 2472 studium
2772 2419 3015 2489 impellat
3056 2430 3111 2477 et
3139 2435 3348 2495 urgeat.
3383 2421 3468 2480 Ait
3493 2427 3630 2481 enim
3656 2446 3675 2484 :
3702 2429 3867 2486 Tem-

2262 2522 2384 2576 pore
2423 2517 2631 2578 accepto
2674 2511 2910 2564 exaudiri
2941 2523 2989 2568 te
3011 2556 3026 2578 ,
3059 2526 3106 2569 et
3133 2519 3187 2572 in
3215 2519 3300 2574 die
3339 2521 3520 2576 solutis
3568 2526 3856 2583 humiliatus

2263 2606 2375 2651 sum
2403 2598 2511 2652 tibi.
2537 2598 2674 2654 Ecce
2700 2618 2834 2654 nunc
2864 2614 3060 2673 tempus
3085 2609 3410 2677 acceptabile,
3446 2628 3576 2666 ecce.
3589 2632 3720 2669 nunc
3741 2619 3857 2672 dies

2259 2687 2462 2743 salutis.
2494 2688 2731 2761 Tempus
2779 2696 3113 2764 acceptabile
3139 2713 3153 2750 :
3185 2699 3456 2768 quodnam
3482 2702 3670 2758 istud?
3693 2706 3859 2762 Tem-

2260 2777 2362 2850 pus
2386 2781 2638 2840 videlicet
2669 2785 2913 2843 beneﬁcii
2953 2799 3004 2844 et
3027 2792 3220 2868 gratia:
3242 2833 3259 2856 ,
3292 2792 3344 2848 in
3383 2809 3491 2864 quo
3520 2795 3588 2852 de
3613 2802 3854 2868 peccatis

2259 2872 2513 2928 admissis
2542 2876 2780 2949 rationes
2809 2894 2916 2933 non
2959 2865 3329 2950 exposcuntur
3369 2899 3469 2941 nec
3497 2865 3673 2957 pinu—te
3709 2902 3848 2958 peu-

2259 2963 2493 3032 duntur,
2521 2967 2574 3021 in
2601 2983 2710 3039 quo
2750 2985 2852 3026 una
2897 2987 3020 3027 cum
3069 2977 3508 3037 reconciliatione
3551 2980 3854 3038 innumeris

2261 3070 2474 3124 quoque
2501 3059 2656 3113 bonis
2700 3058 2926 3116 fruimur
2945 3102 2960 3126 ,
3001 3063 3208 3131 iustitia
3235 3068 3487 3124 nimirum
3509 3111 3524 3134 ,
3554 3074 3854 3129 sanctiﬁca-

2263 3145 2406 3199 tione
2426 3188 2441 3209 ,
2471 3147 2697 3218 aliisque
2725 3151 2995 3206 omnibus.
3024 3153 3266 3222 Quantos
3296 3160 3441 3214 enim
3471 3161 3686 3224 labores
3729 3177 3852 3220 sus-

2259 3237 2441 3306 cipere
2469 3251 2564 3306 par
2590 3249 2730 3301 erat,
2759 3250 2816 3295 ut
2843 3241 2979 3297 hanc
3004 3246 3345 3301 occasionem
3371 3250 3808 3309 nancisceremur
3825 3257 3851 3308 τ

2259 3336 2313 3380 at
2337 3341 2465 3381 ecce
2488 3369 2502 3394 ,
2531 3329 2682 3383 nullo
2713 3347 2741 3383 a
2776 3333 2935 3387 nobis
2962 3345 3216 3405 suscepto
3248 3337 3461 3406 labore,
3509 3340 3696 3407 adest,
3725 3359 3848 3399 om-

2259 3418 2404 3471 nium
2433 3429 2558 3475 ante
2585 3420 2945 3477 admissurum
2979 3426 3192 3481 veniam
3232 3427 3485 3485 afl‘erens.
3517 3431 3596 3489 Ac
3619 3433 3851 3505 proinde

2258 3512 2590 3581 acceptabile
2617 3513 2720 3568 hoc
2750 3526 2960 3588 tempus
2989 3527 3179 3585 vocat,
3210 3522 3462 3589 quoniam
3493 3538 3589 3580 eos
3610 3541 3842 3596 quoque,

2259 3602 2348 3668 qui
2381 3603 2678 3660 innumeris
2711 3607 3005 3663 sceleribus
3033 3624 3155 3665 sese
3185 3611 3588 3670 obstrinxeran‘t
3608 3658 3622 3680 ,
3651 3617 3846 3673 admit-

2259 3691 2439 3758 tebat,
2499 3708 2598 3749 nec
2646 3703 2851 3751 tantum
2909 3697 3264 3767 admittebat,
3317 3703 3411 3759 sed
3457 3705 3524 3760 ad
3571 3721 3847 3763 summum

2259 3783 2420 3836 etiam
2450 3783 2669 3839 honoris
2695 3788 2918 3855 gradum
2948 3789 3282 3846 subvehebat
3306 3811 3321 3845 :
3365 3785 3473 3848 non
3499 3810 3657 3853 secus
3681 3809 3848 3863 atque

2261 3873 2575 3930 adveniente
2623 3890 2748 3946 rege
2784 3877 2967 3946 iudicii
3003 3888 3214 3952 tempus
3243 3897 3347 3937 non
3377 3893 3496 3951 est,
3527 3885 3622 3940 sed
3658 3889 3846 3957 gratia:

2259 3979 2322 4018 ac
2377 3964 2586 4020 salutis.
2611 3962 2692 4021 Ob
2739 3981 2858 4021 eam
2907 3983 3124 4024 causam
3177 3972 3505 4040 acceptabile
3551 3976 3652 4031 hoc
3707 3985 3844 4032 tern-

2263 4072 2361 4126 pus
2386 4065 2566 4124 vocat,
2603 4059 2857 4128 quamdiu
2889 4059 3065 4117 adhuc
3107 4063 3158 4116 in
3204 4075 3499 4122 scammate
3525 4082 3805 4124 versamur
3825 4114 3842 4137 ,

2261 4147 2512 4213 quamdiu
2536 4148 2708 4202 adhuc
2737 4150 2786 4203 in
2809 4153 3104 4206 excolenda
3127 4160 3281 4208 vinea
3305 4172 3526 4226 operam
3550 4176 3806 4218 navemus
3825 4205 3844 4230 ,

2260 4238 2511 4305 quamdiu
2543 4239 2821 4292 undecima
2854 4240 2982 4294 hora
3013 4253 3277 4312 superest.

2316 4328 2370 4380 2.
2397 4329 2752 4394 Accedamus,
2779 4345 2842 4385 ac
2860 4332 3025 4387 vitam
3048 4347 3282 4390 nostram
3307 4347 3450 4394 recte
3470 4341 3808 4399 instituamus
3827 4363 3844 4397 :

2262 4419 2309 4471 id
2340 4422 2481 4475 enim
2514 4420 2670 4477 facile
2712 4436 2813 4478 est.
2848 4424 2978 4480 Nam
3010 4429 3098 4497 qui
3126 4445 3191 4483 eo
3226 4440 3466 4501 tempore
3496 4447 3701 4504 certat,
3733 4455 3844 4510 quo

2261 4519 2468 4567 tantum
2499 4514 2821 4570 beneﬁcium
2855 4533 2916 4571 ac
2962 4527 3104 4571 tanta
3149 4523 3329 4588 gratia,
3365 4522 3530 4577 effusa
3561 4537 3680 4590 est,
3725 4532 3841 4596 pal-

2263 4617 2402 4656 mam
2435 4603 2574 4658 facili
2603 4606 2819 4678 negatio
2849 4617 3228 4675 consequetur.
3264 4609 3476 4666 Etenim
3507 4617 3646 4684 apud
3676 4627 3847 4674 terre-

2260 4710 2357 4749 nas
2385 4710 2597 4766 quoque
2639 4697 2993 4766 imperatores
3015 4737 3031 4763 ,
3067 4715 3187 4754 cum
3219 4703 3338 4757 festi
3367 4720 3553 4759 comm
3586 4708 3704 4763 dies
3729 4717 3843 4780 agi-

2265 4795 2462 4851 tantur,
2487 4797 2646 4856 atque
2674 4791 2720 4839 in
2752 4790 3017 4844 sene-alni
3046 4791 3232 4846 habitu
3259 4806 3574 4860 cernuntur,
3607 4800 3652 4852 is
3681 4802 3842 4856 etiam

2259 4875 2347 4943 qui
2375 4877 2621 4945 exiguum
2652 4892 2846 4931 munus
2870 4878 3027 4935 offert
3048 4921 3062 4943 ,
3112 4882 3317 4949 magnis
3363 4882 3520 4937 donis
3565 4885 3799 4944 afficitur
3828 4909 3844 4957 ;

2261 4967 2326 5022 iis
2352 4975 2526 5020 autem
2555 4965 2765 5034 diebus,
2797 4971 2951 5039 queis
2970 4970 3168 5039 iudicis
3198 4987 3393 5030 munus
3422 4988 3695 5046 exercent,
3727 4997 3847 5036 ma-

2257 5074 2360 5136 gna
2404 5058 2679 5128 diligentia
2711 5076 3012 5132 magnoque
3041 5065 3289 5120 examine
3317 5081 3452 5135 Opus
3491 5078 3593 5125 est.
3627 5073 3716 5129 Sic
3739 5089 3844 5128 nos

2257 5150 2417 5204 etiam
2471 5149 2627 5219 huius
2681 5151 2926 5207 beneficii
2981 5161 3221 5222 tempore
3281 5157 3667 5215 decertemus:
3727 5164 3842 5221 dies

2257 5242 2442 5310 gratim
2472 5255 2556 5296 est
2579 5284 2592 5308 ,
2625 5241 2819 5296 divina:
2850 5244 3066 5314 inquam
3093 5247 3301 5315 gratiae,
3332 5249 3474 5304 unde
3499 5254 3662 5308 etiam
3689 5255 3846 5312 facile

2260 5345 2486 5386 coronas
2540 5332 2922 5401 adipiscamur.
2954 5335 3088 5389 Nam
3119 5337 3204 5398 si,
3237 5353 3356 5392 cum
3390 5349 3465 5394 tot
3497 5342 3640 5397 vitiis
3668 5356 3844 5402 scatte-

2260 5437 2440 5477 remus
2462 5466 2475 5488 ,
2506 5434 2561 5479 et
2585 5425 2803 5480 admisit
2829 5440 2930 5480 nos
2955 5435 3010 5480 et
3049 5423 3114 5480 iis
3144 5427 3427 5492 liberavit;
3474 5433 3723 5488 omnibus
3752 5453 3844 5490 so.

2261 5515 2399 5567 lutos
2421 5557 2434 5579 ,
2483 5532 2651 5585 eaque
2682 5533 2799 5584 qua:
2849 5517 3020 5572 nostri
3069 5523 3306 5575 muneris
3334 5534 3458 5577 sunt
3486 5536 3804 5592 prmstantes
3829 5573 3846 5594 ,

2261 5622 2436 5660 annon
2466 5610 2636 5662 multo
2665 5611 2833 5679 magis
2865 5609 3199 5665 admissurus
3250 5614 3370 5666 est?
3402 5615 3589 5669 Postea
3621 5619 3670 5671 id
3704 5621 3844 5687 quod

2261 5707 2519 5766 perpetuo
2546 5699 2703 5765 facit,
2733 5710 2789 5755 ut
2821 5702 3055 5769 scipsum
3092 5704 3142 5756 in
3177 5705 3409 5758 medium
3446 5719 3737 5776 proponat,
3769 5725 3845 5767 at-

2260 5805 2361 5856 que
2386 5790 2508 5845 hinc
2529 5792 2827 5860 exemplum
2857 5794 3286 5863 sumereiuheat,
3319 5795 3409 5851 hic
3439 5813 3650 5868 quoque
3674 5801 3793 5854 facit
3819 5815 3834 5854 :
