4568 6424
734 396 834 447 ι’ξῦ

740 486 882 537 unde
910 484 1069 537 etiam
1103 479 1406 549 subjungit,
1442 478 1494 531 5.
1532 474 1739 529 Nemini
1770 475 1944 526 dantes
1973 471 2136 526 ullam
2165 466 2327 533 oﬂ‘en-

736 593 947 639 sionem,
977 586 1031 627 ut
1062 591 1162 626 non
1208 572 1518 640 vituperetur
1561 566 1898 620 ministerium
1927 573 2178 616 nostrum.
2210 557 2348 616 NorL

740 666 898 720 modo
927 681 956 718 a
1001 674 1264 732 tempore,
1297 662 1393 716 sed
1437 661 1598 714 etiam
1629 659 1697 712 ab
1729 657 1794 710 iis
1815 696 1830 721 ,
1864 656 1950 720 qui
1986 652 2241 722 praeclare
2271 664 2330 703 se

735 767 1031 827 gesserunt,
1063 771 1155 809 eos
1186 766 1509 824 permovere
1534 748 1735 804 studet.
1765 748 1842 799 Ac
1870 745 1994 797 vide
2021 757 2183 811 quam
2213 741 2331 792 sine

737 851 873 903 fastu
918 858 1075 918 atque
1121 846 1428 916 arrogantia
1463 862 1474 897 :
1523 859 1630 896 non
1659 840 1803 894 enim
1835 838 2006 902 dixit,
2041 831 2328 889 Intuemini

735 943 786 994 in
822 957 955 1005 nos,
1000 941 1123 1009 quia
1167 940 1298 1005 tales
1340 949 1526 992 sumus
1561 953 1575 998 ;
1625 947 1811 987 verum
1841 931 1987 997 prius
2023 943 2144 995 qua:
2174 926 2238 978 ad
2271 939 2329 977 se

734 1042 979 1101 spectant
1005 1039 1220 1085 enarrat
1251 1071 1265 1093 ,
1315 1040 1371 1082 ut
1401 1042 1614 1081 omnem
1650 1021 2085 1092 reprehensionis
2111 1032 2328 1071 causam

735 1124 1071 1178 submoveat.
1105 1124 1179 1174 Ac
1226 1119 1333 1174 duo
1360 1119 1555 1174 eximia
1602 1112 1963 1168 illlltlacultlltc
1997 1112 2119 1163 vita:
2165 1122 2328 1176 argu-

739 1224 917 1268 menta
969 1215 1149 1282 ponit,
1200 1213 1328 1267 dum
1379 1213 1453 1264 ait
1480 1250 1494 1273 ,
1540 1208 1748 1262 Nemini
1779 1205 1961 1257 dantes
1993 1203 2151 1255 ullam
2180 1217 2197 1254 :
2229 1214 2328 1253 nec

735 1308 870 1360 dixit
909 1309 1310 1360 accusationem
1334 1345 1348 1366 ,
1383 1302 1476 1356 sed
1499 1343 1512 1366 ,
1547 1299 1687 1369 quod
1746 1298 1904 1365 longe
1951 1295 2126 1346 minus
2175 1300 2325 1354 erat,

740 1398 1122 1463 tl/fcnsioncm;
1154 1412 1216 1449 ac
1249 1397 1290 1447 si
1323 1394 1561 1453 diceret,
1594 1385 2035 1456 reprehensionis
2065 1392 2119 1436 et
2148 1381 2329 1451 queri.

737 1490 930 1542 monia:
964 1491 1139 1542 locum
1177 1486 1307 1538 nulli
1337 1484 1545 1535 dantes.
1582 1479 1651 1534 Ut
1701 1495 1800 1530 non
1840 1477 2152 1545 vituperetur
2178 1472 2328 1524 mini-

734 1585 944 1637 sterium
975 1591 1225 1634 nostrum.
1265 1578 1375 1630 lloc
1416 1587 1518 1638 est,
1550 1589 1617 1627 ne
1655 1574 1774 1641 quis
1815 1569 1940 1628 illud
1973 1575 2177 1635 carpat.
2222 1565 2329 1619 Nec

733 1688 920 1727 rursus
944 1670 1099 1733 dixit,
1135 1669 1203 1723 Ut
1231 1685 1334 1721 non
1366 1674 1670 1724 aCCUSt'llll‘,
1704 1662 1820 1722 sed,
1854 1660 1917 1716 Ut
1950 1677 2017 1713 ne
2051 1658 2322 1712 levissima

732 1766 948 1835 quidem
978 1764 1028 1817 in
1053 1778 1117 1816 eo
1144 1763 1297 1831 culpa
1323 1761 1554 1821 hiereat,
1588 1772 1685 1811 nee
1716 1755 1980 1824 quispiam
2009 1754 2079 1805 sit
2100 1742 2189 1820 qui
2218 1750 2325 1802 ulla

734 1858 785 1908 in
819 1871 878 1910 re
907 1854 1035 1908 illud
1070 1853 1323 1907 insectari
1368 1860 1547 1919 queat.
1584 1850 1633 1902 4.
1670 1849 1774 1900 Sed
1805 1849 1857 1898 in
1903 1844 2132 1898 omnibus
2185 1841 2327 1894 extri-

731 1947 901 1999 bentes
947 1946 1278 2012 nosmetipsos
1321 1943 1449 1996 sicut
1494 1939 1590 1993 Dei
1649 1938 1925 1989 ministros.
1981 1934 2095 1987 Hoc
2159 1932 2327 2009 multo

732 2041 907 2107 majus
936 2049 1038 2092 est.
1069 2036 1253 2105 Neque
1286 2035 1430 2087 enim
1462 2032 1513 2083 in
1546 2031 1659 2098 pari
1692 2027 1846 2080 laude
1872 2023 2178 2093 ponendum
2211 2003 2324 2082 est,

735 2128 1161 2199 reprehensione
1219 2138 1415 2177 vacare
1436 2163 1452 2184 ,
1497 2131 1658 2187 atque
1687 2118 1756 2170 ita
1803 2132 1862 2169 se
1890 2128 2204 2181 comparare
2230 2154 2242 2175 ,
2275 2121 2327 2162 ut

734 2223 971 2290 undique
996 2219 1337 2288 perspicuum
1369 2212 1458 2273 sit,
1488 2225 1583 2263 eos
1613 2209 1706 2262 Dei
1731 2207 2007 2260 ministros
2029 2218 2149 2257 esse
2177 2220 2188 2253 :
2221 2219 2325 2253 non

734 2314 879 2367 enim
906 2312 1049 2380 paris
1070 2307 1239 2362 laudis
1261 2315 1373 2368 est,
1404 2319 1432 2356 a
1456 2299 1878 2370 reprehensione
1911 2297 2138 2349 liberum
2168 2309 2285 2348 eSse
2309 2333 2324 2353 .

734 2414 789 2458 ct
832 2400 1049 2466 laudum
1100 2394 1433 2452 ornamentis
1480 2390 1772 2444 abundare.
1804 2388 1914 2441 Nec
1943 2387 2108 2448 dixit,
2146 2388 2327 2453 Appa-

737 2505 950 2554 rentes,
1009 2489 1100 2542 sed
1163 2486 1499 2549 Earliibentes,
1551 2482 1651 2535 hoe
1699 2490 1818 2544 est,
1874 2479 2323 2532 demonstrantes.

738 2586 941 2641 Deinde
961 2583 1097 2635 unde
1121 2585 1250 2630 tam
1271 2578 1443 2632 elletzti
1464 2577 1570 2628 sint
1589 2574 1826 2642 exponit.
1844 2571 2120 2625 Undenatn
2142 2568 2329 2635 igitur?

739 2680 802 2730 In
855 2678 1011 2729 multa
1064 2675 1342 2743 portaturi,
1398 2669 1587 2738 inquit.
1624 2666 1829 2732 Quibus
1854 2662 2030 2716 verbis
2063 2663 2324 2714 bonorum

735 2772 971 2824 «ιιιιιιιιιιιι
1006 2768 1410 2821 fundamentum
1458 2761 1653 2830 posuit.
1706 2758 1826 2811 Ideo
1859 2772 1964 2809 non
2011 2751 2326 2823 simplietter

739 2865 1047 2933 patientiam
1108 2861 1280 2923 dixit,
1327 2855 1419 2909 sed
1454 2855 1674 2907 multam
1728 2850 1905 2913 addit,
1938 2859 1995 2900 ut
2044 2847 2184 2899 illius
2217 2861 2326 2895 tua-

736 2957 1066 3022 guitudiuem
1126 2950 1446 3002 declararet.
1505 2945 1677 2999 Unam
1732 2951 1821 2994 aut
1867 2941 2088 2992 alteram
2142 2937 2326 2988 tulisse

741 3056 1088 3097 teutattoueut
1120 3056 1223 3093 nou
1255 3053 1501 3104 maguum
1529 3044 1703 3094 esset;
1737 3031 1829 3085 sed
1857 3032 1946 3084 ille
1976 3028 2325 3082 tentationem

738 3156 834 3192 t-cu
882 3135 1104 3188 imbrem
1138 3132 1377 3192 inducit,
1423 3127 1642 3182 dicens.
1680 3123 1743 3176 In
1791 3121 2229 3183 tribulationibus,
2275 3120 2328 3170 in

739 3228 1136 3283 necessitatibus.
1171 3225 1281 3276 lloc
1314 3220 1660 3273 afllictionum
1686 3223 2030 3284 augmentum
2058 3194 2175 3274 est,
2204 3226 2327 3264 cum

738 3323 876 3377 mala
918 3318 1074 3371 vitari
1121 3322 1418 3383 nequeunt,
1449 3326 1512 3363 ae
1544 3311 1691 3362 velut
1741 3307 2035 3358 necessitas
2084 3301 2329 3369 quzedarn

735 3412 1092 3467 acerbitatum
1125 3403 1408 3464 incumbit,
1435 3414 1499 3454 ex
1527 3414 1630 3467 qua
1666 3397 1749 3447 vix
1780 3405 1830 3447 te
1857 3409 1918 3446 ex
1931 3391 2114 3460 pedire
2142 3403 2326 3458 queas.

739 3504 806 3560 In
829 3497 1097 3570 angustiis.
1126 3492 1308 3548 Famis
1339 3490 1544 3545 scilicet
1568 3488 1903 3553 aliarumque
1932 3496 2113 3535 rerum
2143 3494 2330 3533 neces-

739 3594 1037 3654 sariarum,
1069 3586 1154 3641 vel
1185 3582 1502 3652 simpliciter
1531 3577 1909 3634 tentationum.
1944 3576 1996 3628 5.
2031 3570 2098 3625 In
2125 3573 2291 3643 plagis
2312 3611 2326 3633 ,

738 3691 793 3742 in
819 3682 1104 3740 carceribus
1124 3721 1139 3744 ,
1167 3681 1220 3733 in
1247 3674 1602 3732 seditionibus.
1636 3669 1796 3738 Atqui
1829 3665 2106 3737 quodlibet
2137 3664 2327 3718 horum

740 3780 824 3833 vel
851 3777 1022 3832 solum
1047 3768 1385 3827 intolerabile
1412 3774 1564 3830 erat,
1592 3771 1647 3818 et
1671 3760 1850 3830 ﬂagris
1871 3757 2003 3838 casdi
2031 3757 2202 3811 solum
2227 3796 2243 3820 ,
2271 3763 2326 3809 et

738 3869 929 3924 vinciri
959 3866 1152 3926 solum,
1185 3871 1240 3916 et
1269 3860 1481 3928 pulsum
1511 3868 1774 3922 nusquam
1801 3849 2100 3904 consistere
2130 3859 2288 3914 pesse
2313 3863 2326 3897 :

744 3962 848 4015 hoc
872 3959 1017 4014 enim
1061 3951 1328 4022 significat
1347 3987 1365 4012 ,
1397 3945 1466 3998 In
1509 3941 1862 3996 seditionibus.
1891 3939 1961 3990 At
1989 3950 2111 3988 cum
2140 3943 2195 3988 et
2217 3933 2332 3987 lucc

739 4049 923 4105 omnia
947 4055 1002 4100 et
1028 4040 1188 4097 simul
1220 4040 1475 4108 ingruunt
1495 4074 1511 4098 ,
1556 4032 1729 4101 cogita
1761 4043 1921 4098 quam
1971 4025 2187 4080 ﬁrmum
2217 4024 2334 4077 ani-

744 4157 894 4199 mum
922 4139 1215 4209 requirant.
1249 4132 1513 4200 Deinceps
1551 4142 1654 4181 una
1695 4140 1820 4180 cum
1847 4123 2084 4178 externis
2114 4135 2209 4174 sua
2239 4133 2329 4173 re-

745 4241 931 4291 censet
963 4251 978 4288 :
1029 4228 1096 4284 In
1146 4226 1432 4286 laboribus,
1476 4222 1532 4274 in
1560 4218 1746 4289 vigiliis
1768 4256 1782 4281 ,
1814 4217 1866 4268 in
1905 4214 2120 4284 jejtmiis
2141 4252 2156 4273 .
2189 4211 2245 4265 6.
2278 4211 2332 4262 in

745 4327 994 4381 castitate.
1040 4320 1136 4374 llis
1180 4316 1359 4370 verbis
1403 4322 1674 4364 aerumnas
1699 4320 1792 4360 eas
1825 4305 2033 4364 innuit,
2067 4316 2199 4368 quas
2230 4299 2332 4352 huc

743 4430 906 4486 atque
933 4413 1058 4466 illuc
1079 4403 1343 4462 cursando
1366 4415 1428 4454 ac
1447 4399 1644 4452 victum
1663 4394 1760 4449 sibi
1785 4394 2029 4446 manibus
2043 4391 2332 4460 quaarendo

747 4481 1061 4567 exantlabat
1081 4540 1094 4561 ,
1122 4505 1416 4564 noctesque
1447 4505 1579 4560 quas
1607 4490 1657 4542 in
1688 4485 1932 4564 docendo
1956 4485 2035 4536 vel
2065 4481 2223 4535 etiam
2254 4481 2334 4536 la-

748 4564 989 4652 borando
1040 4560 1375 4645 conterebat.
1423 4581 1504 4637 Ad
1560 4581 1674 4636 haec
1715 4579 1875 4633 etiam
1925 4560 2030 4630 nec
2068 4574 2332 4644 jejunium

755 4685 1059 4743 omittebat.
1101 4679 1313 4733 tametsi
1357 4675 1446 4728 illa
1498 4672 1646 4726 mille
1672 4669 1997 4739 jejuniorum
2044 4666 2212 4718 instar
2243 4679 2333 4717 cs-

751 4787 892 4834 seut.
925 4775 1027 4829 Per
1056 4771 1355 4826 castitatem
1389 4777 1573 4819 rursus
1624 4762 1727 4815 hoc
1751 4761 1872 4814 loco
1909 4760 1994 4813 vel
2025 4755 2332 4826 pudicitiam

753 4866 1039 4933 intelligit,
1069 4862 1152 4914 vel
1182 4860 1235 4911 in
1265 4855 1510 4910 omnibus
1537 4853 1698 4907 rebus
1726 4851 2009 4922 puritatem
2030 4892 2045 4916 ,
2080 4850 2164 4903 vel
2190 4848 2330 4918 quod

753 4958 1067 5014 muneribus
1116 4950 1339 5017 abjectis
1387 4945 1554 5014 gratis
1601 4945 1938 5012 evangelium
1993 4943 2331 5012 praedicaret.

754 5054 820 5106 In
846 5047 1074 5104 scientia.
1108 5041 1242 5109 Quid
1275 5051 1357 5093 est
1379 5081 1391 5102 ,
1419 5036 1481 5089 In
1512 5037 1762 5090 scientia?
1794 5036 1850 5091 In
1878 5036 2138 5105 sapientia
2167 5049 2195 5086 a
2229 5035 2335 5086 Deo

754 5155 1047 5201 concessa,
1094 5149 1214 5205 qua:
1264 5144 1386 5186 vera
1435 5129 1657 5184 scientia
1689 5135 1811 5181 est:
1861 5143 1965 5179 non
1999 5135 2055 5179 ut
2103 5126 2213 5187 illi,
2246 5126 2334 5191 qui

755 5233 1028 5300 sapientes
1053 5228 1321 5287 videntur,
1346 5237 1409 5275 ac
1428 5223 1496 5275 de
1518 5231 1737 5274 externa
1764 5219 1986 5271 scientia
2013 5212 2330 5284 gloriantur,

757 5327 860 5379 bac
881 5336 1006 5373 Vero
1032 5317 1265 5371 destituti
1292 5325 1432 5370 sunt.
1465 5313 1529 5366 In
1554 5313 1954 5380 longanimitate,
1981 5311 2033 5362 in
2065 5309 2332 5361 suavitate.

762 5416 888 5467 lla-c
912 5423 1122 5478 quoque
1156 5421 1403 5475 perquam
1447 5404 1689 5474 generosi
1717 5402 1880 5453 animi
1915 5411 2074 5462 sunt,
2108 5413 2333 5466 nempe,

759 5523 879 5558 cum
910 5501 1140 5570 nudique
1175 5499 1478 5566 pronmeris
1523 5512 1584 5550 ac
1629 5494 1916 5564 tutttgat‘iS,
1948 5506 2103 5560 tequo
2154 5493 2334 5544 animo

761 5603 902 5652 icrre
933 5595 1102 5650 omni."
1163 5592 1200 5646 Τ
1264 5608 1291 5640 ιι
1317 5601 1494 5643 autem
1525 5598 1653 5640 ιιὸἱιζε
1702 5589 1814 5639 iens
1835 5624 1849 5647 ,
1880 5583 2022 5636 unde
2052 5585 2170 5634 ttiis
2203 5583 2326 5637 etTo.

764 5699 877 5737 rtus
908 5687 1011 5749 sit,
1056 5683 1226 5750 sul-iu:
1259 5693 1351 5732 ε-ιε.
1390 5679 1452 5730 1η
1500 5679 1695 5746 Spirint
1730 5689 1897 5726 εφη-ιη»
1954 5679 2006 5728 in
2053 5675 2168 5743 ipso
2195 5677 2334 5729 cuit...

761 5777 935 5828 omnia
967 5776 1076 5826 itit-'1‘
1109 5791 1231 5825 «satis
1293 5772 1505 5836 utimur.
1533 5773 1599 5820 At
1625 5770 1740 5820 viti:
1773 5766 2110 5834 illlltlltltmlzlti
2160 5766 2334 5833 Spiri-

1481 361 1536 413 S.
1577 357 1854 414 JOANNIS
1891 348 2375 411 GllliYSOSTOMl
2416 349 2730 404 ARCllll'lP.
2775 349 3307 410 CUNSTANTINGP.
3914 359 4013 417 484

2439 475 2524 518 tus
2550 471 2721 519 sancti
2753 468 3007 520 auxilium
3039 469 3250 536 posuit:
3286 482 3559 541 postquam
3593 490 3787 545 nempe
3817 491 3912 531 sua
3936 495 4024 535 os-

2439 557 2700 610 tenderat.
2732 558 3066 625 Quamquam
3116 560 3244 614 mihi
3275 563 3416 615 aliud
3449 581 3660 634 quoque
3709 567 3794 620 his
3845 569 4025 624 verbis

2438 650 2672 704 indicare
2697 651 2928 704 videtur.
2958 652 3220 717 Quidnam
3256 653 3396 706 hoc?
3426 655 3626 725 Nempe
3653 659 3795 726 quod
3827 662 4023 728 eopio—

2439 757 2498 793 so
2531 742 2736 810 Spiritu
2767 743 3007 811 repletus
3034 753 3198 805 esset,
3230 753 3388 813 atque
3416 745 3538 800 hinc
3557 763 3774 818 quoque
3805 748 4021 802 missio-

2446 835 2527 884 nis
2574 847 2685 886 sum
2715 843 3090 901 argumentum
3140 835 3434 902 pra-heret,
3479 840 3600 906 quia
3651 839 4024 907 spiritualibus

2437 921 2619 988 gratiis
2651 923 2880 975 donatus
2930 923 3138 976 fuisset.
3180 923 3311 977 Nam
3353 925 3450 978 etsi
3499 927 3548 978 id
3596 943 3811 997 quoque
3855 931 4022 1000 gratia

2436 1022 2582 1075 erat;
2615 1022 2664 1065 at
2694 1018 2809 1081 ipse
2837 1029 3049 1083 quoque
3081 1029 3239 1068 causa
3268 1015 3392 1068 item
3417 1025 3562 1077 erat,
3598 1025 3653 1069 ut
3681 1021 3769 1086 qui
3803 1035 3903 1087 per
3930 1035 4020 1073 sua

2435 1113 2584 1158 recte
2633 1105 2768 1158 facta
2797 1114 2852 1158 et
2899 1105 3124 1158 sudores
3156 1105 3378 1172 gratiam
3427 1107 3756 1162 attraxisset.
3795 1108 3951 1176 Quod
3981 1111 4023 1163 si

2435 1199 2556 1266 quis
2586 1200 2805 1265 insuper
2833 1197 2880 1250 id
2913 1213 3128 1267 quoque
3154 1202 3220 1251 ab
3240 1200 3495 1268 Apostolo
3543 1199 3764 1254 indicari
3791 1211 4024 1256 conten-

2436 1290 2560 1352 dat,
2625 1290 2766 1359 quod
2820 1291 2871 1344 itt
2921 1290 3184 1359 spirituali
3232 1293 3390 1344 etiam
3451 1292 3536 1344 illa
3591 1293 3761 1360 gratia
3823 1294 4023 1347 nullam

2433 1380 2747 1434 olfensiouis
2791 1396 2977 1434 ausam
3013 1381 3251 1444 dederit,
3301 1386 3368 1435 ab
3417 1383 3580 1450 ipsius
3611 1383 3878 1436 sententia
3916 1398 4021 1436 non

2436 1477 2716 1528 aberrarit.
2788 1475 2995 1528 Etenim
3065 1476 3176 1538 illi,
3221 1477 3309 1543 qui
3377 1475 3517 1544 apud
3570 1491 3664 1530 eos
3717 1477 4024 1546 linguarum

2435 1565 2632 1618 donum
2679 1574 3035 1632 acceperant,
3081 1565 3305 1633 ideoque
3348 1567 3710 1635 arrogantiam
3757 1582 4021 1635 concepe-

2435 1665 2596 1721 rant,
2627 1657 2912 1725 vituperati
2942 1666 3101 1711 sunt;
3139 1655 3253 1709 fieri
3287 1658 3427 1709 enim
3461 1667 3670 1726 potest,
3705 1659 3871 1728 utqui
3897 1659 4025 1726 spi—

2437 1748 2680 1800 ritualem
2705 1750 2926 1815 gratiam
2956 1748 3245 1814 acceperit,
3280 1763 3340 1800 ca
3371 1763 3473 1800 non
3505 1757 3562 1801 ut
3593 1764 3688 1816 par
3713 1760 3794 1802 est
3820 1758 4023 1804 utatur.

2436 1843 2504 1892 At
2535 1854 2631 1894 nos
2660 1857 2763 1893 non
2799 1842 2905 1901 ita;
2945 1856 3127 1893 verum
3159 1840 3209 1892 in
3238 1840 3427 1908 spiritu
3459 1841 3655 1903 etiam,
3687 1841 3789 1894 hoc
3818 1850 3900 1895 est
3923 1883 3935 1904 ,
3971 1843 4024 1894 itt

2435 1934 2802 1998 spiritualibus
2828 1934 3037 2002 gratiis,
3065 1933 3319 2002 inculpati
3348 1933 3566 1993 fuimus.
3596 1931 3661 1985 In
3685 1934 3894 1987 caritate
3919 1951 4025 1988 non

2435 2025 2577 2093 ﬁcta.

2505 2115 2558 2165 5.
2591 2114 2710 2166 llaec
2745 2117 3001 2166 honorum
3040 2115 3277 2166 omnium
3308 2129 3468 2168 causa
3501 2123 3649 2177 erat;
3695 2113 3809 2167 lure
3853 2115 4018 2168 talem

2438 2210 2607 2276 ipsum
2636 2210 2932 2269 efﬁciebat;
2961 2208 3074 2261 lta-c
3102 2209 3150 2260 id
3177 2210 3481 2275 priestabat,
3505 2219 3563 2260 ut
3585 2206 3838 2276 Spiritus,
3865 2210 4027 2276 cujus

2437 2315 2537 2366 ope
2577 2299 2754 2351 omnia
2803 2308 2947 2350 recte
2992 2297 3292 2360 efﬁciebat,
3343 2297 3480 2364 apud
3523 2299 3697 2365 ipsum
3756 2307 4024 2353 maneret.

2437 2392 2489 2443 7.
2524 2389 2588 2442 In
2617 2390 2763 2441 verba
2790 2390 3030 2441 veritatis.
3065 2387 3174 2439 lloc
3199 2397 3280 2440 est
3305 2427 3321 2452 ,
3374 2385 3514 2455 quod
3545 2387 3859 2456 plerumque
3905 2388 4025 2453 ait,

2438 2497 2541 2533 non
2563 2479 2686 2532 dolo
2715 2487 3004 2561 tractantes
3025 2493 3122 2530 nec
3150 2477 3510 2531 adulterantes
3535 2476 3757 2530 verbum
3787 2477 3876 2530 Dei
3902 2494 4031 2546 per—

2436 2574 2688 2624 stitituus.
2724 2570 2784 2622 lu
2817 2572 2995 2623 virtute
3019 2569 3133 2622 Dei.
3170 2569 3318 2634 Quod
3344 2583 3602 2634 nusquam
3637 2584 3741 2622 non
3771 2568 3932 2634 facit,
3968 2581 4030 2625 ut

2437 2663 2566 2715 nihil
2603 2665 2724 2726 sini,
2760 2663 2848 2715 sed
2883 2663 2990 2714 Deo
3018 2673 3234 2729 τινι-αμα
3259 2662 3434 2713 omnia
3467 2661 3682 2722 referat,
3710 2676 3876 2730 eaque
3901 2678 4030 2731 quas

2435 2772 2555 2808 cum
2597 2755 2729 2806 lani;
2780 2763 3004 2822 gesserit
3055 2752 3355 2816 .tdscribat,
3401 2752 3500 2804 hoc
3549 2755 3710 2805 etiam
3739 2753 3825 2806 hic
3873 2753 4025 2806 fecit.

2436 2851 2695 2912 Quoniam
2722 2848 2863 2901 enim
2896 2861 3080 2914 magna
3110 2844 3629 2913 quaedam-loquutus
3664 2845 3851 2907 fuerat,
3873 2845 4034 2899 dixe-

2438 2951 2624 3009 ratquc
2650 2955 2707 2992 se
2735 2939 2895 2991 vitam
2921 2952 3132 3004 semper
3158 2951 3185 2987 a
3217 2935 3635 3003 reprehensione
3664 2935 3890 2989 alienam
3915 2977 3930 2999 ,
3964 2952 4029 2989 ac

2436 3048 2698 3087 summam
2747 3031 3137 3098 philosophiam
3181 3030 3524 3095 exhibuisse,
3558 3029 3780 3099 Spiritui
3819 3046 3880 3084 ac
3915 3033 4032 3085 Deo

2440 3129 2554 3180 haec
2591 3125 2850 3178 attribuit.
2881 3124 3063 3191 Neque
3110 3118 3254 3175 enim
3283 3123 3516 3190 vulgaria
3546 3133 3702 3177 erant
3727 3141 3844 3192 qu:e
3876 3124 4032 3179 dixe-

2439 3228 2538 3271 rat.
2569 3216 2698 3269 Nam
2730 3217 2771 3268 si
2803 3217 3035 3288 quietam
3059 3214 3218 3265 vitam
3250 3215 3426 3280 agenti
3454 3216 3706 3268 virtutem
3735 3219 3944 3286 assequi
3974 3230 4033 3274 et

2441 3305 2965 3374 irreprehcnsibilem
3014 3318 3134 3356 esse
3168 3302 3383 3357 difﬁcile
3413 3315 3490 3357 ρει
3517 3345 3531 3370 ,
3565 3305 3693 3358 illud
3727 3315 3899 3361 tecum
3943 3325 4032 3364 re-

2442 3407 2589 3464 puta,
2621 3409 2780 3464 quam
2805 3394 3002 3463 egregii
3034 3393 3194 3446 animi
3216 3395 3281 3446 sit
3305 3433 3321 3460 ,
3352 3402 3429 3447 tot
3455 3397 3841 3451 tentationibus
3867 3413 4033 3453 vexa-

2441 3499 2550 3539 tum
2579 3500 2791 3553 semper
2813 3483 3094 3538 effulsisse.
3124 3485 3280 3548 Atqui
3318 3500 3421 3538 non
3447 3484 3562 3539 haec
3588 3488 3702 3540 Sola
3731 3490 3987 3544 sustinuit
4012 3531 4028 3553 ,

2437 3581 2532 3634 sed
2585 3580 2757 3634 multo
2798 3579 2880 3632 his
2927 3579 3074 3647 plura
3103 3620 3116 3642 ,
3163 3594 3285 3647 qua:
3325 3579 3580 3648 deinceps
3625 3594 3924 3636 enumerat.
3973 3582 4029 3636 In

2437 3690 2542 3744 quo
2572 3671 2700 3727 illud
2744 3671 3113 3725 admiramlum
3149 3682 3270 3738 est,
3322 3687 3426 3724 non
3468 3672 3612 3741 quod
3643 3681 3721 3726 tot
3760 3674 4034 3744 tantisque

2439 3765 2690 3819 lluctibus
2735 3762 3222 3831 irrcprehensibilis
3272 3763 3461 3827 luerit,
3512 3778 3612 3816 nec
3656 3763 3801 3832 quod
3849 3765 4031 3818 omnia

2439 3857 2562 3910 forti
2587 3857 2766 3909 animo
2808 3854 3105 3922 pertulerit,
3134 3852 3230 3907 sed
3257 3854 3395 3921 quod
3421 3853 3579 3904 etiam
3610 3869 3732 3906 cum
3759 3855 4034 3922 voluptate
4105 3898 4108 3900 ς

2440 3946 2664 3999 omnia:
2706 3959 2824 4013 qua:
2853 3943 3048 3997 deinde
3080 3942 3165 3995 his
3210 3941 3388 3994 verbis
3434 3941 3695 3995 declarat.
3741 3941 3846 3994 Per
3886 3960 4035 3996 arma

2432 4037 2667 4105 justitiw,
2691 4050 2721 4084 a
2744 4033 2933 4084 dextris
2962 4041 3008 4083 et
3032 4048 3063 4081 a
3088 4029 3324 4082 sinistris.
3350 4028 3583 4082 Videsne
3602 4031 3767 4083 animi
3797 4047 4037 4101 prazsen-

2443 4128 2567 4179 tiam
2601 4127 2885 4191 ﬁrmesque
2914 4121 3143 4175 sensus?
3175 4117 3506 4174 Afﬂictiones
3531 4120 3677 4174 enim
3721 4135 3870 4175 arma
3911 4140 4036 4177 οδδο

2441 4216 2713 4282 ostendit,
2752 4230 2870 4284 qua:
2914 4228 3021 4266 non
3062 4211 3223 4267 modo
3258 4229 3362 4266 non
3405 4212 3700 4280 dejiciant,
3744 4215 3840 4269 sed
3870 4217 4036 4271 etiam

2443 4309 2684 4363 muniant
2731 4321 2793 4359 ac
2840 4304 3101 4357 lirmiores
3149 4304 3402 4356 efliciant.
3459 4302 3688 4358 Sinistra
3744 4316 3922 4361 autem
3969 4325 4036 4362 ca

2442 4407 2616 4463 vocat,
2646 4413 2764 4481 qua:
2795 4395 3052 4450 molestia:
3077 4392 3308 4462 speciem
3340 4393 3538 4447 habent
3569 4409 3584 4447 :
3616 4410 3740 4449 nam
3767 4397 4037 4464 ejusmodi

2442 4499 2568 4546 sunt
2603 4503 2698 4551 ea,
2726 4503 2844 4556 qum
2886 4484 3187 4538 mercedem
3233 4484 3452 4536 habent.
3482 4482 3592 4538 Cur
3633 4487 3795 4556 igitur
3822 4488 3926 4543 hoc
3970 4492 4039 4545 iis

2444 4595 2640 4634 nomen
2697 4577 2963 4646 imponit?
2994 4574 3090 4629 Vel
3145 4574 3437 4628 secundum
3490 4577 3633 4645 vulgi
3680 4581 4033 4648 opinionem,

2443 4672 2527 4722 vel
2563 4670 2685 4737 quia
2729 4667 2889 4736 jussit
2929 4679 3025 4719 nos
3056 4665 3195 4718 Deus
3226 4679 3380 4717 orare
3405 4704 3421 4728 ,
3473 4679 3539 4718 ne
3580 4668 3631 4718 in
3674 4671 4036 4728 tentationem

2446 4761 2722 4812 intremus.
2753 4757 2805 4810 8.
2838 4755 2939 4808 Per
2954 4756 3172 4825 gloriam
3194 4763 3238 4846 et
3269 4753 3622 4822 ignominiam,
3648 4773 3740 4824 per
3768 4760 4038 4828 infamiam

2445 4862 2488 4902 et
2519 4851 2701 4900 bonam
2741 4852 2950 4916 famam.
2998 4846 3133 4912 Quid
3177 4845 3296 4897 ais?
3340 4859 3662 4911 magnumne
3706 4851 3774 4903 ad
3823 4851 4036 4907 larido...

2449 4942 2539 4993 tibi
2581 4955 2701 4992 esse
2741 4953 2930 4991 censes
2966 4937 3134 5007 gloria
3175 4935 3315 4988 frui?
3352 4933 3615 4998 Maxime,
3666 4939 3856 5009 inquit.
3898 4943 4038 5010 Quid

2448 5031 2560 5083 ita?
2592 5044 2711 5082 nam
2749 5029 3089 5096 ignominiam
3123 5025 3334 5093 quidem
3365 5023 3506 5078 ferre
3549 5043 3804 5098 magnum
3832 5044 3948 5099 est;
3984 5040 3999 5089 ι
4035 5058 4042 5085 ι

2446 5125 2611 5194 gloria
2639 5133 2816 5177 autem
2865 5122 3067 5177 versari
3090 5162 3104 5182 ,
3135 5134 3312 5172 annon
3341 5130 3618 5178 strenuum
3662 5127 3905 5181 animum
3949 5144 4038 5182 re.

2448 5219 2641 5284 quirit?
2668 5218 2952 5271 Strenuum
2989 5217 3143 5282 plane
3173 5227 3234 5265 ac
3258 5227 3510 5280 perquam
3537 5217 3809 5286 ingentem
3832 5261 3849 5285 ,
3885 5231 3942 5274 ut
3971 5238 4044 5276 ut:

2451 5312 2493 5361 is
2530 5309 2617 5377 qui
2646 5323 2708 5360 ea
2739 5306 2933 5360 fruitur
2960 5305 3238 5358 obruatur.
3266 5302 3381 5367 Quo
3425 5304 3481 5358 lit
3504 5346 3518 5369 ,
3552 5317 3610 5361 ut
3645 5308 3699 5362 in
3726 5324 3796 5364 eo
3820 5327 4040 5380 quoque

2451 5398 2644 5450 Paulus
2671 5396 2946 5466 glorietur,
2980 5403 3035 5444 ut
3079 5404 3132 5445 et
3166 5394 3216 5443 in
3247 5390 3337 5444 illo
3380 5411 3393 5446 :
3424 5397 3678 5464 quoniam
3712 5401 3764 5453 in
3814 5412 4048 5471 utraque

2453 5509 2507 5543 re.
2537 5503 2781 5558 perzeque
2811 5486 3072 5541 elucebat.
3103 5484 3382 5550 Quomodo
3427 5505 3575 5543 arma
3601 5491 3870 5560 justitiae?
3896 5496 4041 5560 Quo-

2451 5583 2591 5634 niam
2636 5581 2831 5633 multos
2869 5577 2932 5630 ad
2969 5578 3181 5644 pictatis
3209 5577 3442 5633 studium
3478 5582 3687 5648 incitat,
3717 5599 3841 5638 cum
3870 5588 4042 5656 magi-

2451 5684 2587 5727 stros
2631 5674 2679 5724 in
2733 5670 2938 5724 honore
2970 5685 3087 5723 esse
3136 5673 3518 5741 conspiciunt:
3564 5686 3729 5747 atque
3771 5677 4040 5735 bonormn

2457 5789 2465 5814 t
2498 5793 2522 5814 ιι
2550 5784 2571 5815 ιι
2593 5782 2674 5817 τνιιι
2721 5764 2820 5816 hoc
2849 5772 3218 5832 argumentum
3251 5777 3361 5833 est,
3394 5780 3444 5822 ct
3467 5768 3592 5822 hinc
3620 5771 3716 5824 Dei
3753 5772 3923 5841 gloria
3952 5791 4040 5830 ee-
