  <div class='ocr_page' id='page_1' title='image "/cluster/home/n/w/nwhite01/storage/ocr_20150623/61/pst.000005712618/490.png"; bbox 0 0 4076 6338; ppageno 0'>
   <div class='ocr_carea' id='block_1_1' title="bbox 72 296 1677 398">
    <p class='ocr_par' dir='ltr' id='par_1_1' title="bbox 72 321 1675 387">
     <span class='ocr_line' id='line_1_1' title="bbox 72 321 1675 387; baseline -0.007 -3"><span class='ocrx_word' id='word_1_1' title='bbox 72 331 191 386; x_wconf 70' lang='grc' dir='ltr'>4εό</span> <span class='ocrx_word' id='word_1_2' title='bbox 225 381 231 387; x_wconf 90' lang='grc'>.</span> <span class='ocrx_word' id='word_1_3' title='bbox 1131 326 1199 382; x_wconf 77' lang='lat' dir='ltr'>IN</span> <span class='ocrx_word' id='word_1_4' title='bbox 1243 322 1463 381; x_wconf 76' lang='lat' dir='ltr'>EPIST.</span> <span class='ocrx_word' id='word_1_5' title='bbox 1502 321 1543 374; x_wconf 87' lang='lat' dir='ltr'>ll</span> <span class='ocrx_word' id='word_1_6' title='bbox 1584 321 1675 374; x_wconf 76' lang='lat' dir='ltr'>AD</span> 
     </span>
    </p>
   </div>
   <div class='ocr_carea' id='block_1_2' title="bbox 1784 296 3381 398">
    <p class='ocr_par' dir='ltr' id='par_1_2' title="bbox 1784 296 3381 398">
     <span class='ocr_line' id='line_1_2' title="bbox 1784 296 3381 398; baseline 0.005 -26"><span class='ocrx_word' id='word_1_7' title='bbox 1784 317 2143 376; x_wconf 61' lang='lat' dir='ltr'>mnuum.</span> <span class='ocrx_word' id='word_1_8' title='bbox 2191 320 2301 376; x_wconf 77' lang='lat' dir='ltr'>xu.</span> <span class='ocrx_word' id='word_1_9' title='bbox 3059 296 3062 300; x_wconf 75' lang='grc'><em>’</em></span> <span class='ocrx_word' id='word_1_10' title='bbox 3144 390 3147 398; x_wconf 23' lang='grc' dir='ltr'><strong><em>ν</em></strong></span> <span class='ocrx_word' id='word_1_11' title='bbox 3277 327 3381 380; x_wconf 59' lang='grc' dir='ltr'>ιιι</span> 
     </span>
    </p>
   </div>
   <div class='ocr_carea' id='block_1_3' title="bbox 75 436 1681 517">
    <p class='ocr_par' dir='ltr' id='par_1_3' title="bbox 75 436 1681 517">
     <span class='ocr_line' id='line_1_3' title="bbox 75 436 1681 517; baseline -0.007 -18"><span class='ocrx_word' id='word_1_12' title='bbox 75 445 406 517; x_wconf 82' lang='grc' dir='ltr'>Προσέχετε</span> <span class='ocrx_word' id='word_1_13' title='bbox 448 446 527 508; x_wconf 87' lang='grc' dir='ltr'>εἰς</span> <span class='ocrx_word' id='word_1_14' title='bbox 557 447 703 515; x_wconf 72' lang='grc' dir='ltr'>ἡμᾶς</span> <span class='ocrx_word' id='word_1_15' title='bbox 737 446 820 498; x_wconf 83' lang='grc' dir='ltr'>ὅτι</span> <span class='ocrx_word' id='word_1_16' title='bbox 860 442 1094 497; x_wconf 83' lang='grc' dir='ltr'>τοιοῦτοί</span> <span class='ocrx_word' id='word_1_17' title='bbox 1130 444 1326 512; x_wconf 87' lang='grc' dir='ltr'>ἐσμεν·</span> <span class='ocrx_word' id='word_1_18' title='bbox 1373 437 1509 492; x_wconf 83' lang='grc' dir='ltr'>ἀλλά</span> <span class='ocrx_word' id='word_1_19' title='bbox 1544 436 1681 498; x_wconf 83' lang='grc' dir='ltr'>τέως</span> 
     </span>
    </p>
   </div>
   <div class='ocr_carea' id='block_1_4' title="bbox 69 532 1681 608">
    <p class='ocr_par' dir='ltr' id='par_1_4' title="bbox 69 532 1681 608">
     <span class='ocr_line' id='line_1_4' title="bbox 69 532 1681 608; baseline -0.005 -19"><span class='ocrx_word' id='word_1_20' title='bbox 69 538 164 590; x_wconf 76' lang='grc' dir='ltr'>ἐπ’</span> <span class='ocrx_word' id='word_1_21' title='bbox 198 538 488 608; x_wconf 81' lang='grc' dir='ltr'>ἀναιρέσει</span> <span class='ocrx_word' id='word_1_22' title='bbox 521 538 857 608; x_wconf 82' lang='grc' dir='ltr'>κατηγορίας</span> <span class='ocrx_word' id='word_1_23' title='bbox 897 537 966 590; x_wconf 84' lang='grc' dir='ltr'>τὰ</span> <span class='ocrx_word' id='word_1_24' title='bbox 997 534 1121 590; x_wconf 87' lang='grc' dir='ltr'>καθ’</span> <span class='ocrx_word' id='word_1_25' title='bbox 1161 536 1352 588; x_wconf 75' lang='grc' dir='ltr'>ἑαυτὸν</span> <span class='ocrx_word' id='word_1_26' title='bbox 1380 532 1681 602; x_wconf 82' lang='grc' dir='ltr'>διηγεῖται.</span> 
     </span>
    </p>
   </div>
   <div class='ocr_carea' id='block_1_5' title="bbox 69 622 1685 699">
    <p class='ocr_par' dir='ltr' id='par_1_5' title="bbox 69 622 1685 699">
     <span class='ocr_line' id='line_1_5' title="bbox 69 622 1685 699; baseline -0.006 -17"><span class='ocrx_word' id='word_1_27' title='bbox 69 629 192 683; x_wconf 74' lang='grc' dir='ltr'>Καὶ</span> <span class='ocrx_word' id='word_1_28' title='bbox 238 628 336 682; x_wconf 88' lang='grc' dir='ltr'>δύο</span> <span class='ocrx_word' id='word_1_29' title='bbox 366 629 578 699; x_wconf 78' lang='grc' dir='ltr'>τίθησιν</span> <span class='ocrx_word' id='word_1_30' title='bbox 605 627 910 699; x_wconf 77' lang='grc' dir='ltr'>ὑπερϐολὰς</span> <span class='ocrx_word' id='word_1_31' title='bbox 937 628 1171 699; x_wconf 78' lang='grc' dir='ltr'>ἀμώμου</span> <span class='ocrx_word' id='word_1_32' title='bbox 1205 627 1339 696; x_wconf 73' lang='grc' dir='ltr'>βίου’,</span> <span class='ocrx_word' id='word_1_33' title='bbox 1373 622 1685 691; x_wconf 79' lang='grc' dir='ltr'>Μηδεμιάν</span> 
     </span>
    </p>
   </div>
   <div class='ocr_carea' id='block_1_6' title="bbox 65 709 1683 786">
    <p class='ocr_par' dir='ltr' id='par_1_6' title="bbox 65 709 1683 786">
     <span class='ocr_line' id='line_1_6' title="bbox 65 709 1683 786; baseline -0.006 -16"><span class='ocrx_word' id='word_1_34' title='bbox 65 718 142 769; x_wconf 75' lang='grc' dir='ltr'>ἐν</span> <span class='ocrx_word' id='word_1_35' title='bbox 169 716 430 786; x_wconf 75' lang='grc' dir='ltr'>μηδενί,</span> <span class='ocrx_word' id='word_1_36' title='bbox 458 717 649 784; x_wconf 87' lang='grc' dir='ltr'>λέγων.</span> <span class='ocrx_word' id='word_1_37' title='bbox 686 718 797 771; x_wconf 74' lang='grc' dir='ltr'>Καὶ</span> <span class='ocrx_word' id='word_1_38' title='bbox 829 718 930 770; x_wconf 87' lang='grc' dir='ltr'>οὐκ</span> <span class='ocrx_word' id='word_1_39' title='bbox 960 713 1081 770; x_wconf 77' lang='grc' dir='ltr'>εἷπε</span> <span class='ocrx_word' id='word_1_40' title='bbox 1117 713 1474 784; x_wconf 70' lang='grc' dir='ltr'>κατηγορίαν,</span> <span class='ocrx_word' id='word_1_41' title='bbox 1507 710 1620 762; x_wconf 85' lang='grc' dir='ltr'>ἀλλ’</span> <span class='ocrx_word' id='word_1_42' title='bbox 1655 709 1683 761; x_wconf 86' lang='grc' dir='ltr'><strong>ὃ</strong></span> 
     </span>
    </p>
   </div>
   <div class='ocr_carea' id='block_1_7' title="bbox 67 801 1677 883">
    <p class='ocr_par' dir='ltr' id='par_1_7' title="bbox 67 801 1677 883">
     <span class='ocr_line' id='line_1_7' title="bbox 67 801 1677 883; baseline -0.006 -19"><span class='ocrx_word' id='word_1_43' title='bbox 67 813 274 883; x_wconf 85' lang='grc' dir='ltr'>πολλῷ</span> <span class='ocrx_word' id='word_1_44' title='bbox 324 813 540 866; x_wconf 79' lang='grc' dir='ltr'>ἔλαττον</span> <span class='ocrx_word' id='word_1_45' title='bbox 570 809 660 882; x_wconf 82' lang='grc' dir='ltr'>ἦν,</span> <span class='ocrx_word' id='word_1_46' title='bbox 708 810 1094 879; x_wconf 76' lang='grc' dir='ltr'>Προσκοπήν’</span> <span class='ocrx_word' id='word_1_47' title='bbox 1152 805 1417 867; x_wconf 76' lang='grc' dir='ltr'>τουτέστι,</span> <span class='ocrx_word' id='word_1_48' title='bbox 1450 801 1677 873; x_wconf 73' lang='grc' dir='ltr'>μέμψιν.</span> 
     </span>
    </p>
   </div>
   <div class='ocr_carea' id='block_1_8' title="bbox 67 887 1680 973">
    <p class='ocr_par' dir='ltr' id='par_1_8' title="bbox 67 887 1680 973">
     <span class='ocr_line' id='line_1_8' title="bbox 67 887 1680 973; baseline -0.009 -15"><span class='ocrx_word' id='word_1_49' title='bbox 67 907 440 972; x_wconf 78' lang='grc' dir='ltr'>κατάγνωσιν</span> <span class='ocrx_word' id='word_1_50' title='bbox 465 902 656 973; x_wconf 75' lang='grc' dir='ltr'>μηδενὶ</span> <span class='ocrx_word' id='word_1_51' title='bbox 685 902 1022 971; x_wconf 83' lang='grc' dir='ltr'>παρέχοντες</span> <span class='ocrx_word' id='word_1_52' title='bbox 1061 897 1184 951; x_wconf 85' lang='grc' dir='ltr'>καθ’</span> <span class='ocrx_word' id='word_1_53' title='bbox 1218 895 1396 965; x_wconf 83' lang='grc' dir='ltr'>ἡμῶν.</span> <span class='ocrx_word' id='word_1_54' title='bbox 1432 887 1558 947; x_wconf 66' lang='grc' dir='ltr'>Ἵνα</span> <span class='ocrx_word' id='word_1_55' title='bbox 1591 891 1680 960; x_wconf 83' lang='grc' dir='ltr'>μὴ</span> 
     </span>
    </p>
   </div>
   <div class='ocr_carea' id='block_1_9' title="bbox 61 985 1681 1063">
    <p class='ocr_par' dir='ltr' id='par_1_9' title="bbox 61 985 1681 1063">
     <span class='ocr_line' id='line_1_9' title="bbox 61 985 1681 1063; baseline -0.007 -16"><span class='ocrx_word' id='word_1_56' title='bbox 61 993 348 1063; x_wconf 79' lang='grc' dir='ltr'>μωμηθῇ</span> <span class='ocrx_word' id='word_1_57' title='bbox 386 996 424 1062; x_wconf 79' lang='grc' dir='ltr'><em>ἠ</em></span> <span class='ocrx_word' id='word_1_58' title='bbox 455 993 730 1047; x_wconf 77' lang='grc' dir='ltr'>διακονία</span> <span class='ocrx_word' id='word_1_59' title='bbox 776 989 967 1059; x_wconf 73' lang='grc' dir='ltr'>ἡμῶν.</span> <span class='ocrx_word' id='word_1_60' title='bbox 1004 988 1316 1042; x_wconf 87' lang='grc' dir='ltr'>Τουτέστιν.</span> <span class='ocrx_word' id='word_1_61' title='bbox 1347 987 1434 1037; x_wconf 85' lang='grc' dir='ltr'>ἵνα</span> <span class='ocrx_word' id='word_1_62' title='bbox 1489 985 1562 1054; x_wconf 84' lang='grc' dir='ltr'>μή</span> <span class='ocrx_word' id='word_1_63' title='bbox 1596 1000 1681 1046; x_wconf 88' lang='grc' dir='ltr'>τις</span> 
     </span>
    </p>
   </div>
   <div class='ocr_carea' id='block_1_10' title="bbox 65 1074 1682 1154">
    <p class='ocr_par' dir='ltr' id='par_1_10' title="bbox 65 1074 1682 1154">
     <span class='ocr_line' id='line_1_10' title="bbox 65 1074 1682 1154; baseline -0.009 -16"><span class='ocrx_word' id='word_1_64' title='bbox 65 1086 260 1154; x_wconf 80' lang='grc' dir='ltr'>αὐτῆς</span> <span class='ocrx_word' id='word_1_65' title='bbox 294 1084 643 1153; x_wconf 75' lang='grc' dir='ltr'>ἐπιλάϐηται.</span> <span class='ocrx_word' id='word_1_66' title='bbox 676 1083 783 1134; x_wconf 75' lang='grc' dir='ltr'>Καὶ</span> <span class='ocrx_word' id='word_1_67' title='bbox 804 1082 906 1133; x_wconf 91' lang='grc' dir='ltr'>οὐκ</span> <span class='ocrx_word' id='word_1_68' title='bbox 922 1076 1039 1131; x_wconf 76' lang='grc' dir='ltr'>εἷπε</span> <span class='ocrx_word' id='word_1_69' title='bbox 1077 1077 1260 1137; x_wconf 88' lang='grc' dir='ltr'>πάλιν,</span> <span class='ocrx_word' id='word_1_70' title='bbox 1297 1074 1416 1128; x_wconf 86' lang='grc' dir='ltr'>Ἵνα</span> <span class='ocrx_word' id='word_1_71' title='bbox 1453 1075 1527 1144; x_wconf 79' lang='grc' dir='ltr'>μὴ</span> <span class='ocrx_word' id='word_1_72' title='bbox 1552 1089 1682 1126; x_wconf 86' lang='grc' dir='ltr'>κατ-</span> 
     </span>
    </p>
   </div>
   <div class='ocr_carea' id='block_1_11' title="bbox 61 1166 1679 1248">
    <p class='ocr_par' dir='ltr' id='par_1_11' title="bbox 61 1166 1679 1248">
     <span class='ocr_line' id='line_1_11' title="bbox 61 1166 1679 1248; baseline -0.009 -16"><span class='ocrx_word' id='word_1_73' title='bbox 61 1177 365 1248; x_wconf 79' lang='grc' dir='ltr'>ηγορηθῇ,</span> <span class='ocrx_word' id='word_1_74' title='bbox 399 1176 539 1236; x_wconf 83' lang='grc' dir='ltr'>ἀλλ’.</span> <span class='ocrx_word' id='word_1_75' title='bbox 576 1176 696 1226; x_wconf 83' lang='grc' dir='ltr'>Ἵνα</span> <span class='ocrx_word' id='word_1_76' title='bbox 733 1172 867 1242; x_wconf 84' lang='grc' dir='ltr'>μηδέ</span> <span class='ocrx_word' id='word_1_77' title='bbox 921 1171 1021 1239; x_wconf 83' lang='grc' dir='ltr'>τὴν</span> <span class='ocrx_word' id='word_1_78' title='bbox 1052 1168 1325 1239; x_wconf 80' lang='grc' dir='ltr'>τυχοῦσαν</span> <span class='ocrx_word' id='word_1_79' title='bbox 1352 1168 1535 1221; x_wconf 91' lang='grc' dir='ltr'>αἰτίαν</span> <span class='ocrx_word' id='word_1_80' title='bbox 1557 1166 1679 1236; x_wconf 76' lang='grc' dir='ltr'>ἔχῃ,</span> 
     </span>
    </p>
   </div>
   <div class='ocr_carea' id='block_1_12' title="bbox 67 1259 1682 1339">
    <p class='ocr_par' dir='ltr' id='par_1_12' title="bbox 67 1259 1682 1339">
     <span class='ocr_line' id='line_1_12' title="bbox 67 1259 1682 1339; baseline -0.007 -17"><span class='ocrx_word' id='word_1_81' title='bbox 67 1272 150 1339; x_wconf 82' lang='grc' dir='ltr'>μή</span> <span class='ocrx_word' id='word_1_82' title='bbox 189 1287 282 1333; x_wconf 85' lang='grc' dir='ltr'>τις</span> <span class='ocrx_word' id='word_1_83' title='bbox 315 1270 451 1338; x_wconf 77' lang='grc' dir='ltr'>αὐτῇ</span> <span class='ocrx_word' id='word_1_84' title='bbox 481 1268 560 1323; x_wconf 83' lang='grc' dir='ltr'>εἰς</span> <span class='ocrx_word' id='word_1_85' title='bbox 591 1263 770 1318; x_wconf 83' lang='grc' dir='ltr'>ὁτιοῦν</span> <span class='ocrx_word' id='word_1_86' title='bbox 800 1261 1105 1331; x_wconf 81' lang='grc' dir='ltr'>ἐπισκῆψαι</span> <span class='ocrx_word' id='word_1_87' title='bbox 1138 1261 1367 1331; x_wconf 83' lang='grc' dir='ltr'>δυνηθῇ.</span> <span class='ocrx_word' id='word_1_88' title='bbox 1415 1259 1581 1313; x_wconf 71' lang='grc' dir='ltr'>Ἀλλ’</span> <span class='ocrx_word' id='word_1_89' title='bbox 1611 1259 1682 1311; x_wconf 75' lang='grc' dir='ltr'>ἐν</span> 
     </span>
    </p>
   </div>
   <div class='ocr_carea' id='block_1_13' title="bbox 63 1350 1677 1422">
    <p class='ocr_par' dir='ltr' id='par_1_13' title="bbox 63 1350 1677 1422">
     <span class='ocr_line' id='line_1_13' title="bbox 63 1350 1677 1422; baseline -0.007 -9"><span class='ocrx_word' id='word_1_90' title='bbox 63 1362 266 1415; x_wconf 74' lang='grc' dir='ltr'>παντὶ</span> <span class='ocrx_word' id='word_1_91' title='bbox 337 1357 746 1422; x_wconf 81' lang='grc' dir='ltr'>συνιστῶντες</span> <span class='ocrx_word' id='word_1_92' title='bbox 781 1353 1057 1419; x_wconf 78' lang='grc' dir='ltr'>ἑαυτοὺς,</span> <span class='ocrx_word' id='word_1_93' title='bbox 1092 1353 1174 1418; x_wconf 88' lang='grc' dir='ltr'>ὡς</span> <span class='ocrx_word' id='word_1_94' title='bbox 1210 1351 1360 1407; x_wconf 84' lang='grc' dir='ltr'>Θεοῦ</span> <span class='ocrx_word' id='word_1_95' title='bbox 1388 1350 1677 1405; x_wconf 82' lang='grc' dir='ltr'>διάκονοι.</span> 
     </span>
    </p>
   </div>
   <div class='ocr_carea' id='block_1_14' title="bbox 65 1442 1680 1517">
    <p class='ocr_par' dir='ltr' id='par_1_14' title="bbox 65 1442 1680 1517">
     <span class='ocr_line' id='line_1_14' title="bbox 65 1442 1680 1517; baseline -0.006 -14"><span class='ocrx_word' id='word_1_96' title='bbox 65 1451 254 1504; x_wconf 87' lang='grc' dir='ltr'>Τοῦτο</span> <span class='ocrx_word' id='word_1_97' title='bbox 288 1449 471 1517; x_wconf 86' lang='grc' dir='ltr'>πολλῷ</span> <span class='ocrx_word' id='word_1_98' title='bbox 493 1449 701 1517; x_wconf 76' lang='grc' dir='ltr'>μεῖζον.</span> <span class='ocrx_word' id='word_1_99' title='bbox 738 1445 812 1498; x_wconf 86' lang='grc' dir='ltr'>Οὐ</span> <span class='ocrx_word' id='word_1_100' title='bbox 847 1446 955 1513; x_wconf 87' lang='grc' dir='ltr'>γάρ</span> <span class='ocrx_word' id='word_1_101' title='bbox 989 1446 1140 1497; x_wconf 85' lang='grc' dir='ltr'>ἐστιν</span> <span class='ocrx_word' id='word_1_102' title='bbox 1190 1446 1303 1497; x_wconf 83' lang='grc' dir='ltr'>ῐσον</span> <span class='ocrx_word' id='word_1_103' title='bbox 1343 1442 1680 1513; x_wconf 70' lang='grc' dir='ltr'>κατηγορίας</span> 
     </span>
    </p>
   </div>
   <div class='ocr_carea' id='block_1_15' title="bbox 65 1535 1679 1611">
    <p class='ocr_par' dir='ltr' id='par_1_15' title="bbox 65 1535 1679 1611">
     <span class='ocr_line' id='line_1_15' title="bbox 65 1535 1679 1611; baseline -0.004 -19"><span class='ocrx_word' id='word_1_104' title='bbox 65 1541 380 1611; x_wconf 83' lang='grc' dir='ltr'>ἐλεύθερον</span> <span class='ocrx_word' id='word_1_105' title='bbox 431 1537 594 1603; x_wconf 76' lang='grc' dir='ltr'>εἶναι,</span> <span class='ocrx_word' id='word_1_106' title='bbox 660 1541 755 1594; x_wconf 80' lang='grc' dir='ltr'>καὶ</span> <span class='ocrx_word' id='word_1_107' title='bbox 816 1540 1042 1594; x_wconf 88' lang='grc' dir='ltr'>τοιαῦτα</span> <span class='ocrx_word' id='word_1_108' title='bbox 1111 1535 1539 1596; x_wconf 78' lang='grc' dir='ltr'>ἐπιδείκνυσθαι,</span> <span class='ocrx_word' id='word_1_109' title='bbox 1603 1535 1679 1597; x_wconf 88' lang='grc' dir='ltr'>ὡς</span> 
     </span>
    </p>
   </div>
   <div class='ocr_carea' id='block_1_16' title="bbox 68 1624 1679 1697">
    <p class='ocr_par' dir='ltr' id='par_1_16' title="bbox 68 1624 1679 1697">
     <span class='ocr_line' id='line_1_16' title="bbox 68 1624 1679 1697; baseline -0.003 -15"><span class='ocrx_word' id='word_1_110' title='bbox 68 1631 361 1684; x_wconf 79' lang='grc' dir='ltr'>πάντοθεν</span> <span class='ocrx_word' id='word_1_111' title='bbox 402 1629 690 1697; x_wconf 81' lang='grc' dir='ltr'>φαίνεσθαι</span> <span class='ocrx_word' id='word_1_112' title='bbox 734 1629 1016 1691; x_wconf 82' lang='grc' dir='ltr'>διακόνους</span> <span class='ocrx_word' id='word_1_113' title='bbox 1059 1628 1219 1688; x_wconf 75' lang='grc' dir='ltr'>ὄντας</span> <span class='ocrx_word' id='word_1_114' title='bbox 1268 1624 1425 1678; x_wconf 79' lang='grc' dir='ltr'>Θεοῦ·</span> <span class='ocrx_word' id='word_1_115' title='bbox 1468 1624 1531 1676; x_wconf 88' lang='grc' dir='ltr'>οὐ</span> <span class='ocrx_word' id='word_1_116' title='bbox 1568 1624 1679 1692; x_wconf 87' lang='grc' dir='ltr'>γάρ</span> 
     </span>
    </p>
   </div>
   <div class='ocr_carea' id='block_1_17' title="bbox 65 1715 1680 1792">
    <p class='ocr_par' dir='ltr' id='par_1_17' title="bbox 65 1715 1680 1792">
     <span class='ocr_line' id='line_1_17' title="bbox 65 1715 1680 1792; baseline -0.005 -18"><span class='ocrx_word' id='word_1_117' title='bbox 65 1726 229 1774; x_wconf 83' lang='grc' dir='ltr'>ἐστιν</span> <span class='ocrx_word' id='word_1_118' title='bbox 265 1722 387 1774; x_wconf 81' lang='grc' dir='ltr'>ἴσον</span> <span class='ocrx_word' id='word_1_119' title='bbox 423 1722 772 1792; x_wconf 77' lang='grc' dir='ltr'>ἀπηλλάχθαι</span> <span class='ocrx_word' id='word_1_120' title='bbox 831 1719 1188 1788; x_wconf 82' lang='grc' dir='ltr'>κατηγορίας,</span> <span class='ocrx_word' id='word_1_121' title='bbox 1228 1717 1322 1769; x_wconf 76' lang='grc' dir='ltr'>καὶ</span> <span class='ocrx_word' id='word_1_122' title='bbox 1379 1715 1680 1784; x_wconf 75' lang='grc' dir='ltr'>ἐγκωμίοις</span> 
     </span>
    </p>
   </div>
   <div class='ocr_carea' id='block_1_18' title="bbox 75 1804 1682 1883">
    <p class='ocr_par' dir='ltr' id='par_1_18' title="bbox 75 1804 1682 1883">
     <span class='ocr_line' id='line_1_18' title="bbox 75 1804 1682 1883; baseline -0.005 -17"><span class='ocrx_word' id='word_1_123' title='bbox 75 1813 311 1883; x_wconf 83' lang='grc' dir='ltr'>βρύειν.</span> <span class='ocrx_word' id='word_1_124' title='bbox 355 1814 464 1865; x_wconf 77' lang='grc' dir='ltr'>Καὶ</span> <span class='ocrx_word' id='word_1_125' title='bbox 486 1813 586 1864; x_wconf 85' lang='grc' dir='ltr'>οὐκ</span> <span class='ocrx_word' id='word_1_126' title='bbox 612 1807 754 1875; x_wconf 81' lang='grc' dir='ltr'>ε’ίπε,</span> <span class='ocrx_word' id='word_1_127' title='bbox 778 1812 1122 1880; x_wconf 75' lang='grc' dir='ltr'>Φαινόμενοι,</span> <span class='ocrx_word' id='word_1_128' title='bbox 1160 1809 1318 1870; x_wconf 79' lang='grc' dir='ltr'>ἀλλὰ,</span> <span class='ocrx_word' id='word_1_129' title='bbox 1349 1804 1682 1860; x_wconf 75' lang='grc' dir='ltr'>Συνιστῶν·</span> 
     </span>
    </p>
   </div>
   <div class='ocr_carea' id='block_1_19' title="bbox 61 1898 1680 1968">
    <p class='ocr_par' dir='ltr' id='par_1_19' title="bbox 61 1898 1680 1968">
     <span class='ocr_line' id='line_1_19' title="bbox 61 1898 1680 1968; baseline -0.004 -11"><span class='ocrx_word' id='word_1_130' title='bbox 61 1921 201 1968; x_wconf 81' lang='grc' dir='ltr'>τες,</span> <span class='ocrx_word' id='word_1_131' title='bbox 231 1905 543 1967; x_wconf 74' lang='grc' dir='ltr'>τουτέστιν,</span> <span class='ocrx_word' id='word_1_132' title='bbox 586 1903 1024 1964; x_wconf 84' lang='grc' dir='ltr'>ἀποδεικνύντες.</span> <span class='ocrx_word' id='word_1_133' title='bbox 1063 1898 1197 1954; x_wconf 81' lang='grc' dir='ltr'>Εἶτα</span> <span class='ocrx_word' id='word_1_134' title='bbox 1225 1900 1487 1966; x_wconf 84' lang='grc' dir='ltr'>λέγεικαί</span> <span class='ocrx_word' id='word_1_135' title='bbox 1516 1899 1680 1952; x_wconf 84' lang='grc' dir='ltr'>πόθεν</span> 
     </span>
    </p>
   </div>
   <div class='ocr_carea' id='block_1_20' title="bbox 59 1985 1680 2063">
    <p class='ocr_par' dir='ltr' id='par_1_20' title="bbox 59 1985 1680 2063">
     <span class='ocr_line' id='line_1_20' title="bbox 59 1985 1680 2063; baseline -0.003 -18"><span class='ocrx_word' id='word_1_136' title='bbox 59 1994 324 2048; x_wconf 84' lang='grc' dir='ltr'>τοιοῦτοι</span> <span class='ocrx_word' id='word_1_137' title='bbox 352 1995 622 2063; x_wconf 81' lang='grc' dir='ltr'>ἐγένοντο.</span> <span class='ocrx_word' id='word_1_138' title='bbox 653 1993 826 2047; x_wconf 83' lang='grc' dir='ltr'>Πόθεν</span> <span class='ocrx_word' id='word_1_139' title='bbox 849 1988 942 2045; x_wconf 83' lang='grc' dir='ltr'>οῦν</span> <span class='ocrx_word' id='word_1_140' title='bbox 968 1992 1218 2058; x_wconf 89' lang='grc' dir='ltr'>ἐγένοντο</span> <span class='ocrx_word' id='word_1_141' title='bbox 1241 2007 1255 2052; x_wconf 86' lang='grc'>;</span> <span class='ocrx_word' id='word_1_142' title='bbox 1276 1990 1381 2043; x_wconf 83' lang='grc' dir='ltr'>Ἐν</span> <span class='ocrx_word' id='word_1_143' title='bbox 1401 1985 1680 2058; x_wconf 76' lang='grc' dir='ltr'>ὑπομονῇ</span> 
     </span>
    </p>
   </div>
   <div class='ocr_carea' id='block_1_21' title="bbox 56 2080 1681 2155">
    <p class='ocr_par' dir='ltr' id='par_1_21' title="bbox 56 2080 1681 2155">
     <span class='ocr_line' id='line_1_21' title="bbox 56 2080 1681 2155; baseline -0.006 -15"><span class='ocrx_word' id='word_1_144' title='bbox 56 2086 315 2153; x_wconf 67' lang='grc' dir='ltr'>πολλῇ,</span> <span class='ocrx_word' id='word_1_145' title='bbox 353 2087 511 2154; x_wconf 82' lang='grc' dir='ltr'>φησί’</span> <span class='ocrx_word' id='word_1_146' title='bbox 541 2087 632 2138; x_wconf 88' lang='grc' dir='ltr'>τὸν</span> <span class='ocrx_word' id='word_1_147' title='bbox 661 2084 913 2155; x_wconf 81' lang='grc' dir='ltr'>θεμέλιον</span> <span class='ocrx_word' id='word_1_148' title='bbox 940 2083 1050 2135; x_wconf 92' lang='grc' dir='ltr'>τῶν</span> <span class='ocrx_word' id='word_1_149' title='bbox 1092 2082 1314 2150; x_wconf 82' lang='grc' dir='ltr'>ἀγαθῶν</span> <span class='ocrx_word' id='word_1_150' title='bbox 1347 2080 1537 2144; x_wconf 86' lang='grc' dir='ltr'>τιθείς.</span> <span class='ocrx_word' id='word_1_151' title='bbox 1563 2081 1681 2132; x_wconf 84' lang='grc' dir='ltr'>Διό-</span> 
     </span>
    </p>
   </div>
   <div class='ocr_carea' id='block_1_22' title="bbox 60 2170 1680 2249">
    <p class='ocr_par' dir='ltr' id='par_1_22' title="bbox 60 2170 1680 2249">
     <span class='ocr_line' id='line_1_22' title="bbox 60 2170 1680 2249; baseline -0.005 -19"><span class='ocrx_word' id='word_1_152' title='bbox 60 2196 182 2249; x_wconf 83' lang='grc' dir='ltr'>περ</span> <span class='ocrx_word' id='word_1_153' title='bbox 214 2177 348 2230; x_wconf 82' lang='grc' dir='ltr'>οὐδέ</span> <span class='ocrx_word' id='word_1_154' title='bbox 377 2177 567 2238; x_wconf 85' lang='grc' dir='ltr'>ἁπλῶς</span> <span class='ocrx_word' id='word_1_155' title='bbox 594 2177 876 2246; x_wconf 82' lang='grc' dir='ltr'>ὑπομονὴν</span> <span class='ocrx_word' id='word_1_156' title='bbox 908 2170 1084 2236; x_wconf 82' lang='grc' dir='ltr'>εἶπεν,</span> <span class='ocrx_word' id='word_1_157' title='bbox 1131 2173 1266 2226; x_wconf 86' lang='grc' dir='ltr'>ἀλλὰ</span> <span class='ocrx_word' id='word_1_158' title='bbox 1317 2172 1540 2242; x_wconf 76' lang='grc' dir='ltr'>πολλὴν,</span> <span class='ocrx_word' id='word_1_159' title='bbox 1586 2172 1680 2223; x_wconf 70' lang='grc' dir='ltr'>καὶ</span> 
     </span>
    </p>
   </div>
   <div class='ocr_carea' id='block_1_23' title="bbox 55 2265 1681 2337">
    <p class='ocr_par' dir='ltr' id='par_1_23' title="bbox 55 2265 1681 2337">
     <span class='ocr_line' id='line_1_23' title="bbox 55 2265 1681 2337; baseline -0.004 -14"><span class='ocrx_word' id='word_1_160' title='bbox 55 2271 361 2323; x_wconf 75' lang='grc' dir='ltr'>δείκνυσιν</span> <span class='ocrx_word' id='word_1_161' title='bbox 416 2270 584 2337; x_wconf 80' lang='grc' dir='ltr'>αὐτῆς</span> <span class='ocrx_word' id='word_1_162' title='bbox 613 2271 706 2322; x_wconf 76' lang='grc' dir='ltr'>καί</span> <span class='ocrx_word' id='word_1_163' title='bbox 746 2269 806 2320; x_wconf 78' lang='grc' dir='ltr'>τὺ</span> <span class='ocrx_word' id='word_1_164' title='bbox 856 2267 1106 2337; x_wconf 81' lang='grc' dir='ltr'>μέγεθος.</span> <span class='ocrx_word' id='word_1_165' title='bbox 1143 2266 1217 2317; x_wconf 82' lang='grc' dir='ltr'>Τὸ</span> <span class='ocrx_word' id='word_1_166' title='bbox 1248 2267 1356 2334; x_wconf 74' lang='grc' dir='ltr'>γὰρ</span> <span class='ocrx_word' id='word_1_167' title='bbox 1390 2265 1448 2316; x_wconf 75' lang='grc' dir='ltr'>ἓν</span> <span class='ocrx_word' id='word_1_168' title='bbox 1488 2283 1543 2316; x_wconf 89' lang='grc' dir='ltr'>τι</span> <span class='ocrx_word' id='word_1_169' title='bbox 1585 2267 1681 2317; x_wconf 76' lang='grc' dir='ltr'>καὶ</span> 
     </span>
    </p>
   </div>
   <div class='ocr_carea' id='block_1_24' title="bbox 53 2356 1681 2432">
    <p class='ocr_par' dir='ltr' id='par_1_24' title="bbox 53 2356 1681 2432">
     <span class='ocr_line' id='line_1_24' title="bbox 53 2356 1681 2432; baseline -0.004 -19"><span class='ocrx_word' id='word_1_170' title='bbox 53 2362 339 2432; x_wconf 81' lang='grc' dir='ltr'>δεύτερον</span> <span class='ocrx_word' id='word_1_171' title='bbox 367 2362 632 2426; x_wconf 80' lang='grc' dir='ltr'>ἐνεγκεῖν,</span> <span class='ocrx_word' id='word_1_172' title='bbox 666 2359 817 2411; x_wconf 80' lang='grc' dir='ltr'>οὐδὲν</span> <span class='ocrx_word' id='word_1_173' title='bbox 841 2358 1004 2427; x_wconf 81' lang='grc' dir='ltr'>μέγα·</span> <span class='ocrx_word' id='word_1_174' title='bbox 1039 2357 1156 2409; x_wconf 86' lang='grc' dir='ltr'>ἀλλ’</span> <span class='ocrx_word' id='word_1_175' title='bbox 1205 2356 1403 2423; x_wconf 86' lang='grc' dir='ltr'>ἐπάγει</span> <span class='ocrx_word' id='word_1_176' title='bbox 1448 2359 1543 2408; x_wconf 83' lang='grc' dir='ltr'>καί</span> <span class='ocrx_word' id='word_1_177' title='bbox 1582 2358 1681 2418; x_wconf 86' lang='grc' dir='ltr'>τὰς</span> 
     </span>
    </p>
   </div>
   <div class='ocr_carea' id='block_1_25' title="bbox 52 2445 1681 2518">
    <p class='ocr_par' dir='ltr' id='par_1_25' title="bbox 52 2445 1681 2518">
     <span class='ocr_line' id='line_1_25' title="bbox 52 2445 1681 2518; baseline -0.006 -14"><span class='ocrx_word' id='word_1_178' title='bbox 52 2452 315 2518; x_wconf 67' lang='grc' dir='ltr'>νιφάδας</span> <span class='ocrx_word' id='word_1_179' title='bbox 343 2450 450 2502; x_wconf 88' lang='grc' dir='ltr'>τῶν</span> <span class='ocrx_word' id='word_1_180' title='bbox 494 2447 842 2518; x_wconf 82' lang='grc' dir='ltr'>πειρασμῶν,</span> <span class='ocrx_word' id='word_1_181' title='bbox 896 2446 1095 2511; x_wconf 85' lang='grc' dir='ltr'>λέγων,</span> <span class='ocrx_word' id='word_1_182' title='bbox 1138 2445 1241 2499; x_wconf 83' lang='grc' dir='ltr'>Ἐν</span> <span class='ocrx_word' id='word_1_183' title='bbox 1262 2448 1568 2512; x_wconf 63' lang='grc' dir='ltr'>θλίψεσιν,</span> <span class='ocrx_word' id='word_1_184' title='bbox 1611 2446 1681 2496; x_wconf 78' lang='grc' dir='ltr'>ἐν</span> 
     </span>
    </p>
   </div>
   <div class='ocr_carea' id='block_1_26' title="bbox 55 2533 1678 2611">
    <p class='ocr_par' dir='ltr' id='par_1_26' title="bbox 55 2533 1678 2611">
     <span class='ocr_line' id='line_1_26' title="bbox 55 2533 1678 2611; baseline -0.005 -15"><span class='ocrx_word' id='word_1_185' title='bbox 55 2543 398 2611; x_wconf 73' lang='grc' dir='ltr'>ἀνάγκαις.</span> <span class='ocrx_word' id='word_1_186' title='bbox 439 2540 610 2592; x_wconf 81' lang='grc' dir='ltr'>Τοῦτο</span> <span class='ocrx_word' id='word_1_187' title='bbox 657 2538 909 2600; x_wconf 79' lang='grc' dir='ltr'>ἐπίτασις</span> <span class='ocrx_word' id='word_1_188' title='bbox 950 2536 1204 2605; x_wconf 80' lang='grc' dir='ltr'>θλίψεως,</span> <span class='ocrx_word' id='word_1_189' title='bbox 1240 2538 1368 2588; x_wconf 75' lang='grc' dir='ltr'>ὅταν</span> <span class='ocrx_word' id='word_1_190' title='bbox 1397 2537 1616 2603; x_wconf 72' lang='grc' dir='ltr'>ἄφυκτα</span> 
     </span>
    </p>
   </div>
   <div class='ocr_carea' id='block_1_27' title="bbox 51 2627 1678 2699">
    <p class='ocr_par' dir='ltr' id='par_1_27' title="bbox 51 2627 1678 2699">
     <span class='ocr_line' id='line_1_27' title="bbox 51 2627 1678 2699; baseline -0.004 -14"><span class='ocrx_word' id='word_1_191' title='bbox 51 2634 129 2685; x_wconf 76' lang='grc' dir='ltr'>τὰ</span> <span class='ocrx_word' id='word_1_192' title='bbox 161 2633 350 2689; x_wconf 74' lang='grc' dir='ltr'>κακὰ,</span> <span class='ocrx_word' id='word_1_193' title='bbox 386 2633 478 2683; x_wconf 77' lang='grc' dir='ltr'>καὶ</span> <span class='ocrx_word' id='word_1_194' title='bbox 514 2629 703 2699; x_wconf 81' lang='grc' dir='ltr'>ὥσπερ</span> <span class='ocrx_word' id='word_1_195' title='bbox 735 2629 950 2696; x_wconf 81' lang='grc' dir='ltr'>ἀνάγκη</span> <span class='ocrx_word' id='word_1_196' title='bbox 989 2644 1075 2689; x_wconf 90' lang='grc' dir='ltr'>τις</span> <span class='ocrx_word' id='word_1_197' title='bbox 1121 2627 1409 2696; x_wconf 85' lang='grc' dir='ltr'>ἐπικέηται</span> <span class='ocrx_word' id='word_1_198' title='bbox 1432 2627 1539 2678; x_wconf 88' lang='grc' dir='ltr'>τῶν</span> <span class='ocrx_word' id='word_1_199' title='bbox 1573 2629 1678 2678; x_wconf 75' lang='grc' dir='ltr'>δει-</span> 
     </span>
    </p>
   </div>
   <div class='ocr_carea' id='block_1_28' title="bbox 52 2719 1677 2784">
    <p class='ocr_par' dir='ltr' id='par_1_28' title="bbox 52 2719 1677 2784">
     <span class='ocr_line' id='line_1_28' title="bbox 52 2719 1677 2784; baseline -0.002 -10"><span class='ocrx_word' id='word_1_200' title='bbox 52 2725 176 2774; x_wconf 84' lang='grc' dir='ltr'>νῶν</span> <span class='ocrx_word' id='word_1_201' title='bbox 210 2720 667 2782; x_wconf 76' lang='grc' dir='ltr'>δυσδιεξόδευτος.</span> <span class='ocrx_word' id='word_1_202' title='bbox 722 2720 819 2771; x_wconf 80' lang='grc' dir='ltr'>Ἐν</span> <span class='ocrx_word' id='word_1_203' title='bbox 878 2720 1324 2784; x_wconf 81' lang='grc' dir='ltr'>στενοχωρίαις.</span> <span class='ocrx_word' id='word_1_204' title='bbox 1367 2719 1524 2771; x_wconf 87' lang='grc' dir='ltr'>Ἤτοι</span> <span class='ocrx_word' id='word_1_205' title='bbox 1557 2723 1677 2782; x_wconf 82' lang='grc' dir='ltr'>ταῖς</span> 
     </span>
    </p>
   </div>
   <div class='ocr_carea' id='block_1_29' title="bbox 51 2808 1678 2880">
    <p class='ocr_par' dir='ltr' id='par_1_29' title="bbox 51 2808 1678 2880">
     <span class='ocr_line' id='line_1_29' title="bbox 51 2808 1678 2880; baseline -0.002 -13"><span class='ocrx_word' id='word_1_206' title='bbox 51 2814 163 2867; x_wconf 77' lang='grc' dir='ltr'>τοῦ</span> <span class='ocrx_word' id='word_1_207' title='bbox 227 2811 396 2880; x_wconf 85' lang='grc' dir='ltr'>λιμοῦ</span> <span class='ocrx_word' id='word_1_208' title='bbox 427 2827 584 2879; x_wconf 87' lang='grc' dir='ltr'>φησι,</span> <span class='ocrx_word' id='word_1_209' title='bbox 629 2811 724 2862; x_wconf 78' lang='grc' dir='ltr'>καὶ</span> <span class='ocrx_word' id='word_1_210' title='bbox 752 2812 872 2871; x_wconf 87' lang='grc' dir='ltr'>ταῖς</span> <span class='ocrx_word' id='word_1_211' title='bbox 904 2810 1016 2860; x_wconf 87' lang='grc' dir='ltr'>τῶν</span> <span class='ocrx_word' id='word_1_212' title='bbox 1045 2808 1224 2860; x_wconf 76' lang='grc' dir='ltr'>ἄλλων</span> <span class='ocrx_word' id='word_1_213' title='bbox 1271 2811 1614 2876; x_wconf 78' lang='grc' dir='ltr'>ἀναγκαίων·</span> <span class='ocrx_word' id='word_1_214' title='bbox 1643 2811 1678 2879; x_wconf 75' lang='grc' dir='ltr'>ἦ</span> 
     </span>
    </p>
   </div>
   <div class='ocr_carea' id='block_1_30' title="bbox 53 2897 1678 2967">
    <p class='ocr_par' dir='ltr' id='par_1_30' title="bbox 53 2897 1678 2967">
     <span class='ocr_line' id='line_1_30' title="bbox 53 2897 1678 2967; baseline -0.003 -12"><span class='ocrx_word' id='word_1_215' title='bbox 53 2904 159 2955; x_wconf 78' lang='grc' dir='ltr'>καὶ</span> <span class='ocrx_word' id='word_1_216' title='bbox 190 2899 392 2962; x_wconf 86' lang='grc' dir='ltr'>ἁπλῶς</span> <span class='ocrx_word' id='word_1_217' title='bbox 412 2902 532 2962; x_wconf 87' lang='grc' dir='ltr'>ταῖς</span> <span class='ocrx_word' id='word_1_218' title='bbox 598 2897 708 2949; x_wconf 92' lang='grc' dir='ltr'>τῶν</span> <span class='ocrx_word' id='word_1_219' title='bbox 759 2897 1106 2967; x_wconf 81' lang='grc' dir='ltr'>πειρασμῶν.</span> <span class='ocrx_word' id='word_1_220' title='bbox 1151 2899 1247 2949; x_wconf 81' lang='grc' dir='ltr'>Ἑν</span> <span class='ocrx_word' id='word_1_221' title='bbox 1292 2900 1584 2966; x_wconf 71' lang='grc' dir='ltr'>πληγαῖς,</span> <span class='ocrx_word' id='word_1_222' title='bbox 1609 2901 1678 2950; x_wconf 68' lang='grc' dir='ltr'>ἐν</span> 
     </span>
    </p>
   </div>
   <div class='ocr_carea' id='block_1_31' title="bbox 51 2988 1674 3061">
    <p class='ocr_par' dir='ltr' id='par_1_31' title="bbox 51 2988 1674 3061">
     <span class='ocr_line' id='line_1_31' title="bbox 51 2988 1674 3061; baseline -0.004 -17"><span class='ocrx_word' id='word_1_223' title='bbox 51 2990 417 3061; x_wconf 55' lang='grc' dir='ltr'>φυλακαῖς,</span> <span class='ocrx_word' id='word_1_224' title='bbox 451 2989 519 3040; x_wconf 79' lang='grc' dir='ltr'>ἐν·</span> <span class='ocrx_word' id='word_1_225' title='bbox 542 2988 1040 3053; x_wconf 69' lang='grc' dir='ltr'>ἀκαταστασίαις.</span> <span class='ocrx_word' id='word_1_226' title='bbox 1082 2988 1274 3040; x_wconf 77' lang='grc' dir='ltr'>Καίτοι</span> <span class='ocrx_word' id='word_1_227' title='bbox 1326 2989 1533 3040; x_wconf 88' lang='grc' dir='ltr'>τούτων</span> <span class='ocrx_word' id='word_1_228' title='bbox 1556 2989 1674 3039; x_wconf 78' lang='grc' dir='ltr'>καθ’</span> 
     </span>
    </p>
   </div>
   <div class='ocr_carea' id='block_1_32' title="bbox 53 3074 1674 3150">
    <p class='ocr_par' dir='ltr' id='par_1_32' title="bbox 53 3074 1674 3150">
     <span class='ocr_line' id='line_1_32' title="bbox 53 3074 1674 3150; baseline -0.005 -13"><span class='ocrx_word' id='word_1_229' title='bbox 53 3084 242 3137; x_wconf 81' lang='grc' dir='ltr'>ἑαυτὸ</span> <span class='ocrx_word' id='word_1_230' title='bbox 264 3083 499 3135; x_wconf 71' lang='grc' dir='ltr'>ἕκαστον</span> <span class='ocrx_word' id='word_1_231' title='bbox 521 3080 796 3150; x_wconf 80' lang='grc' dir='ltr'>ἀφόρητον</span> <span class='ocrx_word' id='word_1_232' title='bbox 812 3074 902 3150; x_wconf 80' lang='grc' dir='ltr'>ἦν,</span> <span class='ocrx_word' id='word_1_233' title='bbox 918 3080 1014 3132; x_wconf 80' lang='grc' dir='ltr'>καί</span> <span class='ocrx_word' id='word_1_234' title='bbox 1036 3079 1094 3131; x_wconf 72' lang='grc' dir='ltr'>τὸ</span> <span class='ocrx_word' id='word_1_235' title='bbox 1116 3079 1473 3149; x_wconf 74' lang='grc' dir='ltr'>μαστίζεσθαι</span> <span class='ocrx_word' id='word_1_236' title='bbox 1496 3083 1674 3143; x_wconf 80' lang='grc' dir='ltr'>μόνον,</span> 
     </span>
    </p>
   </div>
   <div class='ocr_carea' id='block_1_33' title="bbox 51 3169 1677 3241">
    <p class='ocr_par' dir='ltr' id='par_1_33' title="bbox 51 3169 1677 3241">
     <span class='ocr_line' id='line_1_33' title="bbox 51 3169 1677 3241; baseline -0.004 -12"><span class='ocrx_word' id='word_1_237' title='bbox 51 3177 164 3229; x_wconf 78' lang='grc' dir='ltr'>καὶ</span> <span class='ocrx_word' id='word_1_238' title='bbox 231 3174 300 3226; x_wconf 81' lang='grc' dir='ltr'>τὸ</span> <span class='ocrx_word' id='word_1_239' title='bbox 358 3172 602 3224; x_wconf 80' lang='grc' dir='ltr'>δεδέσθαι</span> <span class='ocrx_word' id='word_1_240' title='bbox 645 3170 832 3237; x_wconf 87' lang='grc' dir='ltr'>μόνον,</span> <span class='ocrx_word' id='word_1_241' title='bbox 884 3171 978 3222; x_wconf 75' lang='grc' dir='ltr'>καὶ</span> <span class='ocrx_word' id='word_1_242' title='bbox 1021 3171 1082 3222; x_wconf 85' lang='grc' dir='ltr'>τὸ</span> <span class='ocrx_word' id='word_1_243' title='bbox 1120 3169 1370 3241; x_wconf 80' lang='grc' dir='ltr'>μηδαμοῦ</span> <span class='ocrx_word' id='word_1_244' title='bbox 1417 3170 1677 3224; x_wconf 85' lang='grc' dir='ltr'>δύνασθαι</span> 
     </span>
    </p>
   </div>
   <div class='ocr_carea' id='block_1_34' title="bbox 49 3257 1678 3334">
    <p class='ocr_par' dir='ltr' id='par_1_34' title="bbox 49 3257 1678 3334">
     <span class='ocr_line' id='line_1_34' title="bbox 49 3257 1678 3334; baseline -0.004 -17"><span class='ocrx_word' id='word_1_245' title='bbox 49 3265 277 3334; x_wconf 81' lang='grc' dir='ltr'>στῆναι</span> <span class='ocrx_word' id='word_1_246' title='bbox 301 3257 871 3329; x_wconf 81' lang='grc' dir='ltr'>ἐλαυνόμενον·τοῦτο</span> <span class='ocrx_word' id='word_1_247' title='bbox 921 3259 1030 3327; x_wconf 79' lang='grc' dir='ltr'>γάρ</span> <span class='ocrx_word' id='word_1_248' title='bbox 1083 3259 1251 3322; x_wconf 85' lang='grc' dir='ltr'>ἐστιν,</span> <span class='ocrx_word' id='word_1_249' title='bbox 1315 3258 1418 3309; x_wconf 82' lang='grc' dir='ltr'>Ἐν</span> <span class='ocrx_word' id='word_1_250' title='bbox 1459 3257 1678 3310; x_wconf 82' lang='grc' dir='ltr'>ἀκατα-</span> 
     </span>
    </p>
   </div>
   <div class='ocr_carea' id='block_1_35' title="bbox 46 3347 1678 3421">
    <p class='ocr_par' dir='ltr' id='par_1_35' title="bbox 46 3347 1678 3421">
     <span class='ocr_line' id='line_1_35' title="bbox 46 3347 1678 3421; baseline -0.006 -12"><span class='ocrx_word' id='word_1_251' title='bbox 46 3355 390 3419; x_wconf 82' lang='grc' dir='ltr'>στασίαις·</span> <span class='ocrx_word' id='word_1_252' title='bbox 423 3355 550 3405; x_wconf 81' lang='grc' dir='ltr'>ὅταν</span> <span class='ocrx_word' id='word_1_253' title='bbox 578 3351 634 3404; x_wconf 77' lang='grc' dir='ltr'>δὲ</span> <span class='ocrx_word' id='word_1_254' title='bbox 655 3350 750 3403; x_wconf 69' lang='grc' dir='ltr'>καί⁷</span> <span class='ocrx_word' id='word_1_255' title='bbox 773 3350 972 3411; x_wconf 87' lang='grc' dir='ltr'>πάντα,</span> <span class='ocrx_word' id='word_1_256' title='bbox 1003 3347 1152 3421; x_wconf 70' lang='lat'>[525]</span> <span class='ocrx_word' id='word_1_257' title='bbox 1181 3348 1277 3401; x_wconf 80' lang='grc' dir='ltr'>καὶ</span> <span class='ocrx_word' id='word_1_258' title='bbox 1311 3348 1447 3417; x_wconf 89' lang='grc' dir='ltr'>ὁμοῦ</span> <span class='ocrx_word' id='word_1_259' title='bbox 1501 3349 1678 3401; x_wconf 84' lang='grc' dir='ltr'>πάντα</span> 
     </span>
    </p>
   </div>
   <div class='ocr_carea' id='block_1_36' title="bbox 49 3436 1678 3516">
    <p class='ocr_par' dir='ltr' id='par_1_36' title="bbox 49 3436 1678 3516">
     <span class='ocr_line' id='line_1_36' title="bbox 49 3436 1678 3516; baseline -0.004 -17"><span class='ocrx_word' id='word_1_260' title='bbox 49 3448 234 3516; x_wconf 82' lang='grc' dir='ltr'>ἐπίῃ,</span> <span class='ocrx_word' id='word_1_261' title='bbox 272 3444 531 3509; x_wconf 84' lang='grc' dir='ltr'>ἐννόησον</span> <span class='ocrx_word' id='word_1_262' title='bbox 561 3443 758 3511; x_wconf 75' lang='grc' dir='ltr'>ἡλίκης</span> <span class='ocrx_word' id='word_1_263' title='bbox 779 3443 958 3494; x_wconf 83' lang='grc' dir='ltr'>δεῖται</span> <span class='ocrx_word' id='word_1_264' title='bbox 989 3441 1190 3511; x_wconf 73' lang='grc' dir='ltr'>ψυχῆς.</span> <span class='ocrx_word' id='word_1_265' title='bbox 1229 3436 1363 3493; x_wconf 77' lang='grc' dir='ltr'>Εἶτα</span> <span class='ocrx_word' id='word_1_266' title='bbox 1403 3442 1541 3510; x_wconf 88' lang='grc' dir='ltr'>μετά</span> <span class='ocrx_word' id='word_1_267' title='bbox 1568 3441 1678 3493; x_wconf 89' lang='grc' dir='ltr'>τῶν</span> 
     </span>
    </p>
   </div>
   <div class='ocr_carea' id='block_1_37' title="bbox 49 3532 1680 3604">
    <p class='ocr_par' dir='ltr' id='par_1_37' title="bbox 49 3532 1680 3604">
     <span class='ocr_line' id='line_1_37' title="bbox 49 3532 1680 3604; baseline -0.005 -12"><span class='ocrx_word' id='word_1_268' title='bbox 49 3537 285 3603; x_wconf 76' lang='grc' dir='ltr'>ἔξωθεν</span> <span class='ocrx_word' id='word_1_269' title='bbox 317 3535 412 3587; x_wconf 74' lang='grc' dir='ltr'>καὶ</span> <span class='ocrx_word' id='word_1_270' title='bbox 438 3533 508 3586; x_wconf 90' lang='grc' dir='ltr'>τά</span> <span class='ocrx_word' id='word_1_271' title='bbox 535 3535 666 3604; x_wconf 80' lang='grc' dir='ltr'>παρ’</span> <span class='ocrx_word' id='word_1_272' title='bbox 689 3532 885 3586; x_wconf 83' lang='grc' dir='ltr'>ἐαυτοῦ</span> <span class='ocrx_word' id='word_1_273' title='bbox 919 3533 1154 3601; x_wconf 85' lang='grc' dir='ltr'>τίθησιν.</span> <span class='ocrx_word' id='word_1_274' title='bbox 1196 3533 1300 3585; x_wconf 78' lang='grc' dir='ltr'><em>Ἐν</em></span> <span class='ocrx_word' id='word_1_275' title='bbox 1341 3532 1574 3599; x_wconf 80' lang='grc' dir='ltr'>κόποις,</span> <span class='ocrx_word' id='word_1_276' title='bbox 1608 3534 1680 3585; x_wconf 80' lang='grc' dir='ltr'>ἐν</span> 
     </span>
    </p>
   </div>
   <div class='ocr_carea' id='block_1_38' title="bbox 53 3622 1676 3698">
    <p class='ocr_par' dir='ltr' id='par_1_38' title="bbox 53 3622 1676 3698">
     <span class='ocr_line' id='line_1_38' title="bbox 53 3622 1676 3698; baseline -0.004 -16"><span class='ocrx_word' id='word_1_277' title='bbox 53 3626 465 3698; x_wconf 73' lang='grc' dir='ltr'>ἀγρυπνίαις,</span> <span class='ocrx_word' id='word_1_278' title='bbox 495 3623 567 3677; x_wconf 79' lang='grc' dir='ltr'>ἐν</span> <span class='ocrx_word' id='word_1_279' title='bbox 593 3624 929 3691; x_wconf 75' lang='grc' dir='ltr'>νηστείαις,</span> <span class='ocrx_word' id='word_1_280' title='bbox 953 3622 1024 3674; x_wconf 73' lang='grc' dir='ltr'>ἐν</span> <span class='ocrx_word' id='word_1_281' title='bbox 1042 3623 1344 3690; x_wconf 73' lang='grc' dir='ltr'>ἁγνότητι.</span> <span class='ocrx_word' id='word_1_282' title='bbox 1405 3623 1502 3676; x_wconf 86' lang='grc' dir='ltr'>Διά</span> <span class='ocrx_word' id='word_1_283' title='bbox 1550 3623 1676 3676; x_wconf 77' lang='grc' dir='ltr'>τού-</span> 
     </span>
    </p>
   </div>
   <div class='ocr_carea' id='block_1_39' title="bbox 49 3712 1678 3786">
    <p class='ocr_par' dir='ltr' id='par_1_39' title="bbox 49 3712 1678 3786">
     <span class='ocr_line' id='line_1_39' title="bbox 49 3712 1678 3786; baseline -0.004 -12"><span class='ocrx_word' id='word_1_284' title='bbox 49 3740 178 3774; x_wconf 87' lang='grc' dir='ltr'>των</span> <span class='ocrx_word' id='word_1_285' title='bbox 215 3721 350 3781; x_wconf 81' lang='grc' dir='ltr'>τοὺς</span> <span class='ocrx_word' id='word_1_286' title='bbox 386 3717 672 3786; x_wconf 81' lang='grc' dir='ltr'>καμάτους</span> <span class='ocrx_word' id='word_1_287' title='bbox 708 3715 1031 3779; x_wconf 82' lang='grc' dir='ltr'>αἰνίττεται,</span> <span class='ocrx_word' id='word_1_288' title='bbox 1079 3712 1174 3775; x_wconf 80' lang='grc' dir='ltr'>οὓς</span> <span class='ocrx_word' id='word_1_289' title='bbox 1223 3713 1397 3783; x_wconf 82' lang='grc' dir='ltr'>εκαμε</span> <span class='ocrx_word' id='word_1_290' title='bbox 1450 3714 1678 3784; x_wconf 87' lang='grc' dir='ltr'>περιιὼν</span> 
     </span>
    </p>
   </div>
   <div class='ocr_carea' id='block_1_40' title="bbox 49 3798 1677 3882">
    <p class='ocr_par' dir='ltr' id='par_1_40' title="bbox 49 3798 1677 3882">
     <span class='ocr_line' id='line_1_40' title="bbox 49 3798 1677 3882; baseline 0.002 -29"><span class='ocrx_word' id='word_1_291' title='bbox 49 3813 162 3866; x_wconf 70' lang='grc' dir='ltr'>καὶ</span> <span class='ocrx_word' id='word_1_292' title='bbox 198 3807 606 3882; x_wconf 67' lang='grc' dir='ltr'>ἐργαζόμενος,</span> <span class='ocrx_word' id='word_1_293' title='bbox 635 3805 737 3868; x_wconf 81' lang='grc' dir='ltr'>τὰς</span> <span class='ocrx_word' id='word_1_294' title='bbox 757 3803 960 3866; x_wconf 86' lang='grc' dir='ltr'>νύκτας</span> <span class='ocrx_word' id='word_1_295' title='bbox 985 3805 1046 3856; x_wconf 87' lang='grc' dir='ltr'>ἐν</span> <span class='ocrx_word' id='word_1_296' title='bbox 1073 3798 1161 3866; x_wconf 72' lang='grc' dir='ltr'>αἷς</span> <span class='ocrx_word' id='word_1_297' title='bbox 1199 3802 1502 3864; x_wconf 86' lang='grc' dir='ltr'>ἐδίδασκεν,</span> <span class='ocrx_word' id='word_1_298' title='bbox 1526 3801 1559 3873; x_wconf 81' lang='grc' dir='ltr'>ἢ</span> <span class='ocrx_word' id='word_1_299' title='bbox 1594 3805 1677 3857; x_wconf 79' lang='grc' dir='ltr'>ὃτι</span> 
     </span>
    </p>
   </div>
   <div class='ocr_carea' id='block_1_41' title="bbox 49 3899 1676 3973">
    <p class='ocr_par' dir='ltr' id='par_1_41' title="bbox 49 3899 1676 3973">
     <span class='ocr_line' id='line_1_41' title="bbox 49 3899 1676 3973; baseline -0.006 -10"><span class='ocrx_word' id='word_1_300' title='bbox 49 3911 162 3963; x_wconf 74' lang='grc' dir='ltr'>καὶ</span> <span class='ocrx_word' id='word_1_301' title='bbox 193 3909 262 3959; x_wconf 82' lang='grc' dir='ltr'>ὲν</span> <span class='ocrx_word' id='word_1_302' title='bbox 295 3905 492 3968; x_wconf 83' lang='grc' dir='ltr'>αὐταῖς</span> <span class='ocrx_word' id='word_1_303' title='bbox 519 3901 830 3973; x_wconf 77' lang='grc' dir='ltr'>εἰργάζετο.</span> <span class='ocrx_word' id='word_1_304' title='bbox 873 3899 977 3954; x_wconf 78' lang='grc' dir='ltr'>Καὶ</span> <span class='ocrx_word' id='word_1_305' title='bbox 1009 3903 1152 3973; x_wconf 84' lang='grc' dir='ltr'>μετὰ</span> <span class='ocrx_word' id='word_1_306' title='bbox 1179 3899 1676 3954; x_wconf 79' lang='grc' dir='ltr'>τούτων’ἀπάντων</span> 
     </span>
    </p>
   </div>
   <div class='ocr_carea' id='block_1_42' title="bbox 45 3995 1676 4071">
    <p class='ocr_par' dir='ltr' id='par_1_42' title="bbox 45 3995 1676 4071">
     <span class='ocr_line' id='line_1_42' title="bbox 45 3995 1676 4071; baseline -0.007 -11"><span class='ocrx_word' id='word_1_307' title='bbox 45 4005 193 4060; x_wconf 78' lang='grc' dir='ltr'>οὐδὲ</span> <span class='ocrx_word' id='word_1_308' title='bbox 233 4001 334 4056; x_wconf 89' lang='grc' dir='ltr'>τοῦ</span> <span class='ocrx_word' id='word_1_309' title='bbox 356 3999 639 4071; x_wconf 81' lang='grc' dir='ltr'>νηστεύειν</span> <span class='ocrx_word' id='word_1_310' title='bbox 666 3998 880 4068; x_wconf 74' lang='grc' dir='ltr'>ἡμέλει,</span> <span class='ocrx_word' id='word_1_311' title='bbox 912 3996 1091 4051; x_wconf 86' lang='grc' dir='ltr'>καίτοι</span> <span class='ocrx_word' id='word_1_312' title='bbox 1117 4013 1182 4065; x_wconf 91' lang='grc' dir='ltr'>γε</span> <span class='ocrx_word' id='word_1_313' title='bbox 1213 3995 1387 4050; x_wconf 89' lang='grc' dir='ltr'>ταῦτα</span> <span class='ocrx_word' id='word_1_314' title='bbox 1414 3998 1536 4051; x_wconf 78' lang='grc' dir='ltr'>ἀντί</span> <span class='ocrx_word' id='word_1_315' title='bbox 1570 4015 1676 4066; x_wconf 85' lang='grc' dir='ltr'>μυ-</span> 
     </span>
    </p>
   </div>
   <div class='ocr_carea' id='block_1_43' title="bbox 50 4089 1677 4172">
    <p class='ocr_par' dir='ltr' id='par_1_43' title="bbox 50 4089 1677 4172">
     <span class='ocr_line' id='line_1_43' title="bbox 50 4089 1677 4172; baseline -0.007 -20"><span class='ocrx_word' id='word_1_316' title='bbox 50 4100 210 4172; x_wconf 88' lang='grc' dir='ltr'>ρίων</span> <span class='ocrx_word' id='word_1_317' title='bbox 249 4095 416 4164; x_wconf 70' lang='grc' dir='ltr'>ἢρκει</span> <span class='ocrx_word' id='word_1_318' title='bbox 446 4091 734 4162; x_wconf 81' lang='grc' dir='ltr'>νηστειῶν.</span> <span class='ocrx_word' id='word_1_319' title='bbox 784 4089 1090 4159; x_wconf 80' lang='grc' dir='ltr'>Ἀγνότητα</span> <span class='ocrx_word' id='word_1_320' title='bbox 1123 4089 1182 4142; x_wconf 83' lang='grc' dir='ltr'>δὲ</span> <span class='ocrx_word' id='word_1_321' title='bbox 1232 4089 1470 4144; x_wconf 82' lang='grc' dir='ltr'>ἐνταῦθα</span> <span class='ocrx_word' id='word_1_322' title='bbox 1502 4089 1536 4160; x_wconf 83' lang='grc' dir='ltr'>ἢ</span> <span class='ocrx_word' id='word_1_323' title='bbox 1571 4107 1677 4141; x_wconf 70' lang='grc' dir='ltr'>σωο</span> 
     </span>
    </p>
   </div>
   <div class='ocr_carea' id='block_1_44' title="bbox 45 4180 1676 4262">
    <p class='ocr_par' dir='ltr' id='par_1_44' title="bbox 45 4180 1676 4262">
     <span class='ocr_line' id='line_1_44' title="bbox 45 4180 1676 4262; baseline -0.006 -22"><span class='ocrx_word' id='word_1_324' title='bbox 45 4186 364 4262; x_wconf 82' lang='grc' dir='ltr'>φροσύνην</span> <span class='ocrx_word' id='word_1_325' title='bbox 386 4184 569 4244; x_wconf 81' lang='grc' dir='ltr'>πάλιν,</span> <span class='ocrx_word' id='word_1_326' title='bbox 615 4183 649 4252; x_wconf 79' lang='grc' dir='ltr'><strong>ἢ</strong></span> <span class='ocrx_word' id='word_1_327' title='bbox 705 4183 804 4249; x_wconf 82' lang='grc' dir='ltr'>τὴν</span> <span class='ocrx_word' id='word_1_328' title='bbox 830 4184 889 4234; x_wconf 79' lang='grc' dir='ltr'>ἐν</span> <span class='ocrx_word' id='word_1_329' title='bbox 919 4183 1090 4235; x_wconf 83' lang='grc' dir='ltr'>ἆπασι</span> <span class='ocrx_word' id='word_1_330' title='bbox 1142 4181 1512 4252; x_wconf 85' lang='grc' dir='ltr'>καθαρότητα,</span> <span class='ocrx_word' id='word_1_331' title='bbox 1552 4181 1583 4250; x_wconf 80' lang='grc' dir='ltr'>ἢ</span> <span class='ocrx_word' id='word_1_332' title='bbox 1614 4180 1676 4232; x_wconf 80' lang='grc' dir='ltr'>τὸ</span> 
     </span>
    </p>
   </div>
   <div class='ocr_carea' id='block_1_45' title="bbox 44 4272 1674 4350">
    <p class='ocr_par' dir='ltr' id='par_1_45' title="bbox 44 4272 1674 4350">
     <span class='ocr_line' id='line_1_45' title="bbox 44 4272 1674 4350; baseline -0.007 -16"><span class='ocrx_word' id='word_1_333' title='bbox 44 4278 514 4350; x_wconf 78' lang='grc' dir='ltr'>ἀδωροδόκητον,</span> <span class='ocrx_word' id='word_1_334' title='bbox 548 4274 582 4343; x_wconf 76' lang='grc' dir='ltr'>ἦ</span> <span class='ocrx_word' id='word_1_335' title='bbox 613 4275 707 4325; x_wconf 68' lang='grc' dir='ltr'>καὶ</span> <span class='ocrx_word' id='word_1_336' title='bbox 732 4273 793 4324; x_wconf 83' lang='grc' dir='ltr'>τὸ</span> <span class='ocrx_word' id='word_1_337' title='bbox 819 4273 1030 4340; x_wconf 85' lang='grc' dir='ltr'>δωρεὰν</span> <span class='ocrx_word' id='word_1_338' title='bbox 1044 4273 1106 4324; x_wconf 86' lang='grc' dir='ltr'>τὸ</span> <span class='ocrx_word' id='word_1_339' title='bbox 1126 4272 1445 4340; x_wconf 79' lang='grc' dir='ltr'>εὐαγγέλιον</span> <span class='ocrx_word' id='word_1_340' title='bbox 1471 4273 1674 4340; x_wconf 82' lang='grc' dir='ltr'>κηρύτο</span> 
     </span>
    </p>
   </div>
   <div class='ocr_carea' id='block_1_46' title="bbox 40 4359 1675 4434">
    <p class='ocr_par' dir='ltr' id='par_1_46' title="bbox 40 4359 1675 4434">
     <span class='ocr_line' id='line_1_46' title="bbox 40 4359 1675 4434; baseline -0.01 -7"><span class='ocrx_word' id='word_1_341' title='bbox 40 4390 205 4427; x_wconf 85' lang='grc' dir='ltr'>τειν.</span> <span class='ocrx_word' id='word_1_342' title='bbox 259 4369 367 4423; x_wconf 79' lang='grc' dir='ltr'><em>Ἐν</em></span> <span class='ocrx_word' id='word_1_343' title='bbox 388 4364 626 4434; x_wconf 69' lang='grc' dir='ltr'>γνώσει.</span> <span class='ocrx_word' id='word_1_344' title='bbox 651 4362 716 4416; x_wconf 91' lang='grc' dir='ltr'>Τί</span> <span class='ocrx_word' id='word_1_345' title='bbox 739 4364 910 4424; x_wconf 83' lang='grc' dir='ltr'>ἐστιν,</span> <span class='ocrx_word' id='word_1_346' title='bbox 958 4363 1062 4414; x_wconf 82' lang='grc' dir='ltr'>Ἐν</span> <span class='ocrx_word' id='word_1_347' title='bbox 1092 4360 1348 4429; x_wconf 58' lang='lat' dir='ltr'>Wst;</span> <span class='ocrx_word' id='word_1_348' title='bbox 1387 4361 1474 4412; x_wconf 88' lang='grc' dir='ltr'>Ἐν</span> <span class='ocrx_word' id='word_1_349' title='bbox 1512 4359 1675 4428; x_wconf 73' lang='grc' dir='ltr'>σοφία</span> 
     </span>
    </p>
   </div>
   <div class='ocr_carea' id='block_1_47' title="bbox 43 4450 1671 4532">
    <p class='ocr_par' dir='ltr' id='par_1_47' title="bbox 43 4450 1671 4532">
     <span class='ocr_line' id='line_1_47' title="bbox 43 4450 1671 4532; baseline 0.001 -23"><span class='ocrx_word' id='word_1_350' title='bbox 43 4466 120 4532; x_wconf 70' lang='grc' dir='ltr'>τῇ</span> <span class='ocrx_word' id='word_1_351' title='bbox 151 4456 329 4527; x_wconf 81' lang='grc' dir='ltr'>παρά</span> <span class='ocrx_word' id='word_1_352' title='bbox 356 4453 453 4507; x_wconf 88' lang='grc' dir='ltr'>τοῦ</span> <span class='ocrx_word' id='word_1_353' title='bbox 474 4453 612 4506; x_wconf 84' lang='grc' dir='ltr'>Θεοῦ</span> <span class='ocrx_word' id='word_1_354' title='bbox 646 4451 932 4523; x_wconf 75' lang='grc' dir='ltr'>δεδομένῃ.</span> <span class='ocrx_word' id='word_1_355' title='bbox 983 4453 1050 4520; x_wconf 82' lang='grc' dir='ltr'>τῇ</span> <span class='ocrx_word' id='word_1_356' title='bbox 1099 4450 1270 4513; x_wconf 71' lang='grc' dir='ltr'>ὅντως</span> <span class='ocrx_word' id='word_1_357' title='bbox 1327 4451 1550 4518; x_wconf 86' lang='grc' dir='ltr'>γνώσει·</span> <span class='ocrx_word' id='word_1_358' title='bbox 1610 4451 1671 4502; x_wconf 79' lang='grc' dir='ltr'>οὐ</span> 
     </span>
    </p>
   </div>
   <div class='ocr_carea' id='block_1_48' title="bbox 43 4535 1670 4616">
    <p class='ocr_par' dir='ltr' id='par_1_48' title="bbox 43 4535 1670 4616">
     <span class='ocr_line' id='line_1_48' title="bbox 43 4535 1670 4616; baseline -0.006 -11"><span class='ocrx_word' id='word_1_359' title='bbox 43 4552 340 4616; x_wconf 82' lang='grc' dir='ltr'>καθάπερ</span> <span class='ocrx_word' id='word_1_360' title='bbox 365 4545 642 4599; x_wconf 83' lang='grc' dir='ltr'>ἐκείνοιοί</span> <span class='ocrx_word' id='word_1_361' title='bbox 692 4543 978 4605; x_wconf 88' lang='grc' dir='ltr'>δοκοῦντες</span> <span class='ocrx_word' id='word_1_362' title='bbox 1043 4535 1183 4593; x_wconf 81' lang='grc' dir='ltr'>εἶναι</span> <span class='ocrx_word' id='word_1_363' title='bbox 1236 4541 1412 4609; x_wconf 76' lang='grc' dir='ltr'>σοφοὶ,</span> <span class='ocrx_word' id='word_1_364' title='bbox 1463 4543 1555 4594; x_wconf 75' lang='grc' dir='ltr'>καὶ</span> <span class='ocrx_word' id='word_1_365' title='bbox 1604 4545 1670 4614; x_wconf 80' lang='grc' dir='ltr'>τῇ</span> 
     </span>
    </p>
   </div>
   <div class='ocr_carea' id='block_1_49' title="bbox 43 4630 1674 4709">
    <p class='ocr_par' dir='ltr' id='par_1_49' title="bbox 43 4630 1674 4709">
     <span class='ocr_line' id='line_1_49' title="bbox 43 4630 1674 4709; baseline -0.006 -14"><span class='ocrx_word' id='word_1_366' title='bbox 43 4639 281 4709; x_wconf 68' lang='grc' dir='ltr'>ἔξωθεν</span> <span class='ocrx_word' id='word_1_367' title='bbox 312 4633 1029 4706; x_wconf 75' lang='grc' dir='ltr'>παιδεύσεικομπάζοντες,</span> <span class='ocrx_word' id='word_1_368' title='bbox 1061 4630 1234 4702; x_wconf 80' lang='grc' dir='ltr'>ταύτῃ</span> <span class='ocrx_word' id='word_1_369' title='bbox 1257 4631 1314 4683; x_wconf 85' lang='grc' dir='ltr'>δέ</span> <span class='ocrx_word' id='word_1_370' title='bbox 1344 4630 1674 4704; x_wconf 84' lang='grc' dir='ltr'>ἐλαττούμε-</span> 
     </span>
    </p>
   </div>
   <div class='ocr_carea' id='block_1_50' title="bbox 43 4724 1674 4800">
    <p class='ocr_par' dir='ltr' id='par_1_50' title="bbox 43 4724 1674 4800">
     <span class='ocr_line' id='line_1_50' title="bbox 43 4724 1674 4800; baseline -0.004 -12"><span class='ocrx_word' id='word_1_371' title='bbox 43 4754 161 4789; x_wconf 80' lang='grc' dir='ltr'>νοι.</span> <span class='ocrx_word' id='word_1_372' title='bbox 224 4733 338 4784; x_wconf 78' lang='grc' dir='ltr'>Ἐν</span> <span class='ocrx_word' id='word_1_373' title='bbox 381 4729 787 4800; x_wconf 81' lang='grc' dir='ltr'>μακροθυμίᾳ.</span> <span class='ocrx_word' id='word_1_374' title='bbox 826 4727 896 4779; x_wconf 76' lang='grc' dir='ltr'>ἐν</span> <span class='ocrx_word' id='word_1_375' title='bbox 951 4724 1349 4794; x_wconf 79' lang='grc' dir='ltr'>χρηστότητι.</span> <span class='ocrx_word' id='word_1_376' title='bbox 1383 4724 1526 4779; x_wconf 80' lang='grc' dir='ltr'>[ιολύ</span> <span class='ocrx_word' id='word_1_377' title='bbox 1563 4726 1674 4799; x_wconf 82' lang='grc' dir='ltr'>γὰρ</span> 
     </span>
    </p>
   </div>
   <div class='ocr_carea' id='block_1_51' title="bbox 43 4815 1676 4892">
    <p class='ocr_par' dir='ltr' id='par_1_51' title="bbox 43 4815 1676 4892">
     <span class='ocr_line' id='line_1_51' title="bbox 43 4815 1676 4892; baseline -0.01 -9"><span class='ocrx_word' id='word_1_378' title='bbox 43 4829 153 4883; x_wconf 79' lang='grc' dir='ltr'>καὶ</span> <span class='ocrx_word' id='word_1_379' title='bbox 185 4822 381 4878; x_wconf 82' lang='grc' dir='ltr'>ταῦτα</span> <span class='ocrx_word' id='word_1_380' title='bbox 399 4822 655 4892; x_wconf 87' lang='grc' dir='ltr'>γενναίας</span> <span class='ocrx_word' id='word_1_381' title='bbox 679 4815 749 4891; x_wconf 78' lang='grc' dir='ltr'>ἦν</span> <span class='ocrx_word' id='word_1_382' title='bbox 779 4817 980 4888; x_wconf 78' lang='grc' dir='ltr'>ψυχῆς.</span> <span class='ocrx_word' id='word_1_383' title='bbox 1012 4816 1073 4868; x_wconf 86' lang='grc' dir='ltr'>τὸ</span> <span class='ocrx_word' id='word_1_384' title='bbox 1117 4815 1385 4869; x_wconf 81' lang='grc' dir='ltr'>πάντοθεν</span> <span class='ocrx_word' id='word_1_385' title='bbox 1435 4817 1676 4885; x_wconf 79' lang='grc' dir='ltr'>παροξυ-</span> 
     </span>
    </p>
   </div>
   <div class='ocr_carea' id='block_1_52' title="bbox 41 4905 1673 4989">
    <p class='ocr_par' dir='ltr' id='par_1_52' title="bbox 41 4905 1673 4989">
     <span class='ocr_line' id='line_1_52' title="bbox 41 4905 1673 4989; baseline -0.007 -18"><span class='ocrx_word' id='word_1_386' title='bbox 41 4920 306 4989; x_wconf 80' lang='grc' dir='ltr'>νόμενον</span> <span class='ocrx_word' id='word_1_387' title='bbox 328 4913 424 4966; x_wconf 74' lang='grc' dir='ltr'>καὶ</span> <span class='ocrx_word' id='word_1_388' title='bbox 439 4911 822 4982; x_wconf 81' lang='grc' dir='ltr'>κεντούμενον,</span> <span class='ocrx_word' id='word_1_389' title='bbox 840 4905 1210 4979; x_wconf 79' lang='grc' dir='ltr'>μακροθύμως</span> <span class='ocrx_word' id='word_1_390' title='bbox 1225 4906 1442 4961; x_wconf 70' lang='grc' dir='ltr'>ἃπαντα</span> <span class='ocrx_word' id='word_1_391' title='bbox 1464 4909 1673 4980; x_wconf 80' lang='grc' dir='ltr'>φέρειν,</span> 
     </span>
    </p>
   </div>
   <div class='ocr_carea' id='block_1_53' title="bbox 44 5000 1674 5070">
    <p class='ocr_par' dir='ltr' id='par_1_53' title="bbox 44 5000 1674 5070">
     <span class='ocr_line' id='line_1_53' title="bbox 44 5000 1674 5070; baseline -0.02 -3"><span class='ocrx_word' id='word_1_392' title='bbox 44 5012 204 5067; x_wconf 74' lang='grc' dir='ltr'>Εἶτα.</span> <span class='ocrx_word' id='word_1_393' title='bbox 231 5006 456 5065; x_wconf 83' lang='grc' dir='ltr'>δεικνὺς</span> <span class='ocrx_word' id='word_1_394' title='bbox 483 5004 646 5057; x_wconf 87' lang='grc' dir='ltr'>πόθεν</span> <span class='ocrx_word' id='word_1_395' title='bbox 666 5003 905 5064; x_wconf 86' lang='grc' dir='ltr'>τοιοῦτος</span> <span class='ocrx_word' id='word_1_396' title='bbox 949 5000 1196 5067; x_wconf 81' lang='grc' dir='ltr'>γέγονεν,</span> <span class='ocrx_word' id='word_1_397' title='bbox 1227 5000 1527 5070; x_wconf 62' lang='grc' dir='ltr'>ἐπήγαγεν.</span> <span class='ocrx_word' id='word_1_398' title='bbox 1573 5003 1674 5054; x_wconf 66' lang='grc' dir='ltr'>Ἑν</span> 
     </span>
    </p>
   </div>
   <div class='ocr_carea' id='block_1_54' title="bbox 45 5090 1670 5167">
    <p class='ocr_par' dir='ltr' id='par_1_54' title="bbox 45 5090 1670 5167">
     <span class='ocr_line' id='line_1_54' title="bbox 45 5090 1670 5167; baseline -0.009 -9"><span class='ocrx_word' id='word_1_399' title='bbox 45 5101 382 5167; x_wconf 72' lang='grc' dir='ltr'>Πγεύμαΐι</span> <span class='ocrx_word' id='word_1_400' title='bbox 416 5094 581 5162; x_wconf 80' lang='grc' dir='ltr'>ἁγίῳ.</span> <span class='ocrx_word' id='word_1_401' title='bbox 627 5095 714 5146; x_wconf 81' lang='grc' dir='ltr'>Ἐν</span> <span class='ocrx_word' id='word_1_402' title='bbox 739 5092 888 5163; x_wconf 89' lang='grc' dir='ltr'>αὐτῷ</span> <span class='ocrx_word' id='word_1_403' title='bbox 911 5092 1020 5160; x_wconf 81' lang='grc' dir='ltr'>γάρ</span> <span class='ocrx_word' id='word_1_404' title='bbox 1056 5090 1235 5144; x_wconf 82' lang='grc' dir='ltr'>πάντα</span> <span class='ocrx_word' id='word_1_405' title='bbox 1273 5091 1445 5144; x_wconf 88' lang='grc' dir='ltr'>ταῦτα</span> <span class='ocrx_word' id='word_1_406' title='bbox 1469 5111 1670 5163; x_wconf 84' lang='grc' dir='ltr'>κατορ-</span> 
     </span>
    </p>
   </div>
   <div class='ocr_carea' id='block_1_55' title="bbox 41 5183 1674 5259">
    <p class='ocr_par' dir='ltr' id='par_1_55' title="bbox 41 5183 1674 5259">
     <span class='ocr_line' id='line_1_55' title="bbox 41 5183 1674 5259; baseline -0.009 -8"><span class='ocrx_word' id='word_1_407' title='bbox 41 5196 306 5259; x_wconf 86' lang='grc' dir='ltr'>θοῦμεν,</span> <span class='ocrx_word' id='word_1_408' title='bbox 337 5186 524 5255; x_wconf 84' lang='grc' dir='ltr'>φησίν.</span> <span class='ocrx_word' id='word_1_409' title='bbox 564 5185 706 5239; x_wconf 79' lang='grc' dir='ltr'>Ἀλλ’</span> <span class='ocrx_word' id='word_1_410' title='bbox 747 5187 852 5257; x_wconf 84' lang='grc' dir='ltr'>ὅρα</span> <span class='ocrx_word' id='word_1_411' title='bbox 881 5186 1010 5238; x_wconf 87' lang='grc' dir='ltr'>πότε</span> <span class='ocrx_word' id='word_1_412' title='bbox 1037 5183 1137 5253; x_wconf 82' lang='grc' dir='ltr'>τὴν</span> <span class='ocrx_word' id='word_1_413' title='bbox 1168 5185 1321 5255; x_wconf 80' lang='grc' dir='ltr'>παρά</span> <span class='ocrx_word' id='word_1_414' title='bbox 1363 5183 1458 5236; x_wconf 89' lang='grc' dir='ltr'>τοῦ</span> <span class='ocrx_word' id='word_1_415' title='bbox 1499 5186 1674 5237; x_wconf 84' lang='grc' dir='ltr'>Πνεύ-</span> 
     </span>
    </p>
   </div>
   <div class='ocr_carea' id='block_1_56' title="bbox 46 5275 1670 5360">
    <p class='ocr_par' dir='ltr' id='par_1_56' title="bbox 46 5275 1670 5360">
     <span class='ocr_line' id='line_1_56' title="bbox 46 5275 1670 5360; baseline -0.006 -22"><span class='ocrx_word' id='word_1_416' title='bbox 46 5300 249 5360; x_wconf 82' lang='grc' dir='ltr'>ματος</span> <span class='ocrx_word' id='word_1_417' title='bbox 275 5280 442 5349; x_wconf 75' lang='grc' dir='ltr'>ἔθηκε</span> <span class='ocrx_word' id='word_1_418' title='bbox 475 5277 568 5330; x_wconf 90' lang='grc' dir='ltr'>τοῦ</span> <span class='ocrx_word' id='word_1_419' title='bbox 595 5278 748 5347; x_wconf 84' lang='grc' dir='ltr'>ἁγίου</span> <span class='ocrx_word' id='word_1_420' title='bbox 785 5277 1058 5348; x_wconf 72' lang='grc' dir='ltr'>βοήθειανσ</span> <span class='ocrx_word' id='word_1_421' title='bbox 1094 5277 1182 5329; x_wconf 86' lang='grc' dir='ltr'>ὅτε</span> <span class='ocrx_word' id='word_1_422' title='bbox 1202 5276 1271 5328; x_wconf 87' lang='grc' dir='ltr'>τὰ</span> <span class='ocrx_word' id='word_1_423' title='bbox 1317 5277 1444 5344; x_wconf 87' lang='grc' dir='ltr'>παρ’</span> <span class='ocrx_word' id='word_1_424' title='bbox 1479 5275 1670 5328; x_wconf 81' lang='grc' dir='ltr'>ἑαυτοῦ</span> 
     </span>
    </p>
   </div>
   <div class='ocr_carea' id='block_1_57' title="bbox 41 5367 1672 5440">
    <p class='ocr_par' dir='ltr' id='par_1_57' title="bbox 41 5367 1672 5440">
     <span class='ocr_line' id='line_1_57' title="bbox 41 5367 1672 5440; baseline -0.006 -9"><span class='ocrx_word' id='word_1_425' title='bbox 41 5373 420 5439; x_wconf 58' lang='grc' dir='ltr'>ἀπεδείξατο.</span> <span class='ocrx_word' id='word_1_426' title='bbox 465 5371 619 5440; x_wconf 84' lang='grc' dir='ltr'>Ἐμοὶ</span> <span class='ocrx_word' id='word_1_427' title='bbox 674 5370 731 5423; x_wconf 79' lang='grc' dir='ltr'>δὲ</span> <span class='ocrx_word' id='word_1_428' title='bbox 775 5369 1044 5423; x_wconf 76' lang='grc' dir='ltr'>δοκεῖκαὶ</span> <span class='ocrx_word' id='word_1_429' title='bbox 1094 5367 1284 5438; x_wconf 75' lang='grc' dir='ltr'>ἕτερον</span> <span class='ocrx_word' id='word_1_430' title='bbox 1347 5367 1530 5433; x_wconf 88' lang='grc' dir='ltr'>λέγειν</span> <span class='ocrx_word' id='word_1_431' title='bbox 1582 5368 1672 5422; x_wconf 84' lang='grc' dir='ltr'>διὰ</span> 
     </span>
    </p>
   </div>
   <div class='ocr_carea' id='block_1_58' title="bbox 43 5455 1673 5528">
    <p class='ocr_par' dir='ltr' id='par_1_58' title="bbox 43 5455 1673 5528">
     <span class='ocr_line' id='line_1_58' title="bbox 43 5455 1673 5528; baseline -0.012 -1"><span class='ocrx_word' id='word_1_432' title='bbox 43 5473 291 5527; x_wconf 86' lang='grc' dir='ltr'>τούτου.</span> <span class='ocrx_word' id='word_1_433' title='bbox 323 5462 484 5514; x_wconf 81' lang='grc' dir='ltr'>Ποῖον</span> <span class='ocrx_word' id='word_1_434' title='bbox 518 5459 582 5528; x_wconf 84' lang='grc' dir='ltr'>δὴ</span> <span class='ocrx_word' id='word_1_435' title='bbox 606 5457 803 5523; x_wconf 88' lang='grc' dir='ltr'>τοῦτο;</span> <span class='ocrx_word' id='word_1_436' title='bbox 837 5461 961 5512; x_wconf 74' lang='grc' dir='ltr'>Ὀτι</span> <span class='ocrx_word' id='word_1_437' title='bbox 990 5458 1085 5510; x_wconf 80' lang='grc' dir='ltr'>καὶ</span> <span class='ocrx_word' id='word_1_438' title='bbox 1118 5455 1438 5524; x_wconf 86' lang='grc' dir='ltr'>Πνεύματος</span> <span class='ocrx_word' id='word_1_439' title='bbox 1473 5455 1673 5508; x_wconf 84' lang='grc' dir='ltr'>πολλοῦ</span> 
     </span>
    </p>
   </div>
   <div class='ocr_carea' id='block_1_59' title="bbox 43 5545 1672 5628">
    <p class='ocr_par' dir='ltr' id='par_1_59' title="bbox 43 5545 1672 5628">
     <span class='ocr_line' id='line_1_59' title="bbox 43 5545 1672 5628; baseline -0.012 -9"><span class='ocrx_word' id='word_1_440' title='bbox 43 5551 514 5628; x_wconf 83' lang='grc' dir='ltr'>πεπληρώμεθα.</span> <span class='ocrx_word' id='word_1_441' title='bbox 557 5549 654 5602; x_wconf 71' lang='grc' dir='ltr'>καὶ</span> <span class='ocrx_word' id='word_1_442' title='bbox 702 5550 1100 5619; x_wconf 83' lang='grc' dir='ltr'>ἀποδείκνυμεν</span> <span class='ocrx_word' id='word_1_443' title='bbox 1153 5548 1247 5600; x_wconf 77' lang='grc' dir='ltr'>καὶ</span> <span class='ocrx_word' id='word_1_444' title='bbox 1299 5545 1550 5598; x_wconf 81' lang='grc' dir='ltr'>ἐντεῦθεν</span> <span class='ocrx_word' id='word_1_445' title='bbox 1572 5547 1672 5618; x_wconf 76' lang='grc' dir='ltr'>τὴν</span> 
     </span>
    </p>
   </div>
   <div class='ocr_carea' id='block_1_60' title="bbox 45 5638 1671 5716">
    <p class='ocr_par' dir='ltr' id='par_1_60' title="bbox 45 5638 1671 5716">
     <span class='ocr_line' id='line_1_60' title="bbox 45 5638 1671 5716; baseline -0.009 -12"><span class='ocrx_word' id='word_1_446' title='bbox 45 5644 406 5716; x_wconf 75' lang='grc' dir='ltr'>ἀποστολὴν,</span> <span class='ocrx_word' id='word_1_447' title='bbox 436 5642 546 5696; x_wconf 72' lang='grc' dir='ltr'>ἀπὸ</span> <span class='ocrx_word' id='word_1_448' title='bbox 563 5640 660 5695; x_wconf 89' lang='grc' dir='ltr'>τοῦ</span> <span class='ocrx_word' id='word_1_449' title='bbox 683 5641 1036 5711; x_wconf 84' lang='grc' dir='ltr'>χαρισμάτων</span> <span class='ocrx_word' id='word_1_450' title='bbox 1072 5638 1334 5708; x_wconf 72' lang='grc' dir='ltr'>ἠξιῶσθαι</span> <span class='ocrx_word' id='word_1_451' title='bbox 1369 5654 1671 5707; x_wconf 82' lang='grc' dir='ltr'>πνευματι-</span> 
     </span>
    </p>
   </div>
   <div class='ocr_carea' id='block_1_61' title="bbox 43 5731 1670 5806">
    <p class='ocr_par' dir='ltr' id='par_1_61' title="bbox 43 5731 1670 5806">
     <span class='ocr_line' id='line_1_61' title="bbox 43 5731 1670 5806; baseline -0.012 -3"><span class='ocrx_word' id='word_1_452' title='bbox 43 5750 198 5803; x_wconf 75' lang='grc' dir='ltr'>κῶν.</span> <span class='ocrx_word' id='word_1_453' title='bbox 241 5741 306 5794; x_wconf 74' lang='lat' dir='ltr'>Et</span> <span class='ocrx_word' id='word_1_454' title='bbox 331 5739 439 5806; x_wconf 71' lang='grc' dir='ltr'>γὰρ</span> <span class='ocrx_word' id='word_1_455' title='bbox 467 5735 559 5787; x_wconf 73' lang='grc' dir='ltr'>καὶ</span> <span class='ocrx_word' id='word_1_456' title='bbox 595 5734 753 5804; x_wconf 86' lang='grc' dir='ltr'>χάρις</span> <span class='ocrx_word' id='word_1_457' title='bbox 783 5732 960 5798; x_wconf 82' lang='grc' dir='ltr'>τοῦτο,</span> <span class='ocrx_word' id='word_1_458' title='bbox 988 5732 1123 5786; x_wconf 68' lang='grc' dir='ltr'>ἀλλὰ</span> <span class='ocrx_word' id='word_1_459' title='bbox 1160 5731 1253 5784; x_wconf 80' lang='grc' dir='ltr'>καί</span> <span class='ocrx_word' id='word_1_460' title='bbox 1295 5732 1459 5795; x_wconf 83' lang='grc' dir='ltr'>αὐτὸς</span> <span class='ocrx_word' id='word_1_461' title='bbox 1497 5735 1670 5796; x_wconf 74' lang='grc' dir='ltr'>αἴτιος</span> 
     </span>
    </p>
   </div>
   <div class='ocr_carea' id='block_1_62' title="bbox 1787 435 3380 512">
    <p class='ocr_par' dir='ltr' id='par_1_62' title="bbox 1787 435 3380 512">
     <span class='ocr_line' id='line_1_62' title="bbox 1787 435 3380 512; baseline 0.006 -25"><span class='ocrx_word' id='word_1_462' title='bbox 1787 437 1814 487; x_wconf 81' lang='grc' dir='ltr'>ό</span> <span class='ocrx_word' id='word_1_463' title='bbox 1838 435 1926 488; x_wconf 83' lang='grc' dir='ltr'>διὰ</span> <span class='ocrx_word' id='word_1_464' title='bbox 1949 437 2056 488; x_wconf 90' lang='grc' dir='ltr'>τῶν</span> <span class='ocrx_word' id='word_1_465' title='bbox 2085 437 2530 506; x_wconf 80' lang='grc' dir='ltr'>κατορθωμάτων</span> <span class='ocrx_word' id='word_1_466' title='bbox 2563 438 2788 492; x_wconf 74' lang='grc' dir='ltr'>καὶτῶν</span> <span class='ocrx_word' id='word_1_467' title='bbox 2816 437 3056 509; x_wconf 82' lang='grc' dir='ltr'>ἱδρώτων</span> <span class='ocrx_word' id='word_1_468' title='bbox 3095 439 3191 508; x_wconf 84' lang='grc' dir='ltr'>τὴν</span> <span class='ocrx_word' id='word_1_469' title='bbox 3218 443 3380 512; x_wconf 86' lang='grc' dir='ltr'>χάριν</span> 
     </span>
    </p>
   </div>
   <div class='ocr_carea' id='block_1_63' title="bbox 1788 528 3384 602">
    <p class='ocr_par' dir='ltr' id='par_1_63' title="bbox 1788 528 3384 602">
     <span class='ocr_line' id='line_1_63' title="bbox 1788 528 3384 602; baseline 0.005 -23"><span class='ocrx_word' id='word_1_470' title='bbox 1788 528 2254 598; x_wconf 77' lang='grc' dir='ltr'>ἐπισπασάμενος.</span> <span class='ocrx_word' id='word_1_471' title='bbox 2284 530 2347 582; x_wconf 86' lang='grc' dir='ltr'>Εἰ</span> <span class='ocrx_word' id='word_1_472' title='bbox 2386 529 2442 582; x_wconf 89' lang='grc' dir='ltr'>δέ</span> <span class='ocrx_word' id='word_1_473' title='bbox 2472 547 2556 594; x_wconf 88' lang='grc' dir='ltr'>τις</span> <span class='ocrx_word' id='word_1_474' title='bbox 2582 531 2746 592; x_wconf 82' lang='grc' dir='ltr'>εἴποι,</span> <span class='ocrx_word' id='word_1_475' title='bbox 2779 533 2918 601; x_wconf 81' lang='grc' dir='ltr'>μετά</span> <span class='ocrx_word' id='word_1_476' title='bbox 2942 531 3050 585; x_wconf 91' lang='grc' dir='ltr'>τῶν</span> <span class='ocrx_word' id='word_1_477' title='bbox 3071 533 3384 602; x_wconf 85' lang='grc' dir='ltr'>εἰρημένων</span> 
     </span>
    </p>
   </div>
   <div class='ocr_carea' id='block_1_64' title="bbox 1787 617 3384 695">
    <p class='ocr_par' dir='ltr' id='par_1_64' title="bbox 1787 617 3384 695">
     <span class='ocr_line' id='line_1_64' title="bbox 1787 617 3384 695; baseline 0.004 -25"><span class='ocrx_word' id='word_1_478' title='bbox 1787 617 1950 687; x_wconf 54' lang='grc' dir='ltr'>αὐτὸρ</span> <span class='ocrx_word' id='word_1_479' title='bbox 1975 621 2258 690; x_wconf 82' lang='grc' dir='ltr'>ἐμφαίνειν</span> <span class='ocrx_word' id='word_1_480' title='bbox 2300 621 2361 672; x_wconf 84' lang='grc' dir='ltr'>τὸ</span> <span class='ocrx_word' id='word_1_481' title='bbox 2395 622 2474 673; x_wconf 74' lang='grc' dir='ltr'>ὅτι</span> <span class='ocrx_word' id='word_1_482' title='bbox 2506 621 2598 674; x_wconf 75' lang='grc' dir='ltr'>καὶ</span> <span class='ocrx_word' id='word_1_483' title='bbox 2625 623 2688 673; x_wconf 89' lang='grc' dir='ltr'>ἐν</span> <span class='ocrx_word' id='word_1_484' title='bbox 2714 622 2782 692; x_wconf 82' lang='grc' dir='ltr'>τῇ</span> <span class='ocrx_word' id='word_1_485' title='bbox 2817 623 3004 692; x_wconf 85' lang='grc' dir='ltr'>χάριτι</span> <span class='ocrx_word' id='word_1_486' title='bbox 3037 624 3102 692; x_wconf 80' lang='grc' dir='ltr'>τῇ</span> <span class='ocrx_word' id='word_1_487' title='bbox 3136 640 3384 695; x_wconf 72' lang='grc' dir='ltr'>πνευμα-</span> 
     </span>
    </p>
   </div>
   <div class='ocr_carea' id='block_1_65' title="bbox 1788 706 3385 783">
    <p class='ocr_par' dir='ltr' id='par_1_65' title="bbox 1788 706 3385 783">
     <span class='ocr_line' id='line_1_65' title="bbox 1788 706 3385 783; baseline 0.005 -25"><span class='ocrx_word' id='word_1_488' title='bbox 1788 711 1912 777; x_wconf 82' lang='grc' dir='ltr'>τικῇ</span> <span class='ocrx_word' id='word_1_489' title='bbox 1947 706 2205 778; x_wconf 80' lang='grc' dir='ltr'>οὐδεμίαν</span> <span class='ocrx_word' id='word_1_490' title='bbox 2240 708 2408 761; x_wconf 81' lang='grc' dir='ltr'>ἔδωκε</span> <span class='ocrx_word' id='word_1_491' title='bbox 2432 711 2772 780; x_wconf 75' lang='grc' dir='ltr'>προσκοπήν,</span> <span class='ocrx_word' id='word_1_492' title='bbox 2801 711 2902 763; x_wconf 84' lang='grc' dir='ltr'>οὐκ</span> <span class='ocrx_word' id='word_1_493' title='bbox 2924 711 2991 763; x_wconf 84' lang='grc' dir='ltr'>ἂν</span> <span class='ocrx_word' id='word_1_494' title='bbox 3027 712 3266 782; x_wconf 84' lang='grc' dir='ltr'>ἁμάρτοι</span> <span class='ocrx_word' id='word_1_495' title='bbox 3282 714 3385 783; x_wconf 80' lang='grc' dir='ltr'>τῆς</span> 
     </span>
    </p>
   </div>
   <div class='ocr_carea' id='block_1_66' title="bbox 1789 799 3380 873">
    <p class='ocr_par' dir='ltr' id='par_1_66' title="bbox 1789 799 3380 873">
     <span class='ocr_line' id='line_1_66' title="bbox 1789 799 3380 873; baseline 0.004 -23"><span class='ocrx_word' id='word_1_496' title='bbox 1789 799 2019 860; x_wconf 81' lang='grc' dir='ltr'>ἐννοίας.</span> <span class='ocrx_word' id='word_1_497' title='bbox 2056 800 2172 853; x_wconf 69' lang='grc' dir='ltr'>Καὶ</span> <span class='ocrx_word' id='word_1_498' title='bbox 2211 800 2317 870; x_wconf 85' lang='grc' dir='ltr'>γάρ</span> <span class='ocrx_word' id='word_1_499' title='bbox 2350 801 2517 861; x_wconf 84' lang='grc' dir='ltr'>οίτὰς</span> <span class='ocrx_word' id='word_1_500' title='bbox 2539 801 2789 868; x_wconf 77' lang='grc' dir='ltr'>γλώσσας</span> <span class='ocrx_word' id='word_1_501' title='bbox 2829 800 3085 863; x_wconf 77' lang='grc' dir='ltr'>λαϐόντες</span> <span class='ocrx_word' id='word_1_502' title='bbox 3119 807 3253 873; x_wconf 83' lang='grc' dir='ltr'>παρ’</span> <span class='ocrx_word' id='word_1_503' title='bbox 3281 806 3380 856; x_wconf 90' lang='grc' dir='ltr'>αὐ-</span> 
     </span>
    </p>
   </div>
   <div class='ocr_carea' id='block_1_67' title="bbox 1788 889 3379 965">
    <p class='ocr_par' dir='ltr' id='par_1_67' title="bbox 1788 889 3379 965">
     <span class='ocr_line' id='line_1_67' title="bbox 1788 889 3379 965; baseline 0.006 -26"><span class='ocrx_word' id='word_1_504' title='bbox 1788 890 1924 950; x_wconf 82' lang='grc' dir='ltr'>τοῖς,</span> <span class='ocrx_word' id='word_1_505' title='bbox 1975 891 2068 942; x_wconf 83' lang='grc' dir='ltr'>καὶ</span> <span class='ocrx_word' id='word_1_506' title='bbox 2121 889 2474 960; x_wconf 79' lang='grc' dir='ltr'>ἐπαρθέντες,</span> <span class='ocrx_word' id='word_1_507' title='bbox 2531 892 2933 962; x_wconf 74' lang='grc' dir='ltr'>ἐμωμήθησαν⁸</span> <span class='ocrx_word' id='word_1_508' title='bbox 2987 894 3102 945; x_wconf 76' lang='grc' dir='ltr'>ἐστι</span> <span class='ocrx_word' id='word_1_509' title='bbox 3144 897 3252 965; x_wconf 86' lang='grc' dir='ltr'>γὰρ</span> <span class='ocrx_word' id='word_1_510' title='bbox 3283 897 3379 950; x_wconf 81' lang='grc' dir='ltr'>καὶ</span> 
     </span>
    </p>
   </div>
   <div class='ocr_carea' id='block_1_68' title="bbox 1789 980 3378 1057">
    <p class='ocr_par' dir='ltr' id='par_1_68' title="bbox 1789 980 3378 1057">
     <span class='ocr_line' id='line_1_68' title="bbox 1789 980 3378 1057; baseline 0.006 -26"><span class='ocrx_word' id='word_1_511' title='bbox 1789 980 2036 1049; x_wconf 89' lang='grc' dir='ltr'>χάρισμα</span> <span class='ocrx_word' id='word_1_512' title='bbox 2067 980 2299 1034; x_wconf 84' lang='grc' dir='ltr'>λαϐόντα</span> <span class='ocrx_word' id='word_1_513' title='bbox 2347 983 2739 1051; x_wconf 80' lang='grc' dir='ltr'>πνευματικὸν,</span> <span class='ocrx_word' id='word_1_514' title='bbox 2789 985 2889 1035; x_wconf 75' lang='grc' dir='ltr'>οὐκ</span> <span class='ocrx_word' id='word_1_515' title='bbox 2931 986 3011 1047; x_wconf 91' lang='grc' dir='ltr'>είς</span> <span class='ocrx_word' id='word_1_516' title='bbox 3055 984 3174 1038; x_wconf 85' lang='grc' dir='ltr'>δέον</span> <span class='ocrx_word' id='word_1_517' title='bbox 3225 988 3378 1057; x_wconf 82' lang='grc' dir='ltr'>αὐτῷ</span> 
     </span>
    </p>
   </div>
   <div class='ocr_carea' id='block_1_69' title="bbox 1790 1073 3379 1145">
    <p class='ocr_par' dir='ltr' id='par_1_69' title="bbox 1790 1073 3379 1145">
     <span class='ocr_line' id='line_1_69' title="bbox 1790 1073 3379 1145; baseline 0.006 -22"><span class='ocrx_word' id='word_1_518' title='bbox 1790 1073 2118 1142; x_wconf 86' lang='grc' dir='ltr'>χρήσασθαι.</span> <span class='ocrx_word' id='word_1_519' title='bbox 2161 1073 2300 1125; x_wconf 81' lang='grc' dir='ltr'>Ἀλλ’</span> <span class='ocrx_word' id='word_1_520' title='bbox 2322 1074 2420 1143; x_wconf 89' lang='grc' dir='ltr'>οὐχ</span> <span class='ocrx_word' id='word_1_521' title='bbox 2441 1076 2629 1144; x_wconf 82' lang='grc' dir='ltr'>ἡμεῖς,</span> <span class='ocrx_word' id='word_1_522' title='bbox 2649 1076 2837 1145; x_wconf 75' lang='grc' dir='ltr'>φησὶν,</span> <span class='ocrx_word' id='word_1_523' title='bbox 2859 1076 2996 1128; x_wconf 85' lang='grc' dir='ltr'>ἀλλὰ</span> <span class='ocrx_word' id='word_1_524' title='bbox 3013 1079 3108 1130; x_wconf 79' lang='grc' dir='ltr'>καὶ</span> <span class='ocrx_word' id='word_1_525' title='bbox 3135 1080 3191 1130; x_wconf 88' lang='grc' dir='ltr'>ἐν</span> <span class='ocrx_word' id='word_1_526' title='bbox 3216 1080 3379 1132; x_wconf 86' lang='grc' dir='ltr'>πνεύ-</span> 
     </span>
    </p>
   </div>
   <div class='ocr_carea' id='block_1_70' title="bbox 1791 1165 3378 1246">
    <p class='ocr_par' dir='ltr' id='par_1_70' title="bbox 1791 1165 3378 1246">
     <span class='ocr_line' id='line_1_70' title="bbox 1791 1165 3378 1246; baseline 0.007 -32"><span class='ocrx_word' id='word_1_527' title='bbox 1791 1180 1944 1231; x_wconf 87' lang='grc' dir='ltr'>ματι,</span> <span class='ocrx_word' id='word_1_528' title='bbox 1985 1165 2284 1230; x_wconf 86' lang='grc' dir='ltr'>τουτέστιν,</span> <span class='ocrx_word' id='word_1_529' title='bbox 2314 1167 2494 1217; x_wconf 83' lang='grc' dir='ltr'>καὶέν</span> <span class='ocrx_word' id='word_1_530' title='bbox 2536 1169 2647 1229; x_wconf 84' lang='grc' dir='ltr'>τοῖς</span> <span class='ocrx_word' id='word_1_531' title='bbox 2687 1168 3030 1235; x_wconf 88' lang='grc' dir='ltr'>χαρίσμασιν</span> <span class='ocrx_word' id='word_1_532' title='bbox 3081 1168 3378 1246; x_wconf 56' lang='grc' dir='ltr'>ἀμώμητοι</span> 
     </span>
    </p>
   </div>
   <div class='ocr_carea' id='block_1_71' title="bbox 1787 1253 2914 1323">
    <p class='ocr_par' dir='ltr' id='par_1_71' title="bbox 1787 1253 2914 1323">
     <span class='ocr_line' id='line_1_71' title="bbox 1787 1253 2914 1323; baseline 0.005 -19"><span class='ocrx_word' id='word_1_533' title='bbox 1787 1253 2108 1322; x_wconf 89' lang='grc' dir='ltr'>ἐγενόμεθα.</span> <span class='ocrx_word' id='word_1_534' title='bbox 2156 1255 2256 1307; x_wconf 76' lang='grc' dir='ltr'>Ἐν</span> <span class='ocrx_word' id='word_1_535' title='bbox 2281 1255 2481 1323; x_wconf 78' lang='grc' dir='ltr'>ἀγάπῃ</span> <span class='ocrx_word' id='word_1_536' title='bbox 2509 1257 2914 1323; x_wconf 79' lang='grc' dir='ltr'>ἀνυποκρίτῳ.</span> 
     </span>
    </p>
   </div>
   <div class='ocr_carea' id='block_1_72' title="bbox 1853 1345 3385 1413">
    <p class='ocr_par' dir='ltr' id='par_1_72' title="bbox 1853 1345 3385 1413">
     <span class='ocr_line' id='line_1_72' title="bbox 1853 1345 3385 1413; baseline 0.007 -18"><span class='ocrx_word' id='word_1_537' title='bbox 1853 1351 1922 1412; x_wconf 83' lang='grc' dir='ltr'>γ’.</span> <span class='ocrx_word' id='word_1_538' title='bbox 1945 1345 2117 1398; x_wconf 85' lang='grc' dir='ltr'>Τοῦτο</span> <span class='ocrx_word' id='word_1_539' title='bbox 2135 1346 2352 1398; x_wconf 87' lang='grc' dir='ltr'>πάντων</span> <span class='ocrx_word' id='word_1_540' title='bbox 2376 1345 2548 1399; x_wconf 77' lang='grc' dir='ltr'>αἴτιον</span> <span class='ocrx_word' id='word_1_541' title='bbox 2569 1347 2677 1398; x_wconf 86' lang='grc' dir='ltr'>τῶν</span> <span class='ocrx_word' id='word_1_542' title='bbox 2699 1347 2937 1413; x_wconf 84' lang='grc' dir='ltr'>ἀγαθῶν,</span> <span class='ocrx_word' id='word_1_543' title='bbox 2956 1347 3114 1402; x_wconf 90' lang='grc' dir='ltr'>τοῦτο</span> <span class='ocrx_word' id='word_1_544' title='bbox 3138 1349 3385 1405; x_wconf 86' lang='grc' dir='ltr'>τοιοῦτον</span> 
     </span>
    </p>
   </div>
   <div class='ocr_carea' id='block_1_73' title="bbox 1787 1434 3380 1510">
    <p class='ocr_par' dir='ltr' id='par_1_73' title="bbox 1787 1434 3380 1510">
     <span class='ocr_line' id='line_1_73' title="bbox 1787 1434 3380 1510; baseline 0.005 -24"><span class='ocrx_word' id='word_1_545' title='bbox 1787 1434 1950 1487; x_wconf 81' lang='grc' dir='ltr'>αὐτὸν</span> <span class='ocrx_word' id='word_1_546' title='bbox 1978 1435 2288 1504; x_wconf 74' lang='grc' dir='ltr'>εἰργάζετο,</span> <span class='ocrx_word' id='word_1_547' title='bbox 2321 1438 2482 1488; x_wconf 87' lang='grc' dir='ltr'>τοῦτο</span> <span class='ocrx_word' id='word_1_548' title='bbox 2519 1439 2696 1489; x_wconf 77' lang='grc' dir='ltr'>καὶτὸ</span> <span class='ocrx_word' id='word_1_549' title='bbox 2727 1437 2953 1508; x_wconf 84' lang='grc' dir='ltr'>Πνεῦμα</span> <span class='ocrx_word' id='word_1_550' title='bbox 2985 1440 3170 1510; x_wconf 88' lang='grc' dir='ltr'>μένειν</span> <span class='ocrx_word' id='word_1_551' title='bbox 3199 1441 3380 1494; x_wconf 85' lang='grc' dir='ltr'>ἐποίει</span> 
     </span>
    </p>
   </div>
   <div class='ocr_carea' id='block_1_74' title="bbox 1788 1523 3380 1602">
    <p class='ocr_par' dir='ltr' id='par_1_74' title="bbox 1788 1523 3380 1602">
     <span class='ocr_line' id='line_1_74' title="bbox 1788 1523 3380 1602; baseline 0.005 -24"><span class='ocrx_word' id='word_1_552' title='bbox 1788 1528 1920 1596; x_wconf 86' lang='grc' dir='ltr'>παρ’</span> <span class='ocrx_word' id='word_1_553' title='bbox 1939 1526 2110 1596; x_wconf 84' lang='grc' dir='ltr'>αὐτῷ,</span> <span class='ocrx_word' id='word_1_554' title='bbox 2139 1527 2205 1579; x_wconf 89' lang='grc' dir='ltr'>δι’</span> <span class='ocrx_word' id='word_1_555' title='bbox 2240 1523 2302 1581; x_wconf 84' lang='grc' dir='ltr'>οῦ</span> <span class='ocrx_word' id='word_1_556' title='bbox 2333 1531 2424 1581; x_wconf 70' lang='grc' dir='ltr'>καὶ</span> <span class='ocrx_word' id='word_1_557' title='bbox 2452 1532 2633 1583; x_wconf 85' lang='grc' dir='ltr'>πάντα</span> <span class='ocrx_word' id='word_1_558' title='bbox 2674 1531 2826 1600; x_wconf 84' lang='grc' dir='ltr'>αὐτῷ</span> <span class='ocrx_word' id='word_1_559' title='bbox 2859 1532 3212 1602; x_wconf 84' lang='grc' dir='ltr'>κατωρθοῦτο</span> <span class='ocrx_word' id='word_1_560' title='bbox 3283 1534 3380 1586; x_wconf 79' lang='grc' dir='ltr'><em>Ἐν</em></span> 
     </span>
    </p>
   </div>
   <div class='ocr_carea' id='block_1_75' title="bbox 1785 1618 3378 1698">
    <p class='ocr_par' dir='ltr' id='par_1_75' title="bbox 1785 1618 3378 1698">
     <span class='ocr_line' id='line_1_75' title="bbox 1785 1618 3378 1698; baseline 0.004 -28"><span class='ocrx_word' id='word_1_561' title='bbox 1785 1619 1946 1681; x_wconf 73' lang='grc' dir='ltr'>λόγῳ</span> <span class='ocrx_word' id='word_1_562' title='bbox 1970 1618 2276 1698; x_wconf 50' lang='grc' dir='ltr'>ἀληθείας.</span> <span class='ocrx_word' id='word_1_563' title='bbox 2310 1621 2375 1672; x_wconf 89' lang='grc' dir='ltr'><em>Ὃ</em></span> <span class='ocrx_word' id='word_1_564' title='bbox 2395 1621 2666 1690; x_wconf 83' lang='grc' dir='ltr'>πολλαχοῦ</span> <span class='ocrx_word' id='word_1_565' title='bbox 2689 1622 2860 1688; x_wconf 86' lang='grc' dir='ltr'>λέγει,</span> <span class='ocrx_word' id='word_1_566' title='bbox 2887 1625 2970 1676; x_wconf 86' lang='grc' dir='ltr'>ὅτι</span> <span class='ocrx_word' id='word_1_567' title='bbox 2993 1623 3069 1676; x_wconf 84' lang='grc' dir='ltr'>Οὐ</span> <span class='ocrx_word' id='word_1_568' title='bbox 3097 1623 3378 1688; x_wconf 80' lang='grc' dir='ltr'>δολοῦντες</span> 
     </span>
    </p>
   </div>
   <div class='ocr_carea' id='block_1_76' title="bbox 1785 1711 3379 1783">
    <p class='ocr_par' dir='ltr' id='par_1_76' title="bbox 1785 1711 3379 1783">
     <span class='ocr_line' id='line_1_76' title="bbox 1785 1711 3379 1783; baseline 0.002 -19"><span class='ocrx_word' id='word_1_569' title='bbox 1785 1711 1876 1764; x_wconf 86' lang='grc' dir='ltr'>τὸν</span> <span class='ocrx_word' id='word_1_570' title='bbox 1897 1712 2053 1779; x_wconf 83' lang='grc' dir='ltr'>λόγον</span> <span class='ocrx_word' id='word_1_571' title='bbox 2076 1713 2170 1764; x_wconf 92' lang='grc' dir='ltr'>τοῦ</span> <span class='ocrx_word' id='word_1_572' title='bbox 2186 1713 2343 1776; x_wconf 87' lang='grc' dir='ltr'>Θεοῦ,</span> <span class='ocrx_word' id='word_1_573' title='bbox 2376 1715 2498 1767; x_wconf 85' lang='grc' dir='ltr'>οὐδέ</span> <span class='ocrx_word' id='word_1_574' title='bbox 2521 1713 2836 1776; x_wconf 83' lang='grc' dir='ltr'>νοθεύοντες</span> <span class='ocrx_word' id='word_1_575' title='bbox 2855 1714 3255 1783; x_wconf 87' lang='grc' dir='ltr'>διετελέσαμεν.</span> <span class='ocrx_word' id='word_1_576' title='bbox 3274 1714 3379 1767; x_wconf 75' lang='grc' dir='ltr'><em>Ἕν</em></span> 
     </span>
    </p>
   </div>
   <div class='ocr_carea' id='block_1_77' title="bbox 1785 1800 3380 1872">
    <p class='ocr_par' dir='ltr' id='par_1_77' title="bbox 1785 1800 3380 1872">
     <span class='ocr_line' id='line_1_77' title="bbox 1785 1800 3380 1872; baseline 0.001 -19"><span class='ocrx_word' id='word_1_577' title='bbox 1785 1800 2034 1869; x_wconf 80' lang='grc' dir='ltr'>δυνάμει</span> <span class='ocrx_word' id='word_1_578' title='bbox 2062 1803 2232 1855; x_wconf 83' lang='grc' dir='ltr'>Θεοῦ.</span> <span class='ocrx_word' id='word_1_579' title='bbox 2266 1804 2442 1871; x_wconf 83' lang='grc' dir='ltr'>Ὅπερ</span> <span class='ocrx_word' id='word_1_580' title='bbox 2482 1804 2571 1855; x_wconf 76' lang='grc' dir='ltr'>ἀεὶ</span> <span class='ocrx_word' id='word_1_581' title='bbox 2605 1805 2767 1866; x_wconf 88' lang='grc' dir='ltr'>ποιεῖ,</span> <span class='ocrx_word' id='word_1_582' title='bbox 2805 1803 2959 1854; x_wconf 89' lang='grc' dir='ltr'>οὐδὲν</span> <span class='ocrx_word' id='word_1_583' title='bbox 3002 1801 3198 1872; x_wconf 82' lang='grc' dir='ltr'>ἐαυτῷ,</span> <span class='ocrx_word' id='word_1_584' title='bbox 3239 1802 3380 1856; x_wconf 61' lang='grc' dir='ltr'>ἀλλὰ</span> 
     </span>
    </p>
   </div>
   <div class='ocr_carea' id='block_1_78' title="bbox 1784 1894 3377 1965">
    <p class='ocr_par' dir='ltr' id='par_1_78' title="bbox 1784 1894 3377 1965">
     <span class='ocr_line' id='line_1_78' title="bbox 1784 1894 3377 1965; baseline -0.001 -18"><span class='ocrx_word' id='word_1_585' title='bbox 1784 1894 1863 1964; x_wconf 85' lang='grc' dir='ltr'>τῷ</span> <span class='ocrx_word' id='word_1_586' title='bbox 1893 1894 2010 1964; x_wconf 79' lang='grc' dir='ltr'>Θεῷ</span> <span class='ocrx_word' id='word_1_587' title='bbox 2034 1895 2094 1947; x_wconf 83' lang='grc' dir='ltr'>τὸ</span> <span class='ocrx_word' id='word_1_588' title='bbox 2130 1898 2236 1947; x_wconf 82' lang='grc' dir='ltr'>πᾶν</span> <span class='ocrx_word' id='word_1_589' title='bbox 2258 1896 2561 1958; x_wconf 70' lang='grc' dir='ltr'>ἀνατιθεὶς,</span> <span class='ocrx_word' id='word_1_590' title='bbox 2600 1897 2694 1948; x_wconf 73' lang='grc' dir='ltr'>καὶ</span> <span class='ocrx_word' id='word_1_591' title='bbox 2723 1894 2874 1963; x_wconf 88' lang='grc' dir='ltr'>αὐτῷ</span> <span class='ocrx_word' id='word_1_592' title='bbox 2903 1894 3253 1965; x_wconf 80' lang='grc' dir='ltr'>λογιζόμενος</span> <span class='ocrx_word' id='word_1_593' title='bbox 3306 1897 3377 1946; x_wconf 71' lang='grc' dir='ltr'>τὰ</span> 
     </span>
    </p>
   </div>
   <div class='ocr_carea' id='block_1_79' title="bbox 1786 1984 3372 2058">
    <p class='ocr_par' dir='ltr' id='par_1_79' title="bbox 1786 1984 3372 2058">
     <span class='ocr_line' id='line_1_79' title="bbox 1786 1984 3372 2058; baseline -0.001 -17"><span class='ocrx_word' id='word_1_594' title='bbox 1786 1986 1952 2041; x_wconf 84' lang='grc' dir='ltr'>αὐτοῦ</span> <span class='ocrx_word' id='word_1_595' title='bbox 1980 1987 2401 2058; x_wconf 85' lang='grc' dir='ltr'>κατορθώματα,</span> <span class='ocrx_word' id='word_1_596' title='bbox 2449 1987 2608 2039; x_wconf 81' lang='grc' dir='ltr'>τοῦτο</span> <span class='ocrx_word' id='word_1_597' title='bbox 2638 1989 2732 2039; x_wconf 67' lang='grc' dir='ltr'>καὶ</span> <span class='ocrx_word' id='word_1_598' title='bbox 2770 1984 3009 2038; x_wconf 87' lang='grc' dir='ltr'>ἐνταῦθα</span> <span class='ocrx_word' id='word_1_599' title='bbox 3048 1986 3372 2052; x_wconf 86' lang='grc' dir='ltr'>πεποίηκεν.</span> 
     </span>
    </p>
   </div>
   <div class='ocr_carea' id='block_1_80' title="bbox 1800 2067 3378 2148">
    <p class='ocr_par' dir='ltr' id='par_1_80' title="bbox 1800 2067 3378 2148">
     <span class='ocr_line' id='line_1_80' title="bbox 1800 2067 3378 2148; baseline -0.001 -19"><span class='ocrx_word' id='word_1_600' title='bbox 1800 2067 2016 2148; x_wconf 80' lang='grc' dir='ltr'>Ἐπειδὴ</span> <span class='ocrx_word' id='word_1_601' title='bbox 2050 2077 2164 2148; x_wconf 76' lang='grc' dir='ltr'>γὰρ</span> <span class='ocrx_word' id='word_1_602' title='bbox 2191 2078 2402 2147; x_wconf 87' lang='grc' dir='ltr'>μεγάλα</span> <span class='ocrx_word' id='word_1_603' title='bbox 2433 2077 2759 2146; x_wconf 80' lang='grc' dir='ltr'>ἐφθέγξατο,</span> <span class='ocrx_word' id='word_1_604' title='bbox 2784 2077 2877 2129; x_wconf 81' lang='grc' dir='ltr'>καὶ</span> <span class='ocrx_word' id='word_1_605' title='bbox 2909 2076 3112 2146; x_wconf 75' lang='grc' dir='ltr'>ἔφησεν</span> <span class='ocrx_word' id='word_1_606' title='bbox 3132 2075 3378 2144; x_wconf 72' lang='grc' dir='ltr'>ἄληπτον</span> 
     </span>
    </p>
   </div>
   <div class='ocr_carea' id='block_1_81' title="bbox 1785 2168 3377 2240">
    <p class='ocr_par' dir='ltr' id='par_1_81' title="bbox 1785 2168 3377 2240">
     <span class='ocr_line' id='line_1_81' title="bbox 1785 2168 3377 2240; baseline -0.001 -18"><span class='ocrx_word' id='word_1_607' title='bbox 1785 2170 2165 2240; x_wconf 81' lang='grc' dir='ltr'>παρεσχῆσθαι</span> <span class='ocrx_word' id='word_1_608' title='bbox 2192 2171 2306 2240; x_wconf 83' lang='grc' dir='ltr'>βίον</span> <span class='ocrx_word' id='word_1_609' title='bbox 2332 2169 2421 2223; x_wconf 78' lang='grc' dir='ltr'>διὰ</span> <span class='ocrx_word' id='word_1_610' title='bbox 2451 2171 2688 2232; x_wconf 85' lang='grc' dir='ltr'>πάντων,</span> <span class='ocrx_word' id='word_1_611' title='bbox 2714 2169 2809 2223; x_wconf 75' lang='grc' dir='ltr'>καὶ</span> <span class='ocrx_word' id='word_1_612' title='bbox 2833 2168 3150 2238; x_wconf 78' lang='grc' dir='ltr'>φιλοσοφίαν</span> <span class='ocrx_word' id='word_1_613' title='bbox 3169 2169 3377 2237; x_wconf 76' lang='grc' dir='ltr'>ἄκραν.</span> 
     </span>
    </p>
   </div>
   <div class='ocr_carea' id='block_1_82' title="bbox 1785 2260 3376 2333">
    <p class='ocr_par' dir='ltr' id='par_1_82' title="bbox 1785 2260 3376 2333">
     <span class='ocr_line' id='line_1_82' title="bbox 1785 2260 3376 2333; baseline -0.001 -20"><span class='ocrx_word' id='word_1_614' title='bbox 1785 2260 1864 2330; x_wconf 79' lang='grc' dir='ltr'>τῷ</span> <span class='ocrx_word' id='word_1_615' title='bbox 1904 2261 2184 2330; x_wconf 80' lang='grc' dir='ltr'>Πνεύματι</span> <span class='ocrx_word' id='word_1_616' title='bbox 2238 2263 2333 2315; x_wconf 72' lang='grc' dir='ltr'>καὶ</span> <span class='ocrx_word' id='word_1_617' title='bbox 2374 2262 2454 2332; x_wconf 80' lang='grc' dir='ltr'>τῷ</span> <span class='ocrx_word' id='word_1_618' title='bbox 2659 2261 2834 2315; x_wconf 85' lang='grc' dir='ltr'>ταῦτα</span> <span class='ocrx_word' id='word_1_619' title='bbox 2865 2260 3204 2329; x_wconf 79' lang='grc' dir='ltr'>ἀνατίθησιν.</span> <span class='ocrx_word' id='word_1_620' title='bbox 3238 2260 3376 2312; x_wconf 82' lang='grc' dir='ltr'>Οὐδὲ</span> 
     </span>
    </p>
   </div>
   <div class='ocr_carea' id='block_1_83' title="bbox 1785 2347 3378 2424">
    <p class='ocr_par' dir='ltr' id='par_1_83' title="bbox 1785 2347 3378 2424">
     <span class='ocr_line' id='line_1_83' title="bbox 1785 2347 3378 2424; baseline -0.001 -20"><span class='ocrx_word' id='word_1_621' title='bbox 1785 2353 1892 2422; x_wconf 81' lang='grc' dir='ltr'>γὰρ</span> <span class='ocrx_word' id='word_1_622' title='bbox 1913 2353 1982 2405; x_wconf 83' lang='grc' dir='ltr'>τά</span> <span class='ocrx_word' id='word_1_623' title='bbox 2017 2354 2248 2422; x_wconf 88' lang='grc' dir='ltr'>τυχόντα</span> <span class='ocrx_word' id='word_1_624' title='bbox 2276 2350 2345 2424; x_wconf 81' lang='grc' dir='ltr'>ἦν</span> <span class='ocrx_word' id='word_1_625' title='bbox 2371 2355 2443 2407; x_wconf 85' lang='grc' dir='ltr'>τὰ</span> <span class='ocrx_word' id='word_1_626' title='bbox 2474 2347 2764 2424; x_wconf 82' lang='grc' dir='ltr'>εἰρημένα.</span> <span class='ocrx_word' id='word_1_627' title='bbox 2789 2355 2850 2406; x_wconf 89' lang='grc' dir='ltr'>Εἰ</span> <span class='ocrx_word' id='word_1_628' title='bbox 2871 2354 2981 2421; x_wconf 83' lang='grc' dir='ltr'>γὰρ</span> <span class='ocrx_word' id='word_1_629' title='bbox 3014 2354 3109 2406; x_wconf 73' lang='grc' dir='ltr'>καὶ</span> <span class='ocrx_word' id='word_1_630' title='bbox 3149 2355 3207 2404; x_wconf 86' lang='grc' dir='ltr'>ἐν</span> <span class='ocrx_word' id='word_1_631' title='bbox 3241 2355 3378 2422; x_wconf 77' lang='grc' dir='ltr'>ἡσυ-</span> 
     </span>
    </p>
   </div>
   <div class='ocr_carea' id='block_1_84' title="bbox 1785 2441 3378 2515">
    <p class='ocr_par' dir='ltr' id='par_1_84' title="bbox 1785 2441 3378 2515">
     <span class='ocr_line' id='line_1_84' title="bbox 1785 2441 3378 2515; baseline 0.001 -21"><span class='ocrx_word' id='word_1_632' title='bbox 1785 2445 1876 2514; x_wconf 70' lang='grc' dir='ltr'>χία</span> <span class='ocrx_word' id='word_1_633' title='bbox 1899 2444 2076 2506; x_wconf 78' lang='grc' dir='ltr'>ζῶντα</span> <span class='ocrx_word' id='word_1_634' title='bbox 2103 2443 2362 2497; x_wconf 88' lang='grc' dir='ltr'>δύσκολον</span> <span class='ocrx_word' id='word_1_635' title='bbox 2394 2445 2697 2515; x_wconf 87' lang='grc' dir='ltr'>κατορθοῦν</span> <span class='ocrx_word' id='word_1_636' title='bbox 2722 2446 2815 2498; x_wconf 77' lang='grc' dir='ltr'>καὶ</span> <span class='ocrx_word' id='word_1_637' title='bbox 2833 2447 3074 2515; x_wconf 78' lang='grc' dir='ltr'>ἄληπτον</span> <span class='ocrx_word' id='word_1_638' title='bbox 3097 2441 3259 2511; x_wconf 75' lang='grc' dir='ltr'>εἶναι,</span> <span class='ocrx_word' id='word_1_639' title='bbox 3285 2445 3378 2496; x_wconf 87' lang='grc' dir='ltr'>τὸν</span> 
     </span>
    </p>
   </div>
   <div class='ocr_carea' id='block_1_85' title="bbox 1785 2535 3380 2604">
    <p class='ocr_par' dir='ltr' id='par_1_85' title="bbox 1785 2535 3380 2604">
     <span class='ocr_line' id='line_1_85' title="bbox 1785 2535 3380 2604; baseline 0.001 -15"><span class='ocrx_word' id='word_1_640' title='bbox 1785 2537 1892 2589; x_wconf 83' lang='grc' dir='ltr'>ὑπὸ</span> <span class='ocrx_word' id='word_1_641' title='bbox 1914 2535 2187 2588; x_wconf 83' lang='grc' dir='ltr'>τοσούτων</span> <span class='ocrx_word' id='word_1_642' title='bbox 2209 2535 2604 2604; x_wconf 81' lang='grc' dir='ltr'>ἐνοχλούμενον</span> <span class='ocrx_word' id='word_1_643' title='bbox 2633 2537 2980 2604; x_wconf 70' lang='grc' dir='ltr'>πειρασμῶν,</span> <span class='ocrx_word' id='word_1_644' title='bbox 3005 2539 3098 2589; x_wconf 83' lang='grc' dir='ltr'>καί</span> <span class='ocrx_word' id='word_1_645' title='bbox 3124 2538 3212 2589; x_wconf 76' lang='grc' dir='ltr'>διὰ</span> <span class='ocrx_word' id='word_1_646' title='bbox 3241 2540 3380 2591; x_wconf 78' lang='grc' dir='ltr'>πάν-</span> 
     </span>
    </p>
   </div>
   <div class='ocr_carea' id='block_1_86' title="bbox 1782 2621 3376 2698">
    <p class='ocr_par' dir='ltr' id='par_1_86' title="bbox 1782 2621 3376 2698">
     <span class='ocr_line' id='line_1_86' title="bbox 1782 2621 3376 2698; baseline 0 -18"><span class='ocrx_word' id='word_1_647' title='bbox 1782 2645 1892 2680; x_wconf 87' lang='grc' dir='ltr'>των</span> <span class='ocrx_word' id='word_1_648' title='bbox 1917 2627 2230 2698; x_wconf 71' lang='grc' dir='ltr'>λάμψαντα,</span> <span class='ocrx_word' id='word_1_649' title='bbox 2258 2627 2512 2695; x_wconf 81' lang='grc' dir='ltr'>ἐννόησον</span> <span class='ocrx_word' id='word_1_650' title='bbox 2543 2626 2740 2696; x_wconf 78' lang='grc' dir='ltr'>ἡλίκης</span> <span class='ocrx_word' id='word_1_651' title='bbox 2773 2621 2914 2678; x_wconf 86' lang='grc' dir='ltr'>εἷναι</span> <span class='ocrx_word' id='word_1_652' title='bbox 2947 2626 3148 2694; x_wconf 72' lang='grc' dir='ltr'>ψυχῆς.</span> <span class='ocrx_word' id='word_1_653' title='bbox 3181 2629 3376 2680; x_wconf 82' lang='grc' dir='ltr'>Καίτοι</span> 
     </span>
    </p>
   </div>
   <div class='ocr_carea' id='block_1_87' title="bbox 1784 2717 3377 2788">
    <p class='ocr_par' dir='ltr' id='par_1_87' title="bbox 1784 2717 3377 2788">
     <span class='ocr_line' id='line_1_87' title="bbox 1784 2717 3377 2788; baseline -0.001 -16"><span class='ocrx_word' id='word_1_654' title='bbox 1784 2720 1905 2772; x_wconf 84' lang='grc' dir='ltr'>οὐδέ</span> <span class='ocrx_word' id='word_1_655' title='bbox 1922 2720 2097 2773; x_wconf 86' lang='grc' dir='ltr'>ταῦτα</span> <span class='ocrx_word' id='word_1_656' title='bbox 2127 2720 2370 2788; x_wconf 85' lang='grc' dir='ltr'>ὑπέμενε</span> <span class='ocrx_word' id='word_1_657' title='bbox 2401 2719 2561 2787; x_wconf 85' lang='grc' dir='ltr'>μόνον</span> <span class='ocrx_word' id='word_1_658' title='bbox 2596 2759 2608 2778; x_wconf 88' lang='grc'>,</span> <span class='ocrx_word' id='word_1_659' title='bbox 2647 2717 2785 2770; x_wconf 86' lang='grc' dir='ltr'>άλλά</span> <span class='ocrx_word' id='word_1_660' title='bbox 2823 2719 2922 2769; x_wconf 73' lang='grc' dir='ltr'>καὶ</span> <span class='ocrx_word' id='word_1_661' title='bbox 2945 2717 3123 2787; x_wconf 84' lang='grc' dir='ltr'>πολλῴ</span> <span class='ocrx_word' id='word_1_662' title='bbox 3149 2719 3377 2771; x_wconf 87' lang='grc' dir='ltr'>πλείονα</span> 
     </span>
    </p>
   </div>
   <div class='ocr_carea' id='block_1_88' title="bbox 1783 2809 3379 2880">
    <p class='ocr_par' dir='ltr' id='par_1_88' title="bbox 1783 2809 3379 2880">
     <span class='ocr_line' id='line_1_88' title="bbox 1783 2809 3379 2880; baseline 0 -18"><span class='ocrx_word' id='word_1_663' title='bbox 1783 2811 2010 2874; x_wconf 86' lang='grc' dir='ltr'>τούτων,</span> <span class='ocrx_word' id='word_1_664' title='bbox 2041 2811 2185 2880; x_wconf 84' lang='grc' dir='ltr'>ἆπερ</span> <span class='ocrx_word' id='word_1_665' title='bbox 2212 2811 2337 2880; x_wconf 78' lang='grc' dir='ltr'>ἐξῆς</span> <span class='ocrx_word' id='word_1_666' title='bbox 2367 2811 2570 2879; x_wconf 79' lang='grc' dir='ltr'>τίθησι.</span> <span class='ocrx_word' id='word_1_667' title='bbox 2605 2811 2713 2862; x_wconf 78' lang='grc' dir='ltr'>Καὶ</span> <span class='ocrx_word' id='word_1_668' title='bbox 2734 2812 2794 2862; x_wconf 76' lang='grc' dir='ltr'>τὸ</span> <span class='ocrx_word' id='word_1_669' title='bbox 2823 2811 2886 2880; x_wconf 79' lang='grc' dir='ltr'>δὴ</span> <span class='ocrx_word' id='word_1_670' title='bbox 2911 2809 3246 2880; x_wconf 74' lang='grc' dir='ltr'>θαυμαστὸν,</span> <span class='ocrx_word' id='word_1_671' title='bbox 3277 2812 3379 2879; x_wconf 75' lang='grc' dir='ltr'>οὐχ</span> 
     </span>
    </p>
   </div>
   <div class='ocr_carea' id='block_1_89' title="bbox 1783 2901 3376 2974">
    <p class='ocr_par' dir='ltr' id='par_1_89' title="bbox 1783 2901 3376 2974">
     <span class='ocr_line' id='line_1_89' title="bbox 1783 2901 3376 2974; baseline -0.001 -19"><span class='ocrx_word' id='word_1_672' title='bbox 1783 2905 1866 2955; x_wconf 82' lang='grc' dir='ltr'>ὅτι</span> <span class='ocrx_word' id='word_1_673' title='bbox 1886 2905 2126 2973; x_wconf 78' lang='grc' dir='ltr'>ἄληπτος</span> <span class='ocrx_word' id='word_1_674' title='bbox 2154 2901 2222 2974; x_wconf 79' lang='grc' dir='ltr'>ἦν</span> <span class='ocrx_word' id='word_1_675' title='bbox 2253 2906 2308 2956; x_wconf 90' lang='grc' dir='ltr'>ἐν</span> <span class='ocrx_word' id='word_1_676' title='bbox 2338 2905 2616 2966; x_wconf 78' lang='grc' dir='ltr'>τοσούτοις</span> <span class='ocrx_word' id='word_1_677' title='bbox 2647 2903 2858 2973; x_wconf 85' lang='grc' dir='ltr'>κύμασι</span> <span class='ocrx_word' id='word_1_678' title='bbox 2908 2905 3107 2966; x_wconf 80' lang='grc' dir='ltr'>πλέων,</span> <span class='ocrx_word' id='word_1_679' title='bbox 3159 2904 3267 2955; x_wconf 81' lang='grc' dir='ltr'>οὐδ’</span> <span class='ocrx_word' id='word_1_680' title='bbox 3295 2904 3376 2955; x_wconf 80' lang='grc' dir='ltr'>ὃτι</span> 
     </span>
    </p>
   </div>
   <div class='ocr_carea' id='block_1_90' title="bbox 1784 2993 3380 3065">
    <p class='ocr_par' dir='ltr' id='par_1_90' title="bbox 1784 2993 3380 3065">
     <span class='ocr_line' id='line_1_90' title="bbox 1784 2993 3380 3065; baseline 0.001 -20"><span class='ocrx_word' id='word_1_681' title='bbox 1784 2994 1966 3047; x_wconf 78' lang='grc' dir='ltr'>πάντα</span> <span class='ocrx_word' id='word_1_682' title='bbox 1982 2995 2244 3063; x_wconf 76' lang='grc' dir='ltr'>ὑπέμεινε</span> <span class='ocrx_word' id='word_1_683' title='bbox 2263 2995 2548 3062; x_wconf 83' lang='grc' dir='ltr'>γενναίως,</span> <span class='ocrx_word' id='word_1_684' title='bbox 2577 2993 2731 3065; x_wconf 64' lang='grc'>[524]</span> <span class='ocrx_word' id='word_1_685' title='bbox 2756 2995 2869 3046; x_wconf 80' lang='grc' dir='ltr'>ἀλλ’</span> <span class='ocrx_word' id='word_1_686' title='bbox 2893 2997 2974 3047; x_wconf 84' lang='grc' dir='ltr'>ὅτι</span> <span class='ocrx_word' id='word_1_687' title='bbox 2999 2995 3092 3046; x_wconf 68' lang='grc' dir='ltr'>καὶ</span> <span class='ocrx_word' id='word_1_688' title='bbox 3119 2993 3236 3064; x_wconf 79' lang='grc' dir='ltr'>μεθ’</span> <span class='ocrx_word' id='word_1_689' title='bbox 3255 2995 3380 3063; x_wconf 75' lang='grc' dir='ltr'>ἡδο-</span> 
     </span>
    </p>
   </div>
   <div class='ocr_carea' id='block_1_91' title="bbox 1783 3085 3379 3156">
    <p class='ocr_par' dir='ltr' id='par_1_91' title="bbox 1783 3085 3379 3156">
     <span class='ocr_line' id='line_1_91' title="bbox 1783 3085 3379 3156; baseline -0.001 -19"><span class='ocrx_word' id='word_1_690' title='bbox 1783 3088 1877 3156; x_wconf 83' lang='grc' dir='ltr'>νῆς</span> <span class='ocrx_word' id='word_1_691' title='bbox 1898 3087 2094 3138; x_wconf 78' lang='grc' dir='ltr'>πάντα·</span> <span class='ocrx_word' id='word_1_692' title='bbox 2117 3087 2261 3154; x_wconf 83' lang='grc' dir='ltr'>ἆπερ</span> <span class='ocrx_word' id='word_1_693' title='bbox 2281 3086 2369 3138; x_wconf 86' lang='grc' dir='ltr'>διὰ</span> <span class='ocrx_word' id='word_1_694' title='bbox 2383 3085 2493 3135; x_wconf 86' lang='grc' dir='ltr'>τῶν</span> <span class='ocrx_word' id='word_1_695' title='bbox 2514 3086 2638 3153; x_wconf 81' lang='grc' dir='ltr'>ἐξῆς</span> <span class='ocrx_word' id='word_1_696' title='bbox 2657 3087 2790 3153; x_wconf 86' lang='grc' dir='ltr'>ἡμῖν</span> <span class='ocrx_word' id='word_1_697' title='bbox 2809 3085 2988 3138; x_wconf 84' lang='grc' dir='ltr'>πάντα</span> <span class='ocrx_word' id='word_1_698' title='bbox 3007 3088 3152 3137; x_wconf 87' lang='grc' dir='ltr'>ποιεῖ</span> <span class='ocrx_word' id='word_1_699' title='bbox 3172 3087 3379 3154; x_wconf 75' lang='grc' dir='ltr'>φανερὰ</span> 
     </span>
    </p>
   </div>
   <div class='ocr_carea' id='block_1_92' title="bbox 1783 3173 3380 3244">
    <p class='ocr_par' dir='ltr' id='par_1_92' title="bbox 1783 3173 3380 3244">
     <span class='ocr_line' id='line_1_92' title="bbox 1783 3173 3380 3244; baseline 0 -16"><span class='ocrx_word' id='word_1_700' title='bbox 1783 3177 1956 3244; x_wconf 84' lang='grc' dir='ltr'>λέγων</span> <span class='ocrx_word' id='word_1_701' title='bbox 1973 3176 2138 3230; x_wconf 86' lang='grc' dir='ltr'>οῦτω·</span> <span class='ocrx_word' id='word_1_702' title='bbox 2161 3176 2267 3229; x_wconf 85' lang='grc' dir='ltr'>Διά</span> <span class='ocrx_word' id='word_1_703' title='bbox 2288 3176 2406 3230; x_wconf 76' lang='grc' dir='ltr'>τῶν</span> <span class='ocrx_word' id='word_1_704' title='bbox 2437 3175 2646 3227; x_wconf 77' lang='grc' dir='ltr'>ὅπλων</span> <span class='ocrx_word' id='word_1_705' title='bbox 2679 3173 2794 3241; x_wconf 85' lang='grc' dir='ltr'>τῆς</span> <span class='ocrx_word' id='word_1_706' title='bbox 2835 3175 3234 3241; x_wconf 81' lang='grc' dir='ltr'>δικαιοσύνης</span> <span class='ocrx_word' id='word_1_707' title='bbox 3258 3174 3380 3228; x_wconf 81' lang='grc' dir='ltr'>τῶν</span> 
     </span>
    </p>
   </div>
   <div class='ocr_carea' id='block_1_93' title="bbox 1783 3257 3372 3331">
    <p class='ocr_par' dir='ltr' id='par_1_93' title="bbox 1783 3257 3372 3331">
     <span class='ocr_line' id='line_1_93' title="bbox 1783 3257 3372 3331; baseline -0.004 -14"><span class='ocrx_word' id='word_1_708' title='bbox 1783 3263 2002 3329; x_wconf 73' lang='grc' dir='ltr'>δεξιῶν</span> <span class='ocrx_word' id='word_1_709' title='bbox 2051 3264 2153 3317; x_wconf 79' lang='grc' dir='ltr'>καί</span> <span class='ocrx_word' id='word_1_710' title='bbox 2187 3261 2543 3331; x_wconf 81' lang='grc' dir='ltr'>ἀριστερῶν.</span> <span class='ocrx_word' id='word_1_711' title='bbox 2588 3257 2744 3322; x_wconf 78' lang='grc' dir='ltr'>Εἶδες</span> <span class='ocrx_word' id='word_1_712' title='bbox 2779 3261 2958 3328; x_wconf 77' lang='grc' dir='ltr'>ψυχῆς</span> <span class='ocrx_word' id='word_1_713' title='bbox 3007 3260 3372 3328; x_wconf 86' lang='grc' dir='ltr'>παράστημα,</span> 
     </span>
    </p>
   </div>
   <div class='ocr_carea' id='block_1_94' title="bbox 1784 3351 3376 3426">
    <p class='ocr_par' dir='ltr' id='par_1_94' title="bbox 1784 3351 3376 3426">
     <span class='ocr_line' id='line_1_94' title="bbox 1784 3351 3376 3426; baseline -0.003 -18"><span class='ocrx_word' id='word_1_714' title='bbox 1784 3357 1878 3408; x_wconf 71' lang='grc' dir='ltr'>καὶ</span> <span class='ocrx_word' id='word_1_715' title='bbox 1909 3356 2164 3426; x_wconf 84' lang='grc' dir='ltr'>φρόνημα</span> <span class='ocrx_word' id='word_1_716' title='bbox 2195 3354 2413 3407; x_wconf 85' lang='grc' dir='ltr'>εὐτονον</span> <span class='ocrx_word' id='word_1_717' title='bbox 2438 3370 2452 3417; x_wconf 87' lang='grc'>;</span> <span class='ocrx_word' id='word_1_718' title='bbox 2478 3351 2732 3405; x_wconf 75' lang='grc' dir='ltr'>Δείκνυσι</span> <span class='ocrx_word' id='word_1_719' title='bbox 2757 3351 2864 3420; x_wconf 77' lang='grc' dir='ltr'>γὰρ</span> <span class='ocrx_word' id='word_1_720' title='bbox 2885 3351 2967 3403; x_wconf 79' lang='grc' dir='ltr'>ὅτι</span> <span class='ocrx_word' id='word_1_721' title='bbox 2988 3351 3128 3402; x_wconf 83' lang='grc' dir='ltr'>ὅπλα</span> <span class='ocrx_word' id='word_1_722' title='bbox 3152 3351 3288 3403; x_wconf 67' lang='grc' dir='ltr'>εἰσιν</span> <span class='ocrx_word' id='word_1_723' title='bbox 3319 3354 3376 3403; x_wconf 78' lang='grc' dir='ltr'>αἱ</span> 
     </span>
    </p>
   </div>
   <div class='ocr_carea' id='block_1_95' title="bbox 1786 3446 3378 3520">
    <p class='ocr_par' dir='ltr' id='par_1_95' title="bbox 1786 3446 3378 3520">
     <span class='ocr_line' id='line_1_95' title="bbox 1786 3446 3378 3520; baseline -0.004 -18"><span class='ocrx_word' id='word_1_724' title='bbox 1786 3450 2016 3519; x_wconf 69' lang='grc' dir='ltr'>θλίψεις,</span> <span class='ocrx_word' id='word_1_725' title='bbox 2037 3451 2099 3502; x_wconf 81' lang='grc' dir='ltr'>οὐ</span> <span class='ocrx_word' id='word_1_726' title='bbox 2132 3450 2292 3520; x_wconf 83' lang='grc' dir='ltr'>μόνον</span> <span class='ocrx_word' id='word_1_727' title='bbox 2326 3450 2388 3502; x_wconf 90' lang='grc' dir='ltr'>οὐ</span> <span class='ocrx_word' id='word_1_728' title='bbox 2416 3447 2857 3508; x_wconf 76' lang='grc' dir='ltr'>καταϐάλλοντα,</span> <span class='ocrx_word' id='word_1_729' title='bbox 2887 3446 3026 3498; x_wconf 74' lang='grc' dir='ltr'>ἀλλὰ</span> <span class='ocrx_word' id='word_1_730' title='bbox 3069 3447 3162 3499; x_wconf 76' lang='grc' dir='ltr'>καὶ</span> <span class='ocrx_word' id='word_1_731' title='bbox 3214 3447 3378 3514; x_wconf 82' lang='grc' dir='ltr'>τειχί-</span> 
     </span>
    </p>
   </div>
   <div class='ocr_carea' id='block_1_96' title="bbox 1786 3539 3375 3614">
    <p class='ocr_par' dir='ltr' id='par_1_96' title="bbox 1786 3539 3375 3614">
     <span class='ocr_line' id='line_1_96' title="bbox 1786 3539 3375 3614; baseline -0.002 -20"><span class='ocrx_word' id='word_1_732' title='bbox 1786 3543 1949 3606; x_wconf 77' lang='grc' dir='ltr'>ζοντα</span> <span class='ocrx_word' id='word_1_733' title='bbox 1983 3545 2077 3595; x_wconf 81' lang='grc' dir='ltr'>καί</span> <span class='ocrx_word' id='word_1_734' title='bbox 2110 3542 2498 3614; x_wconf 79' lang='grc' dir='ltr'>ἰσχυροτέρους</span> <span class='ocrx_word' id='word_1_735' title='bbox 2527 3539 2812 3594; x_wconf 83' lang='grc' dir='ltr'>ποιοῦντα.</span> <span class='ocrx_word' id='word_1_736' title='bbox 2855 3539 3149 3610; x_wconf 81' lang='grc' dir='ltr'>Ἀριστερά</span> <span class='ocrx_word' id='word_1_737' title='bbox 3187 3539 3242 3592; x_wconf 80' lang='grc' dir='ltr'>δὲ</span> <span class='ocrx_word' id='word_1_738' title='bbox 3272 3556 3375 3591; x_wconf 66' lang='grc' dir='ltr'>και</span> 
     </span>
    </p>
   </div>
   <div class='ocr_carea' id='block_1_97' title="bbox 1784 3628 3376 3702">
    <p class='ocr_par' dir='ltr' id='par_1_97' title="bbox 1784 3628 3376 3702">
     <span class='ocr_line' id='line_1_97' title="bbox 1784 3628 3376 3702; baseline -0.001 -19"><span class='ocrx_word' id='word_1_739' title='bbox 1784 3634 1864 3683; x_wconf 85' lang='grc' dir='ltr'>λεί</span> <span class='ocrx_word' id='word_1_740' title='bbox 1885 3632 1953 3683; x_wconf 86' lang='grc' dir='ltr'>τὰ</span> <span class='ocrx_word' id='word_1_741' title='bbox 1979 3633 2241 3685; x_wconf 86' lang='grc' dir='ltr'>δοκοῦντα</span> <span class='ocrx_word' id='word_1_742' title='bbox 2286 3628 2425 3686; x_wconf 86' lang='grc' dir='ltr'>εἶναι</span> <span class='ocrx_word' id='word_1_743' title='bbox 2467 3632 2713 3702; x_wconf 76' lang='grc' dir='ltr'>λυπηρά’</span> <span class='ocrx_word' id='word_1_744' title='bbox 2743 3631 2970 3700; x_wconf 77' lang='grc' dir='ltr'>καὶγὰρ</span> <span class='ocrx_word' id='word_1_745' title='bbox 3002 3631 3237 3683; x_wconf 79' lang='grc' dir='ltr'>τοιαῦτα</span> <span class='ocrx_word' id='word_1_746' title='bbox 3258 3633 3376 3682; x_wconf 81' lang='grc' dir='ltr'>ἐστι</span> 
     </span>
    </p>
   </div>
   <div class='ocr_carea' id='block_1_98' title="bbox 1782 3718 3379 3792">
    <p class='ocr_par' dir='ltr' id='par_1_98' title="bbox 1782 3718 3379 3792">
     <span class='ocr_line' id='line_1_98' title="bbox 1782 3718 3379 3792; baseline 0.001 -16"><span class='ocrx_word' id='word_1_747' title='bbox 1782 3723 1861 3777; x_wconf 80' lang='grc' dir='ltr'>τὰ</span> <span class='ocrx_word' id='word_1_748' title='bbox 1877 3724 1968 3776; x_wconf 85' lang='grc' dir='ltr'>τὸν</span> <span class='ocrx_word' id='word_1_749' title='bbox 1997 3725 2191 3792; x_wconf 83' lang='grc' dir='ltr'>μισθὸν</span> <span class='ocrx_word' id='word_1_750' title='bbox 2216 3724 2431 3792; x_wconf 80' lang='grc' dir='ltr'>ἔχοντα.</span> <span class='ocrx_word' id='word_1_751' title='bbox 2462 3724 2618 3784; x_wconf 80' lang='grc' dir='ltr'>Τίνος</span> <span class='ocrx_word' id='word_1_752' title='bbox 2650 3718 2745 3775; x_wconf 87' lang='grc' dir='ltr'>οῦν</span> <span class='ocrx_word' id='word_1_753' title='bbox 2791 3723 2982 3774; x_wconf 73' lang='grc' dir='ltr'>ἕνεκεν</span> <span class='ocrx_word' id='word_1_754' title='bbox 3023 3721 3196 3785; x_wconf 73' lang='grc' dir='ltr'>οὔτως</span> <span class='ocrx_word' id='word_1_755' title='bbox 3235 3725 3379 3778; x_wconf 85' lang='grc' dir='ltr'>αὐτά</span> 
     </span>
    </p>
   </div>
   <div class='ocr_carea' id='block_1_99' title="bbox 1781 3812 3373 3886">
    <p class='ocr_par' dir='ltr' id='par_1_99' title="bbox 1781 3812 3373 3886">
     <span class='ocr_line' id='line_1_99' title="bbox 1781 3812 3373 3886; baseline -0.003 -15"><span class='ocrx_word' id='word_1_756' title='bbox 1781 3817 1983 3882; x_wconf 60' lang='lat' dir='ltr'>ualet;</span> <span class='ocrx_word' id='word_1_757' title='bbox 2014 3816 2085 3868; x_wconf 85' lang='grc' dir='ltr'><strong>Ἦ</strong></span> <span class='ocrx_word' id='word_1_758' title='bbox 2123 3813 2266 3869; x_wconf 84' lang='grc' dir='ltr'>κατά</span> <span class='ocrx_word' id='word_1_759' title='bbox 2290 3813 2392 3886; x_wconf 79' lang='grc' dir='ltr'>τὴν</span> <span class='ocrx_word' id='word_1_760' title='bbox 2421 3815 2693 3884; x_wconf 79' lang='grc' dir='ltr'>ὑπόληψιν</span> <span class='ocrx_word' id='word_1_761' title='bbox 2706 3814 2813 3867; x_wconf 88' lang='grc' dir='ltr'>τῶν</span> <span class='ocrx_word' id='word_1_762' title='bbox 2843 3812 3076 3874; x_wconf 76' lang='grc' dir='ltr'>πολλῶν,</span> <span class='ocrx_word' id='word_1_763' title='bbox 3107 3814 3140 3884; x_wconf 83' lang='grc' dir='ltr'>ἢ</span> <span class='ocrx_word' id='word_1_764' title='bbox 3183 3815 3373 3885; x_wconf 77' lang='grc' dir='ltr'>ἐπειδὴ</span> 
     </span>
    </p>
   </div>
   <div class='ocr_carea' id='block_1_100' title="bbox 1784 3905 3379 3978">
    <p class='ocr_par' dir='ltr' id='par_1_100' title="bbox 1784 3905 3379 3978">
     <span class='ocr_line' id='line_1_100' title="bbox 1784 3905 3379 3978; baseline -0.003 -16"><span class='ocrx_word' id='word_1_765' title='bbox 1784 3910 2074 3963; x_wconf 85' lang='grc' dir='ltr'>ἐκέλευσεν</span> <span class='ocrx_word' id='word_1_766' title='bbox 2104 3911 2132 3962; x_wconf 85' lang='grc' dir='ltr'>ὁ</span> <span class='ocrx_word' id='word_1_767' title='bbox 2161 3907 2297 3971; x_wconf 76' lang='grc' dir='ltr'>Θεὸς</span> <span class='ocrx_word' id='word_1_768' title='bbox 2356 3905 2615 3978; x_wconf 74' lang='grc' dir='ltr'>εὐχεσθαι</span> <span class='ocrx_word' id='word_1_769' title='bbox 2651 3905 2729 3977; x_wconf 77' lang='grc' dir='ltr'>μὴ</span> <span class='ocrx_word' id='word_1_770' title='bbox 2765 3906 3030 3958; x_wconf 82' lang='grc' dir='ltr'>εἰσελθεῖν</span> <span class='ocrx_word' id='word_1_771' title='bbox 3064 3907 3147 3968; x_wconf 85' lang='grc' dir='ltr'>εἰς</span> <span class='ocrx_word' id='word_1_772' title='bbox 3179 3923 3379 3976; x_wconf 76' lang='grc' dir='ltr'>πειρα-</span> 
     </span>
    </p>
   </div>
   <div class='ocr_carea' id='block_1_101' title="bbox 1788 3997 3374 4073">
    <p class='ocr_par' dir='ltr' id='par_1_101' title="bbox 1788 3997 3374 4073">
     <span class='ocr_line' id='line_1_101' title="bbox 1788 3997 3374 4073; baseline -0.003 -18"><span class='ocrx_word' id='word_1_773' title='bbox 1788 4004 1944 4073; x_wconf 87' lang='grc' dir='ltr'>σμόν.</span> <span class='ocrx_word' id='word_1_774' title='bbox 1974 4003 2077 4056; x_wconf 82' lang='grc' dir='ltr'>Διὰ</span> <span class='ocrx_word' id='word_1_775' title='bbox 2103 4001 2290 4068; x_wconf 83' lang='grc' dir='ltr'>δόξης</span> <span class='ocrx_word' id='word_1_776' title='bbox 2309 4000 2407 4053; x_wconf 79' lang='grc' dir='ltr'>καὶ</span> <span class='ocrx_word' id='word_1_777' title='bbox 2443 4001 2702 4069; x_wconf 79' lang='grc' dir='ltr'>ἀτιμίας,</span> <span class='ocrx_word' id='word_1_778' title='bbox 2744 3999 2843 4053; x_wconf 82' lang='grc' dir='ltr'>διὰ</span> <span class='ocrx_word' id='word_1_779' title='bbox 2882 3997 3232 4067; x_wconf 71' lang='grc' dir='ltr'>δυσφημίας</span> <span class='ocrx_word' id='word_1_780' title='bbox 3275 3999 3374 4051; x_wconf 71' lang='grc' dir='ltr'>καί</span> 
     </span>
    </p>
   </div>
   <div class='ocr_carea' id='block_1_102' title="bbox 1783 4089 3374 4160">
    <p class='ocr_par' dir='ltr' id='par_1_102' title="bbox 1783 4089 3374 4160">
     <span class='ocr_line' id='line_1_102' title="bbox 1783 4089 3374 4160; baseline -0.003 -14"><span class='ocrx_word' id='word_1_781' title='bbox 1783 4093 2101 4160; x_wconf 64' lang='grc' dir='ltr'>εὐφημίας.</span> <span class='ocrx_word' id='word_1_782' title='bbox 2150 4093 2216 4144; x_wconf 85' lang='grc' dir='ltr'>Τί</span> <span class='ocrx_word' id='word_1_783' title='bbox 2269 4091 2483 4154; x_wconf 84' lang='grc' dir='ltr'>λέγεις;</span> <span class='ocrx_word' id='word_1_784' title='bbox 2537 4091 2622 4142; x_wconf 85' lang='grc' dir='ltr'>ὅτι</span> <span class='ocrx_word' id='word_1_785' title='bbox 2661 4089 2818 4160; x_wconf 75' lang='grc' dir='ltr'>δόξης</span> <span class='ocrx_word' id='word_1_786' title='bbox 2863 4089 3179 4153; x_wconf 84' lang='grc' dir='ltr'>ἀπολαύεις,</span> <span class='ocrx_word' id='word_1_787' title='bbox 3231 4090 3374 4159; x_wconf 88' lang='grc' dir='ltr'>μέγα</span> 
     </span>
    </p>
   </div>
   <div class='ocr_carea' id='block_1_103' title="bbox 1781 4177 3380 4251">
    <p class='ocr_par' dir='ltr' id='par_1_103' title="bbox 1781 4177 3380 4251">
     <span class='ocr_line' id='line_1_103' title="bbox 1781 4177 3380 4251; baseline -0.001 -17"><span class='ocrx_word' id='word_1_788' title='bbox 1781 4182 1939 4235; x_wconf 86' lang='grc' dir='ltr'>τοῦτο</span> <span class='ocrx_word' id='word_1_789' title='bbox 1962 4181 2118 4251; x_wconf 88' lang='grc' dir='ltr'>τίθης</span> <span class='ocrx_word' id='word_1_790' title='bbox 2150 4177 2291 4233; x_wconf 72' lang='grc' dir='ltr'>εἶναι</span> <span class='ocrx_word' id='word_1_791' title='bbox 2315 4197 2332 4247; x_wconf 87' lang='grc'><strong>;</strong></span> <span class='ocrx_word' id='word_1_792' title='bbox 2366 4180 2495 4244; x_wconf 75' lang='grc' dir='ltr'>Ναὶ,</span> <span class='ocrx_word' id='word_1_793' title='bbox 2525 4179 2680 4250; x_wconf 80' lang='grc' dir='ltr'>φησί.</span> <span class='ocrx_word' id='word_1_794' title='bbox 2707 4179 2772 4231; x_wconf 89' lang='grc' dir='ltr'>Τί</span> <span class='ocrx_word' id='word_1_795' title='bbox 2794 4179 3027 4249; x_wconf 79' lang='grc' dir='ltr'>δήποτε;</span> <span class='ocrx_word' id='word_1_796' title='bbox 3055 4180 3118 4232; x_wconf 79' lang='grc' dir='ltr'>τὸ</span> <span class='ocrx_word' id='word_1_797' title='bbox 3138 4180 3240 4248; x_wconf 81' lang='grc' dir='ltr'>μὲν</span> <span class='ocrx_word' id='word_1_798' title='bbox 3265 4182 3380 4251; x_wconf 79' lang='grc' dir='ltr'>γὰρ</span> 
     </span>
    </p>
   </div>
   <div class='ocr_carea' id='block_1_104' title="bbox 1782 4270 3378 4344">
    <p class='ocr_par' dir='ltr' id='par_1_104' title="bbox 1782 4270 3378 4344">
     <span class='ocr_line' id='line_1_104' title="bbox 1782 4270 3378 4344; baseline -0.001 -18"><span class='ocrx_word' id='word_1_799' title='bbox 1782 4272 2006 4344; x_wconf 87' lang='grc' dir='ltr'>ἀτιμίαν</span> <span class='ocrx_word' id='word_1_800' title='bbox 2033 4274 2302 4340; x_wconf 86' lang='grc' dir='ltr'>ἐνεγκεῖν,</span> <span class='ocrx_word' id='word_1_801' title='bbox 2348 4273 2517 4342; x_wconf 67' lang='grc' dir='ltr'>μέγα*</span> <span class='ocrx_word' id='word_1_802' title='bbox 2547 4272 2608 4324; x_wconf 79' lang='grc' dir='ltr'>τὸ</span> <span class='ocrx_word' id='word_1_803' title='bbox 2654 4270 2712 4324; x_wconf 79' lang='grc' dir='ltr'>δὲ</span> <span class='ocrx_word' id='word_1_804' title='bbox 2761 4270 2919 4340; x_wconf 77' lang='grc' dir='ltr'>δόξης</span> <span class='ocrx_word' id='word_1_805' title='bbox 2957 4274 3272 4340; x_wconf 85' lang='grc' dir='ltr'>μετασχεῖν,</span> <span class='ocrx_word' id='word_1_806' title='bbox 3311 4273 3378 4324; x_wconf 81' lang='grc' dir='ltr'>οὐ</span> 
     </span>
    </p>
   </div>
   <div class='ocr_carea' id='block_1_105' title="bbox 1782 4358 3376 4436">
    <p class='ocr_par' dir='ltr' id='par_1_105' title="bbox 1782 4358 3376 4436">
     <span class='ocr_line' id='line_1_105' title="bbox 1782 4358 3376 4436; baseline -0.001 -18"><span class='ocrx_word' id='word_1_807' title='bbox 1782 4365 2040 4436; x_wconf 81' lang='grc' dir='ltr'>νεανικῆς</span> <span class='ocrx_word' id='word_1_808' title='bbox 2062 4365 2233 4420; x_wconf 88' lang='grc' dir='ltr'>δεῖται</span> <span class='ocrx_word' id='word_1_809' title='bbox 2255 4365 2436 4435; x_wconf 80' lang='grc' dir='ltr'>ψυχῆς</span> <span class='ocrx_word' id='word_1_810' title='bbox 2456 4382 2470 4428; x_wconf 87' lang='grc'>;</span> <span class='ocrx_word' id='word_1_811' title='bbox 2498 4364 2777 4433; x_wconf 84' lang='grc' dir='ltr'>Νεανικῆς</span> <span class='ocrx_word' id='word_1_812' title='bbox 2815 4363 2912 4433; x_wconf 81' lang='grc' dir='ltr'>μὲν</span> <span class='ocrx_word' id='word_1_813' title='bbox 2927 4358 3022 4415; x_wconf 82' lang='grc' dir='ltr'>οὖν</span> <span class='ocrx_word' id='word_1_814' title='bbox 3043 4363 3140 4415; x_wconf 72' lang='grc' dir='ltr'>καὶ</span> <span class='ocrx_word' id='word_1_815' title='bbox 3167 4363 3376 4435; x_wconf 76' lang='grc' dir='ltr'>σφόδρα</span> 
     </span>
    </p>
   </div>
   <div class='ocr_carea' id='block_1_106' title="bbox 1784 4453 3375 4530">
    <p class='ocr_par' dir='ltr' id='par_1_106' title="bbox 1784 4453 3375 4530">
     <span class='ocr_line' id='line_1_106' title="bbox 1784 4453 3375 4530; baseline -0.004 -17"><span class='ocrx_word' id='word_1_816' title='bbox 1784 4457 2053 4530; x_wconf 74' lang='grc' dir='ltr'>μεγάλης,</span> <span class='ocrx_word' id='word_1_817' title='bbox 2084 4457 2228 4511; x_wconf 82' lang='grc' dir='ltr'>ὥστε</span> <span class='ocrx_word' id='word_1_818' title='bbox 2259 4459 2431 4526; x_wconf 82' lang='grc' dir='ltr'>αὐτῆς</span> <span class='ocrx_word' id='word_1_819' title='bbox 2448 4453 2795 4509; x_wconf 82' lang='grc' dir='ltr'>ἀπολαύοντα</span> <span class='ocrx_word' id='word_1_820' title='bbox 2821 4453 2897 4522; x_wconf 83' lang='grc' dir='ltr'>μὴ</span> <span class='ocrx_word' id='word_1_821' title='bbox 2931 4453 3375 4524; x_wconf 62' lang='grc' dir='ltr'>ἐκτραχηλισθῇ-</span> 
     </span>
    </p>
   </div>
   <div class='ocr_carea' id='block_1_107' title="bbox 1781 4545 3375 4619">
    <p class='ocr_par' dir='ltr' id='par_1_107' title="bbox 1781 4545 3375 4619">
     <span class='ocr_line' id='line_1_107' title="bbox 1781 4545 3375 4619; baseline -0.002 -15"><span class='ocrx_word' id='word_1_822' title='bbox 1781 4570 1892 4607; x_wconf 91' lang='grc' dir='ltr'>ναι.</span> <span class='ocrx_word' id='word_1_823' title='bbox 1921 4551 2024 4617; x_wconf 85' lang='grc' dir='ltr'>Διὸ¹</span> <span class='ocrx_word' id='word_1_824' title='bbox 2048 4552 2141 4604; x_wconf 77' lang='grc' dir='ltr'>καὶ</span> <span class='ocrx_word' id='word_1_825' title='bbox 2166 4549 2257 4601; x_wconf 80' lang='grc' dir='ltr'>ἐπὶ</span> <span class='ocrx_word' id='word_1_826' title='bbox 2285 4547 2462 4616; x_wconf 82' lang='grc' dir='ltr'>τούτῳ</span> <span class='ocrx_word' id='word_1_827' title='bbox 2522 4548 2732 4616; x_wconf 78' lang='grc' dir='ltr'>φρονεῖ,</span> <span class='ocrx_word' id='word_1_828' title='bbox 2774 4545 2851 4608; x_wconf 73' lang='grc' dir='ltr'>ὼις</span> <span class='ocrx_word' id='word_1_829' title='bbox 2899 4548 2986 4600; x_wconf 77' lang='grc' dir='ltr'>ἐπ’</span> <span class='ocrx_word' id='word_1_830' title='bbox 3015 4549 3242 4619; x_wconf 82' lang='grc' dir='ltr'>ἐκείνῳ·</span> <span class='ocrx_word' id='word_1_831' title='bbox 3280 4552 3375 4601; x_wconf 64' lang='grc' dir='ltr'>καὶ</span> 
     </span>
    </p>
   </div>
   <div class='ocr_carea' id='block_1_108' title="bbox 1778 4637 3376 4714">
    <p class='ocr_par' dir='ltr' id='par_1_108' title="bbox 1778 4637 3376 4714">
     <span class='ocr_line' id='line_1_108' title="bbox 1778 4637 3376 4714; baseline -0.003 -16"><span class='ocrx_word' id='word_1_832' title='bbox 1778 4645 1892 4714; x_wconf 81' lang='grc' dir='ltr'>γὰρ</span> <span class='ocrx_word' id='word_1_833' title='bbox 1927 4646 1987 4696; x_wconf 90' lang='grc' dir='ltr'>ἐν</span> <span class='ocrx_word' id='word_1_834' title='bbox 2033 4641 2366 4712; x_wconf 81' lang='grc' dir='ltr'>ἀμφοτέροις</span> <span class='ocrx_word' id='word_1_835' title='bbox 2403 4637 2606 4706; x_wconf 86' lang='grc' dir='ltr'>ὁμοίως</span> <span class='ocrx_word' id='word_1_836' title='bbox 2665 4637 2897 4707; x_wconf 77' lang='grc' dir='ltr'>ἔλαμπε.</span> <span class='ocrx_word' id='word_1_837' title='bbox 2940 4639 3069 4702; x_wconf 88' lang='grc' dir='ltr'>Πῶς</span> <span class='ocrx_word' id='word_1_838' title='bbox 3106 4639 3162 4691; x_wconf 86' lang='grc' dir='ltr'>δέ</span> <span class='ocrx_word' id='word_1_839' title='bbox 3207 4641 3376 4693; x_wconf 67' lang='grc' dir='ltr'>ὅπλον</span> 
     </span>
    </p>
   </div>
   <div class='ocr_carea' id='block_1_109' title="bbox 1779 4730 3373 4806">
    <p class='ocr_par' dir='ltr' id='par_1_109' title="bbox 1779 4730 3373 4806">
     <span class='ocr_line' id='line_1_109' title="bbox 1779 4730 3373 4806; baseline -0.004 -16"><span class='ocrx_word' id='word_1_840' title='bbox 1779 4738 1991 4806; x_wconf 86' lang='grc' dir='ltr'>γίνεται</span> <span class='ocrx_word' id='word_1_841' title='bbox 2023 4730 2407 4801; x_wconf 86' lang='grc' dir='ltr'>δικαιοσύνης;</span> <span class='ocrx_word' id='word_1_842' title='bbox 2437 4731 2562 4784; x_wconf 84' lang='grc' dir='ltr'>Ὅτι</span> <span class='ocrx_word' id='word_1_843' title='bbox 2601 4733 2785 4800; x_wconf 85' lang='grc' dir='ltr'>ἐνάγει</span> <span class='ocrx_word' id='word_1_844' title='bbox 2830 4732 3060 4794; x_wconf 80' lang='grc' dir='ltr'>πολλοὺς</span> <span class='ocrx_word' id='word_1_845' title='bbox 3099 4733 3178 4794; x_wconf 84' lang='grc' dir='ltr'>είς</span> <span class='ocrx_word' id='word_1_846' title='bbox 3218 4732 3373 4783; x_wconf 84' lang='grc' dir='ltr'>εὐσέ-</span> 
     </span>
    </p>
   </div>
   <div class='ocr_carea' id='block_1_110' title="bbox 1780 4819 3372 4895">
    <p class='ocr_par' dir='ltr' id='par_1_110' title="bbox 1780 4819 3372 4895">
     <span class='ocr_line' id='line_1_110' title="bbox 1780 4819 3372 4895; baseline -0.003 -16"><span class='ocrx_word' id='word_1_847' title='bbox 1780 4830 1933 4882; x_wconf 77' lang='grc' dir='ltr'>ϐειαν</span> <span class='ocrx_word' id='word_1_848' title='bbox 1952 4827 2013 4879; x_wconf 83' lang='grc' dir='ltr'>τὸ</span> <span class='ocrx_word' id='word_1_849' title='bbox 2043 4827 2100 4877; x_wconf 88' lang='grc' dir='ltr'>ἐν</span> <span class='ocrx_word' id='word_1_850' title='bbox 2140 4826 2278 4895; x_wconf 79' lang='grc' dir='ltr'>τιμῇ</span> <span class='ocrx_word' id='word_1_851' title='bbox 2327 4819 2468 4877; x_wconf 77' lang='grc' dir='ltr'>εἶναι</span> <span class='ocrx_word' id='word_1_852' title='bbox 2498 4826 2626 4886; x_wconf 82' lang='grc' dir='ltr'>τοὺς</span> <span class='ocrx_word' id='word_1_853' title='bbox 2661 4824 3039 4886; x_wconf 62' lang='grc' dir='ltr'>διδασκάλους</span> <span class='ocrx_word' id='word_1_854' title='bbox 3067 4824 3161 4875; x_wconf 83' lang='grc' dir='ltr'>καί</span> <span class='ocrx_word' id='word_1_855' title='bbox 3193 4824 3372 4892; x_wconf 74' lang='grc' dir='ltr'>ἔργων</span> 
     </span>
    </p>
   </div>
   <div class='ocr_carea' id='block_1_111' title="bbox 1777 4914 3376 4986">
    <p class='ocr_par' dir='ltr' id='par_1_111' title="bbox 1777 4914 3376 4986">
     <span class='ocr_line' id='line_1_111' title="bbox 1777 4914 3376 4986; baseline -0.003 -15"><span class='ocrx_word' id='word_1_856' title='bbox 1777 4920 1833 4971; x_wconf 86' lang='grc' dir='ltr'>δέ</span> <span class='ocrx_word' id='word_1_857' title='bbox 1865 4915 2088 4983; x_wconf 82' lang='grc' dir='ltr'>ἀγαθῶν</span> <span class='ocrx_word' id='word_1_858' title='bbox 2111 4914 2271 4968; x_wconf 86' lang='grc' dir='ltr'>τοῦτο</span> <span class='ocrx_word' id='word_1_859' title='bbox 2310 4915 2510 4986; x_wconf 79' lang='grc' dir='ltr'>δεῖγμά</span> <span class='ocrx_word' id='word_1_860' title='bbox 2556 4917 2694 4980; x_wconf 80' lang='grc' dir='ltr'>ἐστι,</span> <span class='ocrx_word' id='word_1_861' title='bbox 2755 4916 2850 4968; x_wconf 75' lang='grc' dir='ltr'>καὶ</span> <span class='ocrx_word' id='word_1_862' title='bbox 2899 4915 2990 4966; x_wconf 88' lang='grc' dir='ltr'>τὸν</span> <span class='ocrx_word' id='word_1_863' title='bbox 3030 4914 3162 4966; x_wconf 68' lang='grc' dir='ltr'>Θεὸν</span> <span class='ocrx_word' id='word_1_864' title='bbox 3209 4915 3376 4968; x_wconf 80' lang='grc' dir='ltr'>τοῦτο</span> 
     </span>
    </p>
   </div>
   <div class='ocr_carea' id='block_1_112' title="bbox 1778 5006 3376 5077">
    <p class='ocr_par' dir='ltr' id='par_1_112' title="bbox 1778 5006 3376 5077">
     <span class='ocr_line' id='line_1_112' title="bbox 1778 5006 3376 5077; baseline -0.002 -15"><span class='ocrx_word' id='word_1_865' title='bbox 1778 5009 2007 5073; x_wconf 79' lang='grc' dir='ltr'>δοξάζει.</span> <span class='ocrx_word' id='word_1_866' title='bbox 2042 5008 2154 5061; x_wconf 72' lang='grc' dir='ltr'>Καὶ</span> <span class='ocrx_word' id='word_1_867' title='bbox 2185 5007 2344 5061; x_wconf 89' lang='grc' dir='ltr'>τοῦτο</span> <span class='ocrx_word' id='word_1_868' title='bbox 2377 5009 2436 5062; x_wconf 78' lang='grc' dir='ltr'>δὲ</span> <span class='ocrx_word' id='word_1_869' title='bbox 2469 5007 2572 5077; x_wconf 82' lang='grc' dir='ltr'>τῆς</span> <span class='ocrx_word' id='word_1_870' title='bbox 2599 5007 2694 5060; x_wconf 89' lang='grc' dir='ltr'>τοῦ</span> <span class='ocrx_word' id='word_1_871' title='bbox 2749 5006 2886 5059; x_wconf 87' lang='grc' dir='ltr'>Θεοῦ</span> <span class='ocrx_word' id='word_1_872' title='bbox 2919 5009 3281 5077; x_wconf 83' lang='grc' dir='ltr'>εὐμηχανίας,</span> <span class='ocrx_word' id='word_1_873' title='bbox 3309 5010 3376 5060; x_wconf 74' lang='grc' dir='ltr'>τὸ</span> 
     </span>
    </p>
   </div>
   <div class='ocr_carea' id='block_1_113' title="bbox 1779 5099 3368 5170">
    <p class='ocr_par' dir='ltr' id='par_1_113' title="bbox 1779 5099 3368 5170">
     <span class='ocr_line' id='line_1_113' title="bbox 1779 5099 3368 5170; baseline -0.001 -18"><span class='ocrx_word' id='word_1_874' title='bbox 1779 5101 1864 5152; x_wconf 76' lang='grc' dir='ltr'>διὰ</span> <span class='ocrx_word' id='word_1_875' title='bbox 1890 5100 1998 5151; x_wconf 90' lang='grc' dir='ltr'>τῶν</span> <span class='ocrx_word' id='word_1_876' title='bbox 2029 5099 2288 5152; x_wconf 84' lang='grc' dir='ltr'>ἐναντίων</span> <span class='ocrx_word' id='word_1_877' title='bbox 2341 5101 2583 5168; x_wconf 87' lang='grc' dir='ltr'>εἰσάγειν</span> <span class='ocrx_word' id='word_1_878' title='bbox 2633 5099 2694 5151; x_wconf 80' lang='grc' dir='ltr'>τὸ</span> <span class='ocrx_word' id='word_1_879' title='bbox 2730 5100 3012 5170; x_wconf 84' lang='grc' dir='ltr'>κήρυγμα.</span> <span class='ocrx_word' id='word_1_880' title='bbox 3053 5101 3253 5153; x_wconf 87' lang='grc' dir='ltr'>Σκόπει</span> <span class='ocrx_word' id='word_1_881' title='bbox 3275 5100 3368 5151; x_wconf 85' lang='grc' dir='ltr'>δέ·</span> 
     </span>
    </p>
   </div>
   <div class='ocr_carea' id='block_1_114' title="bbox 1777 5186 3366 5262">
    <p class='ocr_par' dir='ltr' id='par_1_114' title="bbox 1777 5186 3366 5262">
     <span class='ocr_line' id='line_1_114' title="bbox 1777 5186 3366 5262; baseline -0.001 -19"><span class='ocrx_word' id='word_1_882' title='bbox 1777 5191 1984 5243; x_wconf 81' lang='grc' dir='ltr'>ἐδέδετο</span> <span class='ocrx_word' id='word_1_883' title='bbox 2011 5190 2039 5242; x_wconf 84' lang='grc' dir='ltr'>ὁ</span> <span class='ocrx_word' id='word_1_884' title='bbox 2073 5189 2318 5256; x_wconf 86' lang='grc' dir='ltr'>Παῦλος;</span> <span class='ocrx_word' id='word_1_885' title='bbox 2346 5193 2456 5245; x_wconf 71' lang='grc' dir='ltr'>Καὶ</span> <span class='ocrx_word' id='word_1_886' title='bbox 2474 5190 2633 5243; x_wconf 87' lang='grc' dir='ltr'>τοῦτο</span> <span class='ocrx_word' id='word_1_887' title='bbox 2651 5186 2717 5262; x_wconf 74' lang='grc' dir='ltr'>ἧν</span> <span class='ocrx_word' id='word_1_888' title='bbox 2733 5191 2875 5260; x_wconf 81' lang='grc' dir='ltr'>ὑπὲρ</span> <span class='ocrx_word' id='word_1_889' title='bbox 2899 5192 2993 5244; x_wconf 87' lang='grc' dir='ltr'>τοῦ</span> <span class='ocrx_word' id='word_1_890' title='bbox 3019 5190 3366 5260; x_wconf 81' lang='grc' dir='ltr'>εὐαγγελίου.</span> 
     </span>
    </p>
   </div>
   <div class='ocr_carea' id='block_1_115' title="bbox 1784 5280 3368 5351">
    <p class='ocr_par' dir='ltr' id='par_1_115' title="bbox 1784 5280 3368 5351">
     <span class='ocr_line' id='line_1_115' title="bbox 1784 5280 3368 5351; baseline -0.003 -16"><span class='ocrx_word' id='word_1_891' title='bbox 1784 5284 1859 5335; x_wconf 78' lang='grc' dir='ltr'>Τὰ</span> <span class='ocrx_word' id='word_1_892' title='bbox 1880 5280 1990 5350; x_wconf 80' lang='grc' dir='ltr'>γὰρ</span> <span class='ocrx_word' id='word_1_893' title='bbox 2020 5283 2148 5332; x_wconf 75' lang='grc' dir='ltr'>κατ’</span> <span class='ocrx_word' id='word_1_894' title='bbox 2171 5281 2295 5350; x_wconf 77' lang='grc' dir='ltr'>ἐμὲ,</span> <span class='ocrx_word' id='word_1_895' title='bbox 2320 5283 2507 5351; x_wconf 67' lang='grc' dir='ltr'>φησιν,</span> <span class='ocrx_word' id='word_1_896' title='bbox 2527 5285 2614 5347; x_wconf 86' lang='grc' dir='ltr'>είς</span> <span class='ocrx_word' id='word_1_897' title='bbox 2643 5280 2965 5348; x_wconf 80' lang='grc' dir='ltr'>προκοπὴν</span> <span class='ocrx_word' id='word_1_898' title='bbox 2989 5281 3095 5332; x_wconf 85' lang='grc' dir='ltr'>τοῦ</span> <span class='ocrx_word' id='word_1_899' title='bbox 3121 5282 3368 5347; x_wconf 74' lang='grc' dir='ltr'>εὐαγγε-</span> 
     </span>
    </p>
   </div>
   <div class='ocr_carea' id='block_1_116' title="bbox 1776 5369 3372 5439">
    <p class='ocr_par' dir='ltr' id='par_1_116' title="bbox 1776 5369 3372 5439">
     <span class='ocr_line' id='line_1_116' title="bbox 1776 5369 3372 5439; baseline -0.004 -12"><span class='ocrx_word' id='word_1_900' title='bbox 1776 5375 1914 5427; x_wconf 79' lang='grc' dir='ltr'>λίου</span> <span class='ocrx_word' id='word_1_901' title='bbox 1941 5373 2268 5438; x_wconf 75' lang='grc' dir='ltr'>ἐλήλυθεν,</span> <span class='ocrx_word' id='word_1_902' title='bbox 2285 5373 2442 5426; x_wconf 79' lang='grc' dir='ltr'>ὥστε</span> <span class='ocrx_word' id='word_1_903' title='bbox 2466 5373 2609 5438; x_wconf 84' lang='grc' dir='ltr'>τοὺς</span> <span class='ocrx_word' id='word_1_904' title='bbox 2630 5373 2919 5437; x_wconf 73' lang='grc' dir='ltr'>πλείονας</span> <span class='ocrx_word' id='word_1_905' title='bbox 2945 5371 3066 5424; x_wconf 75' lang='grc' dir='ltr'>τῶν</span> <span class='ocrx_word' id='word_1_906' title='bbox 3084 5369 3372 5439; x_wconf 65' lang='grc' dir='ltr'>ἀδελφῶν</span> 
     </span>
    </p>
   </div>
   <div class='ocr_carea' id='block_1_117' title="bbox 1777 5463 3368 5533">
    <p class='ocr_par' dir='ltr' id='par_1_117' title="bbox 1777 5463 3368 5533">
     <span class='ocr_line' id='line_1_117' title="bbox 1777 5463 3368 5533; baseline -0.001 -17"><span class='ocrx_word' id='word_1_907' title='bbox 1777 5466 2138 5529; x_wconf 68' lang='grc' dir='ltr'>πεποιθότας·</span> <span class='ocrx_word' id='word_1_908' title='bbox 2175 5465 2300 5530; x_wconf 85' lang='grc' dir='ltr'>τοῖς</span> <span class='ocrx_word' id='word_1_909' title='bbox 2328 5464 2574 5533; x_wconf 85' lang='grc' dir='ltr'>δεσμοῖς</span> <span class='ocrx_word' id='word_1_910' title='bbox 2592 5481 2735 5532; x_wconf 87' lang='grc' dir='ltr'>μου,</span> <span class='ocrx_word' id='word_1_911' title='bbox 2761 5463 3201 5532; x_wconf 80' lang='grc' dir='ltr'>περισσοτέρως</span> <span class='ocrx_word' id='word_1_912' title='bbox 3228 5465 3368 5514; x_wconf 74' lang='grc' dir='ltr'>τολ-</span> 
     </span>
    </p>
   </div>
   <div class='ocr_carea' id='block_1_118' title="bbox 1769 5549 3369 5623">
    <p class='ocr_par' dir='ltr' id='par_1_118' title="bbox 1769 5549 3369 5623">
     <span class='ocr_line' id='line_1_118' title="bbox 1769 5549 3369 5623; baseline -0.004 -17"><span class='ocrx_word' id='word_1_913' title='bbox 1769 5555 1894 5623; x_wconf 76' lang='grc' dir='ltr'>μᾷν</span> <span class='ocrx_word' id='word_1_914' title='bbox 1919 5555 2153 5620; x_wconf 53' lang='grc' dir='ltr'>ἀφόϐως</span> <span class='ocrx_word' id='word_1_915' title='bbox 2201 5555 2308 5606; x_wconf 76' lang='grc' dir='ltr'>τὸν</span> <span class='ocrx_word' id='word_1_916' title='bbox 2357 5557 2544 5622; x_wconf 67' lang='grc' dir='ltr'>λόγον</span> <span class='ocrx_word' id='word_1_917' title='bbox 2567 5552 2799 5607; x_wconf 72' lang='grc' dir='ltr'>λαλεῖν.</span> <span class='ocrx_word' id='word_1_918' title='bbox 2838 5549 3006 5616; x_wconf 75' lang='grc' dir='ltr'>Δόξης</span> <span class='ocrx_word' id='word_1_919' title='bbox 3040 5550 3202 5602; x_wconf 88' lang='grc' dir='ltr'>πάλιν</span> <span class='ocrx_word' id='word_1_920' title='bbox 3223 5549 3369 5616; x_wconf 72' lang='grc' dir='ltr'>ἁπήο</span> 
     </span>
    </p>
   </div>
   <div class='ocr_carea' id='block_1_119' title="bbox 1775 5641 3364 5715">
    <p class='ocr_par' dir='ltr' id='par_1_119' title="bbox 1775 5641 3364 5715">
     <span class='ocr_line' id='line_1_119' title="bbox 1775 5641 3364 5715; baseline -0.004 -19"><span class='ocrx_word' id='word_1_921' title='bbox 1775 5648 1941 5708; x_wconf 73' lang='grc' dir='ltr'>λαυε;</span> <span class='ocrx_word' id='word_1_922' title='bbox 1973 5647 2078 5699; x_wconf 78' lang='grc' dir='ltr'>Καὶ</span> <span class='ocrx_word' id='word_1_923' title='bbox 2109 5645 2266 5699; x_wconf 88' lang='grc' dir='ltr'>τοῦτο</span> <span class='ocrx_word' id='word_1_924' title='bbox 2305 5647 2466 5699; x_wconf 86' lang='grc' dir='ltr'>πάλιν</span> <span class='ocrx_word' id='word_1_925' title='bbox 2487 5644 2730 5708; x_wconf 84' lang='grc' dir='ltr'>ἐκείνους</span> <span class='ocrx_word' id='word_1_926' title='bbox 2781 5643 3230 5715; x_wconf 87' lang='grc' dir='ltr'>προθυμοτέρους</span> <span class='ocrx_word' id='word_1_927' title='bbox 3248 5641 3364 5707; x_wconf 86' lang='grc' dir='ltr'>εἰρ-</span> 
     </span>
    </p>
   </div>
   <div class='ocr_carea' id='block_1_120' title="bbox 1774 5732 3365 5806">
    <p class='ocr_par' dir='ltr' id='par_1_120' title="bbox 1774 5732 3365 5806">
     <span class='ocr_line' id='line_1_120' title="bbox 1774 5732 3365 5806; baseline -0.004 -16"><span class='ocrx_word' id='word_1_928' title='bbox 1774 5738 1997 5806; x_wconf 73' lang='grc' dir='ltr'>γάζετο.</span> <span class='ocrx_word' id='word_1_929' title='bbox 2052 5739 2154 5791; x_wconf 83' lang='grc' dir='ltr'>Διά</span> <span class='ocrx_word' id='word_1_930' title='bbox 2209 5737 2561 5806; x_wconf 72' lang='grc' dir='ltr'>δυσφημίας</span> <span class='ocrx_word' id='word_1_931' title='bbox 2614 5736 2707 5788; x_wconf 79' lang='grc' dir='ltr'>καὶ</span> <span class='ocrx_word' id='word_1_932' title='bbox 2750 5735 3072 5803; x_wconf 60' lang='grc' dir='ltr'>εὐφημίας.</span> <span class='ocrx_word' id='word_1_933' title='bbox 3128 5732 3204 5784; x_wconf 82' lang='grc' dir='ltr'>οὐ</span> <span class='ocrx_word' id='word_1_934' title='bbox 3253 5735 3365 5799; x_wconf 70' lang='grc' dir='ltr'>γὰρ</span> 
     </span>
    </p>
   </div>
  </div>
