4568 6424
540 384 657 440 αις

543 497 810 553 Iebratur.
837 495 977 563 Quin
999 490 1131 550 illud
1150 507 1364 567 quoque
1394 492 1559 548 divini
1580 490 1791 548 artilicii
1818 501 1954 553 erat,
1979 488 2137 545 nimi-

542 608 671 646 rum
700 590 957 662 evangelii
988 590 1353 661 pradicationi
1379 589 1582 643 aditum
1606 602 1700 658 per
1720 584 1985 642 contraria
2013 598 2141 654 ape-

545 684 680 740 rire.
734 683 826 738 Sic
878 682 1023 738 enim
1072 683 1248 753 cogita
1300 698 1314 734 :
1356 679 1581 736 Vinctus
1631 686 1749 733 erat
1800 675 2033 731 Paulus?
2080 674 2137 729 ld

538 789 765 847 quoque
792 775 858 828 ad
886 774 1148 841 evangelii
1180 772 1521 829 commodum
1560 769 1804 825 cedebat.
1844 768 1972 833 Quae
2000 766 2138 821 circa

540 880 632 920 me
655 876 793 932 sunt,
819 866 1005 936 inquit,
1030 864 1191 936 magis
1211 864 1279 917 ad
1299 864 1580 933 profectum
1595 859 1840 929 euangelii
1860 868 2098 912 venerunt
2122 874 2141 912 :

538 956 622 1010 ita
647 966 701 1010 ut
728 958 899 1026 plures
944 973 972 1011 e
1006 957 1251 1028 fratribus
1281 954 1589 1023 conﬁdentes
1625 954 1676 1005 in
1718 951 1931 1005 vinculis
1975 949 2096 1003 meis
2118 988 2135 1012 ,

541 1047 889 1101 abundantius
908 1049 1150 1102 auderent
1166 1048 1273 1100 sine
1292 1046 1469 1099 timore
1493 1043 1693 1096 verbum
1708 1040 1801 1095 Dei
1821 1040 1961 1111 loqui
1982 1038 2137 1110 (Phi-

543 1137 680 1208 lipp.
712 1140 763 1193 1.
799 1137 885 1193 12.
917 1140 1030 1209 11).
1059 1137 1290 1192 Rursum
1337 1136 1390 1189 in
1435 1135 1603 1205 gloria
1642 1132 1994 1188 versabatur?
2024 1132 2137 1186 lloc

540 1245 762 1301 quoque
783 1245 992 1285 rursum
1020 1227 1491 1299 promptitudinem
1518 1225 1626 1281 illis
1655 1224 1915 1294 majorem
1945 1223 2137 1278 alicre-

542 1322 721 1377 rebat.
761 1320 861 1377 Per
885 1322 1155 1390 infamiam
1183 1328 1230 1371 et
1256 1317 1442 1371 bonam
1468 1320 1681 1388 famam.
1728 1314 1844 1371 Non
1876 1316 2020 1369 enim
2069 1330 2134 1370 ea

544 1414 729 1469 aulum
742 1426 865 1485 qua:
879 1426 1107 1481 corpore
1125 1411 1242 1464 esci
1252 1409 1445 1478 piebat,
1467 1408 1589 1463 forti
1605 1409 1786 1463 animo
1812 1406 2133 1478 perferebat,

540 1504 888 1573 afﬂictiones,
906 1519 1076 1573 eaque
1092 1503 1270 1557 omnia
1296 1518 1413 1571 qua!
1434 1502 1722 1569 recensuit,
1744 1501 1837 1557 sed
1860 1517 1922 1557 ea
1945 1504 2132 1567 etiam,

540 1614 671 1669 qua:
697 1599 930 1652 animum
955 1597 1127 1650 solum
1150 1595 1581 1667 perstringebant
1608 1611 1625 1649 :
1659 1610 1832 1665 neque
1851 1594 1997 1650 enim
2020 1595 2135 1650 lucc

544 1689 809 1744 tumultus
856 1689 1097 1743 excitare
1145 1697 1554 1744 consueverunt.
1586 1686 1705 1756 Ipse
1742 1688 1942 1757 quippe
1978 1686 2135 1742 lere-

539 1781 704 1845 mias,
741 1794 862 1833 cum
894 1780 1090 1833 multas
1121 1780 1446 1834 tcntationes
1486 1778 1727 1842 tulisset,
1754 1777 1821 1833 ad
1866 1778 1962 1833 has
2008 1778 2134 1832 fati-

538 1872 750 1937 scebat,
782 1879 839 1927 et
869 1887 990 1928 cum
1019 1871 1276 1927 conviciis
1306 1871 1691 1939 incesseretur,
1716 1872 1929 1927 dicebat
1961 1890 1974 1925 ς
2011 1871 2134 1926 Non

540 1962 858 2033 prophetubo
876 2004 893 2032 ,
922 1980 1018 2018 nec
1042 1964 1222 2035 loquar
1250 1964 1388 2018 ultra
1431 1964 1485 2018 in
1530 1964 1733 2018 nomine
1758 1963 1968 2018 Domini
1994 1962 2129 2034 (Jer.

534 2056 635 2111 20.
663 2054 740 2126 9).
772 2055 935 2110 David
962 2055 1121 2109 etiam
1152 2069 1292 2124 saepe
1321 2054 1374 2111 in
1404 2054 1603 2125 probro
1627 2068 1687 2110 se
1724 2068 1845 2110 esse
1864 2053 2130 2124 deplorat.

534 2150 719 2217 Atque
757 2145 916 2205 Isaias
936 2157 1059 2215 post
1096 2146 1198 2201 alia
1229 2147 1391 2200 multa
1424 2162 1520 2217 pro
1544 2146 1644 2201 bac
1670 2160 1729 2201 re
1765 2146 1845 2201 sic
1868 2147 2127 2202 cohorta.

536 2249 633 2293 tur
666 2255 680 2295 :
706 2237 880 2293 Nolite
908 2241 1082 2293 timere
1107 2240 1436 2308 opprobrium
1460 2240 1743 2305 hominum,
1772 2249 1822 2294 et
1846 2240 2134 2309 despectum

533 2347 717 2385 eorum
759 2348 821 2385 ne
850 2334 1083 2386 metuatis
1110 2330 1266 2403 (Isai.
1301 2332 1390 2386 51.
1434 2332 1511 2403 7).
1543 2334 1619 2388 Ac
1644 2347 1856 2387 rursum
1886 2333 2133 2388 Christus

536 2421 842 2493 discipulis,
870 2422 997 2478 Cum
1025 2424 1267 2488 dixerint,
1298 2422 1469 2493 inquit
1497 2464 1511 2487 ,
1541 2438 1688 2476 omne
1716 2424 1911 2476 malum
1952 2422 2133 2477 adrer-

536 2531 656 2568 sunt
684 2531 789 2581 vos,
826 2517 1138 2581 mentientes,
1165 2515 1379 2587 gaudete
1404 2524 1451 2569 et
1471 2515 1718 2569 exsultate
1738 2516 1980 2587 quoniam
2001 2532 2132 2568 mer-

535 2624 622 2661 ces
659 2619 820 2662 uestra
863 2610 1067 2676 copiosa
1095 2618 1167 2662 est
1205 2608 1255 2660 in
1284 2607 1423 2661 cadis
1454 2605 1664 2674 (Matth.
1699 2608 1751 2661 5.
1784 2607 1870 2659 11.
1907 2605 2035 2672 12);
2077 2614 2127 2659 ct

534 2700 648 2752 alio
676 2699 794 2752 loco
815 2698 981 2762 dicit,
1018 2697 1081 2750 Et
1109 2698 1358 2751 exsultate
1392 2695 1539 2766 (Luc.
1568 2697 1621 2749 6.
1650 2693 1764 2765 23).
1816 2696 1977 2765 Atqui
2013 2711 2124 2754 non

538 2799 741 2843 tantam
774 2789 1076 2844 mercedem
1102 2787 1488 2853 constituisset,
1514 2787 1613 2841 nisi
1644 2786 1829 2857 ingens
1852 2797 1995 2842 esset
2014 2803 2131 2843 cer.

536 2891 740 2935 tamen.
770 2880 823 2931 ln
858 2879 1187 2933 cruciatibus
1215 2878 1361 2932 enim
1387 2892 1583 2947 corpus
1609 2893 1730 2931 cum
1757 2879 1940 2933 animo
1966 2879 2123 2934 dolo-

534 2988 629 3026 res
652 2971 920 3043 partitur;
971 2971 1070 3023 hoc
1103 2969 1300 3039 quippe
1331 2968 1493 3024 habet
1525 2968 1711 3036 dolor,
1748 2978 1802 3023 ut
1835 2979 1891 3024 et
1934 2985 2131 3041 corpus

532 3073 594 3116 et
636 3062 876 3115 animum
922 3059 1171 3115 alliciat:
1228 3072 1282 3114 at
1342 3062 1397 3116 in
1446 3061 1662 3131 probris
1714 3062 1925 3116 animus
1978 3065 2127 3117 solus

534 3164 781 3210 vexatur.
817 3154 967 3209 Multi
997 3165 1142 3209 certe
1173 3154 1258 3209 liis
1287 3154 1415 3209 solis
1446 3155 1697 3225 prostrati
1726 3164 1871 3220 sunt,
1903 3155 2129 3209 animm—

532 3262 646 3314 que
673 3261 783 3301 suae
807 3246 1075 3316 iacturam
1109 3247 1370 3303 fecerunt.
1403 3248 1576 3317 Atque
1620 3248 1718 3318 ipsi
1750 3246 1886 3301 Jobo
1925 3248 2128 3301 vermi-

535 3340 642 3396 bus
666 3348 720 3394 et
742 3340 1010 3396 ulceribus
1035 3343 1281 3409 graviora
1313 3357 1374 3394 ea
1407 3340 1603 3411 probra
1637 3339 1807 3405 fuere,
1838 3340 2035 3411 quibus
2061 3342 2129 3394 ab

532 3435 729 3489 amicis
765 3443 1019 3489 oneratus
1051 3434 1167 3488 fuit.
1203 3433 1344 3487 Nihil
1376 3435 1518 3487 enim
1550 3443 1661 3497 est,
1696 3433 1851 3495 nihil,
1877 3433 2121 3500 inquam,

534 3538 626 3581 est
658 3528 723 3580 iis
742 3527 832 3596 qui
863 3526 1140 3581 doloribus
1176 3534 1489 3593 premuntur
1521 3525 1937 3588 intolerabilius,
1969 3542 2126 3595 quam

532 3617 715 3671 oratio
742 3633 861 3685 qua:
895 3617 1013 3670 illos
1045 3616 1307 3669 mordeat.
1333 3615 1599 3681 Quocirca
1627 3631 1747 3667 cum
1782 3617 2038 3683 periculis
2064 3630 2127 3669 ac

535 3708 825 3763 sudoribus
872 3708 986 3761 lucc
1035 3707 1302 3770 collocat,
1361 3706 1588 3770 dicens,
1643 3706 1746 3758 Per
1812 3707 2029 3775 gloriam
2078 3717 2129 3759 et

537 3801 899 3869 ignominiam.
941 3798 1088 3851 Multi
1116 3798 1312 3867 quippe
1333 3838 1348 3860 ,
1373 3798 1530 3852 etiam
1577 3812 1642 3851 ex
1681 3796 1880 3851 Judazis
1906 3839 1919 3860 ,
1947 3812 2016 3851 ne
2064 3813 2126 3852 ca

536 3892 709 3963 gloria
742 3892 794 3947 in
822 3906 922 3961 qua
950 3889 1091 3959 apud
1140 3889 1331 3958 vulgus
1365 3898 1523 3944 erant
1568 3888 1876 3943 laberentur
1900 3927 1916 3953 ,
1968 3887 2124 3942 [idem

535 3984 793 4053 amplecti
824 3982 1128 4036 noluerunt.
1162 3979 1447 4034 Tiniebant
1471 3980 1613 4034 enini
1638 4019 1654 4045 ,
1687 3994 1792 4033 non
1823 3996 1889 4033 ne
1912 3980 2121 4048 suppli-

537 4077 628 4131 cio
657 4076 1018 4137 afﬁcerentur,
1052 4074 1146 4127 sed
1179 4088 1245 4127 ne
1266 4088 1331 4128 ex
1360 4086 1625 4145 synagoga
1655 4071 2129 4142 proscriberentur

540 4165 726 4235 (Joan.
764 4166 847 4221 η.
880 4167 973 4238 42)
1007 4185 1021 4221 :
1054 4166 1194 4220 unde
1232 4166 1394 4220 etiam
1424 4166 1636 4222 dicebat
1665 4165 1933 4227 Christus,
1980 4164 2125 4231 Quo-

538 4260 694 4313 modo
723 4260 929 4328 potes'is
961 4258 1164 4311 credere
1183 4300 1197 4321 ,
1227 4258 1312 4322 qui
1340 4245 1556 4327 gloriam
1580 4258 1641 4311 ab
1668 4259 1876 4311 invicem
1903 4258 2127 4325 accipitis

542 4352 726 4423 tJoan.
761 4351 813 4404 5.
848 4351 897 4403 4.
934 4349 1033 4420 4)Ῡ
1076 4352 1154 4404 Ac
1192 4349 1391 4402 multos
1440 4363 1664 4403 cernere
1701 4357 1822 4413 est,
1861 4350 1951 4419 qui
2003 4364 2126 4401 eum

539 4442 738 4499 acerba
766 4440 945 4496 omnia
970 4439 1444 4509 contempsissent,
1476 4453 1506 4491 a
1534 4438 1703 4507 gloria
1726 4440 1957 4507 superati
1980 4448 2123 4491 sunt.

539 4533 617 4591 Ut
640 4538 926 4588 seductores
952 4540 999 4585 et
1024 4546 1243 4584 veraces.
1271 4528 1412 4585 Idem
1438 4538 1519 4585 est
1550 4544 1675 4583 cum
1703 4529 1795 4583 illo
1819 4571 1833 4593 ,
1864 4527 1963 4582 Per
1988 4530 2127 4599 infa-

538 4627 699 4681 sniam
718 4634 763 4679 et
787 4623 970 4678 bonam
996 4623 1207 4692 famam.
1239 4623 1382 4677 Sicut
1411 4625 1496 4695 qui
1520 4623 1680 4693 ignoti
1705 4631 1755 4678 et
1784 4623 1992 4692 aagniti.
2017 4622 2128 4679 [Ioc

526 4718 783 4787 .idipsum
798 4725 881 4771 est
905 4715 1069 4785 quod,
1095 4713 1196 4767 Per
1216 4714 1430 4785 gloriam
1452 4723 1497 4767 et
1523 4714 1871 4785 ignominiam.
1898 4715 2128 4780 Quibus-

536 4808 666 4863 dam
694 4806 836 4862 enim
876 4807 988 4861 noti
1017 4814 1173 4860 erant
1192 4846 1207 4869 ,
1229 4806 1300 4858 ab
1341 4804 1513 4872 iisque
1542 4804 1883 4868 colebantur;
1912 4806 2127 4876 quidam

540 4914 615 4953 ne
656 4912 981 4968 cognoscere
1016 4896 1233 4966 quidem
1280 4908 1378 4949 eos
1435 4893 1810 4963 dignabantur.
1857 4896 1910 4951 9.
1968 4896 2127 4962 Quasi

542 4991 834 5055 morientes,
864 5000 910 5045 et
934 5006 1047 5044 ecce
1072 4989 1304 5043 vivimus.
1338 4985 1408 5042 Ut
1432 4988 1589 5040 morti
1631 4988 1847 5043 obnoxii
1874 5006 1936 5044 ac
1976 4991 2129 5045 dam-

539 5081 657 5138 nati
689 5098 705 5135 :
732 5080 872 5149 quod
907 5082 1081 5151 ipsum
1113 5093 1328 5151 quoque
1354 5077 1642 5149 ignominia
1673 5088 1807 5133 erat.

616 5172 672 5225 ι.
708 5171 817 5227 lloc
857 5185 1020 5241 porro
1049 5172 1296 5237 dicebat,
1331 5180 1441 5226 tum
1484 5178 1544 5224 ut
1580 5170 1990 5228 inenarrabilem
2034 5174 2125 5230 Dei

544 5262 863 5333 potentiam,
898 5272 1007 5316 tum
1035 5262 1347 5331 patientiam
1401 5275 1553 5317 suam
1593 5259 1916 5315 declararet.
1949 5263 2081 5316 bam
2110 5305 2125 5329 ,

543 5361 806 5422 quantum
836 5368 1005 5423 penes
1030 5353 1373 5411 insidiatores
1396 5362 1500 5421 est,
1522 5353 1718 5409 mortui
1740 5368 1946 5417 sumus,
1969 5364 2129 5425 atque

543 5450 621 5503 itu
652 5461 838 5502 omnes
866 5446 1211 5513 existimant;
1238 5456 1295 5513 at
1317 5446 1498 5503 divina
1534 5446 1769 5518 potentia
1798 5440 1993 5501 factum
2022 5459 2125 5515 est,

547 5550 611 5596 ut
650 5554 716 5595 ex
752 5537 1002 5608 periculis
1031 5538 1203 5606 erepti
1235 5537 1426 5593 simus.
1461 5538 1651 5595 Postea
1691 5552 1788 5593 cur
1814 5535 1932 5591 lucc
1988 5537 2130 5593 Deus

548 5630 825 5702 permittat
849 5628 1165 5698 explanant,
1192 5628 1503 5701 subiungit,
1554 5629 1624 5687 Ut
1654 5629 1927 5701 castigati,
1954 5638 2001 5683 et
2027 5647 2131 5684 non

548 5721 863 5791 mortiﬁcati.
901 5720 1106 5790 Quibus
1153 5719 1391 5788 indicat,
1422 5736 1488 5779 ex
1518 5722 1902 5779 tentationibus
1944 5721 2130 5793 ingen-

548 5826 660 5871 tem
696 5818 853 5868 etiam
879 5823 1004 5869 ante
1031 5813 1143 5880 ipsa
1172 5812 1393 5877 premis
1442 5814 1671 5870 fructum
1710 5812 1842 5882 ipsis
1890 5813 2127 5883 exoriri,

882 5934 1147 5994 Ps'ruoc.
1192 5926 1309 5988 Gn.
1355 5923 1509 5985 LXI.

1551 376 1617 433 IN
1655 374 1869 433 EPIST.
1909 370 1955 431 Il
2018 369 2108 427 AD
2144 371 2299 430 COB.
2341 372 2572 432 HOMIL.
2612 371 2726 433 Xll.

3729 381 3832 439 ιεϋ

2250 491 2543 561 hostesque
2564 501 2647 547 vet
2667 493 2861 548 invitos
2888 493 2988 557 sibi
3016 493 3179 550 utiles
3203 496 3440 552 csse.I0.
3471 496 3629 565 Quasi
3646 501 3831 565 tristes,

2244 600 2440 655 semper
2476 595 2643 639 autem
2688 587 2984 657 gaudentes.
3027 588 3213 644 Esteri
3241 590 3585 659 suspicantur
3624 605 3724 645 nos
3777 591 3833 647 in

2245 691 2479 733 maerore
2507 693 2660 744 esse;
2705 690 2759 734 at
2801 696 2941 747 nos,
2988 681 3113 751 quid
3152 682 3250 751 ipsi
3293 682 3639 750 existiment,
3691 685 3834 739 haud

2243 769 2572 824 attendimus
2592 813 2608 836 ,
2641 787 2826 827 verum
2856 771 3235 828 ﬂorentissima
3263 772 3537 845 voluptate
3580 773 3830 829 fruimur.

2242 857 2351 911 Nec
2374 874 2502 913 vero
2529 860 2825 931 gaudentes
2843 863 3018 917 solum
3036 864 3201 929 dixit,
3217 864 3310 919 sed
3337 863 3571 927 addidit,.
3591 866 3828 935 Semper.

2244 947 2458 1019 Semper
2486 953 2628 1006 enim
2655 956 2966 1025 gaudentes,
3020 956 3209 1027 inquit.
3256 956 3455 1028 Ecquid
3500 960 3658 1025 igitur
3709 960 3832 1014 huic

2244 1039 2364 1092 vitae
2395 1056 2492 1110 par
2531 1058 2653 1099 esse
2680 1055 2861 1114 queat,
2893 1048 2943 1099 iu
2965 1062 3091 1118 qua,
3127 1057 3206 1101 tot
3228 1049 3621 1104 calamitatibus
3650 1050 3831 1104 incur-

2242 1132 2506 1201 santibus,
2558 1137 2763 1191 auctior
2814 1137 3058 1208 voluptas
3105 1138 3373 1194 efficitur?
3417 1139 3563 1195 Sicut
3593 1151 3829 1211 eget-tes,

2241 1224 2426 1279 multos
2453 1236 2617 1281 autem
2647 1228 3033 1297 locupletantes.
3060 1230 3285 1297 Quidam
3318 1232 3464 1286 aiunt
3490 1230 3596 1285 hoc
3624 1232 3740 1288 loco
3762 1234 3832 1287 de

2241 1314 2606 1383 spiritualibus
2649 1319 2839 1388 opibus
2866 1322 3026 1376 verba
3069 1320 3254 1376 haberi
3279 1340 3293 1388 ;
3322 1338 3422 1393 ego
3447 1333 3627 1379 autem
3657 1325 3723 1380 de
3766 1326 3831 1379 iis

2240 1420 2487 1476 quoque,
2515 1425 2635 1479 qua:
2676 1409 2743 1464 ad
2771 1426 2989 1467 carnem
3016 1413 3244 1468 attinent
3272 1431 3283 1466 :
3318 1430 3438 1468 nam
3473 1424 3529 1469 ct
3560 1414 3643 1470 bis
3692 1432 3831 1469 novo

2239 1496 2470 1564 quodam
2520 1500 2680 1555 modo
2729 1503 2936 1572 prmditi
2990 1514 3183 1569 erant,
3238 1514 3295 1559 ut
3342 1506 3537 1576 quibus
3582 1507 3825 1561 omnium

2239 1587 2385 1643 aedes
2432 1601 2698 1659 paterent.
2730 1596 2904 1665 Atque
2950 1596 3051 1651 hoc
3094 1598 3434 1666 perspicuum
3475 1597 3602 1653 fecit
3647 1615 3710 1654 ex
3758 1613 3826 1654 eo

2238 1681 2379 1749 quod
2410 1680 2663 1753 deinceps
2691 1686 2767 1739 ait
2790 1727 2805 1748 ,
2838 1682 3118 1755 Tamquam
3154 1688 3282 1743 nihil
3307 1689 3561 1756 habentes,
3586 1700 3631 1743 et
3659 1692 3828 1744 omnia

2240 1774 2569 1841 possidentes.
2604 1776 2677 1830 Et
2699 1778 2788 1845 qui
2824 1777 2938 1831 fieri
2969 1778 3071 1832 hoc
3103 1780 3313 1849 potest?
3334 1783 3572 1852 inquies.
3609 1782 3719 1836 Iino
3739 1784 3826 1852 qui

2237 1865 2565 1919 contrarium
2612 1865 2723 1922 ﬁeri
2759 1869 2974 1937 potest?
3021 1867 3154 1923 Nam
3185 1870 3275 1940 qui
3329 1872 3501 1925 multa
3544 1873 3825 1942 possidet,

2238 1954 2369 2008 nihil
2410 1955 2603 2022 habet;
2632 1957 2719 2026 qui
2751 1967 2928 2011 autem
2956 1958 3086 2011 nihil
3116 1958 3317 2026 habet,
3346 1961 3529 2015 omnia
3560 1962 3823 2032 possidet.

2236 2049 2420 2119 Neque
2448 2050 2533 2104 hic
2559 2051 2731 2106 solum
2766 2052 2865 2105 hoc
2893 2068 2989 2107 usu
3023 2054 3194 2119 venit,
3221 2052 3318 2109 sed
3352 2065 3405 2109 et
3440 2055 3492 2109 in
3519 2049 3639 2111 aliis
3668 2059 3828 2112 rebus

2237 2158 2268 2198 e
2311 2143 2593 2199 contrariis
2643 2143 2908 2197 contraria
2957 2144 3239 2198 exsistunt.
3291 2144 3445 2212 Quod
3492 2146 3536 2199 si
3593 2146 3811 2202 miraris

2237 2249 2469 2302 quonam
2502 2233 2661 2289 modo
2685 2234 2793 2299 liat,
2826 2244 2882 2288 ut
2910 2235 2999 2303 qui
3029 2235 3188 2290 rebus
3212 2236 3461 2291 omnibus
3488 2248 3651 2301 caret,
3693 2254 3826 2317 cqu-

2237 2334 2321 2375 cta
2356 2322 2567 2389 habeat,
2599 2323 2739 2378 hunc
2780 2326 2952 2396 ipsum
2987 2325 3210 2379 Paulum
3244 2327 3296 2378 in
3326 2325 3558 2381 medium
3587 2328 3824 2383 adduca-

2236 2428 2354 2466 mus
2377 2454 2393 2477 ,
2423 2412 2511 2481 qui
2541 2414 2657 2467 orbi
2692 2423 2953 2469 terrarum
2984 2416 3284 2487 imperabat
3305 2458 3319 2478 ,
3350 2432 3449 2473 nec
3478 2419 3823 2487 pecuniarum

2238 2515 2459 2571 tantum,
2484 2506 2577 2561 sed
2604 2515 2658 2561 et
2679 2509 2960 2564 oculorum
2979 2511 3218 2566 omnium
3239 2512 3487 2569 dominus
3506 2524 3622 2569 erat
3648 2531 3821 2579 :nam,

2236 2595 2298 2651 Si
2327 2598 2437 2665 fieri
2480 2598 2721 2665 potuisset
2742 2640 2755 2661 ,
2787 2599 2993 2669 inquit,
3025 2603 3200 2655 oculos
3245 2612 3433 2657 uestros
3454 2606 3713 2659 eruissetis
3736 2649 3749 2671 ,
3775 2616 3824 2660 et

2236 2689 2359 2742 mihi
2388 2688 2824 2761 dedissetileal.
2857 2692 2911 2745 4.
2946 2692 3059 2761 15).
3084 2692 3207 2747 [huc
3242 2708 3401 2761 porro
3430 2694 3594 2759 dicit,
3627 2707 3682 2751 ut
3726 2714 3824 2751 nos

2236 2780 2426 2836 doceat
2464 2794 2521 2838 ut
2549 2799 2616 2839 ne
2644 2784 2714 2838 ob
2745 2785 2883 2855 vulgi
2936 2786 3216 2856 opiniones
3264 2789 3541 2844 turbentur
3561 2832 3577 2857 ,
3609 2793 3822 2848 etiamsi

2236 2887 2336 2929 nos
2362 2874 2683 2945 impostores
2711 2877 3003 2946 appellent,
3041 2878 3259 2933 etiamsi
3293 2894 3391 2935 nos
3418 2882 3704 2951 ignorent,
3728 2886 3825 2938 da-

2236 2975 2445 3021 mnatos
2462 2967 2789 3031 existiment,
2817 2969 3027 3023 etiamsi
3061 2970 3112 3023 in
3144 2984 3375 3026 maerore
3401 2980 3559 3042 atque
3586 2983 3824 3045 egeState

2237 3059 2436 3112 versari
2473 3068 2656 3127 putent
2699 3070 2753 3113 et
2808 3060 2985 3129 inepia
3042 3063 3234 3131 premi,
3288 3064 3518 3125 etiamsi,
3565 3080 3685 3120 cum
3716 3066 3822 3121 lu'ti

2236 3150 2421 3214 simus,
2449 3160 2643 3203 moesto
2673 3152 2853 3205 animo
2874 3167 2993 3206 esse
3019 3155 3200 3207 dicant
3223 3174 3235 3209 :
3263 3157 3691 3227 quandoquidem
3725 3176 3825 3216 nec

2231 3241 2387 3294 caecis
2421 3242 2730 3309 perspicuus
2760 3253 2842 3295 est
2872 3240 3001 3296 soli's
3033 3243 3292 3313 splendor
3313 3286 3326 3307 ,
3370 3262 3469 3301 nec
3498 3249 3701 3304 insanis
3731 3266 3817 3305 sa-

2235 3333 2491 3401 pientium
2562 3332 2829 3403 voluptas.
2876 3334 2987 3389 Soli
3037 3336 3179 3390 enim
3239 3338 3307 3407 pii
3371 3339 3466 3393 viri
3520 3342 3651 3395 recti
3698 3353 3823 3398 sunt

2233 3439 2415 3479 rerum
2454 3424 2703 3495 judices,
2738 3440 2837 3481 nec
2863 3426 2931 3482 de
2967 3426 3156 3482 iisdem
3183 3428 3379 3497 quibus
3405 3431 3491 3484 alii
3526 3432 3685 3487 rebus
3732 3434 3814 3488 vel

2233 3516 2465 3587 gaudent
2512 3517 2595 3571 vel
2639 3527 2930 3586 anguntur.
2979 3517 3111 3572 Nam
3142 3520 3185 3572 si
3214 3522 3334 3589 quis
3363 3522 3625 3591 palaestra:
3675 3525 3821 3579 rudis

2235 3608 2465 3677 pugilem
2499 3608 2810 3663 vulneribus
2840 3607 3087 3663 affectum
3121 3621 3329 3678 spectet
3358 3627 3421 3666 ac
3447 3629 3645 3669 corona
3678 3617 3819 3671 redi-

2233 3702 2452 3760 mitum.
2484 3715 2607 3753 eum
2657 3684 2978 3756 ob‘vulnera
3023 3703 3631 3775 discruciarijudicarit,
3680 3710 3821 3778 quod

2232 3802 2486 3862 quantum
2513 3792 2561 3847 ei
2588 3806 2786 3845 corona
2810 3794 3134 3861 voluptatem
3166 3797 3335 3864 pariat
3355 3797 3584 3869 ignoret.
3622 3801 3819 3856 Eodem

2236 3884 2396 3939 modo
2426 3884 2512 3939 isti
2536 3925 2552 3949 ,
2597 3883 2721 3953 quia
2752 3899 2871 3949 qua:
2898 3886 3131 3955 patimur
3160 3874 3399 3954 norunt',
3428 3904 3493 3944 ea
3520 3901 3699 3947 autem
3752 3895 3823 3948 ob

2233 3992 2352 4047 qua:
2382 3977 2612 4045 patimur
2638 3976 2904 4041 nesciunt,
2930 3993 3035 4033 non
3066 3978 3257 4034 mirum
3282 3980 3326 4035 si
3352 3980 3465 4036 haec
3487 3984 3599 4037 sola
3623 3999 3818 4056 suspe-

2233 4078 2316 4123 cta
2364 4070 2613 4133 habeant,
2646 4077 2703 4123 ut
2750 4068 2840 4139 qui
2892 4070 3183 4125 certamina
3222 4072 3435 4142 quidem
3476 4083 3530 4130 et
3585 4077 3817 4145 pericula

2232 4161 2578 4230 perspiciunt,
2602 4160 2822 4226 praemia
2851 4168 3032 4214 autem
3057 4171 3110 4215 et
3139 4177 3367 4217 coronas
3388 4175 3441 4218 ct
3466 4170 3817 4224 certaminum

2230 4267 2444 4307 causam
2492 4267 2599 4306 non
2644 4252 2793 4307 item.
2825 4252 3082 4319 Qumnam
3125 4270 3253 4327 ergo
3295 4272 3356 4310 ea
3400 4261 3576 4312 omnia
3620 4274 3813 4329 erant,

2232 4361 2351 4415 qttt'e
2383 4345 2579 4399 Paulus
2606 4345 2934 4416 possidebat,
2966 4361 3087 4401 cum
3119 4347 3357 4414 diceret,
3391 4349 3669 4420 Tamquam
3692 4355 3821 4408 nihil

2232 4438 2470 4492 habentes
2494 4448 2541 4492 et
2566 4438 2738 4492 omnia
2755 4439 3070 4509 possidentes
3088 4441 3113 4493 7
3133 4441 3393 4496 Mundana
3419 4454 3469 4498 et
3499 4445 3815 4514 Spiritualia.

2232 4530 2329 4586 ille
2356 4531 2498 4585 enim
2524 4545 2683 4599 quem
2713 4531 2875 4585 urbes
2901 4531 3042 4586 velut
3083 4534 3328 4603 angelum
3356 4537 3704 4607 exciperent,
3757 4556 3819 4592 ac

2233 4638 2331 4694 pro
2359 4638 2467 4693 quo
2494 4623 2721 4679 eﬂ'ossos
2760 4623 2945 4678 oculos
2991 4626 3238 4691 tradere,
3282 4644 3379 4698 pro
3418 4645 3528 4700 quo
3579 4633 3819 4687 cervices

2232 4728 2358 4769 snas
2382 4728 2657 4782 exponere
2683 4717 2853 4784 parati
2886 4716 3037 4770 multi
3061 4728 3241 4773 essent
3258 4760 3273 4784 ,
3298 4735 3475 4774 annon
3519 4722 3607 4776 ille
3630 4724 3809 4778 omnia

2230 4818 2417 4881 eorum
2473 4805 2611 4859 bona
2648 4805 2990 4875 possidebat?
3014 4807 3166 4876 Quod
3197 4812 3240 4862 si
3271 4811 3563 4879 spiritualia
3596 4828 3810 4883 quoque

2235 4896 2540 4968 perspicere
2570 4898 2719 4963 libet,
2753 4898 2956 4954 videbis
2982 4914 3103 4953 eum
3136 4903 3186 4953 in
3221 4901 3284 4954 iis
3310 4903 3540 4958 maxime
3572 4904 3807 4975 locuple-

2232 4996 2362 5043 tem.
2394 4987 2528 5044 Nam
2555 4989 2645 5060 qui
2672 4989 2725 5042 in
2758 4996 2900 5042 tanta
2924 4990 3163 5044 omnium
3194 4991 3354 5061 lit-gis
3381 4994 3612 5048 amicitia
3639 5012 3819 5051 versa-

2233 5082 2409 5147 batur,
2428 5092 2489 5137 ut
2512 5080 2826 5151 angelorum,
2852 5080 3112 5138 Dominus
3134 5098 3330 5138 arcana
3362 5100 3455 5139 sua
3486 5085 3584 5156 ipsi
3614 5086 3816 5157 imper-

2233 5175 2358 5229 tiret
2387 5192 2404 5227 :
2431 5176 2521 5246 qui
2562 5172 2677 5228 ﬁcri
2707 5180 2934 5242 poterat,
2962 5174 3090 5243 quin
3116 5189 3307 5229 miincs
3345 5175 3533 5244 Opibus
3562 5178 3819 5244 anteiret,

2232 5275 2395 5336 atque
2419 5266 2596 5321 omnia
2629 5264 2962 5334 possideret?
2991 5264 3106 5319 Non
3133 5267 3276 5319 enim
3320 5267 3515 5339 alioqui
3546 5270 3821 5325 daunoues

2236 5356 2305 5411 ita
2351 5356 2400 5411 ei
2448 5355 2774 5419 cessissent;
2823 5369 2930 5409 non
2978 5355 3049 5410 ita
3090 5355 3304 5410 dolores
3333 5372 3395 5411 ac
3436 5358 3607 5414 morbi
3639 5357 3816 5429 fugam

2236 5449 2642 5518 corripuisseut.
2700 5447 2931 5504 Proinde
2982 5462 3082 5504 nos
3137 5463 3385 5519 quoque,
3437 5464 3557 5503 cum
3600 5462 3819 5521 propter

2233 5538 2505 5594 Christum
2558 5538 2698 5592 male
2741 5537 3045 5605 amcimur,
3099 5554 3206 5594 non
3260 5540 3419 5594 modo
3470 5539 3692 5605 fortem,
3722 5544 3816 5597 sed

2237 5628 2397 5689 etiam
2424 5630 2604 5684 laetum
2634 5630 2867 5684 animum
2895 5630 3229 5699 praebeamus
3257 5647 3272 5688 :
3303 5630 3348 5685 si
3368 5630 3695 5700 jejunamus,
3724 5646 3819 5703 pc-

2238 5721 2390 5778 rinde
2434 5722 2766 5777 exsultemus
2807 5735 2871 5775 ac
2924 5720 2970 5776 si
3019 5721 3072 5775 in
3119 5722 3396 5791 voluptate
3440 5735 3719 5784 essemus;
3769 5726 3814 5775 st

2237 5812 2587 5870 contumelias
2622 5812 2951 5880 accipimus,
2993 5824 3057 5867 ac
3102 5811 3149 5866 si
3202 5809 3543 5865 laudaremur
3583 5806 3821 5877 choreas

3354 5920 3426 5980 31
