4568 6424
790 376 895 432 ι’8ἷ

788 501 1009 557 agamus
1033 524 1047 550 ,
1076 485 1118 537 si
1148 492 1392 551 sumptus
1422 478 1646 534 facimus
1665 515 1685 543 ,
1710 476 1782 531 ita
1808 473 1980 528 allecti
2004 471 2194 533 simus,
2236 480 2297 519 ac
2323 462 2369 515 si

787 588 1022 648 quaestus
1050 575 1338 639 faciamus;
1370 574 1415 628 si
1446 570 1767 643 pauperibus
1792 565 2046 635 largimur
2071 604 2085 627 ,
2120 562 2365 628 uosipsos

787 671 1031 739 accipere
1059 668 1381 722 arbitremur
1429 682 1444 720 :
1490 678 1615 719 nam
1643 662 1732 729 qui
1762 673 1866 711 nou
1913 671 1977 709 eo
2004 655 2184 708 animo
2230 651 2363 714 dat,

790 777 886 817 nec
934 759 1088 814 facile
1124 756 1290 813 dabit.
1319 758 1497 825 Quare
1540 768 1663 808 cum
1712 750 1791 803 vis
1836 762 2121 818 spargere,
2166 759 2270 798 tton
2314 740 2365 794 id

785 854 955 907 solum
1000 860 1180 921 specta
1213 848 1355 919 quod
1402 843 1697 914 expendis,
1742 840 1834 895 sed
1880 842 1980 890 hoc
2029 836 2187 891 etiam
2225 832 2365 902 quod

787 944 936 1012 plura
968 939 1234 1004 lucraris;
1265 946 1318 993 et
1349 939 1449 990 hoc
1482 935 1630 1004 prius
1657 945 1817 999 quam
1851 927 1998 981 illud.
2030 926 2137 980 Nec
2166 941 2291 978 vero
2308 922 2365 975 in

785 1040 1129 1103 elcemosyua
1154 1030 1351 1092 solum,
1382 1028 1475 1083 sed
1506 1028 1557 1080 itt
1586 1025 1729 1079 onmi
1758 1028 1969 1091 quor’Iue
1994 1020 2223 1082 virtute,
2257 1030 2365 1069 non

784 1128 1028 1182 laborum
1068 1121 1436 1185 acrimoniam,
1480 1118 1574 1172 sed
1630 1114 1971 1186 prauniorum
2026 1110 2363 1171 suavitatem,

786 1228 947 1286 atque
973 1225 1096 1269 ante
1133 1213 1310 1269 omnia
1351 1210 1649 1272 Christum,
1680 1204 1773 1273 qui
1803 1200 2158 1256 certaminum
2204 1210 2364 1251 causa

786 1319 903 1369 est,
958 1307 1050 1360 tibi
1095 1318 1352 1374 propone.
1402 1302 1490 1355 Sic
1531 1298 1653 1361 ﬁet,
1697 1305 1752 1347 ιιι
1795 1292 2085 1346 certamina
2144 1289 2367 1355 impigre

786 1400 986 1461 adeas,
1036 1404 1196 1464 atque
1232 1404 1445 1446 onmem
1492 1390 1614 1442 vitae
1664 1399 1879 1439 cursum
1926 1397 2046 1436 cum
2094 1380 2374 1449 voluptate

780 1488 1056 1543 coniicias.
1095 1484 1278 1552 Neque
1312 1480 1456 1533 enim
1484 1478 1772 1549 quidquam
1825 1481 1941 1537 est,
1970 1472 2109 1541 quod
2164 1478 2363 1522 tantam

783 1579 1108 1649 voluptatein
1148 1574 1368 1637 afferat,
1418 1580 1472 1624 ut
1510 1570 1722 1622 animus
1762 1566 1860 1620 sibi
1917 1565 2052 1619 bene
2093 1558 2360 1616 conscius.

786 1672 1071 1740 Propterea
1098 1667 1296 1723 Paulus
1320 1664 1554 1736 quidem,
1585 1677 1704 1716 cum
1732 1657 1955 1727 singulis
1979 1654 2167 1709 diebus
2199 1666 2361 1704 vexa-

782 1772 948 1825 retur,
972 1758 1240 1832 gaudebat
1262 1766 1315 1811 et
1357 1756 1653 1811 exsultabat
1680 1772 1693 1809 :
1722 1766 1862 1807 nunc
1908 1760 2085 1803 autem
2120 1748 2363 1800 homines

783 1870 849 1907 uc
878 1868 978 1923 per
1005 1850 1272 1908 somnium
1325 1846 1539 1919 quidem
1581 1846 1770 1898 horum
1803 1840 2005 1910 aliquid
2059 1838 2360 1907 perpetien-

780 1955 881 2011 tes,
914 1944 1098 1999 dolent
1124 1956 1187 1997 ac
1215 1940 1390 1997 mtesti
1418 1946 1561 2002 sunt,
1595 1936 1792 1990 nullam
1822 1935 1980 1988 aliam
2027 1933 2097 1986 ob
2122 1945 2359 1995 causam,

783 2053 941 2106 quam
973 2034 1113 2107 quod
1159 2031 1533 2104 philosOphico
1577 2028 1757 2081 animo
1810 2023 2015 2093 pnediti
2066 2037 2170 2076 non
2228 2020 2359 2073 sint.

782 2128 992 2198 Alioqui
1039 2126 1181 2181 enim
1225 2134 1462 2192 exponas
1503 2118 1631 2173 mihi
1675 2117 1831 2170 velint
1881 2113 2007 2183 quid
2058 2112 2126 2165 sit
2170 2127 2361 2181 quam-

780 2223 965 2274 ohrcm
1007 2213 1229 2287 lugeas?
1262 2228 1328 2266 an
1355 2212 1475 2281 quia
1525 2224 1726 2279 panper
1762 2221 1838 2269 es,
1872 2221 1935 2259 ac
1964 2220 2143 2260 rerum
2172 2219 2357 2258 ncces-

780 2309 1041 2363 sariarum
1068 2303 1245 2375 inopia
1268 2301 1525 2372 premeris
1539 2301 1564 2353 ?
1580 2298 1725 2369 Ergo
1747 2297 1867 2352 ideo
1898 2296 2076 2366 potius
2103 2295 2361 2363 lugendus

782 2414 861 2459 es.
894 2411 1000 2451 non
1021 2394 1142 2465 quia
1173 2394 1351 2463 ploras
1390 2406 1490 2447 nec
1514 2391 1633 2461 quia
1667 2404 1791 2459 eges
1813 2430 1826 2453 ,
1856 2387 1950 2444 sed
1978 2387 2099 2456 quia
2149 2387 2357 2454 abjecto

781 2504 841 2542 es
870 2488 1085 2543 animo;
1108 2500 1212 2540 non
1240 2485 1359 2554 quia
1390 2483 1619 2536 nummis
1643 2494 1814 2539 cares.
1838 2481 1930 2535 sed
1964 2479 2084 2548 quia
2113 2492 2358 2530 nummos

782 2579 913 2633 tanti
957 2577 1213 2632 testimas.
1268 2578 1321 2630 In
1371 2576 1611 2645 singulos
1650 2573 1765 2626 dies
1818 2577 1993 2625 morte
2038 2570 2358 2637 fungebatur

780 2670 976 2726 Paulus
1000 2711 1015 2737 ,
1047 2685 1145 2725 nec
1177 2678 1351 2722 tamen
1382 2666 1658 2737 plorabat,
1692 2666 1797 2717 imo
1827 2663 1989 2716 etiam
2019 2660 2299 2713 laetabatur
2341 2676 2353 2711 :

780 2779 900 2818 cum
940 2770 1193 2833 perpetua
1234 2758 1376 2813 fame
1406 2756 1742 2817 luctabatur,
1792 2766 1890 2806 nec
1938 2750 2190 2812 dolebat,
2250 2750 2357 2801 imo

782 2855 943 2908 etiam
974 2850 1319 2920 gloriabatur.

852 2943 905 2997 5.
938 2946 1006 2997 At
1052 2951 1127 3005 tu,
1183 2943 1304 3010 quia
1350 2940 1511 2993 totius
1550 2936 1673 2991 anni
1718 2945 2006 3005 proventus
2055 2930 2357 2987 reconditos

776 3053 885 3089 nm
927 3035 1123 3096 babes,
1156 3032 1368 3101 angeris
1407 3039 1565 3099 teque
1589 3026 1819 3098 amigis?
1858 3026 1972 3081 Neu
2008 3026 2223 3090 mirum,
2272 3024 2353 3076 in-

780 3130 901 3196 quis
931 3126 1063 3180 :ille
1090 3123 1230 3179 enim
1262 3124 1329 3178 de
1351 3137 1411 3177 se
1434 3130 1637 3176 tantum
1665 3130 1780 3174 erat
1800 3118 2058 3174 sollicitus
2082 3134 2096 3182 ;
2121 3131 2207 3170 me
2231 3131 2354 3170 vero

778 3229 833 3273 et
861 3218 1003 3273 servi
1034 3226 1088 3270 et
1116 3214 1264 3270 liberi
1291 3224 1343 3268 et
1368 3228 1500 3267 uxor
1518 3212 1803 3267 sollicitum
1836 3221 2039 3265 tenent.
2086 3208 2197 3261 lmo
2226 3222 2354 3261 vero

778 3312 869 3363 ille
905 3323 1010 3363 non
1040 3322 1215 3362 rerum
1260 3320 1475 3358 suarum
1508 3312 1710 3357 tantmn
1760 3301 2171 3356 sollicitudinem
2200 3314 2350 3366 gere-

780 3404 895 3465 bat,
919 3401 1010 3453 sed
1050 3400 1280 3451 universi
1314 3406 1574 3450 terrarum
1612 3395 1757 3447 orbis
1788 3412 1799 3445 :
1829 3408 1892 3446 ac
1924 3404 1975 3445 tu
2018 3392 2231 3458 quidem
2260 3405 2354 3457 pro

779 3493 934 3545 unica
960 3490 1121 3543 domo
1142 3486 1498 3540 sollicitudine
1527 3484 1785 3549 afficeris;
1822 3484 1908 3537 ille
1937 3496 2120 3536 autem
2160 3497 2253 3551 pro
2270 3490 2353 3535 tot

777 3578 1243 3650 Jerosolymitanls
1284 3576 1623 3645 pauperibus,
1677 3589 1775 3643 pro
1820 3573 2203 3637 Macedonicis,
2257 3588 2352 3641 pro

772 3673 1026 3728 omnibus
1052 3670 1282 3740 denique
1308 3670 1491 3741 egenis
1515 3667 1606 3740 qui
1630 3668 1822 3738 ubique
1848 3678 2023 3733 erant,
2058 3682 2154 3721 nec
2179 3667 2353 3723 minus

776 3780 876 3835 pro
902 3765 970 3820 iis
996 3766 1087 3835 qui
1112 3764 1239 3834 ipsis
1276 3761 1656 3834 largiebantur,
1688 3777 1846 3831 quam
1879 3776 1975 3831 pro
2004 3762 2067 3814 iis
2091 3760 2177 3830 qui
2205 3761 2350 3817 acci-

770 3855 1011 3926 piebant.
1031 3854 1241 3925 'Duplex
1270 3853 1415 3909 enim
1440 3852 1613 3923 ipsum
1642 3852 1692 3904 in
1724 3861 1986 3905 terrarum
2010 3852 2194 3905 orbem
2221 3866 2349 3905 cura

774 3951 1044 4020 tangebat,
1070 3961 1266 4015 nempe
1285 3954 1352 3999 ut
1380 3958 1450 3998 ue
1473 3942 1635 3999 rebus
1660 3942 1725 3995 ad
1750 3940 1911 3995 vitam
1940 3940 2259 3995 necessariis
2280 3942 2351 3994 in-

773 4046 1036 4113 digerent,
1070 4049 1124 4095 et
1153 4049 1210 4093 ut
1249 4036 1610 4109 spiritualibus
1641 4035 1829 4105 opibus
1868 4032 2218 4089 abundarent.
2244 4032 2352 4088 Nec

772 4150 900 4189 vero
933 4141 1131 4187 tantum
1160 4130 1408 4186 maeroris
1432 4129 1524 4184 tibi
1550 4127 1779 4184 aderunt
1810 4127 1901 4182 lilii
1924 4127 2066 4182 fame
2097 4126 2348 4182 laborau-

775 4233 876 4289 tes,
894 4233 1150 4294 quantum
1173 4222 1272 4291 ipsi
1288 4221 1522 4277 fidelium
1549 4204 1789 4273 omnium
1814 4219 2047 4289 negotia.
2067 4218 2202 4284 Quid
2230 4217 2349 4272 dico

774 4310 1051 4368 tidelium?
1080 4328 1201 4365 nam
1231 4325 1405 4380 neque
1432 4310 1500 4363 ab
1529 4307 1820 4363 inlidelium
1843 4324 1967 4363 cura
1999 4309 2236 4374 vacabat,
2262 4324 2351 4363 ve—

774 4420 893 4459 rum
922 4419 984 4457 ea
1026 4404 1099 4455 ita
1140 4399 1542 4463 conficiebatur,
1570 4408 1627 4452 ut
1670 4413 1856 4454 eorum
1901 4398 2020 4451 loco
2067 4400 2349 4454 anathema

773 4508 989 4564 quoque
1027 4492 1141 4547 fieri
1186 4501 1396 4561 optaret
1423 4509 1438 4549 :
1466 4503 1519 4545 tu
1560 4505 1707 4558 vero,
1738 4505 1804 4544 ne
1840 4492 1883 4544 si
1914 4490 2108 4545 millies
2133 4490 2347 4561 quidem

776 4588 944 4642 fames
992 4586 1359 4651 invalesceret,
1421 4600 1517 4655 pro
1573 4583 1681 4638 ullo
1726 4594 1900 4639 tamen
1949 4582 2165 4637 homine
2214 4582 2348 4635 mori

772 4681 958 4735 velles.
990 4680 1066 4732 Ac
1090 4690 1142 4731 tu
1174 4677 1384 4747 quidem
1413 4692 1509 4746 pro
1532 4675 1683 4732 unica
1712 4690 1880 4731 uxore
1912 4674 1962 4729 in
1990 4689 2115 4729 cura
2144 4690 2235 4738 es;
2265 4674 2351 4728 ille

773 4784 952 4825 autem
985 4784 1080 4837 pro
1110 4767 1357 4821 omnibus
1378 4768 1539 4822 totius
1560 4768 1703 4821 orbis
1727 4768 2014 4839 Ecclesiis;
2042 4766 2348 4821 Sollicitudo

773 4862 916 4912 enim
946 4874 1087 4919 mea,
1135 4858 1323 4924 inquit,
1355 4860 1579 4911 omnium
1623 4856 1962 4911 Ecclesiarum
1999 4858 2075 4930 (2.
2105 4856 2223 4912 Cor.
2258 4857 2345 4910 ll.

773 4950 869 5019 28)
921 4948 1210 5015 Quousque
1261 4963 1387 5015 ergo
1437 4949 1623 5013 ludes,
1666 4950 1903 5013 ohonm,
1954 4953 2178 5019 teipsum
2225 4965 2346 5003 cum

778 5044 939 5095 l‘aulo
960 5038 1271 5095 conferens?
1295 5054 1398 5091 non
1432 5049 1485 5091 tu
1512 5041 1609 5093 hac
1633 5048 1775 5093 tanta
1798 5044 1957 5095 animi
1989 5043 2348 5097 imbecillitate

774 5133 1016 5187 laborare
1062 5131 1316 5183 desines“!
1352 5125 1849 5200 Colla’crymandum
1896 5134 2037 5186 enim
2090 5142 2192 5197 est,
2243 5148 2347 5185 uon

773 5236 896 5273 cum
930 5222 980 5272 in
1014 5231 1321 5288 paupertate
1360 5236 1577 5285 sumus,
1613 5221 1704 5274 sed
1746 5235 1865 5275 cum
1896 5238 2175 5291 peccamus
2206 5242 2218 5276 :
2248 5224 2348 5278 hoc

775 5312 971 5381 quippe
1011 5318 1125 5375 est,
1157 5310 1296 5378 quod
1342 5312 1604 5384 lacrymas
1634 5323 1893 5376 meretur;
1930 5330 2049 5368 nam
2096 5317 2197 5369 alia
2239 5318 2346 5370 risu

772 5406 929 5473 digna
964 5412 1105 5458 sunt.
1142 5406 1208 5457 At
1242 5418 1343 5457 non
1386 5403 1491 5459 hoc
1520 5404 1795 5459 dumctxat
1837 5405 1963 5457 mihi
1998 5409 2213 5463 maerori
2244 5417 2345 5471 est,

776 5498 970 5570 inquis,
1000 5498 1094 5552 sed
1126 5494 1256 5551 illud
1282 5512 1510 5566 quoque,
1541 5497 1680 5567 quod
1706 5495 1793 5550 hic
1823 5500 2053 5564 potentia
2093 5500 2345 5568 prarditus

776 5601 879 5657 est,
902 5606 1001 5660 ego
1026 5602 1201 5645 autem
1228 5592 1399 5661 jaceo.
1431 5590 1566 5657 Quid
1598 5592 1745 5644 tum?
1773 5593 1884 5660 ipse
1911 5608 2122 5663 quoque
2152 5594 2346 5648 Paulus

777 5680 1025 5751 ignobilis
1062 5692 1222 5751 atque
1247 5683 1483 5750 abjectus
1524 5684 1789 5754 plerisque
1818 5683 2116 5737 videbatur.
2152 5684 2345 5740 Verum

772 5768 964 5826 Paulus
988 5773 1075 5828 ille
1096 5783 1228 5837 erat,
1262 5775 1454 5844 inquis.
1491 5775 1628 5845 Ergo
1657 5792 1761 5829 mn
1788 5791 1965 5831 rerum
1999 5785 2214 5843 natura,
2245 5777 2337 5831 sed

1479 366 1535 421 S.
1575 358 1850 419 JOANNIS
1887 350 2349 413 CIIRYSOS'I'OMI
2390 348 2700 405 AltCllll‘J’.
2741 353 3266 417 CONSTANTINOP.

3954 374 4072 429 438

2480 471 2640 535 animi
2689 474 3022 528 imbecillitas
3066 476 3203 531 hanc
3249 478 3339 530 tibi
3371 480 3676 535 maestitiam
3703 480 3877 537 alien.
3908 486 4071 552 Quo.

2475 564 2616 617 circa
2640 577 3005 636 paupertatem
3056 566 3163 621 noli
3196 568 3417 634 deﬂere,
3448 586 3630 624 verum
3660 581 3712 625 te
3738 573 3933 639 ipsum,
3964 574 4069 644 qni

2477 656 2544 707 ita
2586 654 2807 710 allectus
2851 657 2971 711 sis:
3007 657 3113 710 imo
3167 672 3295 711 vero
3341 659 3568 728 teipsum
3623 679 3689 715 ne
3743 662 3903 725 delle,
3960 662 4067 719 sed

2475 744 2650 814 potius
2675 747 2904 817 corrige,
2937 762 3035 801 nec
3073 763 3207 817 opes
3251 765 3465 812 quaere.
3510 751 3603 805 sed
3629 751 3769 821 quod
3793 753 4061 821 majorem

2475 853 2632 907 quam
2664 838 2885 893 ἰηηιιίιίιξ
2909 854 3038 909 Opes
3069 840 3303 893 laetitiam
3335 841 3492 907 parit,
3520 852 3865 905 consectare,
3895 859 4059 897 nem-

2478 945 2541 997 pe
2586 929 2974 998 philosophiam
3024 944 3088 983 ac
3143 935 3415 984 virtutem.
3460 928 3587 984 [ire
3628 934 3769 986 enim
3810 932 3855 986 si
3886 933 4058 998 adsit,

2475 1018 2604 1071 nihil
2642 1029 2798 1072 uocet
2839 1029 3159 1088 paupertas;
3200 1021 3243 1073 si
3290 1020 3449 1082 desit,
3487 1019 3617 1073 nihil
3645 1031 3865 1087 prosunt
3894 1036 4055 1090 opes.

2473 1108 2609 1176 Quid
2638 1110 2804 1173 enim,
2830 1124 2927 1164 oro
2957 1120 3029 1174 te,
3065 1110 3309 1164 utilitatis
3343 1112 3577 1180 capiunt,
3604 1110 3693 1178 qui
3716 1111 3905 1178 opibus
3925 1111 4051 1181 qui-

2473 1199 2592 1254 dem
2621 1199 2865 1261 afﬂuuut,
2897 1216 3083 1255 verum
3127 1215 3387 1270 pauperes
3428 1201 3636 1253 animos
3663 1199 3895 1254 habent?
3931 1202 4055 1256 Non

2472 1300 2530 1345 tu
2548 1300 2652 1354 tam
2685 1293 2939 1346 miserum
2968 1302 3017 1346 te
3046 1292 3216 1361 ipsum
3243 1306 3451 1356 censes,
3481 1305 3639 1360 quam
3665 1290 3814 1345 dives
3841 1290 3933 1347 ille
3954 1306 4055 1347 se-

2472 1381 2665 1450 ipsum,
2697 1382 2817 1449 quia
2845 1396 2951 1437 non
2992 1383 3227 1437 omnium
3268 1395 3398 1451 opes
3442 1380 3621 1434 habet.
3650 1380 3801 1445 Quod
3846 1382 3891 1435 si
3937 1398 4051 1436 non

2473 1472 2695 1543 perinde
2717 1484 2772 1528 ut
2800 1482 2851 1527 tu
2872 1474 3209 1541 lamentatur,
3226 1474 3391 1544 ipsius
3409 1472 3791 1528 conscientiam
3812 1473 4048 1542 explica,

2469 1578 2522 1621 et
2545 1567 2955 1624 lamentationes
2980 1578 3139 1638 atque
3173 1566 3435 1637 singultus
3460 1566 3687 1621 videbis.

2543 1657 2675 1727 Opes
2713 1674 2948 1726 quisnam
2986 1674 3115 1713 certe
3152 1660 3269 1714 sint.
3305 1657 3563 1726 Ραιιρενεε
3592 1659 3825 1713 divitibus
3847 1660 4053 1728 felicio-

2467 1765 2568 1803 res.
2597 1777 2671 1789 -—
2700 1748 2787 1801 Vis
2830 1760 2944 1803 tuas
2988 1748 3081 1803 tlbi
3126 1763 3258 1818 opes
3294 1748 3596 1809 ostendam,
3645 1757 3703 1802 ut
3728 1748 3912 1804 beatos
3944 1764 4053 1802 eos

2468 1840 2775 1894 existimare
2805 1841 3037 1904 desinas,
3068 1842 3156 1911 qui
3199 1850 3325 1897 sunt
3374 1841 3708 1911 locupletes?
3738 1841 3895 1896 Vides
3939 1840 4052 1895 hoc

2466 1931 2676 1997 caelum,
2710 1944 2868 2000 quam
2895 1934 3228 2001 praeclarum,
3254 1949 3411 2003 quam
3434 1935 3621 2003 ingens
3643 1973 3660 1997 ,
3690 1948 3847 2003 quam
3877 1934 4054 1987 subli-

2467 2023 2539 2076 mi
2563 2021 2682 2076 loco
2708 2023 2908 2076 situm?
2934 2023 3046 2078 Hac
3076 2024 3166 2079 ille
3190 2024 3585 2094 pulchritudine
3620 2024 3788 2079 nihilo
3809 2025 4052 2094 amplius

2468 2111 2660 2166 fruitur
2679 2128 2837 2181 quam
2871 2122 2946 2178 tu,
2988 2128 3085 2167 nec
3114 2124 3165 2169 te
3188 2116 3275 2169 ille
3306 2116 3625 2186 propellere,
3657 2124 3929 2185 totumque
3955 2118 4049 2169 sui

2460 2202 2598 2272 juris
2634 2203 2846 2257 efficere
2872 2214 3032 2273 queat
3059 2221 3073 2257 :
3106 2214 3161 2258 ut
3189 2207 3330 2260 enim
3363 2215 3578 2275 propter
3600 2206 3747 2261 illum
3778 2216 3860 2262 est
3882 2221 4048 2259 crea-

2467 2304 2599 2361 tum,
2638 2295 2705 2350 ita
2733 2297 2890 2350 etiam
2924 2307 3141 2366 propter
3162 2306 3239 2352 te.
3282 2296 3419 2365 Quid
3441 2299 3541 2363 sol,
3574 2299 3903 2367 splendidum
3936 2298 4054 2351 huc

2465 2386 2611 2439 sidus
2661 2400 2723 2440 ac
2769 2386 3015 2453 rutilans,
3046 2394 3204 2454 atque
3234 2386 3419 2441 oculos
3468 2397 3681 2440 nostros
3728 2388 4054 2442 obiectans?

2464 2491 2642 2529 annon
2686 2476 2985 2530 communis
3042 2477 3128 2531 hic
3179 2491 3390 2546 quoque
3435 2478 3683 2531 omnibus
3726 2478 4051 2531 mortalibus

2465 2576 2627 2637 patet,
2660 2576 2818 2638 atque
2850 2582 3037 2623 omnes
3064 2583 3236 2638 aeque,
3265 2577 3369 2622 tam
3397 2568 3590 2623 divites
3612 2584 3768 2637 quam
3795 2580 4046 2639 egentes.

2463 2676 2530 2716 eo
2559 2661 2805 2717 fruuntur
2824 2663 2847 2716 ?
2867 2663 2992 2733 quid
3019 2662 3290 2717 stellarum
3313 2678 3531 2727 corona,
3552 2663 3677 2732 quid
3706 2664 3838 2717 luna:
3858 2663 4050 2716 orbis?

2462 2765 2637 2806 annon
2668 2754 2914 2829 omnibus
2943 2770 3095 2825 aeque
3116 2769 3370 2810 concessa
3396 2763 3517 2809 sunt
3538 2756 3561 2807 2
3584 2754 3695 2809 Ιιιιο
3717 2770 3861 2820 vero,
3887 2756 4045 2823 quod

2462 2840 2606 2895 dictu
2638 2843 2881 2898 mirabile
2902 2854 3004 2907 est,
3034 2859 3150 2908 nos,
3180 2846 3266 2915 qui
3298 2859 3557 2914 pauperes
3588 2861 3787 2909 sumus,
3821 2845 4050 2900 uberius

2463 2932 2527 2986 iis
2556 2931 2781 2986 fruimur
2809 2950 2965 3003 quam
2999 2936 3093 2990 illi.
3126 2936 3334 2992 Etenim
3364 2938 3459 3003 illi,
3489 2951 3637 2991 mero
3666 2945 3718 2989 ut
3748 2936 4042 3005 plurimum

2460 3024 2661 3089 obruti,
2690 3034 2849 3093 atque
2871 3027 2921 3079 in
2953 3030 3431 3084 comessatienibus
3456 3030 3821 3100 altissimaque
3841 3045 4046 3084 sonum

2460 3118 2623 3171 vitam
2649 3116 2901 3185 degentes
2922 3159 2937 3183 ,
2972 3133 3040 3172 ne
3071 3119 3183 3173 haec
3211 3123 3421 3188 quidem
3450 3108 3704 3189 sentiunt,
3739 3133 3793 3178 ut
3817 3126 3903 3193 qui
3932 3127 4046 3179 sub

2462 3218 2602 3263 tecto
2638 3223 2699 3264 se
2725 3218 2937 3263 teneant
2982 3217 3140 3277 atque
3183 3211 3234 3263 in
3277 3212 3459 3265 umbra
3486 3213 3697 3267 alantur
3730 3231 3743 3267 :
3772 3230 4047 3283 pauperes

2459 3308 2646 3354 contra
2675 3315 2735 3354 ea
2764 3300 3069 3355 conditione
3095 3311 3246 3365 sunt,
3278 3312 3331 3354 ut
3358 3304 3485 3355 nulli
3519 3305 3819 3358 mortalium
3846 3320 4042 3375 parem

2458 3408 2525 3445 ex
2557 3392 2834 3448 elementis
2875 3397 3197 3462 voluptatem
3233 3396 3463 3465 capiant.
3501 3395 3635 3463 Quin
3669 3399 3711 3451 si
3739 3414 3912 3455 aerem
3941 3402 4039 3469 ip-

2459 3501 2597 3549 sum,
2623 3488 2711 3557 qui
2742 3488 2937 3558 ubique
2959 3487 3102 3544 fusus
3128 3499 3229 3553 est,
3262 3492 3653 3561 exploraveris,
3688 3497 3896 3566 put-iere
3924 3501 4043 3552 uti-

2457 3592 2562 3647 que
2583 3592 2651 3634 eo
2677 3586 2837 3648 atque
2861 3580 3107 3634 uberiore
3129 3597 3413 3653 pauperem
3440 3583 3540 3638 frui
3562 3587 3868 3656 perspicies.
3896 3586 4039 3645 Nam

2457 3680 2511 3724 et
2555 3668 2786 3726 viatores
2830 3682 2883 3725 et
2932 3672 3177 3743 agricolae
3208 3674 3381 3729 laetius
3408 3689 3473 3731 eo
3520 3675 3841 3740 afﬁciuntur,
3870 3694 4039 3747 quam

2457 3760 2548 3831 qui
2593 3762 2646 3815 in
2699 3760 2917 3818 urbibus
2968 3762 3200 3832 degunt;
3245 3765 3369 3818 etsi
3422 3766 3519 3820 hos
3562 3781 3771 3839 quoque
3797 3778 4037 3838 spectes,

2458 3852 2633 3907 lmtius
2658 3854 2892 3910 artiﬁces
2920 3895 2934 3919 ,
2970 3870 3127 3924 quam
3157 3856 3247 3925 qui
3295 3864 3406 3909 toto
3453 3856 3541 3911 die
3585 3858 4037 3927 perbacchantur.

2456 3945 2587 3999 Nam
2617 3947 2743 4016 quid
2788 3948 2856 4001 de
2885 3930 3024 4002 terra
3072 3947 3245 4001 dicam
3269 3947 3292 3996 τ
3317 3961 3496 4001 annon
3524 3950 3730 4003 eunetis
3759 3966 3908 4021 atque
3938 3969 4039 4023 pa-

2459 4037 2582 4090 tet?
2631 4036 2868 4103 Minime,
2920 4038 3149 4108 inquies.
3196 4038 3337 4107 Quid
3387 4040 3494 4094 ita?
3541 4040 3800 4109 Quoniam
3844 4045 3908 4113 is,
3941 4051 4038 4118 qui

2456 4126 2605 4181 dives
2625 4136 2707 4181 est
2725 4136 2779 4182 et
2797 4128 2848 4181 in
2873 4128 3002 4182 urbe
3028 4128 3188 4182 multa
3216 4136 3371 4182 terra:
3388 4130 3571 4200 jugera
3599 4132 3844 4202 adeptus,
3875 4136 4039 4207 longa

2458 4218 2716 4289 pomoeria
2742 4219 3010 4286 exstruit,
3039 4228 3094 4275 et
3123 4220 3173 4274 in
3201 4221 3341 4292 agris
3370 4223 3563 4278 multas
3589 4234 3766 4294 partes
3792 4227 4034 4286 desecat.

2456 4308 2593 4377 Quid
2620 4307 2785 4380 ergo?
2824 4324 2891 4363 an
2919 4310 3039 4380 quia
3068 4310 3280 4366 desecat
3306 4354 3320 4377 ,
3359 4312 3508 4368 solus
3528 4314 3753 4384 proinde
3797 4319 3859 4374 iis
3900 4319 4044 4376 frui-

2453 4401 2587 4456 tur?
2611 4400 2760 4457 Haud
2787 4416 2937 4468 sane,
2964 4403 3253 4471 quamlibet
3277 4403 3545 4459 adnitatur
3573 4422 3587 4458 :
3613 4403 3821 4463 fructus
3834 4412 4036 4466 etenim

2456 4496 2511 4549 in
2540 4510 2726 4550 omnes
2766 4489 3086 4550 distribuere
3111 4495 3321 4565 cogitur
3340 4534 3358 4562 ,
3388 4511 3451 4551 ac
3476 4497 3731 4567 triticum,
3764 4501 3942 4557 vinum
3981 4513 4041 4559 et

2456 4586 2637 4642 oleum
2684 4586 2780 4641 tibi
2822 4585 3083 4651 elaborat,
3112 4600 3175 4640 ac
3202 4601 3463 4657 nusquam
3509 4604 3613 4644 non
3642 4591 3737 4646 tibi
3786 4594 4031 4650 inservit.

2457 4678 2768 4747 Amplorum
2802 4680 2957 4734 etiam
3007 4689 3280 4747 septorum
3306 4692 3369 4732 ac
3388 4676 3779 4737 domiciliorum
3806 4694 3927 4754 post
3954 4687 4037 4739 in.

2455 4770 2737 4824 credibiles
2768 4781 3010 4841 sumptus
3055 4782 3108 4826 et
3161 4768 3372 4824 labores
3397 4780 3557 4840 atque
3582 4790 3850 4830 aerumnas
3878 4794 4033 4833 usum

2459 4860 2550 4912 tibi
2580 4870 2875 4929 comparat,
2904 4861 3111 4930 exiguis
3137 4874 3166 4913 a
3190 4867 3246 4913 te
3275 4874 3370 4927 pro
3404 4862 3706 4932 hujusmodi
3734 4867 4036 4923 ministerio

2457 4951 2688 5004 nummis
2714 4954 2967 5021 acceptis.
3002 4954 3173 5021 Atque
3201 4951 3300 5005 hoc
3340 4962 3394 5007 et
3435 4954 3485 5007 in
3525 4955 3728 5012 balneis
3751 4968 3807 5012 et
3831 4959 3884 5011 in
3911 4958 4038 5013 aliis

2457 5041 2707 5097 Omnibus
2732 5044 2889 5098 rebus
2918 5059 3017 5099 usu
3044 5042 3227 5097 venire
3252 5048 3555 5113 eomperias
3576 5088 3591 5111 ,
3636 5057 3694 5101 ut
3722 5049 3811 5117 qui
3841 5047 4036 5105 divites

2458 5144 2602 5197 sunt,
2634 5135 2953 5204 sumptibus,
2975 5133 3118 5190 euris
3142 5139 3197 5187 et
3222 5132 3493 5192 laboribus
3518 5136 3909 5205 conﬁciantur;
3941 5143 4033 5210 qui

2456 5238 2633 5281 autem
2660 5227 2851 5297 opibus
2871 5235 3075 5291 carent,
3107 5225 3289 5295 paucis
3308 5227 3481 5285 obolis
3507 5228 3610 5284 huc
3629 5242 3991 5299 assequuntur
4014 5275 4031 5298 ,

2459 5324 2515 5368 ut
2545 5315 2627 5369 his
2652 5317 2897 5371 onmibus
2921 5332 3042 5372 cum
3081 5328 3288 5369 summa
3328 5320 3613 5374 securitate
3636 5318 3901 5376 fruantur.
3924 5322 4036 5377 Nec

2458 5419 2585 5459 vero
2616 5407 2730 5475 plus
2771 5406 2977 5462 fructus
3002 5416 3199 5461 eterra
3249 5405 3317 5459 ad
3367 5406 3585 5464 divitem
3615 5408 3751 5463 redit
3801 5429 3815 5464 :
3864 5427 4036 5483 neque

2458 5497 2597 5551 enim
2632 5498 2721 5552 ille
2762 5499 2947 5553 decem
2978 5507 3193 5553 ventres
3223 5497 3426 5567 implet,
3457 5517 3579 5554 cum
3610 5510 3663 5553 tu
3686 5515 3849 5554 unum
3881 5503 4039 5561 dum-

2455 5593 2621 5643 taxat.
2673 5591 2742 5642 At
2794 5587 3231 5659 exquisitioribus
3278 5589 3411 5645 cibis
3459 5591 3547 5646 ille
3595 5590 3871 5645 vescitur?
3895 5594 4039 5649 Sane

2457 5680 2669 5750 quidem
2701 5680 2836 5735 istud
2866 5682 3002 5735 haud
3036 5693 3223 5747 magna
3254 5684 3555 5749 pmstantia
3585 5692 3667 5737 est
3696 5699 3709 5734 :
3742 5691 3920 5737 tamen
3953 5688 4040 5741 hic

2460 5792 2670 5850 quoque
2711 5788 2996 5847 pauperem
3047 5770 3163 5843 plus
3203 5769 3399 5830 habere
3428 5773 3842 5845 comperietntts.
3896 5778 4037 5833 Nam
