4076 6338
164 374 285 427 εει-ι

159 486 550 561 διακεώμεθαο
591 489 696 543 κᾶν
737 487 933 559 πένησι
966 487 1321 558 παρέχωμεν,
1348 488 1647 558 λαμϐάνειν
1680 504 1759 540 νο⁴

164 582 453 651 μίξωμενο
495 582 524 634 6
551 580 661 651 γάρ
688 580 763 651 μή
786 578 929 633 οὕτω
961 578 1160 641 διδοὺς.
1194 579 1313 633 οὐδὲ
1345 578 1505 633 δώσει
1538 580 1756 650 ῥαδίως.

160 670 353 724 Ὅταν
377 671 555 725 τοίνυν
592 669 753 741 θέλῃς
778 670 1092 741 σκορπίσαι,
1121 670 1196 739 μὴ
1222 668 1380 721 τοῦτο
1418 669 1531 740 ῖδῃς
1578 670 1759 739 μόνον,

155 760 258 815 ὅτι
290 762 626 824 ἀναλίσκεις,
656 760 774 814 ἀλλ’
801 761 886 814 ὃτι
913 760 1008 815 καὶ
1046 759 1267 813 πλείονα
1309 760 1633 830 κερδαίνεις.
1665 762 1761 815 καὶ

158 851 338 905 τοῦτο
371 851 478 922 πρὸ
503 852 737 905 ἐκείνου.
772 852 885 905 Kal
915 852 992 923 μὴ
1040 850 1201 920 μόνον
1244 850 1337 903 ἐπὶ
1362 850 1755 922 ἐλεημοσύνηςο

158 941 315 996 ἀλλὰ
341 942 438 996 καὶ
463 942 556 996 ἰπὶ
587 942 769 1010 πάσης
797 941 998 1012 ἀρετῆς
1024 940 1098 1009 μὴ
1124 939 1185 993 τὺ
1211 939 1379 1009 δριμὺ
1407 939 1518 993 τῶν
1556 940 1756 1007 πόνων,

158 1032 316 1085 ἀλλά
346 1033 441 1086 καὶ
476 1032 538 1086 τὺ
576 1032 749 1101 γλυκὺ
785 1032 895 1085 τῶν
935 1028 1188 1083 ἐπάθλων
1240 1029 1476 1098 λογίζου·
1520 1030 1617 1084 καὶ
1650 1030 1757 1102 πρὸ

161 1122 397 1176 πάντων
422 1123 523 1193 τὴν
548 1121 806 1176 ὑπόθεσιν
845 1118 955 1173 τῶν
996 1118 1393 1190 παλαισμάτων
1424 1120 1517 1173 τὸν
1550 1120 1757 1191 Κύριον

161 1216 202 1282 ἡ
212 1214 338 1283 μῶν
376 1214 607 1286 Ἰησοῦνο
628 1214 725 1267 καὶ
752 1210 949 1282 ῥᾳδίως
972 1210 1211 1282 έπιϐήσῃ
1239 1211 1350 1265 τῶν
1382 1210 1632 1280 ἀγώνων,
1661 1212 1756 1265 καὶ

160 1305 231 1357 ὲν
256 1304 423 1377 ἡδονῇ
453 1304 544 1358 τὸν
577 1303 792 1357 ἄπαντα
828 1301 1001 1375 βιώσῃ
1032 1301 1242 1373 χρόνον.
1275 1302 1442 1356 Οὐδὲν
1471 1302 1579 1374 γάρ
1611 1301 1757 1356 οὕτω

162 1398 351 1448 ποιεῖν
372 1393 563 1465 ήδονὴν
592 1392 802 1454 εἴωθεν,
826 1392 920 1455 ὼς
944 1392 1180 1455 συνειδὸς
1205 1393 1431 1461 ἀγαθόν.
1473 1394 1573 1446 Διά
1593 1393 1755 1447 τοῦτο

162 1486 387 1549 Παῦλος
431 1486 530 1555 μὲν
571 1483 693 1538 καθ’
726 1484 967 1555 ἑκάστην
1000 1484 1337 1554 κοπτόμενος
1377 1485 1480 1555 τὴν
1514 1486 1750 1556 ἡμέραν,

162 1577 361 1646 ἔχαιρε
405 1576 501 1628 καὶ
525 1574 807 1645 ἠγάλλετοο
834 1576 885 1628 οί
910 1574 968 1629 δὲ
997 1573 1112 1641 νῦν,
1135 1574 1257 1628 ούδὲ
1289 1575 1424 1647 δναρ
1452 1577 1752 1645 ὑπομένον-

160 1666 261 1730 τές
280 1683 335 1719 τι
360 1665 587 1729 τούτων,
615 1663 840 1733 ἀλγοῦσι
873 1664 970 1719 καὶ
999 1663 1309 1735 θρηνοῦσιν,
1342 1664 1639 1737 οὐδαμόθεν
1659 1665 1753 1719 ἄλ-

160 1754 346 1820 λοθεν,
370 1754 486 1808 ἀλλ’
529 1755 563 1826 ἢ
623 1756 688 1808 ἐκ
742 1754 835 1809 τοῦ
877 1755 955 1827 μὴ
1003 1755 1293 1826 φιλόσοφον
1329 1754 1474 1826 ἔχειν
1501 1754 1747 1827 γνώμην.

178 1847 339 1901 Ἐπεὶ
359 1848 504 1910 τίνος
532 1847 739 1912 ἕνεκεν,
772 1848 895 1901 εἰπέ
919 1865 1030 1918 μοι,
1052 1849 1082 1901 6
1104 1844 1299 1919 θρῆνος
1320 1864 1334 1913 ;
1359 1848 1445 1901 δτι
1474 1848 1642 1917 πένης
1674 1844 1747 1912 εἴ,

157 1941 260 1991 καὶ
296 1939 409 1993 τῶν
449 1939 764 2007 ἀναγκαίων
806 1939 1067 2011 ἀπορεῖς;
1099 1933 1310 1994 Οὐκοῦν
1349 1939 1439 1993 διά
1483 1939 1640 1993 τοῦτό
1687 1958 1747 1994 σε

161 2029 371 2099 μᾶλλον
419 2029 637 2101 θρηνεῖν
666 2029 767 2094 δεῖ,
795 2030 894 2100 οὐχ
930 2031 1012 2083 ὅτι
1053 2029 1282 2094 κλαίεις,
1310 2030 1411 2100 οὐχ
1452 2032 1535 2084 ὅτι
1578 2034 1748 2102 πένης

156 2115 233 2183 εἴ,
259 2118 378 2173 ἀλλ’
412 2121 493 2173 ὅτι
539 2120 894 2191 μικρόψυχοςο
922 2122 1021 2191 οὐχ
1052 2122 1133 2175 ὅτι
1164 2125 1421 2194 χρήματα
1448 2123 1549 2177 οὐκ
1577 2122 1743 2193 ἔχεις,

155 2207 279 2261 ἀλλ’
316 2208 398 2261 δτι
425 2208 681 2262 τοσούτου
720 2209 789 2263 τά
818 2210 1079 2281 χρήματα
1107 2212 1293 2281 τιμᾷς.
1331 2210 1471 2263 Καθ’
1508 2212 1745 2281 ἑκάστην

152 2299 381 2371 ἡμέραν
404 2300 716 2371 ἀπέθνησκε
740 2300 970 2367 Παῦλος,
999 2301 1095 2354 καὶ
1118 2302 1218 2354 οὐκ
1238 2300 1470 2366 ἔκλαιεν,
1496 2302 1632 2355 ἀλλά
1652 2304 1747 2358 καὶ

152 2390 372 2463 ἔχαιρε·
403 2389 547 2462 λιμῷ
572 2392 806 2462 ἐμάχετο
833 2392 1091 2463 διηνεκεῖ,
1136 2392 1229 2446 καὶ
1270 2392 1370 2446 οὐκ
1396 2392 1570 2463 ήλγει,
1606 2392 1743 2447 ἀλλά

153 2480 259 2535 καὶ
286 2479 712 2545 έκαλλωπίζετο.

215 2576 260 2622 ε’
267 2611 282 2623 .
307 2570 380 2622 Σὺ
397 2570 454 2622 δὲ
470 2572 551 2623 ὅτι
572 2570 646 2641 μὴ
663 2571 839 2624 πάντα
855 2572 999 2641 ἔχεις
1014 2572 1085 2624 τὰ
1104 2572 1199 2625 τοῦ
1217 2572 1465 2627 ἐνιαυτοῦ
1487 2574 1735 2643 κείμενα,

151 2658 346 2725 ἀλγεῖς
374 2660 467 2710 καὶ
491 2659 710 2723 κόπτεις
732 2662 961 2724 έαυτόν;
1000 2662 1127 2725 Nal,
1158 2664 1323 2731 φησίν
1344 2678 1357 2692 ·
1390 2665 1598 2726 ἐκεῖνος
1630 2666 1739 2736 γάρ

146 2748 222 2801 τὰ
251 2748 449 2802 ἑαυτοῦ
481 2748 640 2818 μόνον
668 2752 960 2820 ἐμερίμνα,
984 2751 1096 2818 ἐγὼ
1117 2754 1175 2806 δὲ
1198 2755 1293 2807 καὶ
1318 2754 1457 2824 ὑπὲρ
1484 2757 1733 2821 οίκετῶν,

149 2838 250 2891 καὶ
285 2839 490 2893 παίδων
511 2841 604 2893 καὶ
631 2843 905 2908 γυναικός.
954 2844 1190 2907 Ἐκεῖνος
1224 2845 1321 2914 μὲν
1345 2842 1439 2899 οὖν
1461 2845 1611 2919 [527]
1638 2849 1736 2918 9.6;-

147 2947 245 2993 νος
273 2929 345 2983 τά
370 2932 561 2985 ἑαυτοῦ
588 2934 689 2985 οὐκ
718 2935 1011 3005 ὲμερίμνα,
1035 2937 1169 2990 ἀλλά
1190 2938 1257 2991 τὰ
1286 2940 1385 3009 τῆς
1409 2943 1736 3014 οἰκουμένης

150 3022 397 3092 ἀπάσης·
439 3024 532 3075 καὶ
586 3026 651 3079 σὺ
701 3026 800 3094 μὲν
845 3026 985 3100 ὑπὲρ
1037 3029 1218 3093 οἰκίας
1261 3034 1408 3102 μιᾶς,
1442 3036 1647 3098 ἐκεῖνος
1677 3036 1735 3089 δὲ

149 3113 302 3184 ὑπὲρ
327 3113 436 3167 τῶν
468 3114 524 3166 έν
555 3116 821 3187 Ὶεροσολύ
831 3135 951 3187 μοις
974 3125 1223 3191 πενήτων
1249 3124 1519 3179 τοσούτων
1546 3126 1733 3191 ὅντων,

147 3206 300 3276 ὑπὲρ
338 3206 445 3258 τῶν
477 3208 536 3260 έν
568 3210 897 3282 Μακεδονίᾳ,
936 3213 1075 3284 ὑπὲρ
1118 3215 1227 3267 τῶν
1274 3219 1548 3289 πανταχοῦ
1591 3238 1736 3274 πτω-

146 3297 444 3365 χευόντων,
471 3298 610 3368 ὑπὲρ
638 3298 746 3351 τῶν
773 3299 1021 3355 διδόντων
1049 3303 1279 3369 ἐκείνοις
1313 3307 1411 3377 οὐχ
1461 3304 1647 3379 ἦττον,
1696 3311 1728 3379 ἢ

146 3386 261 3438 τῶν
291 3387 694 3455 λαμϐανόντων.
726 3393 834 3444 Kal
858 3392 965 3463 γὰρ
986 3394 1149 3466 διπλῆ
1178 3392 1245 3467 ἦν
1272 3398 1420 3468 αύτῴ
1451 3401 1481 3469 ή
1512 3401 1732 3471 φροντὶς

150 3478 298 3548 ὑπὲρ
338 3479 438 3546 τῆς
470 3481 813 3551 οἰκουμένης,
846 3487 940 3537 καὶ
968 3486 1116 3550 ὅπως
1157 3488 1265 3542 τῶν
1305 3491 1619 3557 ἀναγκαίων
1655 3492 1731 3564 μὴ

148 3565 430 3634 ἀποροῖεν,
471 3567 566 3620 καὶ
600 3568 747 3631 ὅπως
774 3571 831 3621 έν
862 3574 973 3633 τοῖς
1008 3579 1398 3643 πνευματικοῖς
1432 3579 1729 3643 πλουτοῖεν.

147 3654 263 3706 Kal
305 3655 403 3723 οὐχ
453 3654 595 3707 οὕτω
634 3672 692 3710 σε
726 3656 887 3710 λυπεῖ
920 3672 946 3699 ι
988 3661 1055 3712 τά
1094 3662 1283 3716 παιδία
1330 3666 1623 3729 πεινῶντα,
1656 3669 1731 3732 ώς

147 3746 359 3798 ἐκεῖνον
383 3745 451 3798 τά
476 3745 585 3799 τῶν
610 3747 815 3800 πιστῶν
842 3752 1145 3821 πράγματα
1173 3755 1372 3808 πάντα.
1410 3756 1475 3807 Τί
1502 3756 1645 3825 λέγω
1663 3760 1730 3812 τά

147 3831 261 3887 τῶν
293 3833 533 3899 πιστῶν;
564 3834 685 3889 οὐδὲ
712 3836 821 3907 γὰρ
860 3837 963 3907 τῆς
996 3840 1138 3913 ὑπὲρ
1165 3842 1273 3894 τῶν
1303 3843 1547 3898 ἀπίστων
1570 3864 1730 3916 φρον-

144 3923 292 3987 τίδος
321 3923 603 3997 ἐλεύθερος
632 3922 718 3997 ἦν,
752 3928 864 3980 ἀλλ’
898 3930 1073 3994 οὕτως
1106 3932 1211 3985 ὑπὸ
1236 3933 1442 4005 ταύτης
1479 3939 1725 4010 ἐτήκετο,

142 4016 224 4079 ὡς
243 4013 500 4086 εὔχεσθαι
519 4018 612 4071 καὶ
637 4018 883 4089 ἀνάθεμα
904 4021 1147 4089 γίνεσθαι
1173 4024 1314 4097 ὑπὲρ
1337 4027 1537 4082 αὐτῶν·
1563 4031 1627 4085 σὺ
1645 4031 1725 4098 δὲ,

146 4108 257 4160 κᾶν
290 4107 554 4180 μυριάκις
590 4111 933 4186 ἐπικρατήσῃ
975 4108 1156 4185 λιμὸς,
1180 4118 1279 4170 οὐκ
1317 4120 1385 4172 ἂν
1415 4121 1555 4174 ἓλοιό
1594 4138 1725 4177 ποτε

144 4198 445 4251 ἀποθανεῖν
478 4200 619 4268 ὑπὲρ
653 4203 895 4259 ὁτουοῦν.
929 4208 1040 4260 Kal
1068 4209 1133 4260 σὺ
1168 4210 1268 4278 μὲν
1294 4212 1439 4282 ὑπὲρ
1467 4216 1724 4283 γυναικὸς

148 4288 283 4355 μιᾶς
311 4292 601 4358 μεριμνᾷς,
625 4291 829 4353 έκεῖνος
851 4294 909 4346 δὲ
936 4295 1077 4366 ὑπὲρ
1112 4299 1301 4351 πασῶν
1328 4302 1437 4354 τῶν
1462 4304 1605 4357 κατά
1623 4307 1722 4375 τὴν

143 4378 475 4447 οἰκουμένην
501 4378 859 4449 Ἐκκλησιῶψ
897 4381 959 4436 Ἠ
977 4383 1087 4453 γὰρ
1111 4387 1369 4456 μέριμνὰ
1391 4409 1533 4458 μου,
1566 4396 1718 4464 φησὶ,

142 4468 364 4523 πασῶν
391 4467 513 4522 τῶν
550 4470 945 4537 Ἐκκλησιῶν.
984 4474 1165 4544 Μέχρι
1189 4477 1334 4542 τίνος
1364 4476 1459 4533 οὖν
1482 4483 1716 4552 παίζεις,

141 4559 422 4629 ἄνθρωπε,
447 4558 644 4629 Παύλῳ
674 4562 869 4614 σαυτὸν
902 4565 1284 4634 παραϐάλλων,
1322 4572 1415 4625 καὶ
1442 4574 1505 4625 ού
1533 4575 1719 4648 παύσῃ

141 4651 241 4718 τῆς
267 4649 472 4720 πολλῆς
494 4650 697 4739 ταύτης
724 4653 1088 4724 μικροψυχίας
1110 4673 1126 4721 ;
1161 4659 1429 4731 Δακρύειν
1463 4664 1591 4737 γάρ,
1619 4668 1716 4739 οὐχ

138 4744 273 4795 ὅταν
315 4745 375 4796 έν
426 4743 584 4813 πενίᾳ
627 4738 797 4812 ὦμεν,
844 4744 959 4799 ἀλλ’
987 4747 1115 4800 ὅταν
1154 4751 1581 4826 ἀμαρτάνωμεν,
1614 4738 1713 4813 δεῖέ

140 4832 299 4885 τοῦτο
331 4831 439 4901 γὰρ
464 4833 675 4903 θρήνων
699 4834 865 4900 ἀξιον·
893 4835 968 4897 ὡς
997 4838 1065 4888 τά
1093 4855 1155 4905 γε
1183 4839 1316 4894 ἄλλα
1340 4846 1432 4897 καὶ
1453 4846 1708 4912 γέλωτος.

151 4920 295 4972 Ἀλλ’
323 4922 385 4973 ού
423 4922 580 4975 τοῦτό
607 4940 675 4993 με
701 4924 876 4990 λυπεῖ,
907 4929 1060 4996 φησὶ.
1098 4929 1282 4997 μόνον,
1314 4934 1431 4987 ἀλλ’
1451 4938 1531 4991 ὅτι
1563 4942 1658 4992 καὶ
1682 4943 1711 4992 6

137 5012 289 5063 δεῖνα
312 5013 370 5063 έν
390 5011 697 5087 δυναστείᾳ,
718 5017 832 5084 ἐγὼ
860 5017 915 5069 δὲ
944 5017 1135 5085 ἄτιμος
1158 5022 1251 5073 καὶ
1275 5024 1706 5099 ἀπερριμμένος,

136 5104 254 5156 Kal
305 5102 359 5155 τί
394 5105 584 5172 τοῦτο;
617 5109 712 5161 καὶ
755 5110 863 5180 γὰρ
905 5113 934 5162 6
972 5111 1240 5181 μακάριος
1279 5116 1488 5183 Παῦλος
1519 5123 1709 5192 ἄτιμος

136 5196 236 5247 καὶ
280 5193 690 5264 ἀπερῤιμμένος
744 5194 884 5251 εἶναι
927 5200 1103 5252 ἐδόκει
1143 5203 1255 5265 τοῖς
1288 5204 1523 5270 πολλοῖς.
1572 5212 1708 5265 Ἀλλ’

135 5284 350 5344 ἐκεῖνος
389 5282 598 5346 Παῦλος
635 5279 725 5355 ἧν,
768 5286 951 5355 φησίν.
984 5287 1193 5341 υύκοῦν
1232 5288 1331 5360 οὐχ
1360 5294 1392 5362 ή
1421 5295 1529 5347 τῶν
1569 5314 1709 5369 τερα--

134 5371 367 5443 γμάτων
396 5371 578 5441 φύσις,
621 5374 738 5428 ἀλλ’
780 5378 813 5446 ή
867 5376 966 5446 τῆς
1006 5376 1231 5448 γνώμης
1273 5381 1522 5438 ἀσθένεια
1565 5404 1707 5443 ποιεε

138 5478 223 5517 σοι
251 5462 353 5531 τὴν
379 5460 637 5531 ἀθυμίαν.
672 5465 763 5536 Μὴ
790 5467 969 5521 τοίνυν
998 5467 1097 5538 τὴν
1123 5469 1314 5524 πενίαν
1336 5470 1542 5545 θρήνει,
1572 5480 1708 5535 ἀλλά

139 5551 334 5605 σαυτὸν
366 5551 459 5605 τόν
491 5552 637 5606 οὕτω
672 5553 1040 5627 διακείμενον·
1088 5560 1288 5629 μᾶλλον
1313 5562 1369 5616 δὲ
1396 5565 1471 5636 μὴ
1512 5572 1705 5625 σαυτὸν

201 5725 225 5755 ⁸
262 5725 517 5791 tegebatur
540 5727 692 5786 οὕτως
717 5730 891 5783 ἐλύπει.

1228 366 1292 422 ΙΝ
1335 365 1554 423 EPIST.
1597 366 1640 421 ll
1674 368 1768 421 AD
1801 366 1960 423 (ΞΟΠ.
2004 370 2236 427 1103111..
2280 374 2393 430 ΧΠ.

3344 389 3444 444 έ88

1866 488 2077 563 θρήνει,
2120 493 2254 548 ἀλλά
2295 495 2532 565 διόρθου,
2584 497 2720 568 μηδὲ
2757 501 3017 571 χρήματα
3046 501 3221 574 ζήτει,
3261 503 3376 557 ἀλλ’
3416 504 3446 559 δ

1864 583 2074 653 μυρίων
2099 586 2399 657 χρημάτων
2449 588 2835 660 φαιδροτέρους
2867 597 3034 661 ποιεῖ,
3067 595 3223 650 τοῦτο
3254 596 3443 660 δίωκε,

1862 672 2181 743 φιλοσοφίαν
2204 676 2301 728 καὶ
2327 678 2548 747 ἀρετήν.
2573 676 2789 749 Ταύτης
2817 680 2918 752 μὲν
2944 683 3052 753 γάρ
3074 682 3262 756 οὔσης,
3291 688 3443 741 οὐδὲν

1860 765 2053 829 πενίας
2085 767 2301 836 βλάϐος
2352 770 2558 841 ταύτης
2587 770 2659 849 δὲΔ
2693 774 2793 826 οὐκ
2820 772 3008 845 οὔσης,
3036 776 3191 830 οὐδὲν
3220 780 3443 849 χρημά-

1860 870 1967 908 των
1993 856 2206 924 δφελος.
2235 858 2300 910 Τί
2332 858 2440 931 γὰρ
2471 847 2681 928 ὄφελος,
2705 861 2827 916 είπέ
2862 881 2975 934 μοι,
3008 866 3116 919 τῶν
3143 847 3441 922 πλουτούν-

1858 960 1967 997 των
2005 947 2126 1017 μὲν,
2162 951 2424 1021 πενιχρὰς
2460 950 2515 1004 δὲ
2549 951 2782 1021 ἐχόντων
2807 952 3020 1023 ψυχάςς
3059 957 3170 1027 Οὐχ
3197 955 3343 1011 οὕτω
3372 959 3439 1012 σὺ

1860 1037 2058 1090 σαυτὸν
2085 1038 2412 1104 ταλανίζεις,
2441 1042 2515 1105 ώς
2546 1044 2750 1107 ἐκεῖνος
2786 1047 2815 1098 6
2846 1045 3097 1111 πλούσιος
3125 1049 3334 1115 ἑαυτὸν,
3357 1049 3440 1107 ὅτι

1861 1124 1936 1195 μὴ
1965 1125 2036 1179 τά
2065 1129 2282 1183 πάντων
2321 1130 2454 1200 ἔχειν.
2500 1131 2561 1185 Εί
2603 1133 2659 1186 δὲ
2706 1133 2781 1205 μὴ
2821 1135 3021 1203 κλαίει,
3053 1139 3308 1211 καθάπερ
3346 1145 3438 1209 σὺ,

1856 1216 2166 1284 άνάπτυξον
2199 1219 2365 1273 αὐτοῦ
2392 1220 2453 1274 τὸ
2488 1222 2743 1289 συνειδὸς,
2776 1226 2872 1279 καὶ
2898 1226 3019 1297 ὄψει
3050 1230 3177 1294 τοὺς
3206 1229 3439 1303 θρήνους

1856 1308 1951 1360 καὶ
1985 1309 2112 1373 τοὺς
2148 1311 2448 1375 κωκυτούς.

1927 1398 2113 1461 Θέλεις
2145 1416 2228 1451 σοι
2266 1400 2426 1466 δείξω
2468 1402 2559 1456 τὸν
2597 1402 2825 1459 πλοῦτον
2866 1407 2956 1461 τὸν
2992 1408 3105 1475 σόν,
3134 1412 3219 1465 ῖνα
3250 1414 3435 1487 παύσῃ

1858 1490 2179 1559 μακαρίζων
2231 1492 2357 1555 τοὺς
2402 1495 2461 1546 έν
2505 1496 2751 1565 χρήμασι
2804 1498 3206 1566 πλουτοῦντας;
3270 1504 3436 1577 Ὁρᾷς

1852 1579 2062 1631 τουτονὶ
2086 1579 2178 1632 τὸν
2209 1581 2457 1650 οὐρανὸν,
2494 1585 2611 1649 πῶς
2640 1587 2741 1656 μὲν
2767 1586 2951 1654 καλὸς,
2989 1591 3104 1654 πῶς
3143 1592 3199 1645 δὲ
3235 1594 3433 1664 μέγας,

1853 1667 1972 1731 πῶς
2001 1669 2059 1722 δὲ
2085 1671 2170 1738 ἐφ’
2193 1671 2399 1743 ὑψηλοῦ
2424 1677 2600 1728 κεῖται
2626 1694 2642 1742 ;
2684 1677 2888 1733 Τούτου
2930 1682 3023 1735 τοῦ
3050 1683 3278 1749 κάλλους
3309 1688 3433 1758 ούχὶ

1853 1760 2014 1813 πλέον
2062 1763 2160 1831 μὲν
2207 1764 2471 1818 ἀπολαύει
2516 1769 2745 1833 ἐκεῖνος,
2796 1772 2903 1823 οὐδ’
2953 1773 3021 1827 ἂν
3074 1775 3324 1849 δυνηθείη
3370 1795 3431 1831 σε

1850 1850 2233 1922 παρώσασθαι,
2264 1855 2360 1908 καὶ
2389 1857 2557 1911 αὑτοῦ
2590 1860 2815 1931 ποιῆσαι
2840 1864 2899 1916 τὸ
2924 1868 3053 1919 πᾶν·
3100 1868 3290 1941 ὥσπερ
3320 1870 3432 1940 γὰρ

1848 1941 1917 1994 δι’
1942 1943 2148 1998 ἐκεῖνον
2197 1948 2441 2015 γέγονεν,
2484 1950 2628 2005 οὕτω
2658 1954 2753 2007 καὶ
2781 1954 2869 2008 διὰ
2899 1958 2979 2011 σέ.
3019 1960 3084 2013 Τί
3114 1961 3173 2015 δὲ
3200 1966 3228 2017 6
3251 1965 3424 2033 ἥλιος,

1848 2034 1910 2115 το
1930 2038 2155 2109 φαιδρὸν
2183 2040 2341 2093 τοῦτο
2365 2041 2565 2115 ἄστρον
2592 2049 2681 2100 καὶ
2713 2049 3002 2119 τηλαυγὲς,
3031 2053 3124 2107 καὶ
3150 2054 3247 2118 τὰς
3277 2056 3427 2126 ὄψεις

1846 2128 2008 2199 ἡμῶν
2033 2130 2346 2203 εὐφραῖνον,
2377 2136 2497 2205 οὐχὶ
2541 2139 2719 2205 κοινὸς
2757 2141 2931 2197 ἅπασι
2977 2146 3069 2198 καὶ
3107 2141 3259 2210 οὗτος
3292 2140 3429 2218 πρό.

1847 2237 2047 2285 κειται,
2083 2225 2178 2277 καὶ
2208 2225 2411 2291 πάντες
2434 2230 2800 2287 ἀπολαύουσιν
2842 2234 2901 2301 ἐξ
2938 2236 3059 2306 ῖσης
3096 2237 3285 2303 αὐτοῦ,
3330 2241 3426 2294 καὶ

1845 2312 2091 2366 πλούσιοι
2132 2317 2226 2369 καὶ
2255 2317 2481 2389 πένητες
2506 2339 2521 2387 ;
2551 2323 2666 2377 ἀλλ’
2697 2327 2727 2379 6
2756 2326 2863 2380 τῶν
2890 2328 3105 2399 ἄστρων
3138 2332 3423 2400 στέφανος,

1844 2402 1938 2456 καὶ
1957 2402 1985 2453 6
2006 2403 2108 2473 τῆς
2128 2406 2357 2479 σελήνης
2380 2411 2599 2479 κύκλος,
2630 2416 2727 2485 οὐχ
2756 2418 2960 2487 ὁμοίως
2986 2424 3153 2474 πᾶσιν
3174 2423 3384 2477 ἀνεῖται
3406 2440 3423 2491 ;

1842 2493 2059 2547 Μᾶλλον
2091 2495 2168 2557 δὲ,
2201 2498 2249 2548 εί
2280 2498 2365 2550 δεῖ
2399 2516 2450 2552 τι
2479 2501 2793 2573 θαυμαστὸν
2823 2509 3019 2573 εἰπεῖν,
3058 2511 3221 2565 πλέον
3262 2514 3427 2584 ἡμεῖς

1840 2585 1887 2636 οί
1921 2585 2150 2656 πένητες
2198 2588 2564 2660 ἀπολαύομεν,
2600 2594 2631 2663 ἢ
2664 2596 2881 2652 ἐκεῖνοι.
2928 2600 3153 2657 Ἐκεῖνοι
3187 2604 3288 2673 μὲν
3315 2605 3424 2678 γάρ

1840 2676 1907 2729 τὰ
1932 2676 2101 2730 πολλὰ
2125 2678 2276 2751 [598]
2306 2682 2442 2753 μέθῃ
2466 2683 2873 2756 βαπτιζόμενοι,
2902 2690 2997 2742 καὶ
3028 2691 3085 2743 ὲν
3107 2692 3316 2761 κώμοις
3347 2676 3424 2748 6x;-

1840 2770 2066 2837 άγοντες
2116 2773 2211 2825 καὶ
2250 2772 2405 2844 ὕπνῳ
2445 2774 2619 2840 βαθεῖ,
2665 2778 2787 2831 οὐδὲ
2831 2779 3249 2836 έπαισθάνονται
3296 2784 3423 2838 τού-

1836 2879 1967 2924 των,
1994 2863 2295 2933 ὑπωρόφιοι
2320 2866 2473 2930 δντες
2499 2868 2591 2920 καὶ
2618 2872 3138 2943 σκιατραφούμενοι·
3163 2876 3213 2927 οἱ
3244 2876 3299 2929 δὲ
3323 2877 3423 2931 πέ-
3506 2913 3515 2925 ν

1837 2967 1996 3021 νητες
2020 2953 2255 3022 μάλιστα
2288 2957 2506 3009 πάντων
2534 2958 2674 3011 είσὶν
2710 2960 2759 3011 οἱ
2786 2961 2897 3023 τοῖς
2920 2964 3204 3034 στοιχείοις
3233 2966 3422 3036 ἐντρυ-

1841 3042 2053 3111 φῶντες
2090 3044 2322 3110 τούτοις.
2355 3045 2474 3100 Κᾶν
2496 3048 2589 3101 τὸν
2626 3048 2763 3120 ἀέρα
2790 3050 2847 3104 δὲ
2876 3050 3137 3124 ὲξετάσῃς
3166 3054 3256 3106 τὸν
3284 3072 3422 3109 παν-

1836 3134 2007 3205 ταχοῦ
2066 3137 2385 3207 κεχυμένον,
2451 3139 2545 3191 τὸν
2604 3142 2812 3209 πένητα
2882 3142 3271 3215 καθαρωτέρου
3326 3148 3423 3201 καὶ

1836 3227 2080 3289 πλείονος
2120 3228 2465 3281 ἀπολαύοντα
2505 3230 2645 3299 δψει.
2704 3234 2813 3286 Καὶ
2857 3234 2963 3304 γάρ
3003 3234 3272 3305 ὁδοιπόροι
3325 3240 3422 3293 καὶ

1834 3316 2073 3386 γεωργοὶ
2097 3315 2205 3368 τῶν
2236 3318 2295 3369 έν
2325 3315 2479 3369 ἄστει
2510 3317 2709 3387 μᾶλλον
2730 3319 3035 3390 ἐντρυφῶσι
3066 3323 3295 3388 τούτοις,
3323 3326 3419 3379 καὶ

1834 3409 2013 3462 αὐτῶν
2043 3409 2205 3463 πάλιν
2240 3409 2351 3463 τῶν
2380 3410 2438 3462 ὲν
2478 3409 2631 3463 ἄστει
2658 3411 2863 3465 τούτων
2896 3412 3054 3467 πλέον
3084 3408 3134 3467 οἱ
3173 3417 3416 3488 χειροτέ-

1833 3518 1956 3570 χναι
1986 3501 2095 3554 τῶν
2115 3500 2181 3554 δι’
2208 3500 2337 3570 ὅλης
2369 3500 2679 3571 μεθυόντων
2707 3504 2805 3574 τῆς
2825 3504 3058 3576 ἡμέρας.
3080 3506 3145 3558 Τί
3174 3506 3231 3561 δὲ
3258 3509 3290 3578 ἡ
3320 3508 3415 3578 γῆ,

1832 3590 1953 3659 οὐχὶ
1980 3589 2133 3659 κοινὴ
2158 3591 2323 3644 πᾶσιν
2352 3591 2592 3656 ἀνεῖται;
2624 3592 2778 3662 Οὐχὶ,
2808 3592 2963 3663 φησί.
2996 3595 3119 3659 Πῶς
3144 3595 3302 3651 τοῦτο
3332 3597 3418 3651 λέ-

1832 3695 1986 3746 γεις;
2024 3679 2144 3730 είπέ
2180 3696 2292 3748 μοι.
2331 3681 2454 3733 Ὀτι
2479 3683 2508 3734 6
2546 3680 2790 3734 πλουτῶν
2813 3684 2907 3735 καὶ
2942 3686 2999 3737 έν
3028 3686 3181 3741 ἄστει
3206 3686 3417 3759 πλέθρα

1829 3765 2121 3820 ἀπολαϐὼν
2176 3768 2423 3832 πλείονα,
2466 3772 2714 3840 μακροὺς
2763 3771 3015 3843 ἀνίστησι
3070 3775 3413 3847 περιϐόλους,

1832 3860 1923 3911 καὶ
1984 3861 2042 3912 ὲν
2098 3860 2290 3931 ἀγροῖς
2338 3858 2511 3913 πολλά
2563 3861 2932 3932 ἀποτέμνεται
2988 3864 3149 3937 μέρη.
3198 3865 3263 3919 Τί
3294 3864 3410 3930 οὖν,

1830 3947 2018 4019 ἐπειδὴ
2062 3949 2426 4020 ἀποτέμνεται
2470 3949 2655 4015 αὐτὸς,
2695 3951 2875 4007 αὐτῶν
2916 3953 3178 4010 ἀπολαύει
3215 3958 3410 4028 μόνος;

1829 4040 2113 4109 Οὐδαμῶς,
2139 4042 2245 4095 κᾶν
2272 4043 2444 4113 μυρία
2470 4043 2844 4117 φιλονεικήσῃ’
2874 4046 2970 4099 καὶ
2998 4047 3106 4119 γὰρ
3134 4050 3261 4115 τοὺς
3283 4069 3412 4123 καρ-

1826 4131 1964 4192 ποὺς
1995 4132 2077 4193 είς
2115 4132 2362 4194 ἅπαντας
2400 4134 2772 4201 ἀναγκάζεται
2809 4137 3111 4209 διανέμειν,
3140 4143 3234 4196 καὶ
3265 4146 3411 4198 σῖτον

1826 4221 1920 4273 καὶ
1944 4215 2089 4273 οἶνον
2119 4220 2214 4273 καὶ
2237 4220 2418 4275 ἔλαιον
2444 4223 2529 4275 col
2551 4227 2806 4294 γεωργεῖ,
2840 4229 2933 4279 καὶ
2961 4229 3289 4287 διακονεῖται
3326 4236 3411 4288 σοὶ

1825 4311 2120 4381 πανταχοῦ.
2153 4313 2262 4365 Kal
2288 4312 2397 4365 τῶν
2428 4314 2729 4384 περιϐόλων
2762 4316 2871 4370 τῶν
2907 4320 3136 4389 μακρῶν
3179 4324 3273 4375 καὶ
3297 4325 3409 4376 τῶν

1822 4402 2163 4471 οἰκημάτων,
2208 4403 2347 4473 μετά
2370 4404 2469 4475 τὴν
2500 4405 2707 4475 ἄφατον
2732 4407 2979 4479 δαπάνην
3017 4412 3112 4465 καὶ
3148 4414 3277 4477 τοὺς
3306 4417 3406 4468 πό⁴

1822 4507 1948 4553 νους
1985 4492 2078 4544 καὶ
2126 4492 2225 4555 τὰς
2271 4493 2671 4564 ταλαιπωρίας,
2716 4496 2801 4549 σοὶ
2843 4499 3253 4566 παρασκευάζει
3305 4500 3406 4571 τὴν

1823 4580 2035 4651 χρῆσινο
2067 4580 2249 4648 ὀλίγον
2276 4582 2427 4651 παρὰ
2461 4582 2558 4635 σοῦ
2588 4586 2687 4651 τῆς
2705 4584 2977 4654 τοσαύτης
3003 4587 3280 4651 διακονίας
3302 4592 3402 4660 ἀρ-

1820 4671 2009 4741 γύριον
2052 4670 2252 4725 λαϐών.
2302 4671 2412 4723 Kal
2456 4673 2515 4724 έν
2545 4671 2849 4740 βαλανείοις
2896 4675 2989 4726 καὶ
3018 4677 3295 4746 πανταχοῦ
3340 4679 3401 4730 τὸ

1819 4763 1950 4816 αὐτὸ
1972 4761 2268 4831 συμϐαῖνον
2294 4762 2393 4816 ῐδοι
2417 4780 2500 4825 τις
2520 4763 2606 4817 ἄν·
2632 4766 2758 4827 τοὺς
2791 4764 2890 4834 μὲν
2912 4766 3276 4831 πλουτοῦντας
3302 4772 3398 4823 καὶ

1816 4851 2063 4920 χρήμασι
2116 4852 2210 4905 καὶ
2263 4853 2511 4923 φροντίσι
2555 4853 2649 4905 καὶ
2702 4853 2883 4917 πόνοις
2948 4855 3391 4927 δαπανωμένους.

1812 4942 1939 5003 τοὺς
1966 4940 2024 4993 δὲ
2048 4941 2288 5011 πένητας
2328 4942 2527 5010 ὀλίγων
2560 4944 2763 5003 ὀϐολῶν
2790 4946 2927 5015 μετά
2961 4946 3147 5011 ἀδείας
3174 4948 3391 5003 ἄπαντα

1814 5031 2229 5102 καρπουμένους
2266 5034 2458 5088 ταῦτα.
2487 5035 2601 5117 Ka},
2630 5034 2790 5088 πλέον
2816 5035 2969 5088 οὐδὲν
2992 5037 3256 5090 ἀπολαύει
3293 5056 3387 5092 σου

1812 5125 1908 5191 τῆς
1934 5124 2056 5193 γῆς*
2088 5126 2151 5179 οὐ
2181 5126 2290 5199 γὰρ
2316 5126 2379 5195 δή
2404 5128 2612 5189 ἐκεῖνος
2637 5126 2737 5195 μὲν
2755 5126 2888 5179 δέκα
2919 5128 3217 5198 γαστέρας,
3243 5131 3309 5184 σὺ
3332 5131 3387 5184 δι

1814 5213 1942 5283 μίαν
1972 5215 2219 5286 πληροῖς.
2263 5216 2422 5269 Ἀλλά
2468 5215 2935 5286 πολυτελεστέρων
2964 5218 3128 5283 αὐτὸς
3168 5219 3385 5289 μετέχει

1811 5306 2025 5371 σιτίων;
2047 5307 2297 5361 Μάλιστα
2327 5307 2426 5377 μὲν
2455 5307 2515 5360 οὑ
2543 5307 2711 5378 πολλὴ
2732 5306 2889 5361 τοῦτο
2914 5308 3213 5371 πλεονεξίαο
3246 5309 3384 5379 πλὴν

1808 5396 2085 5453 κάνταῦθά
2114 5414 2172 5451 σε
2204 5398 2297 5451 τὺν
2331 5397 2493 5451 πλέον
2520 5397 2711 5468 έχοντα
2747 5398 3070 5468 εὑρήσομεν.
3116 5397 3179 5450 Ἦ
3223 5398 3331 5471 γὰρ
3356 5401 3382 5439 δ

1809 5488 2129 5544 πολυτέλεια
2166 5489 2308 5559 αῦτη
2345 5490 2434 5546 διά
2474 5490 2635 5544 τοῦτό
2671 5508 2754 5544 σοι
2800 5488 3017 5561 ζηλωτη
3043 5485 3181 5545 εἶναι
3211 5491 3379 5551 δοκεῖ,

1808 5580 1997 5652 ἐπειδὴ
2029 5582 2247 5636 πλείονα
2280 5582 2394 5652 ιχει
2423 5582 2523 5652 τὴν
2552 5583 2765 5653 ἡδονήν·
2810 5583 2925 5638 ἀλλ’
2955 5583 3093 5653 αῦτη
3125 5582 3276 5655 παρὰ
3304 5587 3379 5650 τῷ

1868 5754 1900 5794 ὶ
1936 5755 2215 5818 ιρεεδειυι·
2240 5758 2278 5806 εἰ
2307 5759 2414 5821 γάρ,
2436 5764 2484 5809 ει
2521 5757 2652 5821 infra
2674 5760 2952 5818 πλιονικτῇ,
2974 5770 3066 5821 pro
3089 5752 3374 5813 πλεονεκτεῖ.
