4076 6338
680 487 875 556 πένητι
899 479 1118 540 πλείων,
1146 474 1243 547 οὑχ
1273 473 1435 546 ἡδονὴ
1463 472 1519 527 δὲ
1571 474 1752 544 μόνον,
1780 470 1914 524 ἀλλὰ
1943 469 2037 522 καὶ
2067 464 2243 556 ὑγεία·

681 578 782 631 κάν
808 554 1015 652 νδτούτῳ
1065 568 1377 622 πλεονεκτεῖ
1426 566 1586 637 μόνον
1638 566 1667 619 6
1725 563 2002 625 πλούσιος,
2062 557 2141 627 τῷ
2190 554 2250 608 τὸ

684 650 842 737 σῶμα
890 662 1279 731 ἀσθενέστερον
1332 656 1793 721 κατασκευάζειν,
1846 654 1942 708 καὶ
1999 650 2250 710 πλείονας

682 758 933 825 συνάγειν
975 754 1074 817 τὰς
1109 751 1295 825 πηγάς
1336 749 1448 805 τῶν
1498 748 1967 821 ἀρρωστημάτων.
2027 742 2109 797 Τὰ
2155 743 2248 812 μὲν

680 850 787 918 γάρ
817 845 912 899 τοῦ
940 845 1171 913 πένητος
1210 838 1352 895 κατὰ
1381 836 1545 908 φύσιν
1571 836 1932 907 οἰκονομεῖται
1964 834 2159 898 πάντα,
2182 830 2251 883 τά

679 937 733 989 δὲ
763 934 971 989 ἐκείνου
998 931 1089 986 διὰ
1130 930 1229 1001 τὴν
1256 927 1524 999 ἀμετρίαν
1548 927 1628 990 εἰς
1661 926 1866 999 φθοράν
1901 924 2126 991 τελευτᾷ
2156 921 2252 975 καί

679 1026 1013 1099 ἀρῥωστίαν.

754 1125 826 1184 ς’·
855 1117 919 1170 Εἰ
934 1116 990 1170 δὲ
1008 1113 1279 1185 βούλεσθε,
1301 1112 1394 1166 καὶ
1409 1110 1504 1165 ἐπὶ
1525 1108 1921 1179 ὑποδείγματος
1939 1106 2072 1159 αὑτὸ
2097 1103 2255 1158 τοῦτο

681 1209 1008 1279 κατίδωμεν.
1040 1207 1102 1260 El
1134 1205 1243 1276 γάρ
1278 1205 1388 1258 δέοι
1425 1203 1655 1274 κάμινον
1692 1201 1916 1269 ἀνάψαι,
1954 1192 2073 1250 εἶτα
2101 1198 2129 1248 6
2159 1196 2255 1266 μὲν

684 1299 887 1370 σηρικὰ
922 1297 1112 1368 ἱμάτια
1138 1296 1234 1349 καὶ
1263 1294 1455 1356 ὀθόνας
1484 1292 1685 1355 λεπτὰς
1707 1288 2032 1344 καταϐάλλοι
2057 1287 2256 1347 πολλὰς

682 1394 776 1447 καὶ
816 1389 1097 1461 ἀπείρους,
1133 1387 1227 1441 καί⁵
1260 1386 1432 1449 οὕτως
1464 1384 1630 1453 αὐτὴν
1661 1382 1932 1445 άνακαίοι,
1960 1382 1988 1433 6
2028 1380 2084 1432 δὲ
2126 1378 2257 1444 ξύλα

682 1468 839 1555 δρυὸς
870 1482 965 1536 καί
989 1480 1219 1548 πεύκης·
1250 1479 1303 1530 τί
1334 1477 1494 1529 πλέον
1520 1475 1677 1546 ἔσχεν
1701 1469 1854 1535 οὗτος
1883 1471 2123 1535 ὲκείνου;
2155 1471 2258 1524 Οὑ-

681 1569 788 1622 δέν·
818 1567 953 1622 ἀλλὰ
980 1565 1074 1619 καὶ
1104 1565 1342 1617 ἔλαττον.
1378 1563 1445 1614 Τί
1470 1562 1559 1625 δές
1591 1561 1763 1632 (οὐδὲν
1792 1559 1899 1630 γὰρ
1923 1558 2120 1613 κωλύει
2164 1559 2259 1611 καὶ

684 1658 883 1729 ἑτέρως
903 1656 964 1709 τὸ
1002 1654 1134 1707 αὐτὸ
1162 1652 1485 1724 περιτρέψαι
1518 1652 1842 1720 ὑπόδειγμα)
1871 1651 1919 1702 εἰ
1948 1652 1976 1702 6
2005 1649 2104 1720 μὲν
2128 1647 2259 1714 ξύλα

686 1750 890 1819 βάλλοι,
917 1749 945 1801 6
977 1747 1034 1798 δὲ
1072 1744 1297 1815 σώματα
1341 1744 1612 1809 ὑποκαίοι,
1648 1743 1775 1813 ποίᾳ
1818 1742 1883 1796 ἂν
1911 1742 2081 1813 ήδέως
2113 1758 2257 1812 παρ-

686 1842 847 1910 έστης
894 1840 1129 1909 καμίνῳ,
1176 1838 1240 1907 τῇ
1280 1835 1389 1888 τῶν
1413 1835 1607 1901 ξύλων,
1646 1835 1679 1902 ἢ
1712 1837 1776 1904 τῇ
1805 1834 1915 1887 τῶν
1950 1832 2254 1903 σωμάτων;

685 1930 915 2001 Εὔδηλον
950 1930 1030 1983 ὅτι
1057 1931 1121 1998 τῇ
1149 1928 1257 1981 τῶν
1278 1926 1471 1993 ξύλων·
1506 1924 1687 1995 ἐκείνη
1716 1925 1813 1994 μὲν
1844 1923 1952 1993 γὰρ
1990 1922 2130 1975 κατὰ
2159 1923 2258 1989 φύ-

686 2042 770 2077 σιν
800 2022 1033 2083 καίεται,
1060 2020 1157 2074 καί
1185 2019 1283 2089 ἡδὺ
1315 2018 1495 2089 θέαμα
1535 2018 1648 2079 τοῖς
1684 2015 1885 2085 ὁρῶσιν
1913 2016 2081 2066 ἐστιν·
2119 2011 2258 2080 αὕτη

683 2114 739 2167 δὲ
770 2116 834 2184 τῇ
868 2112 1061 2182 κνίσσῃ
1090 2112 1182 2163 καὶ
1206 2110 1281 2179 τῷ
1309 2109 1465 2179 ἰχῶρι
1491 2108 1585 2160 καὶ
1612 2105 1691 2176 τῷ
1721 2103 1912 2174 καπνῷ
1942 2104 2031 2156 καί⁵
2060 2105 2125 2173 τῇ
2152 2102 2258 2155 τῶν

684 2206 885 2257 ὀστέων
951 2200 1183 2268 δυσωδίᾳ
1235 2198 1444 2258 πάντας
1487 2196 1553 2248 ἂν
1594 2193 1935 2248 ἀπελάσειεν.
1995 2189 2260 2260 Ἔφριξας

685 2293 947 2357 ἀκούσας,
1004 2292 1099 2344 καί
1152 2288 1419 2351 ὲϐδελύξω
1476 2285 1576 2355 τὴν
1617 2285 1874 2355 κάμινον;
1912 2282 2171 2335 Τοιαῦται
2205 2282 2263 2333 at

688 2380 840 2455 [529]
868 2379 976 2433 τῶν
1024 2378 1293 2431 πλουσίων
1327 2374 1594 2444 γαστέρες
1618 2373 1742 2426 εἰσί.
1786 2371 2012 2423 Πλείονα
2056 2369 2164 2440 γάρ
2201 2371 2259 2422 ὲν

686 2476 895 2538 τούτοις
937 2472 1226 2543 σηπεδόνα,
1260 2471 1289 2540 ἢ
1329 2471 1386 2522 ὲν
1433 2471 1488 2539 ,ᾗ
1523 2467 1736 2537 καμίνῳ
1764 2465 1949 2536 ἐκείνῃ
1992 2462 2142 2529 εὖροι
2175 2480 2257 2525 τις

689 2570 775 2634 ἂν,
826 2567 919 2620 καὶ
964 2562 1247 2632 πνεύματα
1279 2558 1488 2629 δυσώδη
1536 2558 1630 2611 καί
1672 2558 1918 2628 ῥεύματα
1952 2554 2256 2623 ἀκάθαρτα,

686 2660 765 2729 τῷ
806 2655 1079 2727 πανταχοῦ
1111 2654 1207 2708 καὶ
1232 2656 1287 2706 ἐν
1312 2653 1525 2721 ἑκάστῳ
1552 2649 1726 2721 μορίῳ
1760 2647 1961 2717 πολλὴν
2000 2641 2260 2715 εἶναιτὴν

688 2750 925 2818 ἀπεψίαν
972 2747 1059 2800 διὰ
1106 2746 1202 2815 τὴν
1237 2744 1575 2815 πλησμονήν.
1614 2740 1717 2793 Τοῦ
1763 2740 1871 2810 γὰρ
1919 2737 2059 2791 κατά
2102 2737 2260 2805 φύσιν

687 2841 893 2914 θερμοῦ
926 2841 1026 2893 οὐκ
1055 2838 1349 2909 ἀρκοῦντος
1377 2835 1594 2888 ἅπαντα
1617 2828 2087 2902 κατεργάσασθαι,
2123 2829 2260 2882 ἀλλά

690 2927 1200 2998 καταχωννυμένου,
1237 2925 1513 2975 ἐπίκειται
1557 2923 1740 2975 ἐκεῖνα
1767 2920 1971 2975 ἀνωθεν
2000 2918 2258 2982 καπνιζό-

694 3035 849 3087 μενα,
895 3017 988 3070 καί
1032 3015 1233 3083 πολλὴν
1273 3012 1529 3066 ποιοῦντα
1558 3010 1655 3082 τὴν
1682 3012 1891 3081 ἀηδίαν.
1923 3013 2041 3064 Τίνι
2074 3006 2165 3063 οὖν
2194 3010 2259 3064 ἀν

692 3128 772 3172 τις
803 3108 1107 3180 παραϐάλοι
1147 3108 1243 3169 τὰς
1272 3106 1493 3157 ἐκείνων
1522 3102 1793 3171 γαστέρας
1818 3120 1832 3169 ;
1867 3103 2002 3155 ἀλλά
2034 3104 2106 3173 μὴ
2132 3103 2259 3155 δυσ-

693 3201 955 3272 χεράνητε
981 3200 1111 3271 πρδς
1146 3198 1236 3250 τὸν
1260 3196 1435 3265 λόγον,
1466 3195 1579 3249 ἀλλ’
1605 3198 1652 3248 εἰ
1682 3196 1756 3266 μὴ
1790 3195 1963 3266 ἀληθῆ
1993 3196 2155 3262 λέγω,
2182 3194 2263 3245 διο

693 3291 966 3360 ελέγξατε·
998 3290 1102 3343 τίνι
1126 3286 1217 3342 οὖν
1247 3290 1311 3343 ἄν
1342 3306 1422 3351 τις
1450 3288 1616 3350 αὑτὰς
1645 3288 1981 3358 παραϐάλοι;
2014 3288 2133 3340 οὐδὲ
2159 3287 2265 3357 γάρ

694 3385 851 3454 ἀρκεῖ
874 3382 939 3433 τὰ
961 3382 1079 3450 είρη
1090 3380 1224 3448 μένα
1247 3379 1415 3443 δεῖξαι
1438 3378 1617 3431 αὐτῶν
1639 3381 1736 3446 τὴν
1761 3378 2073 3446 ἀθλιότητα.
2098 3372 2269 3447 Εὗρον

694 3475 788 3530 καὶ
831 3473 1024 3544 ἑτέραν
1057 3471 1259 3525 εἰκόνα.
1290 3471 1426 3522 Τίνα
1473 3468 1536 3539 δὴ
1583 3469 1818 3538 ταύτην;
1859 3468 2126 3538 Καθάπερ
2176 3468 2267 3520 έπί

695 3563 802 3617 τῶν
830 3561 1060 3633 ἀμαρῶν
1087 3560 1215 3613 ἔνθα
1253 3560 1437 3612 πολλοί
1469 3560 1516 3611 οἰ
1550 3559 1773 3629 φορυτοί
1796 3558 2026 3628 κόπρου,
2049 3559 2264 3628 χόρτου,

1416 361 1475 416 S.
1515 356 1803 415 JOANNIS
1840 348 2260 413 CIIRYSOSTO'

2371 346 2691 403 Αιιοιιιερ.
2733 343 3283 401 CONSTANTINOP.

3837 344 3933 398 ωσι

2359 464 2632 530 καλάμης,
2656 462 2837 525 Αιθων,
2862 459 3057 528 πηλοῦ,
3086 458 3328 525 συνεχεῖς
3352 453 3655 528 ἔμφράξεις
3680 456 3936 524 γίνονται,

2357 553 2450 605 καὶ
2502 551 2889 622 ὑπερεκχεῖται
2936 561 2961 589 ι
3004 548 3191 601 λοιπὸν
3221 547 3428 602 ἀνωθεν
3472 551 3506 619 ή
3546 546 3644 601 τοῦ
3678 547 3939 620 βορϐόρου

2358 643 2528 714 ῥύμη·
2572 640 2715 696 οὕτω
2750 641 2843 694 καί⁵
2876 639 2969 693 ὲπί
3008 640 3107 709 τῆς
3143 638 3349 692 τούτων
3387 640 3590 704 κοιλίας
3625 640 3935 711 συμϐαίνει·

2358 733 2739 807 φραττσμένης
2763 733 2874 803 γὰρ
2911 733 3080 804 αὐτῆς
3112 730 3378 795 κάτωθεν,
3410 732 3616 786 ἀνωθεν
3649 732 3940 794 ἀναϐλύζει

2355 828 2427 879 τὰ
2470 824 2694 878 πλείονα
2724 822 2834 877 τῶν
2882 822 3137 893 πονηρῶν
3174 820 3383 875 τούτων
3419 822 3746 893 ῥευμάτων.

2356 918 2457 971 οὐκ
2478 916 2700 971 ἐπὶτῶν
2722 916 2970 986 πενήτων
2996 913 3171 978 οὕτως
3213 913 3325 967 ἀλλ’
3347 912 3537 984 ῶσπερ
3559 914 3702 967 αἱτά
3728 914 3946 983 καθαρὰ

2360 1008 2689 1081 προχέουσαι
2721 1008 2913 1079 ῥεῖθρα
2952 1006 3150 1077 πηγαὶ,
3184 1006 3279 1057 καί
3310 1006 3521 1077 κήπους
3547 1005 3815 1073 ἄρδουσαι
3853 1008 3945 1058 καί

2360 1098 2744 1169 παραδείσους,
2774 1097 2916 1151 οὕτω
2953 1097 3048 1152 καί
3088 1097 3145 1149 αἱ
3170 1096 3380 1149 τούτων
3410 1095 3679 1165 γαστέρες
3713 1097 3825 1149 εἰσί
3854 1114 3945 1148 και

2361 1190 2524 1261 θαραί
2546 1188 2656 1243 τῶν
2674 1187 2934 1242 τοιούτων
2958 1188 3431 1259 περιττευμάτων.
3468 1185 3611 1240 Ἀλλ’
3632 1188 3735 1256 οὐχ
3762 1188 3821 1240 αί
3846 1187 3947 1237 τῶν

2363 1278 2757 1341 πλουτούντων,
2790 1277 2989 1348 μᾶλλον
3024 1277 3082 1330 δέ
3120 1277 3474 1348 τρυφώντων,
3504 1276 3781 1340 τοιαῦται,
3817 1275 3947 1327 ἀλλὰ

2363 1368 2573 1439 χυμῶν.
2602 1368 2946 1439 φλεγμάτων,
2967 1366 3150 1438 χολῆς,
3175 1367 3406 1437 αἵματος
3434 1365 3808 1436 διεφθορότος,
3835 1365 3947 1434 ρεύς

2369 1477 2535 1529 ματος
2578 1459 2896 1530 σεσηπότος,
2931 1459 3026 1512 καὶ
3058 1457 3167 1511 τῶν
3199 1458 3374 1512 ἄλλων
3403 1456 3513 1511 τῶν
3549 1455 3815 1509 τοιούτων
3846 1458 3949 1509 εἰσί

2367 1551 2812 1622 πεπληρωμέναι.
2836 1550 3037 1620 Διόπερ
3057 1549 3232 1614 οὐδεὶς
3258 1549 3361 1603 κᾶν
3382 1548 3520 1620 πρὸς
3550 1546 3763 1618 βραχὺν
3789 1549 3944 1619 ἀρκέ-

2368 1658 2451 1695 σει
2484 1643 2675 1713 χρόνον
2706 1641 2997 1704 διαπαντὸς
3039 1642 3098 1693 έν
3128 1644 3308 1714 τρυφῇ
3348 1638 3480 1707 ζῶν,
3526 1640 3645 1693 ἀλλ’
3674 1641 3734 1692 ὲν
3766 1641 3953 1711 ἀρῥω-

2366 1734 2540 1796 στίαις
2575 1732 2838 1803 βιώσεται
2864 1732 3156 1801 διηνεκέσι.
3187 1732 3277 1785 Διὸ
3300 1731 3395 1783 καί
3428 1731 3598 1801 ήδέως
3627 1730 3695 1784 ἂν
3737 1732 3954 1801 ἠρόμην

2364 1826 2578 1892 αὐτοὺς,
2607 1824 2750 1887 τίνος
2778 1825 2964 1877 ἕνεκεν
2994 1822 3061 1875 τά
3092 1822 3235 1875 σιτία
3266 1822 3506 1876 δέδοται·
3535 1823 3622 1874 ῖνα
3641 1821 3952 1893 φθειρώμεο

2368 1917 2457 1980 θα,
2500 1917 2533 1987 ἢ
2566 1916 2655 1969 ἵνα
2684 1913 3045 1985 τρεφώμεθα;
3076 1914 3163 1967 ῖνα
3189 1912 3458 1982 νοσῶμεν,
3488 1912 3520 1983 ἦ
3560 1913 3648 1979 ἵνα
3696 1914 3953 1979 ὑγιαίνω·

2369 2023 2508 2076 μεν;
2548 2006 2636 2058 ἵνα
2670 2004 3011 2074 ἀσθενῶμεν,
3057 2003 3090 2073 ἢ
3127 2003 3215 2058 ἴνα
3248 2001 3563 2072 ίσχύωμεν;
3600 2002 3845 2070 Εὔδηλον
3876 2004 3950 2052 Et:

2366 2094 2455 2147 διὰ
2482 2096 2688 2164 τροφὴν
2712 2095 2804 2147 καὶ
2828 2092 3014 2160 ὑγείαν
3044 2094 3137 2145 καὶ
3163 2092 3335 2163 ἰσχύν.
3363 2092 3519 2154 Τίνος
3548 2089 3641 2145 οὖν
3662 2093 3854 2145 ἕνεκεν
3880 2095 3952 2153 είς

2366 2186 2673 2239 τούναντίον
2702 2185 2887 2247 αὐτοῖς
2924 2184 3329 2255 ἀποκέχρησθε,
3354 2183 3510 2239 νόσον
3534 2186 3628 2236 καὶ
3662 2184 3951 2237 ἀσθένειαν

2366 2278 2451 2332 διὰ
2488 2278 2693 2330 τούτων
2722 2276 3182 2348 δημιουργοῦντες
3212 2276 3288 2346 τῷ
3320 2276 3573 2346 σώματι;
3617 2275 3763 2329 Ἀλλ’
3798 2278 3896 2345 οὐχ
3926 2276 3953 2326 6

2368 2370 2560 2437 πένης,
2583 2367 2699 2421 ἀλλ’
2724 2368 2912 2435 ὑγείαν
2941 2368 3033 2421 καί
3064 2367 3366 2437 εὐρωστίαν
3414 2368 3506 2419 καί
3542 2368 3697 2435 ἰσχὺν
3738 2367 3829 2418 διὰ
3860 2367 3952 2432 τῆς

2366 2463 2518 2530 λιτῆς
2566 2462 2786 2514 ὠνεῖται
2821 2460 3047 2530 τροφῆς.
3089 2461 3178 2530 Μὴ
3204 2460 3267 2529 δὴ
3301 2459 3451 2513 κλαῖε
3494 2457 3582 2511 διὰ
3617 2457 3811 2509 πενίαν
3861 2457 3956 2526 τήν

2368 2553 2556 2622 ὑγείας
2584 2548 2816 2624 μητέρα,
2858 2553 2996 2605 ἀλλά
3048 2552 3143 2605 καί
3198 2552 3457 2619 ἀγάλλου·
3505 2550 3621 2612 καὶ,
3678 2551 3725 2602 εἰ
3780 2549 3954 2618 βούλει

2368 2646 2635 2709 πλουτεῖν,
2670 2645 2999 2715 καταφρόνει
3051 2643 3303 2697 πλούτου.
3339 2643 3414 2696 Οὐ
3449 2642 3556 2713 γὰρ
3597 2643 3659 2694 1:6
3692 2645 3955 2711 χρήματα

2368 2740 2532 2810 ἔχειν,
2564 2740 2701 2793 ἀλλὰ
2733 2740 2793 2793 τὸ
2828 2741 2902 2811 μὴ
2946 2738 3153 2792 δεῖσθαι
3199 2739 3295 2793 τοῦ
3323 2740 3485 2809 ἔχειν,
3519 2738 3682 2790 τοῦτο
3723 2738 3957 2807 μάλιστα

2368 2834 2615 2905 εὐπορία.
2646 2835 2745 2887 Ἂν
2773 2832 2932 2886 τοῦτο
2961 2831 3417 2903 κατορθώσωμεν,
3450 2836 3542 2885 καί
3576 2832 3817 2887 ἐνταῦθα
3853 2835 3955 2886 τῶν

2370 2925 2744 2977 πλουτούντων
2772 2924 2990 2977 πάντων
3014 2922 3382 2993 εὐπορώτεροι
3409 2924 3671 2993 ἐσόμεθα,
3708 2925 3809 2976 καί
3848 2924 3955 2975 ἐκεῖ

2365 3016 2474 3069 τῶν
2527 3015 2833 3087 μελλόντων
2880 3014 3279 3085 ἐπιδ-τευξόμεθα
3337 3016 3578 3082 ἀγαθῶν·
3619 3008 3696 3067 ὧν
3745 3015 3956 3084 γένοιτο

2370 3108 2579 3170 πάντας
2603 3110 2748 3178 ἡμᾶς
2779 3109 3078 3177 ἐπιτυχεῖν,
3114 3106 3300 3178 χάριτι
3328 3108 3424 3159 καὶ
3445 3106 3839 3176 φιλανθρωπίᾳ
3862 3104 3953 3157 τοῦ

2371 3200 2577 3269 Κυρίου
2630 3199 2788 3268 ήμῶν
2833 3199 3007 3267 Ἰησοῦ
3064 3199 3328 3269 Χριστοῦ,
3376 3198 3495 3266 μεθ’
3540 3190 3603 3248 οὗ
3650 3196 3728 3264 τῷ
3784 3196 3957 3264 Πατρί

2372 3286 2490 3357 ἅμα
2512 3284 2589 3355 τῷ
2622 3286 2762 3356 ἁγίῳ
2794 3285 3072 3355 Πνεύματι
3108 3285 3254 3351 δόξα,
3297 3288 3515 3355 κράτος,
3548 3285 3703 3354 τιμὴ.
3741 3283 3840 3336 νῦν
3868 3286 3959 3336 καὶ

2373 3378 2481 3441 ἀεὶ,
2514 3379 2609 3430 καί
2642 3380 2721 3441 εἰς
2750 3378 2877 3440 τοὺς
2908 3378 3109 3440 αἰῶνας
3143 3378 3251 3431 τῶν
3273 3377 3506 3433 αἰώνων.
3553 3376 3745 3445 Ἀμήν.

2436 3566 2461 3593 ⁸
2490 3564 2750 3630 Legebalur
2770 3564 3116 3628 ὓπερεγχεῖται.

2048 3964 2197 4036 [550]
2231 3965 2473 4017 OMIAIA
2517 3964 2610 4017 ll".

706 4105 775 4161 Τὸ
805 4108 998 4173 στόμα
1036 4104 1203 4174 ἡμῶν
1233 4104 1455 4172 ἀνέῳγε
1485 4102 1633 4169 πρὸς
1670 4099 1845 4172 ὑμᾶς,
1876 4091 2190 4174 Κορίνθιοι,
2223 4102 2259 4165 ἡ

768 4170 979 4246 καρδία
1005 4170 1170 4245 ἡμῶν
1197 4170 1629 4246 πεπλάτυνται.
1651 4170 1743 4246 -οὐ
1792 4170 2264 4246 στενοχωρεῖσθε

768 4241 1527 4335 ἐν’ῄμῖν,Ὗστενοχωρεῒσθε
1551 4242 1617 4295 δὲ
1639 4243 1708 4294 ἐν
1733 4242 1853 4305 τοῖς
1884 4241 2264 4308 σπλάγχνοις

766 4334 936 4383 υμων

771 4473 842 4520 α’.
874 4465 1284 4535 Διηγησάμενος
1307 4464 1435 4533 περί
1464 4462 1571 4515 τῶν
1596 4460 1787 4515 ἑαυτοῦ
1820 4460 2141 4531 πειρασμῶν
2176 4461 2267 4514 καὶ

700 4556 964 4625 θλίψεων·
1003 4558 1105 4609 Ἐν
1130 4552 1406 4622 ὑπομονῇ
1448 4553 1576 4623 γὰρ,
1616 4553 1799 4622 φησὶν,
1840 4554 1910 4605 ὲν
1950 4553 2268 4619 θλίψεσιν,

697 4649 766 4701 ἐν
798 4648 1090 4715 ἀνάγκαις
1122 4687 1135 4706 ,
1161 4648 1231 4700 ἐν
1272 4646 1705 4714 στενοχωρίαις
1729 4686 1743 4711 ,
1777 4646 1846 4698 ἐν
1880 4642 2169 4711 πληγαῖς,
2203 4643 2271 4695 ἐν

699 4741 1018 4807 φυλακαῖς,
1086 4740 1156 4791 ὲν
1224 4737 1699 4802 ἀκαταστασίαις
1724 4774 1739 4801 ,
1805 4738 1875 4789 ὲν
1925 4736 2136 4800 κόποις
2161 4776 2175 4798 ,
2201 4733 2270 4786 ἐν

700 4831 1096 4898 ἀγρυπνίαις·
1133 4830 1228 4882 καὶ
1284 4828 1463 4894 δείξας
1509 4829 1591 4881 ὅτι
1629 4828 1769 4899 μέγα
1798 4826 2001 4897 ἀγαθὸν
2034 4827 2095 4878 τὸ
2129 4824 2269 4896 πρά-

702 4938 818 4988 γμα
852 4936 866 4949 ·
922 4922 1019 4985 Ὡς
1080 4920 1453 4987 λυπούμενοι
1503 4920 1633 4989 γὰρ,
1672 4919 1853 4989 φησὶν,
1898 4918 1992 4973 ἀεὶ
2042 4916 2110 4970 δὲ
2138 4917 2267 4984 χαί-

694 5027 915 5078 ροντες
950 5025 964 5039 ·
999 5010 1081 5075 ὡς
1124 5008 1370 5076 πτωχοί,
1401 5007 1672 5073 πολλοὺς
1709 5007 1776 5061 δὲ
1807 5005 2228 5070 πλουτίζοντες
2252 5021 2266 5034 ·

698 5104 783 5167 ὡς
817 5100 1016 5169 μηδὲν
1061 5103 1331 5168 ἔχοντες,
1378 5097 1481 5151 καὶ
1531 5098 1727 5151 πάντα
1757 5096 2113 5166 κατέχοντες
2140 5112 2151 5123 ·
2178 5096 2271 5148 καὶ

701 5193 840 5246 ὅπλα
874 5192 1012 5245 αὐτὰ
1040 5190 1208 5244 εἰπών
1229 5206 1244 5221 ·
1283 5193 1381 5257 Ὠς
1401 5189 1815 5256 παιδευόμενοι
1840 5190 1969 5259 γάρ,
2006 5187 2272 5258 φησί,καί

695 5280 781 5351 μὴ
829 5281 1263 5349 θανατούμενοι
1290 5297 1303 5311 ·
1339 5281 1434 5334 καὶ
1458 5278 1550 5331 τοῦ
1580 5277 1717 5331 Θεοῦ
1745 5279 1845 5349 τὴν
1877 5277 2080 5348 πολλὴν
2106 5278 2272 5348 κηδε-

703 5372 894 5439 μονίαν
924 5370 1012 5424 διὰ
1055 5369 1262 5423 τούτων
1306 5372 1555 5441 ἐμφήνας
1601 5368 1694 5421 καὶ
1719 5368 1818 5437 τὴν
1847 5369 2081 5439 δύναμιν
2105 5384 2118 5397 ·
2148 5369 2272 5421 Ἵνα

701 5464 808 5533 γάρ
832 5463 869 5529 ἡ
903 5462 1209 5529 ὑπερϐολὴ
1234 5460 1345 5529 τῆς
1376 5461 1691 5531 δυνάμεως
1714 5454 1756 5530 ᾖ
1778 5461 1883 5515 τοῦ
1915 5459 2087 5525 Θεοῦ,
2116 5459 2271 5530 φησι,

700 5554 799 5607 καί
840 5551 929 5622 μὴ
960 5552 1030 5617 ἐξ
1072 5550 1242 5622 ἡμῶν
1264 5568 1276 5580 ·
1305 5551 1400 5603 καὶ
1446 5553 1574 5615 τοὺς
1612 5550 1815 5610 ἄθλους
1840 5548 2009 5605 αὐτοῦ
2040 5547 2265 5606 mm.

703 5649 795 5709 ξας
815 5662 825 5673 ·
847 5646 1104 5699 Πάντοτε
1131 5644 1238 5714 γὰρ
1256 5641 1371 5709 τὴν
1383 5641 1678 5710 νέκρωσιν
1690 5638 1901 5703 αὑτοῦ,
1935 5640 2092 5713 φησι,
2109 5656 2257 5711 περι.

704 5737 983 5806 φέρομεν·
1022 5736 1116 5790 καὶ
1130 5738 1209 5790 ὅτι
1228 5734 1573 5797 ἀναστάσεως
1594 5734 1749 5789 τοῦτο
1775 5732 2049 5799 ἀπόδειξις
2074 5735 2249 5803 σαφής

2369 4100 2500 4151 Ἵνα
2518 4098 2624 4169 γὰρ
2643 4098 2740 4151 καί
2765 4100 2799 4165 ἠ
2814 4097 2925 4167 ζωὴ
2950 4099 3055 4152 τοῦ
3094 4100 3296 4166 Ἰησοῦ
3319 4096 3627 4169 φανερωθῇ
3644 4099 3714 4151 ἐν
3728 4098 3806 4165 τῇ
3822 4104 3954 4166 θνη-

2367 4189 2440 4257 τῇ
2456 4192 2638 4257 σαρκί
2662 4188 2845 4259 ἡμῶν,
2867 4190 3001 4261 φησί
3030 4208 3043 4221 ·
3086 4192 3180 4244 καὶ
3201 4186 3277 4245 ὧν
3326 4192 3519 4260 γέγονε
3560 4192 3836 4259 κοινωνὸς,
3865 4193 3955 4246 καί

2366 4279 2489 4332 τίνα
2546 4280 2844 4351 ἐπιστεύθη
2882 4296 2894 4309 ·
2940 4280 3121 4349 ’Υπὲρ
3166 4282 3427 4350 Χριστοῦ
3471 4282 3581 4353 γὰρ
3626 4284 3953 4350 πρεσϐεύο-

2363 4388 2497 4439 μεν,
2532 4371 2713 4442 φησιν,
2733 4374 2812 4439 ὡς
2830 4372 2935 4427 τοῦ
2965 4374 3114 4428 Θεοῦ
3136 4374 3639 4441 παρακαλοῦντος
3666 4374 3739 4427 δι’
3766 4375 3950 4443 ἡμῶν·

2372 4463 2465 4516 καί⁸
2505 4461 2668 4516 τίνων
2708 4465 2826 4517 ἐστὶ
2867 4464 3136 4527 διάκονος,
3172 4466 3256 4518 ὅτι
3303 4465 3364 4517 οὺ
3418 4465 3747 4535 γράμματος
3771 4506 3786 4529 ,
3822 4464 3955 4517 ά)λά

2374 4554 2691 4624 πνεύματος
2719 4573 2733 4585 ·
2768 4557 2863 4607 καὶ
2897 4555 2979 4607 ὃτι
3012 4557 3074 4608 οὐ
3100 4556 3275 4625 τούτῳ
3307 4556 3469 4627 μόνον
3500 4555 3802 4623 αἰδέσιμος,
3819 4553 3952 4605 ἀλλὰ

2371 4642 2466 4694 καί
2492 4646 2603 4703 τοῖς
2628 4646 2955 4712 πειρασμοῖς
2976 4662 2989 4675 ·
3036 4644 3119 4711 Τῷ
3148 4646 3271 4711 Θεῷ
3304 4647 3433 4715 γὰρ,
3459 4644 3595 4711 φησί
3616 4684 3629 4707 ,
3675 4643 3849 4711 χάρις
3874 4641 3952 4705 τῷ

2380 4732 2641 4785 πάντοτε
2681 4731 2839 4800 ἡμᾶς
2859 4737 3270 4805 θριαμϐεύοντι
3291 4753 3304 4766 ·
3340 4735 3525 4805 μέλλει
3554 4733 3742 4787 λοιπὸν
3767 4734 3951 4796 αὐτοῖς

2374 4825 2467 4876 καὶ
2493 4825 2773 4893 ἐπιτιμᾷν,
2799 4825 2875 4889 ὡς
2896 4827 2957 4880 οὑ
2988 4828 3196 4899 σφόδρα
3215 4828 3342 4897 περὶ
3365 4826 3527 4878 αὑτὸν
3555 4826 3947 4895 διακειμένοις.

2388 4904 2551 4969 Ἀλλὰ
2585 4917 2795 4987 μέλλων
2822 4960 2835 4982 ,
2865 4921 2964 4972 οὐκ
2992 4919 3195 4981 εὐθέως
3241 4919 3333 4971 ἐπὶ
3366 4917 3798 4989 τοῦτοερχεται,
3816 4918 3949 4971 ἀλλὰ

2377 5006 2647 5078 πρότερον
2696 5009 2763 5062 τὰ
2823 5012 2955 5081 περὶ
3018 5014 3116 5081 τῆς
3168 5010 3390 5080 ἀγάπης
3458 5008 3650 5075 εἰπὼν,
3701 5013 3769 5081 ἢν
3824 5009 3949 5077 περί

2376 5099 2573 5160 αὐτοὺς
2616 5100 2971 5155 ἐπεδείκνυτο
2999 5143 3015 5169 ,
3042 5102 3163 5154 τότε
3190 5100 3441 5171 ἐμϐαίνει
3475 5104 3567 5156 καί
3604 5107 3683 5167 εἰς
3710 5107 3795 5157 τὸν
3827 5103 3948 5171 περί

2377 5188 2584 5243 τούτων
2639 5191 2818 5261 λόγον.
2849 5194 2916 5246 Εἰ
2944 5193 3053 5262 γάρ
3086 5194 3181 5245 καί
3219 5194 3330 5246 ἀπὸ
3360 5194 3470 5249 τῶν
3507 5198 3729 5249 οἰκείων
3750 5212 3947 5264 κατορ-

2380 5279 2653 5349 θωμάτων
2678 5281 2961 5353 αἰδέσιμος
2993 5284 3022 5336 6
3044 5282 3317 5353 ἐπιτιμῶν
3344 5284 3432 5355 είη
3454 5325 3471 5346 ,
3502 5286 3623 5339 ἀλλ’
3649 5288 3799 5356 ὅμως
3824 5287 3949 5339 ὅταν

2378 5372 2471 5423 καί
2498 5371 2596 5443 τὴν
2625 5374 2808 5444 φιλίαν
2827 5414 2843 5439 ,
2869 5376 2938 5444 ἢν
2975 5374 3089 5444 εχει
3133 5374 3269 5446 πρὸς
3314 5378 3441 5441 τοὺς
3473 5377 3911 5448 ἐγκαλουμένους
3931 5414 3945 5439 ο

2378 5460 2737 5533 ἐπιδείξηται,
2790 5464 3265 5537 ἀνεπαχθέστερον
3314 5469 3461 5523 ποιεῖ
3507 5467 3601 5521 τὸν
3642 5467 3818 5536 λόγον.
3852 5465 3945 5516 Διὰ

2380 5550 2540 5607 τοῦτο
2578 5556 2673 5609 καί
2716 5557 2883 5621 αὐτὸς
2910 5556 3019 5610 ἀπὸ
3046 5556 3155 5612 τῶν
3182 5558 3506 5630 πειρασμῶν
3530 5558 3629 5612 καὶ
3652 5558 3759 5612 τῶν
3791 5554 3943 5624 ίδρὼ-

2377 5661 2485 5698 των
2505 5646 2615 5701 τῶν
2644 5647 2841 5702 ἑαυτοῦ
2877 5648 3105 5704 καὶτῶν
3126 5650 3353 5720 ἀγώνων
3385 5649 3577 5716 ἐκϐάς,
3606 5652 3685 5713 εἰς
3707 5648 3799 5701 τὸν
3823 5644 3943 5714 περὶ

2378 5736 2478 5806 τῆς
2496 5739 2718 5810 ἀγάπης
2745 5739 3063 5809 μεταϐαίνει
3090 5742 3267 5813 λόγον,
3298 5741 3394 5796 καὶ
3410 5742 3579 5807 οὕτως
3604 5738 3780 5794 αὐτῶν
3812 5738 3936 5790 καθ-
