4568 6424
198 467 312 522 £39

199 582 425 652 profusa
460 580 546 635 illa
570 587 624 635 et
646 576 911 649 exquisita
954 575 1076 630 vitae
1106 571 1245 630 ratio
1272 571 1392 628 ideo
1424 570 1518 627 tibi
1548 570 1700 626 beata
1740 576 1796 625 et

202 673 506 735 expetenda
533 686 653 728 esse
677 670 921 734 videtur,
954 666 1097 739 quod
1124 665 1332 737 majore
1366 664 1636 734 voluptate
1668 677 1790 734 per-

202 763 325 821 fusa
353 764 449 829 sit;
474 763 570 831 sed
611 762 840 833 amplior
875 761 1127 830 voluptas
1146 772 1312 830 penes
1355 768 1640 827 pauperem
1689 764 1791 820 est,

202 871 310 912 nec
335 858 507 912 solum
538 857 802 925 voluptas,
829 854 925 910 sed
961 853 1121 909 etiam
1158 850 1395 917 sanitas;
1420 858 1582 920 atque
1607 849 1661 905 in
1693 848 1794 903 hoc

200 951 323 1004 solo
349 950 592 1020 superior
633 958 717 1003 est
759 946 929 1013 dives,
958 945 1099 1017 quod
1126 943 1444 1000 imbecillius
1471 941 1569 997 sibi
1597 954 1793 1010 corpus

199 1042 424 1107 efﬁciat,
457 1055 519 1095 ac
541 1040 720 1110 plures
742 1039 1050 1095 morborum
1074 1036 1247 1091 fontes
1267 1034 1501 1105 colligat.
1525 1031 1792 1103 Quidquid

199 1135 349 1189 enim
384 1148 586 1205 pauper
609 1133 754 1197 edit,
789 1132 948 1186 modo
990 1130 1182 1187 rationi
1224 1137 1589 1185 consentaneo
1625 1126 1793 1183 admi-

198 1227 495 1291 nistratur;
532 1224 786 1297 quidquid
812 1232 989 1278 autem
1016 1222 1166 1277 dives
1187 1263 1202 1289 ,
1234 1222 1357 1293 quia
1383 1219 1600 1274 modum
1630 1232 1789 1275 exce-

195 1317 304 1384 dit,
339 1319 392 1373 in
418 1318 812 1385 corruptionem
839 1314 1032 1369 desiuit
1056 1324 1109 1368 et
1140 1312 1409 1369 morbum.

275 1412 330 1465 6.
362 1410 514 1477 Quod
543 1409 587 1464 si
616 1409 811 1480 placet,
852 1404 1102 1475 exemplo
1128 1404 1266 1459 istud
1301 1404 1473 1474 ipsum
1503 1402 1793 1473 perspicia—

199 1518 344 1557 mus.
373 1501 430 1557 Si
454 1514 613 1570 rogus
640 1496 1014 1555 accendendus
1041 1496 1130 1557 sit.
1160 1504 1322 1566 atque
1349 1496 1439 1550 ille
1464 1494 1678 1565 quidem
1702 1509 1790 1549 se~

199 1596 342 1647 ricas
382 1602 557 1647 vestes
599 1599 654 1647 ct
695 1589 956 1660 permulta
1003 1588 1148 1642 tenui
1196 1586 1287 1642 lilo
1333 1594 1583 1643 contexta
1626 1586 1788 1641 lintea

197 1684 424 1753 iujiciat,
455 1693 615 1753 atque
638 1682 708 1736 ita
748 1696 872 1737 eum
908 1681 1189 1747 accendat,
1224 1678 1310 1735 hic
1341 1688 1528 1735 contra
1556 1695 1786 1750 quercea

192 1789 253 1834 et
295 1780 443 1847 picea
494 1778 654 1850 ligna,
685 1776 813 1849 quid
852 1777 1081 1846 amplius
1112 1775 1200 1830 ille
1252 1774 1411 1845 habet
1459 1790 1617 1843 quam
1662 1772 1789 1829 hic?

194 1869 343 1925 Nihil
369 1882 532 1933 sane;
564 1869 671 1923 imo
701 1866 926 1922 inferius
952 1866 1113 1922 etiam
1144 1864 1441 1937 quidpiam.
1471 1865 1607 1934 Quid
1639 1865 1787 1919 vero?

189 1962 356 2031 (nihil
387 1965 527 2017 enim
558 1961 804 2032 prohibet
841 1960 1130 2031 quominus
1160 1958 1300 2013 idem
1338 1959 1642 2027 exemplum
1684 1958 1788 2013 alio

191 2054 360 2109 modo
387 2054 739 2123 invertatnus)
780 2053 823 2109 si
866 2055 1003 2107 alter
1032 2054 1193 2123 ligna,
1228 2053 1365 2106 alter
1402 2066 1626 2121 corpora
1660 2066 1790 2105 exn-

190 2147 360 2203 renda
390 2148 442 2202 in
473 2162 658 2217 rogum
686 2145 927 2215 injecerit
948 2186 962 2209 ,
994 2146 1096 2198 utri
1128 2143 1342 2197 tandem
1368 2157 1497 2211 rogo
1520 2141 1787 2196 lubentius

192 2238 432 2305 alitteris,
466 2238 659 2293 huicne
698 2237 788 2308 qui
821 2236 995 2306 lignis,
1036 2250 1104 2290 an
1134 2236 1180 2290 ei
1223 2236 1312 2306 qui
1345 2234 1661 2303 corporibus
1709 2234 1789 2286 in-

188 2332 499 2384 ﬂammatus
521 2330 633 2384 sit?
661 2328 853 2400 Liquet
884 2329 1125 2397 profecto
1155 2326 1296 2396 quod
1321 2327 1369 2379 ei
1400 2326 1486 2395 qui
1520 2326 1674 2395 lignis
1708 2324 1787 2378 itt-

185 2436 387 2475 census
416 2421 485 2475 sit
515 2436 529 2472 :
563 2420 653 2475 ille
676 2422 819 2475 enim
840 2460 855 2486 ,
890 2430 947 2474 ut
973 2429 1176 2491 natura:
1220 2427 1640 2472 consentaneum
1681 2426 1783 2480 est,

186 2512 365 2577 ardet,
396 2528 458 2567 ac
474 2512 769 2582 jucundum
798 2512 1163 2584 spectaculum
1195 2511 1432 2579 praebet;
1469 2508 1554 2564 hic
1598 2517 1783 2563 contra

186 2604 454 2670 ejusmodi
484 2614 599 2669 est,
630 2602 720 2675 qui
752 2602 941 2658 nidore
977 2613 1031 2657 et
1061 2602 1212 2656 sanie
1239 2616 1301 2655 ac
1331 2601 1476 2655 fumo
1504 2610 1560 2656 et
1581 2601 1782 2655 ossium

187 2704 381 2755 fauore
400 2715 589 2755 omnes
603 2700 784 2769 procul
806 2699 1002 2768 abigat.
1023 2697 1357 2752 Coltorruisti
1380 2695 1447 2750 ad
1466 2695 1581 2751 hinc
1599 2695 1791 2763 verba,

183 2800 347 2860 atque
372 2804 557 2859 rogum
586 2789 728 2843 hunc
756 2788 1096 2843 exsecraris?
1128 2786 1287 2843 Tales
1323 2788 1505 2856 utique
1533 2796 1659 2841 sunt
1695 2787 1782 2843 di-

183 2885 354 2937 vitum
388 2893 604 2937 ventres
632 2900 645 2937 :
677 2881 935 2951 majorem
981 2882 1032 2935 itt
1076 2880 1180 2934 illis
1204 2922 1221 2947 ,
1265 2896 1424 2950 quam
1458 2881 1508 2934 in
1540 2880 1629 2935 illo
1653 2895 1786 2952 rogo

184 2973 526 3044 putredinem
566 2974 684 3044 quis
725 2972 998 3043 reperiat;
1041 2982 1100 3026 ut
1136 2971 1350 3026 {tetidos
1378 2971 1572 3027 halitus
1598 2982 1652 3027 et
1678 2972 1779 3026 im—

183 3081 349 3136 puras
387 3065 739 3130 dellttxiones,
766 3066 909 3135 quod
963 3073 1075 3118 toto
1113 3078 1345 3132 corpore
1386 3074 1547 3129 atque
1592 3064 1641 3118 itt
1675 3065 1779 3119 sitt-

179 3159 319 3227 gulis
348 3157 587 3228 partibus
610 3158 796 3227 ingens
820 3157 889 3210 ob
918 3157 1256 3212 saturitatem
1280 3154 1516 3208 cruditas
1535 3153 1776 3209 exsistat.

180 3246 318 3302 Nam
346 3264 466 3301 cunt
507 3249 763 3302 naturalts
790 3246 938 3303 calor
973 3244 1326 3301 conﬁciendis
1354 3244 1607 3299 omnibus
1648 3245 1782 3300 cibis

183 3339 330 3394 haud
360 3355 453 3408 par
480 3340 567 3406 sit,
594 3354 777 3393 verum
809 3338 856 3393 is
882 3339 1144 3394 obruatur
1165 3379 1182 3405 ,
1214 3346 1409 3409 urgent
1436 3337 1544 3404 illi,
1578 3335 1781 3391 fumum

183 3450 398 3487 rursum
430 3434 726 3487 excitantes
748 3471 762 3496 ,
795 3441 956 3503 atque
1002 3432 1268 3501 ingentem
1310 3430 1609 3485 molestiam
1647 3428 1777 3484 alle-

182 3532 389 3577 rcntcs.
434 3522 657 3583 Cninam
712 3522 871 3592 igitur
926 3523 999 3575 rei
1041 3536 1230 3577 eorum
1275 3531 1495 3575 ventres
1534 3522 1780 3577 conferre

182 3614 306 3683 quis
362 3613 567 3681 possit?
602 3627 666 3667 ac
688 3613 849 3667 velim
882 3629 947 3665 ne
977 3625 1072 3667 vos
1101 3612 1341 3668 offendat
1375 3613 1513 3680 quod
1540 3613 1784 3668 dicturus

181 3718 302 3760 sum
330 3718 345 3769 ;
374 3717 559 3756 verum
590 3705 633 3755 si
671 3701 807 3757 falsa
843 3701 1052 3770 loquar,
1084 3703 1381 3755 orationem
1426 3716 1598 3756 meam
1629 3702 1775 3757 refu-

182 3803 292 3848 tate
318 3808 330 3844 :
354 3792 593 3857 cuinam,
625 3792 861 3861 inquam,
889 3791 964 3845 rei
991 3791 1257 3859 ejusmodi
1286 3802 1499 3846 ventres
1528 3792 1776 3847 conferre

178 3881 448 3952 quispiam
479 3881 691 3953 possit?
720 3895 892 3950 neque
923 3882 1065 3935 enim
1112 3896 1231 3950 quat
1277 3881 1530 3948 diximus,
1574 3883 1639 3937 ad
1680 3885 1775 3939 de-

178 3973 495 4028 clarandam
526 3988 713 4028 eorum
744 3973 1015 4028 miseriam
1044 3970 1334 4027 sulliciunt.
1379 3974 1615 4031 Alteram
1650 3991 1771 4030 rur-

1199 455 1264 511 ιδ
1304 451 1515 511 EPIST.
1560 452 1599 506 ll
1664 450 1755 505 Al)
1793 448 1947 504 (ΞΟΠ.
1990 448 2218 506 ιιοιιιι.
2262 449 2397 506 XIII.

3382 454 3484 510 49;)

1897 581 2015 624 sum
2038 565 2320 638 imaginem
2348 565 2542 636 reperi.
2561 564 2728 633 Quam
2755 565 2967 622 tandem
2985 567 3482 637 lQucmadmotltnn

1898 655 1952 713 in
1981 656 2201 723 cloacis,
2224 656 2287 713 in
2334 657 2525 728 quibus
2555 673 2746 729 magna
2776 668 2858 715 est
2882 664 3135 721 stercoris
3154 704 3168 727 ,
3200 662 3351 727 freni,
3390 666 3483 718 sti-

1899 749 2058 820 pulte,
2092 750 2324 823 lapidum
2347 766 2411 807 ac
2437 749 2532 805 ltiti
2563 751 2840 814 Colluvies.
2861 752 3066 809 crebra:
3083 755 3482 811 obstructiones

1896 845 2163 912 oriuntur,
2206 858 2275 902 ex
2319 844 2511 917 quibus
2543 844 2599 899 lit
2647 845 2857 901 tandem
2891 855 2948 900 ut
2974 863 3186 903 caenum
3218 849 3283 903 ad
3315 864 3480 920 snpe-

1897 939 2292 1011 riorespartes
2328 953 2449 995 sese
2495 938 2756 995 diﬂ'undat
2786 957 2798 993 :
2831 940 2899 995 ita
2957 941 3118 996 etiam
3179 942 3231 995 in
3287 942 3478 997 hortun

1896 1042 2090 1085 ventre
2136 1046 2234 1086 usu
2284 1030 2429 1086 venit
2484 1049 2497 1085 :
2555 1046 2621 1085 eo
2671 1032 2869 1102 quippe
2917 1031 2986 1086 ab
3040 1033 3276 1088 inferiori
3331 1044 3482 1104 parte

1897 1123 2194 1192 obstructo,
2225 1123 2378 1179 mala:
2417 1123 2521 1179 illa:
2550 1122 2883 1179 deﬂuxiones
2912 1140 3101 1194 magna
3130 1140 3199 1179 ex
3230 1136 3380 1195 parte
3410 1127 3477 1180 ad

1896 1217 2203 1285 superiores
2222 1226 2399 1285 partes
2421 1217 2768 1287 regurgitant.
2794 1218 2861 1271 At
2877 1217 3016 1287 apud
3043 1232 3305 1285 pauperes
3322 1233 3476 1274 secus

1897 1324 1984 1363 res
2008 1307 2184 1363 habet.
2215 1308 2281 1365 Ut
2309 1308 2452 1365 enim
2475 1307 2650 1364 fontes
2672 1349 2687 1375 ,
2716 1310 2803 1380 qui
2833 1325 2996 1378 puros
3017 1310 3199 1365 latices
3226 1309 3475 1377 fundunt,

1896 1410 2053 1471 atque
2104 1400 2289 1457 hortos
2332 1409 2387 1455 et
2436 1411 2585 1471 prata
2639 1401 2879 1473 irrigant,
2924 1403 2992 1455 ita
3040 1401 3227 1458 horum
3265 1419 3483 1475 quoque

1895 1503 2109 1548 ventres
2153 1493 2221 1548 ab
2252 1492 2335 1548 his
2374 1495 2731 1550 excrementis
2776 1496 2891 1565 puri
2927 1504 3048 1550 sunt
3079 1512 3092 1549 :
3121 1510 3241 1551 cum
3291 1507 3477 1554 contra

1895 1585 2113 1639 divitum
2145 1628 2158 1652 ,
2203 1587 2285 1641 vel
2340 1588 2513 1658 potius
2539 1588 2743 1644 deliciis
2772 1589 3096 1644 studentium
3126 1598 3343 1646 ventres
3374 1592 3476 1648 hu—

1895 1677 2132 1732 moribus
2160 1680 2352 1743 noxiis,
2391 1681 2595 1750 pituita,
2628 1682 2755 1749 bile,
2788 1691 3044 1753 corrupto
3068 1685 3347 1755 sanguine,
3383 1702 3480 1756 pu-

1895 1772 2066 1841 trique
2122 1770 2426 1827 deﬂuxione
2478 1774 2701 1842 aliisque
2753 1773 3057 1844 ltnjusntodi
3115 1776 3276 1831 rebus
3333 1779 3476 1848 pleni

1892 1862 2017 1915 sint.
2044 1861 2119 1916 Ex
2152 1878 2254 1932 quo
2288 1860 2363 1928 lit,
2390 1872 2445 1917 ιιι
2470 1879 2536 1919 ne
2558 1864 2623 1919 ad
2652 1865 2815 1920 breve
2841 1866 3056 1936 quidem
3091 1879 3301 1938 tempus
3329 1870 3478 1925 inco-

1894 1953 2048 2009 lomis
2098 1956 2219 2025 quis
2265 1965 2504 2026 perstare
2550 1958 2737 2026 possit,
2785 1959 2873 2029 qui
2914 1974 3128 2028 semper
3173 1959 3224 2014 in
3270 1961 3477 2017 deliciis

1894 2046 2051 2107 vivat.
2083 2063 2268 2102 verum
2299 2049 2351 2102 in
2381 2050 2652 2117 perpetuis
2693 2049 2893 2103 morbis
2923 2061 3182 2106 versetur.
3216 2051 3477 2120 Quocirca

1893 2137 2080 2193 Iubeas
2105 2154 2167 2193 ex
2199 2139 2313 2194 istis
2340 2140 2617 2205 scisciter,
2648 2157 2806 2212 quam
2834 2142 2903 2197 ob
2927 2158 3142 2198 causam
3187 2144 3289 2200 cibi
3321 2145 3477 2201 nobis

1890 2231 2129 2287 concessi
2154 2232 2257 2286 sint
2292 2252 2302 2285 :
2332 2242 2388 2287 ut
2419 2234 2747 2290 intereatnus
2771 2275 2785 2300 ,
2818 2249 2884 2290 an
2918 2243 2973 2293 ut
3004 2235 3259 2293 alamur?
3300 2239 3474 2293 utad-

1890 2336 2042 2375 versa
2091 2323 2395 2380 valetudine
2425 2325 2729 2381 laboremus
2754 2369 2767 2391 ,
2817 2343 2883 2382 an
2926 2336 2985 2383 ut
3026 2330 3140 2384 sani
3172 2331 3375 2386 simus?
3423 2344 3477 2390 ut

1890 2410 2185 2467 imbecilles
2215 2415 2400 2481 simus,
2426 2432 2492 2471 an
2522 2427 2577 2472 ut
2607 2418 2746 2473 lirmi
2771 2434 2833 2474 ac
2855 2419 3102 2477 robusti?
3130 2422 3474 2495 Perspicuum

1887 2505 2133 2575 estquod
2168 2506 2437 2563 alimonia:
2461 2551 2475 2575 ,
2509 2512 2751 2567 sanitatis
2772 2554 2786 2577 ,
2815 2514 3117 2586 viriumque
3160 2520 3477 2575 tuendarum

1886 2610 2044 2650 causa
2074 2596 2183 2653 dati
2206 2594 2331 2653 sint.
2357 2597 2464 2655 Cur
2484 2616 2613 2670 ergo
2636 2602 2700 2656 iis
2731 2603 2783 2656 itt
2812 2608 3141 2663 contrarium
3167 2609 3470 2677 abtttitnini,

1888 2689 2109 2743 morbos
2134 2698 2294 2761 atque
2324 2691 2743 2748 imbecillitatem
2778 2710 2871 2765 per
2908 2711 3001 2753 eos
3030 2702 3243 2770 corpori
3286 2719 3477 2771 procn-

1889 2781 2102 2835 ranles?
2128 2782 2323 2838 Contra
2349 2796 2554 2853 pauper
2581 2783 2771 2856 frugali
2804 2803 2868 2842 ac
2897 2789 3043 2843 tenui
3068 2790 3189 2846 cibo
3218 2793 3478 2848 valetudi-

1887 2887 2031 2938 nem,
2063 2875 2412 2947 corporisque
2437 2875 2740 2933 ﬁrmitatem
2765 2894 2828 2934 ac
2858 2881 3021 2936 robur
3047 2883 3147 2938 sibi
3175 2900 3470 2957 comparat.

1887 2964 2117 3021 Proinde
2165 2968 2235 3022 ob
2286 2980 2694 3040 paupertatem,
2734 2974 2980 3030 sanitatis
3034 2990 3352 3046 parentem,
3407 2998 3476 3039 ne

1886 3057 2205 3131 lacrytnare,
2238 3060 2331 3115 sed
2359 3062 2532 3130 potius
2555 3066 2799 3132 exsulta;
2831 3075 2885 3122 et
2911 3067 2957 3123 si
2986 3069 3077 3123 tibi
3106 3068 3304 3127 divitia:
3323 3074 3475 3128 cordi

1886 3158 2031 3214 sunt,
2084 3150 2303 3205 divitias
2342 3164 2650 3210 contemne.
2696 3156 2751 3210 lu
2800 3159 2902 3214 hoc
2948 3162 3090 3216 enim
3138 3165 3474 3233 potissimum

1885 3253 2011 3309 opes
2036 3242 2223 3309 positae
2253 3251 2397 3307 sunt,
2434 3258 2537 3297 non
2568 3254 2623 3298 ut
2650 3246 2771 3315 quis
2801 3248 3013 3305 divitias
3042 3251 3255 3319 habeat,
3289 3258 3383 3312 sed
3419 3268 3475 3313 ttt

1884 3348 1952 3388 ne
1982 3333 2180 3389 habere
2208 3335 2422 3405 quidem
2455 3345 2628 3392 curet.
2656 3336 2711 3392 id
2744 3340 2883 3407 quod
2915 3341 2957 3395 si
2987 3342 3163 3411 adepti
3192 3346 3470 3417 fuerimus,

1885 3433 1937 3480 et
1965 3424 2051 3479 hic
2078 3424 2330 3480 divitibus
2355 3427 2606 3481 omnibus
2647 3428 2978 3498 copiosiores
3017 3432 3253 3501 erimus,
3284 3447 3336 3491 et
3365 3439 3473 3496 illic

1883 3520 2060 3572 futura
2079 3517 2215 3573 bona
2234 3533 2627 3589 consequemur
2652 3537 2661 3571 :
2688 3535 2807 3589 qua:
2832 3522 3031 3576 utinam
3056 3538 3467 3597 consequamur,

1885 3624 1981 3679 per
2022 3609 2247 3679 gratiam
2306 3624 2369 3664 ac
2417 3608 2800 3680 benignitatem
2858 3611 3068 3668 Domini
3121 3619 3290 3672 nostri
3343 3620 3469 3675 Jesu

1881 3699 2100 3763 Christi,
2130 3702 2214 3754 cui
2242 3715 2364 3753 cum
2393 3700 2551 3755 Patre
2591 3710 2645 3755 et
2689 3702 2889 3771 Spiritu
2921 3716 3106 3762 sancto
3137 3712 3300 3778 gloria
3323 3753 3337 3777 ,
3370 3713 3469 3765 int-

1884 3794 2109 3861 periutn,
2141 3791 2336 3858 honor,
2372 3808 2514 3848 nunc
2543 3802 2597 3846 et
2622 3808 2837 3862 semper
2860 3838 2873 3863 ,
2902 3807 2956 3851 et
2985 3800 3034 3851 in
3072 3801 3264 3855 saecula
3296 3817 3467 3861 scrcu-

1881 3886 2071 3939 lorum.
2102 3887 2288 3940 Amen.

3046 4096 3461 4119 ’Ἦ

1504 4158 1849 4222 HOMILIA
1892 4158 2065 4218 XIII.

174 4262 311 4317 CAP.
342 4260 395 4314 6.
426 4275 477 4312 v.
521 4259 611 4313 li.
646 4257 717 4311 υς
743 4268 969 4311 nostrum
1008 4268 1144 4328 patet
1174 4260 1242 4311 ad
1282 4274 1365 4311 vos
1391 4302 1405 4325 ,
1434 4277 1463 4312 o
1498 4258 1767 4324 Corinthii,

251 4368 341 4405 cor
370 4359 598 4404 nostrum
637 4349 908 4403 dilatatam
928 4358 1019 4400 est.
1046 4348 1112 4401 12
1166 4346 1284 4401 Νοη
1324 4351 1682 4418 angustiamini
1719 4350 1769 4402 in

252 4441 417 4505 nobis,
445 4438 807 4509 angustiamini
832 4448 1000 4491 autem
1020 4438 1071 4490 in
1098 4438 1369 4491 visceribus
1395 4441 1590 4492 vestris.

258 4533 621 4601 l.‘Postquam
664 4530 987 4585 tentationes
1013 4544 1138 4583 suas
1182 4540 1235 4584 et
1261 4529 1578 4585 alﬂictiones
1609 4546 1771 4601 expo-

174 4627 321 4689 sttit;
356 4622 422 4676 In
443 4622 684 4691 patientia
710 4622 875 4687 enim,
908 4620 1098 4686 inquit,
1130 4622 1183 4673 in
1208 4622 1446 4675 terumnis
1470 4662 1484 4687 ,
1512 4623 1566 4674 in
1593 4639 1769 4678 neces-

172 4715 419 4771 sitatibus.
433 4756 447 4778 ,
475 4716 528 4767 in
558 4713 827 4783 angustiis,
840 4714 894 4765 in
911 4710 1097 4779 plagis,
1114 4712 1167 4764 in
1179 4706 1487 4772 carceribus,
1504 4711 1555 4763 iu
1568 4714 1771 4770 incertis
1790 4748 1791 4751 η

171 4806 403 4866 sedibus,
432 4804 489 4856 in
511 4803 782 4867 laboribus,
812 4803 865 4856 in
890 4803 1071 4871 vigiliis
1088 4819 1109 4867 ;
1134 4809 1293 4871 atque
1328 4802 1516 4873 ingens
1568 4804 1619 4859 id
1668 4806 1768 4861 bo—

175 4910 309 4948 nuut
338 4907 457 4947 esse
480 4892 750 4958 ostendit;
779 4892 923 4947 Sicut
957 4892 1121 4946 tristes
1150 4893 1292 4946 enim
1312 4934 1324 4956 ,
1356 4894 1549 4964 inquit,
1573 4912 1769 4965 semper

173 4995 347 5039 autem
371 4983 678 5054 gaudentes;
700 4986 831 5037 sicut
855 4995 1053 5055 egentes
1072 5022 1088 5049 ,
1127 4984 1313 5039 ntultos
1343 4996 1511 5041 autem
1539 4990 1766 5059 locuple-

175 5085 381 5135 tantes;
404 5084 658 5142 tamquam
685 5075 813 5128 nihil
845 5075 1101 5138 habentes,
1146 5087 1189 5127 et
1216 5076 1385 5129 omnia
1412 5080 1721 5146 possidentes
1748 5097 1768 5133 :

176 5176 295 5220 ῑιιιιι
320 5168 479 5219 etiam
509 5177 657 5216 arma
685 5178 748 5217 ea
782 5179 905 5220 esse
929 5166 1097 5231 dixit;
1135 5164 1201 5219 Ut
1228 5168 1459 5236 castigati
1483 5169 1649 5237 enim,
1673 5171 1768 5233 ait,

177 5269 351 5312 etnon
387 5255 677 5321 mortiﬁcatt
708 5271 727 5307 :
749 5265 910 5323 atque
962 5258 1182 5326 insuper
1211 5272 1456 5327 magnam
1500 5261 1591 5314 Dei
1642 5276 1769 5332 erga

177 5364 283 5403 nos
312 5362 495 5401 curam
521 5361 583 5399 ac
616 5349 908 5413 potentiam
940 5364 1035 5418 per
1058 5365 1119 5404 ea
1141 5350 1465 5414 declaravit;
1504 5349 1572 5405 Ut
1601 5354 1766 5418 enim,

176 5442 375 5509 inquit,
406 5436 689 5490 sublimitas
713 5437 911 5493 virtutis
937 5442 1001 5493 sit
1044 5439 1157 5507 Dei,
1189 5450 1235 5494 et
1265 5457 1366 5494 non
1406 5457 1469 5494 ea:
1496 5442 1637 5496 nobis
1667 5460 1686 5498 :
1708 5460 1773 5499 ac

176 5540 445 5600 praeterea
474 5529 763 5583 certamina
790 5545 1004 5601 quoque
1029 5546 1125 5586 sua
1155 5533 1526 5598 enumeravit;
1559 5534 1772 5607 Semper

174 5624 352 5687 enim,
406 5620 592 5689 inquit,
641 5620 801 5687 ipsius
854 5624 1289 5693 mortiﬁcationem
1330 5626 1772 5694 circumferimus.’

174 5714 427 5784 illudque
457 5715 581 5769 item
608 5713 832 5775 addidit,
861 5730 923 5768 ca
970 5718 1308 5788 perspicuum
1360 5721 1772 5777 resurrectionis

172 5814 554 5875 argumentum
584 5821 739 5870 esse;
774 5802 842 5859 Ut
887 5807 1029 5862 enim
1062 5819 1106 5861 et
1134 5810 1232 5862 vita
1264 5809 1410 5873 Iesu,
1444 5812 1629 5879 inquit,
1658 5830 1770 5865 ma-

177 5898 449 5969 nift-stetur
494 5897 545 5953 in
600 5914 749 5953 carne
779 5908 957 5958 nostra,
990 5903 1191 5955 mortali
1222 5920 1238 5956 :
1267 5904 1331 5959 ad
1376 5905 1487 5960 lucc
1543 5921 1765 5974 quarunt

1881 4272 2057 4311 rerum
2092 4255 2356 4324 particeps
2385 4252 2646 4306 exstiterit
2669 4292 2684 4318 ,
2718 4269 2941 4325 quaeque
2975 4259 3138 4328 ipsius
3160 4265 3283 4321 lidei
3315 4284 3465 4324 com-

1880 4351 2040 4402 missa
2071 4347 2301 4411 fuerint;
2359 4344 2461 4407 Pro
2492 4340 2690 4400 Christo
2718 4348 2858 4402 enim
2887 4352 3137 4420 legatione
3179 4362 3463 4431 fungimur,

1881 4441 2071 4511 inquit,
2096 4448 2352 4509 tamquam
2371 4436 2477 4492 Deo
2500 4456 2589 4508 per
2610 4456 2698 4494 nos
2717 4442 3017 4499 exhortante
3038 4464 3056 4501 :
3076 4458 3234 4521 atque
3253 4458 3468 4526 insuper

1878 4550 2101 4604 quarum
2131 4548 2309 4588 rerum
2338 4532 2582 4587 minister
2603 4535 2691 4598 sit,
2726 4536 2975 4592 nimirum
3004 4556 3108 4596 non
3139 4544 3306 4602 literae
3326 4591 3340 4615 ,
3371 4555 3464 4606 sed

1878 4628 2093 4695 spiritus
2127 4643 2139 4678 :
2172 4640 2234 4678 ac
2260 4625 2492 4693 denique
2532 4625 2673 4692 quod
2716 4641 2823 4680 non
2874 4645 2939 4683 eo
2994 4641 3195 4689 tantum
3251 4645 3466 4699 nomine

1878 4716 2214 4771 venerandus
2246 4715 2334 4775 sit,
2368 4714 2460 4768 sed
2490 4716 2648 4768 etiam
2676 4717 2745 4770 ob
2779 4722 3132 4789 tentationes;
3158 4727 3265 4782 Deo
3293 4734 3460 4795 enim.

1878 4810 2062 4878 inquit,
2095 4805 2281 4876 gratia,
2313 4805 2396 4876 qui
2426 4823 2517 4859 nos
2557 4823 2753 4876 semper
2777 4809 3056 4881 triumphat
3085 4831 3103 4867 :
3140 4817 3249 4886 jam
3276 4822 3342 4875 ad
3370 4840 3463 4879 eos

1875 4896 2233 4969 objurgandos
2262 4910 2320 4951 se
2345 4897 2607 4966 accingit,
2637 4907 2695 4951 ut
2718 4913 2903 4967 parum
2934 4904 3015 4958 sui
3044 4907 3330 4967 studiosos.
3354 4914 3463 4971 Nec.

1874 4974 1941 5045 ad
1971 4991 2070 5043 hoc
2097 4991 2275 5044 statim
2303 4989 2599 5043 orationem
2627 4990 2858 5057 confert,
2882 5009 3065 5050 verum
3093 4999 3141 5052 id
3165 5003 3309 5069 prius
3330 5007 3458 5075 agit,

1876 5092 1931 5137 ut
1957 5096 2105 5135 suam
2137 5094 2264 5150 erga
2291 5094 2384 5134 eos
2418 5079 2760 5137 dilectionem
2791 5087 3055 5149 ostendat,
3086 5101 3244 5159 atque
3271 5096 3339 5149 ita
3369 5098 3462 5155 de-

1876 5189 2017 5229 mum
2044 5173 2095 5226 in
2126 5170 2431 5241 huiusmodi
2462 5186 2765 5226 sermonem
2796 5175 3106 5244 ingreditur.
3136 5179 3266 5235 Nam
3299 5190 3399 5241 etsi
3432 5205 3459 5241 τι

1876 5264 2034 5319 rebus
2055 5265 2312 5332 prazclare
2336 5262 2502 5332 gestis
2532 5263 2853 5319 venerabilis
2876 5278 2957 5320 est
3002 5270 3045 5322 is
3066 5272 3153 5340 qui
3182 5274 3419 5347 increpat
3443 5324 3459 5347 ,

1875 5365 2109 5409 attamen
2138 5369 2260 5409 cum
2301 5353 2589 5409 amicitiam
2620 5355 2835 5410 exhibet
2862 5374 2984 5429 ergo
3013 5378 3107 5417 eos
3127 5381 3262 5434 quos
3290 5376 3458 5428 torri-

1876 5447 1972 5516 pit,
1997 5446 2406 5503 tolerabiliorem
2433 5462 2734 5503 sermonem
2757 5450 2948 5507 reddit.
2973 5453 3093 5511 Ideo
3116 5459 3226 5529 ipse
3250 5477 3466 5535 anqu-e

1877 5537 2074 5593 Paulus
2099 5553 2131 5593 e
2160 5537 2546 5594 testationibus
2574 5538 2687 5593 suis
2700 5548 2773 5596 'ac
2801 5542 3085 5601 sudoribus
3118 5558 3172 5603 et
3200 5559 3463 5609 certanti-

1875 5626 2031 5683 nibus
2076 5641 2323 5699 egressus
2342 5668 2358 5693 ,
2389 5627 2457 5681 ad
2484 5640 2790 5685 sermonem
2818 5631 2888 5687 de
2929 5636 3152 5692 caritate
3180 5645 3389 5713 transit,
3410 5656 3465 5701 et

1876 5720 1952 5774 sic
2002 5718 2125 5775 illos
2167 5719 2431 5790 objurgat.
2478 5718 2736 5784 Qunam
2778 5734 2908 5792 ergo
2946 5738 3057 5779 suae
3085 5741 3179 5781 eos
3225 5733 3465 5790 caritatis

1878 5820 2187 5879 argumenta
2214 5808 2406 5864 aﬂ‘ert?
2453 5807 2525 5863 0s
2562 5819 2790 5864 nostrum
2828 5822 2962 5881 patet
2988 5817 3059 5869 ad
3084 5834 3189 5884 vos,
3217 5836 3247 5872 o
3271 5820 3459 5878 Cori”-

1882 5903 1990 5958 tltii.
2027 5904 2089 5959 lit
2115 5902 2379 5973 quodnam
2404 5902 2640 5960 caritatis
2669 5915 3041 5974 argumentum
3091 5910 3191 5967 hoc
3223 5919 3344 5970 cst?
3372 5930 3471 5975 aut
