4568 6424
865 369 965 428 ωε
1593 353 1654 412 3.
1690 349 1971 412 JOANNIS
2005 344 2486 405 CHRYSOSTOMI
2524 348 2841 410 AllCﬂlEi‘.
2878 349 3407 412 CONSTANTINOP.

864 486 993 561 quid
1019 482 1240 541 omnino
1263 479 1378 535 hinc
1404 472 1506 532 sibi
1528 470 1688 529 verba
1716 467 1940 527 volunt?
1963 466 2081 523 Non
2103 464 2451 561 sustinemus,

866 556 1058 653 inquit,
1078 572 1295 647 silentio
1317 569 1382 624 ad
1411 581 1507 624 vos
1534 565 1633 629 uti,
1660 562 1756 619 sed
1780 560 2119 653 continenter
2141 571 2240 653 vos
2257 556 2454 626 alloqui

864 649 1025 745 atque
1051 667 1349 724 orationem
1378 660 1445 716 ad
1475 675 1570 714 vos
1598 654 1797 711 habere
1821 651 2081 723 gestimus
2110 667 2124 703 :
2156 649 2242 719 qui
2270 662 2456 703 aman-

866 767 996 820 tium
1034 776 1152 815 mos
1173 764 1279 815 est.
1312 753 1447 811 Nam
1488 748 1633 821 quod
1689 746 1742 801 in
1796 757 2023 814 corpore
2050 750 2174 796 sunt
2200 754 2453 794 manuum

862 854 1195 925 complexus,
1230 853 1333 902 hoc
1358 846 1411 899 in
1433 842 1616 896 animo
1638 846 1723 895 est
1748 834 2015 891 sermonis
2044 829 2453 888 commercium.

864 949 945 1016 Ad
974 921 1075 1004 hoc
1094 945 1258 1000 etiam
1300 935 1443 994 aliud
1471 931 1859 990 subindicatur.
1906 926 2044 995 Quid
2089 922 2252 979 illud?
2291 921 2457 1016 apud

860 1014 981 1106 vos,
1009 1036 1203 1107 inquit,
1250 1044 1386 1103 quos
1411 1025 1718 1084 carissimos
1746 1020 2025 1082 habemus,
2068 1024 2258 1070 cuncta
2290 1014 2458 1107 libere

855 1105 1134 1207 loquimur
1154 1170 1170 1193 ,
1201 1126 1330 1181 nihil
1357 1118 1755 1178 dissimulantes
1796 1120 1889 1207 aut
1924 1117 2284 1207 reservantes.
2309 1105 2457 1207 qu.

864 1196 1007 1285 nia'm
1024 1221 1167 1280 enim
1178 1219 1289 1292 jam
1308 1214 1690 1283 objurgaturus
1709 1214 1809 1269 cst,
1836 1202 1936 1257 idci
1946 1217 2035 1255 rco
2056 1198 2265 1254 veniam
2294 1196 2453 1292 petiti

861 1315 992 1376 illud
1022 1285 1219 1385 ipsum,
1269 1304 1411 1378 quod
1451 1316 1482 1358 e
1507 1314 1548 1353 .s
1586 1298 1754 1353 libere
1779 1293 2061 1363 objurget,
2117 1286 2357 1385 ingentis
2375 1285 2459 1340 sui

863 1423 989 1483 erga
1135 1376 1336 1457 amoris
1356 1396 1741 1451 documentum
1759 1400 1882 1441 esse
1909 1392 2169 1437 statuens.
2197 1378 2316 1483 {aut
2344 1376 2457 1482 ipsa

862 1468 1078 1575 quique
1100 1492 1337 1551 nominis
1366 1485 1599 1555 adjectio
1623 1494 1828 1550 magna:
1849 1475 2097 1530 amicitia:
2118 1488 2181 1527 ac
2202 1468 2460 1525 ferventis

861 1595 1087 1653 allectus
1105 1587 1376 1660 specimen
1400 1580 1598 1635 habet:
1628 1589 1750 1630 nam
1772 1582 2031 1627 eteorum
2062 1576 2460 1660 quosamamns

865 1685 1005 1743 nuda
1051 1655 1266 1739 nomina
1298 1672 1452 1729 nobis
1481 1665 1772 1726 identidem
1813 1663 1867 1717 in
1892 1676 1989 1715 ore
2017 1658 2218 1713 versari
2263 1655 2457 1710 solent.

863 1776 966 1834 Cor
1009 1782 1241 1829 nostrum
1282 1765 1553 1820 dilatatam
1577 1766 1671 1813 est.
1707 1749 2170 1825 Quemadmodum
2200 1748 2342 1803 enim
2375 1745 2457 1809 id,

863 1865 1006 1939 quod
1034 1865 1269 1920 calorem
1294 1856 1470 1920 adert,
1490 1850 1719 1907 dilatare
1752 1845 1939 1939 solet:
1972 1842 2044 1895 ita
2072 1840 2235 1939 etiam
2263 1836 2460 1939 carita-A

864 1928 935 2015 tis
975 1968 1170 2013 munus
1196 1960 1280 2007 est
1328 1946 1557 2003 dilatare
1586 1960 1601 1997 :
1626 1938 1796 1994 calida
1827 1935 2025 2005 quippe
2048 1945 2113 1984 ac
2142 1928 2354 1983 fervens
2380 1934 2462 1980 est

862 2054 1054 2110 virtus.
1082 2048 1211 2104 Haec
1236 2058 1299 2099 os
1333 2050 1548 2111 quoque
1574 2032 1724 2090 Pauli
1764 2026 2059 2098 aperiebat,
2082 2029 2139 2077 et
2155 2034 2251 2075 cor
2272 2018 2464 2111 dilata-

866 2147 976 2203 bat.
1004 2143 1188 2213 Neque
1203 2110 1461 2194 enimiore
1482 2135 1688 2185 tantum
1702 2136 1845 2213 amo,
1869 2117 2074 2188 inquit;
2096 2129 2279 2213 verum
2295 2110 2461 2213 etiam

866 2200 962 2295 eor
991 2200 1165 2308 ipsum
1195 2232 1247 2285 in
1271 2240 1457 2281 amore
1494 2223 1758 2276 consonat
1794 2230 1807 2266 :
1837 2212 1959 2267 ideo
1985 2222 2107 2263 cum
2155 2203 2341 2259 fiducia
2382 2200 2462 2254 lo-

864 2344 1022 2403 quor,
1052 2334 1164 2380 toto
1191 2329 1308 2387 ore,
1335 2332 1399 2373 ac
1425 2324 1533 2369 tota
1561 2317 1761 2366 mente.
1832 2360 1839 2364 ,
2002 2392 2045 2403 ﬂ
2219 2390 2231 2402 .
2313 2386 2354 2403 ﬁ
2428 2384 2460 2403 η

940 2386 1096 2477 Pauli
1125 2431 1271 2471 amor
1294 2428 1418 2482 erga
1446 2421 1617 2463 omnes
1652 2410 1885 2473 quantus.
1912 2425 1984 2437 —-—
2001 2392 2117 2450 Non
2146 2390 2289 2445 enim
2313 2386 2461 2482 Pali“

865 2515 1028 2574 corde
1053 2478 1524 2582 quidquam-latius
1540 2505 1677 2561 erat,
1697 2490 1838 2563 quod
1868 2489 1985 2559 pios
2004 2497 2213 2545 omnes,
2240 2478 2463 2582 perinde

864 2569 1029 2677 atque
1062 2569 1299 2655 amasios
1326 2590 1589 2664 quispiam
1609 2627 1626 2653 ,
1674 2583 1809 2638 adi-0
1839 2588 1989 2632 arcto
2013 2588 2195 2677 amore
2227 2569 2464 2677 comple-

864 2660 1134 2757 ctebatur,
1162 2705 1266 2744 uon
1436 2678 1718 2737 scindente
1740 2672 1909 2743 ipsius
1934 2665 2169 2721 amicitia
2210 2673 2264 2716 et
2292 2660 2462 2714 imbe-

865 2789 1140 2846 cillitatem
1162 2777 1537 2837 contrahente,
1555 2768 1649 2825 sed
1668 2770 1872 2835 integra
1892 2763 1943 2815 in
1964 2770 2177 2827 unoque
2192 2762 2458 2846 manente.

868 2844 949 2935 lit
978 2876 1104 2949 quid
1154 2874 1350 2927 mirum
1392 2866 1553 2921 talum
1598 2858 1771 2929 ipsius
1815 2856 1866 2907 in
1913 2852 2029 2918 pios
2056 2849 2198 2900 viros
2228 2844 2461 2947 animum

868 2941 1052 3032 fuisse,
1084 2980 1207 3019 cum
1230 2962 1388 3015 ctiam
1420 2959 1470 3009 in
1504 2948 1813 3007 inﬁdelibus
1833 2958 1927 2999 cor
1957 2941 2123 3011 ipsius
2152 2941 2461 2989 universum

870 3027 1134 3117 terrarum
1162 3054 1347 3109 orbem
1379 3040 1832 3115 amplecteretur?
1858 3036 1984 3091 ideo
2006 3048 2111 3088 non
2143 3029 2295 3093 dixit,
2328 3027 2467 3082 Amo

870 3169 984 3218 vos,
1012 3150 1126 3213 sed,
1158 3144 1296 3217 quod
1325 3142 1580 3211 majorem
1606 3131 1907 3204 emphasim
1937 3127 2118 3189 habet,
2144 3124 2214 3178 0s
2235 3132 2460 3218 nostr-um

869 3211 1023 3319 patet,
1054 3211 1142 3298 cor
1165 3211 1389 3294 nostrum
1422 3233 1692 3286 dilatatam
1724 3234 1834 3290 est;
1877 3234 2068 3319 omnes
2107 3217 2273 3315 intus.
2297 3211 2463 3319 habe:

872 3304 1030 3393 inus:
1059 3349 1123 3388 ac
1149 3349 1216 3385 ne
1245 3329 1298 3383 id
1338 3324 1555 3395 quidem
1588 3329 1874 3385 utcumque
1896 3354 1911 3376 ,
1957 3310 2052 3365 sed
2093 3322 2214 3363 cum
2263 3304 2461 3373 ingenti

867 3425 1236 3499 amplitudine.
1263 3420 1395 3474 Nam
1416 3415 1503 3486 qui
1526 3419 1755 3470 amatur,
1782 3407 1833 3460 in
1855 3402 2042 3458 intimo
2058 3397 2289 3499 amantis
2303 3395 2465 3497 corde

869 3486 988 3578 sine
1017 3518 1127 3573 ullo
1156 3523 1298 3569 metu
1330 3504 1639 3563 obambulat
1672 3519 1684 3553 :
1719 3498 1918 3554 idcirco
1937 3496 2030 3559 ait,
2058 3490 2179 3545 Non
2203 3486 2465 3558 angustia-

869 3612 993 3665 mini
1017 3609 1069 3663 in
1101 3604 1263 3665 nobis,
1288 3593 1651 3667 angustiamini
1682 3601 1849 3644 autem
1872 3588 1922 3639 in
1954 3581 2225 3638 visceribus
2265 3579 2459 3633 uestris.

870 3698 1304 3772 obiurgationem
1338 3691 1460 3745 vide
1492 3703 1597 3741 non
1624 3698 1788 3755 parva
1826 3675 2165 3772 indulgentia
2174 3683 2460 3772 tempera-

872 3762 980 3848 tam
1015 3762 1112 3845 :vid
1140 3785 1279 3858 quod
1307 3791 1629 3852 magnopere
1651 3769 1946 3828 amantium
1987 3776 2089 3822 est.
2143 3763 2260 3858 rion
2306 3762 2460 3825 dixit,

876 3886 981 3939 Vos
1034 3896 1120 3937 me
1158 3855 1274 3933 non
1317 3873 1530 3937 amatis,
1582 3865 1701 3929 sed,
1744 3862 1860 3917 Non
1911 3859 2026 3928 pari
2056 3855 2216 3909 modo
2246 3870 2261 3906 :
2290 3868 2464 3921 neque

871 3977 1015 4031 cutim
1046 3971 1160 4026 vult
1186 3964 1429 4035 asperius
1456 3974 1551 4014 eos
1577 3952 1848 4011 insectari.
1883 3951 1959 4003 Ac
1990 3946 2188 4019 passim
2240 3956 2466 4035 cernere

874 4075 959 4124 est
984 4058 1255 4135 quomodo
1298 4050 1594 4109 incredibili
1625 4045 1856 4119 quodam
1890 4040 2122 4135 ﬁdelium
2154 4051 2337 4135 amore
2366 4034 2463 4135 lla-

876 4123 1017 4229 gret:
1035 4156 1079 4209 si
1099 4151 1219 4224 quis
1237 4165 1299 4203 ex
1328 4143 1554 4215 singulis
1572 4130 2141 4229 epistolistestimonia
2156 4128 2364 4229 seligat‘.
2385 4123 2468 4180 Ad

880 4217 1149 4306 lloniands
1170 4242 1313 4297 enim
1333 4238 1571 4291 scribens
1588 4231 1684 4293 ait,
1704 4227 1867 4294 Cupio
1890 4225 2058 4277 videre
2082 4235 2200 4282 vos;
2221 4226 2296 4282 et,
2318 4217 2471 4284 Sapo

879 4337 1119 4411 ρωροειιὶ
1164 4332 1330 4386 venire
1355 4328 1421 4378 ad
1455 4339 1538 4376 ros
1558 4338 1573 4384 ;
1601 4328 1674 4381 et,
1709 4317 1771 4370 Si
1797 4330 1911 4411 quo
1934 4312 2093 4411 modo
2120 4309 2334 4411 tandem

880 4399 1085 4502 quando
1114 4434 1411 4495 prosperum
1452 4418 1545 4469 iter
1591 4410 1801 4463 habeam
1845 4406 1911 4457 ad
1939 4420 2025 4457 vos
2076 4400 2347 4502 (garruli.
2384 4399 2467 4502 11.

884 4493 969 4583 is.
1005 4493 1123 4593 tot
1185 4520 1264 4575 Ad
1300 4516 1511 4571 Galatas
1540 4517 1715 4565 autem
1766 4504 1882 4559 haec
1911 4496 2287 4593 dicit,_F_ilioli
2338 4493 2469 4557 mei,

881 4636 1006 4684 altos
1032 4586 1216 4673 iterum
1255 4606 1489 4679 parturio
1521 4599 1680 4670 (Gal.
1710 4598 1763 4652 4.
1801 4593 1941 4664 l9);
1970 4592 2034 4645 ad
2069 4586 2335 4659 Ephesios
2357 4599 2475 4684 rur-

881 4682 1011 4775 sus,
1059 4675 1356 4774 Hujus-rei
1406 4695 1572 4768 gratia
1630 4693 1778 4761 ﬂecto
1823 4702 1989 4759 genua
2034 4698 2146 4737 mea
2196 4696 2287 4775 pro
2336 4675 2475 4730 vobis

885 4804 901 4871 (
930 4773 1122 4870 Ephes.
1221 4790 1322 4859 M)
1346 4787 1441 4854 ;ad
1466 4785 1835 4852 Philippenses
1858 4779 1939 4871 (α)
1970 4786 2170 4841 autem,
2203 4773 2475 4871 Quaerunt

881 4868 954 4947 est
978 4868 1095 4958 spes
1130 4902 1239 4938 inea
1262 4890 1347 4933 aut
1380 4876 1623 4950 gaudium
1672 4882 1759 4925 aut
1810 4870 1989 4942 gloria:
2031 4868 2259 4921 corona?
2304 4877 2476 4917 annon

882 5003 968 5041 vos
995 4991 1012 5052 (
1036 4984 1086 5038 1.
1118 4978 1294 5035 Thess.
1325 4973 1382 5035 2,
1412 4971 1476 5027 l9
1497 4972 1561 5041 )2'
1592 4968 1729 5034 Quin
1762 4982 1819 5018 se
1846 4973 1900 5018 et
1932 4965 1982 5015 in
2009 4961 2178 5015 corde
2206 4959 2332 5014 etin
2362 4958 2474 5011 vin—

883 5078 1017 5136 culis
1038 5089 1133 5131 eos
1157 5067 1505 5126 circumferre
1533 5060 1745 5117 dicebat
1790 5056 2061 5127 (Philipp.
2099 5054 2150 5108 1.
2184 5055 2215 5106 ’7
2234 5052 2274 5124 ).
2310 5054 2477 5106 Porro

881 5186 1006 5226 eum
1027 5167 1094 5221 ad
1131 5164 1481 5218 Colossenses
1516 5152 1723 5216 scribit,
1756 5149 1939 5220 Cupio,
1966 5148 2156 5218 inquit,
2188 5147 2356 5198 videre
2393 5158 2478 5195 vos

882 5272 1127 5335 quantum
1152 5266 1405 5311 certamen
1432 5251 1641 5302 habeant
1674 5261 1765 5314 pro
1794 5243 1952 5306 vobis,
1982 5251 2030 5295 et
2064 5241 2364 5308 quicumque
2390 5240 2473 5306 fu-

882 5330 1009 5407 .35..»
1054 5363 1213 5401 meant
1264 5360 1363 5397 non
1410 5340 1638 5393 viderunt
1669 5352 1721 5387 tu
1763 5348 1917 5385 carne
1948 5341 2041 5384 :ut
2084 5330 2480 5383 consolationem

887 5444 1101 5499 habeant
1128 5437 1283 5492 cordo
1310 5440 1481 5487 vestra
1501 5430 1733 5502 (Coloss.
1757 5427 1811 5481 2.
1861 5426 1885 5481 l
1914 5428 1931 5494 )
1958 5440 1972 5490 ;
2012 5433 2067 5478 et
2094 5424 2159 5478 ad
2190 5423 2479 5478 Thessalo.

890 5539 1169 5593 nieonses,
1199 5522 1646 5593 Quemadmodum
1672 5520 1715 5575 si
1748 5518 1922 5573 nutrix
1965 5520 2127 5587 foveat
2166 5516 2299 5583 ﬁlios
2325 5528 2444 5567 suos
2463 5552 2479 5576 ,

892 5632 959 5683 ita
994 5624 1335 5683 desiderantes
1366 5634 1451 5671 vos
1480 5616 1803 5686 cupiebamus
1832 5612 1971 5667 vobis
2000 5608 2123 5661 dare
2144 5647 2158 5672 ,
2186 5624 2288 5661 non
2316 5608 2479 5659 solum

956 5772 1028 5829 tn)
1050 5765 1143 5819 llic
1167 5774 1304 5815 error
1328 5753 1664 5829 essentidelur
1692 5753 1880 5829 {verba
1900 5763 2067 5829 etum:
2088 5754 2346 5829 sequentia
2382 5758 2481 5799 non

891 5816 1309 5893 f‘hili'ppettsibus,
1336 5822 1421 5869 seel
1444 5816 1954 5868 Thessaloruceusibus
1978 5816 2086 5874 seri;
2107 5821 2154 5861 [τι
2177 5822 2305 5863 sunt.

2564 468 2914 539 evangelium,
2961 472 3049 525 sed
3094 474 3246 527 etiam
3290 479 3489 529 animas
3530 484 3727 528 nostras
3768 475 3787 544 (
3820 475 3868 528 f.
3897 472 4081 529 Thess.
4104 476 4163 528 2.

2562 558 2615 613 7.
2644 559 2719 629 8)
2741 575 2758 624 ;
2783 569 2895 616 tum
2921 562 3085 617 etiam
3111 562 3179 619 ad
3204 563 3567 629 Timotheum,
3597 565 3793 620 Memor
3813 567 4169 637 lacrymarstu

2563 658 2783 717 tuarum,
2808 662 2865 706 ut
2891 653 3083 723 gaudio
3110 654 3333 724 implear
3368 655 3389 729 (
3416 657 3473 710 2.
3500 655 3635 711 Tim.
3669 659 3718 714 l.
3765 658 3801 714 4
3822 669 3858 727 ).
3906 657 3978 713 Et
4032 675 4162 712 cum

2569 740 2637 796 ad
2666 741 2845 797 Titum
2868 744 3097 811 scribit,
3128 744 3329 802 Dilecto
3371 748 3481 816 ﬁlio
3513 749 3533 819 (
3562 747 3661 802 ru.
3713 749 3760 804 ι.
3804 749 3911 821 4);
3942 758 3999 805 et
4031 750 4164 803 item

2562 832 2629 887 ad
2652 832 3020 891 Philemonem
3053 837 3303 893 similiter
3328 837 3347 907 (
3376 836 3593 893 Philem.
3621 841 3671 894 1.
3704 842 3727 895 1
3756 840 3797 911 ).

2604 922 2661 977 2.
2683 924 2760 977 Ad
2780 924 2895 981 haec
2911 925 2963 981 in
2981 927 3217 996 Epistola
3239 927 3307 982 ad
3324 928 3577 984 llcbrrcos
3595 930 3759 984 multa
3776 931 3878 985 alia
3891 928 4167 999 ejusmodi

2563 1015 2773 1080 scribit,
2806 1031 2904 1072 nec
2933 1029 3112 1073 cessat
3135 1020 3405 1075 consolari
3443 1034 3508 1075 ac
3535 1021 3717 1078 dicere
3740 1040 3755 1076 :
3781 1023 3961 1077 Adhuc
3989 1024 4167 1076 modi-

2563 1121 2676 1159 cum
2701 1107 3112 1178 aliquantulum,
3149 1120 3198 1165 et
3234 1112 3321 1182 qui
3358 1122 3598 1168 venturus
3637 1125 3739 1181 est,
3782 1116 3937 1170 veniet
3981 1126 4029 1169 et
4057 1133 4171 1170 non

2564 1201 2786 1255 tardabit
2812 1201 2831 1275 (
2855 1201 3012 1257 Hebr.
3043 1205 3129 1259 l0.
3157 1206 3263 1271 37)
3296 1224 3309 1259 :
3338 1206 3559 1275 perinde
3594 1207 3840 1263 videficet
3869 1224 3932 1263 ac
3961 1208 4008 1264 si
4041 1224 4167 1263 ma-

2566 1302 2649 1346 ter
2672 1292 2809 1348 iilios
2836 1294 2993 1350 ttedio
3019 1311 3083 1349 ac
3109 1311 3344 1353 luterore
3386 1298 3697 1354 laborantes
3719 1300 4041 1371 alloquatur.
4072 1299 4171 1355 Sic

2565 1395 2619 1439 et
2648 1385 2775 1450 iliis,
2803 1385 2924 1442 Non
2971 1389 3336 1459 angustiamini
3364 1390 3417 1443 in
3438 1390 3614 1456 nobis,
3643 1391 3833 1461 inquit.
3875 1390 3985 1446 Nec
4032 1405 4172 1446 vero

2564 1492 2624 1532 se
2647 1476 2924 1533 dumtaxat
2957 1496 3052 1535 eos
3087 1496 3273 1536 amare
3298 1482 3390 1548 ait,
3420 1481 3515 1536 sed
3539 1480 3609 1536 ah
3627 1482 3759 1553 ipsis
3788 1482 3947 1538 etiam
3964 1488 4170 1547 amari,

2564 1582 2672 1637 quo
2693 1570 2945 1625 nimirum
2980 1572 3105 1626 hinc
3130 1587 3345 1642 quoque
3373 1588 3561 1628 eorum
3592 1575 3798 1629 animos
3822 1575 4044 1630 alliciat.
4071 1578 4178 1629 Αιρ

2564 1672 2670 1727 que
2688 1658 2865 1715 dehis
2889 1660 3109 1731 quidem
3135 1661 3238 1717 hoc
3279 1663 3609 1729 testificatus,
3655 1665 3751 1732 ait,
3802 1664 3946 1721 Titus
3992 1667 4172 1733 venit,

2566 1750 2789 1819 referens
2835 1754 2979 1808 nobis
3022 1764 3246 1810 vestrum
3294 1756 3603 1809 desiderium
3626 1801 3638 1819 ,
3685 1768 3905 1812 vestrum
3947 1760 4130 1828 ﬂetum
4152 1798 4173 1825 ,

2565 1853 2782 1898 uestram
2825 1846 3201 1901 aemulationem
3241 1847 3333 1918 (2.
3362 1845 3481 1902 Cor.
3515 1848 3567 1902 7.
3610 1847 3710 1919 7);
3741 1862 3795 1905 et
3822 1850 3890 1906 de
3916 1850 4126 1905 Calatis
4149 1893 4169 1919 ,

2567 1932 2753 1989 dicens
2772 1977 2788 2001 ,
2821 1935 2882 1990 Si
2908 1936 3022 2003 ﬁeri
3046 1946 3215 2005 posset
3240 1978 3254 2002 ,
3282 1938 3455 1992 oculos
3484 1948 3673 1994 vestros
3702 1940 3978 2006 eruissetis,
4006 1950 4053 1995 et
4080 1942 4176 1995 de-

2568 2028 2767 2082 dissetis
2792 2028 2918 2083 mihi
2938 2030 2957 2097 (
2974 2028 3094 2084 Gal.
3132 2029 3188 2086 ι.
3232 2032 3301 2087 15
3318 2031 3373 2101 );
3400 2040 3457 2086 et
3480 2031 3548 2087 de
3567 2031 4176 2099 Thessalonicensihus,

2573 2118 2788 2187 Qualem
2814 2122 3077 2175 introitum
3106 2122 3431 2178 habuerimus
3457 2124 3527 2177 ad
3554 2139 3640 2177 vos
3661 2125 3679 2194 (
3701 2126 3754 2180 l.
3780 2123 3960 2180 Thess.
3993 2125 4045 2179 1.
4070 2124 4129 2192 9)
4154 2139 4172 2189 ;

2568 2220 2624 2265 et
2669 2227 2856 2267 rursus
2900 2212 2967 2267 de
2996 2212 3305 2279 Timmhco,
3335 2213 3535 2269 Memor
3563 2216 3905 2286 Iacrymtn'um
3936 2226 4172 2278 tuarum,

2568 2311 2623 2353 ut
2647 2301 2837 2371 gaudio
2862 2304 3081 2373 implear
3112 2304 3200 2375 (2.
3230 2302 3366 2358 Tim.
3401 2306 3452 2361 1.
3479 2305 3574 2375 4).
3606 2308 3683 2360 Ac
3709 2306 3938 2375 denique
3964 2307 4174 2375 passim

2570 2392 2621 2446 in
2646 2392 2889 2461 epistolis
2910 2393 3013 2448 hoc
3041 2394 3245 2460 videas,
3268 2395 3441 2465 ipsum
3467 2395 3743 2465 discipulis
3767 2396 4171 2461 teStiflcantcm,

2568 2484 2711 2553 quod
2736 2495 2790 2538 et
2820 2500 2915 2537 eos
2944 2493 3089 2541 amet
3133 2494 3190 2540 et
3232 2487 3470 2542 vicissim
3497 2486 3566 2541 ab
3593 2486 3657 2542 iis
3683 2496 3889 2542 ametur
3912 2504 3927 2540 :
3950 2501 4061 2541 non
4091 2498 4175 2539 ta-

2569 2589 2692 2629 men
2737 2574 3004 2632 similiter.
3049 2575 3148 2632 Hic
3183 2592 3396 2649 quoque
3435 2577 3601 2644 dicit,
3636 2576 3774 2632 Licet
3818 2577 4174 2633 abundantius

2568 2682 2654 2721 vos
2679 2666 2915 2738 diligens,
2943 2670 3110 2724 minus
3136 2669 3325 2741 diligor
3346 2670 3437 2743 (2.
3482 2670 3603 2727 Cor.
3649 2670 3740 2727 l2.
3792 2672 3921 2743 15).
3955 2672 4168 2728 Verum

2570 2758 2674 2815 hoc
2700 2761 2917 2830 quidem
2944 2762 3011 2816 ad
3037 2762 3280 2831 epistola:
3327 2764 3530 2819 calcem
3557 2765 3634 2819 ait
3652 2806 3665 2827 ,
3721 2765 3934 2819 interim
3976 2774 4173 2820 autem

2570 2854 2768 2919 acrius,
2788 2854 2837 2907 Ν
2842 2871 2904 2908 οη
2922 2858 3313 2925 angustiamini,
3328 2857 3520 2928 inquit,
3535 2859 3590 2911 in
3612 2858 3777 2923 nobis,
3799 2859 4175 2930 angustiamiui

2571 2956 2739 3000 autem
2764 2952 2817 2999 in
2846 2947 3080 3000 cordibus
3104 2949 3297 3002 vestris.
3330 2949 3458 3015 Vos,
3493 2950 3695 3020 inquit,
3731 2967 3895 3005 unum
3930 2950 4130 3019 capitis
4157 2968 4173 3015 ;

2570 3055 2671 3109 ego
2701 3039 2886 3093 urbem
2923 3040 3226 3093 universam
3257 3055 3320 3095 ac
3364 3041 3572 3110 plebem
3622 3052 3843 3096 tantam.
3869 3040 3975 3097 Nec
4001 3042 4174 3105 dixit,

2573 3130 2688 3187 Non
2734 3144 2831 3183 nos
2860 3130 3051 3198 capitis
3074 3169 3088 3191 ,
3130 3130 3223 3185 sed
3248 3171 3263 3194 ,
3292 3130 3665 3199 Angustiamini
3683 3149 3701 3195 ;
3734 3130 3871 3185 idem
3912 3131 4177 3185 nimirum

2572 3219 2935 3281 subiudicans.
2967 3219 3062 3274 sed
3095 3218 3328 3275 molliori
3356 3219 3521 3275 verbo
3550 3230 3705 3275 utens
3726 3263 3739 3280 .
3781 3236 3849 3275 ne
3873 3222 4051 3275 acrius
4073 3237 4177 3277 eos

2572 3312 2980 3381 perstringeret.
3007 3311 3093 3366 l5.
3122 3310 3367 3365 Eamdem
3403 3320 3575 3364 autem
3611 3311 3848 3367 habentes
3873 3328 4178 3367 remunera-

2572 3406 2779 3469 tionem,
2819 3413 3077 3473 tamquam
3105 3401 3229 3471 filiis
3257 3402 3393 3468 dico,
3441 3401 3731 3455 dilatamini
3776 3412 3823 3457 et
3850 3417 3955 3457 vos.
3999 3404 4179 3471 Atqui

2572 3496 2791 3550 minime
2818 3509 2913 3565 par
2937 3502 3039 3560 est,
3071 3494 3217 3564 prius
3238 3494 3428 3561 amari,
3471 3492 3667 3550 deinde
3687 3509 3887 3549 amare.
3910 3493 4179 3560 Quamvis

2570 3588 2712 3643 enim
2746 3602 2925 3657 parem
2956 3586 3157 3640 amoris
3185 3600 3491 3641 mensuram
3516 3585 3638 3656 quis
3683 3585 3897 3652 aderat,
3944 3583 4051 3638 hoc
4088 3596 4179 3638 la-

2572 3695 2695 3734 mcn
2734 3678 2953 3733 nomine
2996 3677 3250 3744 vincitur,
3282 3676 3424 3748 quod
3466 3676 3733 3746 posterior
3782 3675 3848 3729 ad
3879 3675 4181 3729 amandum

2573 3772 2801 3825 venerit.
2834 3769 3033 3825 Verum
3062 3767 3179 3823 hare
3220 3782 3324 3823 non
3354 3774 3603 3822 accurate
3648 3768 3866 3835 requiro
3887 3805 3905 3832 ,
3956 3766 4177 3835 inquit;

2574 3861 2705 3914 mihi
2730 3862 2858 3914 satis
2881 3860 3062 3921 fuerit,
3096 3859 3140 3913 si
3172 3860 3253 3912 vel
3282 3872 3401 3912 meo
3426 3871 3610 3909 amore
3639 3856 3934 3924 provocati,
3965 3870 4181 3911 mutua:

2571 3966 2698 4022 erga
2721 3966 2807 4005 me
2836 3950 3223 4004 benevolentia:
3250 3947 3694 4017 signiﬁcationem
3739 3946 4040 4016 pra-beatis,
4091 3947 4181 4002 di-

2578 4044 2682 4114 ligo
2708 4052 2763 4097 et
2811 4041 3130 4109 amplector.
3173 4038 3387 4102 Postea,
3426 4048 3480 4093 ut
3525 4052 3619 4093 eos
3654 4036 3722 4091 ad
3761 4036 3863 4092 hoc
3906 4037 4181 4111 obSIringi

2576 4134 2848 4194 ostendat,
2889 4144 3047 4202 atque
3075 4145 3135 4185 ea
3183 4146 3305 4201 qum
3336 4131 3464 4184 dicit
3491 4130 3560 4186 ab
3586 4130 3733 4185 omni
3788 4132 4182 4186 assentationts

2578 4225 2884 4295 suspicione
2913 4224 3165 4287 vindicet,
3193 4220 3468 4293 Tamquam
3500 4222 3620 4291 filiis
3642 4223 3778 4289 dico,
3809 4222 3997 4291 inquit.
4027 4221 4181 4290 Quid

2577 4330 2681 4382 esu,
2713 4316 2993 4388 Tamquam
3014 4315 3179 4385 ﬁliis?
3203 4314 3286 4369 Nil
3314 4314 3490 4385 magni
3519 4314 3752 4384 postulo,
3776 4313 3844 4381 si,
3868 4329 3993 4370 cum
4016 4326 4183 4384 pater

2580 4420 2756 4467 vester
2776 4412 2898 4475 sim,
2922 4425 2952 4465 a
2983 4410 3135 4464 vobis
3159 4409 3325 4463 antari
3348 4408 3530 4462 velim.

2657 4502 2809 4557 Pauli
2837 4502 3103 4567 prudentia
3128 4513 3177 4555 et
3198 4502 3462 4555 modestia.
3486 4526 3557 4539 --
3583 4498 3661 4552 Ac
3698 4496 3821 4552 vide
3847 4496 4014 4567 ipsius
4038 4511 4156 4567 pro

2582 4596 2816 4650 dentiam
2844 4604 2899 4649 et
2925 4594 3265 4648 modestiam.
3293 4590 3408 4646 Non
3434 4591 3519 4646 hic
3542 4588 3779 4660 pericula
3803 4604 3898 4659 pro
3920 4588 4045 4656 ipsis
4082 4604 4176 4643 su—

2583 4698 2788 4755 scepta,
2818 4702 2925 4740 non
2951 4685 3166 4740 labores
3195 4700 3259 4744 ac
3289 4693 3490 4737 mortes
3520 4680 3686 4750 ponit,
3716 4681 3957 4750 quamvis
4006 4680 4183 4734 multa

2584 4776 2847 4846 ejusmodi
2892 4790 3319 4831 commemorare
3365 4780 3558 4842 queat;
3586 4770 3723 4826 adeo
3760 4771 3829 4827 ab
3858 4770 4003 4826 omni
4035 4769 4184 4824 fastu

2584 4873 2792 4924 alienus
2819 4877 2937 4931 est;
2984 4883 3169 4923 verum
3221 4881 3385 4921 ultum
3416 4864 3540 4929 hoc,
3596 4861 3737 4931 quod
3782 4875 3879 4917 eos
3915 4873 4085 4927 amet,
4123 4876 4189 4918 ac

2587 4960 2809 5030 proinde
2829 4961 2994 5015 amari
3020 4973 3233 5029 quoque
3271 4956 3396 5011 velit
3426 4973 3438 5008 :
3472 4953 3605 5021 Quia
3646 4961 3798 5025 pater
3823 4962 4001 5007 vester
4026 4968 4182 5019 sum,

2588 5054 2789 5123 inquit,
2818 5054 2938 5124 quia
2964 5050 3231 5106 acerrimo
3254 5047 3417 5103 vestri
3446 5059 3632 5099 amore
3660 5042 3935 5098 incendor.
3964 5042 4184 5097 Etenim

2588 5144 2712 5199 illud
2735 5156 2877 5215 smpe
2911 5158 3035 5197 eum
3074 5142 3162 5212 qui
3195 5148 3406 5195 amatur
3426 5134 3666 5200 (lﬂulldli,
3694 5149 3813 5189 cum
3843 5134 3962 5204 quis
3984 5134 4185 5188 collata

2589 5238 2640 5291 in
2682 5252 2803 5291 eum
2845 5236 3101 5290 beneﬁcia
3134 5231 3369 5303 profert;
3400 5227 3727 5296 exprobrare
3763 5226 3905 5281 enim
3948 5226 4184 5280 videtur.

2588 5330 2848 5395 Quocirca
2900 5328 3003 5381 hoc
3032 5326 3255 5379 minime
3284 5321 3408 5375 facit
3462 5318 3677 5382 Paulus,
3711 5334 3919 5383 verum,
3974 5317 4043 5373 ljt
4091 5318 4188 5373 lilii

2593 5431 2867 5491 parentem
2894 5417 3119 5487 diligite,
3154 5416 3358 5483 inquit:
3384 5408 3526 5479 quod
3547 5408 3761 5477 quidem
3781 5418 3985 5463 natura:
4007 5410 4189 5477 potius

2590 5527 2691 5579 est,
2724 5530 2787 5571 ac
2814 5513 2920 5569 tale
2942 5520 3000 5566 ut
3024 5510 3159 5579 patri
3183 5508 3285 5561 hoc
3313 5518 3411 5558 suo
3438 5502 3664 5573 quisque
3688 5512 3943 5572 praestare
3968 5502 4185 5557 debeat.

2593 5605 2806 5668 Postea,
2838 5617 2907 5657 ne
2935 5600 3056 5671 quis
3080 5598 3352 5652 existimet
3377 5608 3499 5646 eum
3530 5608 3623 5646 sua
3650 5607 3809 5647 causa
3834 5591 3953 5647 lucc
3979 5592 4185 5657 dicere.

2592 5699 2925 5753 demonstrat
2968 5708 3028 5745 se
3067 5688 3369 5745 commodis
3394 5700 3580 5739 eorum
3609 5685 3915 5749 consulere,
3943 5698 4070 5737 cum
4101 5698 4185 5737 eo-

2595 5810 2713 5851 tum
2761 5785 3186 5846 benevolentiam
3217 5781 3285 5837 ad
3314 5796 3372 5835 se
3415 5778 3636 5836 attrahit
3665 5795 3677 5830 :
3707 5776 3848 5833 unde
3878 5776 4045 5832 etiam
4068 5775 4187 5832 sub-

4061 352 4175 412 ως.
4292 116 4317 425 i

4314 430 4317 593 γ
