4076 6338
536 403 643 459 493
1235 396 1293 452 8.
1335 393 1626 451 JOANNIS
1662 387 2163 448 CIIRYSUSTODH

535 518 638 569 οὐκ
666 510 810 578 εἷπε,
857 510 947 580 Μὴ
999 509 1374 581 ἀναμίγνυσθε
1422 510 1696 572 ἀπίστοις,
1730 505 1869 559 ἀλλὰ
1915 500 2117 573 μᾶλλον

538 604 717 661 αὐτῶν
742 590 1158 672 καθαπτόμενος
1185 603 1281 657 ἀτε
1319 599 1653 655 ἀδικούντων
1678 598 1742 651 τὸ
1768 598 2002 657 δίκαιον,
2032 592 2125 663 Μὴ

537 696 820 767 ἐκκλίνητε
877 694 1125 756 ἑαυτοὺς,
1173 693 1330 762 φησί.
1379 691 1476 755 Τίς
1509 689 1620 759 γὰρ
1645 688 1875 758 μετοχὴ
1904 688 2126 740 δικαιοο

536 788 697 855 σύνῃ
766 784 865 839 καί
935 782 1196 850 ἁνομίᾳ;
1276 778 1542 833 Ἐνταῦθα
1592 778 1777 831 λοιπὸν
1839 777 2126 846 σύγκρισιν

538 880 775 931 ποιεῖται
810 876 933 945 οὐχὶ
967 873 1065 944 τῆς
1108 869 1306 924 ἑαυτοῦ
1353 871 1595 940 ἀγάπης,
1623 871 1717 923 καὶ
1760 871 1861 939 τῆς
1902 866 2125 923 ἐκείνων

536 970 645 1024 τῶν
663 967 1086 1038 διαφθειρόντων
1104 964 1325 1027 αὐτοὺς,
1352 961 1487 1015 ἀλλά
1510 962 1609 1031 τῆς
1623 960 1801 1013 αὐτῶν
1822 956 2121 1025 εὐγενείας,

539 1064 638 1118 καὶ
670 1062 772 1130 τῆς
804 1058 1030 1112 ἐκείνων
1058 1055 1301 1126 ἀτιμίας·
1338 1052 1483 1107 οὕτω
1515 1055 1625 1123 γὰρ
1665 1052 1759 1107 καὶ
1800 1051 2125 1121 σεμνότερος

536 1156 569 1207 6
600 1155 756 1221 λόγος
780 1152 992 1221 γέγονε,
1026 1151 1121 1202 καὶ
1166 1147 1318 1218 αὐτῷ
1350 1144 1824 1218 πρεπωδέστερος,
1858 1143 1952 1195 καὶ
1990 1140 2125 1211 μᾶλ-

539 1247 631 1299 λον
659 1245 856 1306 αὐτοὺς
886 1243 1186 1297 ἐπεσπᾶτο.
1216 1242 1303 1304 Ὠς
1344 1239 1410 1292 ἂν
1436 1238 1488 1291 εἴ
1512 1254 1596 1299 τις
1625 1235 1777 1289 παιδὶ
1800 1234 1910 1287 τῶν
1931 1249 2124 1301 γεγεν-

541 1337 786 1407 νηκότων
827 1336 1170 1406 ὑπερορῶντι
1224 1334 1318 1387 καὶ
1361 1334 1577 1402 μιαροῖς
1634 1328 1826 1383 ἑαυτὸν
1866 1326 2126 1380 ἐκδιδόντι

540 1426 710 1493 λέγοι,
746 1424 812 1478 Τί
847 1427 1042 1489 ποιεῖς,
1076 1417 1121 1477 ὦ
1152 1421 1399 1488 παιδίον;
1434 1418 1588 1493 [5'53]
1629 1418 1724 1473 τοῦ
1778 1418 1876 1488 μὲν
1919 1413 2126 1483 πατρὸς

540 1520 926 1587 καταφρονεί·,
959 1515 1232 1584 προτιμᾷς
1273 1513 1328 1566 δὲ
1358 1512 1487 1575 τοὺς
1518 1512 1744 1583 μιαροὺς
1775 1508 1994 1579 ἄνδρας,
2028 1505 2123 1559 καὶ

544 1610 745 1679 μυρίας
801 1608 1071 1677 γέμοντας
1119 1604 1359 1670 κακίας;
1413 1604 1513 1657 οὐκ
1551 1599 1707 1655 οἶσθα
1743 1601 1907 1653 πόσον
1942 1595 2123 1651 αὐτῶν

546 1700 766 1768 βελτίων
795 1695 841 1751 εἴ
871 1698 963 1752 καὶ
999 1698 1317 1768 σεμνότερος
1356 1716 1369 1762 ;
1400 1696 1556 1749 Οὕτω
1589 1694 1698 1764 γάρ
1734 1691 1932 1763 μᾶλλον
1961 1689 2124 1742 αὐτὸν

540 1792 805 1865 ἀφίστησι
857 1790 955 1860 τῆς
1004 1790 1225 1843 ἐκείνων
1255 1787 1628 1856 συνουσίας,ἢ
1680 1788 1728 1838 εί
1779 1784 1867 1837 τὸν
1911 1776 2123 1851 πατέρα

544 1884 833 1954 θαυμάζοι.
857 1883 955 1936 Ἂν
986 1884 1085 1951 μὲν
1112 1884 1221 1952 γὰρ
1250 1882 1405 1950 λέγῃ,
1441 1880 1556 1931 Οὐκ
1590 1873 1745 1929 οἶσθα
1779 1876 1943 1927 πόσον
1976 1872 2123 1924 ἐστὶν

541 1978 572 2028 6
607 1976 789 2047 πατήρ
818 1991 912 2027 σου
946 1973 1169 2043 βελτίων
1196 1972 1462 2037 ἐκείνωνς
1497 1967 1652 2022 οὐδὲν
1676 1964 1927 2020 τοσοῦτον
1966 1962 2126 2033 ἐργά-

544 2082 728 2121 σεται*
781 2067 847 2120 ἂν
880 2065 936 2118 δὲ
986 2064 1079 2117 τὸν
1100 2061 1321 2133 ’πατέρα
1361 2062 1540 2129 ἀφεὶς,
1574 2057 1737 2113 αὐτὸν
1777 2054 1955 2108 αὐτῶν
1987 2071 2124 2125 προ-

540 2160 723 2232 κρίνῃ,
756 2158 951 2227 λέγων,
1000 2158 1115 2209 Οὐκ
1144 2154 1301 2208 οἶσθα
1332 2153 1417 2216 τίς
1468 2152 1566 2222 μὲν
1599 2150 1685 2214 σὺ,
1716 2148 1859 2212 τίνες
1886 2146 1943 2199 δὲ
1982 2147 2125 2199 ἐκεῖ-

542 2268 663 2316 νοι;
698 2252 799 2304 οὐκ
850 2251 1050 2312 ἐννοεῖς
1101 2264 1195 2301 σου
1230 2248 1329 2315 τὴν
1362 2245 1641 2312 εὐγένειαν
1669 2240 1764 2294 καὶ
1784 2239 1881 2309 τὴν
1908 2237 2126 2291 ἐλευθε-

549 2340 691 2410 ρίαν,
724 2339 820 2392 καὶ
850 2340 950 2408 τὴν
979 2336 1205 2408 ἀτιμίαν
1252 2335 1349 2405 τὴν
1378 2334 1636 2397 ἐκείνων;
1670 2332 1753 2394 τίς
1795 2328 1903 2399 γὰρ
1932 2344 2127 2382 κοινω-

546 2433 635 2484 νία
665 2448 747 2485 σοι
806 2430 1080 2491 κάκείνοις
1130 2432 1242 2493 τοῖς
1274 2428 1559 2490 κλέπταις,
1586 2427 1698 2488 τοῖς
1744 2425 1974 2494 μοιχοῖς,
2013 2422 2127 2483 τοῖς

544 2524 707 2593 γόησι
734 2539 749 2586 ;
784 2520 994 2591 ταχέως
1027 2520 1190 2574 αὐτὸν
1218 2521 1331 2581 τοῖς
1353 2517 1651 2586 ἐγκωμίοις
1680 2518 1783 2578 τοῖς
1806 2510 1972 2565 αὐτοῦ
1999 2527 2126 2564 πτε-

549 2614 749 2688 ρώσας,
778 2610 1162 2684 ἀπορραγῆναι
1184 2610 1410 2664 ἐκείνων
1438 2606 1872 2678 παρασκευάσει.
1898 2604 2001 2656 Τὸν
2027 2600 2125 2671 μὲν

547 2710 615 2777 γὰ
623 2726 655 2780 ρ
686 2707 949 2777 πρότερον
969 2706 1032 2757 ού
1052 2704 1260 2773 σφόδρα
1276 2700 1486 2763 δέξεται
1514 2697 1694 2764 λόγον,
1718 2695 1801 2749 ὅτι
1823 2692 2128 2780 κατηγορία

546 2779 712 2857 αὑτοῦ
752 2800 900 2851 ἐστιν
938 2798 971 2865 ή
1002 2794 1337 2863 προτίμησις
1366 2788 1459 2841 τοῦ
1492 2785 1722 2855 πατρὸς,
1753 2784 1882 2836 ὅταν
1913 2780 1988 2851 μὴ
2034 2779 2129 2850 μό-

547 2911 636 2947 νον
667 2890 882 2958 πατέρα
905 2888 1166 2957 φαίνηται
1188 2884 1395 2944 λυπῶν,
1423 2879 1558 2934 ἀλλὰ
1585 2878 1680 2933 καὶ
1707 2875 1920 2947 πατέρα
1956 2870 2129 2926 τοιοῦ-

507 3000 671 3038 ιτοψ
725 2980 961 3035 ἐνταῦθα
1016 2978 1075 3031 δέ
1134 2977 1320 3029 οὐκέτι
1357 2973 1509 3027 οὐδὲν
1560 2969 1803 3026 τοιοῦτον
1854 2966 2122 3019 πείσεται.

551 3074 740 3137 Οὐδεὶς
769 3071 879 3142 γὰρ
908 3068 975 3123 ἂν
998 3067 1176 3121 ἐλοιτο
1215 3066 1289 3135 μὴ
1322 3059 1786 3132 ἐγκωμιάζεσθαι·
1815 3058 1910 3111 καὶ
1934 3055 2001 3109 δι’
2034 3054 2129 3108 αὐσ

548 3166 645 3220 τοῦ
682 3164 769 3233 δὴ.
809 3160 947 3232 μετά
972 3158 1081 3213 τῶν
1108 3157 1348 3212 ἐπαίνων
1377 3153 1473 3207 τοῦ
1509 3150 1825 3215 ἀκούοντος,
1852 3150 1880 3202 6
1908 3148 2130 3217 ἐλεγχος

549 3260 759 3329 γίνεται
790 3253 1212 3325 ιύπαράδεκτος.
1249 3249 1491 3303 Χαλᾶται
1517 3247 1626 3317 γάρ
1653 3247 1680 3299 6
1706 3241 2005 3314 ἀκροατής,
2032 3241 2129 3293 καὶ

552 3340 905 3419 φρονήματος
956 3342 1261 3413 πληροῦται
1312 3338 1570 3410 μεγάλου,
1620 3335 1715 3386 καὶ
1758 3330 2130 3399 διαπτύειτὴν

553 3436 777 3490 ἐκείνων
803 3430 1110 3486 συνουσίαν.
1141 3429 1214 3483 Οὐ
1248 3428 1405 3480 τοῦτο
1436 3426 1494 3477 δὲ
1525 3424 1685 3493 μόνον
1716 3419 1880 3475 αὐτοῦ
1927 3421 2041 3473 ἐστι
2070 3421 2131 3475 τὸ

556 3523 890 3597 θαυμαστὸν,
936 3522 1019 3575 δτι
1048 3520 1191 3574 οὕτω
1231 3519 1511 3589 προήγαγε
1540 3513 1638 3585 τὴν
1664 3512 1972 3583 σύγκρισιν,
2003 3509 2119 3563 ἀλλ’

556 3622 638 3675 ὅτι
662 3617 756 3671 καὶ
780 3613 967 3686 ἕτερόν
992 3629 1046 3665 τι
1084 3610 1267 3681 μεῖζον
1310 3606 1594 3676 ἐπενόησε,
1624 3604 1719 3658 καὶ
1753 3598 2134 3672 ἐκπληκτικώ-

556 3714 716 3785 τερον
739 3726 752 3739 ·
786 3708 1003 3779 πρῶτον
1037 3704 1134 3775 μὲν
1173 3702 1293 3756 κατ’
1319 3698 1584 3773 ἐρώτησιν
1616 3692 1950 3768 προαγαγὼν
1982 3700 2006 3729 ⁸
2042 3692 2134 3747 τὸν

556 3784 734 3874 λόγον,
785 3802 920 3871 ὅπερ
962 3796 1072 3852 τῶν
1105 3792 1290 3863 σαφῶν
1322 3794 1420 3847 καὶ
1460 3787 1909 3862 ὁμολογουμένων
1944 3784 2093 3838 ἐστίν
2116 3800 2132 3817 ο

559 3900 750 3956 ἔπειτα
777 3894 833 3949 δὲ
858 3889 1143 3946 πλατύνων
1168 3890 1234 3956 τῇ
1260 3883 1559 3949 πυκνότητι
1580 3881 1676 3932 καὶ
1700 3878 1778 3946 τῷ
1808 3876 2001 3945 πλήθει
2025 3876 2134 3927 τῶν

557 3987 860 4055 ὀνομάτων.
884 3981 959 4032 Οὐ
987 3979 1096 4047 γάρ
1122 3976 1180 4027 ἐν
1204 3974 1299 4027 καὶ
1326 3971 1419 4023 δύο
1452 3970 1545 4023 καὶ
1574 3968 1721 4040 τρία,
1753 3965 1888 4020 ἀλλά
1915 3964 2136 4017 πλείονα

563 4054 701 4145 πρὸς
732 4071 943 4131 τούτοις
973 4067 1093 4122 ἀντὶ
1140 4064 1249 4118 τῶν
1293 4060 1603 4133 προσώπων
1644 4059 1714 4113 τὰ
1755 4056 1996 4127 ὀνόματα
2026 4054 2136 4107 τῶν

563 4162 905 4237 πραγμάτων
933 4159 1135 4229 τίθησι,
1159 4158 1253 4210 καὶ
1287 4156 1465 4225 ἄκραν
1499 4150 1735 4206 ἐνταῦθα
1780 4148 2003 4220 ἀρετὴν,
2038 4145 2136 4201 καὶ

564 4262 797 4331 ἐσχάτην
818 4256 933 4309 ἐκεῖ
973 4252 1171 4307 κακίαν
1202 4248 1512 4318 ὑπογράφει
1531 4260 1544 4273 ·
1596 4244 1693 4298 καὶ
1718 4242 1851 4296 πολὺ
1880 4241 1940 4293 τὸ
1974 4239 2136 4310 μέσον

563 4355 657 4406 καὶ
714 4354 941 4420 ἀπειρον
986 4344 1279 4405 δείκνυσιν,
1332 4339 1408 4400 ὡς
1469 4334 1604 4407 μηδέ
1649 4332 1907 4402 δεηθῆναι
1967 4346 2140 4385 κατα-ι

568 4443 788 4510 σκευῆς.
848 4440 944 4501 Τίς
983 4438 1113 4506 γὰρ,
1145 4433 1300 4502 φησὶ,
1352 4425 1589 4498 μετοχὴ
1630 4422 1985 4489 δικαιοσύνῃ
2038 4421 2136 4475 καὶ

565 4535 818 4601 ἀνομιςι;
851 4529 938 4592 τίς
971 4528 1038 4582 δὲ
1086 4525 1365 4579 κοινωνία
1393 4517 1541 4590 φωτὶ
1570 4513 1718 4584 πρὸς
1753 4514 2015 4577 σκότος;
2048 4513 2140 4576 τίς

562 4622 633 4679 δὲ
666 4616 1061 4690 συμφώνησις
1109 4609 1342 4680 Χριστῷ
1370 4608 1518 4676 πρὸς
1542 4605 1795 4672 Βελίαρ;
1837 4601 1875 4669 ἢ
1921 4606 2011 4665 τίς
2046 4619 2142 4669 με.

565 4716 658 4781 pic
688 4707 879 4774 πιστῷ
921 4702 1073 4774 μετὰ
1117 4701 1380 4757 ἀπίστου
1405 4717 1423 4764 ;
1479 4698 1517 4765 ἢ
1567 4696 1659 4762 τίς
1696 4690 2140 4763 συγκατάθεσις

566 4804 691 4868 ναῷ
731 4800 877 4857 Θέοῦ
902 4796 1053 4867 μετὰ
1078 4790 1373 4851 εἰδώλων.

616 4901 665 4959 γ’
673 4934 686 4947 .
708 4891 856 4952 Εἶδες
873 4890 988 4952 πῶς
1006 4906 1032 4955 7
1045 4884 1189 4956 υμνά
1204 4886 1271 4936 τὰ
1287 4880 1525 4948 ὀνόματα
1539 4897 1565 4931 τ
1576 4878 1751 4948 ίθησι,
1762 4877 1857 4930 καὶ
1872 4870 2143 4946 ἀρκοῦντα

575 4982 726 5050 αὐτῷ
760 4979 896 5049 πρὸς
927 4976 1280 5046 ἀποτροπήνς
1316 4971 1450 5023 Οὑδέ
1480 4971 1585 5041 γὰρ
1618 4968 1759 5033 εἷπε,
1798 4965 2142 5040 Παρανομίᾳ,

570 5075 599 5128 δ
639 5074 799 5126 πλέον
838 5066 905 5140 ἦν
930 5069 979 5131 δ,
1027 5065 1150 5119 οὐδὲ
1190 5061 1330 5125 εἷπε,
1375 5062 1499 5125 Τοῖς
1536 5060 1631 5115 τοῦ
1661 5060 1857 5128 φωτὸς,
1900 5058 1995 5112 καὶ
2034 5057 2146 5118 τοῖς

572 5166 664 5219 τοῦ
692 5164 912 5226 σκότους
929 5178 942 5191 ·
973 5159 1088 5214 ἀλλ’
1111 5150 1257 5212 αύτά
1280 5154 1350 5208 τὰ
1371 5155 1589 5207 ἐναντία
1614 5152 1820 5222 τίθησι,
1841 5150 1910 5203 τὰ
1929 5146 2146 5218 ἀπαρά-
2174 5153 2179 5160 ’

573 5257 737 5309 δεκτα
769 5254 878 5307 τῶν
924 5254 1206 5315 ἐναντίων,
1266 5246 1383 5315 φῶς
1434 5248 1529 5299 καὶ
1575 5246 1786 5307 σκότος.
1820 5242 1957 5299 Οὐδὲ
2001 5236 2144 5303 εἷπε,

574 5348 700 5411 Τοῖς
716 5345 809 5399 τοῦ
840 5344 1074 5416 Χριστοῦ
1097 5345 1191 5399 καὶ
1222 5343 1333 5404 τοῖς
1357 5336 1451 5392 τοῦ
1487 5338 1755 5401 διασόλου,
1773 5336 1886 5389 ἀλλ’
1914 5336 1942 5387 ὃ
1971 5331 2149 5401 πολλῷ

577 5439 737 5494 πλέον
763 5436 1099 5510 ἀφειστήκει,
1130 5431 1364 5505 Χριστῷ
1390 5430 1489 5485 καί
1514 5430 1752 5498 Βελίιιρο
1783 5430 1851 5499 τῇ
1886 5425 2148 5497 Ἐδραῐκῇ

636 5659 663 5690 ⁸
695 5657 950 5721 ιεσείκιίιιιῄ
964 5654 1301 5721 προσαγαγών.

579 5721 665 5835 hb
688 5708 1039 5841 CgFrigeudm‘n
1084 5708 1303 5774 vide'lur,
1358 5709 1646 5777 παρανομία,
1672 5711 1794 5773 ἀλλ’,
1820 5712 1845 5761 ὃ
1888 5712 2030 5760 πλέον
2069 5708 2147 5769 ἦν,

633 5801 699 5845 ομ
755 5816 766 5832 .

2206 385 2529 444 ARCHIEP.
2570 384 3123 444 CONSTANI‘INOP.
3698 389 3806 443 494

2232 504 2383 572 φωνῇ
2422 501 2515 555 τὸν
2548 502 2864 572 ἀποστάτην
2895 502 3130 565 καλέσας
3157 502 3351 574 οῦτως.
3401 503 3467 556 Ἡ
3508 500 3601 566 τίς
3632 500 3809 570 μερὶς

2222 588 2417 656 πιστῷ
2469 590 2621 661 μετὰ
2665 591 2966 655 ἀπίστου;
3012 590 3277 645 Ἐνταῦθα
3330 592 3537 655 λοιπὸν,
3589 592 3675 644 ἵνα
3730 592 3809 661 μὴ

2220 681 2348 752 δόξῃ
2398 682 2599 744 κακίας
2633 681 2822 744 ἀπλῶς
2872 681 3227 750 κατηγορίαν,
3276 684 3373 736 καὶ
3402 684 3603 753 ἀρετῆς
3629 682 3809 749 ἐγκώ-

2225 789 2349 841 μιον
2378 772 2661 839 διεξιέναι,
2698 773 2971 844 μέμνηται
2999 774 3095 825 καὶ
3119 772 3426 839 προσώπων
3454 773 3805 844 ἀδιορίστως.

2222 865 2334 918 Καὶ
2362 869 2468 921 οὐκ
2496 860 2620 919 εἷπε
2655 864 2963 928 κοινωνίαν,
3021 862 3161 917 ἀλλά
3201 864 3269 917 τὰ
3307 864 3517 918 ἔπαθλα
3564 865 3803 924 τέθεικε,

2226 955 2422 1027 μερίδα
2445 957 2638 1011 είπών.
2680 957 2775 1022 Τίς
2820 954 3265 1024 συγκατάθεσις
3292 954 3415 1017 ναῷ
3458 955 3607 1009 Θεοῦ
3651 955 3808 1024 μετά

2220 1046 2513 1110 είδώλωνς
2554 1046 2724 1117 ὑμεῖς
2765 1045 2878 1117 τὰρ
2915 1047 3064 1111 ναὸς
3103 1044 3253 1099 Θεοῦ
3299 1045 3439 1098 ἐστε
3465 1044 3696 1111 ζῶντος.
3737 1045 3808 1099 '0

2220 1136 2281 1190 δὲ
2311 1137 2481 1205 λέγει,
2515 1138 2674 1192 τοῦτό
2704 1141 2873 1191 ἐστιν·
2910 1136 3050 1190 Οῦτε
3085 1138 3113 1189 6
3145 1134 3399 1205 βασιλεὺς
3425 1135 3578 1204 ὑμῶν
3605 1134 3719 1204 ἔχει
3749 1153 3802 1188 τι

2223 1230 2400 1281 κοινὸν
2439 1230 2574 1299 πρὸς
2616 1230 2780 1283 αὐτόν
2808 1248 2820 1260 ·
2870 1229 2995 1299 (Τίς
3046 1229 3158 1299 γάρ
3212 1227 3536 1295 συμφωνία
3574 1227 3809 1292 Χριστῷ

2224 1320 2373 1388 πρὸς
2405 1320 2559 1392 [554]
2589 1324 2878 1391 Βελίαρ;)
2916 1321 3040 1376 οὔτε
3072 1322 3141 1377 τά
3178 1320 3477 1392 πράγματα
3497 1330 3513 1345 ⁸
3565 1318 3665 1381 Τίς
3696 1317 3808 1385 γὰρ

2223 1413 2504 1466 κοινωνία
2553 1414 2701 1480 φωτί
2755 1414 2906 1481 πρὸς
2949 1414 3208 1480 σκότος;
3271 1408 3481 1465 Οὐκοῦν
3518 1408 3639 1462 οὐδέ
3661 1407 3809 1478 ὑμᾶς

2222 1503 2320 1557 δεῖ.
2356 1503 2465 1555 Καὶ
2508 1500 2723 1572 πρῶτον
2751 1503 2932 1573 τίθησι
2980 1503 3071 1556 τὸν
3116 1501 3365 1572 βασιλέα,
3415 1499 3510 1553 καὶ
3557 1496 3810 1567 δεύτερον

2222 1595 2442 1657 αὐτοὺς,
2496 1592 2673 1662 τούτῳ
2750 1594 2985 1662 μάλιστα
3039 1594 3238 1657 αὐτοὺς
3287 1590 3622 1661 ἀποσχίζων.
3669 1580 3809 1640 Εἶτα

2222 1684 2414 1747 είπὼν,
2433 1682 2570 1749 Nati»
2600 1683 2746 1736 Θεοῦ
2768 1682 2921 1751 μετὰ
2942 1681 3222 1747 εἰδώλων,
3250 1684 3342 1736 καὶ
3362 1678 3807 1751 ἀποφηνάμενος,

2222 1778 2303 1831 ὅτι
2326 1776 2341 1796 '
2355 1775 2527 1846 Υμεῗς
2553 1774 2661 1843 γὰρ
2678 1774 2823 1839 ναὸς
2849 1773 2996 1828 Θεοῦ
3012 1772 3245 1838 ζῶντος,
3267 1772 3579 1840 ἀναγκαίως
3602 1769 3696 1823 καὶ
3711 1766 3812 1839 τὴν

2225 1870 2533 1943 μαρτυρίαν
2559 1866 2774 1936 ἐπάγει,
2803 1865 3019 1926 δεικνὺς
3055 1865 3135 1916 ὅτι
3171 1866 3231 1916 ού
3269 1864 3528 1916 κολακεία
3563 1863 3631 1914 δτὸ
3674 1861 3812 1929 πρᾶ-

2223 1960 2343 2030 γμά
2368 1961 2537 2011 ἐστιν.
2556 1957 2613 2010 '0
2636 1956 2745 2026 γὰρ
2778 1953 3165 2023 ἐγκωμιάζων,
3203 1953 3268 2005 ἂν
3296 1953 3371 2024 μὴ
3402 1954 3495 2007 καὶ
3536 1950 3813 2016 ἀπόδειξιν

2225 2050 2556 2121 παρέχηται,
2589 2048 2737 2101 δοκεῖ
2785 2044 3126 2100 κολακεύειν.
3159 2044 3257 2105 Τίς
3283 2039 3377 2095 οὖν
3414 2045 3446 2109 ή
3498 2042 3809 2113 μαρτυρία;

2236 2141 2571 2205 Ἐνοικήσω
2628 2139 2737 2210 γὰρ
2771 2139 2841 2191 ὲν
2899 2135 3129 2200 αὐτοῖς,
3156 2134 3310 2203 φησὶ,
3345 2134 3445 2185 καὶ
3492 2135 3813 2203 ἐμπεριπα-

2224 2233 2407 2298 trimo.
2455 2231 2753 2302 Ἐνοικήσω
2783 2231 2842 2281 ἐν
2873 2229 3041 2289 ναοῖς.
3077 2226 3174 2279 καὶ
3207 2226 3674 2295 ἐμπεριπατήσω·
3709 2225 3811 2293 τὴν

2223 2323 2448 2376 πλείονα
2498 2320 2636 2392 πρὸς
2695 2319 2892 2381 αὐτοὺς
2930 2318 3115 2387 σχέσιν
3149 2316 3344 2385 δηλῶν.
3408 2314 3515 2367 Καὶ
3562 2315 3811 2368 ἔσονταί

2216 2434 2322 2485 μοι
2363 2417 2451 2479 είς
2490 2415 2665 2475 λαὸν,
2712 2411 2811 2464 καί
2838 2409 2952 2481 ἐγὼ
2994 2410 3209 2478 ἔσομαι
3254 2406 3461 2471 αὐτοῖς
3502 2408 3590 2470 εις
3637 2405 3805 2458 Θεόν.

2223 2511 2310 2573 Τί,
2345 2508 2511 2578 φησί;
2540 2506 2670 2560 Θεὸν
2700 2504 2885 2575 φέρεις
2922 2505 2979 2556 ἐν
3012 2500 3244 2572 σεαυτῷ,
3276 2500 3368 2554 καὶ
3398 2498 3532 2569 πρὸς
3569 2498 3809 2562 ἐκείνους

2222 2600 2471 2668 τρέχειςς
2513 2597 2649 2651 Θεὸν
2683 2596 2772 2649 τὸν
2804 2595 2958 2648 οὐδὲν
2985 2593 3177 2664 ἔχοντα
3210 2591 3387 2645 κοινὸν
3425 2590 3561 2660 πρὸς
3588 2589 3808 2652 αύτούςς

2226 2692 2322 2745 καὶ
2353 2689 2453 2741 ποῦ
2482 2688 2654 2743 ταῦτα
2678 2688 2803 2753 ἄξια
2832 2686 3201 2755 συγγνώμης;
3237 2681 3492 2752 ἐννόησον
3520 2682 3605 2743 τίς
3636 2682 3807 2747 ἐμπε-

2228 2784 2446 2851 ριπατεῖ
2476 2797 2579 2844 σοι,
2612 2780 2695 2842 τίς
2740 2779 2962 2831 ἐνοικεῖ.
3011 2776 3109 2830 Διὸ
3162 2774 3441 2839 ἐξέλθετε
3493 2774 3561 2827 ἐκ
3610 2770 3812 2841 μέσου

2207 2869 2445 2939 αὐτῶν,
2477 2869 2575 2921 καὶ
2605 2869 2995 2936 ἀφορίσθητε,
3026 2866 3121 2919 καὶ
3154 2865 3495 2933 ἀκαθάρτου
3517 2863 3602 2934 μὴ
3638 2862 3814 2918 ἅπτε·

2228 2962 2365 3013 σθε·
2404 2957 2567 3023 κάγὼ
2602 2958 2947 3025 εἰσδέξομαι
3005 2955 3185 3027 ὑμᾶς,
3225 2959 3386 3026 λέγει
3425 2958 3655 3025 Κύριος.
3697 2956 3814 3009 Καὶ

2228 3051 2327 3104 οὐκ
2358 3044 2500 3109 εἷπε,
2542 3046 2636 3115 Μή
2694 3048 2962 3115 πράττετε
3008 3048 3335 3115 ἀκάθαρτα·
3399 3045 3535 3099 ἀλλά
3587 3044 3813 3098 πλείονα

2228 3140 2513 3211 ἀκρίϐειαν
2543 3135 2745 3207 ζητῶν,
2794 3136 2949 3205 Μηδὲ
2983 3137 3242 3201 ἅπτεσθε,
3290 3138 3443 3205 φησὶ,
3483 3137 3618 3205 μηδέ
3642 3138 3815 3203 ἐγγὺς

2228 3229 2466 3299 γίνεσθε.
2521 3228 2587 3280 Τί
2638 3226 2695 3279 δέ
2744 3226 2860 3277 ἐστι
2898 3224 3174 3294 μολυσμὸς
3228 3226 3464 3294 σαρκός;
3549 3227 3811 3295 Μοιχεία,

2230 3320 2479 3391 πορνεία,
2523 3318 2781 3385 ἀσέλγεια
2829 3318 2997 3369 πᾶσα.
3040 3314 3105 3366 Τί
3134 3314 3191 3368 δὲ
3233 3314 3446 3384 ψυχῆςς
3485 3314 3816 3383 Ἀκάθαρτοι

2229 3407 2478 3476 λογισμοὶ
2502 3406 2576 3469 ὼς
2605 3406 2664 3458 τὸ
2694 3403 2959 3475 ἐμϐλέψαι
2987 3403 3309 3466 ἀκολάστοις
3334 3402 3653 3473 ὀφθαλμοῖς,
3682 3420 3819 3474 μνη-

2234 3499 2499 3562 σικακίαι,
2544 3497 2703 3560 δόλοι,
2738 3497 2830 3550 καὶ
2872 3497 2973 3549 ὅσα
3020 3495 3266 3549 τοιαῦτα.
3318 3494 3577 3547 Βούλεται
3629 3495 3815 3547 τοίνυν

2232 3588 2571 3659 ἑκατέρωθεν
2602 3583 2739 3640 εἶναι
2779 3585 3075 3657 καθαρούς.
3111 3581 3263 3648 Εἶδες
3296 3585 3356 3638 τὸ
3385 3583 3618 3637 ἔπαθλον
3647 3585 3771 3637 ὅσον
3796 3602 3814 3653 ;

2233 3680 2306 3732 Τὸ
2350 3679 2730 3749 ἀπαλλαγῆναι
2785 3678 2893 3732 τῶν
2947 3676 3230 3751 πονηρῶν,
3272 3681 3332 3731 τὸ
3372 3677 3639 3750 ένωθῆναι
3672 3677 3815 3748 Θεῷ.

2236 3774 2435 3825 Ἄκουε
2462 3772 2557 3827 καὶ
2588 3771 2694 3825 τῶν
2728 3770 2871 3841 ἑξῆς·
2904 3770 3017 3824 Καὶ
3043 3770 3258 3839 ἔσομαι
3290 3768 3433 3838 ὑμῖν
3459 3772 3541 3835 εις
3564 3769 3819 3837 πατέρα,

2233 3860 2333 3918 καὶ
2371 3863 2541 3933 ὑμεῖς
2599 3862 2820 3917 ἐσεσθέ
2857 3879 2961 3930 μοι
3009 3864 3095 3925 εἰς
3131 3861 3301 3924 υἱοὺς
3330 3860 3430 3913 καί
3461 3861 3817 3929 θυγατέρας,

2233 3956 2393 4024 λέγει
2414 3956 2650 4022 Κύριος.
2682 3949 2832 4013 Εἶδες
2863 3948 3071 4002 ἄνωθεν
3098 3949 3197 4015 τὴν
3232 3949 3510 4016 παροῦσαν
3539 3947 3832 4016 εὐγένειαν

2234 4045 2326 4096 τὸν
2358 4046 2644 4113 προφήτην
2684 4038 3201 4110 προαναφωνοῦντα,
3229 4038 3327 4108 τὴν
3357 4038 3444 4091 διὰ
3465 4040 3562 4107 τῆς
3589 4040 3822 4110 χάριτος

2238 4134 2627 4201 ἀναγέννησιν;
2685 4129 2910 4194 Ταύτας
2966 4124 3080 4185 οὖν
3116 4129 3365 4198 ἔχοντες
3411 4130 3516 4196 τὰς
3560 4130 3825 4201 ἐπαγ-τε-

2238 4224 2398 4289 λίας,
2431 4224 2746 4292 ἀγαπητοί.
2780 4221 2983 4285 Ποίας;
3036 4222 3110 4275 Τὸ
3158 4224 3319 4286 ναοὺς
3366 4222 3501 4275 Θεοῦ
3543 4218 3704 4288 εἶναι,
3755 4223 3827 4278 τὸ

2241 4315 2392 4377 υἱοὺς
2432 4316 2525 4366 καὶ
2575 4313 2904 4383 θυγατέρας,
2962 4316 3021 4367 τὸ
3069 4314 3280 4368 ἕνοικον
3323 4316 3486 4369 αὐτὸν
3529 4315 3672 4385 ἔχειν
3722 4317 3827 4368 καὶ

2242 4402 2744 4476 ἐμπεριπατοῦντα,
2771 4402 2831 4455 τὸ
2859 4404 2986 4457 λαὸν
3014 4402 3179 4456 αὐτοῦ
3206 4404 3470 4471 γίνεσθαι,
3495 4403 3555 4457 τὸ
3573 4404 3662 4456 τὸν
3685 4401 3826 4457 Θεὸν

2240 4499 2401 4553 αὐτὸν
2452 4497 2546 4550 καὶ
2596 4496 2809 4565 πατέρα
2868 4494 3189 4563 κεκτῆσθαι.
3234 4495 3656 4563 Καθαρίσωμεγ
3683 4495 3825 4549 ἐαυ-

2240 4590 2382 4653 τοὺς
2411 4586 2530 4641 ἀπὸ
2567 4584 2795 4644 παντὸς
2816 4565 3396 4650 μολυσμοῦβαρκὸς
3426 4583 3519 4633 καί
3560 4583 3825 4650 πνεύμα-

2241 4697 2362 4744 τος;
2396 4679 2548 4746 Μήτε
2573 4674 2902 4744 ἀκαθάρτων
2924 4670 3227 4739 ἁπτώμεθα
3246 4689 3258 4701 ·
3300 4668 3460 4723 τοῦτο
3487 4671 3594 4742 γὰρ
3620 4674 3825 4743 σαρκὸς

2215 4768 2519 4835 ’μολυσμός
2538 4784 2551 4796 ι
2613 4767 2752 4836 μήτε
2784 4764 2892 4818 τῶν
2919 4762 3019 4831 τὴν
3062 4759 3240 4830 ψυχὴν
3274 4759 3634 4831 μολυνόντων’
3666 4757 3826 4827 οὗτος

2244 4857 2353 4925 γὰρ
2384 4855 2715 4925 πνεύματος.
2741 4855 2853 4909 Καὶ
2873 4854 2973 4905 οὐκ
2991 4852 3243 4921 ἀρκεῖται
3274 4853 3447 4924 τούτῳ
3480 4854 3660 4924 μόνον,
3682 4854 3825 4907 ἀλλὰ

2248 4946 2340 4997 καὶ
2390 4944 2607 5011 ἐπάγει,
2662 4940 3119 5003 Ἐπιτελοῦντες
3153 4940 3496 5011 ἁγιωσύνην
3529 4945 3597 4997 ἐν
3657 4946 3829 5012 φόϐῳ

2250 5036 2418 5091 Θεοῦ.
2462 5037 2536 5089 UO
2588 5035 2696 5107 γὰρ
2744 5034 2806 5087 τὸ
2860 5032 2936 5103 μὴ
2987 5031 3301 5104 ἀκαθάρτου
3354 5035 3622 5091 ἅπτεσθαι
3680 5040 3832 5092 ποιεῖ

2248 5124 2509 5197 καθαρὸν,
2550 5123 2689 5180 ἀλλὰ
2718 5122 2812 5176 καὶ
2838 5120 3026 5189 ἐτέρου
3054 5120 3201 5185 τινὸς
3229 5125 3359 5194 ἡμῖν
3390 5125 3471 5178 δεῖ
3502 5125 3641 5178 ὥστε
3668 5124 3835 5192 γενι-

2252 5216 2372 5270 σθαι
2420 5218 2569 5287 ἡμᾶς
2619 5215 2829 5282 ἁγίους,
2869 5210 3128 5281 σπουδῆς,
3165 5215 3461 5286 προσοχῆς,
3512 5215 3829 5278 εὐλαϐείας,

2249 5307 2361 5362 Καὶ
2393 5305 2573 5372 καλῶς
2603 5299 2747 5367 εἷπε,
2789 5303 2886 5355 Ἐν
2920 5303 3083 5369 φόϐῳ
3130 5305 3297 5360 Θεοῦ.
3321 5307 3476 5359 Ἐστι
3510 5307 3618 5375 γὰρ
3643 5308 3837 5359 ἐπιτε-

2250 5396 2362 5451 λεῖν
2396 5394 2779 5468 σωφροσύνην,
2810 5392 2911 5444 οὐκ
2940 5392 2998 5442 ἐν
3027 5393 3177 5465 φόϐῳ
3212 5394 3368 5459 Θεοῦ,
3402 5394 3538 5448 ἀλλά
3561 5394 3647 5447 διὰ
3671 5410 3836 5445 κινο-

2251 5485 2449 5552 δοξίαν.
2480 5483 2636 5540 Μετά
2656 5483 2713 5539 δὲ
2745 5478 2937 5536 τούτου
2969 5482 3059 5534 καὶ
3088 5482 3277 5553 ἕτερον
3305 5483 3601 5537 αἰνίττεται
3632 5479 3835 5547 εἰπὼν,

2265 5577 2368 5630 Ἐν
2395 5577 2557 5646 φόϐῳ
2600 5572 2771 5636 Θεοῦ,
2820 5569 2914 5623 τὸν
2946 5572 3171 5641 τρόπον,
3208 5572 3331 5627 καθ’
3364 5574 3423 5626 δν
3469 5572 3538 5627 ἂν
3567 5570 3838 5647 ἀνυσθείη

2258 5670 2287 5736 ή
2309 5666 2610 5739 ἀγιωσύνη.
2638 5666 2702 5719 El
2724 5662 2832 5733 γάρ
2855 5662 2949 5715 καὶ
2970 5666 3290 5734 τυραννικὸν
3319 5667 3351 5734 ή
3378 5664 3665 5734 ἐπιθυμία,
3686 5662 3837 5733 ἀλλ’,

2258 5758 2320 5813 ἂν
2354 5757 2695 5831 ἐπιτειχίσῃς
2736 5756 2828 5808 τὸν
2864 5751 2959 5807 τοῦ
2988 5755 3125 5809 Θεοῦ
3160 5757 3343 5827 φόϐον,
3375 5755 3678 5825 κατέλυσας
3728 5758 3841 5828 τὴν
