4568 6424
255 468 373 525 498

250 579 460 653 jungit,
486 576 570 630 Η.
601 574 775 629 Nolite
794 574 979 645 jugum
1029 572 1211 625 ducere
1243 587 1357 625 cum
1394 566 1701 637 infidelibus.
1730 562 1847 617 Non

254 672 420 736 dixit,
450 668 624 724 Nolite
666 665 1000 723 commisceri
1041 678 1162 718 cum
1212 661 1532 723 inﬁdelibus,
1565 656 1659 710 sed
1681 655 1847 710 veho~

256 761 495 816 lucinius
539 773 633 814 cos
675 757 1061 829 perstringens,
1110 763 1292 823 utpote
1333 752 1417 821 jus
1456 748 1739 813 violantes,
1771 745 1848 801 Ne

258 850 557 907 deﬂectatis
608 850 871 917 vosipsos,
929 848 1119 918 inquit.
1172 845 1301 911 ουω
1336 842 1471 896 enim
1524 837 1848 909 participalio

252 942 601 1015 iustitiae-uin
628 939 925 1011 iniquitate?
972 937 1070 993 Hic
1093 936 1204 1005 jam
1254 948 1359 988 non
1391 932 1472 987 sui
1515 931 1738 988 amoris.
1790 936 1849 983 ct

252 1047 447 1087 comm
475 1032 563 1102 qui
594 1029 900 1111 Corinthios
924 1019 1365 1094 corrumpebant,
1389 1019 1844 1089 comparationem

250 1127 413 1181 aﬂ'ert
438 1166 454 1191 ,
508 1124 602 1181 sed
638 1116 1423 1180 Corinthiorum'nobilitatem
1475 1128 1599 1168 cum
1631 1111 1843 1166 illorum

251 1217 547 1289 ignominia
574 1225 851 1287 comparat
878 1229 891 1268 :
923 1213 1003 1268 sic
1025 1209 1169 1265 enim
1200 1216 1255 1263 et
1286 1207 1404 1277 plus
1429 1203 1705 1276 gravitatis
1724 1217 1844 1256 ora-

250 1312 331 1364 tio
352 1309 725 1375 contrahebat,
750 1306 985 1377 etipsius
1012 1316 1256 1372 persona:
1283 1300 1449 1369 magis
1465 1295 1838 1359 conveniebat,

249 1419 316 1456 ac
365 1400 597 1471 denique
636 1396 942 1455 Corinthios
966 1391 1369 1461 coniunctiores
1414 1388 1515 1458 ipsi
1562 1385 1836 1442 reddebat.

246 1488 715 1557 Quemadmodum
765 1487 808 1540 si
853 1484 973 1554 quis
1013 1483 1121 1537 ﬁlio
1150 1490 1398 1551 parentes
1446 1478 1753 1548 aspernanti
1779 1492 1843 1532 ac

244 1581 533 1637 sceleratis
557 1586 724 1632 totum
755 1590 813 1630 se
847 1572 1075 1628 tradenti
1102 1572 1265 1634 dicat,
1297 1570 1434 1637 Quid
1464 1568 1615 1635 iacis,
1646 1583 1681 1622 ο
1707 1582 1841 1638 pue-

247 1674 412 1729 rnle?
438 1682 641 1743 patrem
671 1667 990 1734 contemnis,
1013 1667 1169 1735 eique
1194 1664 1450 1719 scelestos
1474 1662 1722 1717 homines
1755 1670 1839 1714 at-

244 1779 357 1833 que
383 1760 678 1817 innumeris
701 1760 844 1814 vitiis
867 1765 1150 1826 coopertos
1170 1752 1493 1825 anteponis?
1518 1768 1585 1811 an
1611 1760 1662 1807 te
1685 1751 1838 1821 fugit,

243 1864 506 1925 quantum
547 1853 670 1907 illos
717 1850 979 1921 probitate
1022 1865 1085 1901 ac
1116 1848 1395 1902 nobilitate
1441 1846 1701 1915 superes?
1730 1845 1841 1900 Hac

244 1958 483 2014 namque
507 1943 716 1999 ratione
739 1943 909 2012 ipsum
941 1941 1108 2010 magis
1132 1940 1199 1994 ab
1220 1953 1407 1995 eorum
1430 1938 1687 1993 societate
1707 1937 1837 1991 abs-

243 2034 447 2101 trahet,
486 2049 644 2105 quam
674 2032 718 2087 si
753 2040 999 2102 paternas
1047 2030 1231 2085 laudes
1259 2029 1594 2101 prmdicaret.
1628 2028 1836 2084 Etenim

242 2126 292 2181 si
325 2128 395 2182 ita
432 2127 696 2199 loquatur,
730 2125 811 2179 An
839 2125 1015 2179 nescis
1041 2134 1242 2194 quanto
1261 2124 1363 2179 illis
1381 2123 1570 2177 melior
1593 2124 1663 2179 sit
1688 2132 1838 2191 pater

245 2216 411 2271 tuus?
439 2231 542 2269 non
571 2223 773 2269 tantum
816 2214 1013 2270 ellicict
1044 2234 1056 2267 :
1088 2215 1170 2270 sin
1219 2222 1396 2269 autem
1446 2213 1647 2268 omisso
1691 2221 1839 2282 patre

243 2310 420 2379 ipsum
449 2307 552 2363 illis
578 2306 850 2378 praeferat,
880 2307 1069 2363 dicens
1099 2326 1111 2361 :
1144 2310 1228 2362 An
1270 2308 1483 2378 ignoras
1510 2308 1630 2377 quis
1655 2316 1708 2361 tu
1739 2307 1834 2374 sis,

240 2407 299 2455 et
341 2400 559 2469 quinam
603 2398 719 2453 illi?
769 2401 955 2453 nonin
1004 2408 1239 2454 mentem
1272 2398 1416 2453 venit
1466 2409 1552 2453 tua
1585 2396 1836 2451 nobilitas

238 2503 405 2563 atque
426 2493 759 2563 ingenuitas,
790 2503 845 2548 et
877 2493 1090 2547 illorum
1121 2492 1408 2562 ignominia
1428 2491 1452 2543 ?
1472 2490 1661 2560 ecquid
1690 2488 1833 2543 enim

242 2585 339 2641 tibi
364 2585 672 2640 commercii
698 2592 779 2643 est
819 2600 941 2639 cum
989 2582 1194 2637 laribus
1223 2583 1346 2649 illis,
1372 2596 1493 2635 cum
1540 2579 1831 2647 adulteris,

238 2692 363 2733 cum
390 2676 900 2746 prmstigiatoribus?
918 2672 1199 2729 confestim
1221 2688 1344 2727 eum
1362 2671 1625 2740 ejusmodi
1645 2669 1831 2735 laude,

244 2778 512 2835 tamquam
538 2765 727 2832 pennis
753 2772 994 2819 erectum
1023 2778 1089 2817 eo
1114 2761 1363 2827 adducet,
1396 2769 1455 2814 ut
1504 2760 1572 2816 ab
1622 2760 1832 2815 illorum

239 2858 498 2914 societate
522 2870 581 2911 se
610 2840 859 2909 abducat.
890 2853 1022 2909 Nam
1050 2853 1600 2923 priorem,orationem
1629 2868 1732 2908 non
1763 2854 1833 2909 ita

244 2952 473 3006 libenter
497 2949 750 3018 excipiet,
781 2948 902 3017 quia
935 2946 1037 3002 hoc
1060 2948 1196 3015 ipso,
1225 2945 1364 3016 quod
1393 2954 1544 3016 pater
1571 2946 1648 3001 illi
1675 2958 1831 3003 ante-

242 3041 431 3103 fertur,
462 3040 871 3107 reprehenditur
928 3040 1148 3107 ipse,-nt
1203 3038 1293 3108 qui
1339 3053 1448 3093 non
1498 3038 1657 3094 modo
1694 3041 1831 3109 patri

241 3132 459 3186 maerori
490 3131 579 3195 sit,
603 3129 696 3185 sed
720 3130 880 3184 etiam
907 3130 1167 3199 ejusmodi
1198 3130 1333 3199 patri
1361 3148 1372 3182 :
1408 3130 1494 3188 hic
1531 3141 1709 3187 autem
1760 3132 1834 3187 nil

244 3225 350 3279 tale
404 3224 502 3293 ipsi
554 3223 781 3280 accidet.
809 3224 992 3294 Neque
1019 3227 1162 3279 enim
1216 3224 1358 3279 ullus
1387 3234 1468 3279 est
1512 3224 1601 3295 qui
1632 3223 1831 3279 laudari

245 3318 377 3371 ttulit
406 3333 418 3366 :
451 3315 577 3385 quin
604 3315 762 3369 etiam
796 3316 871 3371 illi
896 3332 999 3371 una
1030 3333 1151 3372 cum
1207 3316 1363 3372 laude
1402 3317 1637 3372 audienti
1682 3331 1833 3371 acce-

243 3409 384 3477 ptior
406 3416 487 3461 est
517 3407 907 3476 reprehensio;
948 3408 1089 3464 cedit
1118 3409 1260 3463 enim
1290 3410 1379 3464 ille
1424 3410 1684 3474 monenti,
1716 3409 1830 3462 ani-

244 3514 467 3569 mosque
496 3515 718 3570 magnos
744 3502 1013 3569 concipit,
1044 3501 1361 3571 penitusque
1390 3516 1575 3555 eorum
1604 3501 1833 3554 societa-

244 3601 349 3647 tem
384 3593 603 3661 respuit.
626 3591 913 3647 Enimvero
935 3606 1038 3644 non
1061 3592 1164 3655 hoc
1193 3592 1365 3645 solum
1396 3591 1695 3646 mirandum
1724 3602 1828 3658 est,

241 3684 383 3754 quod
404 3684 597 3739 Paulus
619 3684 775 3738 talem
797 3682 1248 3750 comparationem
1266 3680 1548 3746 invexerit,
1572 3682 1666 3737 sed
1689 3685 1831 3753 quod

243 3777 417 3844 majus
444 3777 606 3830 etiam
656 3774 854 3843 aliquid
885 3775 1229 3843 excogitant,
1274 3783 1436 3844 atque
1465 3775 1531 3830 ad
1564 3776 1829 3834 incutien-

242 3866 369 3921 dnm
425 3875 686 3921 terrorem
741 3865 1214 3920 accommodatius.
1271 3866 1506 3921 Primum
1540 3867 1825 3938 videlicet,

239 3961 363 4029 quia
392 3973 488 4029 per
513 3958 986 4029 interrogationem
1007 3974 1312 4014 sermonem
1358 3959 1581 4026 inducit,
1608 3960 1658 4015 id
1686 3965 1827 4031 quod

240 4055 295 4107 in
343 4053 637 4123 perspicuis
689 4062 744 4106 et
790 4052 1106 4107 certissimis
1151 4051 1310 4107 rebus
1354 4051 1469 4107 ﬁeri
1509 4056 1826 4111 consuevit:

241 4142 439 4200 deinde
471 4144 594 4213 quia
623 4159 718 4212 per
768 4142 1041 4196 nominum
1074 4144 1469 4198 multitudinem
1495 4158 1615 4199 eum
1642 4144 1827 4200 dilatat

240 4246 400 4306 atque
429 4234 734 4303 ampliﬁcat.
786 4231 901 4286 Neu
929 4234 1070 4288 enim
1099 4250 1259 4289 unum
1288 4244 1380 4288 aut
1405 4234 1513 4289 duo
1554 4244 1647 4289 aut
1690 4237 1786 4291 tria
1809 4278 1824 4303 ,

239 4325 333 4381 sed
359 4325 508 4394 plura
531 4325 679 4392 ponit
702 4338 1046 4391 personarum
1069 4325 1187 4380 loco
1210 4341 1386 4379 rerum
1411 4327 1649 4394 nomina,
1668 4336 1828 4397 atque

243 4420 367 4472 hinc
395 4416 656 4470 summam
686 4413 930 4469 virtutem
951 4456 967 4480 ,
999 4416 1108 4471 illio
1146 4424 1448 4469 extremum
1495 4416 1680 4470 vitium
1730 4416 1827 4471 de-

240 4508 455 4572 scribit;
486 4520 550 4559 ac
603 4505 825 4559 multum
850 4546 864 4571 ,
920 4507 1029 4562 imo
1074 4506 1330 4560 inﬁnitum
1363 4507 1500 4560 inter
1539 4516 1827 4576 utrumque

239 4598 526 4654 discrimen
556 4610 677 4650 esse
696 4598 953 4664 ostendit,
986 4608 1044 4653 ut
1081 4612 1179 4652 nec
1225 4596 1535 4666 probatione
1570 4612 1659 4652 res
1686 4600 1825 4653 indi—

238 4700 379 4761 geat.
408 4689 534 4756 Qua:
551 4688 704 4753 enim,
730 4690 917 4760 inquit,
938 4689 1257 4759 participatio
1274 4696 1344 4741 est
1368 4688 1574 4746 iustitia.-
1595 4705 1709 4743 cunt
1730 4691 1827 4745 ini-

235 4780 467 4853 quitate?
494 4789 578 4833 aut
603 4796 717 4847 qua:
737 4782 947 4836 societas
966 4782 1068 4836 luci
1093 4780 1162 4834 ad
1185 4779 1453 4838 tenebras?
1474 4780 1563 4835 l'i.
1590 4798 1704 4849 quae
1729 4800 1823 4837 au-

234 4886 337 4929 tem
363 4871 625 4927 conventio
666 4869 854 4927 Christi
892 4874 961 4926 ad
992 4870 1198 4926 Belial?
1234 4879 1325 4923 aut
1359 4886 1475 4939 quia
1522 4888 1643 4941 pars
1684 4874 1827 4941 ﬁdeli

234 4981 355 5019 cum
392 4961 588 5030 inﬁdeli
604 4960 631 5014 ?
657 4962 744 5017 16.
777 4965 862 5031 qui
895 4972 1064 5018 autem
1084 4977 1356 5018 consensus
1377 4964 1562 5029 templo
1587 4961 1685 5018 Dei
1709 4982 1826 5019 cum

232 5056 386 5111 idolis
402 5054 428 5109 1

307 5149 363 5205 '5.
392 5144 553 5202 Vides
587 5160 695 5214 quo
722 5157 877 5215 pacto
907 5148 1047 5203 nuda
1089 5148 1306 5203 nomina
1337 5147 1511 5216 ponit,
1542 5163 1661 5217 quae
1689 5153 1825 5206 satis

233 5244 347 5297 sint
387 5242 451 5295 ad
494 5255 590 5295 eos
633 5239 701 5294 ab
751 5239 1053 5309 hujusmodi
1098 5242 1260 5297 rebus
1304 5238 1658 5295 avertendos?
1705 5242 1820 5299 Non

234 5336 380 5390 enim
410 5333 563 5396 dixit,
597 5332 1055 5397 Pratwricationi,
1087 5332 1229 5403 quod
1258 5332 1376 5401 plus
1406 5337 1522 5383 erat
1542 5346 1699 5398 quam
1731 5335 1823 5388 ini-

231 5426 444 5497 quitas;
476 5440 575 5480 nec
600 5422 771 5487 dixit,
807 5422 875 5476 lis
903 5424 993 5491 qui
1033 5431 1159 5478 sunt
1187 5424 1321 5477 lucis
1346 5463 1361 5490 ,
1402 5429 1455 5475 et
1486 5421 1550 5474 iis
1578 5424 1666 5490 qui
1697 5434 1822 5478 sunt

232 5513 580 5570 tenebrarum
598 5554 616 5580 ,
648 5512 742 5569 sed
773 5526 862 5567 res
888 5513 1029 5581 ipsas
1058 5514 1197 5569 inter
1224 5526 1282 5567 se
1305 5510 1603 5567 contrarias
1632 5513 1781 5578 ponit
1803 5554 1817 5581 ,

234 5608 511 5676 talesque,
541 5615 599 5659 ut
627 5620 749 5676 qua:
774 5603 873 5659 sibi
904 5606 1174 5659 contraria
1204 5611 1327 5658 sunt
1360 5602 1508 5657 nullo
1538 5601 1698 5655 modo
1727 5605 1822 5658 ad-

234 5700 454 5753 mittere
476 5706 695 5768 queant,
726 5711 920 5768 uempc
948 5695 1120 5751 lucem
1144 5711 1209 5751 ac
1238 5695 1508 5750 tenebras.
1532 5691 1641 5748 Nec
1665 5693 1817 5761 dixit,

236 5791 306 5847 lia
345 5788 432 5859 qui
469 5796 593 5844 sunt
614 5786 848 5856 Christi,
880 5797 935 5844 et
975 5786 1040 5841 iis
1066 5788 1157 5858 qui
1184 5796 1305 5843 sunt
1329 5785 1514 5841 diabol
1595 5799 1778 5840 verum
1800 5828 1815 5851 ,

233 5880 379 5952 quod
402 5881 567 5937 multo
593 5880 848 5937 remotius
870 5889 1005 5947 erat,
1036 5880 1233 5934 Christo
1255 5889 1301 5934 ct
1327 5879 1484 5935 Belial
1559 5876 1813 5935 llcbraica

1295 454 1361 511 IN
1401 452 1610 511 EPIST.
1655 451 1699 507 ll
1765 449 1857 507 AD
1890 448 2045 506 COR.
2088 448 2312 505 llOMlL.
2355 448 2493 506 Xlll.

3433 464 3539 522 LM

1957 576 2089 618 voce
2115 573 2410 632 apostatam
2433 565 2580 620 illum
2601 566 2672 621 ita
2690 570 2981 639 appellans.
3006 574 3106 630 Aut
3124 594 3240 647 quo
3256 594 3380 651 pars
3397 584 3540 653 ﬁdeli

1954 672 2069 709 cum
2093 657 2327 725 inﬁdeli!
2356 658 2452 715 llic
2472 660 2621 729 jam,
2658 679 2725 716 ne
2753 664 2865 720 vitii
2899 675 3105 723 tantum
3132 662 3539 733 insectationem

1953 764 2017 803 ac
2042 749 2251 806 virtutis
2278 754 2798 812 commendationem
2837 763 3379 836 prosequi‘videatur,
3408 782 3536 840 per-

1953 854 2205 897 sonarum
2226 858 2439 915 quoque
2480 845 2754 903 indeﬁnite
2778 851 3039 909 meminit.
3074 853 3183 911 Nec
3208 854 3376 925 dixit,
3405 860 3539 930 Quae

1952 931 2220 987 societas?
2246 934 2363 1001 sed,
2397 934 2526 1003 Qua:
2554 938 2712 1007 pars?
2741 938 2851 994 Hoc
2880 951 2981 1007 est,
3010 945 3285 1009 pnemium
3310 963 3374 1003 ac
3394 966 3538 1007 mer-

1951 1038 2063 1082 ces.
2101 1025 2229 1092 Quis
2270 1043 2543 1083 consensus
2571 1032 2756 1098 templo
2792 1030 2889 1087 Dei
2917 1049 3032 1088 cum
3069 1036 3263 1092 idolis!
3290 1054 3377 1094 eos
3401 1043 3536 1097 srmo

1946 1119 2071 1173 estis
2116 1119 2361 1190 templum
2398 1119 2498 1177 Dei
2539 1123 2656 1176 vici.
2690 1124 2887 1180 ﬂorum
2915 1126 3200 1185 verborum
3230 1131 3319 1189 hic
3344 1148 3536 1193 sensus

1950 1222 2076 1267 est:
2105 1204 2564 1281 Quem-admodum
2608 1216 2723 1273 Rex
2765 1229 2943 1275 vester
2985 1223 3117 1277 nihil
3158 1241 3281 1282 cum
3322 1228 3537 1289 diabolo

1949 1320 2238 1361 commune
2266 1307 2454 1374 habet;
2489 1308 2508 1379 (
2528 1307 2656 1375 Qua:
2681 1310 2824 1365 enim
2870 1315 3139 1368 concordia
3181 1316 3381 1374 Christo
3420 1339 3538 1378 cum

1948 1394 2188 1469 Belial?)
2217 1397 2287 1452 ita
2318 1412 2417 1453 nec
2445 1413 2533 1453 res
2556 1399 2688 1470 ips:e
2713 1400 2851 1457 inter
2874 1418 2934 1459 se
2960 1410 3344 1464 commercium
3370 1413 3532 1469 ullum

1950 1487 2187 1542 habent:
2220 1494 2347 1555 ante
2379 1492 2519 1544 enim
2560 1492 2949 1548 communicatio
2979 1496 3079 1550 luci
3122 1512 3238 1551 cum
3279 1502 3537 1558 tenebris?

1947 1578 2178 1634 Proinde
2203 1596 2303 1636 nec
2330 1581 2483 1638 vobis
2510 1583 2674 1638 ullum
2704 1599 2825 1640 cum
2856 1586 2975 1641 istis
3004 1591 3386 1647 commercium
3414 1578 3535 1650 ceae

1946 1668 2127 1727 debet.
2161 1673 2239 1726 Ac
2282 1673 2460 1742 priore
2499 1675 2619 1730 loco
2646 1674 2846 1746 Regem
2879 1680 3058 1748 ponit,
3087 1682 3323 1738 secundo
3352 1684 3530 1757 ipsos;

1946 1758 2046 1816 hac
2067 1762 2275 1819 ratione
2298 1763 2468 1833 magis
2490 1763 2609 1818 illos
2634 1766 2978 1823 abscindens.
3007 1769 3144 1827 Tum
3165 1782 3363 1839 autem,
3388 1788 3534 1847 post-

1945 1867 2100 1923 quam
2133 1851 2286 1915 dixit,
2317 1851 2649 1921 TetnploDei
2675 1872 2790 1909 am
2812 1856 2983 1922 idolis,
3011 1868 3173 1931 atque
3190 1878 3285 1920 eos
3307 1865 3403 1923 Dei
3428 1870 3533 1926 vivi

1934 1942 2201 2011 templum
2228 1956 2348 1998 esse
2378 1945 2777 2013 pronuntiavit,
2810 1950 3118 2003 necessario
3141 1953 3253 2020 jam
3285 1956 3530 2013 testimo—

1945 2031 2089 2086 nium
2127 2048 2340 2103 quoque
2378 2033 2677 2105 subjungit,
2725 2037 3022 2095 ostendens
3066 2054 3126 2097 se
3168 2048 3533 2107 assentatione

1942 2126 2162 2181 minime
2190 2126 2286 2181 uti.
2319 2126 2451 2181 Nam
2481 2128 2568 2198 qui
2598 2128 2829 2199 aliquem
2862 2131 3075 2200 laudat,
3117 2135 3221 2190 nisi
3258 2141 3529 2207 probatio-

1942 2232 2065 2271 nem
2097 2231 2309 2287 quoque
2343 2217 2566 2286 aderat,
2598 2216 2803 2275 adulari
2836 2221 3064 2279 videtur.
3094 2224 3374 2293 Quodnam
3400 2244 3531 2301 ergo

1942 2317 2023 2362 est
2054 2308 2155 2362 hoc
2194 2309 2557 2366 testimonium
2582 2312 2605 2364 Ἰ
2636 2310 2889 2378 Quoniam
2919 2315 3209 2372 inhabitabo
3249 2319 3304 2373 in
3347 2322 3451 2378 illis
3479 2333 3530 2379 ct

1940 2396 2280 2453 inambulabo.
2316 2398 2629 2456 lnhabitabo
2651 2404 2703 2457 in
2737 2407 2953 2475 templis
2980 2417 3034 2462 et
3060 2409 3367 2479 spatiabor:
3398 2413 3530 2470 ube-

1940 2488 2135 2542 riorem
2160 2489 2411 2545 videlicet
2444 2508 2568 2562 erga
2598 2510 2694 2549 eos
2719 2496 2967 2554 allectum
2996 2501 3259 2559 indicans.
3294 2505 3360 2560 Et
3384 2518 3539 2564 erant

1939 2577 2065 2631 mihi
2092 2580 2144 2636 in
2169 2581 2434 2649 populum,
2459 2592 2608 2639 clero
2628 2584 2833 2639 illorum
2860 2586 3015 2645 Deus.
3039 2592 3179 2657 Quid
3201 2596 3524 2669 ais?inquit;

1941 2670 2108 2729 Deum
2139 2674 2190 2727 in
2221 2675 2391 2743 teipso
2420 2684 2617 2745 gestas,
2646 2685 2703 2733 et
2729 2678 2795 2733 ad
2825 2680 2945 2735 illos
2970 2686 3180 2739 curris?
3210 2687 3407 2756 Dento,
3442 2692 3528 2746 in-

1938 2777 2119 2830 quam,
2143 2765 2229 2819 cui
2249 2780 2372 2821 cum
2397 2766 2501 2821 illis
2522 2766 2649 2822 nihil
2673 2784 2959 2827 commune
2977 2773 3093 2827 est?
3116 2774 3351 2834 lueccine
3370 2781 3526 2837 venia

1938 2853 2097 2926 digna
2126 2857 2285 2911 sunt?
2308 2856 2677 2914 animadvch
2704 2860 2823 2930 quis
2862 2860 2913 2915 in
2956 2871 3010 2917 te
3047 2858 3373 2934 inambulet,
3406 2872 3526 2939 quis

1940 2949 2216 3007 inhabitet.
2266 2954 2331 3007 ΓΙ
2388 2953 2607 3025 Propter
2640 2957 2774 3025 quod
2815 2960 2942 3013 wits
2978 2960 3040 3013 de
3070 2961 3234 3015 medio
3274 2979 3449 3017 eorum
3479 2973 3527 3019 et

1938 3045 2268 3109 separamini,
2304 3055 2350 3098 et
2376 3046 2693 3101 immundum
2726 3065 2788 3103 nc
2812 3050 3109 3121 tetigeritis:
3144 3052 3231 3108 l8.
3260 3062 3308 3108 et
3334 3070 3426 3125 ego
3446 3071 3529 3109 re-

1936 3134 2125 3202 cipiant
2157 3150 2276 3198 vos,
2323 3135 2443 3188 dicit
2475 3136 2745 3193 Dominus.
2780 3139 2894 3195 Non
2933 3142 3094 3208 dixit,
3143 3143 3415 3199 lmmunda
3458 3162 3527 3203 ne

1936 3222 2159 3287 faciatis,
2193 3225 2286 3277 sed
2312 3229 2708 3283 accurationrm
2733 3231 2990 3298 majorem
3018 3234 3320 3302 requirens,
3344 3236 3419 3291 Nc
3444 3248 3525 3291 at-

1937 3313 2170 3383 tingatis,
2206 3314 2407 3385 inquit,
2441 3332 2539 3371 nec
2568 3320 3023 3391 appropinquetis.
3056 3322 3193 3389 Quid
3232 3336 3411 3379 autem
3438 3337 3523 3382 est

1935 3405 2112 3458 carnis
2142 3405 2517 3461 immunditia?
2545 3408 2911 3478 Adulterium,
2939 3419 3207 3483 stuprum,
3239 3413 3520 3485 impudici-

1937 3493 2047 3549 tia?
2074 3494 2209 3562 Quid
2235 3504 2411 3552 autem
2438 3499 2667 3553 animat?
2693 3499 2920 3570 impura:
2943 3502 3316 3573 cogitationes,
3349 3502 3535 3560 libidiJ

1936 3603 2102 3643 nosus
2126 3600 2397 3659 aspectus,
2431 3590 2747 3661 injurlarum
2774 3594 3032 3652 memoria
3050 3636 3064 3660 ,
3099 3596 3316 3652 l‘raudcs
3343 3606 3396 3652 ct
3419 3614 3525 3652 ca:-

1937 3686 2049 3733 tera
2081 3679 2404 3747 ltujusmodi.
2430 3680 2554 3738 Vult
2574 3682 2754 3751 itaque
2768 3697 2867 3737 nos
2894 3685 3159 3753 utrimque
3183 3702 3342 3752 puros
3370 3703 3513 3743 esse.

1937 3770 2169 3825 Videsne
2193 3780 2448 3839 quantum
2486 3771 2610 3825 hinc
2643 3772 2846 3841 praemii
2873 3775 3135 3827 exsistat?
3163 3774 3423 3833 Nimirum
3452 3779 3519 3833 ab

1936 3860 2193 3929 improbis
2221 3860 2457 3929 separari
2477 3902 2491 3927 ,
2521 3876 2584 3915 ac
2624 3876 2745 3915 cum
2778 3862 2887 3916 Deo
2914 3863 3186 3935 conjungi.
3222 3865 3358 3921 Audi
3400 3883 3520 3938 qum

1933 3960 2230 4023 Sequuntur
2261 3970 2274 4004 :
2306 3952 2374 4007 Et
2401 3970 2493 4023 ego
2521 3969 2605 4008 cro
2643 3954 2780 4011 vobis
2817 3955 2870 4009 in
2912 3964 3140 4023 patrem,
3172 3968 3219 4012 et
3256 3976 3342 4014 vos
3380 3961 3520 4015 eritis

1933 4044 2060 4097 mihi
2094 4045 2145 4097 in
2171 4044 2307 4113 ﬁlios
2331 4055 2379 4099 et
2403 4046 2568 4113 filias,
2594 4046 2717 4099 dicit
2748 4045 3021 4104 Dominus.
3051 4049 3277 4105 Videsne
3306 4060 3363 4105 ut
3392 4066 3517 4120 pro-

1928 4134 2092 4207 pheta
2119 4144 2436 4203 prtesentem
2481 4136 2845 4205 nobilitatem,
2890 4138 2994 4195 hoc
3023 4137 3117 4195 est
3155 4146 3514 4213 regeneratio-

1932 4239 2054 4279 nem
2085 4238 2182 4293 per
2212 4226 2469 4295 gratiam,
2511 4226 2668 4297 longe
2697 4236 2820 4282 ante
2864 4229 3137 4299 praedicat.
3172 4230 3329 4303 (Cap.
3357 4237 3433 4288 7.)
3463 4236 3515 4289 l.

1934 4316 2045 4372 Has
2069 4333 2187 4389 ergo
2208 4317 2567 4389 promissioncs
2590 4319 2848 4387 habentes,
2872 4323 3139 4377 carissimi.
3163 4324 3342 4393 Quas?
3365 4327 3517 4393 Quod

1931 4412 2159 4482 templa,
2188 4413 2329 4483 quod
2359 4413 2457 4468 Dei
2485 4413 2577 4472 lilii
2602 4429 2666 4469 ac
2701 4415 2823 4471 ﬁliae
2844 4415 3011 4471 simus
3031 4459 3046 4483 ,
3077 4416 3217 4488 quod
3250 4418 3514 4487 hospitem

1932 4507 2104 4578 ipsum
2133 4517 2189 4562 et
2234 4509 2291 4562 in
2332 4508 2488 4563 nobis
2529 4508 2958 4563 deambulantem
3007 4510 3326 4577 habeamus,
3371 4513 3514 4582 quod

1930 4599 2159 4670 populus
2198 4599 2362 4669 ipsius
2389 4599 2706 4665 efﬁciamur,
2736 4599 2876 4668 quod
2920 4601 3088 4654 Deum
3131 4600 3302 4669 ipsum
3332 4618 3393 4655 ac
3417 4618 3508 4673 pa-

1933 4698 2066 4745 trem
2098 4688 2486 4760 possideamus.
2519 4687 2865 4744 Etitundenms
2894 4707 2987 4745 nos
3022 4689 3086 4744 ab
3111 4692 3247 4744 σηιηέ
3271 4691 3484 4763 ἰηιμιίηα

1930 4792 2097 4835 tnento
2134 4781 2302 4833 carnis
2352 4789 2399 4834 et
2441 4781 2669 4850 spiritus.
2711 4781 2791 4836 Ne
2834 4783 3039 4852 impura
3084 4792 3514 4851 contrectemus;

1929 4871 2033 4926 hoc
2079 4869 2220 4925 enim
2252 4871 2430 4925 carnis
2477 4872 2935 4941 inquinamentum
2975 4883 3091 4937 est;
3140 4888 3239 4927 nec
3284 4889 3346 4927 ea
3391 4890 3513 4944 qua:

1927 4964 2161 5020 animam
2181 4964 2584 5028 contaminant;
2619 4964 2732 5019 haec
2757 4966 2955 5035 quippe
2983 4975 3066 5020 est
3087 4966 3307 5034 spiritus
3336 4968 3512 5036 impu-

1928 5055 2079 5110 ritas.
2109 5054 2178 5109 At
2212 5070 2280 5110 ne
2311 5054 2411 5108 hoc
2440 5054 2657 5123 quidem
2683 5066 2969 5109 contentus
2989 5097 3002 5118 ,
3042 5056 3344 5128 subiungit,
3381 5057 3515 5116 Pcr-

1927 5148 2151 5216 ﬁcrentes
2175 5148 2621 5217 sanctiﬁcationem
2647 5148 2699 5200 in
2725 5149 2903 5201 timore
2930 5147 3042 5204 Del.
3076 5149 3194 5203 Non
3216 5151 3358 5204 enim
3390 5152 3511 5219 puri

1927 5240 2213 5304 eﬁlcimur,
2245 5240 2288 5292 si
2322 5238 2450 5291 nihil
2483 5239 2673 5307 impuri
2704 5242 3059 5310 attingamus;
3092 5239 3186 5295 sed
3216 5241 3284 5295 ad
3324 5241 3426 5297 hoc
3454 5253 3515 5301 ut

1926 5332 2096 5386 Sancti
2136 5334 2323 5392 simus,
2366 5331 2507 5384 aliud
2541 5342 2798 5401 [meterea
2832 5334 3145 5402 requiritur,
3178 5349 3371 5405 nempe
3398 5347 3513 5392 stu-

1925 5422 2102 5484 dium,
2150 5422 2405 5483 attentio,
2440 5423 2629 5491 pietas.
2682 5421 2910 5478 Pulchre
2944 5423 3175 5489 addidit,
3227 5423 3292 5479 In
3330 5427 3511 5484 limen

1928 5510 2040 5566 Dei.
2069 5511 2209 5566 Fieri
2241 5510 2382 5565 enim
2428 5522 2639 5581 potest,
2671 5520 2729 5566 ut
2764 5517 2883 5583 quis
2912 5515 3216 5583 pudicitiam
3249 5526 3463 5587 prmetet
3486 5559 3504 5586 ,

1925 5617 2031 5656 non
2062 5612 2237 5656 tamen
2271 5601 2323 5654 id
2353 5602 2442 5657 Dei
2474 5613 2619 5657 metu
2648 5602 2839 5671 faciat,
2869 5606 2964 5660 sed
3003 5620 3070 5660 ex
3112 5607 3286 5661 inanis
3320 5608 3507 5678 gloria:

1924 5692 2125 5746 studio.
2163 5693 2352 5747 Postea
2382 5692 2523 5746 aliud
2569 5707 2665 5761 per
2695 5695 2811 5750 haec
2839 5695 3036 5760 verba,
3069 5695 3135 5749 In
3163 5697 3340 5753 timore
3369 5696 3471 5755 Dei
3486 5740 3506 5767 ,

1924 5782 2256 5849 subindicat,
2285 5782 2503 5837 modum
2533 5782 2815 5851 videlicet,
2848 5801 2955 5856 quo
2978 5789 3233 5844 sanctitas
3257 5790 3505 5860 perﬁcia-

1927 5886 2031 5931 tur.
2064 5874 2191 5930 Nam
2221 5876 2321 5931 ctsi
2350 5876 2656 5948 cupiditatis
2681 5892 2871 5950 magna
2898 5880 2979 5935 vis
3008 5880 3245 5947 tyrannis
3273 5890 3355 5940 est
3374 5924 3390 5951 ,
3418 5892 3501 5941 tae
