4568 6424
855 349 961 406 6υό
1570 338 1625 396 ε.
1663 336 1938 395 JOANNlS
1973 334 2451 396 CHRYSOSTOMI
2489 334 2808 394 ARCHIEP.
2845 335 3374 394 CONSTAM'INOP.
4040 340 4140 397 498

857 474 1002 522 men,
1036 457 1083 511 si
1118 455 1210 510 Dei
1239 453 1430 508 timorc
1456 450 1692 504 animum
1723 449 2006 520 obseptum
2033 447 2254 512 habeas,
2278 447 2446 520 ipsius

858 550 1094 605 furorem
1128 545 1408 615 infringes.
1441 543 1541 598 Per
1562 543 2042 598 sanetilicationem
2069 541 2173 597 hoc
2197 542 2314 597 loco
2339 555 2446 594 non

858 638 1164 711 pudicitiam
1194 636 1474 690 dumtaxat
1503 632 1788 703 intelligit,
1820 632 1918 687 sed
1943 632 2012 687 ab
2051 633 2196 686 omni
2228 641 2448 703 peccato

858 729 1226 785 liberationem
1260 744 1273 780 :
1303 735 1523 782 sanctus
1556 724 1702 779 enim
1728 735 1844 786 est,
1873 724 1962 793 qui
1995 724 2223 792 puritate
2251 723 2447 793 przcdi-

861 829 944 874 tus
971 829 1071 875 est.
1111 819 1283 874 Purus
1314 827 1493 871 autem
1521 828 1633 870 tum
1657 816 1876 871 demum
1895 813 2034 869 effici
2061 815 2324 885 quiSpiam
2353 829 2448 884 po-

862 912 1004 978 terit,
1035 911 1080 967 si
1102 927 1208 965 non
1232 908 1404 964 solum
1432 907 1761 963 scortatione
1790 915 1977 970 vacet,
2007 906 2099 960 sed
2130 906 2290 961 etiam
2317 921 2448 960 uva-

856 1005 1002 1069 sitia,
1029 1002 1222 1066 livore,
1253 1000 1580 1070 arrogantia,
1613 998 1757 1052 inani
1782 995 1949 1062 gloria
1983 1015 1996 1050 :
2027 1011 2089 1050 ac
2112 996 2448 1065 potissimum

859 1095 960 1152 hac
1010 1102 1315 1164 postrema,
1365 1106 1484 1160 quae
1539 1091 1592 1144 in
1648 1095 1901 1143 omnibus
1946 1087 2106 1142 rebus
2155 1087 2401 1157 fugienda
2429 1127 2446 1154 ,

855 1186 1194 1252 maximeque
1242 1183 1293 1236 in
1340 1182 1723 1251 eleemosyna;
1778 1194 1900 1232 nam
1945 1177 2289 1250 eleemosyna
2341 1192 2446 1232 non

857 1279 1046 1343 fuerit,
1076 1278 1118 1331 si
1148 1277 1248 1330 hoc
1287 1273 1476 1330 morbo
1514 1271 1758 1337 laboret,
1791 1271 1884 1326 sed
1910 1271 2200 1326 ostentatio
2225 1280 2280 1326 et
2320 1286 2446 1325 cru-

854 1369 1067 1424 delius.

929 1458 1268 1528 Eleensosyna
1294 1454 1630 1510 ostentatione
1650 1460 1820 1506 careat
1839 1461 2054 1521 Oportet.
2074 1484 2146 1493 —
2165 1452 2294 1508 Nam
2322 1469 2445 1511 cum

855 1553 921 1608 ad
952 1550 1284 1622 largiendum
1314 1564 1420 1604 non
1467 1547 1841 1612 miseratione,
1874 1547 1968 1602 sed
2015 1547 2256 1604 beneficii
2298 1548 2448 1603 evul-

851 1643 1016 1716 gandi
1059 1643 1238 1700 studio
1273 1640 1518 1707 duceris,
1552 1656 1658 1695 non
1691 1641 1852 1696 modo
1879 1641 1930 1695 id
1973 1640 2314 1712 eleemosyna
2341 1657 2446 1695 non

857 1747 962 1804 est,
991 1737 1086 1792 sed
1108 1736 1269 1791 etiam
1291 1733 1614 1790 contumelia
1644 1752 1657 1788 :
1687 1732 1904 1788 fratrem
1925 1734 2123 1804 quippe
2145 1732 2442 1788 traduxisti.

860 1828 1091 1884 Proinde
1119 1821 1225 1881 nun
1266 1826 1521 1896 pecunias
1549 1824 1920 1881 tantummodo
1945 1824 2078 1880 dare
2105 1825 2447 1895 eleemosyna

856 1930 940 1977 est
957 1963 972 1985 ,
999 1920 1092 1975 sed
1121 1935 1188 1976 ex
1214 1918 1688 1975 commiseratione
1708 1917 1859 1972 dare.
1902 1915 2345 1986 Quandoquidem
2375 1917 2446 1979 ii,

855 2013 943 2083 qui
973 2011 1024 2065 in
1054 2010 1278 2066 theatris
1303 2016 1585 2080 spectant,
1617 2015 1728 2062 tum
1759 2006 1980 2061 cina-dis
2007 2006 2304 2075 largiuntur
2338 2016 2448 2061 tum

857 2105 971 2159 aliis
1001 2104 1088 2174 qui
1130 2103 1183 2157 in
1227 2115 1390 2156 scena
1419 2107 1726 2162 versantur,
1753 2112 1853 2152 nec
1880 2107 2056 2151 tamen
2087 2112 2149 2151 ea
2193 2111 2279 2152 res
2307 2097 2451 2153 elee-

864 2208 1087 2264 tuosyna
1123 2201 1238 2256 est;
1267 2199 1326 2244 et
1351 2188 1440 2259 qui
1470 2202 1592 2242 eum
1621 2187 1813 2240 scortis
1840 2186 2278 2257 congrediuntur,
2322 2189 2451 2242 dant

859 2281 1076 2352 quidem
1119 2281 1246 2334 item
1268 2319 1285 2343 ,
1337 2292 1438 2333 nec
1473 2286 1649 2332 tamen
1697 2277 1999 2332 humanitas
2028 2276 2078 2332 id
2107 2277 2209 2333 dici
2238 2287 2446 2347 potest,

857 2371 953 2428 sed
999 2370 1342 2426 contumelia.
1393 2369 1529 2423 Huic
1569 2382 1732 2438 porro
1773 2383 1878 2423 non
1923 2368 2200 2426 dissimilis
2231 2378 2317 2425 est
2357 2372 2447 2439 qui

856 2463 1043 2534 gloria:
1067 2462 1362 2531 cupiditate
1392 2461 1620 2517 laborat.
1649 2460 1802 2516 Sicut
1819 2461 1963 2516 enim
1989 2461 2098 2522 ille.
2128 2476 2250 2515 cum
2278 2476 2450 2516 mere-

859 2556 979 2610 trici
1009 2565 1255 2625 stuprum
1284 2554 1480 2618 intulit,
1508 2554 1848 2608 contumeliae
1875 2551 2180 2607 mercedem
2205 2553 2304 2622 ipsi
2329 2567 2451 2622 per-

858 2651 1019 2706 solvit
1047 2668 1061 2704 :
1096 2651 1165 2705 ita
1199 2661 1254 2705 tu
1281 2665 1494 2721 quoque
1522 2649 1589 2702 ab
1615 2662 1683 2703 eo
1712 2648 1883 2716 exigis
1905 2688 1920 2711 ,
1952 2649 2040 2716 qui
2069 2647 2446 2701 contumeliam

859 2743 1087 2810 accepit,
1123 2742 1326 2810 tibique
1351 2739 1510 2794 simul
1532 2748 1692 2806 atque
1723 2737 1797 2790 illi
1825 2737 2058 2792 sinistrae
2083 2736 2239 2792 famae
2266 2746 2447 2793 notam

859 2834 1124 2889 inurisac
1165 2842 1424 2901 praeterea
1457 2827 1683 2896 majori,
1716 2841 1874 2896 quam
1916 2826 2022 2881 dici
2049 2837 2208 2897 queat
2230 2869 2245 2894 ,
2278 2827 2447 2884 detri-

859 2931 1045 2978 mento
1071 2923 1300 2990 teipsum
1339 2918 1529 2973 efficis.
1569 2916 1637 2973 Ut
1678 2917 1821 2971 enim
1853 2918 2028 2973 bellua
2050 2919 2292 2988 quaedam
2313 2963 2329 2990 ,
2357 2931 2450 2977 aut

859 3012 1009 3066 canis
1034 3011 1252 3078 rabidus
1280 3009 1520 3063 insiliens
1546 3026 1559 3062 :
1592 3007 1662 3062 ita
1691 3008 1986 3080 ﬂagitiosus
2013 3009 2100 3065 hic
2128 3011 2344 3066 morbus
2365 3022 2449 3067 at-

861 3119 966 3174 que
995 3103 1111 3157 haec
1150 3101 1512 3157 inhumanitas
1540 3101 1681 3157 bona
1718 3112 1898 3157 nostra
1931 3103 2086 3158 nobis
2129 3104 2288 3175 eripit
2319 3123 2333 3160 :
2368 3107 2450 3162 in-

861 3193 1166 3249 humanitas
1191 3195 1389 3265 quippe
1416 3210 1480 3249 ac
1505 3194 1706 3250 szevitia
1745 3203 1827 3250 est
1854 3196 1971 3250 hare
1999 3212 2120 3260 res;
2152 3197 2260 3250 imo
2286 3201 2449 3253 etiam

862 3289 1036 3345 scelus
1076 3304 1137 3343 ea
1166 3289 1399 3359 gravius.
1442 3288 1574 3342 Nam
1602 3288 1690 3357 qui
1719 3287 1952 3341 crudelis
1981 3298 2092 3351 est,
2127 3289 2304 3356 egenti
2335 3290 2452 3359 qui-

859 3381 983 3437 dem
1017 3381 1146 3436 nihil
1178 3380 1447 3448 impertit;
1488 3389 1544 3432 at
1575 3387 1628 3430 tu
1672 3377 1822 3446 pejus
1861 3393 1928 3433 eo
1969 3378 2095 3433 facis
2127 3397 2140 3434 :
2172 3380 2236 3434 iis
2273 3382 2417 3435 enim

859 3475 948 3544 qui
990 3474 1120 3527 dare
1158 3471 1342 3524 volunt
1387 3468 1773 3540 impedimento
1803 3484 1882 3523 es.
1932 3468 2061 3524 Nam
2103 3487 2226 3526 cum
2259 3488 2453 3527 munus

863 3575 1010 3619 tuum
1042 3563 1208 3630 jactas
1231 3569 1392 3629 atque
1416 3559 1467 3618 in
1493 3559 1682 3630 vulgus
1707 3558 1890 3629 effers,
1918 3559 2077 3616 simul
2103 3573 2157 3616 et
2181 3564 2450 3633 accipien-

862 3661 932 3711 tis
973 3654 1169 3709 famam
1199 3651 1347 3708 doles
1369 3695 1383 3719 ,
1431 3660 1487 3707 et
1528 3668 1649 3708 cum
1693 3652 1784 3732 qui
1825 3651 1956 3708 dare
1984 3664 2164 3724 parat,
2197 3655 2243 3712 si
2273 3657 2450 3727 ignavi

863 3747 1025 3802 animi
1049 3745 1227 3810 fuerit,
1253 3745 1522 3815 reprimis.
1547 3744 1732 3816 Neque
1751 3747 1893 3801 enim
1905 3745 2016 3816 jam
2040 3748 2088 3801 ei
2113 3749 2332 3802 daturus
2347 3759 2450 3816 est,

866 3849 921 3892 ut
964 3837 1055 3909 qui
1080 3837 1189 3907 jam
1219 3828 1490 3907 acceperit
1532 3852 1632 3890 nec
1674 3836 1895 3904 perinde
1935 3845 2126 3904 egeat,
2158 3837 2255 3891 sed
2302 3839 2451 3893 illum

862 3947 1005 4002 sape
1034 3925 1407 3989 insectabitur,
1440 3927 1486 3978 si
1530 3933 1809 3996 postquam
1831 3925 2100 3995 acceperit
2121 3925 2368 3996 accedat,
2402 3940 2457 3985 et

863 4021 1230 4093 uupudentetn
1249 4008 1493 4073 habebit.

936 4114 988 4168 4.
1024 4109 1211 4168 Contra
1239 4110 1608 4182 eleemosynam
1630 4125 1694 4165 ex
1718 4110 2051 4166 ostentatione
2070 4116 2278 4183 factam.
2311 4114 2456 4172 Pau-

865 4220 1007 4275 peres
1034 4201 1284 4273 feliciores
1320 4210 1437 4254 sunt
1465 4199 1702 4254 divitibus
1732 4200 1786 4254 in
1827 4200 1974 4255 rebus
2002 4199 2071 4254 ad
2095 4203 2309 4258 salutem
2341 4224 2456 4274 per.

873 4291 1420 4361 tinentibus.—-Ecqua
1448 4304 1579 4360 ergo
1612 4289 1957 4360 eleemosyna
1983 4289 2099 4344 lucc
2124 4302 2363 4357 est,cum
2401 4306 2456 4352 et

867 4388 1095 4458 teipsum
1115 4393 1168 4440 et
1191 4397 1312 4437 eum
1336 4382 1424 4451 qui
1452 4382 1644 4451 accipit
1665 4379 1936 4436 dedecore
1955 4381 2150 4450 amcis,
2172 4393 2227 4438 et
2253 4385 2453 4455 duplici

819 4537 825 4544 ,
864 4493 1076 4552 quoque
1108 4473 1321 4529 nomine
1350 4487 1469 4526 eus:
1495 4514 1508 4526 .
1539 4471 1627 4542 qui
1675 4468 1778 4526 hoc
1820 4470 1987 4527 edixit
2017 4487 2030 4527 :
2063 4474 2186 4545 quia
2216 4490 2281 4530 eo
2311 4477 2456 4532 elee-

867 4582 1106 4641 mosynze
1135 4575 1238 4621 tune
1277 4574 1582 4635 ..-,..ertatnre
1607 4581 1712 4619 non
1741 4576 2026 4622 contentus
2047 4608 2059 4631 ,
2103 4569 2287 4624 oculos
2317 4585 2452 4640 quo»

862 4678 966 4733 que.
999 4674 1378 4718 conservrum
1406 4673 1508 4728 pra
1549 4672 1603 4712 tr
1634 4675 1755 4713 ωτι)
1780 4659 2024 4728 requiris,
2056 4671 2111 4714 et
2138 4661 2260 4730 quia
2283 4677 2452 4732 .egem

864 4756 930 4810 ιιι)
956 4768 1019 4810 es)
1051 4754 1371 4813 institutam,
1401 4766 1503 4820 qua
1530 4750 1580 4804 id
1605 4749 1752 4817 probi
1785 4765 1936 4815 retur,
1965 4752 2168 4806 violas?
2195 4753 2451 4808 Volebam

863 4847 963 4900 alia
985 4860 1198 4915 quoque
1218 4843 1490 4912 persequi,
1525 4840 1669 4894 velut
1692 4845 1860 4909 jrguut
1983 4851 2036 4895 nt
2066 4888 2074 4908 ι
2104 4847 2449 4915 ,ecationem,

752 4927 765 4936 ’
863 4955 925 4992 ac
952 4945 1202 5007 quantam
1250 4933 1362 4988 illic
1389 4946 1598 5001 quoque
1631 4931 1807 4986 iras-ris
1835 4933 2020 5002 gicrtac
2052 4935 2283 4990 sartum
2327 4954 2452 5009 per-

863 5031 1055 5086 mciem
1077 5027 1280 5092 agi-cmi,
1314 5026 1712 5089 demonstrare;
1750 5040 1936 5080 wrum
1968 5027 2018 5080 in
2049 5039 2278 5083 ruentem
2317 5032 2452 5086 mihi

863 5123 1029 5189 venit,
1057 5137 1142 5174 me
1165 5119 1773 5190 sermonemquemdam
1795 5119 2154 5174 necessarium
2180 5123 2454 5191 superiore

845 5214 1223 5283 'diSpntatione
1241 5227 1346 5264 non
1363 5211 1678 5266 absolvisse.
1703 5209 1768 5263 Et
1785 5211 1907 5279 quis
1931 5211 2143 5267 tandem
2167 5211 2254 5268 hic
2275 5229 2454 5269 sermo

863 5305 1018 5363 erat?
1048 5303 1298 5358 Dicebam
1325 5302 1549 5364 scilicet,
1568 5301 1709 5372 quod
1736 5315 1998 5372 pauperes
2020 5303 2180 5357 etiam
2211 5304 2264 5357 in
2289 5306 2454 5360 rebus

865 5395 1206 5466 temporariis
1250 5393 1457 5448 meliori
1505 5394 1814 5448 conditione
1856 5393 1997 5458 sint,
2039 5411 2198 5465 quam
2230 5396 2448 5461 divites,

865 5504 983 5543 cum
1016 5487 1083 5539 de
1125 5486 1352 5540 sanitate
1390 5498 1452 5537 ac
1487 5485 1669 5539 laetitia
1709 5485 1869 5539 verba
1902 5483 2130 5539 facerem
2163 5504 2175 5539 :
2208 5496 2368 5551 atque
2399 5487 2451 5541 id

865 5588 1044 5647 aperte
1071 5575 1562 5634 demonstrabatur.
1590 5577 1701 5645 Age
1721 5577 1899 5646 itaque
1923 5575 2082 5631 hodie
2106 5576 2205 5632 hoe
2233 5577 2450 5645 [ianum

865 5667 1139 5732 faciamus,
1167 5683 1261 5721 eos
1289 5682 1393 5720 non
1419 5667 1469 5719 in
1499 5666 1845 5722 smeularibus
1870 5666 2051 5731 modo,
2079 5667 2172 5721 sed
2202 5681 2253 5722 tu
2286 5669 2452 5722 subli-

859 5757 1114 5814 mioribus
1139 5772 1351 5830 quoque
1381 5757 1544 5812 rebus
1571 5759 1877 5828 superiores
1909 5768 2086 5829 partes
2116 5758 2277 5816 ferre.
2315 5759 2444 5816 Utra

2556 447 2700 504 enim
2728 449 2794 505 ad
2823 450 3077 505 calorum
3107 465 3330 524 regnum
3359 452 3580 518 inducit,
3613 455 3882 525 opulentia
3908 470 3976 511 an
4006 473 4140 526 pan.

2555 541 2771 608 pertas?
2801 541 2883 595 Ab
2911 541 3027 612 ipso
3051 542 3308 597 calorum
3343 542 3567 598 Domino
3591 546 3870 601 audiamus
3895 565 3909 602 :
3941 546 4011 603 de
4039 547 4140 604 illis

2551 629 2696 684 enim
2724 631 2818 698 ait,
2852 630 3060 687 facilius
3087 647 3210 688 esse
3238 633 3501 688 camelum
3535 636 3751 692 introire
3783 653 3876 707 per
3899 638 4142 693 foramt-n

2551 733 2710 784 acus,
2744 736 2904 790 quam
2936 720 3149 778 divitem
3184 723 3238 778 in
3267 739 3491 795 regnum
3525 726 3811 794 czelorum;
3843 728 3909 783 de
3941 743 4143 799 paupe-

2554 809 2705 865 ribus
2747 823 2925 866 autem
2969 823 3159 869 contra
3195 815 3458 870 omnino:
3511 817 3574 872 Si
3616 819 3757 872 enim
3786 821 3890 886 bis,
3939 822 4145 890 inquit,

2555 902 2808 971 perfectus
2841 920 2978 966 esse,
3020 906 3177 959 vende
3194 921 3308 976 quae
3329 905 3514 973 habes,
3555 918 3604 960 et
3631 908 3694 960 da
3723 911 4064 979 pauperibus,
4098 921 4150 964 es

2554 992 2684 1057 vati,
2717 1009 2922 1062 sequere
2943 1011 3039 1060 me,
3069 1005 3114 1050 et
3139 995 3340 1050 habebis
3369 998 3660 1052 thesaurum
3686 1000 3738 1052 in
3759 1001 3895 1055 colis
3923 1001 4144 1060 (Matth.

2556 1084 2643 1138 l9.
2671 1085 2763 1139 24.
2791 1086 2905 1158 21).
2935 1086 3088 1154 Quod
3117 1088 3162 1143 si
3205 1089 3410 1157 placet,
3441 1089 3545 1145 alia
3572 1105 3785 1160 quoque
3816 1092 4024 1146 ratione
4055 1093 4107 1146 id
4129 1134 4145 1158 ,

2551 1175 2694 1244 quod
2716 1191 2744 1229 a
2777 1176 2930 1232 nobis
2955 1177 3153 1232 dictum
3179 1189 3282 1244 est,
3307 1179 3726 1235 consideremus.
3754 1182 3929 1247 Arcto,
3951 1183 4152 1253 inquit,

2554 1278 2598 1318 et
2626 1281 2842 1336 angusta
2864 1279 2937 1322 est
2967 1269 3078 1334 via,
3108 1287 3221 1340 qua:
3247 1272 3384 1326 ducit
3407 1273 3476 1325 ad
3509 1274 3661 1325 vitam
3689 1274 3707 1342 (
3730 1271 3916 1326 Matth.
3953 1275 4004 1328 ἲ.
4033 1276 4148 1345 Η).

2554 1358 2685 1413 Uter
2708 1375 2837 1430 ergo
2869 1375 2964 1429 per
2993 1373 3196 1415 arctam
3227 1363 3364 1416 viam
3396 1363 3497 1416 iter
3519 1362 3673 1429 facit,
3702 1364 3818 1419 isne
3844 1366 3933 1434 qui
3968 1365 4021 1418 in
4053 1365 4152 1420 dc-

2554 1450 2708 1518 lieiis,
2742 1468 2808 1506 an
2839 1453 2929 1523 qui
2960 1453 3012 1508 in
3040 1462 3282 1523 egestate
3315 1455 3492 1525 degit?
3520 1456 3635 1511 isne
3659 1457 3750 1527 qui
3774 1458 3923 1512 solus
3947 1469 4052 1524 est,
4079 1475 4154 1514 an

2552 1545 2643 1614 qui
2672 1545 2904 1600 infinitas
2943 1548 3180 1602 sarcinas
3207 1548 3421 1618 gestat?
3447 1549 3536 1618 qui
3563 1549 3740 1604 mollis
3775 1559 3859 1603 est
3887 1566 3949 1605 ac
3973 1550 4164 1605 disse--

2555 1633 2697 1688 lutus
2717 1675 2732 1700 ,
2772 1650 2840 1689 an
2881 1637 2970 1705 qui
2999 1637 3144 1691 curis
3168 1652 3231 1690 ac
3260 1637 3711 1693 sollicitudinibus
3741 1639 4012 1696 afficitur?
4048 1641 4156 1696 Ve-

2554 1742 2672 1781 rum
2699 1727 2824 1797 quid
2853 1728 3032 1784 verbis
3058 1743 3195 1799 opus
3219 1738 3323 1794 est,
3353 1745 3476 1783 cum
3507 1730 3572 1783 ad
3601 1746 3857 1797 personas
3887 1732 4034 1802 ipsas
4061 1750 4158 1787 ve-

2555 1822 2670 1875 nire
2697 1822 2894 1876 liceat?
2935 1821 3142 1891 Pauper
3179 1830 3294 1876 erat
3331 1822 3591 1887 Lazarus,
3626 1831 3681 1876 et
3724 1823 3877 1878 valde
3909 1840 4150 1894 panper;

2556 1911 2708 1965 dives
2734 1919 2923 1965 contra
2954 1911 3000 1965 is
3021 1953 3036 1978 ,
3064 1912 3153 1981 qni
3182 1913 3235 1966 in
3266 1911 3470 1965 foribus
3491 1913 3758 1980 jacentem
3792 1915 4107 1982 prmteribat—
4133 1932 4156 1970 :

2555 2010 2673 2053 uter
2700 1999 2753 2053 in
2781 2013 3003 2068 regnum
3027 1999 3280 2054 czelorum
3307 1999 3580 2069 ingressus
3601 2009 3703 2066 est,
3727 2011 3887 2071 atque
3913 2001 4156 2058 Abrabu:

2555 2092 2673 2145 sinu
2716 2089 3034 2145 deiiciatur?
3066 2098 3184 2145 uter
3212 2105 3400 2145 rursus
3431 2092 3484 2145 in
3525 2090 3754 2147 flammis
3784 2095 4158 2159 excruciatus,

2553 2197 2618 2237 ac
2640 2197 2707 2237 ne
2728 2183 2926 2236 stillam
2953 2183 3166 2252 quidem
3195 2197 3347 2251 aqua:
3373 2184 3626 2253 consequi
3650 2185 3865 2253 potest?
3893 2189 3960 2239 At
3986 2187 4155 2241 etiam

2554 2287 2819 2343 pauperes
2853 2274 3092 2342 plerique
3121 2273 3344 2342 perituri
3389 2283 3513 2327 sunt
3536 2315 3551 2340 ,
3602 2275 3776 2343 inquis
3806 2293 3820 2328 :
3868 2291 3931 2330 ac
3959 2286 4151 2331 coittta

2553 2365 2747 2419 divites
2777 2364 2928 2418 multi
2958 2364 3169 2418 arcanis
3199 2364 3305 2416 illis
3335 2363 3489 2419 bonis
3521 2365 3785 2424 fruentur.
3820 2366 3931 2420 lmo
3959 2379 4154 2421 contra

2553 2470 2777 2511 cernere
2802 2463 2912 2518 est,
2947 2470 3145 2524 paucos
3172 2455 3387 2526 quidem
3414 2456 3608 2512 divites
3629 2500 3643 2523 ,
3677 2473 3939 2529 pauperes
3969 2470 4152 2515 autem

2555 2545 2725 2600 multo
2749 2545 2933 2616 plures
2956 2546 3022 2600 ad
3047 2546 3270 2600 salutem
3305 2549 3601 2615 pervenire.
3635 2553 3709 2602 Ac
3741 2548 3896 2602 velim
3923 2544 4152 2620 diligen-

2556 2647 2640 2694 ter
2667 2637 2976 2693 consideres
3006 2637 3129 2693 hinc
3153 2654 3312 2709 opum
3342 2638 3744 2708 impedimenta,
3775 2640 3897 2696 hinc
3921 2629 4157 2712 pauper-

2555 2732 2679 2784 tatis
2701 2732 2846 2784 vitia.
2879 2730 3212 2800 Quamquam
3244 2746 3344 2786 nec
3368 2745 3530 2801 apum
3554 2747 3651 2787 nec
3676 2734 4012 2803 paupertatis
4035 2733 4158 2789 h.t~c

2553 2823 2678 2878 vitia
2699 2832 2844 2891 sunt,
2875 2824 2968 2878 sed
2996 2833 3280 2894 utrumque
3306 2840 3514 2889 eorum,
3543 2825 3631 2893 qui
3656 2826 3736 2877 his
3759 2825 3965 2894 pr:rditi
3991 2837 4152 2881 sunt:

2556 2916 2650 2970 sed
2680 2925 2856 2970 tamen
2883 2925 3060 2970 utrum
3090 2932 3120 2970 e
3149 2916 3358 2970 duobus
3393 2917 3554 2971 telum
3586 2918 3789 2972 firmius
3818 2920 4046 2985 muniat,
4076 2923 4158 2976 vi-

2554 3006 2800 3062 deamus.
2839 3006 3118 3074 Quodnam
3147 3007 3333 3061 vitium
3367 3020 3649 3077 paupertas
3677 3010 3876 3066 habere
3905 3011 4158 3067 videtur?

2555 3098 2913 3154 Mendacium.
2955 3099 3232 3165 Quodnam
3277 3113 3464 3153 rursus
3507 3098 3744 3153 divitim?
3787 3100 4110 3170 Superbiam
4139 3146 4158 3170 ,

2557 3190 2820 3242 malorum
2852 3190 3092 3242 omnium
3133 3199 3360 3242 matrem
3382 3229 3397 3253 ,
3438 3204 3559 3257 qua:
3599 3191 3760 3242 etiam
3790 3189 4065 3246 diabolum
4098 3205 4164 3248 ut

2557 3280 2802 3334 diabolus
2826 3289 2990 3345 esset,
3021 3294 3143 3334 cum
3177 3282 3326 3349 prius
3352 3280 3473 3334 talis
3503 3282 3723 3335 minime
3749 3294 3919 3349 esset,
3947 3283 4156 3341 ell‘eeit.

2558 3372 2766 3425 Rursus
2794 3371 3054 3425 malorum
3081 3371 3320 3426 omnium
3351 3371 3500 3426 radix
3539 3382 3621 3428 est
3649 3373 3870 3428 avaritia
3903 3376 3982 3445 (l.
4017 3376 4159 3431 Tim.

2559 3462 2614 3518 6.
2648 3462 2734 3520 l0)
2765 3481 2776 3515 :
2813 3473 2930 3517 uter
2960 3463 3139 3533 itaque
3169 3464 3293 3518 huic
3337 3464 3501 3520 radici
3530 3467 3756 3521 vicinior
3783 3480 3895 3536 est,
3927 3468 4165 3527 divesne

2558 3573 2624 3611 an
2650 3557 2892 3628 pauper?
2924 3557 3081 3614 Dives
3110 3559 3462 3628 proculdubio
3491 3579 3504 3614 :
3536 3577 3641 3630 quo
3663 3563 3806 3617 enim
3837 3564 3953 3633 quis
3981 3567 4168 3633 pluri~

2561 3652 2659 3706 bus
2691 3652 2883 3721 opibus
2907 3652 3140 3722 undique
3165 3654 3372 3708 cinctus
3394 3664 3496 3717 est,
3527 3669 3592 3708 eo
3622 3656 3798 3723 plures
3819 3657 4044 3724 expetit.
4077 3660 4165 3720 Ad

2563 3747 2678 3800 haec
2711 3749 2884 3802 inanis
2911 3749 3098 3818 gloria:
3127 3747 3362 3802 studium
3392 3760 3673 3803 scxcentas
3699 3749 3918 3804 virtutes
3947 3749 4172 3804 labefa-

2559 3846 2668 3890 ctat
2693 3857 2705 3892 :
2735 3846 2791 3892 at
2823 3853 2929 3893 non
2967 3838 3154 3908 procul
3200 3838 3325 3893 item
3356 3838 3424 3891 ab
3465 3838 3565 3890 hac
3602 3839 3759 3893 sedes
3790 3837 3946 3895 habet
3972 3840 4165 3897 dives.

2559 3925 2696 3990 Quid
2717 3938 2902 3983 autem
2925 3971 2940 3992 ,
2975 3928 3424 3998 inquit,pauperis
3452 3927 3788 3983 incommoda
3819 3943 3923 3983 non
3949 3931 4127 3987 aﬂ‘ers
4151 3975 4167 3997 ,

2560 4018 2908 4073 afllictionem
2948 4017 3196 4072 videlicet
3233 4028 3395 4087 atque
3437 4019 3767 4088 angustiam!
3809 4024 3875 4075 At
3916 4020 4038 4077 hac
4083 4025 4170 4079 illi

2559 4124 2682 4166 cum
2720 4109 2884 4164 divite
2920 4118 3046 4163 sunt
3088 4109 3430 4166 communia:
3483 4108 3592 4163 imo
3630 4110 3790 4166 etiam
3834 4111 4044 4181 majore
4095 4132 4170 4171 ex

2559 4210 2714 4272 parte
2745 4199 2902 4270 hujus
2928 4210 3072 4261 sunt.
3105 4214 3260 4268 qttam
3292 4199 3454 4254 illius.
3487 4198 3561 4254 lta
3590 4200 3666 4266 fit,
3697 4210 3890 4272 utquze
3919 4217 4172 4274 pauper-

2562 4293 2686 4348 tatis
2734 4289 2873 4345 mala
2903 4305 3025 4345 esse
3068 4288 3336 4358 videntur,
3371 4290 3646 4361 uti-"iuSque
3673 4293 3969 4348 communia
4005 4296 4167 4362 sint;

2561 4399 2681 4454 qua:
2724 4389 2902 4436 autem
2945 4381 3246 4435 divitiarum
3275 4421 3288 4445 ,
3339 4394 3399 4434 ea
3446 4381 3666 4437 divitem
3706 4382 3878 4438 solum
3923 4397 4168 4442 vexeut.

2560 4476 2695 4543 Quid
2725 4490 2872 4541 vero,
2900 4474 3127 4544 inquies,
3157 4488 3277 4526 cum
3304 4486 3507 4541 pauper
3529 4474 3599 4527 ob
3618 4489 3797 4529 rerum
3821 4480 4173 4534 necessaria-

2561 4586 2679 4624 rum
2732 4571 3010 4640 penuriam
3061 4567 3225 4621 multa
3274 4566 3476 4621 scelera
3524 4569 3838 4637 perpetrat?
3867 4571 3932 4622 At
3966 4572 4173 4628 nullus

2561 4676 2764 4731 pauper
2793 4670 2871 4713 tot
2894 4659 3097 4714 scelera
3123 4657 3191 4713 ob
3211 4666 3502 4727 egestatem
3528 4655 3779 4719 admittit,
3806 4665 3933 4725 quot
3951 4657 4172 4720 divites

2559 4751 2629 4805 ob
2654 4749 2859 4818 amplas
2887 4758 2940 4803 et
2967 4750 3161 4805 uberes
3188 4764 3322 4818 opes
3345 4748 3654 4805 admittunt.
3686 4755 3744 4802 et
3767 4764 3832 4803 ne
3859 4763 3973 4819 quae
3997 4749 4170 4810 domi

2560 4853 2813 4913 congesta
2839 4840 3040 4897 habent
3065 4841 3330 4896 amittant.
3358 4839 3541 4910 Neque
3562 4838 3704 4894 enim
3737 4854 3932 4909 pauper
3958 4855 4171 4900 neces.

2560 4938 2699 4991 s-tria
2746 4933 2969 5006 perinde
3012 4936 3243 5005 expetit,
3279 4943 3334 4987 ut
3379 4933 3530 4988 dives
3568 4947 3998 5002 supervacanea;
4057 4954 4170 4995 nec

2562 5044 2748 5082 rursus
2776 5037 2977 5081 tantum
3109 5024 3506 5095 imptobitatem
3539 5025 3888 5080 exercendam
3917 5026 4069 5083 viam
4099 5046 4172 5088 ae

2560 5120 2864 5177 facultatem
2908 5120 3103 5186 habet,
3149 5128 3401 5189 quantam
3450 5117 3560 5171 ille.
3593 5116 3824 5175 Proinde
3851 5122 3896 5176 si
3944 5130 3997 5175 et
4042 5127 4171 5180 vult

2560 5212 2729 5282 magis
2753 5223 2807 5268 et
2833 5213 2951 5283 plus
2980 5221 3178 5281 potest,
3213 5209 3382 5279 liquet
3405 5207 3644 5276 profecto
3667 5212 3807 5282 quod
3832 5213 3980 5281 piura
4006 5230 4168 5284 quo.

2559 5320 2663 5373 que
2687 5303 3006 5374 designabit.
3037 5301 3220 5368 Neque
3246 5301 3386 5354 enim
3415 5316 3618 5371 pauper
3645 5302 3838 5360 famem
3872 5306 3941 5359 ita
3972 5305 4165 5363 refor.

2560 5397 2747 5464 tnidat,
2780 5409 2837 5453 ut
2862 5397 3016 5455 dives
3042 5403 3188 5449 metu
3218 5394 3584 5450 contremiscit
3612 5411 3677 5451 ac
3709 5412 3849 5467 pene
3868 5397 4167 5454 exanima-

2562 5497 2666 5550 tur,
2696 5505 2760 5542 ne
2784 5489 2920 5542 bona
2939 5486 2988 5541 ei
3011 5501 3104 5540 sua
3131 5492 3369 5553 pereant,
3391 5495 3444 5540 et
3460 5487 3813 5542 discruciatur
3833 5503 3892 5543 se
3912 5489 4164 5546 nondum

2560 5577 2738 5631 omnia
2765 5577 3010 5654 omnium
3040 5575 3176 5629 bona
3204 5577 3494 5643 accepisse.
3529 5575 3763 5632 Proinde
3783 5592 3906 5631 cum
3930 5586 3987 5632 et
4008 5578 4164 5637 inani

2559 5669 2744 5737 gloriae
2767 5678 2821 5723 et
2843 5665 3109 5736 superbia:
3125 5674 3179 5719 et
3192 5665 3448 5730 avaritiae,
3471 5682 3595 5737 qua:
3618 5667 3880 5723 malorum
3909 5673 4164 5728 omnium

2563 5759 2711 5814 radix
2741 5767 2838 5827 cst,
2874 5756 3221 5829 propinquior
3241 5757 3340 5824 sit;
3371 5772 3529 5829 quam
3549 5758 3762 5815 tandem
3792 5758 3983 5816 salutis
4002 5775 4166 5833 spem

4289 116 4307 398 π

4303 1031 4307 1186 1
