4568 6424
369 423 473 478 497

366 535 646 591 habiturus
675 541 791 597 est,
835 531 937 587 nisi
971 529 1193 600 insignis
1233 526 1512 597 cujusdam
1539 526 1750 582 virtutis
1778 523 1951 594 speci-

365 644 488 683 men
512 625 678 682 edat‘l
706 638 940 695 quonam
962 620 1123 677 modo
1148 636 1243 691 per
1258 629 1462 674 arctam
1486 619 1624 671 viam
1647 612 1956 687 gradietur?

362 719 494 785 Qtue
519 732 645 771 cum
675 716 746 771 ita
774 716 900 779 sint,
926 714 1066 784 vulgi
1090 711 1372 782 Opiniones
1399 726 1468 765 ne
1490 706 1951 772 circumferamus,

362 808 460 865 sed
488 824 577 863 res
622 810 766 878 ipsas
793 804 1178 875 expendamus.
1212 804 1403 858 Annon
1433 799 1723 856 absurdum
1765 797 1949 861 fuerit,

366 915 487 966 nos,
514 914 635 955 eum
664 899 731 955 de
757 896 998 968 pecuniis
1025 895 1220 968 agitur,
1252 893 1373 949 aliis
1406 892 1563 947 fidem
1594 904 1699 944 non
1728 887 1948 953 habere,

355 992 450 1048 sed
481 1006 707 1047 numero
734 1000 789 1047 et
816 991 1025 1045 calculo
1056 990 1105 1044 id
1134 986 1500 1048 committere;
1528 999 1651 1039 cum
1677 991 1854 1036 autem
1885 981 1952 1035 de

354 1084 518 1139 rebus
543 1083 888 1154 judicandum
928 1091 1039 1147 est,
1085 1082 1136 1135 in
1181 1080 1414 1135 aliorum
1438 1075 1718 1146 opiniones
1747 1083 1949 1128 tt-mere

354 1174 524 1239 trahi;
557 1174 718 1244 idque
744 1187 866 1228 cum
898 1185 1141 1228 exactam
1174 1184 1355 1225 rerum
1384 1166 1623 1222 omnium
1652 1165 1860 1218 lancem
1884 1178 1949 1216 ac

349 1283 595 1324 normam
630 1278 684 1324 et
727 1266 983 1323 amussim
1034 1265 1359 1328 habeamus,
1409 1274 1602 1328 nempe
1643 1258 1934 1311 divinarnn

1400 414 1465 470 IN
1506 412 1719 470 EPIST.
1768 410 1806 465 ll
1873 411 1964 465 AD
2001 410 2157 467 COR.
2202 415 2432 474 IIOMIL.
2477 420 2617 477 XIV.

3551 442 3656 500 £98

2068 538 2243 597 tegum
2270 533 2636 589 sententiam?
2676 535 2937 603 Quocirca
2972 554 3066 594 vos
3109 557 3298 601 omnes
3326 562 3457 617 rogo
3496 562 3657 623 atque

2063 618 2312 687 obsecro,
2347 630 2424 689 ut,
2458 624 2584 694 qttid
2615 626 2700 682 ltic
2728 639 2819 684 aut
2844 630 2934 686 ille
2961 631 3030 687 dc
3059 631 3143 692 his
3170 636 3329 694 rebus
3356 644 3550 699 sentiat
3568 618 3655 701 ui-

2063 706 2136 763 hil
2170 722 2464 780 morantes,
2499 717 2805 788 Scripturas
2833 736 3017 779 sacras
3045 725 3111 781 de
3141 728 3205 783 iis
3233 736 3558 804 consulatis,
3590 754 3656 799 ac

2062 814 2181 868 qua:
2207 816 2348 859 verae
2377 807 2486 862 sint
2511 824 2643 878 epes
2682 816 3051 883 cognoscatis,
3085 821 3325 891 cognitas
3354 828 3500 882 omni
3530 841 3648 894 stu-

2060 891 2149 947 dio
2172 901 2578 966 consectemini,
2609 912 2667 957 ut
2690 908 2907 961 atteruis
2939 910 3273 978 perfruamur
3301 915 3452 970 Ιωηὶς
3481 935 3496 971 :
3526 892 3647 989 qute

2062 992 2261 1041 utinam
2308 1005 2405 1045 nos
2435 1008 2625 1050 omnes
2652 1012 3046 1069 consequamur
3083 1020 3178 1072 per
3207 1011 3429 1077 gratiam
3457 1027 3521 1068 ac
3548 1014 3647 1070 be-

2058 1078 2371 1147 nignitatem
2397 1085 2607 1143 Domini
2638 1094 2805 1147 nostri
2833 1093 2958 1149 Jesn
2981 1096 3201 1165 Christi,
3230 1102 3314 1155 cui
3343 1119 3463 1159 cum
3490 1106 3649 1165 Patre

2055 1177 2111 1222 et
2139 1169 2339 1240 Spirittt
2389 1190 2577 1234 sancto
2612 1182 2811 1251 gloria,
2848 1184 3040 1253 honor,
3070 1190 3353 1260 imperium
3380 1238 3394 1261 ,
3428 1214 3569 1254 nunc
3594 1208 3649 1256 et

2054 1272 2291 1328 semper,
2324 1275 2378 1321 et
2405 1269 2458 1323 in
2487 1274 2681 1328 saecula
2710 1277 3045 1334 smculorum.
3074 1283 3267 1336 Amen.

1789 1437 2135 1505 HOMILIA
2179 1446 2350 1513 XIV.

339 1602 470 1657 CAP.
513 1603 567 1657 7.
608 1617 662 1656 v.
700 1601 755 1655 2.
797 1597 976 1668 Capite
1017 1612 1106 1649 nos
1137 1610 1156 1648 :
1184 1592 1433 1648 neminem
1464 1588 1724 1648 lauimus,
1775 1585 1935 1634 neuti-

413 1709 524 1746 uem
564 1690 914 1760 corrupimus,
961 1687 1215 1741 neminem
1239 1681 1681 1739 circumvenimus.
1720 1676 1772 1729 ὅ.
1810 1672 1931 1726 Non

409 1784 478 1837 ad
502 1782 966 1837 condemnationem
989 1788 1202 1833 vestram
1222 1776 1337 1831 dico
1368 1792 1387 1829 :
1414 1771 1745 1845 praediximus
1770 1766 1926 1831 enim,

408 1875 542 1945 quod
580 1874 632 1928 in
662 1872 901 1927 cordibus
944 1871 1132 1925 nostris
1155 1871 1276 1925 estis
1302 1868 1370 1921 ad
1410 1860 1844 1919 commorieudum
1882 1866 1929 1911 et

405 1966 790 2023 connivendum.

408 2060 461 2114 l.
506 2059 733 2112 Rursum
762 2058 829 2112 de
857 2059 1082 2112 caritate
1111 2067 1421 2110 sermonem
1446 2056 1646 2114 movet,
1680 2047 1929 2115 increpa-

333 2152 494 2207 tionis
541 2150 883 2222 asperitatem
933 2149 1255 2217 reprimens.
1314 2145 1602 2213 Postquam
1645 2140 1788 2195 enim
1833 2151 1929 2191 eos

329 2243 609 2312 coarguit,
644 2252 806 2311 atque
838 2240 940 2295 hoc
972 2239 1190 2294 nomine
1217 2234 1558 2305 objurgavit,
1593 2230 1734 2302 quod
1766 2228 1927 2284 amati

329 2352 438 2391 non
480 2335 699 2406 perinde
730 2334 1093 2397 redamarent,
1141 2330 1234 2386 sed
1264 2331 1331 2384 ab
1370 2328 1539 2398 ipsius
1577 2338 1763 2378 amore
1807 2336 1927 2375 sese

326 2429 706 2498 abrumpentes
726 2468 741 2493 ,
789 2426 907 2481 aliis
936 2423 1206 2496 pestiferis
1242 2421 1554 2477 hominibus
1586 2432 1708 2473 sese
1734 2415 1926 2485 adjun-

325 2531 537 2590 gerent,
564 2536 752 2575 rursus
770 2519 1159 2590 objurgationis
1181 2516 1529 2572 acerbitatem
1556 2512 1690 2566 lenit
1714 2510 1921 2571 dicens,

325 2614 505 2683 Capite
542 2632 633 2669 nos
656 2632 674 2668 :
705 2616 806 2668 hoc
837 2623 941 2679 est,
991 2622 1168 2667 amate
1220 2626 1337 2665 nos.
1388 2609 1712 2663 Beneficium
1753 2604 1924 2675 poscit

325 2706 545 2759 minime
574 2721 754 2774 grave,
784 2715 838 2759 et
858 2704 999 2773 quod
1031 2704 1215 2773 majori
1247 2703 1311 2756 iis
1340 2703 1430 2772 qui
1464 2702 1613 2765 dant,
1645 2714 1803 2768 quam
1827 2699 1915 2765 qui

322 2795 611 2864 accipiunt,
641 2795 856 2849 utilitati
898 2795 987 2849 sit.
1018 2793 1128 2847 Nec
1156 2793 1324 2857 dixit,
1352 2794 1578 2855 Amate,
1614 2790 1707 2845 sed
1728 2830 1743 2854 ,
1774 2788 1917 2859 quod

322 2886 727 2941 miserationem
753 2885 1049 2951 redolebat,
1077 2885 1274 2956 Capite.
1294 2884 1549 2952 Quisnam
1574 2896 1693 2947 nos,
1723 2882 1913 2951 inquit,

319 2994 352 3031 a
398 2979 596 3033 vestris
635 2978 905 3033 mentibus
944 2978 1167 3047 abegit?
1198 2978 1316 3047 quis
1346 2976 1545 3046 ejecit?
1573 2975 1697 3046 quid
1738 2989 1915 3028 causa:

318 3079 425 3135 cst,
454 3070 799 3140 quamobrem
831 3072 880 3124 in
910 3069 1065 3124 Vobis
1086 3068 1463 3124 coarctemur?
1485 3068 1747 3135 Quoniam
1770 3067 1912 3120 enim

319 3177 480 3232 supra
502 3162 654 3228 dixit,
677 3163 1049 3234 Angustiamiui
1077 3163 1128 3216 in
1152 3161 1422 3215 visceribus
1444 3161 1641 3226 vestris,
1669 3160 1769 3214 hoc
1795 3159 1913 3213 loco

320 3254 372 3309 id
427 3258 663 3324 apertius
706 3256 942 3311 declarat
988 3255 1206 3321 dicens,
1236 3255 1414 3323 Capite
1454 3269 1543 3307 nos
1578 3269 1595 3307 :
1626 3263 1785 3323 atque
1816 3252 1914 3307 hac

320 3361 508 3401 rursus
556 3350 761 3403 ratione
814 3349 958 3420 ipsos
1005 3349 1068 3403 ad
1116 3363 1175 3404 se
1219 3348 1500 3418 pt‘l‘ll‘altil.
1548 3345 1732 3417 Neque
1767 3346 1911 3401 enim

316 3437 606 3508 quidquam
634 3449 734 3504 est,
767 3439 909 3509 quod
953 3440 1173 3509 perinde
1198 3440 1263 3492 ad
1290 3440 1577 3493 amandum
1609 3439 1829 3503 alliciat,
1853 3446 1910 3491 ut

316 3544 439 3582 eum
495 3530 538 3583 is
564 3531 655 3605 qui
685 3541 893 3584 amatur
943 3532 1186 3601 intelligit
1216 3546 1363 3595 eum,
1412 3531 1501 3600 qui
1549 3540 1715 3595 amat,
1769 3530 1908 3585 dile-

314 3620 549 3674 ctionem
578 3634 729 3673 suam
760 3636 1104 3691 summopere
1143 3630 1415 3690 espetere.
1452 3621 1718 3675 Neminem
1768 3620 1906 3675 (cesi-

316 3729 450 3764 nms.
487 3711 617 3767 Vide
646 3727 752 3781 quo
780 3723 935 3782 pacto
965 3728 1151 3768 rursus
1174 3712 1430 3767 beneﬁt-ia
1458 3729 1555 3767 sua
1585 3729 1691 3767 non
1720 3728 1907 3768 recen-

311 3812 417 3864 set,
448 3818 631 3856 verum
661 3803 765 3855 alio
788 3802 947 3856 modo
978 3805 1046 3857 ita
1082 3806 1338 3874 loquitur,
1370 3815 1429 3858 ut
1452 3814 1506 3859 et
1536 3805 1713 3858 minus
1734 3804 1905 3857 mole-

313 3897 430 3947 stia:
475 3894 646 3947 oratio
696 3895 925 3960 habeat,
967 3907 1020 3949 et
1052 3904 1231 3949 tamen
1283 3897 1460 3950 acrius
1505 3894 1681 3949 feriat.
1731 3894 1905 3949 Simul

310 3984 473 4038 etiam
506 3984 945 4054 pseudapostolos
995 3997 1175 4051 notat,
1209 4002 1330 4041 cum
1368 3988 1477 4051 ait,
1516 3986 1785 4040 Neminem
1815 3987 1906 4041 la:-

310 4076 493 4142 simus,
530 4078 779 4131 neminem
804 4079 1142 4149 corrupimus,
1186 4080 1432 4133 neminem
1464 4081 1897 4134 circumvenimus.

309 4166 449 4234 Quid
471 4179 574 4233 est,
601 4167 978 4234 Corrupimus.’
1003 4170 1114 4225 Hoc
1140 4181 1243 4238 est,
1276 4172 1544 4227 neminem
1577 4172 1629 4227 in
1660 4171 1899 4226 fraudem

311 4260 655 4312 induximus:
689 4263 1138 4329 quemadmodum
1168 4274 1222 4318 et
1248 4265 1355 4319 alio
1387 4266 1507 4319 loco
1535 4265 1631 4330 ait,
1664 4265 1746 4319 Ne
1773 4269 1902 4336 forte

308 4362 363 4403 ut
389 4366 595 4418 serpens
624 4350 780 4404 Evam
811 4352 1025 4423 decepit,
1064 4356 1134 4407 ita
1162 4367 1557 4426 corrumpantur
1584 4375 1761 4413 sensus
1810 4376 1867 4411 re
1886 4392 1897 4401 -

304 4441 401 4494 stri
453 4438 528 4509 (Ξ.
560 4438 679 4495 Cor.
715 4441 799 4495 ll.
834 4441 913 4510 5).
964 4441 1235 4496 Neminem
1279 4447 1736 4510 circumvenimus;
1790 4463 1896 4501 non

312 4532 610 4602 rapuimns,
663 4548 770 4587 non
814 4533 1035 4588 insidias
1080 4536 1393 4589 struximus.
1440 4536 1687 4590 Nondum
1733 4537 1893 4601 dicit,

309 4624 438 4680 "ch
483 4635 646 4696 atque
696 4627 781 4681 illa
830 4628 1110 4682 commoda
1140 4629 1292 4684 vobis
1317 4630 1617 4696 attulimus,
1636 4631 1755 4696 sed,
1788 4648 1895 4701 quo

307 4715 568 4784 majorem
604 4716 671 4771 ad
706 4717 962 4787 pudorem
992 4718 1356 4773 incutiendum
1391 4721 1496 4785 vim
1524 4722 1696 4776 oratio
1726 4722 1893 4775 habe-

305 4813 411 4869 ret,
443 4803 713 4860 Neminem
735 4810 976 4874 ltesimus,
1010 4810 1211 4879 inquit;
1245 4825 1306 4864 ac
1333 4812 1377 4865 si
1400 4812 1604 4868 diceret
1630 4834 1642 4868 :
1670 4814 1891 4869 Etiamsi

305 4895 510 4951 nullum
540 4901 595 4951 in
624 4914 722 4952 nos
752 4899 1073 4955 beneficium
1103 4900 1544 4967 contulissemus,
1601 4914 1779 4960 tamen
1826 4920 1892 4960 ne

303 4986 386 5042 sic
411 4986 626 5057 quidem
659 5002 758 5043 nos
784 4989 1057 5046 adversari
1085 4992 1363 5047 debebatis
1390 5009 1403 5045 :
1436 5008 1610 5061 neque
1634 4995 1777 5049 enim
1804 4996 1894 5049 ali-

302 5077 434 5148 quid
462 5087 554 5133 aut
582 5093 803 5149 parvum
826 5089 919 5134 aut
942 5098 1188 5153 magnum
1220 5084 1448 5150 habetis,
1477 5084 1616 5154 quod
1642 5088 1769 5141 mibi
1798 5097 1867 5143 ob

302 5170 471 5240 jicere
517 5171 755 5240 possitis.
800 5171 993 5229 Postea
1028 5186 1207 5232 autem
1237 5178 1363 5231 dicti
1393 5177 1732 5247 asperitatem
1760 5195 1885 5235 sen-

312 5261 477 5328 tiens,
527 5275 834 5317 sertnum-m
886 5278 1076 5318 rursus
1122 5269 1461 5337 temperavit.
1515 5267 1622 5322 Nec
1668 5284 1891 5338 prorsus

305 5350 504 5416 tacuit;
553 5365 730 5418 neque
774 5351 919 5405 enim
965 5366 1151 5407 eorum
1194 5358 1407 5411 animos
1435 5359 1754 5422 excitasset;
1790 5376 1889 5415 nec

301 5453 516 5493 rursum
564 5441 832 5495 sermonis
889 5442 1238 5498 acerbitatem
1289 5448 1406 5501 sine
1462 5456 1888 5519 temperamento

302 5530 578 5587 conditam
607 5531 822 5601 reliquit
847 5549 860 5586 :
895 5549 1017 5589 nam
1041 5534 1241 5605 alioqui
1271 5539 1488 5607 gravius
1531 5539 1663 5610 ipsis
1691 5539 1888 5595 vulnus

302 5622 610 5679 inﬂixisset.
639 5624 705 5678 Et
734 5624 861 5693 quid
886 5627 961 5682 ait
983 5627 1005 5680 i
1032 5626 1153 5681 Non
1179 5628 1247 5681 ad
1284 5633 1751 5687 condemnationem
1798 5649 1887 5687 vc-

302 5720 465 5767 stram
488 5714 622 5768 dico.
671 5712 826 5771 Unde
853 5716 907 5771 id
937 5718 1142 5789 liquet?
1189 5718 1418 5775 Prtedixi
1456 5724 1620 5793 enim,
1680 5722 1881 5795 inquit,

301 5803 439 5871 quod
481 5806 534 5859 in
586 5806 823 5860 cordibus
868 5811 1053 5865 nostris
1093 5811 1211 5865 estis
1257 5811 1326 5865 ad
1368 5815 1796 5870 commoriendum
1838 5827 1885 5871 et

302 5895 680 5950 connivendum.
715 5897 936 5954 Maxima
971 5902 1046 5957 vis
1075 5904 1275 5959 amoris
1302 5902 1415 5961 hzec
1440 5915 1547 5971 est,
1570 5921 1691 5963 cum
1713 5907 1875 5965 etiam

2043 1601 2383 1666 contemptus
2405 1642 2422 1666 ,
2467 1618 2570 1659 una
2618 1621 2740 1660 cum
2792 1609 2921 1677 ipsis
2961 1620 3016 1666 et
3044 1613 3178 1667 mori
3207 1621 3261 1668 et
3290 1615 3472 1670 vivere
3498 1615 3634 1669 vult.

2043 1685 2226 1755 Neque
2252 1691 2394 1744 enim
2433 1705 2719 1765 utcumque
2744 1695 2875 1754 estis
2917 1702 2967 1755 in
2994 1702 3252 1759 cordibus
3280 1706 3501 1771 nostris,
3538 1706 3633 1761 sed

2045 1777 2116 1832 ita
2148 1789 2203 1834 ut
2229 1780 2360 1835 dixi.
2390 1783 2530 1839 Fieri
2561 1788 2703 1841 enim
2736 1799 2930 1857 potest,
2961 1800 3019 1846 ut
3044 1801 3100 1847 et
3128 1803 3271 1849 amet
3291 1796 3430 1865 quis,
3463 1806 3518 1852 et
3546 1812 3638 1867 po-

2040 1873 2205 1929 ricula
2240 1875 2440 1945 fugiat;
2479 1886 2533 1931 at
2562 1897 2657 1935 nos
2688 1896 2791 1935 non
2823 1882 2913 1936 ita.

2114 1966 2271 2021 Pauli
2299 1970 2569 2037 prudentia
2598 1983 2809 2043 quanta.
2836 2005 2905 2013 -—
2929 1975 3023 2029 llic
3046 1989 3259 2047 quoque
3286 1977 3473 2034 miram
3492 1982 3628 2051 Apo-

2040 2058 2160 2113 stoli
2204 2060 2539 2130 prudentiam
2586 2064 2852 2134 perspice.
2877 2064 2992 2118 Non
3019 2067 3161 2120 enim
3194 2069 3389 2137 quibus
3415 2084 3508 2125 eos
3536 2070 3633 2125 be-

2039 2151 2245 2205 neficiis
2270 2150 2380 2220 jam
2409 2152 2675 2209 affecisset
2707 2157 2964 2222 narravit,
3016 2173 3081 2212 ne
3109 2172 3171 2211 ea
3215 2174 3398 2213 rursus
3434 2174 3630 2228 expro-

2038 2240 2197 2297 brare
2242 2243 2535 2310 videretur,
2587 2244 2679 2301 sed
2724 2246 2790 2301 de
2844 2249 3034 2302 futuris
3082 2250 3379 2319 pollicetur.
3422 2250 3555 2306 Nam
3581 2253 3626 2305 si

2037 2334 2273 2401 pericula
2305 2334 2488 2390 inferri
2520 2339 2819 2408 contingat,
2874 2340 3067 2410 inquit,
3102 2342 3317 2411 quidvis
3350 2358 3445 2412 pro
3471 2344 3625 2399 vobis

2034 2425 2260 2495 impigro
2303 2428 2485 2482 animo
2537 2429 2730 2497 patiar.
2760 2430 2945 2501 Neque
2975 2433 3117 2486 enim
3172 2434 3299 2487 mihi
3346 2435 3428 2490 vel
3477 2450 3623 2490 mors

2037 2534 2130 2587 per
2160 2533 2218 2572 se
2239 2560 2254 2585 ,
2288 2518 2370 2572 vel
2401 2518 2505 2572 vita
2526 2560 2539 2583 ,
2574 2520 2735 2573 ullius
2767 2524 3023 2575 momenti
3052 2538 3171 2577 esse
3198 2536 3482 2589 censetur;
3529 2525 3624 2581 sed

2033 2608 2355 2679 ubicumque
2394 2624 2487 2664 vos
2546 2608 2788 2675 fueritis,
2833 2611 2914 2665 vel
2947 2613 3073 2665 mihi
3103 2622 3331 2667 mortem
3363 2616 3488 2681 vita,
3539 2618 3622 2671 vel

2029 2700 2190 2753 vitam
2214 2709 2387 2754 morte
2410 2700 2669 2755 cariorem
2698 2700 2964 2757 efficietis.
2996 2705 3065 2756 At
3110 2715 3341 2759 mortem
3377 2721 3474 2773 pro
3513 2708 3617 2760 ali-

2025 2809 2132 2863 quo
2173 2803 2461 2865 oppetere,
2511 2796 2758 2850 amicitia:
2790 2806 3033 2864 apertum
3077 2807 3453 2865 argumentum
3494 2810 3615 2866 est;

2017 2886 2205 2939 vivere
2234 2894 2410 2939 autem
2438 2887 2557 2954 quis
2585 2888 2748 2950 nolit,
2777 2890 2939 2942 etiam
2972 2903 3159 2942 eorum
3183 2930 3197 2955 ,
3239 2889 3328 2959 qui
3384 2890 3607 2945 minimo

2023 2977 2180 3029 amici
2218 2977 2377 3029 sunt?
2403 2991 2501 3030 cur
2524 2992 2652 3049 ergo
2676 2977 2727 3031 id
2756 2979 2906 3033 velut
2949 2996 3199 3050 magnum
3241 2980 3456 3050 posuit?
3480 2980 3614 3050 Quia

2025 3084 2276 3138 perquam
2328 3083 2578 3139 magnum
2626 3068 2727 3122 hoc
2772 3077 2874 3123 est.
2929 3069 3065 3125 Sunt
3112 3071 3255 3125 enim
3308 3072 3481 3135 multi,
3523 3074 3612 3142 qui

2022 3158 2159 3212 male
2182 3158 2462 3227 agentibus
2489 3158 2676 3213 amicis
2706 3158 3047 3226 cendoleant,
3075 3169 3130 3214 at
3162 3176 3267 3214 non
3298 3162 3520 3231 perinde
3547 3165 3615 3217 de

2020 3266 2205 3305 eorum
2249 3251 2417 3321 gloria
2471 3252 2759 3322 gaudeant,
2802 3268 2987 3307 verum
3042 3255 3237 3307 invidia
3288 3266 3609 3325 tangantur:

2021 3358 2119 3398 nos
2159 3352 2336 3397 autem
2380 3358 2558 3399 secus.
2604 3342 2737 3398 Nam
2782 3344 2896 3399 sive
2929 3346 2978 3398 in
3009 3346 3403 3401 calamitatibus
3447 3348 3600 3414 sitis,

2018 3436 2366 3490 adversarum
2416 3452 2592 3491 rerum
2644 3447 2942 3493 vestrarum
2989 3440 3279 3510 participes
3330 3454 3450 3495 esse
3501 3456 3606 3495 non
3694 3444 3697 3447 “

2018 3533 2341 3594 metuimus;
2376 3530 2489 3585 sive
2515 3545 2771 3600 prospere
2798 3532 2986 3602 agatis,
3019 3532 3186 3586 livore
3233 3533 3453 3587 minime
3484 3550 3607 3605 per-

2015 3621 2267 3675 cutimur.
2322 3621 2546 3675 Demum
2570 3663 2585 3685 ,
2615 3622 2739 3692 quia
2777 3622 2892 3677 [nec
2922 3638 3067 3693 smpe
3090 3624 3346 3678 Oratione
3373 3629 3608 3679 versavit

2016 3712 2221 3775 dicens,
2253 3710 2375 3765 Non
2404 3715 2771 3783 angustiamini
2796 3715 2849 3767 in
2871 3714 3045 3781 nobis;
3094 3727 3177 3780 et,
3231 3717 3609 3786 Angustiamini

2014 3804 2067 3855 in
2111 3803 2382 3857 visceribus
2414 3806 2629 3870 vestris;
2660 3816 2733 3869 et,
2767 3804 2945 3875 Capite
2970 3823 3096 3869 nos;
3124 3816 3199 3869 et,
3232 3808 3532 3863 Dilatumini
3559 3818 3608 3864 et

2012 3912 2130 3959 ros;
2152 3904 2222 3959 et,
2247 3894 2515 3949 Neminem
2536 3896 2791 3959 tissimus;
2817 3907 2976 3967 atque
2998 3896 3112 3952 haec
3130 3899 3305 3953 omnia
3330 3898 3395 3953 ad
3418 3915 3602 3955 eorutn

2012 3986 2484 4055 reprehensionem
2517 3996 2765 4057 spectare
2794 3988 3135 4042 videbantur.
3169 3990 3297 4043 Vide
3330 3990 3602 4060 quomodo

2009 4078 2165 4132 aliter
2191 4093 2406 4148 quoque
2434 4080 2779 4149 asperitatem
2806 4081 2886 4134 bis
2904 4082 3084 4136 verbis
3110 4081 3336 4152 mitiget,
3359 4084 3410 4137 4.
3437 4082 3603 4137 Multa

2011 4170 2134 4222 mihi
2164 4168 2355 4235 ﬁducia
2382 4178 2450 4221 est
2474 4170 2543 4220 ad
2570 4184 2675 4222 vos.
2704 4171 2850 4235 Ideo,
2886 4171 3077 4240 inquit,
3112 4174 3235 4228 talia
3268 4174 3462 4240 audeo,
3490 4190 3596 4230 non

2007 4258 2149 4330 quod
2185 4274 2275 4311 vos
2306 4257 2662 4313 condemnem
2690 4300 2705 4322 ,
2742 4259 2836 4313 sed
2863 4260 3006 4328 quod
3040 4261 3238 4330 ingenti
3284 4262 3475 4317 fiducia
3519 4267 3602 4318 ni.

2007 4360 2088 4405 tar
2117 4368 2131 4404 :
2163 4350 2212 4405 id
2239 4350 2380 4421 quod
2411 4352 2661 4420 superius
2692 4351 2855 4405 etiam
2882 4350 3093 4406 dicebat
3115 4394 3129 4415 ,
3179 4352 3347 4405 Multa
3373 4364 3444 4407 est
3474 4356 3599 4409 milii

2003 4443 2239 4512 gloriatio
2287 4459 2380 4512 pro
2422 4443 2580 4497 vobis.
2637 4443 2833 4497 Cavete
2862 4442 3002 4497 enim
3031 4443 3368 4510 existimetis,
3402 4444 3594 4514 inqttit,

2003 4546 2032 4585 a
2075 4548 2161 4587 me
2210 4533 2324 4586 lta2c
2370 4534 2571 4587 idcirco
2601 4533 2739 4599 dici,
2773 4533 2912 4603 quod
2946 4549 3039 4587 vos
3071 4534 3237 4588 semel
3280 4550 3342 4589 ac
3373 4550 3596 4605 prorsus

2003 4624 2398 4687 condemnem;
2444 4637 2564 4677 nam
2594 4624 2661 4677 de
2709 4624 2858 4676 vobis
2897 4639 3220 4693 magnopere
3250 4624 3379 4678 mihi
3412 4626 3597 4694 placeo

2001 4708 2064 4771 ac
2096 4716 2335 4787 glorior;
2368 4714 2461 4769 sed
2486 4714 2607 4783 quia
2642 4712 2793 4766 vobis
2832 4713 3138 4767 consultum
3172 4715 3325 4782 volo,
3384 4728 3448 4770 ac
3498 4729 3594 4771 vos

2003 4808 2205 4877 majora
2248 4805 2458 4859 virtutis
2508 4804 2839 4857 incrementa
2890 4801 3068 4858 facere
3114 4805 3273 4873 cupio
3307 4821 3322 4858 :
3353 4806 3405 4862 id
3447 4806 3591 4876 quod

2002 4896 2241 4952 llebrwis
2290 4908 2504 4964 quoque
2552 4902 2673 4962 post
2711 4893 2933 4946 multam
2981 4894 3409 4963 objurgatiuucm
3445 4895 3591 4949 dice.

1999 4990 2124 5056 bat,
2168 4986 2484 5055 Confidimus
2529 4994 2699 5039 autem
2732 4985 2796 5041 de
2815 4986 2953 5039 vobis
2984 4987 3195 5040 meliora
3217 5029 3232 5052 ,
3274 4998 3319 5041 et
3346 4986 3589 5042 viciniora

1998 5083 2171 5145 saluti,
2224 5081 2423 5133 tametsi
2468 5080 2542 5133 ita
2586 5079 2861 5148 loquimur.
2902 5077 3146 5147 Cupmtus
3186 5090 3355 5133 autem
3404 5096 3591 5134 unum-

1997 5189 2239 5247 quemque
2278 5184 2496 5225 vestrutn
2541 5174 2771 5227 eamdem
2818 5180 3073 5225 ostentare
3095 5171 3487 5226 sollicitudinem
3518 5174 3589 5226 ad

1995 5264 2330 5337 expletienem
2384 5264 2494 5334 spei
2533 5278 2690 5334 usque
2722 5279 2775 5315 in
2802 5261 2956 5323 ﬁnem
2995 5260 3155 5331 (Heb.
3187 5262 3240 5316 6.
3265 5268 3319 5316 9.
3350 5264 3462 5333 Η).
3495 5264 3587 5318 Sic

1996 5356 2140 5410 enim
2188 5350 2291 5410 hoc
2327 5353 2485 5423 loco,
2541 5352 2713 5407 Multa
2752 5354 2879 5407 mihi
2920 5352 3157 5421 gloriatio
3188 5363 3258 5407 est
3302 5370 3394 5419 pro
3426 5354 3583 5410 robis.

1998 5448 2150 5519 Apud
2188 5448 2324 5501 alios
2345 5488 2359 5512 ,
2391 5447 2583 5517 inquit,
2607 5445 2676 5502 de
2704 5446 2857 5502 vobis
2884 5438 3194 5515 gloriamur.
3231 5446 3394 5502 Vides
3423 5462 3584 5516 quam

1995 5542 2265 5595 sinceram
2291 5538 2712 5594 consolationem
2751 5535 3092 5592 adhibuerit?
3138 5538 3249 5592 Nec
3296 5548 3588 5609 utcumque

1993 5633 2227 5704 glorior,
2275 5631 2445 5697 dixit,
2499 5630 2594 5686 sed
2624 5643 2947 5701 magnopere
2980 5647 2992 5684 :
3027 5629 3254 5699 ideoque
3280 5628 3582 5700 subjungit,

1998 5725 2236 5794 Repletus
2264 5738 2376 5775 sum
2401 5722 2765 5776 consolatione.
2797 5719 2911 5785 Qua
2941 5720 3308 5774 consolatione
3329 5719 3355 5773 ‘i
3405 5721 3446 5775 A
3488 5736 3583 5775 vo-

1993 5816 2077 5874 bis
2115 5813 2364 5869 videlicet
2420 5821 2669 5868 manante
2724 5834 2736 5865 :
2787 5811 2910 5880 quia
2955 5811 3021 5865 ad
3068 5811 3345 5865 meliorem
3376 5810 3586 5883 frugem

2001 5909 2224 5974 reversi,
2266 5922 2360 5978 per
2386 5920 2548 5978 opera
2579 5920 2665 5962 me
2692 5904 2953 5960 consolati
2980 5904 3130 5960 catis.
3161 5904 3402 5960 Amantis
3430 5904 3580 5960 enim
