4568 6424
787 331 892 388 ιοο
1540 327 1578 381 S
1635 326 1913 383 JO.\N.‘ilS
1950 324 2430 384 CHRYSOSTOMI
2472 327 2794 387 ARCHIEP.
2840 335 3382 400 CONSTANTINUP.
3964 353 4081 413 ποθ

786 458 890 503 hoc
928 453 1032 512 est,
1074 455 1186 500 tum
1214 444 1283 499 de
1311 458 1397 508 eo,
1442 443 1583 513 quod
1612 460 1718 496 non
1744 451 1972 506 ametur,
2001 440 2365 510 expostulare,

785 549 895 593 tum
941 547 1179 591 metuere
1234 552 1301 589 ne
1349 534 1565 588 modum
1615 536 1666 586 in
1727 532 2032 588 accusando
2070 532 2366 595 excedens,

785 643 1073 685 maerorem
1105 627 1313 682 aﬂ‘erat.
1365 626 1491 681 Ideo
1525 626 1675 690 dicit,
1712 625 1952 694 Repletus
1986 642 2098 679 sum
2138 625 2367 679 consola-

782 724 936 786 tione,
966 716 1328 790 superabundo
1357 718 1567 789 gaudio.

851 813 905 867 2.
952 813 1113 879 Atqui
1146 812 1263 865 h:r.c
1282 826 1404 864 cum
1438 808 1703 879 prioribus
1735 825 1971 878 pugnare
1999 810 2266 875 videntur,
2297 811 2371 865 in-

780 905 953 976 quies.
1002 903 1218 958 Minime
1267 917 1395 956 vero
1447 910 1724 971 pugnant.
1776 900 1870 956 scd
1926 901 2152 957 miriﬂce
2194 902 2370 970 potius

777 997 1142 1053 consentiunt.
1190 994 1316 1049 Haec
1360 995 1505 1049 enim
1534 993 1797 1060 efﬁciunt,
1834 1004 1893 1049 ut
1925 996 2015 1051 illa
2045 996 2369 1067 aequioribus

783 1091 973 1146 animis
1017 1089 1389 1160 excipiantur;
1443 1097 1604 1158 atque
1672 1088 1861 1141 harum
1903 1102 2084 1142 rerum
2138 1087 2371 1141 laudatio

783 1183 1062 1234 utilitatem
1094 1196 1233 1244 eam,
1264 1195 1426 1249 quam
1451 1178 1902 1248 reprehensiones
1928 1178 2028 1232 illm
2051 1176 2364 1244 aﬂerebant,

778 1274 1124 1327 sinceriorem
1150 1270 1347 1338 reddit,
1371 1279 1429 1327 ut
1454 1288 1572 1341 qua:
1595 1272 1838 1326 dolorem
1866 1286 2052 1325 earum
2082 1270 2364 1327 subducat.

777 1364 902 1420 Ideo
934 1383 1190 1437 perquam
1238 1368 1482 1437 apposite
1526 1376 1580 1421 et
1633 1377 1877 1422 amanter
1919 1368 2004 1421 bis
2028 1368 2203 1423 verbis
2242 1384 2369 1424 usus

775 1467 877 1512 est.
926 1458 1042 1512 Non
1093 1458 1237 1513 enim
1282 1457 1438 1522 dixit,
1500 1458 1756 1527 Impletus
1810 1473 1929 1512 sum
1970 1459 2165 1528 gaudio
2197 1460 2381 1525 :sed,

775 1550 1025 1615 Abundo,
1075 1550 1184 1604 imo
1221 1565 1327 1605 non
1359 1550 1595 1611 abundo.
1642 1551 1737 1606 sed
1768 1551 2183 1621 Superabundo;
2240 1554 2367 1608 hinc

773 1657 962 1696 rursus
1001 1641 1291 1697 ostendens
1315 1684 1331 1708 ,
1385 1653 1585 1713 quanta
1632 1644 1925 1713 cupiditate
1966 1645 2216 1699 incensus
2255 1647 2362 1708 sit,

777 1743 961 1802 utpote
1004 1733 1116 1803 qui,
1167 1735 1603 1803 tametsiusque
1645 1736 1781 1789 adeo
1812 1745 2028 1790 ametur
2058 1746 2115 1790 ut
2139 1735 2367 1807 gaudeat

713 1848 715 1851 ί
775 1835 828 1880 et
856 1827 1105 1890 exultet,
1140 1827 1376 1881 nondum
1408 1837 1619 1891 tamen,
1648 1837 1906 1898 quantum
1951 1830 2118 1882 amari
2149 1829 2362 1892 debeat,

774 1926 978 1972 tantum
1029 1918 1196 1971 amari
1246 1932 1306 1972 se
1354 1919 1666 1983 existimet,
1723 1929 2016 1974 nectotum
2045 1920 2361 1988 accepisse:

774 2022 943 2075 usque
966 2007 1102 2061 adeo
1130 2023 1224 2077 per
1250 2008 1519 2077 ingentem
1561 1999 1715 2065 suum
1738 2025 1865 2081 erga
1896 2025 1991 2065 eos
2019 2026 2257 2065 amorem
2292 2012 2365 2065 itt-

769 2098 1021 2164 explebili
1053 2099 1346 2169 cupiditate
1375 2100 1675 2155 tenebatur.
1704 2099 1835 2153 Nam
1867 2100 1935 2155 ab
1966 2102 2050 2162 iis,
2082 2117 2217 2170 quos
2243 2103 2364 2171 quis

770 2175 934 2254 amat,
983 2191 1063 2243 vel
1092 2198 1388 2260 utcumque
1422 2191 1613 2251 amari.
1646 2206 1749 2244 non
1781 2205 1999 2259 parvam
2036 2192 2359 2263 voluptatem

769 2280 920 2334 affert
952 2321 966 2345 ,
1012 2281 1154 2350 quod
1208 2282 1321 2350 ipse
1360 2281 1708 2335 vehementer
1733 2296 1828 2337 eos
1860 2292 2022 2337 amet.
2054 2283 2237 2353 itaque
2261 2285 2363 2341 hoc

770 2388 987 2427 rursum
1029 2374 1269 2426 caritatis
1327 2375 1493 2443 ipsius
1546 2385 1920 2443 argumentum
1968 2386 2103 2431 erat.
2156 2380 2233 2433 Ac
2290 2378 2358 2433 de

764 2466 1133 2521 consolatione
1152 2466 1366 2536 quidem
1386 2468 1539 2531 dixit,
1566 2466 1806 2532 Reptetus
1833 2486 1979 2534 sum;
2006 2474 2185 2540 accepi
2215 2474 2356 2540 quod

767 2556 897 2614 mihi
926 2556 1253 2626 debebatur;
1281 2559 1349 2617 de
1368 2558 1561 2631 gaudio
1578 2570 1779 2628 autem,
1804 2560 2194 2634 Superubundo.
2217 2564 2358 2634 Qua-

765 2653 808 2705 si
838 2652 982 2707 dicat
1014 2670 1027 2706 :
1063 2652 1250 2723 Magno
1288 2666 1476 2710 contra
1515 2671 1611 2708 vos
1656 2670 1887 2711 mterore
1928 2656 2151 2712 affectus
2191 2673 2349 2725 sum;

764 2762 948 2800 verum
980 2746 1191 2801 abunde
1220 2748 1348 2801 mihi
1377 2748 1509 2801 satis
1541 2748 1765 2813 fecistis,
1795 2764 1858 2804 ac
1885 2750 2140 2805 solatium
2169 2753 2354 2807 attuli-

764 2838 863 2892 stis
896 2855 908 2889 :
944 2853 1117 2907 neque
1147 2840 1287 2893 enim
1317 2840 1445 2893 mihi
1469 2840 1641 2894 solum
1684 2842 1931 2897 maeroris
1965 2858 2180 2899 causam
2224 2847 2355 2900 ade-

766 2928 961 2991 mistis,
1013 2930 1106 2983 sed
1149 2930 1309 2985 etiam
1358 2931 1609 2986 uberiore
1657 2932 1835 2986 la-titia
1890 2950 1975 2989 me
2021 2934 2350 3004 pet-fudistis.

769 3018 969 3072 Deinde
1001 3019 1167 3089 ipsius
1192 3021 1609 3092 magnitudinem
1633 3022 1911 3079 declarans
1930 3067 1943 3089 ,
1978 3040 2083 3079 non
2112 3026 2236 3081 hinc
2265 3043 2354 3081 so-

769 3110 877 3165 lum
909 3109 1010 3165 hoc
1039 3112 1289 3176 ostendit,
1314 3110 1454 3183 quod
1487 3113 1702 3177 dixerit,
1738 3115 2110 3183 Superabuudo
2140 3118 2350 3185 gaudio,

762 3202 858 3256 sed
890 3219 955 3257 ex
985 3219 1050 3257 co
1086 3204 1244 3257 etiam
1265 3244 1281 3269 ,
1334 3204 1477 3274 quod
1525 3205 1736 3269 subdit,
1769 3205 1835 3259 In
1867 3209 2004 3260 omni
2031 3208 2355 3261 tribulatione

764 3303 957 3346 nostra.
1010 3293 1175 3349 Tanta
1200 3336 1216 3357 ,
1243 3296 1445 3361 inquit,
1490 3306 1607 3350 erat
1634 3312 1696 3351 ea
1725 3299 1991 3365 voluptas,
2021 3314 2141 3365 qua:
2169 3298 2297 3351 mihi
2322 3314 2351 3350 a

762 3386 916 3440 vobis
940 3388 1096 3440 allata
1128 3396 1210 3440 est
1230 3428 1244 3453 ,
1291 3398 1349 3441 ut
1378 3404 1445 3441 ne
1477 3396 1623 3441 tanta
1654 3389 1866 3457 quidem
1916 3389 2205 3443 afﬂictione
2253 3391 2353 3444 eb-

762 3478 967 3532 scurari
999 3479 1261 3547 potuerit,
1310 3479 1403 3533 sed
1448 3478 1830 3548 magnitudinis
1862 3495 1973 3534 sua:
2003 3479 2351 3536 exuberantia

762 3569 1038 3625 molestias
1065 3584 1273 3635 omnes,
1305 3586 1425 3640 qtne
1453 3585 1553 3625 nos
1576 3572 1880 3625 invaserant
1900 3613 1913 3636 ,
1945 3572 2194 3648 fregerit,
2255 3590 2352 3630 uec

760 3675 947 3715 earum
993 3675 1152 3715 sensu
1206 3674 1301 3713 nos
1346 3659 1487 3716 allici
1538 3662 1864 3731 permiserit.
1898 3664 1950 3717 5.
1996 3662 2136 3717 Nam
2164 3676 2350 3719 etcum

762 3756 1066 3808 venissemus
1090 3755 1143 3808 in
1173 3753 1549 3822 Macedoniam,
1580 3758 1774 3811 nullam
1791 3759 2010 3827 requiem
2033 3759 2205 3813 [tabuit
2230 3776 2350 3813 caro

764 3855 955 3897 nostra.
1012 3844 1273 3913 Quoniam
1317 3848 1461 3901 enim
1513 3848 1687 3913 dixit,
1720 3847 2103 3911 Tribulatioue,
2150 3849 2350 3909 idcirco

762 3945 958 4003 quanta
1006 3937 1167 3991 etiam
1197 3953 1259 3991 ea
1297 3937 1567 3990 tribulatio
1617 3936 1775 3989 fuerit
1817 3951 1919 4005 exp
1959 3937 2066 3998 nit,
2122 3953 2348 4007 eamque

762 4026 942 4080 verbis
971 4035 1254 4095 exaggerat
1281 4066 1294 4092 ,
1329 4036 1386 4080 ut
1414 4028 1661 4082 ostendat
1686 4042 1930 4095 magnam
1963 4043 2083 4083 eam
2106 4030 2322 4083 consola

764 4116 961 4171 tionem
986 4132 1048 4170 ac
1075 4116 1331 4185 iretitiam,
1360 4134 1460 4188 qua
1487 4118 1555 4171 ab
1587 4118 1715 4188 ipsis
1739 4115 1960 4172 allectus
1984 4117 2163 4185 fuerit,
2183 4120 2350 4173 exsti-

764 4209 927 4275 tisse,
978 4226 1097 4279 qute
1141 4218 1344 4264 tantum
1376 4210 1617 4265 dolorem
1648 4210 1986 4279 propulsarit.
2019 4209 2125 4264 Sed
2152 4226 2349 4263 onmem

762 4300 1137 4353 tribulationem
1166 4302 1303 4367 passi
1328 4318 1521 4354 sumus.
1566 4300 1845 4367 Quomodo
1889 4302 2144 4355 omnem?
2200 4300 2351 4354 Foris

762 4410 969 4464 pugnat,
999 4395 1065 4447 ab
1097 4394 1433 4457 inﬁdelibus;
1460 4394 1595 4446 intus
1625 4394 1846 4457 timores,
1880 4394 1947 4448 ob
1975 4410 2091 4459 eos,
2122 4409 2347 4463 quorum

764 4486 898 4540 lides
931 4485 1196 4541 imbecilla
1228 4494 1345 4540 erat
1366 4525 1380 4548 ,
1431 4499 1499 4537 ne
1530 4484 1580 4536 in
1612 4499 1846 4539 errorem
1890 4484 2346 4555 pertraherentur.

760 4575 944 4644 Neque
973 4579 1116 4630 enim
1146 4574 1285 4641 apud
1315 4572 1621 4629 Corinthios
1648 4586 1872 4643 tantum,
1907 4576 2001 4629 sed
2033 4576 2156 4629 alibi
2187 4574 2346 4629 etiam

764 4669 883 4721 haec
931 4666 1329 4735 contingebant.
1384 4665 1436 4719 6.
1472 4665 1577 4720 Sed
1618 4670 1701 4739 qui
1748 4667 2043 4722 consolatur
2091 4666 2345 4729 lutmiles,

759 4758 1051 4813 consolatus
1075 4768 1148 4811 est
1175 4773 1267 4811 nos
1293 4757 1343 4809 in
1373 4758 1585 4811 adrentu
1608 4757 1729 4811 Titi.
1753 4758 2014 4826 Quoniam
2046 4758 2187 4812 enim
2215 4771 2350 4826 pra:-

764 4849 971 4904 clarum
1002 4850 1082 4905 eis
1110 4849 1469 4903 testimonium
1496 4847 1721 4914 dixerat,
1745 4860 1801 4903 ut
1820 4849 2200 4904 assentationis
2230 4846 2349 4915 ορίο

770 4944 984 4995 nionem
1014 4957 1043 4995 a
1072 4956 1131 4995 se
1155 4948 1475 5005 removeret,
1500 4940 1678 4994 Titum
1713 4941 1939 4996 fratrem
1959 4950 2147 4995 testem
2181 4939 2350 4992 addu-

764 5034 872 5100 cit,
918 5034 1006 5102 qui
1053 5041 1172 5101 post
1217 5034 1547 5101 superiorem
1576 5032 1855 5100 epistolam
1887 5047 1915 5083 a
1945 5031 2240 5086 Corinthiis
2280 5031 2346 5085 ad

768 5128 987 5181 Paulum
1036 5140 1283 5180 reversus
1302 5167 1319 5191 ,
1347 5125 1414 5181 de
1441 5141 1627 5181 eorum
1655 5123 2031 5178 emendatione
2057 5126 2347 5179 certiorem

763 5232 886 5269 cum
921 5214 1137 5270 fecerat.
1182 5216 1250 5269 At
1277 5225 1330 5268 ttt
1354 5215 1483 5269 mihi
1518 5216 1677 5269 velim
1705 5212 2038 5278 consideres,
2072 5213 2346 5282 quomodo

764 5309 960 5375 ubique
985 5306 1089 5361 Titi
1132 5308 1470 5374 praesentiam
1504 5306 1779 5374 permagni
1810 5304 2059 5358 testimet.
2113 5303 2245 5358 Nam
2288 5312 2341 5355 ct

766 5400 911 5467 prius
950 5398 1031 5451 his
1060 5397 1237 5452 verbis
1262 5412 1388 5452 usus
1418 5405 1519 5460 est,
1552 5393 1679 5449 Cum
1708 5404 1879 5449 autem
1910 5393 2154 5447 venissem
2180 5392 2346 5447 Troa-

761 5492 877 5541 dem
909 5498 1113 5559 prapter
1161 5488 1473 5557 evangelium
1495 5530 1509 5554 ,
1546 5503 1649 5541 non
1700 5484 1853 5538 habui
1892 5491 2111 5553 requiem
2147 5485 2348 5553 spiritui

763 5598 899 5645 meo,
951 5598 1009 5634 eo
1040 5583 1175 5651 quod
1218 5598 1321 5635 non
1376 5582 1650 5634 invenerim
1700 5577 1871 5633 Titum
1920 5581 2128 5645 fratrem
2181 5592 2348 5630 meum

764 5673 837 5742 (2.
873 5674 991 5727 Cor.
1022 5672 1080 5725 2.
1108 5673 1197 5742 ll)
1222 5690 1237 5738 ;
1265 5680 1319 5727 et
1345 5670 1431 5725 hic
1456 5685 1661 5735 rursus,
1696 5668 1761 5723 In
1789 5668 2008 5721 adventu
2039 5666 2143 5721 Titi
2168 5682 2350 5721 conso—

761 5768 997 5819 lationem
1018 5767 1326 5837 accepimus,
1354 5765 1543 5836 inquit.
1580 5764 1701 5819 Vult
1733 5762 1931 5833 quippe
1959 5763 2095 5832 apud
2129 5778 2223 5819 eos
2250 5779 2344 5817 au-

2484 443 2787 501 ctoritatem
2839 447 2939 517 ipsi
2985 454 3305 519 conciliare,
3352 468 3513 527 atque
3536 461 3785 528 efficere,
3833 474 3892 520 ut
3920 483 4077 522 sum-

2481 548 2705 628 mopere
2739 538 2807 628 ab
2834 540 2899 594 iis
2927 552 3158 598 ametur.
3212 549 3290 602 Ac
3335 548 3454 604 vide
3482 554 3753 619 quomodo
3783 566 4080 628 utrumque

2478 623 2734 680 adstruat.
2772 626 2850 683 Ex
2886 645 2952 684 eo
2978 633 3122 686 enim
3153 635 3292 704 quod
3315 636 3425 705 ait,
3484 639 3607 695 Non
3648 642 3804 698 habui
3846 623 4079 717 regni-eus

2477 714 2681 781 spiritui
2708 734 2816 771 meo
2835 760 2849 785 ,
2885 722 3096 776 virtutis
3125 724 3291 794 ipsius
3332 731 3748 799 magnitudinem
3778 714 4070 794 commou-

2478 813 2611 859 strat
2638 824 2651 859 :
2683 822 2748 862 ex
2775 824 2841 864 eo
2870 827 3079 867 rursum
3110 816 3253 884 quod
3282 818 3391 883 ait,
3446 819 3510 873 In
3542 824 3865 881 tribulatione
3892 844 4086 887 nostra

2480 913 2542 951 ea:
2565 898 2726 968 ipsius
2754 900 2973 957 adventu
2997 909 3422 966 consolationem
3444 914 3747 985 accipiens;
3773 920 3823 974 7.
3858 938 3950 976 nec
3975 939 4081 977 so-

2480 989 2587 1042 lum
2612 1007 2677 1044 ea:
2720 992 2878 1061 ipsius
2904 996 3147 1063 adventu,
3189 1000 3280 1055 sed
3303 1004 3455 1057 etiam
3489 1021 3553 1059 α
3574 1011 3937 1075 consolatione,
3960 1031 4076 1088 qua

2478 1082 2769 1136 consolatus
2789 1095 2864 1139 est
2891 1087 2945 1140 in
2972 1088 3147 1156 vobis;
3187 1092 3589 1151 Corinthiorum
3637 1082 4075 1159 benevolentiam

2478 1172 2578 1241 ipsi
2616 1178 2886 1234 conciliat.
2916 1178 3055 1235 Nihil
3084 1183 3228 1238 enim
3258 1186 3483 1256 perinde
3508 1190 3775 1247 amicitias
3794 1196 3967 1266 gignit
3988 1212 4077 1253 at-

2476 1280 2582 1356 que
2606 1269 2961 1338 conglutinat,
2985 1284 3046 1328 ut
3068 1290 3189 1329 cum
3214 1278 3334 1347 quis
3364 1280 3542 1337 lmtum
3563 1284 3762 1356 aliquid
3782 1302 3846 1341 ac
3873 1303 4069 1346 sanum

2476 1354 2544 1410 de
2572 1360 2821 1428 quopiam
2851 1376 3240 1421 commemorat
3269 1385 3282 1420 :
3316 1368 3368 1423 id
3390 1372 3532 1440 quod
3562 1373 3631 1428 de
3657 1354 3779 1429 Tito
3806 1377 4065 1441 aﬂirmat.

2476 1446 2681 1515 dicens,
2710 1450 2979 1507 Reversus
3002 1455 3090 1509 ille
3110 1470 3317 1512 summa
3349 1459 3531 1516 lzetitia
3560 1465 3798 1521 animum
3816 1479 4066 1525 nostrum

2474 1539 2680 1604 erexit;
2731 1550 2836 1595 tam
2871 1543 3046 1599 fausta
3092 1546 3161 1602 de
3198 1549 3347 1605 vobis
3388 1554 3651 1609 nuntiavit
3686 1574 3699 1609 :
3731 1557 3855 1613 idco
3896 1560 4069 1629 ipsius

2474 1629 2739 1689 adventus
2767 1650 2975 1706 magnae
3006 1637 3161 1693 nobis
3191 1641 3448 1712 voluptati
3478 1645 3597 1701 fuit.
3644 1646 3759 1703 Non
3803 1652 3949 1707 enim
3975 1668 4068 1709 so-

2473 1721 2581 1775 lum
2612 1724 2778 1793 ipsius
2808 1726 3068 1783 adventus
3102 1742 3200 1783 nos
3230 1731 3412 1787 laetitia
3444 1735 3653 1804 aﬂecit;
3679 1739 3774 1795 sed
3803 1742 3974 1797 etiam
3996 1757 4065 1798 ea

2472 1815 2791 1879 consolatio,
2838 1833 3000 1886 quam
3033 1820 3149 1888 ipse
3174 1836 3203 1875 a
3238 1822 3389 1877 vobis
3417 1828 3642 1896 accepit.
3672 1831 3917 1898 Quonam
3965 1850 4067 1890 au-

2474 1911 2579 1957 tem
2606 1904 2768 1959 modo
2796 1909 3221 1965 consolationem
3251 1917 3499 1983 accepit?
3536 1917 3636 1972 Per
3666 1921 3916 1979 virtutem
3967 1942 4065 1981 ve-

2472 2004 2659 2055 stram,
2688 2011 2750 2049 ac
2778 2008 2922 2053 recte
2948 1998 3086 2054 facta
3118 2019 3132 2052 :
3162 2003 3305 2058 unde
3333 2005 3493 2060 etiam
3524 2009 3821 2080 subjungit,
3849 2015 4064 2070 Annuit-

2470 2085 2601 2137 tiaus
2624 2087 2765 2141 nobis
2794 2099 3009 2144 vestrum
3034 2092 3355 2159 desiderium,
3390 2107 3603 2152 oestrum
3622 2102 3817 2171 ﬂetum,
3847 2116 4069 2161 vestram

2472 2178 2852 2234 tenmlationem
2880 2200 2973 2250 pro
3003 2202 3099 2237 me.
3145 2186 3270 2243 Hmc
3311 2200 3435 2243 sunt
3461 2209 3579 2259 qua:
3610 2194 3783 2262 ipsum
3814 2199 4062 2256 oblecta-

2470 2277 2625 2332 runt,
2683 2270 2886 2340 inquit;
2936 2273 3049 2329 haec
3091 2287 3249 2341 sunt,
3298 2296 3417 2349 qum
3451 2282 3549 2351 ipsi
3589 2287 3782 2341 solatio
3822 2289 4062 2347 fuerunt.

2472 2356 2631 2413 Vides
2658 2376 2763 2429 quo
2792 2372 2948 2430 pacto
2980 2365 3151 2433 ipsum
3184 2383 3395 2439 quoque
3420 2386 3615 2441 magno
3643 2390 3829 2431 eorum
3870 2396 4059 2437 amore

2466 2446 2693 2518 ﬂagrare
2734 2454 3015 2519 ostendat,
3053 2467 3108 2508 ut
3156 2457 3244 2526 qui
3284 2473 3472 2514 eorum
3519 2464 3845 2531 probitatem
3892 2480 4057 2543 atque

2465 2540 2687 2611 gloriam
2722 2545 3147 2600 Consolationcm
3179 2564 3327 2602 suam
3359 2566 3482 2606 esse
3506 2552 3698 2623 ducat,
3728 2571 3792 2614 ac
3816 2540 4062 2620 velutvob

2464 2634 2603 2687 bona
2626 2649 2720 2688 sua
2746 2650 2993 2691 reversus
3016 2637 3079 2692 ad
3109 2637 3329 2697 Paulum
3352 2642 3741 2712 glorietur?Ac
3762 2651 3884 2706 vide
3897 2669 4059 2723 quam

2464 2726 2687 2782 ferventi
2715 2728 2906 2783 aﬂ'ectu
2939 2746 3000 2786 ea
3032 2746 3267 2801 exponat
3298 2752 3312 2787 :
3352 2734 3583 2792 Vestrum
3604 2740 3939 2808 desiderium,
3976 2762 4061 2800 ee-

2462 2832 2622 2873 strum
2647 2823 2842 2890 ﬂetum,
2879 2835 3095 2878 vestram
3132 2828 3525 2885 wntulationem.
3563 2831 3879 2890 Verisimile
3910 2839 4056 2893 enim

2461 2923 2545 2967 est
2596 2931 2691 2969 eos
2744 2916 2795 2969 in
2853 2919 2998 2972 luctu
3044 2935 3107 2975 ac
3164 2921 3350 2977 dolore
3403 2924 3607 2991 fuisse,
3653 2928 3905 2999 quidnam
3956 2947 4061 2985 es-

2461 3019 2543 3061 set
2571 3010 2710 3078 quod
2741 3010 2925 3064 beatus
2964 3012 3163 3069 Paulus
3203 3024 3480 3085 tantopere
3522 3021 3968 3080 stomacharetur.
3996 3038 4060 3078 ac

2462 3102 2664 3155 tamdiu
2716 3104 2783 3156 ab
2832 3104 2961 3171 ipsis
3008 3106 3240 3162 abesset.
3285 3109 3544 3176 Quocirca
3588 3127 3693 3165 non
3744 3116 4063 3183 simpliciter

2460 3192 2627 3257 dixit,
2661 3192 2968 3263 Lacrymas,
2997 3195 3094 3250 sed
3144 3195 3381 3263 Fletum;
3410 3216 3509 3255 nec
3550 3200 3931 3271 Cupiditatem.
3961 3209 4061 3263 sed

2459 3282 2590 3335 Acre
2623 3282 2965 3347 desiderium;
2996 3300 3097 3341 nec
3144 3286 3304 3352 iram,
3362 3291 3453 3345 sed
3505 3292 3699 3359 zelum,
3732 3305 3785 3349 et
3836 3298 4059 3367 quidem

2457 3374 2629 3429 zelum
2663 3389 2760 3444 pro
2801 3377 2935 3443 ipso,
2969 3376 3018 3430 id
3066 3386 3181 3442 est,
3213 3395 3319 3449 quo
3363 3381 3415 3435 in
3466 3381 3840 3440 fornicatorem
3887 3397 4058 3458 atque

2461 3467 2511 3521 in
2537 3466 2683 3523 Pauli
2713 3479 3050 3525 accusatores
3079 3481 3409 3527 exarserant.
3458 3474 3562 3529 Vos
3586 3517 3601 3542 ,
3650 3477 3819 3548 inquit
3839 3520 3853 3543 ,
3885 3496 4055 3537 acce-

2460 3562 2565 3631 ptis
2621 3562 2757 3617 meis
2815 3562 2982 3618 literis
3036 3553 3359 3621 inflammati
3414 3577 3576 3638 atque
3628 3572 3832 3626 incensi
3895 3575 4053 3629 estis.

2456 3653 2539 3709 Ob
2577 3669 2695 3709 eam
2741 3670 2955 3711 causam
3003 3659 3199 3728 gaudio
3257 3660 3512 3726 abundat,
3561 3662 3629 3717 ob
3679 3679 3796 3718 eam
3828 3680 4054 3722 causam

2456 3748 2826 3802 consolatione
2875 3750 3112 3818 repletus
3154 3759 3274 3817 est,
3329 3753 3471 3820 quod
3516 3753 3661 3821 ipsos
3707 3759 4056 3823 perstrinxis-

2455 3848 2557 3893 set.
2612 3838 2739 3893 Mihi
2790 3854 2953 3909 porro
3008 3841 3106 3894 ista
3158 3855 3263 3893 non
3308 3851 3512 3896 tantum
3563 3843 3629 3897 ad
3657 3860 3880 3910 eorum,
3944 3864 4053 3918 qua

2456 3940 2878 3998 prmcesserant,
2934 3931 3357 3985 consolationem
3402 3932 3540 3985 dicta
3594 3948 3714 3987 esse
3760 3935 4051 4003 videntur,

2457 4023 2550 4075 sed
2578 4023 2736 4075 etiam
2766 4022 2830 4073 ad
2863 4037 3074 4086 eorum,
3109 4022 3198 4092 qui
3230 4021 3346 4077 hare
3376 4024 3759 4092 pra‘slitcrant.
3799 4027 4050 4084 cohorta.

2457 4115 2675 4167 tionem.
2732 4114 2985 4179 Quamvis
3032 4115 3173 4167 enim
3222 4116 3499 4179 nonnulli,
3533 4118 3831 4186 utquidem
3863 4122 4051 4175 existi-

2460 4219 2567 4267 mo,
2599 4204 2865 4271 prioribus
2891 4204 3203 4259 criminibus
3226 4206 3465 4269 obnoxii,
3496 4216 3657 4277 atque
3686 4209 3770 4264 his
3800 4211 4051 4267 laudibus

2460 4295 2656 4365 indigni
2688 4306 2888 4359 essent,
2911 4313 3014 4351 non
3040 4306 3215 4350 tamen
3248 4315 3339 4351 eos
3367 4297 3657 4360 discernit:
3686 4318 3872 4356 verum
3898 4319 4053 4359 cout-

2458 4403 2646 4441 muncs
2662 4386 2809 4455 ponit
2832 4399 2883 4441 et
2900 4387 3082 4441 laudes
3099 4397 3152 4442 et
3175 4388 3620 4457 reprehensiones
3643 4406 3657 4442 :
3683 4392 3783 4445 hoc
3797 4392 4050 4448 videlicet

2455 4478 2759 4532 auditorum
2788 4480 3128 4533 conscientiae
3159 4480 3419 4541 tribuens,
3445 4488 3502 4534 ut
3531 4482 3723 4550 singuli
3748 4498 3871 4553 qute
3891 4484 3955 4537 ad
3986 4499 4050 4538 se

2458 4571 2781 4639 pertinerent
2814 4570 3124 4639 seligerent.
3148 4569 3219 4621 Ita
3237 4570 3377 4622 enim
3400 4581 3451 4623 et
3469 4571 3915 4639 reprehensiones
3938 4590 4047 4629 non

2457 4663 2697 4717 molesta!
2729 4670 2903 4724 erant,
2934 4672 2987 4714 et
3017 4657 3204 4714 laudes
3232 4660 3685 4729 iugentcmzeium
3713 4663 4044 4719 excitabant.

2529 4754 2580 4805 5.
2625 4752 2824 4815 Eodem
2859 4767 3000 4806 nunc
3027 4768 3242 4821 quoque
3270 4751 3430 4805 modo
3459 4752 3532 4817 ii,
3561 4754 3651 4823 qui
3695 4764 4042 4823 accusantur,

2460 4844 2592 4898 :llici
2619 4844 2837 4905 debent,
2866 4843 2968 4897 hoc
3010 4851 3124 4903 est,
3161 4850 3218 4894 ut
3244 4841 3457 4911 lugeant
3482 4857 3544 4894 ac
3576 4844 3960 4908 lamententur,
3988 4857 4046 4901 et

2458 4934 2840 5003 magistrorum
2872 4949 3093 4989 suorum
3137 4932 3411 4986 desiderio
3442 4931 3688 5002 ﬂagrent,
3727 4936 4046 5004 avidiusque

2456 5038 2551 5077 eos
2594 5038 2752 5092 quam
2806 5024 2951 5092 ipsos
2989 5030 3241 5091 parentes
3288 5021 3580 5089 requirant.
3618 5022 3702 5075 Ab
3734 5024 3817 5078 his
3848 5026 4049 5095 quippe

2455 5115 2657 5180 vivere,
2684 5114 2753 5168 ab
2797 5115 2905 5167 illis
2950 5113 3087 5167 bene
3136 5111 3319 5165 vivere
3370 5109 3591 5167 habent.
3642 5112 3736 5168 Sic
3792 5124 4048 5183 paternas

2457 5208 2856 5277 obiurgationes
2912 5206 3055 5259 ferre
3111 5202 3398 5264 convenit;
3447 5203 3525 5257 sic
3576 5218 3678 5257 una
3728 5220 3851 5259 cum
3900 5208 4045 5260 anti-

2457 5298 2690 5361 stitibus,
2721 5297 2790 5351 ob
2820 5312 2910 5351 eos
2936 5295 3024 5365 qui
3074 5303 3318 5360 peccant,
3346 5293 3533 5349 dolore
3556 5292 3720 5347 afﬂci.
3752 5294 3869 5348 Non
3899 5299 4045 5350 enim

2458 5392 2509 5445 in
2541 5390 2669 5460 ipsis
2699 5398 2867 5443 totum
2899 5388 3131 5456 positum
3164 5394 3267 5446 est,
3312 5383 3407 5440 sed
3440 5384 3632 5453 partim
3662 5386 3823 5439 etiam
3852 5386 3905 5438 iu
3944 5403 4048 5437 no-

2456 5482 2557 5537 bis.
2591 5482 2802 5536 Etenim
2827 5479 2872 5534 si
2900 5480 2971 5541 is,
2997 5478 3086 5545 qui
3115 5474 3371 5545 ﬂagitium
3398 5476 3650 5541 admisit,
3684 5489 3741 5529 se
3768 5474 3985 5542 quidem
4015 5492 4047 5528 a

2456 5586 2606 5642 patre
2651 5568 3001 5641 reprehendi,
3043 5582 3071 5619 a
3105 5566 3354 5620 fratribus
3381 5574 3560 5620 autem
3605 5561 3813 5617 deliniri
3842 5564 4045 5629 videat,

2459 5667 2676 5736 segnior
2732 5662 2986 5719 eliicitur.
3035 5656 3270 5713 Proinde
3311 5673 3435 5712 cum
3487 5665 3638 5726 pater
3682 5652 3953 5724 objurgat,
3993 5668 4050 5712 tu

2465 5774 2677 5830 quoque
2730 5770 2851 5811 cum
2906 5765 2972 5806 eo
3019 5748 3304 5813 irascaris,
3356 5757 3467 5829 tum
3516 5756 3573 5800 ut
3630 5746 3809 5799 fratris
3861 5762 4052 5802 curam

4280 114 4301 427 ἲ
