4568 6424
298 396 401 456 SOI

293 530 516 590 gerens.
550 523 662 570 tum
687 522 741 568 ut
766 526 886 567 cum
918 518 1070 581 patre
1104 508 1409 580 indignatus
1436 527 1451 565 ;
1480 522 1729 575 maguum
1753 514 1870 561 stu-

291 610 447 666 dium
473 606 669 663 exhibe
710 616 765 659 et
795 604 1090 675 Iacrymare
1112 644 1128 666 ,
1159 616 1268 657 non
1298 601 1420 670 quia
1448 600 1756 670 obiurgatus
1783 609 1886 667 est,

297 698 399 755 sed
423 698 548 768 quia
576 696 835 765 peccavit.
866 693 1079 765 Alioqui
1128 694 1175 747 si
1217 700 1493 748 exstrnam
1520 690 1736 761 quidem
1763 704 1886 759 ego,

296 800 357 845 tu
386 803 515 845 vero
561 787 836 850 destruas,
872 784 1167 856 quidaliud
1210 782 1567 853 assequimur,
1625 795 1784 850 quam
1829 788 1889 833 ut

297 880 489 935 labore
531 891 632 933 nos
674 877 821 948 ipsos
865 872 1253 933 coitficiamust
1282 874 1395 929 lmo
1439 876 1546 927 non
1586 870 1747 926 modo
1792 872 1888 926 tibi

296 964 557 1024 damnum
588 969 774 1032 infers,
807 982 993 1023 verum
1024 980 1237 1036 pinnam
1267 976 1482 1033 quoque
1507 961 1601 1016 tibi
1630 961 1885 1017 accersis.

298 1061 436 1117 Nam
505 1060 597 1132 qui
656 1058 837 1114 obstat
890 1059 1179 1128 quominus
1226 1056 1420 1110 vulnus
1469 1063 1721 1118 curetur,
1778 1068 1888 1109 non

295 1154 497 1209 minori
525 1168 687 1224 quam
715 1154 806 1223 qui
837 1151 1050 1217 inﬂixit,
1080 1151 1189 1204 imo
1208 1148 1371 1203 etiam
1416 1146 1653 1217 graviori
1683 1146 1892 1217 suppli-

296 1247 388 1302 cio
432 1244 685 1301 afficitur.
717 1242 903 1313 Neque
945 1241 1090 1296 enim
1131 1253 1227 1308 par
1264 1238 1470 1293 crimen
1507 1250 1622 1304 est,
1654 1238 1887 1309 aliquem

293 1333 486 1401 ferire,
507 1342 563 1391 et
586 1332 849 1404 impedire
875 1347 941 1386 ne
965 1329 1265 1386 remedium
1290 1327 1547 1384 afferatur
1575 1346 1589 1383 :
1622 1328 1725 1386 hoc
1742 1328 1887 1386 enim

292 1426 522 1480 omnino
550 1433 779 1481 mortem
830 1421 1023 1493 gignit,
1078 1418 1207 1476 illud
1253 1427 1433 1473 autem
1486 1434 1595 1473 non
1638 1411 1885 1475 om‘nino.

299 1517 429 1573 Haec
456 1527 634 1573 autem
665 1516 820 1572 vobis
843 1529 874 1569 a
900 1497 990 1569 me
1030 1512 1173 1568 dicta
1202 1520 1348 1580 sunt,
1376 1521 1438 1567 ut
1466 1527 1587 1567 cum
1616 1513 1889 1569 antistites

289 1609 456 1679 iustis
498 1608 567 1663 de
611 1604 788 1662 causis
834 1603 1162 1669 irascuntur,
1189 1616 1286 1658 vos
1327 1617 1542 1673 quoque
1586 1617 1707 1656 cum
1755 1602 1888 1672 ipsis

294 1698 604 1756 irascamini
638 1715 652 1752 :
679 1706 741 1751 ut
764 1710 887 1753 cum
913 1694 1219 1765 quempiam
1247 1692 1587 1764 objurgatum
1613 1691 1883 1757 videritis,

294 1791 400 1861 ipsi
420 1804 542 1844 cum
558 1788 728 1858 magis
754 1787 915 1858 etiam
946 1784 1270 1841 aversemini
1297 1799 1457 1854 quam
1477 1781 1733 1854 magister
1750 1782 1885 1851 ipse.

291 1882 402 1952 Qui
430 1881 672 1952 deliquit,
705 1894 803 1935 vos
826 1878 997 1950 magis
1024 1892 1187 1949 quam
1209 1877 1498 1947 magistros
1520 1876 1886 1946 pertimescat.

298 1976 512 2031 Etenim
540 1973 587 2028 si
613 1971 854 2041 magistri
881 1971 1050 2026 solius
1093 1970 1257 2025 timor
1286 1970 1338 2025 in
1367 1967 1536 2038 ipsius
1559 1968 1738 2023 animo
1763 1980 1888 2022 ver-

296 2074 472 2130 setur,
502 2064 611 2117 cito
634 2061 881 2133 peccabit
905 2078 919 2116 :
944 2061 1029 2117 sin
1059 2067 1239 2116 autem
1268 2068 1346 2115 tot
1373 2058 1562 2116 oculos
1597 2073 1661 2114 ac
1691 2067 1770 2112 tot
1794 2071 1891 2112 ora

299 2157 668 2229 pertimuerit,
697 2156 907 2217 cautius
933 2155 1097 2210 vitam
1127 2154 1390 2209 instituet.
1418 2152 1885 2222 Quemadmodum

297 2252 448 2307 enim
501 2250 605 2305 nisi
658 2249 775 2303 haec
818 2246 1100 2314 faciamus,
1152 2254 1424 2303 extremas
1478 2260 1666 2316 poenas
1713 2244 1889 2300 daturi

297 2355 526 2398 sumus:
557 2341 624 2394 ita
645 2341 691 2394 si
723 2339 839 2395 haec
866 2347 1208 2407 prtestemus,
1256 2346 1519 2406 quaestum
1562 2350 1721 2405 quem
1769 2348 1892 2405 pec-

296 2434 537 2489 cantium
559 2429 825 2487 correctio
846 2428 1009 2498 parit,
1038 2443 1141 2483 una
1172 2441 1584 2499 consequemur.

374 2522 514 2595 Erga
538 2530 798 2592 peccantes
823 2522 1005 2591 fratrea
1030 2518 1282 2589 quomodo
1301 2516 1577 2587 agendum.
1602 2541 1678 2604 -ι
1694 2515 1891 2604 Quam-

296 2613 490 2669 obrem
512 2612 586 2666 ita
617 2610 874 2666 faciamus
901 2625 916 2663 :
946 2616 1003 2665 et
1022 2609 1070 2663 si
1098 2608 1218 2677 quis
1244 2606 1565 2661 Christianis
1599 2602 1890 2659 convenire

295 2704 517 2764 dixerit.
548 2701 935 2756 humanitatem
964 2710 1090 2768 erga
1132 2704 1442 2767 peccantem
1472 2694 1691 2750 fratrem
1731 2693 1889 2748 adbi-
1922 2747 1925 2753 _

297 2800 455 2864 bere,
482 2800 657 2853 discat
685 2798 810 2863 ille,
843 2796 1182 2850 humanitate
1211 2808 1336 2848 eum
1368 2793 1445 2848 uti
1492 2792 1585 2863 qui
1614 2790 1888 2857 irascitur,

298 2906 408 2946 non
433 2906 555 2945 eum
592 2905 622 2945 a
649 2905 757 2962 quo
790 2892 1134 2960 praemature,
1181 2887 1273 2957 qui
1317 2894 1526 2958 peccat,
1573 2883 1887 2949 advocatur,

303 2996 409 3036 nec
461 2982 665 3051 peccati
714 2983 798 3037 sui
854 2994 1017 3037 sensu
1066 2977 1209 3035 afﬁci
1268 2977 1480 3032 sinitur.
1538 2974 1669 3033 Uter
1721 2975 1890 3043 enim,

295 3070 507 3144 quaso,
548 3072 699 3128 febre
734 3088 798 3128 ac
845 3071 1098 3144 phrenesi
1146 3062 1483 3126 labOrantem
1522 3066 1892 3124 misericordia

298 3165 683 3235 prosequitur?
708 3165 826 3220 isne
850 3164 941 3235 qui
964 3162 1018 3217 in
1047 3163 1190 3218 lecto
1210 3175 1333 3216 eum
1365 3158 1557 3215 sternit
1582 3172 1646 3212 ac
1664 3155 1892 3211 vinculis

296 3254 547 3326 astringit
602 3264 763 3326 atque
809 3270 841 3309 a
882 3252 1056 3309 noxiis
1097 3251 1233 3306 cibis
1279 3260 1335 3305 et
1379 3247 1686 3319 potionibus
1719 3254 1889 3311 arcet,

298 3362 368 3401 an
390 3346 481 3415 qui
509 3346 555 3401 ei
584 3361 733 3401 mero
754 3360 813 3401 se
843 3341 1202 3416 ingurgitandi
1228 3341 1531 3397 facultatem
1559 3338 1763 3410 praebet
1782 3378 1798 3403 ,
1828 3351 1893 3391 ac

299 3437 384 3490 sui
406 3436 543 3506 juris
578 3446 632 3491 et
667 3436 875 3491 arbitrii
905 3450 1029 3491 eum
1062 3448 1183 3496 esse
1206 3432 1359 3504 jubet
1388 3431 1676 3501 omniaque
1719 3428 1894 3483 facere

299 3528 452 3594 slnit,
480 3542 600 3597 quin
628 3526 695 3582 ab
725 3528 944 3581 homine
965 3540 1099 3581 sano
1121 3525 1237 3579 fieri
1265 3524 1465 3580 debent
1484 3523 1508 3577 τ
1530 3520 1707 3576 annon
1747 3533 1895 3573 mor-

302 3620 431 3674 bum
462 3630 678 3684 quoque
708 3616 793 3669 hic
814 3623 997 3685 auget,
1029 3616 1119 3685 qui
1166 3613 1517 3667 humanitatis
1542 3610 1722 3666 officio
1747 3609 1903 3681 fungi-

300 3705 408 3761 sibi
435 3704 668 3770 videtur,
700 3719 823 3759 cum
844 3713 1031 3759 contra
1058 3704 1148 3759 ille
1176 3703 1424 3758 morbum
1458 3702 1659 3771 pellat?
1692 3700 1892 3755 Eodem

302 3796 468 3852 modo
496 3795 585 3849 hic
627 3809 841 3865 quoque
876 3794 1201 3864 judicamus.
1230 3792 1588 3847 Humanitatis
1610 3790 1754 3844 enim
1786 3798 1891 3855 est,

300 3885 522 3957 :egrotis
552 3883 667 3940 non‘
682 3884 878 3955 ubique
911 3883 1210 3954 indulgere,
1244 3898 1345 3937 nec
1374 3878 1729 3951 praeposteris
1749 3877 1894 3947 ipso-

302 3993 429 4033 rum
458 3975 840 4046 cupiditatibus
882 3974 1202 4029 adblandiri.
1238 3969 1409 4028 Nemo
1440 3984 1563 4026 eum
1584 4010 1600 4036 ,
1631 3967 1721 4038 qui
1751 3966 1892 4037 apud

302 4068 613 4125 Corinthios
635 4066 935 4123 fornicatus
956 4075 1094 4131 erat,
1123 4075 1232 4121 tam
1254 4067 1470 4119 amabat
1500 4076 1658 4134 quam
1675 4060 1887 4124 Paulus,

302 4162 396 4230 qui
428 4175 550 4215 eum
582 4170 784 4215 satana:
806 4158 944 4213 tradi
968 4157 1194 4227 jubebat
1218 4157 1301 4228 (l.
1327 4154 1447 4210 Cor.
1484 4153 1572 4225 5);
1606 4166 1764 4207 nemo
1784 4166 1895 4205 rur-

302 4268 399 4307 sns
427 4263 533 4307 tam
558 4267 681 4307 eum
704 4250 914 4317 oderat,
960 4262 1120 4319 quam
1149 4249 1182 4303 ii
1215 4248 1303 4317 qui
1339 4246 1581 4317 peccanti
1608 4242 1901 4315 applauded

304 4345 437 4399 bant
465 4352 519 4398 et
537 4342 992 4411 obsequebantur.
1018 4341 1195 4408 Atque
1214 4337 1315 4393 hoc
1335 4339 1514 4394 esitus
1538 4339 1615 4393 rei
1643 4351 1894 4407 compro~

308 4433 478 4487 bavit.
511 4432 592 4486 Illi
638 4433 783 4487 enim
830 4430 997 4501 ipsius
1040 4431 1203 4486 etiam
1244 4432 1479 4483 animum
1524 4428 1801 4493 inﬂarunt,
1830 4441 1893 4480 ac

1440 4548 1479 4559 ν,-

1365 392 1433 449 IN
1474 390 1689 449 EPIST.
1733 393 1776 447 ll
1838 390 1930 447 AD
1968 391 2121 448 C03.
2165 392 2395 450 HUMIL.
2440 395 2556 451 XV.

3480 403 3586 459 τιυὶ

1994 513 2260 563 tumorem
2306 510 2570 577 majorem
2617 509 2946 575 effecerunt;
2978 511 3064 569 hic
3101 522 3281 571 autem
3322 525 3583 573 tumorem

1994 597 2341 667 compressit.
2368 613 2470 652 nec
2489 606 2616 654 ante
2646 600 2873 666 abstitit,
2898 617 3061 670 quam
3084 618 3206 658 eum
3230 606 3455 676 integras
3483 622 3581 661 va-

1994 688 2220 745 letudini
2242 686 2565 746 reddidisset
2594 705 2609 744 :
2638 700 2798 762 atque
2827 692 2904 747 illi
2929 691 3149 762 quidem
3192 694 3417 764 malum,
3442 695 3589 768 quod

1989 778 2101 849 jam
2123 788 2262 845 erat,
2290 790 2596 848 auxerunt;
2626 781 2713 838 hic
2742 798 2873 838 vero
2915 783 2991 848 id,
3019 784 3162 854 quod
3197 777 3429 854 primum
3450 768 3582 843 oon-

1994 880 2217 928 tractum
2246 873 2439 937 fuerat,
2463 874 2680 930 evulsit.
2725 874 2991 943 Quocirca
3032 878 3321 935 nos‘etiam
3350 879 3451 935 bas
3476 880 3577 935 lin-

1993 961 2267 1021 manitatis
2316 967 2462 1037 leges
2505 968 2870 1025 addiscamus.
2918 970 3052 1026 Nam
3095 982 3151 1027 et
3192 982 3271 1040 tu,
3298 974 3349 1028 si
3386 990 3583 1045 equum

1994 1056 2191 1112 videris
2210 1059 2302 1129 qui
2327 1060 2380 1114 in
2404 1062 2699 1133 praecipitia
2734 1062 2957 1131 feratur,
2982 1063 3191 1121 frenum
3219 1048 3414 1136 injicis,
3441 1069 3583 1123 acri-

1994 1154 2180 1219 terque
2207 1150 2419 1205 inhibes
2446 1165 2510 1206 ac
2539 1166 2687 1222 saepe
2723 1152 2962 1223 ﬂagellas
2991 1172 3005 1206 :
3032 1168 3353 1227 quamquam
3380 1159 3589 1212 cruciao

1995 1247 2081 1295 tus
2124 1238 2227 1295 hoc
2266 1249 2391 1307 est;
2419 1256 2608 1296 verum
2639 1240 2947 1312 bujusmodi
2979 1244 3251 1301 cruciatus
3282 1248 3506 1303 salutem
3536 1249 3589 1303 ci

1992 1332 2168 1388 affert.
2198 1332 2459 1388 Eamdem
2488 1334 2651 1405 igitur
2676 1349 2800 1405 erga
2835 1350 2931 1391 eos
2952 1336 3044 1405 qui
3072 1348 3297 1407 peccant
3322 1341 3589 1395 rationem

1994 1430 2119 1478 tene
2170 1440 2184 1477 :
2234 1423 2463 1479 vinculis
2508 1439 2658 1491 eum,
2712 1424 2807 1494 qui
2852 1426 3033 1481 scelus
3084 1426 3322 1495 admisit,
3373 1444 3589 1498 coerce,

1978 1514 2164 1585 usque
2180 1514 2310 1569 dum
2339 1516 2455 1586 ipse
2478 1516 2646 1571 Deum
2676 1516 2777 1575 sibi
2808 1518 3095 1588 propitium
3122 1518 3422 1575 reddiderit
3452 1536 3466 1574 :
3496 1536 3591 1576 so-

1993 1603 2164 1662 lutum
2203 1620 2327 1660 eum
2378 1621 2449 1662 ne
2490 1607 2727 1679 linquas,
2780 1624 2847 1663 ne
2892 1609 3214 1665 arctioribns
3256 1609 3451 1667 divinae
3494 1612 3590 1667 irte

1992 1697 2219 1753 vinculis
2242 1700 2665 1769 constringatur.
2696 1700 2752 1756 Si
2778 1702 2988 1757 vincula
3017 1704 3133 1772 ipse
3158 1702 3413 1773 iujecero,
3446 1704 3587 1759 Deus

1993 1802 2100 1842 non
2122 1786 2233 1857 jam
2259 1788 2498 1853 vinciet;
2539 1790 2623 1843 sin
2650 1800 2830 1846 autem
2874 1792 2927 1846 in
2958 1792 3193 1849 vinculis
3216 1810 3341 1850 eum
3370 1808 3476 1851 non
3503 1804 3590 1852 te-

1995 1891 2185 1941 nuero,
2234 1876 2502 1951 ejusmodi
2554 1893 2676 1933 eum
2725 1880 2938 1935 vincula
2979 1892 3221 1949 manent,
3268 1901 3389 1956 qua:
3417 1885 3590 1958 frangi

1994 1981 2102 2024 non
2126 1976 2352 2037 queant.
2388 1966 2602 2021 Sienim
2627 1969 3254 2040 uosipsoa'jutticaremus,
3284 1990 3387 2030 non
3416 1977 3593 2047 utique

1987 2058 2344 2128 iudicaremur
2373 2059 2451 2127 (ι.
2483 2058 2601 2113 Cor.
2627 2061 2716 2115 ll.
2742 2060 2858 2131 3|).
2880 2060 2960 2116 Ne
2989 2060 3126 2117 hanc
3151 2074 3263 2118 rem
3293 2065 3589 2120 crudelitao

1996 2148 2066 2204 tis
2089 2163 2153 2204 ac
2178 2150 2405 2204 sanvitite
2431 2166 2554 2205 esse
2578 2150 2879 2219 arbitreris,
2912 2152 3006 2207 sed
3030 2168 3255 2211 summae
3279 2155 3553 2227 benignita
3570 2187 3591 2198 -

1994 2238 2064 2293 tis
2086 2241 2656 2311 prmstantissimaaque
2697 2242 2948 2299 medendi
2975 2244 3200 2300 rationis
3229 2261 3329 2301 nec
3355 2248 3590 2318 vulgaris

1994 2332 2392 2388 sollicitudinis.
2450 2333 2643 2389 Verum
2686 2335 2819 2389 satis
2858 2336 2949 2390 diu
2977 2338 3588 2407 pinnasexpendcrunt,

1995 2422 2193 2490 inquis.
2222 2422 2747 2493 Quamdiu,qn;rso?
2769 2440 2971 2481 annum
3000 2440 3177 2483 unum"
3193 2438 3249 2483 et
3274 2429 3502 2485 alterum
3524 2444 3589 2486 ac

1994 2511 2143 2565 tres?
2170 2511 2333 2581 Atqui
2363 2514 2617 2581 temporls
2648 2528 2856 2571 moram
2882 2532 2988 2572 nou
3010 2533 3222 2587 quarm,
3252 2521 3347 2576 sed
3389 2522 3588 2576 anima:

1994 2602 2414 2658 correctionem.
2470 2604 2585 2660 [loc
2640 2605 2820 2676 itaque
2865 2607 2948 2663 fac
2989 2608 3354 2675 demonstres,
3402 2614 3585 2669 sintne

1994 2694 2323 2764 compuncti,
2348 2695 2529 2750 sintne
2574 2695 2626 2749 in
2673 2697 2865 2752 melius
2912 2698 3209 2763 immutati;
3249 2709 3304 2754 et
3351 2715 3441 2756 res
3474 2709 3583 2765 tota

1994 2786 2235 2843 confecta
2268 2787 2392 2843 erit.
2421 2788 2573 2857 Quod
2605 2790 2704 2843 nisi
2753 2790 2823 2845 ita
2870 2792 2962 2859 sit,
3015 2792 3149 2848 nihil
3181 2793 3427 2864 profecto
3454 2805 3591 2850 tem-

1997 2880 2147 2949 poris
2173 2880 2498 2937 diuturnitas
2526 2884 2881 2939 emolumenti
2921 2886 3182 2941 attulerit.
3213 2887 3397 2958 Neque
3440 2888 3583 2944 enim

1996 2973 2263 3046 saepiusne
2287 2975 2579 3046 obligatum
2611 2976 2807 3036 vulnus
2851 2978 3030 3043 fuerit,
3053 2980 3368 3049 qua-rimus,
3398 2980 3493 3036 sed
3520 2994 3588 3035 an

1998 3064 2229 3136 ligamen
2281 3066 2413 3122 illud
2468 3066 2872 3137 profueritzac
2914 3070 2959 3124 si
3004 3070 3166 3125 ctiam
3218 3071 3286 3125 ad
3336 3074 3587 3143 exiguum

1998 3163 2211 3225 tempus
2234 3156 2530 3211 adhibitum
2561 3159 2782 3227 profuit,
2816 3173 2922 3215 non
2970 3158 3200 3230 amplius
3224 3162 3546 3218 adhibeatur
3572 3177 3587 3220 :

1996 3244 2042 3297 si
2070 3253 2249 3299 autem
2279 3244 2411 3298 nihil
2455 3246 2595 3313 juvit
2614 3287 2631 3311 ,
2657 3250 2823 3303 etiam
2849 3258 2973 3319 post
2998 3250 3187 3305 decem
3232 3265 3405 3306 annos
3433 3251 3591 3307 adhi-

1995 3333 2203 3391 beatur.
2232 3334 2329 3389 llic
2351 3335 2596 3390 solvendi
2624 3337 2790 3392 vincti
2820 3340 3080 3393 terminus
3105 3350 3248 3407 csto,
3282 3343 3504 3397 utilitas.
3529 3342 3588 3399 Si

1995 3424 2063 3479 ad
2094 3424 2237 3479 hunc
2265 3424 2481 3480 modum
2505 3434 2559 3481 et
2586 3427 2755 3483 nostri
2786 3436 2841 3483 et
2861 3436 3183 3484 ceterorum
3214 3443 3399 3485 curam
3427 3447 3586 3501 gera-

1997 3533 2139 3584 mus,
2167 3533 2232 3574 ac
2271 3535 2377 3575 non
2406 3518 2681 3575 hominum
2708 3521 2936 3592 gloriam
2964 3532 3059 3577 aut
3086 3523 3432 3593 ignominiam
3459 3540 3587 3595 spe-

1998 3618 2227 3675 ctemus,
2258 3626 2443 3665 verum
2493 3612 2685 3666 futurae
2722 3614 2847 3667 vitm
2891 3615 3187 3670 cruciatum
3217 3629 3281 3670 ac
3308 3616 3586 3685 probrum,

1996 3711 2157 3772 atque
2202 3713 2329 3757 ante
2370 3702 2549 3756 omnia
2591 3703 2685 3756 Dei
2736 3704 3089 3761 offensionem
3132 3707 3289 3763 nobis
3314 3708 3383 3761 ob
3408 3708 3593 3763 oculos

1998 3802 2283 3861 ponentes,
2312 3791 2643 3861 paenitentiae
2672 3792 2960 3862 pharmace
2987 3811 3093 3851 non
3121 3796 3314 3852 leviter
3344 3798 3585 3870 impona-

1997 3890 2156 3947 mus;
2217 3890 2327 3936 tum
2378 3881 2444 3936 ad
2505 3882 2766 3952 integram
2845 3884 3129 3941 sanitatem
3195 3890 3591 3958 quamprimum

1999 3973 2302 4038 veniemus,
2332 3982 2442 4028 tum
2491 3973 2666 4028 futura
2708 3974 2845 4029 bona
2875 3989 3269 4047 consequemur
3299 3994 3312 4030 :
3343 3995 3462 4049 quas
3487 3983 3595 4035 titl-

1998 4078 2121 4121 nam
2152 4082 2340 4121 omnes
2384 4081 2797 4137 consequamur.
2829 4084 2927 4137 per
2950 4071 3174 4140 gratiam
3203 4084 3267 4128 ac
3290 4070 3591 4142 benignitao

2001 4165 2108 4211 tem
2152 4156 2360 4209 Domini
2406 4157 2573 4209 nostri
2618 4156 2742 4210 Jesu
2774 4156 2995 4224 Christi,
3044 4160 3131 4214 cui
3170 4175 3292 4216 cum
3338 4162 3495 4217 Patre
3540 4172 3590 4219 et

1999 4247 2200 4317 Spiritu
2254 4254 2445 4299 sancto
2486 4246 2684 4314 gloria,
2740 4246 2935 4314 honor,
2983 4248 3288 4318 imperium,
3342 4264 3484 4309 nunc
3529 4244 3595 4309 et

2000 4350 2238 4405 semper,
2264 4343 2319 4390 ct
2350 4336 2402 4389 in
2435 4336 2637 4390 saecula
2665 4336 3005 4393 saeculorum.
3037 4340 3231 4396 Amen.

1685 4604 2028 4668 HOMILIA
2076 4607 2218 4668 XV.

302 4741 436 4797 Car.
469 4739 522 4794 7.
562 4753 617 4796 ν.
646 4740 698 4795 8.
731 4739 900 4807 Quare
920 4739 1012 4794 etsi
1050 4736 1342 4792 contriticri
1370 4756 1453 4790 ιιτι·
1478 4753 1563 4803 per
1601 4731 1888 4805 epistolam,

601 4848 701 4885 non
725 4847 803 4884 me
823 4830 1045 4899 panitet.
1075 4828 1267 4883 etiam‘
1287 4828 1429 4895 pou?-
1462 4828 1589 4879 .Jril.

380 4923 434 4976 l.
478 4920 594 4975 Jam
620 4922 690 4977 de
715 4921 937 4991 epistola
976 4934 1039 4975 se
1081 4927 1322 4981 excusat,
1352 4932 1473 4970 cum
1504 4924 1748 4973 eorrecto
1777 4928 1899 4985 pec-

306 5022 433 5069 cato
481 5011 599 5067 sine
646 5012 885 5083 periculo
937 5012 1184 5069 blandius
1250 5023 1343 5065 eos
1404 5009 1603 5077 ati'iqui
1650 5016 1894 5079 poterat,

310 5102 655 5171 ostenditque
701 5114 899 5169 quanta
933 5117 1000 5158 ex
1030 5118 1092 5158 ca
1140 5118 1199 5158 re
1232 5100 1434 5154 utilitas
1483 5107 1630 5169 parta
1673 5100 1762 5154 sit.
1804 5100 1895 5153 At-

310 5210 419 5266 que
461 5194 564 5247 hoc
606 5192 820 5273 quidem
864 5192 1027 5246 etiam
1057 5193 1169 5269 jam
1214 5202 1337 5247 ante
1377 5189 1610 5254 fecerat,
1660 5188 1844 5242 dicens
1879 5204 1893 5240 :

314 5285 401 5342 Ea:
456 5286 615 5339 multa
652 5284 782 5338 enim
821 5282 1140 5337 tribulatione
1177 5294 1224 5337 et
1262 5281 1496 5353 angustia
1534 5280 1700 5333 cordis
1762 5281 1894 5332 scri-

309 5379 392 5451 psi
435 5375 569 5429 vobis
597 5415 613 5437 ,
670 5390 771 5427 non
826 5382 881 5425 ut
932 5375 1331 5437 contristemint',
1390 5373 1477 5426 sed
1522 5378 1576 5424 ut
1634 5370 1896 5424 caritatem

309 5465 648 5539 cognoscatis,
678 5478 829 5531 quam
859 5460 1201 5517 abundantius
1229 5464 1386 5518 habeo
1409 5478 1529 5533 erga
1555 5476 1640 5514 vos
1662 5459 1737 5528 (2.
1772 5459 1891 5515 Cor.

309 5559 370 5614 2.
397 5559 492 5625 4):
524 5554 625 5609 hoc
653 5562 832 5607 autem
857 5552 1016 5606 etiam
1049 5568 1191 5607 nunc
1219 5554 1343 5609 facit
1370 5593 1385 5620 ,
1418 5568 1480 5607 ac
1511 5551 1747 5622 pluribus
1776 5566 1897 5607 ver-

310 5648 397 5701 bis
419 5644 664 5702 adstruit.
694 5640 805 5697 Nec
832 5641 997 5705 dixit,
1025 5639 1180 5696 Prius
1206 5643 1419 5711 quidem
1446 5658 1533 5697 me
1571 5640 1858 5710 poenitebat
1877 5681 1891 5706 ,

311 5751 457 5791 nunc
498 5746 675 5792 autem
722 5747 829 5787 non
875 5746 961 5787 me
1004 5732 1266 5802 poenitet;
1309 5734 1402 5789 sed
1433 5731 1739 5806 quomoda?
1772 5732 1893 5785 Non

311 5843 393 5881 me
412 5829 610 5896 partim
636 5838 796 5887 nunc,
816 5822 1010 5876 etiamsi
1036 5838 1115 5877 me
1130 5820 1411 5892 paenituerit
1431 5843 1448 5881 :
1474 5825 1623 5895 quasi
1650 5826 1851 5881 diceret
1874 5842 1887 5879 :

688 5937 964 5995 Panos.
1014 5936 1135 5997 Gn.
1186 5938 1345 5998 LXI.

2006 4728 2227 4783 Etiamsi
2260 4724 2522 4796 ejusmodi
2566 4716 2753 4783 essent
2781 4745 2841 4785 ea
2874 4746 2992 4800 qua:
3029 4728 3385 4803 scripseram,
3418 4746 3472 4789 ut
3504 4738 3588 4791 in-

2002 4819 2329 4895 crepatiouis
2370 4818 2589 4874 modum
2629 4820 2985 4886 excederent,
3025 4837 3089 4878 ac
3136 4840 3219 4879 me
3263 4826 3595 4895 pmnitudine

2003 4893 2318 4975 allicereut;
2359 4920 2535 4966 tamen
2579 4928 2831 4984 magnum
2876 4914 3007 4969 illud
3041 4919 3380 4973 commodum
3406 4958 3422 4986 ,
3451 4922 3591 4989 quod

2003 5018 2067 5058 ex
2111 5002 2175 5055 iis
2203 4993 2373 5056 literis
2401 5003 2644 5067 exstitit,
2679 5019 2784 5058 non
2819 5005 2926 5074 jam
2971 5021 3058 5061 me
3091 5008 3419 5076 paenitudine
3452 5012 3592 5082 tangi

2002 5093 2149 5147 sinit.
2183 5091 2310 5147 Haec
2339 5109 2499 5163 porro
2532 5110 2636 5147 non
2665 5110 2730 5150 eo
2761 5095 2971 5152 diccbat
2991 5140 3007 5164 ,
3047 5099 3189 5169 quod
3231 5102 3512 5159 immodica
3542 5106 3593 5161 in

2002 5199 2094 5238 eos
2131 5183 2506 5254 objurgatibnc
2547 5201 2676 5241 usus
2728 5195 2911 5251 esset,
2952 5189 3047 5244 sed
3089 5201 3144 5245 ut
3174 5206 3359 5246 eorum
3409 5192 3595 5249 laudes

2000 5275 2369 5346 ampliﬁcaret.
2416 5277 2642 5331 Tantam
2683 5279 2859 5342 enim,
2909 5279 3119 5351 inquit,
3162 5283 3591 5341 emendationem

2003 5384 2111 5439 pra:
2149 5367 2300 5434 vobis
2334 5369 2563 5437 tulistis,
2614 5380 2672 5423 ut
2716 5371 2926 5426 etiamsi
2965 5374 3093 5427 mihi
3141 5376 3403 5431 acriorem
3441 5379 3592 5433 vobis

2002 5464 2207 5533 plagam
2257 5462 2505 5517 intulisse
2534 5464 2881 5534 contigisset,
2910 5474 2969 5519 ut
3002 5481 3088 5520 me
3120 5466 3241 5522 ideo
3270 5468 3590 5523 condemna-

2002 5569 2139 5617 rem,
2172 5567 2314 5608 nunc
2346 5563 2523 5607 tamen
2557 5564 2840 5625 perspecto
2866 5556 2943 5609 rei
2984 5558 3128 5611 exitu
3178 5556 3371 5613 factum
3412 5573 3589 5614 meum

2004 5643 2298 5700 laudarem.
2330 5643 2401 5700 Ut
2426 5646 2480 5697 in
2510 5647 2691 5713 pueris
2718 5661 2816 5700 usu
2845 5647 2989 5701 venit
3016 5688 3032 5713 ,
3064 5656 3122 5701 ut
3143 5663 3262 5702 cum
3294 5665 3454 5719 grave
3493 5652 3589 5705 ali-

2001 5733 2142 5805 quod
2171 5734 2301 5801 ipsis
2322 5744 2376 5789 et
2402 5737 2653 5791 acerbum
2682 5736 3058 5792 medicamenti
3087 5754 3256 5807 genus
3290 5740 3587 5796 adhibitum

2002 5834 2104 5895 est,
2136 5824 2305 5879 sectio
2336 5835 2483 5897 puta,
2513 5826 2601 5879 vel
2630 5828 2805 5894 ustio,
2838 5828 2922 5883 vel
2951 5842 3131 5882 amara
3162 5831 3308 5898 potio
3326 5832 3590 5901 qumdam,

3190 5931 3270 5988 32
