4460 6428
841 332 944 388 ωδ

838 455 952 500 tuto
969 443 1079 513 jam
1111 444 1176 497 iis
1202 440 1566 496 blandiamur:
1592 444 1660 496 ita
1697 443 1780 497 hic
1807 459 2014 515 quoque
2036 444 2230 499 Paulus
2258 444 2401 498 facit.

851 534 1004 587 Video
1025 535 1157 587 enim
1186 534 1319 602 quod
1340 533 1556 602 epistola
1579 534 1688 598 illa,
1721 535 1814 587 etsi
1838 534 1906 588 ad
1935 536 2114 588 horam
2139 575 2153 600 ,
2175 551 2261 588 vos
2285 551 2407 588 con-

836 625 1068 678 tristarit.
1113 623 1167 678 9.
1216 622 1370 676 Nunc
1406 624 1620 694 gaudeo,
1650 641 1750 676 non
1793 625 1912 693 quia
1948 625 2230 678 contristati
2259 625 2403 689 estis,

831 718 920 769 sed
961 717 1079 784 quia
1108 715 1392 770 contristati
1439 717 1558 770 estis
1595 716 1663 768 ad
1701 717 2065 785 paenitentiam.
2116 718 2401 786 Postquam

831 806 982 868 dixit,
1016 803 1136 859 Non
1167 821 1247 858 me
1275 806 1478 874 poenitet
1498 845 1512 870 ,
1544 819 1761 859 causam
1792 805 1947 874 hujus
1978 806 2054 861 rei
2082 807 2256 871 affert,
2289 807 2403 861 fru-

829 909 972 950 ctum
1003 897 1091 966 qui
1123 911 1189 950 ex
1219 895 1386 950 literis
1417 895 1520 950 illis
1549 907 1696 948 ortus
1722 901 1805 948 est
1833 910 2053 964 ponens,
2076 911 2137 951 ac
2166 897 2400 966 pruden-

831 995 911 1041 ter
947 1001 1007 1040 se
1045 1000 1276 1054 purgans
1322 984 1406 1039 bis
1454 985 1630 1040 verbis
1654 1025 1670 1050 ,
1725 983 1835 1037 Etsi
1874 987 1942 1038 ad
1970 986 2162 1041 horam.
2215 988 2401 1042 Brevis

829 1079 993 1142 enim,
1021 1077 1192 1146 inquit
1218 1115 1236 1140 ,
1261 1091 1324 1131 ea
1354 1075 1595 1131 molestia
1642 1077 1773 1140 fuit;
1802 1085 1857 1130 at
1883 1077 2080 1132 utilitas
2121 1087 2396 1147 perpetua.

826 1169 904 1222 Ac
927 1176 1080 1222 tenor
1107 1166 1321 1236 quidem
1347 1166 1604 1222 orationis
1629 1167 1929 1238 postulabat
1963 1179 2020 1223 ut
2061 1170 2131 1222 ita
2162 1170 2396 1236 diceret,

829 1255 940 1310 Etsi
989 1256 1055 1310 ad
1095 1255 1281 1312 horam
1306 1271 1402 1310 vos
1443 1257 1812 1322 contristavit;
1855 1265 1910 1311 at
1946 1270 2215 1328 perpetua:
2251 1262 2396 1316 vobis

825 1345 1024 1401 lautitia:
1062 1357 1221 1417 atque
1249 1347 1462 1402 utilitati
1499 1357 1682 1417 postea
1727 1347 1855 1401 fuit:
1885 1365 2068 1405 verum
2113 1350 2191 1405 bis
2222 1353 2397 1408 verbis

825 1451 929 1491 non
960 1438 1160 1502 utitur,
1192 1436 1286 1491 sed
1330 1441 1634 1506 priusquam
1664 1437 1939 1492 utilitatem
1968 1456 2082 1494 eam
2125 1454 2355 1512 exponat
2379 1486 2393 1509 ,

821 1529 888 1584 ad
914 1543 1099 1586 eorum
1129 1527 1316 1584 laudes
1344 1543 1529 1583 rursus
1558 1529 1764 1595 transit,
1793 1532 2128 1600 ostenditque
2154 1549 2253 1602 qua
2284 1536 2394 1589 sol-

823 1618 1100 1674 licitudine
1144 1618 1276 1686 ipsis
1319 1618 1644 1688 prospiciat,
1690 1620 1918 1676 dicens:
1966 1622 2117 1676 Nunc
2156 1626 2389 1692 gaudeo,

821 1727 922 1765 non
947 1712 1066 1781 quia
1084 1711 1364 1765 contristati
1383 1713 1541 1776 estis;
1566 1711 1690 1781 quid
1714 1715 1853 1767 enim
1884 1729 1952 1769 ex
1983 1729 2069 1781 eo,
2093 1717 2231 1786 quod
2260 1732 2394 1773 ince-

820 1817 943 1856 rore
971 1800 1144 1855 allecti
1174 1801 1310 1867 sitis,
1339 1800 1406 1855 ad
1435 1817 1519 1856 me
1542 1802 1674 1856 lucri
1708 1804 1888 1858 redit?
1915 1805 2003 1858 sed
2041 1808 2158 1873 quia
2197 1811 2389 1861 contri-

817 1893 936 1946 stati
955 1894 1072 1947 estis
1086 1892 1154 1946 ad
1170 1893 1547 1962 ptenitentiam,’
1568 1895 1689 1963 quia
1711 1893 1939 1949 fructum
1958 1898 2184 1966 aliquem
2208 1898 2388 1955 habuit

819 1983 905 2036 hic
932 1997 1148 2038 mceror.
1183 1982 1248 2038 Ut
1280 1993 1428 2052 pater
1450 2022 1466 2048 ,
1496 1984 1589 2053 qui
1619 1999 1738 2038 cum
1784 1985 1944 2040 tilium
1975 1989 2143 2040 secari
2171 1991 2387 2056 conspi.

813 2074 908 2142 cit,
939 2089 1042 2128 non
1067 2089 1132 2130 eo
1166 2073 1358 2144 gaudet
1385 2073 1527 2143 quod
1556 2074 1923 2140 excrucietur,
1956 2074 2050 2128 sed
2073 2077 2210 2143 quod
2242 2093 2387 2132 mor-

814 2163 914 2218 bus
955 2163 1329 2233 prOpulsctur:
1363 2163 1433 2216 ita
1475 2176 1689 2230 quoque
1732 2161 1946 2216 Paulus.
1993 2164 2069 2217 Ac
2108 2164 2228 2220 vide
2255 2183 2389 2234 quo-

812 2254 972 2308 modo
996 2269 1026 2309 a
1063 2253 1225 2308 rebus
1261 2252 1329 2306 ad
1365 2266 1458 2306 eos
1484 2266 1795 2320 prosperum
1827 2266 2040 2308 omnem
2080 2269 2384 2311 successum

816 2345 1132 2409 transferat,
1161 2351 1215 2397 ct
1257 2341 1551 2396 molestiam
1597 2341 1768 2395 literis
1802 2342 1912 2397 suis
1941 2342 2235 2411 adscribat,
2264 2362 2381 2401 cum

809 2434 886 2488 ait
905 2474 921 2498 ,
962 2432 1074 2487 Etsi
1101 2432 1169 2485 ad
1202 2433 1378 2486 horam
1408 2448 1493 2486 vos
1519 2432 1863 2500 contristavit,
1899 2435 2180 2494 utilitatem
2204 2450 2380 2494 autem

812 2539 880 2577 ex
909 2523 1079 2576 literis
1123 2521 1335 2578 allatam
1381 2538 1565 2577 eorum
1601 2522 1778 2577 virtuti
1821 2524 2038 2580 tribuat.
2079 2527 2194 2584 Non
2240 2531 2382 2585 enim

806 2614 973 2680 dixit,
1005 2614 1137 2684 Quia
1166 2629 1259 2671 vos
1294 2616 1515 2685 cpistola
1557 2616 1825 2685 correxit,
1864 2617 2074 2674 etiamsi
2113 2620 2184 2675 ita
2210 2634 2268 2676 se
2294 2637 2380 2678 res

809 2704 1033 2772 habeat,
1063 2705 1153 2760 sed
1177 2747 1194 2770 ,
1247 2706 1380 2771 Quia
1420 2707 1706 2761 contristati
1749 2709 1866 2760 estis
1912 2709 1980 2761 ad
2016 2712 2374 2780 pauitentiam.

806 2796 1098 2850 Contristati
1131 2799 1264 2851 enim
1285 2798 1402 2852 estis
1438 2796 1713 2852 secundant
1753 2797 1914 2851 Deam
1935 2838 1950 2864 ,
1978 2811 2029 2853 ut
2069 2801 2122 2854 in
2162 2803 2302 2856 nulla
2327 2822 2380 2858 re

804 2887 1159 2942 detrimentum
1209 2889 1493 2947 patiamini.
1543 2885 1702 2944 Vides
1757 2890 2092 2960 prudentiam
2136 2893 2377 2950 ineffabi-

803 2979 951 3032 lem?
975 2977 1086 3033 Nisi
1117 2979 1259 3033 enim
1299 2979 1402 3033 hoc
1443 2977 1790 3045 fecissemus,
1833 2981 2002 3050 inquit
2025 3023 2040 3049 ,
2071 2998 2317 3054 magnum
2345 3002 2378 3043 ι

802 3069 955 3124 nobis
982 3068 1236 3122 damnum
1271 3070 1634 3143 accepissetis.
1666 3073 1743 3126 Ac
1770 3070 1969 3126 bonum
2003 3073 2127 3130 inde
2167 3087 2374 3146 partum

803 3159 934 3227 ipsis
961 3159 1238 3215 adscribit.
1268 3158 1519 3215 damnum
1547 3175 1675 3216 vero
1695 3176 1754 3216 se
1777 3163 2056 3219 allaturum
2088 3166 2249 3224 fuisse
2277 3171 2372 3238 ait,

797 3252 841 3304 si
870 3251 1136 3308 tacuisset.
1169 3251 1301 3308 Nam
1325 3251 1366 3306 si
1389 3267 1454 3308 ex
1483 3254 1815 3310 correctione
1840 3257 2145 3314 emendatio
2173 3275 2373 3330 sequu-

803 3352 915 3397 tura
943 3352 1096 3409 erat;
1130 3343 1231 3399 nisi
1279 3345 1637 3413 increpasscm
1658 3387 1674 3411 ,
1702 3346 1855 3407 vobis
1878 3347 2129 3403 damnum
2165 3352 2374 3408 intulis-

798 3447 937 3497 sem,
965 3433 1106 3501 quod
1132 3442 1185 3487 et
1210 3434 1337 3487 mihi
1369 3444 1422 3487 et
1452 3435 1601 3488 vobis
1625 3447 1910 3489 commune
1937 3436 2143 3491 fuisset.
2173 3439 2371 3504 Quem-

797 3520 1084 3576 admodum
1106 3523 1247 3576 enim
1264 3523 1352 3591 qui
1375 3522 1658 3577 mercatori
1679 3536 1762 3586 ea.
1785 3537 1904 3592 quae
1926 3523 1992 3579 ad
2020 3526 2373 3597 navigandum

798 3613 1101 3668 necessaria
1121 3622 1267 3679 sunt,
1297 3627 1402 3667 non
1425 3613 1749 3684 suppeditat,
1777 3613 1894 3684 ipse
1909 3624 1992 3671 est
2011 3617 2100 3687 qui
2120 3617 2372 3675 damnum

796 3703 984 3770 infert;
1032 3703 1220 3760 eodem
1258 3702 1453 3771 modo,
1501 3704 1601 3760 nisi
1654 3706 1982 3776 ptenitentize
2031 3709 2368 3766 occasionem

797 3797 950 3850 vobis
973 3796 1407 3868 prmbuissemus,
1437 3810 1533 3852 vos
1559 3796 1759 3853 damno
1791 3797 2176 3856 afl‘ecissemus.
2208 3802 2370 3860 Vides

791 3903 900 3959 quo
924 3897 1077 3958 pacto
1123 3898 1406 3958 peccantes
1454 3903 1559 3944 non
1610 3891 1923 3960 increpare,
1963 3899 2074 3946 tum
2116 3895 2371 3965 magistro

797 3990 904 4034 tum
945 3979 1206 4049 discipulo
1247 3979 1627 4032 detrimentum
1671 3976 1898 4032 aderat?
1926 3979 2014 4034 to.
2066 3981 2194 4045 Qua:
2234 3985 2368 4039 enim

790 4070 1066 4132 secundum
1102 4067 1264 4122 Deum
1308 4068 1511 4122 tristitia
1543 4077 1617 4123 est
1638 4109 1655 4137 ,
1683 4070 2024 4142 pwnitentiam
2051 4072 2106 4126 in
2151 4075 2367 4131 salutem

791 4158 1018 4215 stabilem
1037 4168 1293 4229 operatur.
1314 4158 1621 4227 Propterea,
1648 4159 1840 4231 inquit,
1869 4161 1968 4216 ctsi
1991 4178 2076 4219 me
2097 4166 2360 4234 paenituit,

791 4251 1096 4321 priusquam
1131 4249 1360 4308 fructum
1402 4258 1456 4305 et
1503 4251 1710 4308 lucrum
1756 4256 2182 4324 perspexissem,
2225 4273 2366 4314 nunc

792 4352 968 4396 tamen
999 4340 1137 4395 haud
1181 4356 1266 4394 me
1309 4341 1550 4408 paenitet.
1596 4339 1743 4395 Talis
1770 4345 1910 4397 enim
1939 4354 2023 4399 est
2068 4350 2319 4404 maestitia
2343 4390 2359 4415 ,

791 4444 910 4499 qua:
938 4430 1229 4485 secundum
1274 4431 1438 4484 Deum
1468 4430 1759 4498 suscipitur
1784 4447 1800 4487 ε
1831 4433 1898 4487 de
1927 4449 2032 4503 qua
2065 4436 2177 4504 jam
2202 4441 2360 4496 verba

789 4522 933 4584 facit,
957 4520 1247 4577 ostendens
1274 4522 1542 4576 tristitiam
1573 4538 1680 4577 non
1722 4537 1935 4592 semper
1961 4538 2175 4594 gravem
2198 4543 2321 4585 esse
2339 4571 2356 4598 ,

787 4611 881 4667 sed
911 4627 1034 4666 cum
1065 4613 1355 4668 secundum
1386 4612 1639 4668 mundum
1668 4614 1982 4684 concipitur.
2013 4615 2150 4693 Quid
2180 4629 2358 4676 autem

785 4711 886 4766 est,
917 4701 1216 4757 Secundum
1259 4702 1560 4757 mundum?
1588 4704 1643 4760 Si
1674 4703 1746 4759 ob
1767 4705 1993 4760 amissas
2023 4719 2152 4775 Opes
2172 4747 2185 4770 ,
2216 4709 2261 4760 si
2289 4708 2359 4764 ob

785 4793 1031 4859 gloriam,
1057 4792 1102 4845 si
1131 4792 1200 4847 ob
1232 4792 1458 4860 alicujus
1497 4802 1720 4848 mortem
1750 4794 1804 4848 in
1833 4809 2068 4851 maerore
2097 4797 2354 4863 verseris,

787 4883 899 4935 inec
940 4883 1116 4936 omnia
1160 4883 1453 4937 secundum
1492 4882 1745 4936 mundum
1777 4893 1921 4940 sunt.
1976 4884 2101 4940 ideo
2130 4894 2354 4941 mortem

784 4972 942 5024 ctiam
970 4979 1269 5024 accersunt.
1299 4970 1428 5023 Nam
1460 4972 1549 5041 qui
1575 4972 1759 5041 gloria:
1778 4987 1936 5030 causa
1969 4991 2202 5032 mmrore
2241 4976 2355 5030 affi-

781 5063 950 5122 citur,
985 5061 1029 5115 is
1059 5062 1216 5114 etiam
1249 5060 1488 5127 invidet,
1529 5076 1592 5115 ac
1621 5063 1931 5135 plerumque
1963 5067 2178 5121 interire
2208 5068 2352 5136 cogi-

785 5166 866 5208 tur
896 5174 906 5204 :
939 5153 1233 5223 cujusmodi
1281 5152 1481 5206 scilicet
1525 5168 1755 5209 mmrore
1777 5153 1905 5209 Cain
1936 5166 1989 5211 et
2019 5157 2160 5212 Esau
2205 5158 2352 5211 labo-

777 5255 982 5299 rarunt.
1032 5245 1209 5313 Itaque
1258 5262 1349 5312 per
1377 5243 1553 5297 sutculi
1585 5246 1848 5300 tristitiam
1895 5262 2012 5301 eam
2065 5248 2347 5317 intelligit,

777 5351 894 5405 quae
919 5335 1266 5390 mmrentibus
1292 5336 1669 5389 detrimentum
1699 5335 1874 5391 affert.
1902 5336 2033 5390 Nam
2066 5354 2264 5392 maeror
2283 5337 2348 5392 ad

775 5437 991 5496 peccata
1035 5426 1314 5481 dumtaxat
1359 5427 1500 5481 utilis
1532 5435 1650 5480 est:
1683 5426 1734 5479 id
1787 5429 1926 5496 quod
1978 5428 2102 5481 hinc
2152 5428 2349 5499 liquido

776 5517 1004 5585 perspici
1045 5524 1237 5586 potest.
1267 5515 1365 5582 Qui
1395 5519 1463 5571 ob
1491 5517 1713 5570 amissas
1745 5531 1873 5584 Opes
1905 5518 1954 5571 in
1989 5534 2218 5574 maerore
2244 5532 2343 5581 est,

771 5606 1022 5662 damnum
1050 5607 1266 5661 minime
1288 5608 1447 5662 sarcit
1470 5625 1484 5672 ;
1509 5608 1594 5676 qui
1619 5618 1844 5662 mortem
1869 5610 2092 5677 alicujus
2117 5625 2346 5665 ΙΙΠΕΙὈῘὊ

774 5699 1142 5770 prosequitur,
1171 5698 1436 5767 jacentem
1482 5715 1583 5755 non
1613 5701 1806 5756 excitat
1832 5715 1844 5764 ;
1878 5701 1964 5770 qui
1995 5705 2062 5757 ob
2094 5705 2334 5757 morbum

1558 329 1616 387 S.
1657 331 1934 389 JOANNIS
1975 330 2454 388 CHRYSOSTOMI
2486 334 2801 390 ARClIIEP.
2843 339 3372 402 CONSTANTINOP.

3993 361 4099 415 50⁵

2516 450 2889 516 discruciatur,
2914 455 2958 506 is
2987 470 3105 508 cum
3137 459 3271 510 adeo
3300 476 3403 514 non
3435 462 3688 532 depellit,
3722 470 3965 526 utetiam
3997 489 4095 528 au-

2514 549 2652 606 geat.
2685 539 2751 592 At
2781 541 2823 593 is
2847 543 2930 595 cui
2963 555 3174 611 peccata
3203 551 3418 604 mmrori
3446 562 3605 619 sunt,
3629 558 3772 610 solus
3801 573 3834 613 e
3857 575 4095 618 mmrovc

2515 626 2743 684 fructum
2768 632 2909 702 capit
2940 650 2953 696 ;
2987 645 3199 702 peccata
3227 640 3366 692 enim
3396 642 3626 696 absumit
3666 660 3727 700 ac
3753 648 3919 704 delet.
3959 651 4092 716 Quia

2512 717 2652 772 cnim
2681 723 3122 780 medicamentum
3164 728 3302 783 istud
3345 730 3411 785 ad
3454 732 3555 788 hoc
3575 743 3776 792 tantum
3801 755 4093 812 compara-

2516 817 2622 862 tum
2657 822 2758 878 est,
2787 815 2985 870 idcirco
3012 818 3097 874 hic
3126 821 3283 875 etiam
3316 823 3593 883 dumtaxat
3623 830 3726 885 vim
3755 832 3914 888 habet
3944 836 4091 889 utili-

2513 910 2779 972 tatemque
2803 921 2953 961 suam
2985 913 3203 978 exserit,
3234 914 3288 967 in
3315 915 3431 970 aliis
3456 933 3584 972 vero
3614 921 3772 977 rebus
3802 925 3973 980 lmdit.

2579 991 2646 1084 2.
2675 995 2763 1061 At,
2796 996 2935 1051 dicet
2962 1001 3174 1071 aliquis,
3206 1004 3332 1057 Cain
3366 1005 3484 1060 ideo
3509 1009 3562 1061 in
3592 1024 3821 1069 mmrore
3845 1014 4086 1084 jacebat,

2509 1081 2647 1148 quod
2689 1087 2823 1152 apud
2867 1087 3033 1143 Deum
3078 1091 3284 1147 laudem
3333 1109 3437 1150 non
3482 1081 3918 1169 consequeretur.
3975 1081 4087 1160 lmo

2508 1186 2614 1224 non
2641 1187 2756 1226 eam
2782 1175 2851 1230 ob
2878 1192 3089 1233 causam
3115 1221 3132 1248 ,
3163 1183 3256 1238 sed
3279 1186 3399 1253 quia
3445 1187 3810 1255 Splendentem
3858 1195 4084 1250 fratrem

2506 1262 2773 1316 cernebat.
2806 1265 2936 1320 Nam
2967 1270 3011 1321 si
3041 1270 3110 1323 ob
3147 1271 3274 1326 illud
3301 1273 3555 1330 doluisset
3579 1318 3591 1338 ,
3625 1277 3801 1334 fratris
3823 1282 4082 1339 virtutem

2505 1349 2697 1405 imitari
2725 1354 2879 1424 eique
2907 1361 3160 1427 gratulari
3186 1362 3411 1419 debebat
3435 1382 3448 1420 :
3477 1382 3619 1421 nunc
3642 1379 3817 1425 autem
3844 1372 4040 1428 dolens
4064 1417 4080 1440 ,

2503 1443 2815 1499 ostendebat
2857 1463 2914 1503 se
2944 1454 3190 1508 maestitia
3240 1455 3360 1510 huic
3387 1458 3583 1513 mundo
3613 1473 3973 1519 consentanea
4004 1475 4075 1522 te-

2503 1532 2638 1586 neri.
2667 1536 2734 1588 At
2760 1552 2862 1592 non
2893 1540 2961 1594 ita
2991 1541 3174 1609 David,
3199 1561 3304 1601 non
3335 1547 3543 1614 Petrus,
3577 1566 3679 1603 non
3702 1557 3882 1608 cmteri
3920 1555 4080 1623 justi,

2501 1621 2586 1689 qui
2616 1626 2759 1679 omni
2790 1626 2944 1685 laude
2987 1630 3268 1700 florebant,
3298 1637 3438 1706 quod
3469 1648 3560 1691 aut
3605 1651 3820 1710 prapter
3862 1621 3955 1698 sua
3985 1659 4081 1702 aut

2500 1723 2718 1782 pr0ptcr
2764 1718 2934 1772 aliena
2993 1733 3206 1790 peccata
3253 1725 3516 1782 dolerent.
3572 1728 3900 1800 Quamquam
3944 1739 4080 1804 quid

2499 1819 2728 1860 maerore
2774 1813 3025 1877 gravius?
3053 1815 3155 1868 Sed
3188 1824 3361 1871 tamen
3388 1858 3401 1883 ,
3431 1833 3548 1872 cum
3577 1823 3866 1878 secundum
3900 1827 4079 1884 Donni

2496 1895 2778 1963 suscipitur
2805 1940 2818 1962 ,
2863 1900 3042 1955 hctitia
3085 1905 3346 1958 mundana
3395 1909 3745 1974 praestabilior
3791 1925 3894 1972 est.
3942 1919 4080 1974 Haec

2496 1987 2636 2038 enim
2668 1987 2717 2039 in
2766 1990 2989 2045 nihilum
3025 1992 3258 2061 desinit;
3290 1998 3377 2052 ille
3407 1979 3769 2068 poenibatitiam
3821 2008 3870 2060 in
3920 2013 4077 2064 salu-

2496 2085 2623 2140 tem,
2653 2079 2804 2147 cujus
2835 2097 2931 2136 nos
2959 2101 3241 2152 numquam
3274 2092 3544 2159 pmniteat,
3569 2097 3752 2165 gignit.
3785 2099 3896 2154 Hoc
3924 2104 4074 2157 enim

2495 2163 2581 2219 ille
2609 2166 2800 2222 mirum
2831 2171 3027 2240 habet,
3059 2178 3200 2244 quod
3225 2180 3315 2249 qui
3343 2182 3420 2236 sic
3445 2163 3712 2254 doluerit,
3758 2204 3822 2243 eo
3850 2193 4074 2249 nomine

2493 2269 2780 2326 numquam
2808 2263 3116 2328 poenitentia
3145 2267 3408 2326 ducetur:
3442 2273 3491 2327 id
3518 2277 3658 2344 quod
3689 2281 3921 2336 maxime
3971 2284 4071 2338 tri-

2491 2346 2645 2400 stitia:
2690 2351 2968 2407 mundanae
3016 2358 3306 2425 proprium.
3333 2363 3468 2428 Quid
3492 2365 3633 2421 enim
3676 2367 3912 2439 legitimo
3956 2373 4071 2429 lilio

2489 2437 2707 2492 carius?
2737 2444 2859 2508 quid
2891 2460 3072 2500 rursus
3101 2446 3403 2517 hujusmodi
3447 2464 3620 2512 morte
3645 2437 3890 2514 acerbius
3939 2463 4068 2534 tingi

2490 2531 2706 2596 potest?
2736 2532 2801 2586 Et
2830 2543 3004 2590 tamen
3051 2549 3318 2609 parentes,
3370 2544 3460 2614 qui
3504 2544 3557 2600 in
3609 2547 3720 2616 ipsa
3766 2552 3970 2608 doloris
4016 2531 4069 2611 vi

2488 2619 2682 2672 nullius
2699 2624 3116 2682 consolationem
3139 2629 3419 2688 admittere
3439 2636 3700 2692 sustinent
3730 2654 3895 2710 seque
3918 2643 4066 2711 ipsos

2487 2715 2794 2767 excruciant
2819 2757 2832 2777 ,
2864 2717 3023 2772 iidem
3051 2729 3232 2788 postea
3255 2723 3322 2776 ob
3349 2724 3688 2782 immodicum
3721 2730 3922 2786 luctum
3947 2749 4064 2803 pa:-

2483 2801 2721 2858 nitudinc
2747 2807 3064 2878 afﬁciuntur,
3095 2822 3151 2865 ut
3180 2814 3266 2882 qui
3294 2829 3399 2869 non
3424 2817 3584 2871 modo
3607 2819 3741 2873 nihil
3768 2822 3892 2875 inde
3915 2801 4066 2878 com-

2484 2895 2624 2949 modi
2656 2900 2914 2967 ceperint,
2955 2902 3049 2955 sed
3093 2904 3304 2972 gravius
3333 2906 3491 2960 etiam
3535 2909 3742 2978 seipsos
3792 2914 4058 2968 vexarint.

2481 2985 2552 3039 At
2579 3001 2682 3040 non
2711 2989 2831 3041 talis
2857 2998 2940 3045 est
2970 3005 3166 3046 mteror
3193 2996 3481 3048 secundum
3524 2997 3687 3052 Deum
3729 3012 4015 3071 susceptus
4047 3022 4060 3055 :

2480 3076 2607 3146 quin
2658 3078 2832 3146 potius
2873 3080 3066 3151 duplex
3107 3085 3523 3139 emolumentum
3572 3087 3769 3154 habet,
3818 3099 3872 3145 et
3914 3095 4063 3160 quod

2480 3167 2631 3222 dolor
2658 3169 2746 3223 ille
2787 3185 2890 3223 non
2937 3171 3263 3239 improbetur
3286 3215 3300 3236 ,
3330 3184 3383 3229 et
3408 3178 3547 3245 quod
3578 3178 3628 3232 in
3658 3180 3882 3234 salutem
3915 3182 4062 3238 desi-

2479 3266 2604 3321 nat;
2635 3272 2739 3324 quo
2785 3267 3012 3326 utroque
3057 3259 3208 3313 lucro
3251 3263 3548 3317 mundanus
3591 3265 3744 3320 dolor
3791 3269 4058 3334 privatur.

2478 3345 2609 3399 Nam
2637 3347 2726 3413 qui
2756 3350 2826 3399 ita
2853 3347 3051 3412 dolent,
3079 3355 3137 3402 et
3164 3350 3214 3402 in
3246 3351 3538 3418 perniciem
3569 3366 3718 3409 suam
3749 3355 3933 3414 dolent
3959 3402 3976 3427 ,
4003 3375 4063 3418 et

2478 3444 2756 3504 postquam
2801 3433 3071 3491 doluerint
3098 3477 3113 3502 ,
3165 3439 3374 3509 seipsos
3425 3441 3728 3512 improbant
3761 3464 3774 3501 :
3802 3451 3946 3518 quod
3978 3454 4060 3506 si-

2476 3538 2636 3594 gnum
2680 3524 2968 3580 maximum
3002 3535 3085 3581 est
3112 3566 3127 3593 ,
3161 3528 3303 3599 ipsos
3346 3530 3399 3584 in
3428 3529 3722 3602 perniciem
3753 3551 3905 3594 suam
3951 3540 4060 3596 do-

2477 3615 2659 3671 luisse.
2709 3616 2907 3671 Contra
2954 3632 3083 3672 vero
3124 3619 3177 3673 in
3226 3634 3455 3676 mmrore
3499 3623 3590 3678 illo
3631 3626 3721 3693 qui
3752 3629 4056 3685 secundum

2478 3706 2641 3760 Deum
2673 3715 2755 3761 est
2781 3725 2793 3760 :
2825 3706 3048 3778 ideoque
3076 3709 3285 3765 dicebat
3328 3710 3524 3767 Paulus
3551 3753 3566 3777 ,
3608 3712 3975 3774 Paenitentiam
4000 3724 4058 3776 in

2472 3797 2682 3852 salutem
2729 3814 2828 3852 non
2873 3799 3204 3868 paenitendam
3244 3813 3502 3869 operatur.
3546 3803 3714 3858 Nemo
3742 3808 3886 3862 enim
3928 3825 4059 3867 sese

2473 3889 2826 3956 improbabit,
2857 3889 2997 3960 quod
3028 3891 3095 3943 ob
3125 3902 3340 3958 peccata
3372 3907 3494 3946 sese
3530 3910 3761 3951 maerore
3791 3899 4058 3974 luetuque

2471 3977 2717 4031 amixerit
2741 3989 2900 4046 atque
2922 3975 3219 4030 obtriverit.
3246 3978 3397 4043 Quod
3421 3994 3539 4033 cum
3568 3980 3795 4038 dixisset
3820 3987 4050 4058 Paulus,

2471 4083 2576 4121 non
2597 4067 2807 4121 aliunde
2825 4067 3124 4135 exemplum
3155 4066 3410 4134 proferre,
3435 4082 3633 4136 eosque
3652 4087 3880 4140 quorum
3911 4094 4056 4136 mm.

2469 4171 2620 4211 rores
2651 4157 2841 4224 prisca:
2886 4155 3119 4212 historia:
3164 4157 3520 4212 monumentis
3551 4161 3744 4228 proditi
3793 4178 3919 4220 sunt
3945 4209 3963 4235 ,
3995 4173 4052 4226 in

2469 4248 2703 4302 medium
2731 4246 2996 4304 adducere
3026 4262 3243 4303 necesse
3273 4248 3494 4313 habuit;
3523 4266 3707 4307 verum
3734 4254 4053 4318 Corinthios

2468 4338 2610 4407 ipsos
2641 4337 2901 4408 producit,
2932 4346 3092 4408 atque
3119 4338 3187 4392 ab
3215 4338 3278 4391 iis
3307 4353 3425 4408 quae
3453 4337 3694 4398 fecerunt
3721 4346 3898 4403 verbis
3929 4357 4050 4408 suis

2466 4428 2624 4483 fidem
2653 4428 2898 4496 adstruit,
2934 4440 2989 4485 ut
3016 4445 3117 4484 una
3144 4444 3261 4485 cum
3293 4428 3535 4485 laudibus
3566 4431 3708 4502 ipsos
3730 4437 3893 4491 etiam
3915 4455 4050 4495 ει-υ..

2465 4521 2594 4588 diat,
2622 4523 2928 4591 arctiusque
2952 4523 3048 4577 sibi
3077 4520 3357 4576 devinciat.
3392 4522 3478 4577 ll.
3509 4523 3640 4580 Ecce
3658 4529 3811 4590 enim,
3841 4531 4042 4602 inquit,

2465 4612 2559 4664 hoc
2598 4611 2802 4679 ipsum,
2843 4613 2979 4680 quod
3030 4610 3303 4665 secundum
3348 4609 3513 4665 Deum
3553 4617 3836 4672 contristati
3877 4625 3999 4677 estis
4023 4666 4038 4689 ,

2462 4711 2703 4769 quantam
2749 4701 2802 4752 in
2844 4703 2980 4755 vobis
3025 4710 3283 4771 aperatum
3326 4709 3401 4753 est
3448 4704 3888 4764 sollicitudinem?
3927 4713 4044 4772 Vos

2463 4792 2626 4851 enim;
2658 4789 2845 4858 inquit.
2878 4805 2983 4845 non
3014 4790 3170 4844 modo
3191 4803 3256 4843 eo
3281 4803 3385 4842 non
3413 4789 3594 4860 injecit
3623 4795 3736 4850 haec
3758 4803 4039 4870 maestitia,

2464 4887 2520 4932 ut
2565 4881 2918 4949 vosmetipsos
2964 4880 3431 4946 condemnaretis,
3462 4893 3518 4938 ut
3563 4887 3651 4954 qui
3693 4886 3888 4945 frustra
3932 4892 4040 4950 hoc

2461 4969 2720 5024 fecissetis
2745 4987 2760 5036 ;
2793 4988 2974 5026 verum
3001 4981 3185 5026 contra
3214 4969 3580 5039 diligentiores
3607 4976 3853 5032 reddidit.
3887 4982 4037 5036 Sub-

2455 5062 2628 5131 jungit
2669 5062 2862 5117 deinde
2900 5061 3268 5117 sollicitudinis
3313 5078 3496 5118 eorum
3538 5080 3870 5138 argumenta.
3923 5074 4040 5127 Sed

2459 5151 2839 5220 defensionem:
2869 5153 2972 5207 hoc
3015 5161 3127 5216 est,
3178 5155 3543 5220 purgatinnem
3591 5158 3731 5225 apud
3774 5175 3881 5214 me.
3924 5164 4037 5218 Sed

2458 5245 2874 5313 indignationem,
2898 5255 3081 5297 contra
3115 5243 3261 5295 illum
3286 5246 3370 5311 qui
3399 5260 3727 5313 peccaverat.
3749 5249 3853 5304 Sed
3875 5256 4032 5308 timo-

2455 5351 2580 5387 rem.
2618 5337 2827 5389 Etenim
2858 5335 3010 5388 valde
3039 5334 3386 5387 metuentium
3418 5349 3535 5390 erat
3563 5347 3765 5393 tantum
3793 5343 4034 5400 studium

2455 5443 2515 5480 ac
2542 5428 2821 5482 celerrima
2855 5427 2938 5479 illa
2985 5426 3268 5479 correctio.
3307 5428 3379 5478 Ac
3411 5468 3424 5491 ,
3472 5445 3536 5482 ne
3567 5430 3802 5498 seipsum
3834 5434 4036 5489 cfl'enru

2458 5517 2710 5580 videatur,
2730 5516 2848 5569 vide
2870 5532 3021 5583 quam
3051 5534 3093 5583 p2
3111 5529 3269 5583 opere
3290 5514 3336 5566 id
3367 5515 3528 5570 leniat
3546 5519 3749 5583 dicens,
3770 5520 3874 5575 Sed
3898 5523 4035 5577 desi-

2454 5608 2662 5670 άεγέίιηι,
2693 5622 2812 5674 erga
2846 5622 2961 5670 mc;
2995 5607 3080 5659 sed
3101 5605 3493 5672 mutilationem,
3517 5623 3612 5678 pro
3637 5610 3778 5673 Deo;
3810 5615 3896 5664 sui
3921 5632 4034 5666 ann-

2458 5706 2680 5756 dzctam:
2710 5715 2828 5754 nam
2859 5700 3063 5754 violata:
3094 5698 3282 5752 divina:
3311 5697 3441 5767 legis
3463 5702 3698 5757 vindices
3726 5706 4028 5763 exstitistis.
