4064 6336
257 446 364 502 777

257 555 663 615 innumerabilis
687 592 702 616 .
735 554 885 608 turba
915 551 1161 613 inﬁnita;
1191 551 1441 619 dicetque
1469 548 1642 605 Iudex
1677 568 1690 604 :
1728 548 1845 603 Dis-

252 629 415 683 cedite
449 645 482 681 ιι
516 643 614 688 me,
646 622 921 679 maledicti.
972 622 1178 688 Esau-ivi
1202 664 1216 682 .
1258 631 1308 676 et
1342 638 1443 674 non
1473 620 1682 674 dedistis
1718 621 1846 674 mihi

253 686 608 759 manducare:
633 698 770 752 sitivi
786 738 801 757 ,
832 706 880 748 et
909 711 1012 749 non
1040 686 1253 751 dedas;
1287 693 1414 744 mihi
1443 691 1648 753 bibere;
1677 691 1845 745 nudus

251 785 417 832 erant.
444 779 493 822 et
518 784 620 822 non
650 767 889 821 induistis
917 782 995 818 tne
1021 783 1039 830 ;
1067 764 1300 832 iii/iratus
1317 803 1332 825 ,
1365 772 1412 815 et
1441 779 1543 815 non
1567 762 1808 815 uisitastis
1824 779 1844 827 ,-

249 831 439 906 hospes
464 855 624 901 eram,
655 849 700 891 et
723 854 824 890 non
847 831 1131 906 coltegistis"
1151 848 1247 886 tne.
1275 832 1413 897 Quid
1439 831 1567 906 mihi
1590 871 1606 895 ,
1635 832 1804 901 inquit
1827 872 1842 895 ,

247 904 587 967 obtenditis?
614 907 828 967 praecidi
860 904 1007 960 vobis
1033 919 1244 966 omnem
1274 904 1698 964 excusationem,
1728 919 1845 954 om-

248 994 486 1048 nemque
529 971 924 1036 defensionem.
980 974 1036 1030 Si
1092 975 1305 1048 dicam,
1353 971 1602 1048 Esurivi,
1647 982 1693 1048 et
1742 989 1843 1025 non

246 1042 461 1102 dedisiis
488 1049 609 1102 mihi
630 1048 974 1110 manducare;
1006 1053 1154 1113 potes
1177 1044 1402 1097 fortasse
1425 1044 1622 1100 dicere.
1646 1042 1841 1113 Panem

248 1135 360 1173 non
391 1119 580 1172 habeo.
611 1117 809 1172 Panem
835 1119 942 1169 non
968 1111 1132 1169 habes
1157 1155 1173 1180 ,
1199 1129 1298 1169 nec
1323 1114 1556 1182 aquam?
1585 1129 1650 1164 an
1680 1111 1843 1180 pedes

247 1205 354 1243 non
388 1189 552 1242 habes
577 1188 644 1242 ad
675 1186 985 1240 invisendos
1010 1185 1253 1254 inﬁrmus
1274 1225 1287 1245 ,
1317 1193 1372 1237 et
1398 1197 1492 1236 eos
1518 1184 1606 1251 qui
1637 1183 1688 1235 in
1719 1197 1841 1235 car-

245 1275 374 1314 cere
410 1259 581 1313 suut?
621 1274 801 1310 annon
849 1272 951 1309 una
988 1272 1111 1309 cum
1155 1255 1356 1307 altlicm
1402 1253 1590 1308 dolere
1641 1254 1840 1319 potes?

245 1329 392 1384 Nihil
423 1329 861 1399 pauperierogas
892 1346 903 1376 :
939 1329 1125 1379 saltem
1157 1326 1420 1399 nelingua
1453 1333 1538 1375 tua
1572 1324 1720 1377 illum
1749 1323 1837 1399 de-

247 1393 494 1463 terreas;
525 1393 590 1452 ne
629 1397 724 1451 des
754 1393 829 1451 illi
860 1411 1077 1451 causam
1101 1393 1341 1464 gemitus
1361 1404 1548 1448 contra
1579 1404 1631 1448 te
1665 1393 1844 1464 profe-

246 1470 402 1523 rendi
434 1488 445 1521 :
478 1462 598 1522 nam
625 1469 858 1534 gemitus
894 1466 1011 1533 ejus
1040 1462 1149 1520 cito
1184 1465 1402 1518 exaudit
1434 1464 1696 1534 Dominus
1721 1506 1736 1527 ,
1777 1462 1841 1514 Et

244 1540 476 1609 retribuit
504 1540 567 1592 iis
589 1532 676 1609 qui
697 1532 1014 1609 abundanter
1042 1537 1236 1609 faciunt
1260 1532 1727 1604 superbiathsal.
1747 1533 1836 1588 30.

243 1608 365 1675 24).
396 1609 510 1664 Non
539 1607 611 1663 ita
640 1608 860 1662 exaudit
900 1607 1158 1660 Dominus
1194 1607 1370 1672 justos
1393 1646 1406 1665 ,
1444 1615 1502 1657 ut
1530 1619 1798 1674 pauperes
1819 1644 1836 1667 ,

243 1681 370 1748 quia
406 1695 608 1749 pauper
638 1681 907 1733 neminem
940 1676 1100 1731 habet
1135 1678 1224 1749 qui
1270 1689 1350 1730 se.
1374 1677 1631 1749 suscipiat
1667 1693 1679 1726 :
1713 1688 1836 1727 nam

243 1747 316 1804 ob
342 1747 742 1804 mendicitatem
787 1763 978 1806 omnes
1007 1747 1320 1816 repellimus
1354 1761 1512 1807 euut;
1542 1747 1612 1798 ita
1643 1753 1698 1794 ut.
1736 1757 1836 1811 pa-

883 1905 1150 1915 _—._-—_—-—-v
1177 1905 1214 1910 —
1221 1906 1231 1909 _

251 1905 456 1921 ...ι-

240 2004 445 2049 εειωο
487 2003 551 2044 IN
597 1999 1066 2052 PARALYTICUM,
1112 1997 1175 2040 XN
1224 1997 1328 2038 DIE
1375 1995 1593 2038 MEDIJE
1639 1991 2093 2044 PENTECOSTES,

1362 436 1595 494 SEBMO
1631 437 1696 492 1N
1735 435 2236 504 PARALYTICUH,
2280 436 2433 495 ETC.

3419 441 3525 496 773

1948 559 2132 606 rentes
2160 559 2214 606 et
2241 549 2422 614 amici,
2453 549 2591 606 lllios
2619 559 2675 605 et
2692 550 2917 615 amicos,
2948 552 3055 606 imo
3086 551 3249 607 frater
3276 551 3519 618 fratrem.

1947 636 2008 677 ea
2039 620 2298 693 de‘causa
2328 622 2593 687 rcjiciant,
2623 636 2835 676 necnon
2865 622 3023 693 vicini
3055 624 3280 693 vicinos,
3312 634 3367 676 et.
3397 639 3528 693 pau-

1983 707 2045 768 ρι’
2066 692 2288 768 omnino
2316 693 2557 768 abjectus
2583 701 2640 746 et
2667 693 2785 745 sine
2810 692 2911 745 ulla
2942 708 3045 760 ope
3075 691 3183 768 sit;
3216 691 3528 768 tantumque

1966 763 2136 814 tabent
2170 762 2336 814 Deum
2368 761 2457 831 qui
2487 763 2774 815 miseratur
2805 777 3084 831 pauperes.
3116 763 3239 817 Ideo
3273 763 3392 818 illos
3419 761 3529 818 éito

1947 832 2162 886 exaudit
2187 832 2364 902 Deus,
2385 844 2440 885 ut
2466 833 2659 886 alicubi
2692 831 2820 886 dicit
2853 833 3110 902 propheta
3145 851 3158 886 :
3189 834 3297 887 Cito
3321 837 3538 888 exaudi-

1945 905 2011 974 uit
2042 918 2288 974 pauperes
2322 895 2477 965 Deus,
2501 912 2554 974 _et
2574 903 2765 974 uinctos
2793 895 2910 956 suos
2939 895 3038 974 non
3066 902 3346 974 despiciet(
3385 903 3526 959 Psat.

1945 972 2032 1027 68.
2052 974 2162 1042 54).
2183 971 2262 1026 Tn
2287 988 2478 1045 panem
2499 971 2683 1035 habes,
2702 983 2798 1045 aut
2810 973 2954 1045 aliud
2968 975 3108 1042 quod
3129 971 3294 1037 possit
3316 971 3538 1045 pauper-

1948 1053 2107 1096 tatem
2135 1042 2445 1096 consolari?
2486 1045 2550 1096 da
2580 1043 2824 1111 pauperi.
2868 1042 2962 1097 Sin
2992 1061 3096 1098 non
3128 1042 3336 1110 habes,
3366 1042 3532 1099 verbo

1946 1114 2118 1181 ipsum
2151 1129 2279 1167 cura
2312 1152 2326 1176 ,
2356 1129 2477 1167 cum
2509 1115 2627 1179 ipso
2658 1113 2780 1168 dole
2809 1154 2825 1180 ,
2869 1129 3091 1182 pret-are
3123 1131 3220 1184 pro
3253 1115 3371 1179 illo;
3402 1126 3460 1169 ut
3489 1118 3534 1170 si

1943 1183 2084 1252 apud
2119 1194 2169 1237 te
2196 1199 2352 1252 opem
2387 1199 2493 1255 non
2523 1184 2747 1248 invenit,
2779 1184 2920 1255 apud
2950 1183 3394 1240 aliuminveniat.
3427 1188 3530 1253 Qui

1945 1270 2050 1324 non
2088 1256 2246 1307 liabet
2276 1254 2416 1322 quod
2447 1263 2651 1322 erOget,
2679 1265 2736 1309 et
2765 1254 2918 1307 bouis
2943 1256 3121 1323 verbis
3141 1272 3423 1324 pauperem
3447 1273 3537 1310 3o-

1945 1323 2104 1387 latnr,
2130 1325 2387 1396 majorem
2408 1325 2638 1396 accipiet
2654 1326 2988 1396 mercedem,
3014 1323 3174 1395 quam
3207 1327 3295 1396 qui
3326 1337 3531 1396 erogat.

1939 1397 2207 1467 (ltetertnn
2235 1395 2363 1448 alibi
2394 1394 2522 1467 dicit
2562 1412 2576 1448 :
2615 1394 2861 1464 Magnum
2888 1405 2962 1448 est
2989 1394 3324 1467 eleemosgna
3347 1394 3535 1462 bene/i-

1941 1466 2095 1538 cium.
2129 1466 2341 1518 Nullum
2381 1465 2526 1519 aliud
2555 1480 2689 1534 opus
2718 1473 2906 1538 potest
2943 1465 3256 1537 abstergere
3292 1478 3534 1538 peccata.

1945 1536 2904 1606 Eleemosynauterogemus,dilecti,
2939 1547 2995 1590 ut
3014 1536 3214 1591 attenta
3244 1536 3382 1591 bona
3405 1554 3542 1593 con:-

1941 1604 2231 1687 sequamur
2260 1608 2311 1660 in
2337 1604 2552 1687 Christo
2572 1605 2698 1687 Jesu
2731 1607 2960 1687 Domino
2990 1619 3175 1687 nostro
3201 1649 3216 1672 ,
3251 1609 3336 1663 cui
3357 1609 3528 1678 gloria

1941 1687 1994 1731 et
2024 1676 2304 1747 imperium
2328 1718 2342 1740 ,
2376 1676 2427 1729 in
2456 1677 2650 1730 smeula
2680 1676 3022 1732 seculorum.
3053 1681 3246 1733 Amen.

2158 1992 2236 2033 ET
2279 1991 2342 2032 IN
2388 1991 2598 2047 ILLUD,
2647 1992 2875 2034 NOLITE
2918 1992 3229 2037 JUDICARE
3298 1995 3534 2039 SECUN-

1259 2098 1396 2140 DUM
1439 2076 1938 2154 FACIEM,(Joan.
1986 2073 2044 2133 5.
2091 2071 2150 2131 5.
2199 2081 2254 2132 et
2295 2074 2356 2132 7.
2402 2071 2527 2149 21s).

1621 2208 2154 2239 ψ

304 2351 458 2404 Sicut
499 2349 621 2400 luna
657 2346 827 2399 lucida
860 2344 1242 2398 obscuritatem
1275 2342 1446 2396 noctis
1488 2342 1610 2395 albo
1642 2341 1826 2395 colore

236 2423 457 2490 tingens
485 2459 508 2490 ,ξ
534 2419 597 2470 iis
624 2418 710 2485 qui
748 2417 798 2468 in
840 2426 981 2490 terra
1012 2425 1064 2466 et
1099 2417 1146 2466 in
1178 2414 1309 2490 mari
1335 2414 1436 2490 iter
1467 2421 1630 2481 agunt
1658 2413 1834 2490 nautis

237 2504 294 2546 et
325 2481 615 2543 ‘viatoribus
643 2481 813 2539 lucem
845 2485 1156 2552 pra-ferens,
1186 2485 1300 2536 sine
1331 2484 1482 2536 obice
1505 2481 1832 2551 procedendi

235 2564 334 2617 dat
373 2561 676 2614 facultatem
710 2557 823 2609 :sic
867 2556 916 2606 in
962 2555 1184 2607 sabbato
1234 2554 1487 2607 Dominus
1540 2553 1831 2623 paralytico

240 2633 494 2691 dicebat,
539 2627 766 2696 Surgens
794 2625 919 2696 tolle
937 2626 1199 2696 grabatum
1226 2634 1388 2696 tuum,
1424 2633 1469 2675 et
1503 2625 1628 2696 vade
1654 2629 1705 2675 in
1725 2627 1833 2696 do—

238 2719 381 2754 mum
403 2709 540 2752 tuam
563 2693 749 2763 (Joan.
785 2697 836 2751 5.
864 2693 955 2764 8).
993 2695 1220 2763 Ideoque
1244 2695 1442 2747 'Jutlmis
1463 2694 1636 2748 aiebat
1670 2712 1682 2746 :
1714 2693 1834 2746 Mea

232 2772 470 2825 doctrina
490 2785 588 2820 non
615 2777 687 2819 est
719 2781 858 2830 mea,
880 2765 968 2819 sed
989 2768 1096 2835 ejus
1112 2767 1197 2832 qui
1225 2765 1359 2817 misit
1389 2782 1466 2818 me
1489 2764 1659 2817 Patris
1688 2767 1704 2834 (
1741 2763 1828 2816 Id.

235 2844 294 2893 7.
326 2842 437 2906 16).
479 2837 628 2904 Quod
660 2847 838 2907 autem
868 2837 942 2907 ob
966 2837 1238 2907 paralytiei
1270 2837 1600 2889 curationem
1633 2851 1699 2889 ex
1725 2851 1820 2904 po-

239 2922 433 2967 testate
460 2925 552 2962 sua
578 2908 770 2961 factam
800 2906 898 2959 hoc
920 2906 1126 2960 Jndzcis
1147 2907 1363 2965 dixerit,
1393 2924 1458 2960 ex
1488 2907 1646 2959 modo
1676 2907 1830 2960 lectis

237 2984 422 3049 accipe
452 2977 986 3049 demonstrationem.
1018 2977 1148 3031 Nam
1183 2976 1305 3030 Itinc
1329 2978 1525 3031 clarius
1556 2976 1827 3042 signiﬁca-

233 3056 313 3107 vit
349 3048 602 3106 Dominus
632 3048 1038 3117 inseparabilem
1058 3062 1206 3099 suam
1227 3063 1346 3100 cum
1371 3049 1526 3102 Patre
1550 3049 1824 3101 unionem.

236 3125 371 3179 Nam
401 3123 445 3176 si
476 3121 699 3175 dixisset
731 3120 1018 3184 Dominus,
1054 3118 1164 3171 Mea
1194 3119 1437 3172 doctrina
1473 3133 1577 3171 non
1607 3127 1688 3172 est
1723 3119 1824 3171 Pa-

232 3197 338 3254 tris
361 3235 375 3256 ,
418 3192 512 3246 sed
547 3206 663 3245 inea
688 3231 704 3254 ,
733 3190 970 3258 seipsum
997 3199 1296 3257 separasset
1324 3204 1353 3242 a
1388 3189 1556 3243 Patre
1580 3231 1594 3254 ,
1628 3204 1658 3242 a
1691 3191 1825 3242 sub-

239 3265 435 3319 stantia
458 3263 689 3316 alienum
713 3261 922 3315 fecisset
947 3301 963 3322 ,
994 3269 1153 3329 atque
1181 3261 1532 3314 mcottotniatn
1565 3261 1823 3314 mutavis-

237 3345 324 3389 ενι
355 3352 368 3389 :
397 3349 516 3388 cum
547 3333 682 3386 dixit
709 3346 837 3386 vero
862 3374 876 3398 ,
910 3331 1027 3383 Mea
1057 3331 1292 3384 doctrina
1323 3348 1422 3384 non
1453 3341 1524 3384 est
1556 3347 1666 3384 mea
1692 3373 1706 3396 ,
1737 3332 1826 3384 sed

234 3408 349 3473 eius
372 3405 457 3476 qui
491 3405 624 3456 misit
655 3420 734 3455 me
754 3401 1212 3476 Patris,_ostendit
1242 3419 1346 3476 non
1378 3402 1680 3476 aliattiesse
1701 3404 1825 3476 sub-

236 3472 788 3542 stantiam,unatnque
806 3473 1237 3527 essedoctrinam
1259 3473 1430 3527 Patris
1444 3483 1496 3527 ct
1513 3472 1630 3527 Filii
1649 3487 1699 3527 et
1714 3475 1826 3542 Spi-

240 3543 380 3601 ritus
409 3546 598 3598 sancti.
625 3541 798 3599 Unntu
829 3545 1024 3613 quippe
1049 3553 1130 3596 est
1147 3543 1376 3596 Verbum
1406 3545 1598 3607 Patris,
1628 3541 1822 3610 Filius;

231 3625 294 3673 et
341 3615 571 3682 Spiritus
623 3615 794 3669 Patris
820 3612 956 3678 ,iest
992 3612 1220 3682 Spiritus
1260 3623 1493 3667 sanctus.
1546 3615 1826 3680 Quomodo

235 3687 344 3742 alia
371 3683 583 3741 docebit
601 3684 855 3744 Verbum,
875 3687 974 3737 alia
1000 3683 1308 3751 praedicabit.
1334 3683 1566 3751 Spiritus
1583 3689 1825 3739 sanctus?

240 3758 356 3813 Non
376 3766 458 3818 est
490 3756 609 3822 ltoc,
635 3772 737 3809 non
765 3767 848 3809 est
873 3764 1018 3810 certe
1041 3755 1331 3808 secundum
1366 3757 1578 3808 beatum
1603 3755 1821 3811 Paulum

236 3829 505 3884 dicentem
541 3843 556 3880 :
587 3824 752 3880 Nemo
776 3828 909 3879 norit
937 3841 997 3879 ea
1019 3841 1132 3894 qua:
1160 3835 1276 3878 sunt
1307 3824 1524 3878 hominis
1546 3867 1562 3890 ,
1593 3826 1691 3879 nisi
1720 3828 1824 3894 spi-

236 3902 368 3953 ritus
394 3899 610 3951 hominis
649 3898 734 3968 qui
761 3897 955 3968 habitat
983 3897 1045 3968 in_
1065 3897 1177 3962 ipso
1198 3910 1236 3968 έν
1259 3896 1335 3949 sic
1360 3907 1405 3968 et
1432 3912 1546 3966 qua:
1582 3907 1698 3968 sunt
1728 3896 1825 3951 Dei

238 3985 388 4024 nemo
417 3971 553 4022 novit
577 4009 591 4032 ,
623 3955 718 4022 nisi
755 3967 977 4035 Spiritus
1007 3955 1124 4030 Dei,
1155 3955 1239 4035 qui
1267 3975 1340 4019 est
1363 3967 1416 4019 in
1444 3955 1558 4037 ipso
1592 3967 1668 4038 (l.
1701 3969 1818 4022 Cor.

236 4041 296 4095 2.
325 4041 384 4095 ll
423 4041 462 4110 ).
493 4039 562 4094 Et
590 4039 730 4110 quod
771 4040 841 4092 ob
868 4054 1018 4090 suam
1050 4038 1100 4110 in
1132 4038 1424 4110 paralytico
1451 4038 1690 4110 sanando
1723 4056 1822 4110 po-

237 4108 513 4174 testatem,
539 4122 594 4164 ut
617 4109 748 4172 dixi,
784 4110 1040 4161 Dominus
1068 4108 1180 4161 bace
1213 4109 1371 4160 verba
1399 4109 1694 4168 admiserit,
1723 4108 1822 4163 'au-

239 4184 367 4235 disti
397 4182 560 4236 modo
594 4180 874 4251 Dominum
906 4179 1170 4251 dicentem
1207 4197 1220 4230 :
1253 4176 1424 4231 Unum
1461 4197 1586 4249 opus
1615 4182 1745 4251 feci,
1776 4191 1823 4233 et

234 4268 412 4307 omnes
438 4252 714 4304 miramini.
752 4249 1028 4318 Propterea
1061 4249 1260 4319 Moyses
1284 4251 1419 4302 dedit
1449 4251 1582 4302 vobis
1608 4249 1822 4304 circum-

234 4323 479 4377 cisionem
508 4323 767 4391 (nonquia
791 4337 855 4374 ea:
882 4319 1059 4390 Moyse
1084 4332 1154 4373 est
1188 4361 1202 4382 ,
1234 4320 1320 4371 sed
1347 4337 1409 4372 ex
1438 4323 1691 4391 putribus)
1723 4364 1736 4384 ,
1770 4331 1815 4375 et

237 4396 292 4447 in
328 4393 534 4445 sabbato
577 4393 931 4445 circutncitlitis
975 4392 1244 4444 hominem.
1292 4391 1351 4444 Si
1396 4394 1822 4446 circnmrisioncm

233 4464 430 4531 accipit
469 4464 618 4516 homo
647 4464 699 4515 in
726 4463 931 4516 sabbato
955 4500 972 4523 ,
1016 4473 1067 4512 ut
1094 4477 1194 4513 non
1223 4461 1446 4514 solratur
1468 4465 1552 4517 lea:
1582 4462 1634 4515 Μ
1642 4465 1774 4532 oysis
1802 4506 1816 4526 ,

237 4535 368 4588 mihi
403 4534 741 4603 indignamini
787 4533 906 4603 quia
946 4541 1104 4584 totum
1140 4532 1391 4584 hominem
1427 4551 1604 4585 sanum
1645 4535 1739 4599 feci
1770 4536 1820 4587 in

236 4605 486 4659 sabbato?
517 4603 690 4658 Nolite
709 4603 940 4670 iudicare
961 4603 1230 4654 secundum
1262 4603 1439 4670 [aciem
1465 4647 1479 4663 ,
1513 4605 1600 4656 sed
1619 4606 1821 4673 justum

235 4676 739 4745 iudiciumjudirate
773 4679 788 4743 (
816 4673 970 4727 Joan.
1001 4673 1051 4725 7.
1086 4673 1250 4745 BHM
1274 4676 1312 4739 ).
1343 4673 1493 4738 Quod
1542 4685 1717 4728 autem
1752 4679 1821 4728 ob

239 4743 521 4816 paralytici
552 4750 882 4799 curationem
921 4745 1176 4796 Dominus
1207 4743 1323 4816 haec
1347 4747 1574 4809 dixerit,
1611 4747 1819 4814 iniquos

237 4818 363 4872 illos
392 4815 512 4870 esse
539 4833 602 4870 ex
637 4818 752 4886 lege
778 4817 1154 4869 demonstrans
1185 4856 1197 4876 ,
1232 4815 1279 4886 id
1318 4815 1429 4883 ipse
1459 4817 1585 4869 dicit
1631 4818 1732 4869 illis
1765 4828 1821 4870 ut

235 4888 439 4942 audisti
476 4906 486 4938 :
520 4887 580 4942 Si
613 4885 1047 4940 circumcisimtem
1077 4885 1258 4953 accipit
1296 4885 1444 4937 homo
1484 4888 1533 4938 in
1562 4889 1767 4939 sabbato
1800 4907 1817 4949 ;

235 4971 294 5013 et
323 4959 377 5011 itt
410 4958 630 5012 sabbato
657 4957 1034 5012 circuntcittitis
1066 4956 1318 5007 infantem
1346 4997 1359 5019 ,
1390 4973 1456 5009 ne
1487 4959 1710 5011 violetur
1736 4960 1815 5010 lcx

239 5023 624 5092 octo'dierum,
659 5031 829 5099 legem
855 5028 952 5080 alia
987 5027 1101 5092 lege
1131 5027 1539 5099 subvertentes;
1572 5043 1670 5099 Vos
1691 5029 1817 5080 sub-

239 5101 457 5155 vertitis
488 5101 656 5169 legem
677 5141 691 5165 ,
721 5098 774 5153 et
796 5099 925 5152 Mihi
951 5098 1287 5169 indignemini
1315 5100 1431 5167 quia
1464 5109 1623 5150 totum
1650 5098 1816 5150 Itami-

236 5186 358 5224 nem
384 5168 563 5223 sanum
584 5172 677 5238 feci
698 5172 749 5223 in
769 5170 992 5230 sabbato,
1018 5184 1121 5219 non
1148 5168 1365 5233 sudans,
1391 5171 1482 5223 sed
1507 5171 1818 5222 miraculum

236 5241 455 5295 edens?
486 5240 539 5294 ltt
584 5242 878 5294 sabbatone
921 5238 1251 5305 operandam
1303 5251 1558 5304 nonest,
1592 5240 1685 5294 scd
1729 5256 1822 5304 per

238 5311 426 5364 omnia
470 5313 672 5364 otiosos
712 5325 835 5370 esse
879 5309 1132 5378 oportet?
1161 5324 1255 5360 cur
1284 5325 1412 5376 ergo
1453 5309 1594 5375 apud
1625 5326 1715 5361 vos
1742 5349 1756 5372 ,
1786 5327 1819 5366 θ

237 5383 436 5442 Jlltlutl,
457 5380 646 5434 mulier
673 5382 724 5432 itt
757 5381 974 5432 Sabbato
999 5379 1152 5446 parit,
1173 5378 1431 5433 obstetrix
1452 5381 1818 5444 tumultuatur,

239 5453 425 5506 {ascite
445 5463 737 5514 moventur,
762 5461 945 5502 natura
963 5459 1215 5516 purgatur
1228 5461 1278 5501 et
1292 5465 1518 5503 mamma
1537 5452 1601 5502 ad
1626 5454 1822 5502 laetan-

240 5523 371 5575 dum
404 5522 640 5589 paratur?
659 5521 841 5573 Mulier
863 5522 1017 5587 parit,
1038 5527 1091 5570 et
1116 5528 1299 5590 natura
1324 5521 1453 5590 legis
1480 5531 1746 5584 servatur,
1767 5529 1819 5573 et

248 5593 388 5644 Dens
417 5608 519 5644 non
555 5591 808 5643 miracula
840 5590 1113 5658 patrabit‘!
1137 5589 1226 5643 Dic
1249 5591 1377 5643 mihi
1409 5607 1422 5643 :
1446 5593 1500 5645 Si
1526 5593 1576 5644 in
1600 5591 1819 5643 sabbato

242 5663 644 5714 circmnciditur
688 5661 844 5713 homo
865 5701 880 5724 ,
914 5658 980 5713 Ut
1009 5674 1107 5710 non
1137 5660 1360 5713 solvatur
1388 5662 1468 5713 lex
1487 5703 1501 5726 ,
1532 5662 1655 5712 mihi
1680 5660 1817 5711 indi-

236 5732 474 5804 gnantini
501 5733 628 5803 'qnia
669 5741 826 5784 totum
866 5731 1117 5804 hominem
1160 5746 1341 5804 sanum
1368 5731 1466 5804 feci
1496 5733 1546 5785 in
1574 5730 1818 5804 sabbato?

245 5800 427 5871 1\’olite
445 5800 679 5870 judicare
703 5802 975 5852 secundum
1000 5801 1180 5865 faciem
1198 5842 1211 5861 ,
1243 5803 1330 5853 sed
1348 5803 1543 5869 justum
1564 5802 1818 5871 judicium

232 5870 486 5940 judicate.
515 5873 567 5925 Id
600 5872 819 5925 admitto
852 5881 909 5924 ut
937 5886 965 5922 a
996 5872 1144 5923 vobis
1177 5871 1402 5924 inimicis
1429 5870 1655 5940 judicer,
1689 5882 1743 5922 ut
1766 5871 1817 5922 in

240 5957 352 6015 quo
394 5941 595 6011 judicio
636 5942 1034 6013 judicaveritis,
1093 5940 1427 6010 judicemiui.
1478 5945 1605 6008 Quis
1658 5941 1818 5997 solvit

1948 2336 2274 2414 s_:_tl;batum.?_
2296 2349 2486 2414 vosne,
2517 2334 2605 2402 qui
2634 2334 2943 2414 inhsabbato
2971 2337 3356 2414 circumciditis
3375 2386 3387 2404 ,
3421 2347 3537 2414 gla-

1943 2409 2088 2483 dium
2116 2406 2328 2483 acuitis,
2356 2405 2647 2483 sectionem
2682 2406 2890 2463 infertis
2911 2448 2929 2483 _,
2953 2411 3259 2483 membrum
3289 2431 3371 2467 am
3386 2405 3538 2483 pata-

1947 2480 2032 2553 tis,
2064 2487 2118 2530 et
2147 2479 2320 2553 locum
2354 2476 2612 2553 sanguine
2640 2480 3028 2553 eottspergitis;
3064 2497 3128 2534 an
3160 2498 3258 2553 ego
3285 2476 3533 2553 qni'dixi,

1944 2548 2172 2617 Surgens
2199 2547 2319 2599 tolle
2345 2546 2608 2614 grabatum
2637 2557 2797 2611 tuum,
2831 2560 2876 2600 ct
2904 2552 3030 2602 vade
3058 2553 3109 2604 in
3139 2546 3340 2607 annui"
3364 2546 3538 2614 (nam?

1942 2618 2248 2697 Si_\_'crbum
2302 2633 2406 2697 non
2450 2628 2726 2697 operatum
2753 2629 2868 2683 est,
2920 2622 2970 2674 in
3024 2638 3216 2697 vanum
3261 2627 3530 2697 loquendo

1939 2690 2218 2766 sabbatum
2251 2687 2416 2751 solvi;
2441 2691 2500 2766 _si_
2524 2698 2863 2766 antcmopus
2889 2706 3009 2766 cum
3043 2695 3206 2749 verbo
3235 2687 3526 2766 concurrit,

1941 2776 2038 2815 cur
2077 2760 2356 2838 sabbatum
2401 2760 2723 2838 ulciscituini
2741 2802 2753 2822 ,
2788 2773 2866 2838 _et_
2883 2762 3189 2820 Creatorem
3219 2760 3528 2838 despicitisi

1944 2847 2049 2885 non
2096 2832 2238 2906 satis
2273 2830 2367 2882 fuit
2411 2831 2587 2906 vobis,
2629 2845 2661 2881 o
2699 2829 2890 2906 Ju_da:i,
2940 2848 3034 2906 per
3074 2838 3284 2906 triginta
3319 2829 3383 2895 ἐι
3412 2854 3536 2898 octo

1943 2918 2113 2983 annos
2159 2902 2336 2984 videre
2367 2902 2715 2984 paralyticuni
2759 2903 2895 2984 lecto
2934 2902 3182 2973 allixum',
3229 2909 3534 2984 lectumque.

1943 2974 2114 3054 ipsum
2165 2974 2516 3054 laborantem,
2571 2972 3111 3054 paralyticipondus
3150 2972 3236 3033 die
3269 2972 3532 3054 nocteque

1939 3045 2194 3097 lcrentent
2217 3042 2372 3115 iNon
2402 3042 2657 3115 indignati
2686 3058 2786 3097 nec
2812 3046 3048 3100 miserati
3077 3051 3241 3115 estis;
3272 3063 3323 3105 et
3351 3056 3394 3107 si
3418 3042 3524 3111 ulna

1938 3115 2069 3189 liora
2104 3113 2422 3189 paralyticus
2450 3112 2642 3189 lectum
2672 3125 2877 3189 gestet,
2907 3127 2957 3169 ct
2997 3118 3165 3173 vicem
3196 3112 3408 3189 rel'erat,
3444 3128 3528 3181 in.

1936 3186 2268 3255 dignamini‘!
2310 3199 2485 3255 annon
2529 3185 2869 3240 clamandum
2913 3201 3026 3242 erat
3070 3208 3083 3242 :
3122 3189 3354 3248 Versasti
3386 3185 3526 3252 stra-

1937 3254 2046 3333 ium
2075 3272 2250 3333 meum
2278 3255 2332 3308 itt
2361 3254 2821 3333 inlirinitatenica
2851 3257 3023 3327 (I’sal.
3059 3261 3150 3315 40.
3179 3264 3232 3332 4)
3255 3264 3277 3315 ?
3303 3266 3459 3333 Scio,
3491 3287 3526 3322 ο

1936 3327 2229 3406 Pliat‘is:ci,_
2259 3342 2357 3406 cur
2405 3327 2804 3406 ittdigtieinitti";
2859 3345 2973 3406 non
3007 3334 3144 3396 quod
3199 3327 3524 3406 paralytieus

1933 3410 2152 3472 sanatus
2189 3399 2257 3450 sit
2295 3396 2656 3472 dissecatnini,
2691 3396 2784 3451 scil
2834 3402 2973 3468 quod
3004 3419 3106 3457 non
3137 3396 3414 3472 po'tuertlis
3443 3413 3522 3465 le-

1934 3482 2076 3523 ctum
2106 3470 2455 3531 abscondere,
2488 3479 2541 3522 et
2570 3470 2882 3524 miraculum
2910 3470 3334 3531 sull'urari.'ldeo
3354 3520 3366 3538 .
3399 3496 3521 3536 cum

1935 3553 2164 3619 vestram
2194 3555 2406 3619 nossem
2439 3551 2693 3619 mentem,
2712 3540 2927 3619 lectum
2958 3545 3167 3619 portare
3191 3548 3325 3617 jussi
3349 3551 3521 3619 illum,

1935 3621 1991 3666 ut
2035 3613 2243 3665 etiamsi
2273 3628 2367 3665 vos
2398 3614 2665 3676 laceratis,
2711 3613 2875 3666 lectus
2918 3615 3029 3682 ipse
3071 3613 3384 3675 miraculum
3425 3613 3521 3679 ex;

1931 3683 2209 3763 clamarent.
2242 3682 2380 3749 Quid
2412 3682 2756 3763 dubitatis,_o
2787 3683 3232 3763 .PllatiSLul?_N0li
3260 3701 3342 3747 est
3366 3708 3520 3763 para-

1931 3751 2122 3832 lyticos
2153 3752 2326 3818 ﬂetus,
2357 3768 2465 3832 non
2497 3754 2864 3832 suppositilins
2886 3795 2908 3832 ,_
2937 3773 3039 3808 non
3089 3758 3236 3813 brevi
3281 3751 3522 3832 tempore

1932 3822 2031 3875 fuit
2073 3842 2083 3876 :
2121 3838 2310 3878 omnes
2356 3823 2503 3876 illuttt
2551 3825 2746 3889 nostis,
2793 3824 3002 3893 triginta
3035 3838 3088 3881 et
3117 3841 3240 3884 octo
3269 3822 3422 3888 anuis
3451 3838 3517 3891 ad

1932 3893 2187 3963 piscinam
2213 3894 2355 3966 apud
2380 3908 2474 3946 vos
2519 3896 2666 3947 vixit.
2711 3894 2825 3948 Non
2859 3899 3081 3964 potestis
3120 3899 3333 3966 dicere,
3369 3915 3423 3959 ut
3450 3908 3518 3962 de

1930 3981 2076 4019 czeco
2121 3977 2264 4025 nato.
2317 3965 2413 4019 Hic
2455 3976 2558 4026 est,
2609 3966 2708 4034 Ipsi
2754 3968 2942 4019 similis
2985 3970 3098 4034 e’st,
3147 3970 3262 4025 Non
3306 3965 3387 4030 est
3434 3976 3521 4032 ltic

1936 4034 2113 4105 (Joan.
2161 4037 2214 4090 9.
2264 4037 2317 4092 8.
2367 4036 2448 4110 9).
2498 4036 2606 4089 Nisi
2653 4051 2746 4110 vos
2782 4052 2958 4110 caecus
3004 4053 3330 4110 superasset,
3376 4045 3520 4103 ltuttc

1931 4121 2140 4176 qucque
2174 4107 2497 4170 tenuissetis,
2533 4119 2585 4161 et
2613 4110 2676 4161 ad
2702 4109 2956 4177 judicium
2988 4107 3280 4167 duitissetis
3301 4107 3325 4178 ,⁷
3360 4126 3415 4171 ιιι
3463 4121 3518 4174 in

1930 4179 2179 4252 omnilms
2223 4179 2426 4252 pudore
2467 4178 2834 4252 al'licet'etnini.
2871 4179 3045 4235 Nolite
3065 4184 3302 4252 judicare
3339 4204 3521 4245 secun-

1931 4249 2051 4334 dum
2075 4251 2274 4334 faciem,
2295 4250 2592 4334 sedjnstum
2607 4251 2859 4334 judicium
2875 4249 3111 4334 indicate
3129 4254 3308 4322 (Joun.
3330 4259 3380 4312 7.
3400 4262 3516 4334 24).

1931 4317 2040 4399 Ειι,
2157 4321 2430 4399 vide:ttur__,
2481 4317 2642 4384 pauca
2672 4320 2740 4372 de
2771 4317 3068 4399 paralytico
3100 4317 3511 4399 percurramus,

1929 4391 2052 4457 quia
2087 4391 2341 4442 Dominus
2370 4389 2514 4441 illum
2545 4389 2949 4444 commemorat.
2980 4393 3036 4446 Si
3062 4389 3201 4457 enim
3234 4400 3380 4453 illutn
3415 4389 3520 4457 Do;

1931 4453 2105 4512 minus
2142 4462 2615 4524 Commemoravit,
2654 4476 2749 4512 cur
2788 4476 2886 4514 nos
2915 4462 3060 4515 illutn
3091 4453 3305 4523 silentio
3334 4453 3516 4528 mitte-

1930 4547 2048 4583 mus
2071 4531 2092 4581 ?
2117 4530 2249 4584 Tum
2283 4531 2401 4600 quis
2430 4531 2654 4583 miratur
2674 4573 2689 4595 ,
2718 4547 2835 4586 cmn
2873 4532 3078 4586 Domini
3108 4537 3360 4595 miracula
3387 4558 3512 4597 nar-

1930 4613 2031 4656 rat.
2083 4601 2290 4654 Domini
2343 4617 2569 4668 namque
2623 4611 2705 4654 est
2760 4601 2875 4656 ha-c
2933 4606 3102 4657 media
3154 4609 3512 4668 solemuitas:

1928 4672 2189 4725 mediator
2215 4683 2296 4751 est
2323 4671 2579 4751 Dominus
2600 4708 2615 4732 ς
2650 4675 2881 4751 medium
2913 4685 2995 4728 est
3026 4676 3221 4751 festum
3257 4697 3270 4730 :
3301 4697 3516 4751 semper

1925 4755 2102 4796 autem
2134 4744 2363 4795 mediutn
2393 4744 2458 4795 ab
2485 4745 2736 4796 extremis
2769 4747 3022 4798 lirtnatur.
3055 4748 3174 4802 ideo
3201 4749 3314 4806 ltzrc
3341 4744 3512 4808 media

1926 4815 2236 4889 soletnnitas
2267 4813 2532 4880 duplicem
2565 4817 2974 4889 resurtectiouis
3000 4821 3221 4885 gratiam
3256 4825 3510 4889 poSsidct.

1925 4883 2057 4936 Cum
2088 4887 2229 4936 cnim
2269 4889 2405 4936 inter
2453 4886 2894 4940 resurrectionem
2923 4896 2975 4940 et
3005 4883 3356 4948 Pentecosten
3398 4913 3514 4951 mc-

1925 4955 2008 5007 dia
2042 4957 2131 5020 sit,
2178 4956 2622 5009 resurrectionem
2662 4967 2941 5021 monstrat,
2976 4959 3324 5018 l’euteeosteu
3365 4967 3507 5021 indi—

1927 5027 2079 5094 gitat,
2145 5027 2577 5106 Assutnptionem
2637 5027 2899 5106 buccinat.
2963 5033 3215 5095 ρυεωιειιιι
3264 5052 3390 5106 ergo
3444 5040 3516 5094 sit

1933 5107 2050 5178 tota
2086 5097 2356 5167 paralytici
2386 5099 2652 5177 narratio,
2681 5099 2825 5178 scitis
2858 5115 3043 5178 attines
3081 5097 3352 5170 studiosi:
3382 5126 3504 5178 quo-

1931 5169 2091 5246 modo
2129 5185 2222 5237 per
2261 5169 2812 5246 omnia_Spit'itualetu
2859 5171 3139 5246 ttiilitatent
3187 5169 3513 5246 decerpatis.

1929 5239 2092 5311 l’lane
2123 5238 2418 5311 recordaris
2444 5240 2664 5311 Joannis
2687 5240 3024 5309 evangelista:
3043 5238 3366 5311 clamantis;
3385 5248 3516 5304 Post

1929 5309 2035 5362 ha’c
2061 5319 2164 5361 erat
2190 5312 2345 5379 festus
2371 5309 2474 5362 dies
2494 5308 2790 5379 Judazornnt
2814 5308 2840 5374 ,ί
2859 5320 2905 5363 et
2935 5312 3158 5368 ascendit
3182 5308 3339 5370 Iesus
3361 5318 3514 5374 Itiro-

1927 5380 2350 5461 soiyritttiit.nlt‘rat
2371 5391 2543 5461 autem
2563 5378 2899 5461 Jerosolymis
2933 5383 3125 5451 piscina
3147 5425 3160 5447 ,
3179 5401 3304 5461 qua:
3327 5406 3514 5461 cogno-

1929 5453 2151 5523 minatur
2193 5448 2436 5501 Hebraice
2456 5493 2468 5514 ,
2499 5448 2784 5516 Bethesda,
2815 5448 3032 5523 quinique
3058 5448 3279 5521 porticus
3305 5448 3535 5521 habens»

1931 5519 1993 5596 in
2020 5522 2096 5596 his
2113 5522 2314 5590 jacebat
2342 5523 2609 5596 multitudo
2622 5519 3211 5596 inagnalanguentitun,
3243 5545 3513 5596 ca'corum,

1926 5589 2244 5664 dandorum,
2292 5593 2569 5650 aridorum,
2616 5589 2739 5664 Erat
2768 5589 3170 5664 autem'quidam
3210 5601 3359 5652 homo
3405 5589 3513 5664 ibi,

1928 5662 2133 5731 triginta
2165 5671 2208 5712 et
2240 5672 2349 5713 octo
2380 5679 2539 5713 annos
2581 5662 2767 5721 habens
2805 5663 2856 5714 in
2893 5666 3184 5730 in/t't'mitate
3213 5684 3323 5722 sua.
3359 5662 3518 5726 Hunc

1927 5734 2099 5784 videns
2137 5731 2322 5795 Jestts,
2356 5736 2441 5800 qui
2474 5733 2653 5792 tnnnid
2683 5735 2782 5786 scit
2809 5743 3094 5803 antequam
3147 5738 3309 5800 liant,
3354 5741 3516 5796 sciens

1925 5803 2044 5870 quia
2077 5804 2189 5869 jam
2220 5807 2434 5855 multum
2464 5813 2657 5869 tempus
2692 5804 2926 5867 haberet,
2955 5805 3072 5857 dicit
3107 5807 3150 5859 ei
3180 5823 3199 5864 :
3247 5808 3332 5862 Vis
3361 5827 3515 5866 sanus

1928 5874 2038 5940 [icri
2066 5877 2082 5942 (
2119 5873 2202 5925 Id.
2227 5873 2351 5931 5.,1.
2378 5877 2409 5925 ti
2437 5880 2450 5934 )
2475 5873 2496 5923 ?
2522 5871 2565 5926 Ο
2594 5874 2803 5928 Domini
2831 5878 3160 5931 curationem
3191 5895 3298 5934 tton
3325 5898 3513 5938 vanam

1925 5943 2148 6013 gloriam
2168 5946 2459 6014 sapientein
2482 5952 2494 5996 ι
2523 5960 2624 5999 non
2645 5954 2919 6015 exspectat
2934 5947 3273 6006 inﬁrmorum
3294 5967 3501 6022 preces.
