3954 6130
483 328 541 383 η
1220 321 1274 377 S.
1314 322 1591 380 JOANNIS
1624 321 2096 384 CHRYSOSTOMI
2137 330 2448 389 ARCIIIEP.
2492 336 3024 402 CONSTANTINOP.
3660 358 3722 415 12

481 446 563 490 tes
604 434 962 501 vocabantur,
1008 434 1222 507 quidam
1271 437 1579 514 Corinthius
1621 450 1736 494 erat
1782 438 1880 514 (α).
1927 441 2053 498 llaec

476 543 636 597 porro
658 544 689 582 a
719 531 870 583 nobis
909 544 1013 582 non
1039 529 1410 585 ostentationis
1454 544 1614 585 causa
1637 572 1653 597 ,
1684 546 1784 585 nec
1826 531 1893 586 ad
1921 548 2048 586 eru-

474 622 729 677 ditionem
760 621 1113 678 exhibendam
1163 621 1305 676 dicta
1350 632 1513 677 sunt:
1553 624 1681 693 quid
1712 624 1856 678 enim
1899 625 2050 695 juvat

472 714 589 768 brec
613 713 814 769 nosse?
844 713 936 767 sed
967 714 1080 768 haec
1103 712 1171 768 ad
1213 714 1452 784 epistolae
1494 724 1861 784 argumentum
1894 716 2048 773 nobis

469 807 772 863 conferunt.
802 807 959 861 Multa
989 816 1166 861 autem
1206 807 1259 861 in
1287 807 1389 863 hac
1415 807 1547 862 urbe
1583 822 1773 878 passus
1801 818 1883 862 est
1911 808 2048 863 Pau-

469 898 573 962 lus,
601 908 654 953 et
678 898 923 954 Christus
954 898 1007 951 in
1035 897 1119 952 illa
1147 912 1412 968 apparens
1434 898 1504 965 ei,
1537 897 1671 953 dixit
1701 917 1714 951 :
1747 897 1830 952 Ne
1853 908 2042 965 taceas,

467 992 555 1046 sed
581 993 781 1062 loquere
820 1008 837 1044 :
865 992 987 1062 quia
1010 989 1200 1045 multus
1222 1001 1293 1045 est
1321 991 1446 1045 mihi
1473 991 1689 1062 populus
1728 991 1780 1045 in
1808 991 1903 1045 hac
1925 992 2045 1045 civi-

467 1093 570 1137 tate
596 1083 736 1151 (Act.
768 1082 858 1138 18.
904 1082 960 1137 9.
1006 1081 1116 1152 10).
1148 1081 1216 1136 Et
1253 1083 1447 1135 mansit
1494 1082 1564 1136 ibi
1602 1082 1739 1137 duos
1764 1096 1953 1136 annos.
1985 1081 2043 1135 la

467 1176 566 1230 hac
585 1188 798 1245 quoque
817 1173 1028 1227 daemon
1048 1172 1197 1237 exiit,
1219 1188 1378 1242 quem
1401 1171 1570 1227 Judaei
1595 1171 1903 1240 adjurantes
1923 1186 2043 1240 gra-

466 1269 549 1323 via
576 1244 644 1322 ab
675 1267 768 1321 illo
798 1266 939 1335 passi
968 1244 1092 1320 sunt
1117 1282 1130 1317 :
1156 1266 1208 1318 in
1240 1263 1340 1319 hac
1379 1264 1506 1319 item
1531 1264 1747 1334 quidam
1778 1266 2040 1334 poeniten-

466 1361 537 1416 tia
578 1358 722 1414 ducti
762 1357 927 1412 libros
969 1357 1201 1428 magicos
1241 1356 1675 1425 combusserunt;
1704 1367 1757 1411 et
1784 1357 1893 1410 visa
1918 1367 2042 1412 sunt

462 1452 842 1523 quinquaginta
874 1451 1036 1504 millia
1066 1470 1080 1504 :
1118 1451 1170 1504 in
1215 1449 1316 1505 hac
1360 1447 1480 1504 dem
1495 1465 1581 1504 um
1606 1491 1621 1515 ,
1644 1448 1887 1505 Gallione
1918 1461 2041 1520 pro-

463 1543 686 1599 consule
711 1541 763 1595 in
801 1541 1051 1595 tribunali
1081 1540 1302 1595 sedente
1322 1581 1338 1606 ,
1370 1540 1566 1595 Paulus
1591 1540 1907 1595 verberatus
1932 1549 2036 1595 est.

464 1635 667 1690 Videas
692 1648 821 1703 ergo
849 1632 1096 1688 diabolus
1137 1632 1404 1687 civitatem
1442 1647 1690 1702 magnam
1720 1641 1775 1686 et
1816 1632 2039 1702 populo-

461 1743 576 1782 sam
608 1728 885 1782 veritatem
912 1725 1222 1795 accepisse;
1255 1723 1398 1778 illam
1417 1763 1432 1790 ,
1475 1724 1692 1794 inquam
1712 1766 1729 1791 ,
1760 1723 1958 1779 divitiis
1982 1733 2038 1779 et

459 1819 720 1891 sapientia
771 1818 1108 1882 mirabilem,
1157 1815 1483 1886 Graeciaaqne
1526 1816 1889 1886 praecipuam;
1948 1830 2036 1870 res

457 1910 598 1966 enim
650 1908 1054 1964 Atheniensium
1104 1914 1160 1961 et
1212 1905 1782 1972 Lacedaemoniorum,
1826 1905 2039 1960 sublato

448 2002 561 2073 jam
588 2003 712 2057 olim
742 2002 868 2071 ipsis
892 1999 1137 2070 imperio,
1167 1989 1365 2053 misere
1388 1998 1636 2068 jacebant
1660 2015 1673 2051 :
1697 1996 1884 2053 videns
1907 1998 2035 2052 item

453 2094 762 2150 Corinthios
789 2094 953 2147 alacri
983 2093 1167 2147 animo
1187 2091 1409 2146 verbum
1437 2091 1528 2144 Dei
1557 2089 1878 2159 suscepisse;
1906 2088 2036 2157 quid

455 2186 617 2242 facit?
641 2186 902 2242 Homines
946 2182 1174 2239 dividit:
1205 2182 1408 2237 sciebat
1457 2183 1599 2236 enim
1648 2197 1873 2251 regnum
1914 2197 2035 2237 om-

455 2278 601 2333 nium
633 2276 1067 2348 potentissimum
1092 2276 1147 2329 in
1188 2275 1423 2342 seipsum
1470 2273 1697 2327 divisam
1746 2282 1889 2328 stare
1926 2288 2032 2327 non

455 2387 629 2441 posse.
661 2369 1010 2426 Occasionem
1052 2377 1228 2422 autem
1263 2367 1448 2421 habuit
1489 2366 1554 2420 ad
1587 2366 1809 2421 insidias
1839 2381 2030 2435 paran-

451 2466 567 2527 das,
599 2462 950 2519 habitantium
978 2460 1196 2515 divitias
1217 2469 1378 2529 atque
1406 2458 1742 2528 sapientiam.
1768 2457 1903 2513 Hinc
1925 2458 2033 2514 illis

452 2560 505 2611 in
536 2556 791 2611 factiones
817 2554 1102 2609 adversum
1135 2567 1195 2607 se
1221 2562 1405 2605 mutuo
1431 2550 1614 2605 divisis
1633 2592 1649 2618 ,
1673 2565 1793 2604 cum
1816 2549 2031 2620 quidam

448 2665 635 2706 eorum
678 2664 737 2703 se
786 2656 977 2718 su0pto
1023 2645 1247 2700 arbitrio
1297 2643 1657 2714 delegissent,
1707 2643 2029 2698 multitudini

452 2741 799 2812 praefuerunt;
829 2748 884 2795 et
910 2739 1001 2793 alii
1028 2738 1242 2806 quidem
1273 2736 1354 2791 his
1373 2779 1389 2803 ,
1416 2736 1506 2791 alii
1534 2736 1637 2790 illis
1663 2751 1782 2791 sese
1807 2736 2027 2791 dedide-

454 2840 579 2887 runt
600 2871 618 2897 ,
651 2832 756 2886 illis
780 2840 841 2885 ut
875 2828 1128 2884 divitibus
1153 2869 1167 2893 ,
1215 2827 1298 2882 his
1342 2836 1400 2883 ut
1429 2827 1759 2896 sapientibus
1786 2829 1877 2897 qui
1908 2829 2026 2897 plus

452 2932 669 2994 possent
693 2921 887 2977 docere
915 2936 929 2973 :
957 2921 1071 2991 qui,
1088 2920 1354 2989 adjunetis
1379 2919 1480 2974 sibi
1507 2919 1633 2983 illis,
1660 2920 2027 2990 gloriabantur

448 3032 508 3071 se
538 3016 687 3086 plura
721 3006 919 3078 dicere,
960 3010 1123 3080 quain
1143 3010 1428 3082 Apostolus
1453 3029 1468 3077 ;
1494 3010 1543 3066 id
1568 3012 1707 3081 quod
1749 3012 1905 3066 etiam
1937 3008 2026 3068 ille

448 3107 789 3163 subindicans
817 3104 1064 3160 dicebat:
1095 3103 1217 3158 Non
1242 3104 1385 3175 potui
1408 3103 1543 3158 vobis
1589 3104 1725 3174 loqui
1772 3115 2025 3174 tamquam

445 3200 792 3271 spiritualibus
826 3200 847 3268 (
876 3200 926 3253 1.
955 3196 1071 3252 Cur.
1101 3197 1154 3252 5.
1190 3198 1216 3251 1
1251 3194 1292 3267 ).
1320 3194 1479 3251 Certe
1524 3211 1628 3249 non
1659 3211 1723 3251 ex
1753 3195 1898 3250 Pauli
1928 3211 2023 3265 pe-

449 3290 619 3356 nuria,
648 3290 741 3346 sed
771 3306 835 3345 ex
866 3290 1077 3344 illorum
1107 3288 1412 3342 inﬁrmitate
1442 3286 1639 3341 factum
1666 3296 1749 3340 est
1771 3328 1787 3353 ,
1818 3295 1877 3340 ut
1916 3302 2022 3342 non

446 3384 609 3439 multa
666 3383 912 3437 audirent
956 3395 972 3436 :
1021 3390 1075 3435 et
1121 3379 1224 3434 hoc
1271 3377 1466 3433 indicat
1507 3377 1663 3444 illud,
1706 3378 1832 3432 Sine
1882 3378 2023 3431 nobis

441 3475 615 3530 divitas
657 3474 781 3546 facti
829 3473 946 3527 estis
991 3470 1084 3543 (1.
1118 3471 1235 3527 Cor.
1261 3471 1315 3526 4.
1347 3468 1441 3541 8).
1479 3463 1611 3537 Qua:
1654 3484 1739 3523 res
1769 3484 1875 3524 non
1902 3483 2024 3538 par-

442 3585 524 3635 va,
557 3567 651 3623 sed
678 3567 917 3622 omnium
947 3563 1399 3635 perniciosissima
1438 3571 1553 3616 erat
1574 3602 1589 3628 ,
1618 3560 1759 3631 quod
1782 3561 2020 3616 Ecclesia

438 3659 846 3716 discinderetur.
880 3656 961 3710 Ad
991 3656 1104 3710 haec
1126 3665 1302 3710 autem
1327 3654 1470 3709 aliud
1495 3653 1673 3709 scelus
1696 3652 2017 3713 admitteba-

440 3760 545 3815 tur,
574 3748 716 3819 quod
745 3746 963 3817 quidam
986 3784 1003 3810 ,
1031 3745 1121 3813 qui
1146 3760 1264 3797 cum
1292 3758 1522 3798 noverca
1554 3758 1649 3797 sua
1678 3745 1880 3810 coiret,
1914 3758 2015 3799 nec

441 3840 600 3895 modo
614 3853 717 3892 non
734 3836 1114 3905 corriperetur,
1132 3832 1226 3887 sed
1247 3833 1407 3887 etiam
1422 3840 1595 3887 cretus
1608 3843 1841 3904 cogeret,
1859 3842 2011 3889 etse-

439 3931 698 4003 quacibus
724 3929 837 3983 suis
865 3926 1116 3982 suaderet
1145 3934 1202 3980 ut
1244 3924 1409 3978 altum
1440 3933 1711 3994 saperent.
1741 3924 1866 3980 Ideo
1893 3925 1967 3983 ait
1993 3942 2009 3980 :

441 4024 507 4079 Et
534 4040 621 4078 vos
662 4023 831 4093 inﬂati
859 4021 977 4075 estis
1001 4061 1016 4086 ,
1044 4028 1091 4073 et
1133 4034 1237 4072 non
1260 4017 1420 4088 magis
1449 4017 1647 4071 luxistis
1678 4017 1769 4090 (1.
1801 4016 1922 4073 Cor.
1953 4018 2008 4073 5.

434 4117 516 4191 2).
546 4117 628 4173 Ad
658 4116 773 4172 haec
801 4123 977 4170 autem
1008 4110 1222 4183 quidam
1244 4126 1311 4165 ex
1340 4110 1405 4164 iis
1429 4109 1518 4180 qui
1548 4109 1888 4178 perfectiores
1914 4111 2017 4165 ha-t

438 4211 718 4276 hebantur,
749 4222 871 4263 cum
899 4205 969 4260 ob
999 4203 1281 4274 ingluviem
1309 4217 1375 4257 ea
1406 4216 1526 4272 qua:
1552 4200 1706 4256 idolis
1735 4202 2005 4256 immolata

438 4302 647 4360 fuerant
665 4299 1031 4372 degustarent,
1057 4304 1113 4351 et
1142 4294 1197 4350 in
1225 4292 1437 4365 templis
1461 4293 1858 4363 accumberent,
1890 4310 2006 4351 om...

430 4397 515 4449 nia
539 4394 974 4466 pessumdabant.
1009 4392 1112 4447 Alii
1160 4407 1372 4447 rursum
1400 4391 1524 4445 lites
1552 4398 1607 4445 et
1628 4387 2001 4445 contentiones

432 4486 690 4543 habentes
717 4498 817 4553 pro
837 4482 1080 4554 pecuniis
1099 4523 1117 4550 ,
1145 4482 1385 4538 externis
1410 4480 1762 4539 tribunalibus
1791 4478 2000 4549 negotia

497 4747 572 4812 (a)
592 4746 853 4798 Periander
869 4741 1141 4812 Corinthius
1157 4742 1348 4812 septem
1371 4736 1466 4812 illis
1481 4735 1677 4812 Craeciae
1688 4737 2001 4812 sapientibus

435 4802 779 4872 annumeratur
801 4820 829 4854 a
849 4802 1154 4872 quibusdam
1170 4806 1271 4872 Non
1298 4810 1394 4847 una
1412 4802 1593 4862 quippe
1630 4804 1708 4847 est
1727 4802 1778 4848 in
1802 4809 1993 4863 septem

435 4870 727 4937 sapientium
748 4866 1037 4917 recensione
1052 4866 1311 4912 sententia.

2157 443 2252 485 sua
2293 435 2689 502 permittebant.
2738 439 2887 497 Multi
2934 458 3144 517 quoque
3185 449 3381 506 comati
3427 453 3569 522 apud
3607 453 3718 514 illos

2156 522 2472 590 circuibant,
2501 542 2635 597 quos
2660 530 2819 586 etiam
2862 534 3074 591 tonderi
3120 538 3293 608 jubet.
3333 543 3492 599 Aliud
3517 561 3717 618 quoque

2155 616 2406 672 delictum
2433 630 2547 675 erat
2569 638 2672 678 non
2702 640 2943 694 parvum,
2972 629 3113 699 quod
3146 632 3199 685 in
3231 636 3473 691 ecclesiis
3502 616 3720 695 seorsirn

2153 708 2519 777 comedereat,
2553 729 2726 784 neque
2754 718 2938 787 egenis
2964 720 3321 790 impertirent.
3350 726 3406 780 lu
3435 728 3540 783 alia
3565 732 3716 786 etiam

2154 816 2211 855 re
2235 804 2545 873 lmeabant,
2576 809 2717 877 quod
2736 810 2803 865 de
2822 812 3229 871 charismatibus
3256 818 3419 874 altum
3448 835 3712 894 saperent,

2151 890 2378 962 indeque
2424 896 2561 953 inter
2604 900 2727 955 illos
2770 904 3040 961 aemulatio
3068 909 3301 965 oriretur
3333 929 3347 965 :
3375 890 3526 983 quod
3546 918 3707 986 ipsum

2148 1000 2357 1055 quoque
2387 989 2677 1047 Ecclesium
2716 994 3011 1051 scindebat.
3053 998 3483 1059 Resurrectionis
3511 1023 3717 1079 quoque

2147 1073 2387 1169 doctrina
2415 1083 2553 1150 apud
2584 1084 2704 1140 illos
2732 1086 3065 1145 claudicabat
3091 1109 3107 1144 :
3138 1094 3353 1163 quidam
3384 1073 3545 1151 enim—
3579 1073 3709 1169 apud

2147 1166 2268 1223 illos
2297 1169 2527 1228 futuram
2558 1190 2843 1246 corporum
2883 1185 3334 1241 resurrectionem
3384 1203 3491 1243 non
3539 1166 3714 1246 admo-

2148 1259 2274 1314 dum
2292 1263 2603 1357 \credebant
2621 1308 2636 1334 ,
2665 1267 2866 1326 Crtecze
2895 1272 3068 1328 adhuc
3097 1278 3335 1333 stultitiae
3359 1281 3546 1335 morbo
3575 1281 3712 1339 labo-

2144 1352 2350 1406 rantes.
2382 1352 2509 1409 Ha:c
2534 1356 2739 1427 quippe
2755 1362 2929 1425 omnia
2954 1373 3132 1420 ortum
3162 1365 3430 1424 habebant
3457 1385 3523 1424 ex
3550 1372 3705 1440 philo-

2142 1441 2346 1511 sophiae
2392 1442 2628 1502 externa:
2675 1448 2902 1507 stultitia
2951 1470 2966 1506 :
3013 1454 3231 1511 et‘haec
3287 1468 3405 1514 erat
3454 1462 3708 1518 malorum

2144 1541 2315 1623 mater
2341 1549 2354 1583 :
2377 1533 2501 1591 hinc
2526 1536 2979 1612 discindebantur,
2997 1546 3138 1617 quod
3153 1548 3325 1619 ipsum
3343 1566 3371 1603 a
3389 1551 3713 1623 philosophis

2141 1621 2458 1679 didicerant.
2505 1627 2640 1684 Nam
2684 1641 2739 1686 et
2780 1633 2860 1689 illi
2904 1636 3005 1691 sibi
3053 1646 3238 1693 mutuo
3262 1621 3710 1712 adversabantur,

2141 1716 2346 1786 imperii
2366 1728 2420 1774 et
2435 1735 2583 1776 vana:
2605 1724 2791 1792 gloria:
2816 1741 2979 1783 causa
3009 1729 3236 1786 aliorum
3264 1747 3478 1804 semper
3499 1745 3714 1792 senten-

2142 1809 2265 1863 tiam
2290 1811 2688 1884 impugnantes,
2717 1827 2772 1872 et
2798 1834 2934 1874 nova
2963 1822 3233 1890 prioribus
3259 1826 3460 1882 addere
3486 1828 3709 1884 studen-

2141 1909 2241 1955 tes.
2271 1900 2360 1957 Sic
2382 1918 2557 1960 autem
2585 1906 2760 1962 affecti
2787 1921 2941 1966 erant
2968 1954 2983 1979 ,
3011 1916 3134 1983 quia
3162 1918 3456 1974 ratiociniis
3476 1935 3569 1975 sua
3599 1936 3716 1991 pera

2139 1990 2438 2047 mittebant.
2468 1995 2546 2049 llli
2575 2006 2754 2052 autem
2783 2004 3114 2071 scripserunt
3140 2006 3187 2060 ei
3213 2022 3310 2076 per
3337 1990 3703 2077 Fortunatam,

2139 2082 2462 2153 Stephanam
2510 2097 2563 2142 et
2587 2089 2877 2146 Achaicum
2908 2094 3200 2161 mittentes,
3227 2112 3452 2168 quorum
3475 2116 3635 2172 opera
3657 2117 3711 2158 et

2139 2177 2253 2247 ipse
2289 2177 2580 2248 Epistolam
2622 2182 2787 2238 misit.
2833 2185 2903 2240 Et
2939 2186 3043 2242 hoc
3071 2188 3324 2245 indicavit
3355 2193 3406 2246 in
3452 2194 3556 2250 line
3587 2192 3706 2265 Epi-

2136 2269 2287 2324 stolas
2308 2310 2327 2336 ,
2355 2286 2458 2325 non
2485 2271 2551 2327 de
2580 2275 2825 2331 omnibus
2857 2278 3077 2348 loquens
3102 2320 3116 2343 ,
3148 2281 3243 2335 sed
3273 2282 3343 2337 de
3367 2284 3633 2339 connubio
3657 2297 3711 2340 et

2137 2359 2203 2415 de
2221 2362 2534 2432 virginitate.
2555 2363 2676 2420 ideo
2695 2366 2905 2424 dicebat
2928 2387 2941 2424 :
2966 2369 3045 2423 De
3060 2370 3237 2440 quibus
3256 2383 3421 2426 autem
3443 2376 3715 2443 scripsistis.

2134 2454 2256 2508 nti/ii
2284 2454 2360 2527 (1.
2387 2455 2503 2510 Cor.
2536 2458 2589 2512 7.
2618 2457 2728 2530 11).
2756 2458 2853 2515 llle
2879 2477 3041 2531 porro
3087 2472 3142 2519 et
3167 2464 3235 2520 de
3262 2467 3454 2535 quibus
3481 2469 3708 2537 scripse-

2133 2556 2275 2615 runt,
2305 2557 2359 2603 et
2385 2548 2455 2604 de
2480 2552 2676 2621 quibus
2708 2569 2814 2607 non
2845 2556 3180 2625 scripserunt
3200 2598 3215 2621 ,
3245 2559 3525 2628 epistolam
3557 2561 3701 2622 texit,

2131 2653 2253 2693 cum
2285 2641 2464 2694 omnia
2512 2642 2725 2697 illorum
2762 2644 2888 2699 vitia
2917 2646 3242 2703 edidicisset.
3289 2649 3354 2703 Et
3390 2664 3509 2704 cum
3540 2649 3707 2705 literis

2129 2730 2464 2786 Timotheum
2482 2733 2663 2800 mittit,
2685 2749 2882 2804 gnarus
2902 2736 3005 2790 vim
3030 2753 3272 2807 magnam
3293 2738 3563 2794 habituras
3588 2740 3703 2794 lite—

2130 2839 2214 2877 ras
2232 2838 2385 2889 esse,
2411 2840 2511 2879 nec
2532 2840 2748 2894 parvam
2774 2829 3139 2883 accessionem
3162 2830 3439 2885 allaturam
3464 2831 3701 2901 discipuli

2130 2917 2488 2983 praesentiam.
2528 2917 2660 2985 Quia
2687 2933 2817 2973 vero
2854 2919 2916 2985 ii,
2946 2921 3037 2990 qui
3064 2921 3361 2977 Ecclesium
3388 2922 3701 2991 diviserant,

2127 3016 2373 3063 verentes
2401 3023 2470 3061 ne
2499 3008 2814 3064 ambitionis
2841 3025 3001 3064 causa
3047 3009 3099 3065 id
3142 3012 3333 3067 iecisse
3360 3012 3700 3080 viderentur,

2128 3099 2383 3169 propositi
2409 3100 2489 3154 sui
2513 3100 2761 3156 obtentus
2788 3104 3245 3173 excogitaverunt,
3273 3106 3414 3176 quod
3445 3107 3698 3162 nimirum

2129 3189 2442 3258 perfectiora
2471 3190 2726 3246 docerent
2750 3203 2804 3246 et
2827 3194 3181 3262 sapientiores
3202 3195 3319 3250 aliis
3344 3206 3551 3262 essent;
3574 3212 3701 3253 con-

2128 3290 2206 3334 tra
2248 3280 2389 3335 hunc
2418 3282 2664 3335 morbum
2707 3282 2880 3351 primo
2919 3285 3145 3354 insurgit
3188 3285 3420 3353 Paulus,
3462 3287 3694 3342 radicem

2126 3373 2391 3427 malorum
2419 3372 2748 3442 deprimens,
2775 3391 2983 3432 necnon
3009 3375 3404 3433 dissensionem
3428 3379 3557 3435 inde
3581 3380 3698 3435 sub-

2125 3456 2339 3520 ortam:
2369 3466 2641 3535 multaque
2689 3467 2938 3538 loquendi
2987 3469 3177 3524 ﬁducia
3224 3470 3409 3524 utitur.
3459 3471 3523 3526 Hi
3554 3473 3693 3527 enim

2123 3557 2352 3612 maxime
2375 3558 2614 3612 omnium
2643 3559 2888 3629 discipuli
2925 3561 3008 3615 sui
3034 3570 3223 3623 erant;
3266 3562 3465 3618 idcirco
3493 3564 3568 3618 ait
3598 3563 3699 3620 :Si

2121 3651 2237 3707 aliis
2259 3664 2361 3704 non
2380 3665 2492 3704 sum
2506 3652 2784 3721 apostolus,
2809 3653 2945 3707 vobis
2970 3664 3103 3707 certe
3131 3666 3245 3707 sum
3267 3669 3285 3707 :
3310 3670 3395 3708 vos
3423 3657 3554 3709 enim
3577 3656 3701 3712 estis.

2119 3742 2436 3814 signaculum
2465 3743 2779 3811 apostolatus
2809 3746 2905 3798 mei
2928 3747 3005 3814 (1.
3032 3744 3152 3800 Cor.
3179 3746 3232 3800 9.
3250 3746 3307 3817 2)
3344 3765 3356 3801 :
3385 3756 3437 3801 et
3465 3748 3582 3803 aliis
3608 3748 3692 3803 itt—

2120 3836 2380 3889 lirtniores
2409 3843 2597 3897 erant;
2642 3835 2761 3890 ideo
2801 3837 2930 3891 dicit
2958 3855 2971 3890 :
3003 3837 3124 3892 Non
3153 3841 3284 3893 enim
3325 3850 3379 3893 ut
3408 3842 3691 3910 spiritualio

2118 3930 2207 3984 bus
2247 3931 2480 4000 loquutus
2525 3949 2638 3986 sum
2666 3930 2930 3985 :nondum
2974 3931 3105 3985 enim
3146 3934 3414 4001 poteratis,
3462 3938 3550 3987 sed
3598 3950 3691 3988 nec

2115 4038 2249 4076 nunc
2275 4024 2476 4091 potestis
2508 4024 2600 4094 (1.
2632 4020 2752 4077 Cor.
2784 4023 2838 4078 3.
2864 4020 2944 4092 2).
2979 4022 3089 4077 lloc
3111 4031 3289 4077 autem
3317 4023 3466 4089 dicit,
3497 4039 3564 4079 ne
3594 4040 3696 4095 pu-

2115 4122 2288 4168 tarent
2312 4130 2435 4169 eum
2465 4115 2534 4170 ita
2558 4113 2703 4185 loqui
2729 4112 2797 4169 de
2820 4122 3061 4183 tempore
3101 4117 3390 4184 praeterito.
3421 4114 3690 4173 Caeterum

2112 4206 2396 4262 verisimile
2415 4216 2624 4262 estnon
2656 4214 2936 4275 corruptos
2962 4221 3149 4259 omnes
3173 4204 3340 4261 fuisse
3363 4248 3378 4273 ,
3405 4208 3498 4262 sed
3524 4225 3688 4280 quos-

2109 4297 2231 4355 dam
2274 4299 2413 4353 inter
2458 4299 2578 4353 illos
2607 4298 2771 4353 fuisse
2806 4296 3091 4352 admodum
3122 4308 3354 4353 sanctos.
3384 4298 3453 4354 Et
3500 4304 3602 4356 hoc
3632 4304 3684 4357 in

2108 4390 2283 4445 medio
2309 4390 2561 4460 Epistolze
2591 4388 2909 4459 signiﬁcavit
2952 4388 3136 4444 dicens
3165 4407 3179 4444 :
3206 4389 3337 4443 Mihi
3379 4401 3549 4447 autem
3594 4410 3693 4464 pro

2107 4480 2313 4533 minimo
2339 4488 2411 4534 est
2435 4489 2490 4533 ut
2515 4496 2545 4532 a
2567 4478 2704 4534 uobis
2719 4479 2944 4550 judicer;
2971 4489 3024 4534 et
3042 4478 3299 4548 adjiciens
3328 4496 3343 4534 :
3370 4480 3496 4535 Han:
3515 4496 3681 4538 autem

2107 4571 2462 4642 trans/iguravi
2481 4571 2535 4624 in
2560 4586 2643 4624 me
2662 4579 2709 4625 et
2728 4569 2913 4642 Apollo
2940 4569 3149 4643 (LCor.
3179 4572 3231 4625 5.
3252 4571 3330 4642 6).
3359 4572 3494 4639 Quia
3522 4575 3681 4646 igitur

2103 4679 2167 4716 ex
2193 4663 2495 4731 arrogantia
2518 4663 2699 4716 omnia
2738 4662 3089 4733 gignebantur
3115 4662 3251 4715 mala
3274 4704 3289 4728 ,
3319 4670 3373 4717 et
3397 4665 3537 4733 quod
3568 4665 3682 4722 exi-

2103 4753 2381 4808 stimarent
2406 4769 2467 4808 se
2498 4753 2621 4823 quid
2647 4754 2875 4823 amplius
2900 4753 3062 4821 scire,
3097 4752 3237 4835 hunc
3278 4754 3520 4811 morbum
3554 4767 3681 4812 ante

2101 4844 2236 4901 alios
2261 4845 2415 4911 tollit,
2438 4853 2493 4899 et
2512 4845 2774 4915 incipiens
2800 4843 2930 4900 dicit
2954 4861 2970 4898 :

454 5101 3667 5126 mm

1852 5214 2195 5275 HOMlLlA
2237 5217 2291 5277 Ι.

419 5379 545 5436 Car.
578 5382 631 5434 1.
659 5395 708 5432 v.
759 5381 810 5435 1.
860 5379 1054 5435 Paulus
1092 5392 1299 5437 vocatus
1339 5387 1598 5453 apostolus
1633 5386 1820 5442 Christi
1862 5387 1987 5443 Iesu

485 5489 576 5545 per
600 5474 901 5527 voluntatem
928 5472 1022 5528 Dei
1041 5515 1057 5539 ,
1080 5484 1125 5527 et
1152 5473 1423 5529 Sostltenes
1452 5478 1631 5547 frater,
1662 5479 1717 5533 2.
1743 5479 1982 5535 Ecclesiae

482 5560 613 5632 Dei,
640 5572 751 5636 qum
771 5577 842 5621 est
867 5565 1095 5621 Corinthi
1115 5608 1129 5632 ,
1163 5567 1488 5637 sanctiﬁcatio
1512 5570 1566 5623 in
1590 5568 1791 5626 Christo
1816 5571 1943 5626 Jesu
1961 5616 1975 5640 ,

482 5658 667 5713 uocatis
690 5658 876 5713 sanctis
897 5673 1014 5712 cum
1041 5656 1267 5715 omnibus
1292 5660 1632 5715 invocantibus
1657 5679 1840 5717 nomen
1869 5660 1978 5717 Do-

479 5750 602 5804 mini
627 5748 786 5803 nostri
826 5747 951 5819 (esu
978 5747 1164 5805 Christi
1202 5752 1252 5805 in
1291 5754 1428 5807 omni
1453 5752 1563 5807 loco
1589 5766 1633 5806 et
1659 5755 1885 5825 ipsorum
1927 5767 1971 5811 et

2165 5404 2335 5449 nostra
2365 5411 2384 5447 :
2414 5396 2466 5449 3.
2501 5398 2667 5464 gratia
2689 5399 2823 5452 vobis
2847 5412 2896 5455 et
2921 5416 3025 5472 pas:
3051 5420 3083 5456 a
3111 5403 3215 5458 Deo
3236 5406 3394 5463 Patre
3415 5416 3596 5466 nostra
3618 5419 3668 5467 et

2163 5485 2382 5538 Domino
2406 5486 2437 5539 J
2446 5503 2531 5540 esu
2557 5485 2775 5544 Christo.

2159 5575 2208 5626 1.
2247 5574 2381 5631 Vide
2424 5579 2690 5646 quomodo
2732 5583 2911 5637 statim
2945 5599 2973 5637 a
3005 5585 3264 5657 principio
3299 5602 3662 5663 arrogantiam

2086 5662 2279 5733 deiecit
2298 5709 2310 5730 ,
2339 5676 2393 5722 et
2419 5666 2563 5723 humi
2592 5674 2778 5727 stravit
2799 5689 3014 5730 onmem
3061 5677 3273 5735 illorum
3300 5662 3655 5742 existimatio-

2083 5772 2234 5822 nem,
2269 5770 2509 5814 vocatum
2543 5776 2600 5819 sc
2626 5761 2828 5819 dicens.
2862 5763 3042 5835 Neque
3064 5770 3206 5823 enim
3239 5772 3436 5839 inveni,
3463 5777 3654 5848 inquit,
