3954 6130
335 261 392 316 Il
1330 262 1394 317 IN
1434 261 1654 318 Εριετξ.
1692 259 1712 313 ι
1751 260 1843 313 AD

1980 261 2036 316 R.
2079 259 2309 317 HOMIL.
2349 257 2389 313 1.
3504 263 3581 316 12,

327 374 583 442 ἐπίδειξιν
611 374 976 448 πολυμαθείας
998 394 1009 405 ·
1032 377 1105 447 (τί
1130 377 1238 449 γὰρ
1262 378 1326 450 δὴ
1353 379 1447 432 καὶ
1474 376 1590 431 ἔστι
1619 377 1679 430 τὸ
1712 375 1886 430 ταῦτα

327 458 583 529 εἰδέναις)
609 459 741 513 ἀλλά
767 459 902 530 πρὸς
950 461 1048 530 τὴν
1072 460 1330 514 ὑπόθεσιν
1358 464 1491 532 ήμῖν
1521 458 1766 512 συντελεῖ
1792 458 1892 528 τῆς

337 542 681 613 Ἐπιστολῆς.
711 542 888 597 Πολλὰ
916 544 972 596 δὲ
1005 545 1098 597 καὶ
1126 545 1287 607 αὐτὸς
1317 544 1517 599 ἔπαθεν
1545 546 1574 597 ὁ
1594 542 1807 606 Παῦλος
1835 544 1894 595 ἐν

327 626 499 696 ταύτῃ
526 628 590 696 τῇ
619 625 788 690 πόλει,
823 626 919 679 καὶ
963 628 992 680 ὁ
1039 627 1269 698 Χριστὸς
1318 627 1373 680 δὲ
1415 630 1473 680 ἐν
1515 625 1689 697 ταύτῃ
1745 625 1895 695 αὐτῴ

330 708 518 777 φανείς
571 724 734 779 φησι·
795 708 893 774 Μὴ
939 709 1226 778 σιπνήσης,
1268 709 1428 764 ἀλλὰ
1475 710 1683 764 λάλει·
1743 711 1895 763 διότι

326 792 474 859 λαός
516 809 615 861 μοι
648 793 842 859 πολύς
876 793 1049 846 ἐστιν
1074 793 1145 846 ἐν
1182 790 1257 861 τῇ
1307 795 1481 848 πόλει
1524 794 1734 863 ταύτῃ.
1784 793 1894 846 Καὶ

325 874 535 945 ιμεινεν
565 876 683 929 ἐκεῖ
733 874 826 929 δύο
860 874 977 947 ἔτη.
1021 877 1108 931 Ἐν
1140 876 1311 949 ταύτῃ
1362 878 1458 931 καὶ
1497 879 1527 930 ό
1558 877 1767 948 δαίμων
1800 877 1892 943 ἐξ·

320 960 502 1031 ἢλθεν,
534 959 593 1013 ὃν
635 960 686 1013 oi
720 959 965 1013 Ἰουδαῖοι
1027 960 1426 1030 ἐφορκίζοντες.
1486 961 1555 1015 τὰ
1617 962 1892 1031 ἀνήκεστα

323 1043 517 1098 ἔπαθον
550 1044 678 1114 παρ’
716 1043 879 1097 αὑτοῦ
901 1061 915 1074 ·
966 1045 1025 1097 ἐν
1055 1044 1226 1115 ταύτῃ
1257 1043 1354 1108 τάς
1399 1044 1614 1114 βίϐλους
1655 1062 1890 1112 συναγα-

316 1126 503 1194 γόντες
538 1126 645 1181 τῶν
695 1128 908 1198 γοήτων
935 1126 985 1179 οί
1034 1129 1469 1197 μετανοήσαντες
1519 1127 1888 1192 κατέκαυσαν,

317 1209 411 1261 καὶ
439 1208 701 1279 ὤφθησαν
754 1208 1015 1279 μυριάδες
1067 1209 1261 1263 πέντε·
1320 1210 1379 1263 ἐν
1426 1208 1602 1281 ταύτῃ
1658 1210 1753 1262 καὶ
1797 1210 1892 1263 ἐπὶ

316 1290 616 1355 Γαλλίωνος
643 1291 738 1345 τοῦ
767 1290 1071 1346 ἀνθυπάτου
1099 1292 1191 1344 ἐπὶ
1221 1291 1313 1345 τοῦ
1349 1291 1592 1362 βήματος
1623 1294 1652 1345 6
1680 1293 1891 1359 Παῦλος

318 1374 397 1447 [2}
431 1374 709 1429 ἐτύπτετο.
746 1374 917 1446 Ὁρῶν
938 1375 1115 1427 τοίνυν
1135 1376 1164 1427 ὁ
1192 1373 1435 1437 διάϐολος
1462 1374 1616 1428 πόλιν
1644 1374 1889 1446 μεγάλην

318 1460 411 1511 καὶ
442 1456 865 1528 πολυάνθρωπον
905 1457 1003 1527 τῆς
1034 1455 1290 1527 ἀληθείας
1327 1456 1758 1527 ἐπειλημμένην,
1794 1458 1890 1511 xal

318 1540 549 1594 πλούτου
602 1541 698 1593 καὶ
746 1540 936 1609 σοφίας
987 1539 1171 1593 ἐνεκεν
1206 1539 1524 1611 θαυμαστὴν
1552 1536 1738 1606 οὖσαν,
1793 1542 1889 1595 καὶ

316 1624 416 1689 τῆς
449 1622 700 1685 Ἑλλάδος
730 1621 793 1674 τδ
844 1622 1133 1690 κεφάλαιον
1181 1624 1279 1691 (τὰ
1321 1623 1430 1694 γὰρ
1462 1623 1761 1695 Ἀθηναίων
1790 1625 1884 1678 καὶ

314 1705 761 1776 Λακεδαιμονίων
814 1704 1014 1766 ἀθλίως
1052 1704 1284 1759 διέκειτο
1318 1704 1523 1771 λοιπὸν,
1572 1708 1670 1775 τῆς
1709 1707 1884 1777 ἀρχῆς

315 1790 489 1845 πάλαι
545 1787 1022 1859 μεταπεσούσης),
1065 1788 1160 1843 καὶ
1218 1788 1572 1858 θεασάμενος,
1616 1790 1697 1842 ὅτι
1744 1791 1885 1859 μετά

311 1873 516 1943 πολλῆς
549 1872 646 1942 τῆς
686 1869 996 1942 προθυμίας
1024 1870 1275 1936 ἐδέξαντο
1304 1872 1395 1925 τὸν
1419 1875 1514 1924 τοῦ
1539 1871 1674 1926 Θεοῦ
1703 1871 1879 1941 λόγον,

307 1957 361 2009 τί
399 1958 571 2021 ποιεῖ;
604 1956 815 2025 Διαιρεῖ
840 1955 966 2015 τοὺς
996 1951 1317 2023 ἀνθρώπους
1342 1971 1354 1984 ·
1387 1954 1503 2027 ᾔδει
1525 1956 1655 2027 γάρ,
1683 1956 1764 2009 ὄτι
1789 1958 1883 2011 καὶ

310 2038 556 2111 βασιλεία
575 2040 608 2108 ή
638 2036 828 2090 πασῶν
855 2037 1180 2107 ἰσχυροτέρα
1212 2040 1296 2107 ἐφ’
1318 2037 1516 2109 ἑαυτὴν
1538 2039 1877 2110 μερισθεῖσα,

307 2123 371 2177 οὐ
406 2120 744 2191 σταθήσεται.
776 2116 902 2189 Εἷχε
932 2119 988 2172 δὲ
1016 2121 1269 2190 ἀφορμὴν
1301 2122 1436 2192 πρὸς
1464 2121 1560 2192 τὴν
1588 2122 1881 2191 ἐπιϐουλὴν

308 2205 509 2274 ταύτην
544 2204 637 2257 τὸν
679 2203 906 2258 πλοῦτον
944 2203 1037 2257 καὶ
1071 2205 1171 2274 τὴν
1200 2205 1393 2273 σοφίαν
1422 2205 1532 2258 τῶν
1562 2206 1878 2262 οἰκούντων.

320 2287 600 2342 Ἐντεῦθεν
628 2286 939 2358 συμμορίας
982 2288 1337 2357 ποιησάμενοι
1368 2287 1492 2342 καθ’
1524 2291 1751 2353 ἑαυτοὺς
1785 2291 1881 2343 καὶ

306 2372 802 2442 αὐτοχειροτόνητοι
852 2370 1133 2441 γενόμενοί
1198 2388 1363 2435 τινες,
1444 2374 1880 2443 προειστήκεσαν

304 2456 401 2510 τοῦ
434 2456 692 2527 πλήθους,
727 2455 819 2511 καὶ
850 2455 900 2507 οἱ
932 2455 1032 2523 μὲν
1060 2454 1290 2518 τούτοις,
1320 2456 1371 2508 οἱ
1409 2456 1463 2508 δὲ
1498 2456 1724 2519 ἐκείνοις
1754 2457 1880 2510 ἐαυ-

306 2542 434 2605 τοὺς
481 2540 836 2611 προσένεμον,
863 2542 973 2603 τοῖς
1010 2540 1108 2610 μὲν
1133 2539 1209 2603 ὼς
1242 2538 1541 2604 πλουσίοις,
1567 2543 1680 2603 τοῖς
1716 2539 1772 2593 δέ
1803 2540 1880 2604 ὡς

309 2626 494 2693 σοφοῖς
522 2624 618 2677 καὶ
642 2623 799 2675 πλέον
824 2640 876 2676 τι
914 2622 1237 2693 δυναμένοις
1261 2621 1535 2676 διδάσκειν
1560 2642 1572 2654 ·
1607 2622 1657 2675 οἳ
1680 2622 1746 2693 δὴ
1785 2623 1879 2676 καὶ

310 2706 719 2779 παραλαϐόντες
760 2707 973 2771 αὐτοὺς,
1029 2705 1439 2776 ἐφιλοτιμοῦντο
1475 2705 1636 2759 πλέον
1679 2724 1731 2759 τι
1783 2706 1878 2760 τοῦ

326 2789 655 2845 Ἀποστόλου
678 2789 838 2860 δῆθεν
865 2789 1075 2857 λέγειν·
1104 2790 1240 2860 ὅπερ
1272 2784 1364 2842 οὖν
1391 2789 1484 2842 καὶ
1512 2788 1880 2860 αἰνιττόμενος

302 2877 491 2946 ἔλεγεν
514 2890 528 2906 ⁸
571 2875 692 2929 Οὐκ
744 2871 1058 2942 ἠδυνήθην
1083 2872 1225 2942 ὑμῖν
1251 2871 1523 2942 λαλῆσαι
1576 2874 1658 2939 ὠς
1694 2888 1875 2929 πνευ-

301 2959 592 3027 ματικοῖς.
626 2956 880 3028 Δηλονότι
927 2956 988 3009 οὺ
1039 2955 1193 3027 παρὰ
1238 2957 1336 3027 τὴν
1381 2958 1589 3009 οίκείαν
1619 2957 1876 3027 ἀπορίαν,

300 3044 439 3100 ἀλλά
472 3041 621 3115 παρὰ
640 3040 737 3113 τήν
758 3040 983 3094 ἐκείνων
1012 3039 1296 3093 ἀσθένειαν
1323 3040 1383 3092 τὸ
1413 3040 1487 3110 μὴ
1517 3040 1688 3093 πολλὰ
1711 3042 1878 3094 ἀκοῦ-

303 3145 395 3183 σαι
443 3127 667 3197 γέγονε·
724 3125 819 3179 καὶ
866 3123 948 3188 τὸ,
1004 3124 1192 3191 Χωρὶς
1222 3121 1392 3192 ήμῶν
1433 3123 1873 3191 ἐπλουτήσατε,

300 3212 460 3267 τοῦτό
496 3213 643 3264 ἐστιν
687 3207 1121 3279 ἐνδεικνυμένου.
1150 3207 1262 3261 Kal
1285 3202 1353 3277 ἦν
1381 3205 1538 3259 τοῦτο
1559 3209 1618 3259 οὐ
1660 3208 1873 3278 μικρὸν,

301 3295 440 3352 ἀλλὰ
471 3294 687 3349 πάντων
718 3290 1130 3362 ὀλεθριώτερον,
1167 3290 1229 3343 τὸ
1268 3288 1593 3343 διεσπάσθαι
1618 3291 1718 3361 τὴν
1757 3292 1877 3343 Ἐκ-

304 3379 556 3450 κλησίαν.
616 3376 727 3430 Kal
773 3376 960 3445 ἓτερον
1006 3374 1065 3428 δὲ
1117 3373 1257 3444 μετά
1311 3373 1522 3426 τούτων
1572 3374 1876 3445 ἁμάρτημα

301 3461 577 3533 ἐτολμᾶτο
601 3459 809 3522 αὐτόθι,
839 3459 898 3511 τὸ
939 3458 1174 3529 μητρυιᾷ
1205 3474 1328 3510 τινα
1357 3456 1756 3527 συγγενόμενον
1800 3460 1876 3528 μή

304 3546 470 3618 μόνον
496 3545 573 3617 μὴ
604 3541 1049 3616 ἐπιπλήττεσθαι,
1100 3540 1236 3594 ἀλλὰ
1270 3541 1364 3594 καὶ
1394 3539 1751 3610 ὀχλαγωγεῖν,
1781 3542 1876 3593 καὶ

296 3631 414 3696 τοῖς
445 3630 565 3701 μετ’
593 3627 762 3684 αὑτοῦ
810 3625 1070 3697 παρέχειν
1112 3623 1256 3695 μέγα
1306 3624 1556 3693 φρονεῖν·
1595 3623 1674 3674 διό
1719 3640 1872 3692 φησι·

297 3715 410 3771 Καὶ
448 3713 620 3784 ὑμεῖς
672 3708 1112 3781 πεφυσιωμένοι
1144 3706 1309 3773 ἐστὲ,
1337 3706 1435 3759 καὶ
1479 3705 1612 3774 οὐχὶ
1634 3704 1877 3774 μᾶλλον

296 3800 696 3866 ἐπενθήσατε.
738 3796 850 3850 Kal
895 3794 1036 3865 μετά
1068 3792 1229 3845 τοῦτο
1262 3791 1427 3846 πάλιν
1472 3790 1616 3852 τινὲς
1644 3788 1755 3842 τῶν
1783 3789 1876 3861 δῆ-

298 3882 392 3936 θεν
416 3882 786 3952 τελειοτέρων,
816 3878 911 3933 καὶ
937 3876 1044 3931 ὑπὸ
1083 3873 1526 3945 γαστριμαργίας
1562 3871 1674 3925 τῶν
1718 3873 1872 3926 εἰδω-

296 3965 534 4019 λοθύτων
579 3962 997 4033 ἀπογευόμενοι,
1058 3960 1153 4012 καὶ
1183 3960 1240 4011 ὲν
1272 3960 1384 4021 τοῖς
1419 3958 1586 4025 ἱεροῖς
1613 3955 1870 4009 κατακλιο

296 4048 535 4118 νόμενοι,
560 4046 629 4100 τὰ
656 4045 833 4100 πάντα
864 4043 1241 4114 ἐλυμαίνοντο.
1277 4039 1461 4093 Ἀλλοι
1495 4038 1657 4093 πάλιν
1694 4040 1873 4109 μάχας

296 4131 514 4202 ἔχοντες
539 4129 632 4183 κα)⁸
660 4128 986 4198 φιλονεικίας
1014 4126 1153 4197 ὑπὲρ
1177 4124 1496 4195 χρημάτων,
1529 4125 1641 4186 τοῖς
1674 4123 1871 4187 ἔξωθεν

294 4213 671 4285 δικαστηρίοις
698 4212 765 4266 τὰ
812 4210 932 4265 καθ’
973 4208 1201 4270 ἑαυτοὺς
1233 4207 1537 4275 ἐπέτρεπον
1570 4207 1787 4260 ἅπαντα
1824 4216 1864 4260 ⁸.

294 4299 407 4352 Kal
437 4297 675 4368 κομῆται
715 4296 775 4350 δὲ
815 4295 1003 4349 πολλοὶ
1037 4295 1167 4363 παρ’
1213 4292 1398 4354 αὐτοῖς
1426 4288 1745 4359 περιῄεσαν,
1776 4288 1867 4352 οὓς

295 4383 389 4436 καὶ
418 4381 822 4453 ἀποκείρασθαι
855 4378 1089 4433 κελεύει.
1115 4373 1223 4431 Ἦν
1252 4393 1305 4429 τι
1343 4374 1436 4428 καὶ
1461 4372 1652 4444 ἕτερον
1684 4371 1788 4442 πλη
1799 4391 1867 4443 μ-

298 4465 516 4536 μέλημα
553 4465 616 4520 ού
666 4464 890 4536 μικρὸν,
920 4463 982 4518 τὸ
1022 4460 1143 4516 καθ’
1173 4460 1399 4522 ἑαυτοὺς
1429 4455 1631 4510 ἐσθίειν
1661 4457 1720 4509 ἐν
1751 4459 1870 4521 ταῖς

397 4647 674 4710 Legebat!”
693 4649 755 4698 τὰ
776 4648 882 4697 καθ’
898 4646 1091 4701 ἑαυτοὺς
1117 4645 1306 4692 ἅπαντα
1327 4638 1477 4688 ταῦτα
1501 4638 1769 4701 ἐπέτρεπον.

1994 375 2335 446 ἐκκλησίαις,
2360 376 2456 431 καὶ
2480 376 2555 447 μὴ
2585 374 2920 447 μεταδιδόναι
2948 376 3057 439 τοῖς
3084 374 3375 447 δεομένοις.
3404 377 3573 431 Μετά

1994 460 2052 514 δέ
2102 459 2259 513 τοῦτο
2308 462 2403 514 xal
2446 461 2633 529 ἕτερον
2662 458 3068 529 ἐπλημμέλουν,
3109 460 3201 513 ἐπὶ
3250 462 3362 524 τοῖς
3409 464 3565 531 χαρί-

1996 559 2168 612 σμασι
2200 542 2342 612 μέγα
2373 541 2715 614 φρονοῦντες,
2748 543 2841 596 καὶ
2869 542 3004 613 πρὸς
3025 542 3288 612 ἀλλήλους
3318 544 3564 598 ἐντεῦθεν

1994 625 2315 693 ζηλοτύπως
2358 626 2592 696 ἔχοντες,
2627 628 2764 696 ὅπερ
2793 628 2886 679 καὶ
2934 627 3068 680 αὐτὸ
3105 626 3341 696 μάλιστα
3369 627 3563 681 διέσπα

1991 708 2092 779 τὴν
2125 708 2471 778 Ἐκκλησίαν.
2508 711 2617 763 Kal
2648 713 2677 764 ὁ
2714 710 2842 780 περὶ
2867 710 2965 780 τῆς
3003 711 3354 775 ἀναστάσεως
3386 711 3443 765 δὲ
3481 712 3566 765 λό-

1993 808 2087 859 γος
2114 792 2347 861 ἐχὼλευε
2373 794 2504 865 παρ’
2528 794 2737 856 αὐτοῖς·
2775 792 2905 846 ἔνιοι
2930 794 3040 863 γὰρ
3064 793 3244 847 αὐτῶν
3270 795 3330 847 ού
3362 795 3569 867 σφόδρα

1992 876 2278 929 ἐπίστευον
2307 877 2604 933 ἀνάστασιν
2637 874 2776 930 εἶναι
2818 878 3106 947 σωμάτων,
3138 876 3209 930 τὰ
3248 877 3351 948 τῆς
3383 878 3570 951 Ἐλλη-

1993 960 2148 1031 νικῆς
2176 960 2391 1030 μωρίας
2419 960 2500 1014 ἔτι
2534 962 2836 1024 νοσοῦντες.
2868 962 2978 1015 Kal
3009 961 3119 1032 γὰρ
3146 962 3362 1017 ᾶπαντα
3393 962 3569 1017 ταῦτα

1992 1044 2102 1097 ἀπὸ
2149 1045 2247 1115 τῆς
2302 1046 2444 1100 κατὰ
2487 1048 2589 1116 τὴν
2638 1045 2956 1116 φιλοσοφίαν
2998 1046 3094 1116 τὴν
3147 1045 3346 1110 ἔξωθεν
3380 1047 3568 1110 ἀνοίας

1992 1129 2252 1193 ἐτίκτετο,
2282 1131 2377 1183 καὶ
2399 1130 2536 1202 αὕτη
2576 1126 2644 1201 ἦν
2669 1131 2776 1185 τῶν
2797 1130 2984 1184 κακῶν
3014 1132 3045 1201 ή
3071 1131 3285 1203 μήτηρ·
3314 1131 3568 1185 ἐντεῦθεν

1992 1212 2086 1265 καὶ
2131 1212 2405 1284 διῄρηντο,
2441 1214 2536 1268 καὶ⁵
2568 1213 2701 1269 αὐτὸ
2738 1213 2897 1268 τοῦτο
2944 1214 3055 1266 ἀπὸ
3105 1213 3215 1267 τῶν
3260 1214 3567 1282 φιλοσόφων

1993 1294 2280 1364 μαθόντες.
2326 1297 2436 1351 Kal
2478 1297 2587 1369 γὰρ
2619 1299 2818 1351 ἐκείνοι
2859 1295 2977 1350 κατ’
3024 1296 3272 1366 ἀλλήλων
3304 1297 3564 1368 ἔστησαν,

1991 1380 2076 1431 ἀεὶ
2123 1379 2264 1451 ὑπὲρ
2310 1380 2603 1452 φιλαρχίας
2647 1382 2741 1434 καὶ
2793 1381 3094 1447 κενοδοξίας
3132 1381 3361 1444 ἕκαστος
3391 1382 3419 1421 b
3452 1384 3565 1446 τοῖς

1990 1461 2234 1528 ἀλλήλων
2271 1463 2675 1533 ἐναντιούμενοι
2732 1463 2986 1532 δόγμασι,
3034 1465 3129 1516 καὶ
3176 1463 3566 1529 σπουδάζοντες

1989 1546 2241 1615 ἐφευρεῖν
2274 1562 2326 1599 τι
2354 1547 2466 1610 τοῖς
2497 1546 2801 1618 προτέροις.
2834 1546 3021 1599 Ταῦτα
3048 1546 3103 1599 δέ
3130 1546 3388 1616 ἔπασχον,
3420 1548 3565 1600 ἐπει-

1988 1628 2052 1697 δὴ
2091 1628 2368 1699 λογισμοῖς
2398 1629 2703 1700 ἐπέτρεπον
2736 1629 2803 1682 τὰ
2851 1629 2973 1682 καθ’
3005 1628 3247 1692 ἑαυτούς.
3279 1631 3564 1701 Ἔγραψαν

1993 1711 2092 1778 μὲν
2116 1708 2209 1765 οὖν
2241 1713 2390 1782 αὑτῷ
2431 1713 2521 1767 διὰ
2561 1714 2931 1784 Φορτουνάτου
2959 1714 3051 1766 καὶ.
3082 1713 3334 1782 Στεφανᾶ
3356 1713 3437 1786 [5]
3471 1717 3573 1769 καὶ

2003 1795 2279 1865 Ἀχαϊκοῦ,
2310 1798 2378 1849 δι’
2426 1791 2502 1851 ὧν
2530 1800 2626 1850 καὶ
2673 1798 2837 1859 αὐτὸς
2863 1797 3084 1866 γράφει.
3115 1800 3224 1851 Καὶ
3246 1799 3404 1852 τοῦτο
3436 1798 3562 1871 ἐδή-

1988 1878 2159 1933 λωσεν
2205 1882 2263 1933 ἐν
2296 1880 2373 1949 τῷ
2422 1881 2568 1934 τέλει
2619 1882 2716 1949 τῆς
2778 1880 3117 1950 Ἐπιστολῆς,
3167 1882 3228 1934 οὐ
3273 1882 3379 1952 μὴν
3437 1884 3564 1952 περὶ

1990 1962 2230 2025 πάντων,
2288 1962 2425 2017 ἀλλὰ
2459 1965 2586 2033 περὶ
2624 1963 2803 2032 γάμου
2853 1963 2948 2016 καὶ
2989 1963 3316 2035 παρθενίας·
3351 1964 3432 2017 διὸ
3469 1968 3575 2020 καὶη

1987 2045 2139 2114 ἔλεγε
2165 2063 2179 2078 ·
2211 2047 2348 2114 Περὶ
2397 2046 2466 2100 δὲ
2520 2040 2607 2100 ὧν
2631 2044 2930 2115 ἐπράψατέ
2956 2064 3078 2115 μοι.
3124 2047 3297 2110 Αὐτὸς
3353 2049 3559 2118 μέντοι,

1986 2132 2081 2184 καὶ
2130 2133 2268 2202 ὑπὲρ
2298 2128 2372 2185 ὧν
2407 2131 2674 2202 ἔγραψαν,
2730 2132 2821 2185 καὶ
2862 2131 3001 2201 ὑπὲρ
3032 2124 3107 2184 ὧν
3146 2132 3247 2186 οὐκ
3291 2132 3558 2205 ἔγραψαν,

1986 2213 2312 2281 ἐπιστέλλει,
2359 2214 2538 2269 πάντα
2568 2214 2707 2286 μετά
2745 2214 3027 2286 ἀκριϐείας
3066 2213 3254 2284 μαθὼν
3284 2217 3464 2269 αὐτῶν
3492 2219 3562 2273 τὰ

1986 2295 2363 2367 ἐλαττώματα.
2396 2298 2504 2350 Kal
2531 2297 2621 2351 τὸν
2668 2298 2931 2368 Τιμόθεον
2963 2298 3020 2351 δὲ
3048 2298 3371 2352 ἀποστέλλει
3422 2303 3560 2370 μετά

1985 2378 2093 2432 τῶν
2136 2380 2499 2451 γραμμάτων,
2534 2380 2688 2444 εἰδὼς
2738 2382 2820 2434 ὃτι
2878 2380 3076 2451 πολλὴν
3113 2381 3212 2452 μὲν
3262 2383 3414 2452 ἰσχὺν
3445 2382 3559 2453 εχει

1985 2463 2079 2515 καὶ
2107 2462 2175 2517 τὰ
2218 2464 2544 2535 γράμματα,
2594 2466 2656 2518 οὐ
2699 2464 2900 2536 μικρὰν
2925 2465 2981 2517 δὲ
3011 2465 3194 2527 αὐτοῖς
3224 2466 3359 2518 οἴσει
3390 2484 3558 2537 προσ-

1985 2543 2160 2617 θήκην
2188 2548 2282 2601 καὶ
2322 2549 2356 2617 ή
2392 2549 2662 2617 παρουσία
2685 2548 2779 2601 τοῦ
2826 2548 3091 2618 μαθητοῦ.
3136 2548 3355 2620 Ἐπειδὴ
3385 2549 3441 2602 δὲ
3469 2552 3556 2604 αἰ-

1987 2629 2300 2701 σχυνόμενοι
2328 2632 2376 2683 οί
2407 2631 2814 2701 διανειμάμενοι
2838 2633 2937 2702 τήν
2970 2631 3323 2702 Ἐκκλησίαν,
3357 2633 3431 2704 μὴ
3472 2632 3557 2686 δό-

1986 2713 2115 2778 ξωσι
2170 2714 2480 2784 φιλοτιμίας
2513 2715 2696 2770 ἕνεκεν
2724 2715 2882 2769 τοῦτο
2920 2716 3301 2786 πεποιηκέναι,
3348 2732 3556 2786 προκα-

1983 2796 2243 2867 λύμματα
2292 2798 2386 2851 τοῦ
2440 2799 2642 2862 πάθους
2683 2799 3004 2869 ἐπενόησαν,
3048 2799 3108 2851 τὸ
3149 2799 3217 2852 τὰ
3248 2798 3554 2870 τελειότερα

1983 2879 2144 2948 δῆθεν
2190 2880 2484 2945 διδάσκειν,
2538 2882 2632 2935 καὶ
2678 2882 2975 2952 σοφώτεροι
3019 2881 3125 2935 τῶν
3172 2882 3347 2937 ἄλλων
3376 2880 3553 2939 εἶναι·

1979 2964 2098 3016 κατ’
2129 2963 2295 3017 αὑτοῦ
2326 2965 2541 3035 πρῶτον
2570 2967 2599 3019 ὁ
2628 2965 2837 3029 Παῦλος
2863 2966 3077 3018 ἵσταται
3104 2964 3196 3018 τοῦ
3222 2967 3553 3037 νοσήματος,

1977 3047 2075 3117 τὴν
2096 3045 2249 3115 ῥίζαν
2281 3046 2389 3099 τῶν
2417 3047 2605 3101 κακῶν
2642 3048 3002 3114 ἀναστέλλων,
3038 3049 3129 3101 καὶ
3170 3049 3270 3117 τὴν
3300 3049 3555 3103 ἐντεῦθεν

1979 3133 2205 3196 φυεῖσαν
2234 3129 2520 3199 διχόνοιαν·
2556 3130 2649 3183 καὶ
2673 3130 2842 3201 πολλῇ
2867 3131 3128 3201 κέχρηται
3155 3136 3223 3203 τῇ
3246 3134 3545 3207 παρρησίᾳ.

1975 3208 2154 3267 *Ησαν
2191 3213 2299 3284 γὰρ
2346 3212 2493 3284 αύτῷ
2525 3213 2618 3265 καὶ
2672 3213 2913 3285 μαθηταὶ
2959 3211 3105 3270 οὗτοι
3139 3216 3374 3285 μάλιστα
3410 3219 3548 3273 πάν-

1974 3313 2100 3350 των·
2137 3296 2218 3349 διό
2255 3313 2419 3366 φησιν
2446 3313 2459 3328 ·
2494 3299 2566 3350 Εἰ
2607 3295 2821 3363 ἄλλοις
2862 3300 2974 3353 οὐκ
3023 3299 3140 3366 εἰμὶ
3180 3300 3553 3369 ἀπόστολος,

1975 3378 2136 3434 ἀλλά
2189 3396 2256 3448 γε
2312 3379 2453 3448 ὑμῖν
2505 3383 2656 3448 εἰμι’
2696 3382 2735 3448 ἡ
2798 3384 2907 3450 γὰρ
2950 3382 3206 3450 σφραγὶς
3255 3383 3366 3450 τῆς
3398 3384 3549 3454 ἐμῆς

1974 3464 2324 3531 ἀποστολῆς
2354 3463 2522 3532 ὑμεῖς
2555 3464 2715 3517 ἐστε.
2757 3465 2866 3517 Kal
2912 3466 3302 3538 ἀσθενέστερόν
3331 3483 3393 3535 γε
3440 3469 3548 3522 τῶν

1975 3546 2151 3600 ἄλλων
2177 3546 2439 3600 διέκειντο
2459 3562 2473 3577 ·
2521 3546 2602 3598 διό
2628 3563 2811 3617 φησιν,
2854 3549 2935 3600 Οὐ
2970 3546 3080 3614 γὰρ
3108 3549 3187 3612 ὡς
3225 3566 3545 3617 πνευματι-

1975 3629 2102 3694 κοῖς
2150 3628 2459 3694 ἐλάλησα·
2493 3630 2656 3681 οΰπω
2716 3627 2825 3697 γὰρ
2871 3628 3186 3694 ἐδύνασθε,
3237 3631 3373 3684 ἀλλ’
3406 3634 3549 3687 οὐδὲ

1974 3712 2061 3764 ἔτι
2093 3713 2208 3765 νῦν
2234 3711 2518 3767 δύνασθε.
2550 3710 2718 3764 Τοῦτο
2736 3711 2793 3764 δέ
2823 3710 2990 3778 λέγει,
3010 3712 3096 3766 ἵνα
3127 3712 3202 3783 μή
3226 3715 3543 3784 νομίσωσιν,

1973 3795 2053 3848 ὅτι
2090 3794 2228 3865 ὑπὲρ
2256 3793 2351 3847 τοῦ
2403 3794 2763 3864 παρελθόντος
2804 3793 2963 3847 τοῦτο
3010 3794 3157 3863 λέγει
3196 3797 3406 3867 χρόνου.
3457 3799 3546 3852 Διὸ

1972 3878 2251 3950 ἐπήγαγε·
2318 3878 2469 3931 Ἀλλ)
2525 3876 2668 3932 οὐδὲ
2704 3877 2791 3931 ἔτι
2840 3877 2958 3932 νῦν
3007 3878 3274 3934 δύνασθε
3325 3891 3372 3935 ε.
3398 3880 3568 3951 Πλὴν.

1973 3961 2087 4014 ἀλλ’
2127 3960 2245 4014 οὐδὲ
2284 3961 2494 4025 πάντας
2552 3961 2696 4024 εἰκὸς
2732 3956 2799 4030 ἦν
2836 3960 3176 4033 διεφθάρθαι,
3230 3962 3343 4015 ἀλλ’
3403 3958 3542 4017 εἷναί

1971 4062 2122 4108 τινας
2174 4046 2231 4097 ἐν
2266 4045 2452 4107 αὐτοῖς
2484 4045 2575 4097 καὶ
2622 4044 2827 4114 σφόδρα
2866 4045 3074 4113 ἁγίους.
3120 4048 3229 4099 Kal
3276 4046 3434 4100 τοῦτο
3483 4047 3542 4102 ἐν

1977 4129 2124 4199 μέσῳ
2156 4131 2255 4197 τῆς
2283 4127 2602 4197 Ἐπιστολῆς
2631 4127 2899 4198 ἐδήλωσεν
2926 4126 3094 4181 εἰπών
3114 4144 3125 4155 ·
3163 4129 3316 4196 Ἐμοί
3352 4129 3420 4181 δὲ
3454 4133 3543 4193 είς

1970 4211 2296 4279 ἐλάχιστόν
2328 4211 2519 4275 ἐστιν,
2551 4212 2651 4264 ἵνα
2701 4212 2803 4280 ὑφ’
2854 4210 3021 4279 ὑμῶν
3065 4210 3382 4279 ἀνακριθῶ,
3444 4217 3533 4268 καὶ

1971 4293 2284 4361 ἐπαγαγὼν,
2331 4292 2522 4347 Ταῦτα
2547 4293 2613 4345 δὲ
2647 4292 3137 4361 μετεσχημάτισα
3167 4297 3253 4359 είς
3280 4295 3537 4363 ἐμαυτὸν

1971 4378 2069 4432 καὶ
2103 4376 2383 4431 Ἀπολλώ.
2420 4377 2570 4428 Ἐπεὶ
2598 4372 2689 4429 οῦν
2720 4374 2777 4439 ἐξ
2806 4376 3061 4437 ἀπονοίας
3092 4377 3267 4431 πάντα
3299 4379 3543 4432 ἐτίκτετο

1970 4462 2037 4514 τὰ
2069 4460 2215 4513 κακὰ
2242 4460 2333 4513 καὶ
2379 4459 2472 4512 τοῦ
2521 4459 2762 4530 νομίζειν
2793 4458 2992 4512 εἰδέναι
3034 4476 3086 4512 τι
3118 4459 3301 4524 πλέον,
3334 4461 3543 4533 ταύτην

1968 4543 2074 4614 πρὸ
2109 4542 2217 4596 τῶν
2253 4543 2428 4598 ἄλλων
2467 4541 2738 4613 καθαιρεῖ,
2764 4544 2856 4595 καὶ
2886 4542 3188 4613 ἀρχόμενος
3220 4561 3390 4613 φησι·

2034 4635 2061 4674 δ
2082 4636 2271 4685 Deerat
2294 4637 2510 4689 ἕκαστος.
2579 4637 2602 4665 °
2626 4635 2788 4684 Verba
2812 4636 2944 4685 διὸ...
2967 4636 3163 4685 δύνασθε
3188 4636 3416 4687 deerant.

1757 5008 1996 5061 ()MIAIA
2036 5006 2112 5062 Αἵ

290 5150 530 5214 Παῦλος
576 5144 801 5213 κλητὸς
857 5148 1198 5213 ἀπόστολος
1237 5147 1493 5213 Χριστοῦ
1533 5145 1734 5210 Ἰησοῦ
1765 5144 1862 5199 διὰ

357 5220 695 5287 θελήματος
728 5216 899 5287 Θεοῦ,
941 5218 1035 5271 καὶ
1071 5217 1389 5281 Σωσθένης
1413 5220 1444 5269 ό
1470 5216 1749 5283 ἀδελφὸς,
1785 5214 1861 5284 τῇ

366 5285 703 5355 Ἐκκλησία
758 5285 867 5339 τοῦ
932 5289 1075 5341 Θεοῦ
1126 5288 1201 5355 τῇ
1261 5289 1419 5355 οὔσῃ
1467 5288 1537 5339 ὲν
1572 5288 1855 5353 Κορίνθῳ,

352 5357 745 5427 ἡγιασμένοις
774 5359 845 5427 ἐῆν
874 5355 1100 5425 Χριστῷ
1133 5356 1358 5425 Ἰησοῦ,
1396 5356 1642 5425 κλητοῖς
1669 5357 1857 5427 ἁγίοις

355 5429 478 5482 σὺν
514 5426 667 5498 πᾶσι
722 5426 848 5498 τοῖς
879 5428 1371 5498 ἐπικαλουμένοις
1420 5428 1485 5480 τὸ
1529 5427 1715 5493 ὄνομα
1750 5426 1854 5479 τοῦ

354 5500 579 5567 Κυρίου
629 5497 799 5566 ήμῶν
847 5496 1052 5565 Ἰησοῦ
1082 5496 1336 5564 Χριστοῦ
1363 5498 1431 5550 ἐν
1467 5498 1644 5550 παντὶ
1692 5501 1856 5560 τόπῳ

354 5569 556 5624 αὐτῶν
606 5585 671 5621 τε
716 5568 815 5623 καὶ
853 5567 1058 5638 ἡμῶν·
1112 5569 1280 5638 χάρις
1310 5569 1451 5637 ὑμῖν
1492 5568 1592 5621 καὶ
1643 5567 1851 5638 εἰρήνη

354 5640 472 5694 ἀπὸ
533 5638 683 5692 Θεοῦ
736 5636 967 5707 Πατρός
1026 5636 1197 5708 ἡμῶν
1244 5636 1598 5707 καλΚυρίου
1644 5637 1848 5704 Ἰησοῦ

354 5709 636 5779 Χριστοῦ.

364 5828 431 5875 α’.
474 5822 624 5892 Ὅρα
653 5821 769 5883 πῶς
791 5820 989 5884 εὐθέως
1006 5822 1068 5874 ἐκ
1092 5819 1388 5891 προοιμίων
1416 5818 1505 5871 τὸν
1539 5817 1705 5886 τῦφον
1726 5835 1852 5869 κατ-

294 5905 473 5975 έϐαλε,
504 5909 597 5961 καὶ
632 5906 804 5977 χαμαὶ
836 5904 1020 5976 Ξρριεηιε
1078 5907 1255 5959 πᾶσαν
1296 5903 1468 5956 αὐτῶν
1520 5905 1613 5973 τὴν
1655 5902 1848 5971 οἴησιν,

1962 5145 2159 5217 κλητὸν
2214 5143 2405 5198 ἑαυτὸν
2452 5144 2638 5199 εἰπών.
2684 5145 2757 5196 Οὐ
2795 5143 2904 5213 γὰρ
2948 5143 3107 5206 αὐτὸς
3133 5141 3308 5216 εὗρον,
3346 5146 3531 5215 φησὶν,

1960 5230 2096 5300 ὅπερ
2147 5229 2373 5300 ἔμαθον,
2422 5228 2543 5280 οὐδὲ
2601 5228 2779 5298 οἰκείᾳ
2828 5226 3127 5280 κατέλαϐον
3178 5231 3356 5302 σοφίᾳ,
3397 5232 3530 5284 ἀλλὰ

1960 5312 2177 5366 διώκων
2231 5313 2326 5365 καὶ
2386 5311 2605 5380 πορθῶν
2653 5309 2750 5379 τὴν
2797 5310 3143 5381 Ἐκκλησίαν,
3204 5314 3437 5383 ἐκλήθην
3471 5323 3524 5365 ⁸.

1969 5396 2229 5449 Ἐνταῦθα
2257 5397 2313 5448 δὲ
2339 5394 2433 5448 τοῦ
2473 5394 2572 5466 μὲν
2609 5395 2893 5456 καλοῦντος
2922 5395 2982 5446 τὸ
3009 5397 3144 5447 πᾶν·
3180 5396 3274 5448 τοῦ
3305 5397 3360 5448 δὲ
3400 5396 3527 5464 κλη-

1957 5480 2139 5544 θέντος
2188 5480 2360 5543 ούδέν,
2412 5480 2486 5542 ὡς
2530 5480 2724 5541 εἰπεῖν,
2775 5478 3003 5543 γίνεται,
3050 5477 3174 5547 ἢτὸ
3220 5479 3527 5531 ὑπακοῦσαι

1958 5563 2136 5632 μόνον.
2188 5562 2445 5631 Χριστοῦ
2480 5561 2704 5628 Ἰησοῦ.
2738 5561 2795 5611 Ὀ
2839 5559 3151 5621 διδάσκαλος
3190 5560 3341 5628 ὑμῶν
3394 5562 3525 5633 Χρι-

1959 5647 2109 5710 στός·
2167 5648 2259 5700 καὶ
2307 5648 2463 5717 ὑμεῖς
2501 5643 2823 5716 ἀνθρώπους
2857 5642 3227 5713 ἐπιγράφεσθε
3256 5642 3354 5711 τῆς
3382 5644 3527 5699 διδα-

1962 5732 2186 5793 σκαλίας
2233 5730 2581 5801 προστάτας;
2636 5725 2736 5779 Διὶι
2764 5725 3089 5791 θελήματος
3122 5724 3289 5778 Θεοῦ.
3324 5726 3383 5781 ’0
3417 5730 3521 5800 γὰρ

2022 5911 2033 5929 ⁸
2063 5911 2240 5960 Deerat
2266 5912 2475 5967 ἐκλήθην.
