3954 6130
414 309 484 366 13
1119 304 1178 359 8.
1218 298 1506 359 JOANNIS
1534 291 2029 356 CHRYSOSTOMI
2066 292 2383 351 ARCHIEP.
2424 296 2979 354 LONSTANTIL‘UP.
3568 311 3641 359 η

406 425 541 487 Θεὸς
571 419 727 477 τοῦτο
752 419 981 492 ἠθέλησε
1007 419 1069 474 τὸ
1096 419 1268 484 οὕτως
1294 419 1439 490 ὑμᾶς
1491 416 1748 486 σωθῆναι.
1804 411 1970 468 Οὑδέν

406 508 516 578 γὰρ
559 508 711 578 ἡμεῖς
733 503 1197 577 κατωρθώσαμεν,
1244 503 1380 556 ἀλλά
1407 501 1495 555 διά
1526 500 1620 554 τοῦ
1663 498 1970 578 θελήματος

405 577 499 644 τοῦ
527 577 660 643 Θεοῦ
709 587 805 658 τὴν
851 585 1121 658 σωτηρίαν
1162 585 1238 658 [4]
1275 583 1586 657 εύράμεθα·
1638 582 1732 635 καὶ
1781 577 1966 647 ἐπειδὴ

405 673 556 744 αύτῷ
584 671 780 736 ἔδοξεν,
811 669 1139 740 ἐκλήθημεν,
1188 671 1288 722 οὑκ
1317 667 1503 738 ἐπειδὴ
1531 665 1670 730 ἄξιοι
1702 661 1865 734 ἦμεν.

477 757 646 810 Πάλιν
688 754 986 826 μετριάζει,
1025 753 1332 806 συντάττων
1372 750 1550 819 ἐαυτῷ
1584 749 1672 802 τὸν
1716 749 1972 800 ἐλάττονα

405 839 582 910 πολλῷ
598 852 623 880 ι
640 855 654 869 ο
681 837 775 891 καὶ
795 837 903 906 γάρ
923 836 1053 888 πολὺ
1074 835 1134 887 τὸ
1160 835 1319 905 μέσον
1335 830 1401 904 ἦν
1421 833 1632 886 Παύλου
1655 833 1747 886 καὶ
1766 827 1974 884 Σωσθέ-

405 941 548 987 νους.
576 924 638 976 Εἰ
681 921 759 983 δέ,
789 921 915 974 ἔνθα
950 918 1203 972 τοσοῦτον
1247 915 1314 988 ἦν
1354 917 1415 970 τὺ
1455 917 1649 986 μέσον,
1687 913 1974 976 συνέταξεν

403 1005 581 1076 ἐαυτῷ
613 1005 703 1059 τὸν
725 1001 1169 1070 καταδεέστερον,
1194 1001 1244 1052 τί
1275 1001 1340 1052 ἂν
1370 1001 1540 1070 ἐχοιεν
1573 1001 1746 1051 εἰπεῖν
1775 999 1973 1051 ἐκεῖνοι

402 1093 451 1143 οἱ
476 1091 603 1152 τοὺς
631 1086 924 1158 ὁμοτίμους
965 1083 1366 1154 ὑπερορῶντες;
1409 1083 1487 1150 Τῇ
1523 1081 1840 1148 Ἐκκλησία
1867 1079 1974 1134 τοῦ

403 1170 575 1228 Θεοῦ.
590 1171 663 1224 Ού
684 1167 836 1222 τοῦδε
862 1167 956 1220 καὶ
976 1165 1149 1228 τοῦδε,
1164 1166 1298 1219 ἀλλὰ
1319 1167 1422 1220 τοῦ
1445 1166 1611 1219 Θεοῦ.
1633 1163 1714 1232 Τῇ
1735 1164 1889 1228 οὔσῃ
1905 1163 1974 1214 ἐν

403 1253 687 1320 Κορίνθῳ.
723 1251 883 1320 Ὁρᾷς
917 1249 1032 1312 πῶς
1066 1248 1191 1301 καθ’
1222 1250 1458 1318 ἐκάστην
1497 1247 1641 1312 λέξιν
1680 1245 1975 1299 κατέϐαλεν

403 1336 583 1391 αὐτῶν
626 1334 689 1387 τὸ
732 1333 980 1403 φύσημα,
1011 1332 1108 1402 τὴν
1143 1333 1381 1386 διάνοιαν
1411 1332 1606 1396 ἐθίζων
1634 1330 1722 1383 διὰ
1758 1330 1976 1384 πάντων

404 1419 542 1490 πρὸς
587 1417 682 1470 τὸν
716 1415 981 1486 οὑρανόν;
1035 1415 1361 1486 Ἐκκλησίαν
1397 1414 1452 1468 δὲ
1485 1413 1619 1467 Θεοῦ
1669 1413 1840 1477 καλεῖ,
1867 1412 1976 1465 δει-

403 1503 534 1565 κνὺς
587 1501 670 1554 ὅτι
724 1499 964 1570 ἡνῶσθαι
1019 1498 1185 1568 αὑτὴν
1232 1501 1357 1570 χρή.
1390 1499 1453 1551 Εἰ
1501 1498 1607 1569 γὰρ
1633 1496 1766 1550 Θεοῦ
1800 1497 1968 1560 ἐστιν,

405 1584 631 1655 ἥνωται,
667 1582 761 1634 καὶ
796 1582 892 1651 μία
921 1581 1086 1644 ἐστὶν,
1119 1582 1219 1634 ούκ
1244 1584 1301 1634 ἐν
1347 1580 1592 1650 Κορίνθῳ
1629 1580 1806 1649 μόνον,
1839 1577 1975 1631 ἀλλά

405 1669 501 1723 καὶ
541 1669 598 1720 ἐν
628 1666 777 1738 πάσῃ
817 1669 882 1737 τῇ
935 1667 1248 1736 οἰκουμένῃ.
1282 1666 1355 1718 Τὸ
1385 1665 1493 1734 γάρ
1519 1665 1616 1734 τῆς
1650 1661 1974 1732 Ἐκκλησίας

405 1750 577 1820 δνομα
613 1747 674 1801 οὐ
700 1747 1002 1818 χωρισμοῦ,
1030 1748 1168 1800 ἀλλά
1198 1747 1444 1812 ἐνὼσεώς
1471 1748 1588 1798 ἐστι
1617 1746 1711 1799 καὶ
1739 1761 1972 1814 συμφω-

404 1833 523 1894 νίας
546 1831 738 1902 δνομα.
765 1828 1168 1900 Ἠγιασμένοις
1194 1831 1263 1883 ἐν
1291 1828 1527 1896 Χριστῷ
1563 1828 1776 1897 Ἰησοῦ.
1801 1828 1971 1880 Πάλιν

404 1916 498 1971 τοῦ
538 1914 710 1986 Ἰησοῦ
741 1915 802 1967 τὸ
827 1916 1013 1984 ὄνομα.
1045 1913 1282 1984 οὐδαμοῦ
1325 1913 1628 1982 ἀνθρώπων
1660 1912 1864 1980 τίθησι.
1907 1910 1973 1962 Τί

401 2003 458 2055 δέ
489 2002 635 2053 ἐστιν
687 1999 717 2051 6
763 1998 1060 2068 ἀγιασμός;
1115 1999 1189 2051 Τὸ
1234 1997 1480 2068 λουτρὸν,
1530 1997 1560 2048 6
1607 1994 1969 2068 καθαρισμός.

414 2084 847 2154 Ἀναμιμνήσκει
873 2082 979 2154 γὰρ
1010 2084 1208 2145 αὑτοὺς
1233 2083 1334 2151 τῆς
1360 2081 1568 2145 οἰκείας
1607 2080 1972 2150 ἀκαθαρσίας,

403 2162 468 2239 ἧς
505 2164 804 2236 ἀπήλλαξε,
845 2165 938 2216 καὶ
979 2164 1154 2216 πείθει
1193 2165 1365 2235 μικρά
1393 2167 1645 2232 φρονεῖν⁹
1693 2164 1754 2216 οὑ
1783 2161 1893 2232 γάρ
1916 2163 1974 2213 ἐν

403 2251 515 2312 τοῖς
562 2247 782 2308 οἰκείοις
815 2246 1257 2316 κατορθώμασιν,
1319 2247 1434 2300 ἀλλ’
1473 2247 1530 2298 ἐν
1571 2249 1638 2317 τῇ
1693 2245 1785 2298 τοῦ
1837 2245 1971 2297 Θεοῦ

405 2328 785 2402 φιλανθρωπίᾳ
816 2330 1176 2400 ἡγιάσθησαν.
1209 2329 1464 2396 Κλητοῖς
1489 2330 1698 2398 άγίοις.
1732 2329 1838 2380 Καὶ
1865 2328 1972 2398 γάρ

404 2415 562 2470 τοῦτο
599 2413 730 2467 αὐτὸ
757 2412 818 2466 τὸ
844 2413 1024 2465 πίστει
1073 2412 1331 2482 σωθῆναι,
1365 2414 1550 2482 φησὶν,
1573 2412 1671 2464 οὐκ
1697 2413 1754 2478 ἐξ
1782 2411 1934 2480 ὑμῶν
1955 2427 1970 2443 ο

406 2499 467 2552 οὑ
518 2497 627 2567 γὰρ
664 2495 999 2566 προσήλθετε
1047 2495 1273 2566 πρῶτοι,
1313 2495 1428 2548 ἀλλ’
1479 2495 1766 2565 ἐκλήθητε.
1810 2494 1972 2548 Ὥστε

406 2581 529 2636 οὐδὲ
564 2581 626 2633 1:6
664 2579 858 2650 μικρὸν
895 2578 1072 2644 τοῦτο,
1108 2579 1372 2649 ὑμέτερον
1403 2578 1541 2632 ὅλον.
1579 2578 1766 2631 Καίτοι
1800 2579 1847 2630 εἰ
1879 2579 1973 2629 καὶ

407 2662 762 2736 προσήλθετε,
816 2662 1023 2730 μυρίων
1064 2662 1216 2724 δντες
1271 2661 1560 2717 ὑπεύθυνοι
1611 2660 1819 2726 κακῶν,
1853 2659 1972 2712 οὑδέ

406 2746 578 2810 οὓτως
606 2747 734 2817 ὑμῖν
765 2746 944 2816 χάρις,
973 2745 1110 2798 ἀλλά
1143 2745 1219 2816 τῷ
1252 2745 1390 2817 Θεῷ.

477 2831 576 2885 Διά
619 2830 776 2884 τοῦτο
828 2831 924 2883 καὶ
973 2830 1241 2897 Ἐφεσίοις
1293 2831 1518 2902 γράφων
1568 2829 1741 2898 ἔλεγε·
1773 2828 1976 2898 Χάριτί

407 2914 548 2969 ἐστε
575 2913 953 2982 σεσωσμένοι
988 2912 1085 2967 διὰ
1123 2914 1401 2978 πίστεως,
1439 2913 1536 2966 καί
1565 2914 1740 2967 τοῦτο
1774 2915 1884 2966 οὐκ
1905 2911 1974 2975 ἐξ

407 2995 592 3068 ὑμῶν.
617 2995 752 3049 Οὐδὲ
779 2997 812 3063 ἡ
843 2995 1023 3057 πίστις
1049 2996 1202 3066 ὑμῶν
1230 2995 1522 3067 ὁλόκληρος
1541 3013 1554 3026 ·
1588 2997 1646 3049 οὑ
1685 2995 1793 3065 γάρ
1817 2996 1976 3063 ὑμεῖς

407 3079 765 3136 ἐπιστεύσατε
795 3077 1177 3149 προλαϐόντες,
1227 3078 1363 3132 ἁλλά
1411 3078 1700 3148 κληθέντες
1730 3077 1974 3148 ὑπηκού-

410 3180 561 3217 σατε.
585 3163 710 3216 Σὺν
732 3159 878 3215 πᾶσι
909 3161 1026 3226 τοῖς
1054 3161 1545 3230 ἐπικαλουμένοις
1572 3161 1638 3214 τὸ
1664 3161 1850 3229 ὄνομα
1870 3160 1975 3213 τοῦ

408 3246 632 3312 Κυρίου
674 3242 843 3312 ἡμῶν
883 3243 1086 3310 Ἰησοῦ
1132 3243 1411 3310 Χριστοῦ.
1443 3243 1516 3296 Ού
1550 3243 1646 3296 τοῦ
1681 3243 1849 3306 δεῖνος
1883 3245 1977 3296 καὶ

408 3329 510 3381 τοῦ
539 3328 732 3390 δεῖνος,
766 3326 900 3380 ἀλλὰ
937 3326 1008 3380 Τὸ
1047 3326 1234 3394 ὄνομα
1261 3326 1367 3380 τοῦ
1393 3325 1638 3394 Κυρίου.
1668 3326 1770 3379 Ἑν
1798 3324 1976 3378 παντί

408 3411 576 3475 τόπῳ
602 3409 804 3464 αὐτῶν
833 3427 896 3462 τε
923 3409 1019 3462 καί
1051 3408 1238 3478 ἡμῶν.
1275 3410 1338 3462 El
1372 3409 1480 3480 γὰρ
1510 3409 1600 3462 καὶ
1627 3410 1762 3479 πρὸς
1791 3410 1978 3478 Κοριν-

412 3495 562 3558 θίους
605 3493 673 3547 τὰ
714 3493 1020 3563 γράμματά
1065 3495 1179 3546 ἐστι
1226 3493 1586 3564 γεγραμμένα
1634 3494 1816 3564 μόνον,
1841 3493 1976 3546 ἀλλὰ

409 3577 507 3632 καὶ
551 3577 769 3631 πάντων
794 3576 902 3629 τῶν
938 3578 996 3628 ἐν
1034 3575 1182 3648 πάσῃ
1215 3579 1282 3647 τῇ
1317 3580 1388 3648 γῇ
1427 3575 1700 3647 μέμνηται
1748 3577 1975 3639 πιστῶν,

409 3661 618 3724 δεικνὺς
652 3663 734 3715 ὅτι
769 3661 867 3732 τὴν
906 3661 998 3714 ἐπί
1029 3661 1131 3731 τῆς
1163 3661 1483 3732 οἰκουμένης
1540 3662 1671 3731 μίαν
1704 3662 1787 3715 δεῖ
1836 3657 1975 3716 εἶναι

423 3742 774 3814 Ἐκκλησίαν,
830 3743 1007 3795 καίτοι
1060 3743 1246 3806 τόποις
1293 3743 1505 3805 πολλοῖς
1538 3744 1973 3814 κεχωρισμένην,

410 3828 509 3882 καὶ
557 3824 737 3894 πολλῷ
786 3824 982 3894 μᾶλλον
1035 3824 1134 3894 τὴν
1180 3827 1237 3876 ἐν
1273 3825 1543 3894 Κορίνθῳ.
1580 3827 1642 3878 Εί
1680 3827 1735 3876 δέ
1765 3830 1792 3878 6
1815 3827 1978 3888 τόπος

412 3907 659 3978 χωρίζει,
694 3906 807 3959 ἀλλ’
836 3906 865 3956 ὁ
919 3905 1120 3977 Κύριος
1159 3907 1352 3967 αὐτοὺς
1379 3908 1639 3959 συνάπτει
1668 3909 1843 3970 κοινὸς
1873 3907 1946 3960 ῶν
1965 3925 1978 3938 ·

413 3991 498 4044 διὸ
529 3991 624 4042 καὶ
653 3987 788 4042 ἑνῶν
815 3990 1010 4051 αὑτοὺς
1043 3989 1290 4057 ἐπήγαγε
1317 3987 1398 4049 τὸ,
1437 3987 1622 4056 Ἡμῶν
1648 4006 1713 4041 τε
1747 3991 1843 4042 καί
1876 3992 1983 4043 αὐ-

413 4072 554 4128 τῶν.
591 4072 732 4126 Πολὺ
769 4072 824 4124 δέ
853 4071 1012 4125 τοῦτο
1044 4072 1250 4124 ἐκείνου
1281 4071 1844 4143 κυριώτερον.⁹Ὠσπερ
1875 4074 1983 4143 γὰρ

414 4156 468 4211 οι
493 4157 551 4208 ἐν
577 4155 658 4208 ἐνὶ
693 4154 844 4225 τόπῳ
871 4154 1041 4218 δντες,
1077 4155 1204 4206 ὅταν
1235 4153 1463 4216 πολλοὺς
1489 4153 1682 4222 ἔχωσιν
1711 4155 1982 4218 ἐναντίους

413 4237 700 4302 δεσπότας,
737 4239 1119 4308 διεσπασμένοι
1152 4237 1276 4299 εἰσί,
1313 4238 1407 4290 καὶ
1452 4237 1600 4289 οὐδὲν
1637 4239 1744 4290 ἀπὸ
1772 4239 1863 4291 τοῦ
1897 4239 1983 4290 τό-

416 4339 520 4376 που
545 4323 624 4386 είς
653 4321 905 4394 ὁμόνοιαν
937 4319 1292 4390 ὠφελοῦνται,
1321 4320 1550 4392 διάφορα
1578 4321 1686 4373 τῶν
1709 4321 1982 4376 δεσποτῶν

415 4405 829 4470 ἐπιταττόντων,
851 4405 944 4458 καὶ
976 4404 1110 4476 πρὸς
1145 4405 1371 4466 ἐαυτοὺς
1405 4403 1669 4457 ἑλκόντων
1712 4407 1830 4474 (οὑ
1877 4405 1982 4459 δύ-

413 4493 602 4543 νασθε
633 4488 761 4556 γὰρ,
809 4487 963 4556 φησὶ,
1013 4486 1134 4552 Θεῷ
1159 4487 1472 4540 δουλεύειν
1503 4487 1598 4540 καί
1628 4485 1938 4555 μαμμωνᾷ)
1963 4506 1976 4519 '

415 4569 589 4632 οὕτως
635 4570 685 4621 οἰ
731 4570 788 4621 ἐν
827 4569 1104 4640 διαφόροις
1140 4570 1324 4630 τόποις
1358 4569 1527 4630 ὄντες,
1561 4569 1656 4620 ἐάν
1697 4567 1770 4638 μὴ
1800 4569 1984 4637 διαφό-

421 4668 548 4723 ρους
579 4651 740 4721 ἐχωσι
775 4652 1017 4722 κυρίους,
1045 4651 1159 4703 ἀλλ’
1192 4651 1289 4704 ἕνα
1336 4651 1515 4720 μόνον,
1558 4649 1709 4702 οὐδὲν
1743 4651 1850 4704 ἀπὸ
1877 4652 1984 4703 τῶν

416 4735 600 4789 τόπων
627 4736 705 4796 εἰς
722 4735 974 4804 ὁμόνοιαν
1004 4733 1502 4804 παραϐλάπτονται,
1530 4733 1623 4786 τοῦ
1659 4734 1861 4804 Κυρίου
1891 4734 1983 4786 τοῦ

418 4819 535 4881 ἐνὸς
564 4817 925 4878 συνάπτοντος
961 4816 1174 4879 αύτούς.
1197 4817 1270 4869 Ού
1293 4817 1434 4883 λέγω
1469 4816 1666 4876 τοίνυν,
1693 4819 1878 4886 φησὶν,
1903 4820 1984 4871 ὃτι

418 4903 555 4975 πρὸς
615 4901 934 4972 Κορινθίους
967 4900 1238 4970 Κορίνθιοι
1272 4900 1423 4964 ϐντες
1455 4901 1697 4969 ὁμονοεῖν
1743 4901 1983 4968 ὀφείλετε

421 4987 602 5057 μόνον,
635 4983 772 5038 ἀλλά
803 4985 896 5037 καὶ
932 4982 1066 5052 πρὸς
1112 4981 1318 5045 πάντας
1348 4984 1472 5046 τοὺς
1511 4983 1568 5036 ἐν
1594 4987 1658 5054 τῇ
1693 4984 1981 5054 οἰκουμένῃ

419 5068 592 5140 πάσῃ,
624 5067 802 5120 κοινὸν
860 5065 1072 5135 ἔχοντες
1116 5065 1410 5134 Δεσπότην.
1459 5065 1559 5118 Διά
1607 5065 1764 5119 τοῦτο
1803 5068 1897 5118 καὶ
1922 5069 1984 5118 ἐκ

416 5151 670 5222 δευτέρου
722 5149 1028 5220 προσέθηκε
1065 5148 1146 5213 τὸ,
1170 5147 1383 5218 Ἡμῶν.
1423 5147 1640 5220 Ἐπειδὴ
1682 5151 1789 5220 γὰρ
1840 5146 1980 5213 εἷπε,

423 5233 497 5290 Τὸ
528 5233 716 5302 ὄνομα
742 5232 848 5287 τοῦ
881 5233 1095 5301 Κυρίου
1135 5231 1303 5300 ἡμῶν
1334 5233 1536 5299 Ἰησοῦ
1566 5233 1842 5302 Χριστοῦ,
1898 5234 1982 5287 ἴνα

423 5316 498 5387 μὴ
518 5315 642 5386 δόξῃ
677 5314 930 5385 χωρίζειν
965 5315 1116 5384 παρά
1136 5319 1247 5377 τοῖς
1277 5317 1542 5385 ἀνοήτοις,
1579 5317 1772 5385 ἐπάγει
1799 5315 1980 5380 πάλιν,

419 5399 640 5468 Κυρίου
671 5396 837 5467 ἡμῶν
860 5415 923 5452 τε
947 5399 1043 5451 καί
1067 5399 1283 5453 αὐτῶν.
1315 5400 1421 5451 Καὶ
1448 5400 1532 5451 ἵνα
1555 5397 1630 5470 [5]
1656 5400 1983 5470 σαφέστερον

419 5482 448 5534 δ
484 5481 626 5550 λέγω
656 5482 902 5552 γένηται,
937 5480 1319 5550 ἀναγνώσομαι
1353 5481 1490 5534 κατά
1514 5483 1576 5533 τὸ
1605 5483 1779 5552 νόημα
1807 5482 1946 5536 οὕτω
1967 5501 1980 5514 ο

420 5564 628 5629 Παῦλος
653 5562 746 5616 καὶ
772 5562 1053 5632 Σωσθένης
1083 5566 1152 5635 τῇ
1185 5563 1477 5634 Ἐκκλησία
1505 5562 1598 5616 τοῦ
1633 5564 1766 5616 Θεοῦ
1794 5568 1858 5635 τῇ
1896 5565 1982 5618 οὑ-

423 5665 490 5718 σῃ
545 5649 603 5701 ἐν
654 5646 922 5718 Κορίνθῳ,
981 5647 1076 5700 καὶ
1110 5648 1244 5700 πᾶσι
1281 5649 1394 5710 τοῖς
1437 5645 1886 5716 ἐπικαλουμένοις
1923 5649 1984 5701 τὸ

419 5731 590 5802 δνομα
613 5729 706 5784 τοῦ
730 5730 933 5800 Κυρίου
961 5728 1118 5800 ἡμῶν
1138 5746 1194 5782 τε
1223 5731 1316 5784 καὶ
1342 5730 1518 5784 αὐτῶν
1548 5733 1604 5784 ἐν
1633 5732 1794 5784 παντὶ
1815 5731 1983 5801 τόπῳ,

484 5906 800 5976 ‘Legcbalur
831 5909 1064 5962 Ἀπολλᾶν.

2074 409 2179 464 κᾶν
2233 415 2292 466 ἐν
2334 412 2539 486 Ῥώμῃ,
2598 414 2704 468 κᾶν
2747 415 2878 468 ὅπου
2926 413 3123 484 δήποτε
3165 412 3233 467 ἃν
3277 404 3415 468 ὦσι·
3459 416 3642 487 Χάρις

2072 494 2217 563 ὑμῖν
2248 497 2344 549 καὶ
2371 497 2575 566 εἰρήνη
2614 499 2732 554 άπὸ
2768 499 2915 552 Θεοῦ
2943 488 3174 566 Πατρός
3198 497 3368 566 ἡμῶν
3390 500 3488 554 καὶ
3516 505 3637 557 Κυ-

2067 579 2205 645 ρίου
2239 579 2432 645 Ἰησοῦ
2456 583 2730 650 Χριστοῦ.
2763 584 2833 635 Ἢ
2856 581 2998 636 οὓτω
3029 581 3212 645 πάλιν,
3249 581 3276 634 δ
3307 582 3401 635 καὶ
3438 584 3639 654 μᾶλλον

2073 661 2313 732 ἡγοῦμαι
2341 662 2699 734 ἀληθέστερον
2737 660 2911 718 εἶναι·
2953 664 3162 728 Παῦλος
3209 664 3300 718 καὶ
3354 666 3642 738 Σωσθένης

2071 747 2183 807 τοῖς
2237 748 2293 800 ἐν
2335 748 2584 821 Κορίνθῳ
2635 749 3005 820 ἡγιασμένοις,
3053 748 3270 815 κλητοῖς
3316 749 3491 816 ἁγίοις
3538 752 3638 804 σῦν

2075 832 2206 882 πᾶσι
2227 833 2340 894 τοῖς
2365 833 2808 903 ἐπικαλουμένοις
2835 832 2895 885 τὸ
2927 832 3096 902 ὄνομα
3120 831 3211 884 τοῦ
3247 833 3450 902 Κυρίου
3481 834 3639 904 ἡμῶν

2086 913 2259 983 Ἰησοῦ
2291 916 2525 985 Χριστοῦ
2559 917 2618 968 ἐν
2661 916 2822 968 παντὶ
2850 916 3000 984 τόπῳ
3037 914 3216 966 αὑτῶν
3248 932 3307 967 τε
3333 917 3423 968 καὶ
3455 917 3633 986 ἡμῶν.

2075 997 2355 1065 Τουτέστι,
2389 999 2562 1069 Χάρις
2601 1001 2730 1071 ὑμῖν
2777 1000 2869 1052 καὶ
2914 1000 3102 1069 εἰρήνη
3132 999 3258 1068 ὑμῖν
3301 1002 3413 1062 τοῖς
3442 1001 3500 1051 ἐν
3525 1002 3636 1054 Κο-

2074 1080 2238 1153 ρίνθῳ
2269 1084 2641 1154 ἡγιασμένοις,
2678 1085 2770 1139 καὶ
2810 1084 3028 1153 κλητοῖς
3060 1082 3406 1153 γενομένοιςσ
3439 1086 3498 1137 οὐ
3536 1085 3636 1155 μό-

2073 1180 2204 1228 νοις,
2255 1165 2392 1219 ἀλλά
2440 1167 2576 1236 μετά
2604 1168 2820 1221 πάντων
2852 1167 2960 1218 τῶν
2994 1167 3052 1218 ἐν
3073 1167 3235 1218 παντὶ
3257 1166 3408 1236 τόπῳ
3440 1169 3638 1220 ἐπικα-

2072 1243 2162 1297 λου
2173 1245 2348 1315 μένων
2367 1248 2428 1300 τὺ
2451 1248 2620 1318 δνομα
2641 1247 2737 1301 τοῦ
2768 1249 2979 1318 Κυρίου
3007 1248 3165 1318 ἡμῶν
3200 1248 3374 1318 Ἰησοῦ
3397 1249 3642 1320 Χριστοῦ

2074 1329 2168 1381 καὶ
2217 1329 2417 1383 αὐτῶν.
2473 1330 2535 1384 Εἰ
2579 1331 2636 1385 δέ
2680 1331 2787 1384 ἀπὸ
2815 1331 3032 1402 χάριτος
3067 1332 3099 1401 ἡ
3153 1332 3367 1401 εἰρήνη,
3395 1331 3450 1383 τί
3495 1331 3638 1401 μέγα

2075 1415 2311 1484 φρονεῖς,
2348 1417 2401 1468 τί
2434 1416 2573 1486 μέγα
2607 1417 2804 1486 φυσᾷς,
2837 1415 3018 1485 χάριτι
3054 1415 3244 1477 σωθείς
3273 1431 3287 1479 ;
3322 1416 3370 1467 εί
3399 1415 3454 1467 δέ
3483 1417 3639 1488 εἰρήο

2074 1513 2171 1566 νην
2200 1497 2343 1565 ἔχεις
2381 1497 2517 1567 πρὸς
2547 1498 2637 1550 τδν
2665 1497 2814 1559 Θεὸν,
2851 1498 2903 1550 τί
2932 1498 3138 1568 ἐτέροις
3169 1496 3397 1550 σεαυτὸν
3418 1499 3640 1567 προσνέ⁸

2077 1595 2198 1647 μεις
2221 1579 2268 1643 ιι;
2287 1580 2442 1632 τοῦτο
2465 1581 2575 1652 γὰρ
2604 1579 3004 1642 διαστασιάζειν
3021 1581 3155 1633 ἐστί.
3179 1581 3243 1632 Τί
3271 1579 3400 1650 γάρ,
3425 1581 3472 1632 εί
3500 1580 3642 1651 πρὸς

2074 1661 2219 1714 τόνδε
2255 1664 2562 1734 εἰρηνεύετε
2596 1667 2686 1718 καὶ
2741 1667 2878 1735 πρός
2918 1665 3088 1729 τόνδε,
3139 1664 3230 1717 καὶ
3266 1663 3425 1732 χάριν
3449 1663 3632 1731 {Xa-ca;

2087 1745 2224 1812 Ἐγὼ
2257 1747 2313 1798 δὲ
2346 1747 2452 1800 ἀπὸ
2499 1748 2592 1801 τοῦ
2645 1748 2777 1800 Θεοῦ
2826 1748 2960 1800 αἰτῶ
2993 1747 3164 1800 ταῦτα
3195 1748 3321 1816 ὑμῖν
3352 1746 3637 1815 ἀμφότερα

2072 1829 2346 1896 γενέσθαι,
2377 1833 2469 1883 καὶ
2496 1831 2590 1884 ἀπ’
2640 1832 2803 1884 αὑτοῦ
2836 1832 2925 1884 καὶ
2960 1831 3095 1901 πρὸς
3136 1831 3314 1884 αὑτόν.
3357 1829 3493 1883 Οὑτε
3526 1830 3635 1899 γάρ

2076 1911 2267 1980 βεϐαία
2296 1913 2444 1982 μένει
2482 1925 2527 1976 ο,
2560 1914 2624 1968 ἂν
2656 1915 2730 1983 μὴ
2760 1915 2859 1983 τῆς
2890 1913 3093 1968 ἀνωθεν
3120 1914 3403 1986 ἀπολαύσῃ
3441 1915 3638 1984 ῥοπῆςν

2072 1992 2221 2054 οὔτε,
2268 1994 2364 2046 ἐὰν
2411 1997 2484 2066 μὴ
2537 1997 2672 2066 πρὸς
2703 1997 2865 2050 αὑτὸν
2911 1995 2968 2069 ᾗ,
3018 1996 3170 2049 ἔσται
3208 2015 3259 2049 τι
3289 1997 3453 2048 πλέον
3482 1998 3630 2066 ὑμῖν.

2075 2077 2242 2129 Ούδέν
2265 2077 2373 2149 γάρ
2399 2079 2588 2147 δφελος
2619 2081 2771 2149 ἡμίν,
2803 2079 2905 2132 κᾶν
2929 2079 3062 2150 πρὸς
3087 2080 3294 2143 πάντας
3322 2074 3473 2150 ὦμεν
3495 2081 3638 2149 εἰρη-

2075 2160 2231 2222 νικοὶ,
2281 2162 2419 2230 πρὸς
2454 2163 2511 2214 δὲ
2559 2162 2648 2214 τὸν
2683 2163 2814 2217 Θεὸν
2859 2163 3404 2233 ἐκπεπολεμωμένοι·
3445 2161 3636 2227 ὥσπερ

2074 2241 2224 2294 οὑδέν
2256 2242 2448 2313 βλάϐος
2482 2246 2631 2316 ἡμῖν,
2680 2246 2783 2300 κᾶν
2815 2249 2964 2319 παρά
2998 2247 3218 2300 πάντων
3245 2245 3631 2315 πολεμῶμεθα,

2075 2326 2151 2396 τῷ
2185 2326 2242 2379 δὲ
2279 2327 2396 2398 Θεῷ
2434 2330 2834 2400 είρηνεύωμενο
2870 2333 2962 2386 καὶ
3013 2331 3174 2385 πάλιν
3223 2331 3374 2383 οὑδέν
3419 2329 3630 2397 δφελος,

2075 2410 2178 2462 κᾶν
2219 2412 2366 2480 παρά
2413 2415 2578 2465 πᾶσιν
2609 2413 3002 2484 εύδοκιμῶμεν,
3033 2414 3110 2484 τῷ
3138 2414 3195 2466 δὲ
3244 2412 3431 2482 Κυρίῳ
3466 2427 3631 2482 προσ-

2073 2493 2386 2565 κρούωμεν’
2419 2494 2605 2566 ὥσπερ
2633 2497 2806 2560 οὐδεὶς
2839 2497 3105 2559 κίνδυνος,
3133 2495 3234 2550 κᾶν
3261 2497 3461 2556 πάντες
3484 2495 3630 2564 ἡμᾶς

2072 2578 2519 2650 ἀποστρέφωνται
2562 2581 2655 2633 καὶ¹
2709 2581 2959 2650 μισῶσιν.
2991 2584 3020 2635 6
3050 2581 3105 2634 δὲ
3143 2580 3274 2642 Θεὸς
3303 2579 3629 2648 ἀποδέχηται

2073 2663 2167 2715 καὶ
2222 2663 2368 2733 φιλῇ.
2413 2664 2474 2716 Ἡ
2527 2665 2637 2732 γὰρ
2674 2665 2842 2728 δντως
2899 2665 3144 2736 χάρις,ή
3198 2665 3366 2728 δντως
3419 2666 3627 2734 εἰρήνη.

2074 2747 2224 2816 παρά
2246 2746 2340 2799 τοῦ
2370 2747 2526 2800 Θεοῦ.
2563 2749 2618 2801 '0
2646 2749 2744 2818 μὲν
2769 2749 2877 2817 γὰρ
2902 2749 3000 2818 τὴν
3027 2749 3175 2819 παρὰ
3212 2748 3288 2818 τῷ
3317 2748 3438 2818 Θεῷ
3475 2747 3630 2816 χάριν

2073 2827 2231 2898 ἔχων,
2281 2830 2470 2883 οὑδένα
2523 2831 2746 2893 δέδοικε,
2781 2832 2882 2884 κᾶν
2920 2831 3090 2902 μυρία
3120 2833 3301 2901 πάσχῃ
3350 2832 3534 2884 δεινά·
3571 2831 3633 2882 οὑ

2073 2913 2217 2981 λέγω
2247 2913 2551 2983 ἄνθρωπον,
2595 2914 2708 2968 ἀλλ’
2737 2916 2856 2968 ούδέ
2883 2915 3043 2967 αὑτὸν
3072 2915 3163 2968 τὸν
3187 2915 3464 2968 διάϐολον
3523 2916 3549 2966 ὁ
3577 2914 3630 2964 δέ

2073 2995 2248 3066 τούτῳ
2300 2998 2778 3068 προσκεκρουκὼς,
2833 2999 3041 3061 πάντας
3080 2996 3395 3060 ὑποπτεύει,
3446 2996 3546 3049 κάν
3576 2997 3639 3045 ἐν·

2075 3078 2342 3150 ἀσφαλείᾳ
2375 3075 2512 3134 εἶναι
2566 3081 2717 3151 δοκῇ.
2754 3082 3018 3134 Ἀστατον
3053 3081 3160 3151 γὰρ
3188 3081 3248 3134 τὸ
3289 3080 3396 3132 τῶν
3421 3080 3632 3147 ἀνθρώο

2077 3181 2192 3216 πων
2220 3162 2392 3231 γένος,
2425 3163 2519 3216 καὶ
2545 3164 2605 3215 ού
2637 3164 2777 3232 φίλοι
2808 3164 2966 3234 μόνον
2997 3164 3090 3216 καὶ
3122 3163 3358 3232 ἀδελφοὶ,
3391 3163 3505 3216 ἀλλ’
3535 3163 3635 3233 ἤδη

2076 3248 2169 3299 καὶ
2204 3246 2437 3316 πατέρες
2477 3246 2955 3314 μεταϐαλλόμενοι,
3008 3246 3265 3310 πολλάκις
3294 3246 3402 3299 ἀπὸ
3434 3249 3636 3313 πικρᾶς

2077 3329 2256 3391 αἰτίας
2280 3329 2488 3392 τοῦτον,
2521 3329 2580 3382 ὃν
2627 3329 2942 3397 ἐγέννησαν,
2981 3329 3040 3382 δν
3067 3329 3387 3398 ἐφύτευσαν,
3417 3329 3636 3383 πάντων

2078 3412 2354 3482 πολεμίων
2385 3411 2583 3483 μᾶλλον
2614 3412 2818 3484 ἤλασαν
2840 3428 2852 3440 °
2887 3413 2980 3466 καὶ
3010 3413 3197 3477 παῖδες
3254 3412 3497 3484 πατέρας
3550 3411 3636 3478 ἐξ·

2079 3495 2290 3550 έϐαλον.
2328 3495 2527 3549 Σκόπει
2559 3495 2640 3549 δέ.

2151 3581 2217 3651 β’.
2249 3576 2376 3650 Εἷχε
2405 3582 2562 3651 χάριν
2587 3581 2616 3633 6
2647 3580 2811 3634 Δαυῖδ
2835 3580 2984 3652 παρά
3002 3581 3078 3652 τῷ
3099 3579 3216 3650 Θεῷ
3241 3597 3254 3612 °
3292 3576 3403 3650 εἶχε
3435 3581 3591 3652 χάριν
3611 3581 3637 3632 ὁ

2092 3663 2410 3735 Ἀϐεσαλὼμ
2453 3665 2603 3737 παρὰ
2649 3668 2761 3730 τοῖς
2806 3664 3145 3734 ἀνθρώποις·
3195 3660 3303 3717 οἷον
3350 3660 3442 3718 οῦν
3488 3665 3638 3726 τέλος

2079 3747 2336 3819 ἑκάτερος
2381 3748 2528 3818 ἔσχε,
2583 3748 2677 3800 καὶ
2724 3748 2808 3810 τίς
2852 3748 3186 3818 ηὐδοκίμησε
3244 3747 3463 3817 μᾶλλον,
3503 3747 3633 3800 ἴστε.

2081 3826 2207 3900 Εἶχε
2247 3831 2406 3900 χάριν
2456 3833 2484 3883 6
2533 3830 2781 3900 Ἀϐραάμ
2812 3831 2960 3900 παρά
3014 3831 3089 3900 τῷ
3135 3831 3274 3900 Θεῷ,
3306 3833 3334 3884 6
3360 3831 3417 3883 δέ
3443 3830 3639 3901 Φαραὼ

2081 3911 2234 3983 παρά
2258 3915 2369 3975 τοῖς
2399 3911 2741 3981 ἀνθρὼποις’
2797 3911 3142 3983 χαριζόμενοι
3194 3918 3301 3984 γάρ
3343 3914 3510 3983 αύτῷ,
3543 3914 3639 3982 τὴν

2081 3997 2314 4063 γυναῖκα
2341 3993 2434 4046 τοῦ
2463 3994 2675 4048 δικαίου
2711 3995 3050 4064 προῦδωκαν.
3081 3998 3176 4058 Τίς
3207 3993 3297 4049 οῦν
3331 3996 3639 4066 λαμπρότε-

2084 4096 2178 4148 ρος
2205 4079 2393 4147 γέγονε
2417 4079 2508 4132 καὶ
2558 4078 2842 4149 μακάριος,
2893 4080 3053 4133 παντί
3106 4098 3205 4133 που
3246 4075 3424 4150 δῆλον.
3453 4082 3562 4132 Καὶ
3588 4081 3640 4132 τί

2083 4161 2225 4229 λέγω
2259 4162 2388 4233 περὶ
2410 4161 2665 4229 δικαίων;
2699 4159 2856 4232 Εἶχον
2876 4163 3034 4234 χάριν
3053 4165 3102 4216 οί
3137 4163 3462 4233 Ἰσραηλῖται
3489 4163 3638 4233 παρὰ

2083 4247 2160 4316 τῷ
2197 4246 2337 4316 Θεῷ,
2367 4247 2653 4317 ἐμισοῦντο
2684 4248 2741 4300 δέ
2790 4247 2941 4316 παρὰ
2979 4247 3280 4319 ἀνθρώπων
3321 4249 3428 4299 τῶν
3471 4250 3639 4316 Αἰγυ-

2085 4331 2283 4384 πτίων·
2317 4330 2432 4383 ἀλλ’
2466 4333 2616 4401 ὅμως
2640 4332 2748 4384 τῶν
2794 4331 3094 4401 μισούντων
3123 4333 3514 4403 περιεγένοντο,
3545 4331 3638 4383 καὶ

2085 4414 2416 4486 ἐκράτησαν,
2473 4413 2592 4483 μεθ’
2641 4415 2772 4482 ὅσης
2817 4415 3052 4478 ἅπαντες
3098 4414 3210 4467 ῐστε
3261 4417 3637 4487 περιφανείας.

2085 4497 2253 4550 Τοῦτο
2301 4495 2480 4548 τοίνυν
2510 4496 2899 4567 σπουδάζωμεν
2949 4497 3183 4562 ἅπαντες
3203 4513 3218 4528 ο
3265 4497 3361 4550 κᾶν
3391 4498 3573 4561 δοῦλος

2084 4597 2186 4644 τις,
2218 4579 2376 4632 τοῦτο
2403 4579 2662 4650 εὐχέσθω,
2695 4580 2799 4651 πρὸ
2831 4579 2924 4633 τοῦ
2964 4581 3222 4633 δεσπότου
3251 4582 3398 4651 παρᾶ
3423 4581 3500 4650 τῷ
3525 4583 3639 4652 Θεῷ

2085 4664 2244 4734 χάριν
2273 4664 2454 4733 εὑρεῖν
2476 4676 2489 4688 ·
2672 4663 2775 4715 κᾶν
2818 4667 2951 4733 γυνή
2980 4681 3064 4726 τις
3107 4660 3162 4735 ᾗ,
3193 4663 3296 4732 πρὸ
3329 4664 3421 4716 τοῦ
3454 4664 3639 4735 ἀνδρὸς

2086 4747 2238 4817 παρά
2269 4747 2364 4799 τοῦ
2401 4745 2651 4816 Σωτῆρος
2675 4745 2809 4798 Θεοῦ
2836 4747 3065 4815 ζητείτω
3099 4747 3256 4815 χάριν
3281 4763 3293 4776 ο
3343 4748 3446 4800 κᾶν
3481 4765 3638 4816 στρα-

2085 4831 2284 4901 τιώτης
2328 4826 2385 4904 ᾗ,
2421 4830 2526 4900 πρὸ
2560 4830 2650 4883 τοῦ
2692 4830 2952 4900 βασιλέως
2981 4831 3072 4882 καὶ
3114 4830 3215 4900 πρὸ
3243 4829 3336 4882 τοῦ
3385 4831 3640 4900 ἄρχοντος

2084 4917 2183 4987 τὴν
2224 4915 2426 4968 ἀνωθεν
2475 4913 2682 4966 εὔνοιαν
2723 4914 2981 4985 ζητείτω·
3033 4914 3173 4967 οὓτω
3221 4917 3328 4985 γὰρ
3374 4916 3467 4967 καὶ
3495 4916 3638 4988 παρὰ

2086 4997 2388 5068 ἀνθρώποις
2419 4997 2716 5068 ἐπέραστος
2746 4997 2864 5068 ἔσῃ.
2916 4996 3036 5060 Πῶς
3075 4997 3116 5048 δ’
3151 4996 3214 5049 άν
3253 5015 3334 5059 τις
3364 4997 3514 5068 εὖροι
3547 5001 3638 5066 χά-

2086 5099 2170 5150 ριν
2206 5079 2356 5150 παρὰ
2379 5081 2456 5150 τῷ
2482 5081 2626 5149 Θεῷ;
2661 5079 2783 5141 Πῶς
2809 5079 2864 5130 δέ
2887 5078 3107 5146 ἑτέρως,
3133 5081 3181 5131 εἰ
3217 5079 3291 5150 μὴ
3326 5081 3434 5132 ἀπὸ
3460 5098 3638 5133 ταπειο

2085 5163 2455 5234 νοφροσύνηςς
2515 5163 2577 5216 '0
2631 5161 2776 5227 Θεὸς
2821 5163 2950 5228 γὰρ,
3007 5163 3191 5232 φησὶν,
3237 5164 3638 5230 ὑπερηφάνοις

2084 5245 2525 5306 ἀντιτάσσεται,
2569 5243 2868 5307 ταπεινοῖς
2907 5241 2973 5294 δὲ
3012 5243 3217 5298 δίδωσι
3275 5243 3470 5313 χάριν·
3525 5245 3639 5308 καὶ,

2089 5329 2279 5383 Θυσία
2299 5328 2378 5394 τῷ
2402 5327 2522 5392 Θεῷ
2545 5326 2778 5396 πνεῦμα
2807 5328 3326 5398 συντετριμμένον,
3360 5329 3455 5381 καὶ
3486 5347 3636 5383 τετα-

2085 5412 2454 5481 πεινωμένην
2484 5410 2732 5478 καρδίαν
2753 5413 2784 5463 ὀ
2815 5413 2952 5478 Θεὸς
2980 5415 3090 5465 οὐκ
3130 5412 3544 5474 ἐξουδενώσει.
3584 5414 3638 5464 ΕΞ

2085 5495 2191 5565 γάρ
2229 5494 2378 5564 παρά
2426 5492 2729 5562 ἀνθρώποις
2779 5492 2916 5547 οὓτω
2968 5493 3211 5545 ποθεινὸν
3260 5493 3322 5546 τὸ
3365 5495 3638 5557 ταπεινὸν,

2086 5575 2264 5645 πολλῷ
2293 5574 2492 5644 μᾶλλον
2515 5574 2664 5644 παρά
2689 5575 2825 5646 Θεῷ.
2862 5577 3017 5629 Οὕτω
3047 5577 3140 5628 καὶ
3169 5577 3216 5627 οἰ
3243 5574 3302 5640 ἐξ
3334 5577 3501 5629 ἐθνῶν
3550 5578 3636 5646 χά·

2090 5679 2174 5731 ριν
2207 5657 2384 5728 εὖρον,
2420 5657 2560 5711 οῦτω
2589 5660 2679 5712 καὶ
2715 5663 2761 5712 οἱ
2798 5661 3034 5714 Ἰουδαῖοι
3080 5660 3177 5729 τῆς
3211 5661 3429 5730 χάριτος
3457 5662 3632 5726 ἐξέπεσ

2088 5760 2196 5797 σον·
2240 5741 2319 5810 Τῇ
2359 5742 2467 5811 γὰρ
2498 5743 2846 5808 δικαιοσύνῃ
2883 5741 2986 5794 τοῦ
3023 5741 3168 5794 Θεοῦ
3206 5743 3316 5808 οὐχ
3345 5744 3632 5811 ὑπετάγη·

2147 5851 2174 5890 h
2202 5850 2479 5914 Legvbatur
2520 5850 2815 5911 προσνέμοις.
2921 5852 2940 5875 τ
2966 5845 3174 5896 Savilius
3223 5846 3488 5908 legendum
3513 5855 3626 5908 puta

2092 5917 2232 5971 μενοι.
