3954 6130
301 287 366 343 15
522 315 548 340 ο

304 423 356 478 ld
377 423 523 496 quod
550 421 744 489 didici,
773 436 946 493 neque
965 437 1033 478 ex
1061 435 1179 477 mea
1207 421 1466 492 sapientia
1494 420 1820 492 apprehendi
1845 462 1862 486 ,

302 519 402 572 sed
417 531 538 571 cum
561 514 852 572 Ecclesiam
878 529 1230 586 persequerer
1252 523 1308 570 et
1331 514 1686 580 devastarem,
1709 527 1870 567 voca-

302 617 391 661 tus
412 622 550 664 sum.
574 607 672 662 Hic
697 616 874 663 autem
897 615 1064 662 totum
1094 607 1336 663 vocantis
1356 616 1458 672 est,
1489 605 1662 660 vocati
1690 603 1823 660 nihil
1847 644 1863 670 ,

303 714 362 758 ut
381 700 456 759 ita
479 701 668 769 dicam,
698 700 796 756 nisi
821 700 964 772 quod
984 699 1219 756 obediat.
1243 697 1432 754 Christi
1450 697 1592 752 Iesu.
1617 696 1868 767 Magister

302 801 476 848 vester
500 792 744 848 Christus
770 802 852 847 est
879 810 893 844 :
924 802 980 846 et
1015 805 1110 844 vos
1153 789 1441 844 inscribitis
1486 787 1739 841 homines
1764 785 1860 839 do-

299 895 482 940 ctrtnze
505 883 812 957 praefectos?
835 882 937 938 Per
955 885 1259 938 voluntatem
1277 881 1391 935 Dei.
1428 881 1566 935 Deus
1593 879 1732 933 enim
1762 877 1865 931 hoc

296 976 460 1033 voluit
487 985 547 1033 ut
560 992 654 1032 vos
678 977 755 1031 sic
772 975 904 1030 salvi
922 975 1132 1030 essetis.
1150 972 1258 1029 Nos
1282 973 1425 1026 enim
1458 970 1586 1025 nihil
1608 970 1863 1038 praaclare

295 1071 526 1142 egimus,
550 1068 645 1124 sed
669 1083 768 1140 per
792 1070 1121 1124 voluntatem
1149 1061 1242 1119 Dei
1266 1065 1490 1120 salutem
1522 1063 1820 1116 invenimus
1843 1076 1858 1124 ;

292 1171 346 1217 et
369 1161 491 1232 quia
513 1160 567 1217 id
591 1160 691 1232 ipsi
718 1159 940 1232 placuit,
967 1157 1138 1214 vocati
1165 1170 1349 1212 sumus
1371 1196 1387 1220 ,
1417 1169 1522 1209 non
1553 1152 1693 1223 quod
1715 1151 1858 1220 digni

289 1266 548 1308 essemus.

359 1343 516 1400 Pauli
538 1345 807 1399 modestia.
833 1373 905 1386 --
927 1340 993 1397 Et
1023 1341 1292 1398 Sosthenes
1307 1340 1486 1407 frater.
1510 1337 1716 1391 Rursus
1746 1350 1860 1387 tuo-

291 1434 438 1492 deste
451 1437 580 1508 agit,
602 1437 862 1492 minorem
885 1436 936 1490 in
963 1433 1150 1490 eodem
1177 1447 1354 1488 secum
1379 1429 1568 1484 ordine
1607 1443 1809 1497 ponens
1837 1441 1850 1476 :

290 1543 412 1583 nam
438 1528 663 1583 multum
693 1528 848 1598 spatii
871 1536 984 1581 erat
1007 1526 1224 1580 Paulum
1265 1523 1406 1577 inter
1431 1529 1487 1577 et
1510 1517 1850 1576 Sosthcuem.

288 1617 440 1686 Quod
465 1619 510 1674 si
539 1632 662 1672 cum
693 1623 895 1670 tantum
937 1616 1220 1670 interesset
1260 1611 1601 1678 discriminis,
1639 1609 1851 1663 inferio-

282 1722 399 1762 rem
441 1707 541 1762 sibi
571 1705 832 1776 adiunxit,
853 1705 977 1776 quid
1019 1704 1199 1760 dicere
1241 1704 1446 1775 possint
1479 1703 1586 1769 illi,
1619 1703 1709 1772 qui
1755 1701 1852 1755 lio-

279 1814 414 1854 nore
429 1799 529 1854 sibi
548 1814 704 1870 pares
720 1799 1045 1868 despiciunt?
1064 1797 1302 1854 Ecclesiae
1320 1797 1434 1852 Dei.
1455 1795 1568 1852 Non
1588 1796 1741 1866 hujus
1761 1804 1852 1851 aut

275 1890 440 1956 illius,
466 1891 562 1946 sed
607 1889 718 1944 Dei.
751 1892 878 1955 Quae
915 1899 986 1944 est
1015 1889 1260 1944 Corinthi.
1295 1889 1476 1944 Viden‘
1496 1888 1766 1958 quomodo
1796 1888 1847 1942 in

269 1981 495 2052 singulis
518 1982 840 2037 dictionibus
864 1982 1078 2037 illorum
1096 1981 1286 2036 fastum
1305 1981 1537 2048 dejiciat,
1559 1993 1654 2049 per
1669 1980 1845 2034 omnia

269 2083 504 2129 mentem
531 2073 664 2128 Ctelo
693 2073 1073 2129 assuefaciens.
1110 2071 1401 2128 Ecclesiam
1431 2082 1606 2125 autent
1635 2071 1725 2125 Dei
1751 2087 1844 2124 vo-

267 2176 376 2233 cat,
407 2167 693 2222 ostendens
709 2181 825 2221 eam
856 2174 1106 2236 oportere
1123 2181 1242 2221 esse
1269 2163 1565 2219 unitzim.Si
1582 2163 1723 2218 enim
1748 2163 1840 2217 Dei

266 2266 372 2324 est,
402 2257 544 2312 unita
573 2265 629 2312 et
659 2271 764 2312 una
790 2265 891 2323 est,
915 2271 1023 2310 non
1043 2254 1288 2311 Corinthi
1315 2254 1486 2309 solum
1511 2295 1527 2321 ,
1557 2253 1653 2309 sed
1681 2253 1841 2308 etiam

266 2349 321 2403 in
353 2358 462 2405 toto
487 2348 640 2405 orbe.
664 2347 922 2404 Ecclesia:
947 2347 1146 2417 quippe
1183 2362 1378 2401 nomen
1409 2362 1516 2401 non
1541 2346 1840 2414 separatio-

262 2440 351 2495 nis
372 2481 389 2507 ,
419 2439 514 2496 sed
559 2438 772 2494 uniouis
796 2447 852 2494 et
880 2438 1181 2493 concordia:
1224 2453 1418 2492 nomen
1463 2447 1566 2491 est.
1597 2435 1840 2503 Sanctiﬁ-

259 2535 389 2587 catis
410 2533 462 2586 in
484 2531 681 2586 Christo
699 2529 845 2585 Iesu.
866 2531 1072 2585 Rursus
1101 2545 1295 2584 nomen
1323 2528 1471 2594 Iesu,
1499 2537 1553 2582 et
1580 2543 1836 2597 nusquam

258 2623 543 2678 hominum
571 2637 764 2677 nomen
796 2623 962 2692 ponit.
984 2620 1122 2689 Quid
1151 2631 1229 2675 est
1259 2629 1439 2674 autem
1466 2619 1837 2674 sanctiﬁcatio?

259 2716 563 2771 Lavacrum
587 2756 602 2781 ,
636 2716 896 2787 purgatio.
930 2715 986 2770 ln
1017 2713 1328 2769 memoriam
1366 2712 1508 2767 enim
1538 2712 1642 2766 illis
1683 2727 1836 2766 revo-

257 2816 350 2863 cat
377 2807 765 2862 immunditiam
811 2821 962 2861 suam
988 2847 1002 2872 ,
1033 2821 1062 2860 a
1091 2822 1190 2876 qua
1223 2805 1467 2860 liberavit
1491 2820 1605 2872 eos,
1631 2817 1684 2860 et
1709 2821 1835 2859 sua~

255 2899 348 2954 det
372 2907 428 2952 ut
451 2897 724 2954 humiliter
744 2898 979 2953 sentiant
1004 2915 1018 2951 :
1051 2911 1153 2951 non
1177 2896 1318 2950 enim
1345 2911 1409 2950 ex
1434 2897 1701 2965 prmclaris
1723 2895 1834 2948 suis

255 2990 454 3059 gestis,
486 2989 582 3045 sed
611 3005 676 3045 ex
707 2989 805 3044 Dei
849 2988 1135 3044 clementia
1175 2987 1494 3043 sanctiﬁcati
1543 2998 1686 3041 sunt.
1729 2986 1832 3040 Vo-

255 3083 381 3136 catis
410 3082 613 3138 sanctis.
648 3081 858 3137 Etenim
887 3080 990 3136 hoc
1014 3079 1206 3149 ipsum,
1236 3078 1442 3151 inquit,
1471 3093 1536 3134 ex
1564 3078 1664 3132 ﬁde
1689 3079 1832 3132 salu.

257 3181 364 3227 tem
393 3172 672 3243 consequi,
701 3187 808 3227 non
835 3187 899 3228 ex
925 3171 1078 3225 vobis
1105 3177 1190 3225 est
1217 3186 1229 3222 :
1264 3186 1367 3224 non
1398 3169 1540 3224 enim
1571 3169 1724 3238 primi
1749 3185 1830 3223 ac-

254 3263 517 3330 cessistis,
541 3262 638 3318 sed
657 3262 829 3318 vocati
850 3261 1002 3317 estis.
1024 3259 1205 3330 Itaque
1230 3275 1401 3330 neque
1425 3260 1551 3314 illud
1581 3259 1829 3328 exiguum

254 3367 284 3405 a
308 3352 464 3406 vobis
490 3361 659 3407 totum
683 3362 784 3408 est.
802 3351 1133 3421 Quamquam
1155 3349 1365 3405 etiamsi
1386 3349 1722 3404 secesseritis
1749 3354 1831 3403 lii-

259 3442 504 3498 numeris
551 3443 766 3499 obnoxii
814 3443 1000 3510 malis,
1033 3458 1207 3513 neque
1254 3442 1332 3497 sic
1357 3441 1509 3498 vobis
1534 3441 1702 3512 gratia
1731 3442 1827 3495 ba-

253 3535 434 3593 benda
463 3544 578 3604 est,
602 3536 698 3590 sed
726 3537 854 3591 Deo.

322 3629 569 3684 Ecclesice
599 3629 784 3683 unitas.
810 3628 1232 3700 ——Quapropter
1275 3627 1341 3681 ad
1386 3627 1646 3696 Ephesios
1693 3627 1828 3682 scri-

251 3720 384 3777 bens
410 3721 623 3777 diccbat
645 3739 660 3777 :
685 3720 863 3776 Gratia
886 3723 1010 3776 salvi
1037 3723 1160 3793 facti
1189 3722 1329 3787 estis,
1351 3738 1439 3790 per
1467 3721 1640 3789 ﬁdem,
1669 3723 1828 3774 ethoc

253 3829 354 3866 non
378 3829 439 3868 ea:
458 3815 593 3868 vobis
630 3813 859 3887 (Ephes.
903 3814 959 3868 2.
988 3814 1082 3886 8).
1125 3813 1308 3884 Neque
1352 3812 1480 3868 ﬁdes
1515 3821 1691 3867 vestra
1719 3821 1825 3867 tota

253 3919 318 3960 ex
345 3905 494 3961 vobis
525 3925 540 3962 :
568 3897 741 3978 neque
763 3906 906 3962 enim
938 3923 1032 3962 vos
1055 3906 1324 3962 credendo
1351 3905 1702 3976 praevenistis,
1733 3906 1825 3960 sed

253 3999 425 4052 vocati
446 3999 722 4055 obedistis.
747 3999 874 4055 Cum
901 4000 1128 4054 omnibus
1149 4000 1492 4053 invocantibus
1523 4015 1702 4055 nomen
1730 3998 1826 4053 Do-

254 4089 378 4142 mini
408 4091 566 4143 nostri
586 4089 710 4144 Iesu
732 4090 938 4147 Christi.
960 4090 1076 4146 Non
1107 4091 1262 4161 hujus
1283 4103 1374 4146 aut
1394 4091 1559 4159 illius,
1585 4092 1678 4146 sed
1708 4092 1824 4146 No-

255 4198 372 4236 men
400 4181 622 4236 Domini.
650 4183 716 4238 In
735 4186 871 4238 omni
893 4185 1003 4238 loco
1027 4194 1074 4237 et
1095 4185 1319 4254 ipsorum
1340 4193 1384 4238 et
1405 4195 1594 4239 nostra.
1625 4184 1820 4239 Etiam-

253 4275 300 4330 si
331 4277 470 4331 enim
500 4276 670 4332 literae
710 4277 776 4333 ad
803 4277 1115 4333 Corinthios
1145 4278 1317 4331 solum
1344 4277 1556 4347 scripta:
1599 4278 1700 4332 sint
1726 4295 1740 4342 ;
1772 4289 1826 4333 at

257 4382 439 4423 omnes
461 4368 513 4422 in
541 4367 794 4424 universa
821 4378 960 4423 terra
989 4368 1176 4424 ﬁdeles
1211 4377 1472 4422 memorat
1491 4408 1508 4432 ,
1538 4370 1825 4425 ostendens

258 4474 412 4512 unam
430 4475 548 4515 esse
562 4459 759 4516 debere
777 4463 826 4515 in
845 4462 976 4516 orbe
1000 4461 1314 4525 Ecclesium,
1337 4462 1463 4517 licet
1477 4462 1658 4516 multis
1677 4464 1726 4516 in
1750 4464 1825 4515 lo-

254 4549 333 4603 cis
351 4559 643 4619 separatam
660 4593 676 4617 ,
697 4553 970 4622 multhue
997 4553 1162 4622 magis
1179 4570 1294 4608 eam
1325 4571 1442 4623 qum
1459 4563 1538 4609 est
1559 4554 1822 4610 Corinthi.

254 4640 403 4706 Quod
437 4644 482 4697 si
520 4643 669 4699 locus
706 4654 939 4714 separat,
985 4655 1036 4697 at
1080 4644 1333 4698 Dominus
1382 4645 1501 4698 illos
1529 4647 1822 4715 conjungit,

251 4735 553 4789 communis
577 4750 699 4790 cum
727 4737 798 4790 sit
822 4753 835 4789 :
868 4735 990 4791 ideo
1015 4735 1340 4805 conjungens
1381 4736 1499 4792 illos
1527 4737 1821 4806 subjunxit,

252 4821 320 4878 Et
351 4827 510 4881 nostri
531 4837 578 4882 et
615 4830 861 4900 ipsorum.
899 4829 996 4883 Est
1022 4839 1196 4883 autem
1230 4827 1328 4881 hoc
1369 4827 1459 4882 illo
1493 4831 1657 4900 magis
1703 4847 1823 4898 pro-

252 4919 445 4986 prium.
471 4917 623 4976 Sicut
649 4922 788 4974 enim
821 4921 890 4984 ii,
925 4922 1012 4990 qui
1043 4937 1145 4974 uno
1173 4920 1223 4972 in
1255 4920 1371 4973 loco
1398 4930 1540 4985 sunt,
1568 4937 1687 4974 cum
1710 4923 1825 4989 plu—

252 5010 414 5066 rimos
441 5011 640 5068 habent
669 5013 915 5068 dominos
940 5013 1256 5074 contrarios,
1290 5013 1440 5066 divisi
1473 5023 1594 5066 sunt
1619 5022 1670 5066 et
1696 5013 1847 5082 nihil

252 5101 318 5156 ad
347 5103 690 5159 concordiam
723 5118 751 5156 ιι
796 5104 912 5158 loco
940 5105 1205 5173 iuvantur,
1239 5103 1468 5156 dominis
1508 5104 1714 5156 diversa
1741 5104 1826 5171 ju-

253 5190 497 5251 bentibus
527 5205 580 5250 et
615 5195 684 5250 ad
711 5210 768 5250 se
795 5195 1125 5250 trahentibus
1154 5214 1167 5250 :
1199 5195 1318 5249 Non
1347 5196 1549 5264 potestis
1571 5197 1721 5256 enim,
1749 5197 1826 5248 iii-

253 5286 384 5353 quit,
410 5287 595 5341 servire
619 5286 728 5341 Deo
756 5295 804 5340 et
835 5287 1117 5357 mamonte(
1151 5285 1338 5338 Matth.
1369 5289 1419 5340 6.
1447 5286 1516 5338 ‘24
1551 5285 1568 5354 )
1597 5304 1608 5338 :
1639 5286 1714 5338 sic
1735 5287 1822 5355 qui

255 5373 307 5428 in
334 5376 563 5433 diversis
591 5377 727 5433 locis
756 5384 902 5437 sunt,
957 5375 998 5428 si
1030 5392 1131 5431 nou
1163 5376 1402 5432 diversos
1435 5375 1701 5430 habebant
1727 5377 1820 5431 do-

255 5465 446 5535 minos,
483 5468 581 5524 sed
612 5485 773 5524 unum
820 5475 1047 5530 tantum,
1080 5468 1208 5520 nihil
1238 5469 1302 5523 ad
1341 5469 1679 5524 concordiam
1713 5484 1826 5522 ser-

256 5557 479 5614 vandam
500 5575 532 5614 a
553 5561 686 5615 locis
712 5560 994 5621 laeduntur,
1020 5573 1122 5611 uno
1148 5558 1357 5613 domino
1380 5560 1496 5615 illos
1520 5562 1820 5630 copulante.

257 5645 368 5704 Non
400 5651 522 5707 dico
552 5653 732 5723 igitur,
756 5652 946 5722 inquit,
977 5665 1090 5714 vos,
1114 5648 1366 5704 Corinthii
1389 5667 1509 5706 cum
1541 5653 1676 5719 sitis,
1702 5668 1822 5706 cum

261 5737 547 5801 Corinthiis
589 5753 790 5802 tantum
831 5741 1124 5800 concordes
1154 5756 1272 5799 esse
1313 5741 1526 5812 debere,
1572 5746 1663 5800 sed
1699 5761 1817 5800 cum

1353 304 1417 361 IN
1457 304 1672 362 EPIST.
1713 306 1752 361 Ι.
1792 307 1834 361 Α

1944 306 2078 362 30R.
2123 305 2347 365 HOMIL.
2389 311 2429 366 ι.
3485 325 3549 380 Η

1977 423 2222 478 omnibus
2247 427 2333 495 qui
2367 428 2418 482 in
2445 427 2575 484 orbe
2601 439 2721 484 sunt
2747 470 2764 496 ,
2795 446 2918 486 cum
2947 447 3280 490 communem
3309 436 3550 497 habeatis

1976 512 2280 572 Dominum.
2315 518 2436 574 Ideo
2472 523 2706 575 secundo
2745 523 2957 593 adjecit,
2993 524 3188 585 Nostra.
3233 529 3369 597 Quia
3403 533 3544 587 enim

1971 604 2124 672 dixit,
2158 607 2357 662 Nomen
2385 609 2592 664 Domini
2627 615 2784 667 nostri
2810 615 2931 670 Iesu
2955 615 3178 682 Christi;
3208 635 3274 674 tte
3294 621 3433 693 apud
3464 624 3544 678 in-

1970 694 2226 765 sipientes
2259 713 2508 768 separare
2543 702 2830 766 videretur,
2872 723 3056 761 rursus
3098 709 3297 778 adjicit,
3339 711 3544 767 Domini

1969 790 2127 844 nostri
2145 800 2193 844 et
2221 792 2465 861 ipsorum.
2510 795 2571 849 Et
2597 805 2652 850 ut
2689 798 2883 852 clarius
2907 801 3095 854 evadat
3139 803 3190 856 id
3217 805 3355 871 quod
3395 805 3539 869 dico,

1969 879 2046 932 sic
2077 880 2248 950 legam
2277 894 2333 936 ut
2375 898 2564 938 sensus
2602 888 2830 956 postulat
2869 907 2882 941 :
2924 889 3118 946 Paulus
3157 902 3212 946 et
3249 895 3538 950 Sosthenes

1966 969 2218 1026 Ecclesia:
2249 975 2362 1034 Dei.
2393 992 2512 1046 qua:
2537 988 2620 1032 est
2645 980 2903 1047 Corinthi,
2937 992 2992 1037 et
3016 986 3262 1041 omnibus
3291 990 3542 1044 invocan~

1967 1061 2106 1116 tibus
2131 1078 2324 1120 nomen
2355 1066 2562 1124 Domini
2595 1073 2760 1124 nostri
2799 1081 2851 1126 et
2881 1072 3116 1142 ipsorum
3144 1077 3196 1130 in
3224 1079 3369 1132 omni
3397 1079 3536 1143 loco,

1962 1152 2074 1206 sive
2100 1154 2304 1222 Romae,
2343 1157 2454 1212 sive
2497 1160 2813 1232 ubicumque
2857 1163 3051 1220 fuerint
3079 1179 3094 1225 :
3126 1167 3302 1222 Gratia
3331 1172 3468 1225 vobis
3491 1183 3536 1226 et

1963 1260 2066 1312 pax
2088 1262 2120 1298 a
2146 1244 2255 1300 Deo
2288 1245 2446 1303 Patre
2483 1263 2652 1305 nostro
2685 1263 2732 1306 et
2767 1253 2984 1310 Domino
3012 1257 3138 1312 Iesu
3173 1260 3393 1315 Christo.
3441 1262 3532 1318 Vel

1960 1335 2038 1390 sic
2066 1351 2300 1405 rursum,
2330 1351 2385 1393 ut
2403 1343 2563 1396 etiam
2587 1345 2776 1398 melius
2803 1363 2922 1400 esse
2947 1350 3195 1406 existimo
3219 1371 3233 1406 :
3262 1352 3457 1410 Paulus
3481 1334 3544 1410 ct,

1959 1425 2250 1485 Sosthenes
2291 1432 2354 1486 iis
2391 1435 2476 1503 qui
2509 1435 2745 1492 Corinthi
2788 1449 2911 1494 sunt
2938 1444 3301 1513 sanctiﬁcatis,
3331 1451 3532 1504 vocatis

1957 1522 2156 1576 sanctis
2179 1538 2300 1577 cum
2318 1527 2566 1581 omnibus
2591 1532 2680 1598 qui
2709 1531 2954 1586 invocant
2973 1549 3168 1591 nomen
3199 1537 3405 1592 Domini
3433 1557 3528 1593 no-

1955 1614 2050 1668 stri
2075 1615 2200 1670 Iesu
2228 1615 2429 1673 Christi
2471 1621 2695 1678 inomni
2738 1623 2856 1678 loco
2883 1626 3119 1694 ipsorum
3159 1638 3215 1683 et
3253 1633 3439 1686 nostri.
3471 1633 3526 1689 ld

1954 1714 2056 1771 cst,
2081 1706 2258 1762 Gratia
2287 1709 2438 1765 vobis
2466 1721 2519 1766 ct
2547 1729 2645 1780 pax
2676 1716 2846 1781 vobis,
2873 1717 2960 1786 qui
2982 1717 3219 1772 Corinthi
3248 1722 3381 1775 estis
3407 1738 3529 1778 san-

1952 1797 2167 1853 ctiﬁcati
2193 1809 2245 1854 et
2271 1802 2477 1866 vocati;
2504 1819 2608 1857 non
2639 1807 2785 1871 solis,
2819 1809 2911 1861 sed
2940 1813 3328 1866 communibus
3353 1815 3442 1883 qui
3473 1816 3525 1869 in

1951 1889 2094 1942 omni
2123 1889 2240 1944 loco
2268 1891 2512 1947 invocant
2533 1909 2724 1949 nomen
2756 1898 2963 1952 Domini
2990 1903 3156 1955 nostri
3179 1903 3304 1958 Iesu
3329 1903 3523 1961 Christi

1951 1988 2003 2032 et
2025 1980 2280 2049 ipsorum.
2308 1981 2363 2038 Si
2391 1993 2568 2040 autem
2595 2002 2660 2041 ex
2683 1988 2850 2057 gratia
2891 2004 2989 2059 pax
3020 2001 3122 2056 est,
3151 2009 3247 2047 cur
3273 2011 3519 2064 magnum

1948 2073 2128 2140 sapis?
2157 2089 2251 2128 cur
2279 2085 2481 2130 tantum
2510 2078 2731 2147 inﬂaris,
2763 2097 2882 2136 cuin
2907 2098 3003 2152 per
3028 2087 3250 2155 gratiam
3282 2100 3522 2145 servatus

1947 2164 2060 2218 sis?
2087 2165 2140 2221 Si
2168 2182 2297 2222 vero
2339 2183 2520 2238 pacem
2571 2171 2735 2227 habes
2775 2177 2914 2243 apud
2957 2177 3148 2244 Deunt,
3191 2195 3287 2233 cur
3325 2191 3376 2235 te
3401 2183 3520 2237 aliis

1944 2257 2236 2314 adscribis?
2261 2260 2361 2316 hoc
2381 2264 2521 2317 enim
2553 2274 2636 2318 est
2661 2265 2938 2322 dissidere.
2962 2269 3096 2336 Quid
3127 2273 3290 2340 enim,
3323 2275 3365 2326 si
3396 2290 3516 2328 cum

1945 2347 2047 2404 hoc
2066 2361 2120 2404 et
2147 2366 2268 2406 cum
2302 2352 2393 2406 illo
2415 2355 2635 2424 gratiam
2663 2356 2866 2412 habetis
2885 2360 2910 2412 ?
2939 2360 3050 2431 Ego
3080 2374 3256 2416 autem
3294 2375 3436 2432 peto,
3463 2377 3519 2420 ut

1941 2455 1971 2494 a
2000 2440 2111 2496 Deo
2138 2445 2252 2498 hinc
2273 2445 2425 2500 vobis
2453 2457 2674 2520 utraque
2703 2449 2851 2514 ﬁant,
2885 2462 2936 2506 et
2961 2451 3029 2505 ab
3053 2453 3146 2507 illo
3171 2463 3225 2509 et
3247 2455 3313 2509 ad
3343 2457 3515 2511 illum.

1942 2530 2123 2602 Neque
2163 2533 2306 2588 enim
2352 2534 2506 2590 ﬁrma
2549 2541 2875 2606 manserint,
2919 2543 3022 2597 nisi
3069 2559 3296 2612 superna
3345 2550 3512 2618 gratia

1940 2622 2182 2679 fruantur
2210 2644 2222 2679 :
2247 2642 2420 2696 neque
2443 2628 2487 2682 si
2514 2644 2618 2684 non
2645 2631 2749 2686 sint
2765 2633 2830 2686 ad
2847 2634 3039 2703 ipsum,
3059 2637 3210 2690 nobis
3225 2638 3511 2708 quidquam

1939 2717 2248 2786 proderunt,
2266 2721 2310 2773 si
2326 2736 2446 2776 cum
2467 2723 2711 2778 omnibus
2737 2741 2918 2794 pacem
2941 2726 3216 2792 habentes,
3255 2747 3376 2786 cum
3402 2734 3512 2788 Deo

1939 2807 2134 2864 bellum
2163 2811 2453 2869 habeamus
2474 2833 2487 2880 ;
2507 2824 2564 2869 ut
2590 2816 3036 2875 nihilnocumenti
3060 2822 3211 2877 nobis
3232 2825 3354 2890 erit,
3379 2826 3423 2880 si
3443 2827 3511 2882 ab

1938 2903 2184 2957 omnibus
2208 2905 2595 2976 impugncmur,
2619 2918 2809 2965 etcum
2840 2913 2947 2966 Deo
2970 2928 3152 2983 pacem
3183 2915 3506 2977 habeamus:

1935 3006 2000 3048 ac
2029 3010 2240 3049 rursum
2271 2997 2414 3052 nulla
2449 3000 2650 3056 utilitas
2680 3003 2723 3056 si
2760 3002 2827 3056 ab
2862 3005 3109 3060 omnibus
3149 3009 3507 3076 celebremur,
3588 3055 3596 3062 .

1935 3096 1988 3140 et
2019 3086 2296 3141 Dominum
2327 3088 2689 3158 offendamus;
2717 3095 2948 3148 utetiam
2976 3097 3173 3151 nullum
3195 3100 3501 3166 periculum,

1933 3178 1978 3232 si
2005 3193 2189 3234 omnes
2206 3195 2302 3234 nos
2321 3193 2633 3238 aversentur
2647 3194 2702 3240 et
2721 3185 2842 3240 odio
2867 3188 3116 3254 habeant,
3141 3189 3385 3259 Deosque
3406 3209 3504 3247 nos

1933 3271 2190 3338 approbet
2222 3280 2276 3326 et
2310 3272 2531 3343 diligat:
2563 3290 2685 3330 vera
2723 3277 2865 3330 enim
2897 3278 3060 3345 gratia
3096 3289 3149 3334 et
3179 3295 3298 3334 vera
3340 3296 3439 3350 pax
3475 3298 3502 3333 a

1934 3359 2044 3414 Deo
2061 3369 2161 3416 est.
2189 3361 2319 3416 Nam
2348 3363 2433 3432 qui
2454 3365 2677 3434 gratiam
2701 3382 2817 3435 qua:
2837 3383 2866 3419 a
2895 3367 3003 3420 Deo
3031 3378 3112 3422 est
3133 3367 3310 3432 habet,
3336 3370 3505 3424 nemi-

1933 3467 2054 3508 nem
2076 3455 2242 3521 timet,
2266 3456 2472 3510 etiamsi
2493 3457 2764 3512 innumera
2781 3460 2960 3527 gravia
2986 3461 3244 3527 patiatur;
3265 3477 3361 3516 nec
3379 3458 3501 3516 dico

1933 3541 2224 3610 hominem,
2253 3545 2346 3598 sed
2372 3559 2542 3615 neque
2563 3546 2720 3600 etiam
2747 3547 3033 3601 diabolum.
3057 3546 3156 3615 Qui
3182 3563 3312 3603 vero
3334 3550 3497 3603 Deum

1933 3632 2170 3698 oﬁ'endit,
2201 3649 2388 3689 omnes
2412 3646 2689 3704 suspectos
2725 3636 2900 3701 habet,
2934 3639 3141 3692 etiamsi
3167 3639 3218 3692 in
3245 3648 3359 3692 tuto
3378 3655 3500 3694 esse

1932 3723 2189 3778 videatur.
2241 3725 2489 3781 lnstabile
2529 3741 2756 3797 namque
2787 3737 2869 3782 est
2899 3744 3066 3798 genus
3109 3730 3414 3797 hominum;
3445 3741 3502 3786 et

1933 3831 2036 3870 non
2064 3816 2234 3870 solum
2262 3817 2416 3872 amici
2454 3828 2508 3872 et
2548 3819 2758 3885 fratres,
2795 3820 2886 3874 sed
2915 3822 3074 3875 etiam
3116 3832 3313 3892 patres,
3337 3839 3496 3895 parva

1930 3925 2073 3980 smpe
2097 3910 2162 3965 de
2187 3925 2344 3964 causa
2387 3915 2593 3979 mutati,
2641 3929 2796 3982 queui
2837 3925 3154 3983 genuerunt,
3188 3932 3342 3986 quem
3379 3933 3503 3986 prin

1929 4010 2200 4068 crearunt,
2244 4002 2411 4072 magis
2437 4019 2596 4072 quam
2624 4019 2810 4058 omnes
2851 4005 3030 4060 hostes
3070 4007 3408 4077 abiecerunt;
3445 4019 3496 4062 et

1930 4094 2023 4148 ﬁlii
2053 4104 2231 4163 patres
2261 4094 2592 4149 extulerunt.
2623 4096 2874 4151 Animum
2902 4097 3114 4154 adhibe.

1997 4187 2050 4241 2.
2083 4186 2261 4241 Gratia
2289 4187 2379 4242 Dei
2403 4189 2690 4258 qutrrenda,
2730 4207 2830 4243 non
2869 4191 3146 4244 homimtm.
3168 4220 3240 4236 --
3261 4191 3493 4248 Gratiam

1928 4280 2111 4335 habuit
2152 4279 2317 4334 David
2357 4279 2495 4349 apud
2534 4281 2737 4344 Deum;
2783 4282 3004 4350 gratiam
3038 4282 3218 4335 habuit
3246 4283 3492 4336 Absalom

1928 4372 2068 4441 apud
2113 4371 2354 4426 homines
2380 4391 2392 4424 :
2417 4387 2576 4440 quem
2616 4374 2774 4426 ﬁnem
2802 4383 3026 4442 uterque
3063 4373 3263 4438 habuit,
3302 4385 3354 4426 et
3381 4385 3496 4428 uter

1929 4464 2096 4532 magis
2119 4463 2368 4531 probatus
2385 4472 2438 4517 et
2457 4463 2630 4517 clarus
2653 4464 2832 4529 fuerit,
2854 4465 3041 4518 nostis.
3064 4464 3296 4519 Gratiam
3317 4464 3496 4518 habuit

1929 4554 2194 4608 Abraham
2225 4553 2366 4624 apud
2399 4555 2586 4619 Deum,
2624 4555 2826 4608 Pharao
2855 4564 3032 4610 autem
3055 4555 3190 4624 apud
3220 4555 3498 4613 homines:

1930 4644 1984 4698 hi
2015 4659 2238 4714 namque
2265 4644 2486 4714 gratiam
2508 4644 2624 4714 ejus
2653 4656 2976 4714 aucupantes
3004 4661 3220 4700 uxorem
3246 4647 3371 4715 justi
3396 4649 3494 4714 ipsi

1930 4736 2271 4804 prodiderunt
2297 4755 2308 4788 :
2345 4748 2461 4790 uter
2487 4737 2646 4806 igitur
2665 4737 3009 4806 splendidior,
3038 4746 3150 4790 uter
3177 4740 3360 4792 beatus
3381 4738 3487 4793 fue-

1928 4829 2018 4894 rit,
2049 4828 2214 4881 cuivis
2247 4827 2581 4896 perspicuum
2621 4837 2723 4881 est.
2767 4828 2966 4898 Ecquid
2998 4827 3064 4882 de
3090 4829 3246 4897 justis
3274 4830 3496 4897 loquor?

1929 4921 2160 4975 Gratiam
2190 4920 2326 4989 apud
2353 4920 2515 4973 Deum
2547 4919 2776 4974 habuere
2800 4919 3068 4985 Israelitze,
3096 4929 3150 4975 et
3174 4919 3296 4973 odio
3328 4921 3495 4974 habe-

1930 5012 2122 5065 bantur
2160 5011 2226 5064 ab
2266 5009 2567 5063 hominibus
2611 5009 2876 5080 Egyptiis
2908 5029 2920 5064 :
2953 5021 3007 5063 et
3050 5026 3143 5064 eos
3173 5012 3259 5078 qui
3293 5026 3349 5063 se
3377 5010 3498 5062 odio

1930 5103 2193 5160 habebant
2214 5110 2550 5171 superarunt,
2584 5101 2740 5170 idque
2769 5101 3054 5168 COIISlllCllo
3079 5119 3181 5170 quo
3208 5101 3352 5154 scitis
3382 5117 3496 5153 om-

1931 5213 2024 5251 nes
2053 5195 2229 5249 modo.
2257 5195 2366 5248 lloc
2392 5210 2518 5265 ergo
2543 5209 2788 5249 curemus
2806 5208 2989 5247 omnes
3013 5211 3025 5245 :
3053 5194 3291 5263 quamvis
3309 5210 3497 5249 servus

1929 5289 2050 5358 quis
2072 5289 2161 5352 sit,
2187 5288 2288 5341 hoc
2315 5296 2558 5357 precetur
2580 5296 2634 5340 ut
2654 5286 2789 5356 apud
2813 5286 2978 5340 Deum
2997 5288 3163 5356 magis
3183 5304 3336 5355 quam
3361 5288 3494 5356 apud

1931 5380 2114 5434 herum
2144 5395 2294 5432 sumn
2326 5380 2548 5449 gratiam
2582 5379 2848 5444 inveniat;
2881 5381 3121 5448 quamvis
3154 5397 3286 5434 uxor
3318 5379 3496 5441 fuerit,

1931 5472 2048 5538 plus
2076 5486 2230 5539 quam
2254 5469 2489 5538 conjugis
2533 5469 2829 5524 Servatoris
2860 5469 2940 5522 sui
2983 5469 3076 5524 Dei
3107 5470 3325 5539 gratiam
3352 5485 3497 5538 qun:-

1928 5571 2046 5626 rat;
2098 5563 2338 5631 quamvis
2379 5563 2566 5624 miles,
2611 5562 2778 5630 magis
2822 5577 2978 5631 quam
3030 5561 3372 5632 Imperatoris
3413 5571 3503 5616 aut

1929 5653 2182 5725 principis
2207 5696 2220 5720 ,
2250 5671 2532 5724 supernam
2564 5653 2987 5707 benevolentiam
3006 5661 3214 5720 expetat
3235 5667 3248 5703 :
3272 5651 3349 5706 sic
3363 5653 3503 5708 enim

1935 5744 2094 5800 etiam
2121 5745 2259 5816 apud
2291 5745 2532 5803 homines
2577 5741 2826 5798 amabilis
2851 5741 2976 5796 eris.
3009 5737 3285 5806 Quomodo
3330 5755 3504 5803 autem
