3954 6130
421 351 485 408 15
1202 343 1257 398 S.
1298 337 1572 396 JOANNIS
1609 327 2072 391 CHRYSOSTOMI
2116 327 2426 383 ARCHIEP.
2465 327 2995 384 CONSTANTINOP.
3596 328 3665 381 lli

416 466 538 537 quis
571 463 794 534 gratiam
827 460 1059 516 inveniat
1091 459 1230 528 apud
1259 455 1462 511 Deum?
1503 453 1618 519 Quo
1660 449 1767 503 alio
1804 443 1982 507 modo,

415 573 573 626 quam
597 557 665 611 ab
695 552 1027 609 humilitate?
1057 551 1195 606 Deus
1237 549 1388 612 enim,
1427 545 1620 614 inquit,
1651 538 1875 610 superbis
1905 551 1987 587 re-

415 653 564 712 sistit,
599 647 868 702 humilibus
887 654 1053 698 autem
1079 644 1164 696 dat
1201 641 1415 711 gratiam
1440 635 1621 706 (Prov.
1661 633 1713 686 '5.
1757 628 1880 697 55);
1911 633 1986 688 et,

417 744 737 810 Sacriﬁcium
791 738 884 792 Deo
899 737 1092 803 spiritus
1114 732 1544 794 contribulatus,et,
1560 726 1982 780 Humiliatumcor

417 835 551 888 Deus
579 849 679 885 non
701 830 936 895 despiciet
961 826 1128 896 (Psal.
1156 823 1243 879 50.
1278 823 1388 889 19).
1420 819 1549 873 Nam
1578 818 1621 872 si
1649 815 1786 884 apud
1815 811 1991 865 homi-

417 941 512 981 nes
531 936 634 978 tam
657 919 1030 976 desiderabilis
1058 927 1140 971 eSt
1163 914 1459 972 humilitas,
1487 910 1652 962 multo
1672 905 1838 974 magis
1855 901 1989 971 apud

420 1019 602 1070 Deum.
631 1015 703 1068 Ita
729 1021 782 1066 et
804 1011 1030 1080 gentiles
1052 1007 1274 1075 gratiam
1302 995 1636 1063 invenerunt,
1662 997 1730 1051 ita
1757 993 1992 1050 etJuda-i

416 1109 582 1180 gratia
612 1106 925 1161 exciderunt
957 1119 968 1154 :
1015 1100 1239 1153 Justitia:
1272 1111 1484 1165 namque
1529 1091 1618 1146 Dei
1650 1107 1749 1144 non
1787 1086 1994 1156 subjecti

421 1203 623 1270 fuerunt
647 1197 819 1267 (Rom.
853 1195 938 1248 10.
967 1194 1044 1262 ὅ).
1075 1191 1299 1244 llumilis
1323 1186 1588 1258 gratiosus
1609 1193 1660 1236 et
1679 1181 1854 1234 suavis
1879 1193 1995 1230 om-

419 1292 576 1346 nibus
617 1297 719 1354 est,
767 1295 1023 1357 perpetuo
1068 1283 1120 1337 in
1168 1296 1294 1352 pace
1321 1281 1522 1340 vivens,
1570 1275 1872 1342 nullamque
1901 1270 1993 1324 ha—

420 1386 549 1436 bens
574 1381 696 1435 belli
715 1378 1069 1432 occasionem.
1093 1372 1316 1428 Etiamsi
1333 1371 1472 1426 enim
1504 1369 1649 1423 illum
1672 1363 1992 1421 contumelia

419 1486 474 1530 et
501 1473 759 1530 conviciis
789 1470 1006 1534 afficias,
1047 1465 1257 1522 etiamsi
1303 1463 1512 1534 quidvis
1551 1459 1767 1520 dixeris,
1803 1454 1996 1509 tacebit

421 1569 512 1622 ille
539 1577 591 1620 et
621 1565 812 1619 leniter
835 1563 993 1623 feret;
1044 1569 1098 1614 et
1130 1568 1324 1612 tantam
1369 1553 1599 1611 servabit
1641 1550 1776 1620 apud
1808 1561 1995 1600 omnes

423 1673 628 1728 pacem,
656 1663 904 1724 quantam
943 1667 1008 1707 ne
1052 1652 1231 1706 dicere
1269 1647 1480 1718 quidem
1511 1644 1702 1715 possis,
1730 1641 1994 1708 etiamque

422 1747 560 1818 apud
589 1747 778 1800 Deum.
813 1743 1052 1797 Mandata
1079 1741 1274 1810 quippe
1303 1739 1394 1793 Dei
1425 1753 1490 1792 eo
1521 1734 1759 1798 tendunt,
1787 1740 1841 1785 ut
1870 1744 1990 1784 cum

423 1839 727 1894 hominibus
753 1852 850 1906 pax
881 1835 1171 1889 habeatur:
1211 1843 1264 1887 et
1291 1831 1447 1885 vitam
1488 1835 1720 1882 nostram
1749 1824 1819 1878 ita
1849 1830 1992 1875 recte

423 1932 780 2001 transigimus,
811 1930 855 1983 si
885 1937 1063 1982 mutua
1085 1942 1204 1980 cum
1236 1925 1359 1978 aliis
1382 1937 1510 1993 pace
1539 1919 1792 1974 fruantur.
1825 1915 1991 1968 Deum

422 2026 559 2082 enim
587 2039 745 2079 nemo
773 2021 967 2076 laedere
994 2019 1188 2089 poterit.
1212 2035 1225 2070 :
1250 2025 1436 2070 natura
1463 2013 1657 2083 quippe
1698 2010 1784 2063 illa
1813 2005 1984 2077 perni-

421 2118 521 2173 ciei
543 2114 772 2171 obnoxia
805 2127 910 2166 non
946 2121 1030 2165 est
1051 2118 1103 2164 et
1130 2109 1272 2163 omni
1297 2105 1526 2176 passioni
1557 2101 1820 2172 superior.
1853 2098 1993 2153 Nihil

420 2210 494 2263 ita
523 2206 818 2262 mirabilem
851 2201 1210 2257 Christianum
1239 2197 1413 2252 reddit
1442 2204 1496 2248 ut
1525 2192 1818 2247 humilitas.
1858 2188 1994 2242 Audi

419 2304 561 2358 enim
591 2299 950 2354 Abrahamum
973 2294 1239 2348 dicentem
1271 2309 1285 2344 :
1317 2288 1428 2360 Ego
1457 2297 1623 2340 autem
1651 2300 1762 2338 sum
1797 2291 1928 2335 terra
1949 2291 1997 2334 et

420 2393 547 2446 ciuis
579 2389 725 2460 (Gen.
752 2388 839 2442 i8.
867 2386 957 2455 Ξῖ)
983 2401 997 2449 ;
1030 2394 1078 2437 et
1129 2383 1292 2436 Deum
1322 2393 1506 2434 rursus
1529 2377 1594 2431 de
1629 2375 1832 2444 Moyse.
1857 2371 1996 2440 quod

422 2487 582 2542 fuerit
607 2483 842 2538 omnium
883 2478 1155 2533 hominum
1198 2474 1529 2528 mitissimus.
1559 2469 1697 2524 Nihil
1739 2467 1878 2522 enim
1906 2464 1996 2518 illo

422 2578 676 2634 humilius
709 2575 824 2640 fuit,
875 2573 966 2643 qui
1006 2586 1126 2626 cum
1157 2567 1286 2622 tanti
1327 2564 1505 2636 βορειιί
1534 2563 1636 2617 dux
1669 2569 1828 2623 esset,
1874 2571 1996 2613 cum

422 2685 601 2739 regem
633 2678 685 2722 et
711 2666 1001 2722 exercitum
1039 2661 1406 2733 Aﬁgyptiorum
1429 2655 1666 2710 omnium
1692 2651 1840 2723 quasi
1877 2666 1996 2704 mu-

421 2777 540 2817 scas
570 2762 620 2815 in
647 2775 792 2814 mare
822 2755 1187 2817 demersisset,
1215 2761 1271 2807 et
1301 2760 1441 2804 tanta
1482 2749 1533 2802 in
1564 2746 1816 2817 Egypto,
1851 2751 1992 2796 tanta

422 2853 477 2906 iu
501 2851 630 2905 mari
653 2851 834 2903 Rubro
853 2857 907 2901 et
931 2847 981 2900 in
1003 2847 1217 2900 deserto
1236 2849 1608 2912 perpetrasset,
1631 2846 1998 2906 tantarumque

424 2957 599 2997 rerum
634 2938 955 2995 testimoniis
1002 2937 1264 2990 frueretur
1286 2977 1299 2998 ,
1333 2932 1411 2987 sic
1453 2930 1674 2995 affectus
1705 2938 1820 2982 erat
1845 2925 1998 2997 quasi

370 3065 378 3073 -
425 3051 560 3088 unus
586 3049 650 3086 ex
677 3031 826 3100 plebe
850 3046 864 3095 ;
889 3037 1106 3096 eratque
1131 3041 1315 3081 socero
1342 3038 1505 3095 gener
1535 3020 1803 3081 humilior,
1832 3017 1998 3072 illius-

424 3142 527 3195 que
555 3122 836 3178 consilium
865 3120 1088 3187 accepit.
1119 3117 1233 3172 Non
1277 3115 1497 3170 moleste
1528 3113 1664 3176 tulit,
1690 3127 1794 3164 non
1819 3109 1952 3163 dixit
1980 3129 1994 3164 :

425 3218 562 3285 Quid
595 3215 734 3270 hoc?
763 3223 881 3283 post
923 3221 1000 3266 tot
1041 3220 1289 3279 tantaque
1331 3207 1582 3277 praeclare
1623 3214 1765 3274 gesta
1805 3200 1996 3255 venisti

428 3309 584 3364 nobis
619 3305 843 3361 consilia
893 3303 1154 3357 daturus?
1179 3299 1332 3367 Quod
1377 3307 1551 3352 tamen
1584 3295 1735 3350 multi
1780 3293 1994 3356 faciunt,

424 3401 632 3457 etTamsi
655 3399 773 3468 quis
801 3398 1058 3466 Optimum
1091 3394 1183 3449 det
1219 3391 1520 3453 consilium,
1557 3402 1796 3458 persona:
1827 3385 2000 3438 humi-

425 3497 629 3550 litatcm
659 3491 930 3562 despectui
973 3488 1250 3543 habentes.
1283 3487 1350 3540 At
1380 3500 1484 3539 non
1520 3483 1597 3537 sic
1642 3483 1747 3542 ille,
1787 3481 1878 3535 sed
1907 3496 1999 3549 per

425 3586 770 3642 humilitatem
803 3585 974 3637 omnia
1004 3590 1149 3638 recte.
1174 3579 1384 3650 agebat.
1420 3576 1553 3631 Hinc
1582 3575 1732 3628 aulas
1757 3573 2000 3641 despexit

425 3679 616 3748 regias,
643 3677 765 3747 quia
794 3691 919 3730 vere
946 3673 1162 3728 humilis
1185 3679 1302 3727 erat
1327 3687 1340 3722 :
1370 3676 1602 3724 mentem
1628 3666 1770 3720 enim
1809 3678 1994 3718 sanam

424 3779 478 3823 et
505 3769 776 3823 excelsam
821 3766 946 3818 facit
987 3765 1276 3816 humilitas.
1303 3761 1525 3827 Quantae
1555 3759 1696 3813 enim
1724 3766 1778 3810 et
1802 3755 1997 3810 mentis

425 3870 479 3914 et
509 3859 672 3912 animi
702 3854 1082 3925 magnitudinis
1128 3853 1286 3907 fuerit
1327 3859 1382 3905 et.
1415 3851 1630 3904 domum
1667 3857 1720 3901 et
1760 3861 1996 3901 mensam

429 3952 624 4022 regiam
664 3945 981 4017 despicere?
1012 3945 1182 4014 Reges
1208 3944 1348 3998 enim
1379 3942 1530 4011 quasi
1575 3941 1647 3993 dii
1692 3939 1998 3993 colebantur

427 4044 564 4115 apud
595 4042 894 4113 Egyptios,
947 4055 1009 4092 ac
1044 4037 1238 4090 divitiis
1285 4035 1652 4102 thesaurisque
1693 4031 2000 4089 fruebantur

430 4134 740 4190 innumeris.
777 4136 1022 4186 Attamen
1055 4129 1142 4182 ille.
1172 4129 1254 4181 his
1300 4125 1545 4180 omnibus
1570 4123 1823 4188 dimissis,
1853 4122 2002 4190 abje-

428 4228 633 4297 etisque
675 4223 888 4295 {Egypti
935 4221 1182 4292 sceptris,
1222 4219 1289 4274 ad
1337 4218 1575 4287 captivos
1611 4224 1665 4269 et
1695 4228 1996 4284 Oppressus,

428 4318 518 4389 qui
547 4318 596 4372 in
629 4318 740 4372 luto
764 4323 819 4371 et
844 4315 1100 4370 lateribus
1125 4311 1495 4372 versabantur,
1527 4322 1662 4377 quos
1692 4307 1829 4362 servi
1860 4306 2002 4376 regis

430 4412 714 4466 horrebant
744 4431 758 4466 :
784 4425 903 4463 nam
933 4408 1050 4462 illos
1077 4405 1518 4460 abominahantur
1547 4403 1779 4474 Egyptii
1803 4402 1996 4474 (Exod.

431 4509 481 4561 i.
516 4507 627 4575 1³5),
660 4504 828 4572 inquit
860 4518 875 4555 :
921 4501 987 4554 ad
1035 4501 1132 4553 hos
1175 4498 1448 4568 confugit,
1503 4497 1731 4565 illosque
1768 4496 2000 4550 dominis

430 4597 735 4667 prteposuit.
764 4593 911 4649 Unde
933 4592 1109 4664 palam
1129 4601 1229 4654 est,
1256 4592 1395 4645 hunc
1423 4589 1697 4655 humilem,
1728 4591 2000 4644 excelsum

432 4687 931 4756 magnanimumque
956 4698 1095 4737 esse.
1126 4681 1435 4752 Arrogantia
1457 4681 1597 4733 enim
1619 4696 1684 4733 ex
1711 4679 1800 4734 vili
1822 4687 2000 4734 mente

429 4790 482 4834 et
505 4778 745 4833 illiberali
789 4777 965 4828 animo
1016 4774 1282 4838 nascitur;
1330 4773 1678 4826 mansuetudo
1716 4783 1892 4827 autem
1935 4787 2000 4826 ex

432 4887 622 4942 magno
645 4880 698 4924 et
727 4869 936 4923 excelso
958 4866 1155 4920 animo.

500 4965 554 5020 '5.
591 4963 867 5018 Humilitas
896 4959 1289 5013 commendatur.
1311 4984 1380 4997 —-
1404 4956 1469 5010 Et
1493 4957 1534 5010 si
1566 4957 1757 5026 placet,
1794 4964 1998 5008 utrum-

431 5073 535 5128 que
565 5053 824 5123 exemplis
849 5051 1213 5105 discntiamus.
1249 5049 1342 5104 Dic
1367 5049 1508 5102 enim
1540 5047 1690 5112 mihi,
1718 5047 1804 5115 qui
1832 5046 2001 5100 Abra-

435 5152 591 5203 hamo
617 5147 878 5203 excelsius
907 5145 1037 5199 fuit?
1066 5144 1220 5214 Atqui
1253 5143 1344 5197 ille
1365 5151 1480 5196 erat
1502 5143 1590 5211 qui
1619 5140 1848 5203 dicebat,
1889 5138 1998 5210 Ego

431 5256 544 5295 sum
569 5249 700 5294 terra
725 5247 771 5292 et
798 5238 922 5291 ciuis
966 5239 983 5306 (
1008 5235 1132 5290 Ceu.
1168 5235 1252 5292 18-
1283 5234 1353 5288 27
1377 5233 1393 5302 )
1429 5249 1442 5288 :
1477 5234 1562 5286 ille
1591 5241 1706 5287 erat
1735 5231 1824 5300 qui
1851 5229 1997 5285 dice-

435 5334 540 5395 bat,
576 5328 658 5383 Ne
678 5331 740 5384 sit
772 5346 938 5399 pugna
985 5329 1113 5380 inter
1137 5343 1214 5380 me
1244 5338 1289 5379 et
1320 5337 1364 5378 te
1391 5323 1539 5394 (Gen.
1576 5325 1662 5378 15.
1696 5322 1772 5382 8).
1801 5321 1996 5375 Verum

433 5427 520 5481 hic
553 5423 767 5479 humilis
805 5420 1082 5475 manubias
1111 5419 1350 5487 despexit
1380 5417 1620 5470 Persicas
1644 5457 1658 5474 .
1706 5428 1758 5469 et
1807 5413 1997 5466 barba-

439 5518 547 5574 rica
589 5513 908 5582 contempsit
939 5521 1157 5580 tropa'a.
1192 5509 1302 5563 lloc
1329 5523 1488 5578 porro
1517 5523 1580 5560 ex
1609 5507 1768 5560 animi
1801 5503 1999 5574 magni-

434 5609 614 5664 tudine
657 5621 710 5664 et
754 5604 1081 5660 sublimitate
1113 5601 1358 5655 faciebat.
1387 5598 1481 5653 llle
1508 5613 1735 5666 namque
1762 5612 1885 5651 vere
1911 5612 1999 5650 su-

433 5693 607 5746 blimis
635 5701 746 5756 est,
777 5688 867 5760 qui
916 5688 1122 5740 sincere
1163 5693 1244 5739 est
1295 5683 1541 5748 humilis,
1572 5698 1676 5734 non
1718 5680 1993 5740 adulator,

439 5801 544 5838 non
573 5785 658 5854 qui
687 5781 854 5839 ironia
887 5779 1069 5835 utitur.
1103 5775 1259 5833 Aliud
1284 5776 1424 5832 enim
1455 5785 1536 5831 est
1565 5771 1992 5844 magnanimitas,

2093 442 2234 496 aliud
2285 443 2585 511 arrogantia
2615 461 2626 494 :
2656 443 2756 496 huc
2801 453 2976 495 autem
3027 440 3148 495 hinc
3193 441 3531 500 manifestum
3558 453 3663 497 est.

2094 533 2175 586 Sit
2205 531 2322 600 quis
2357 533 2525 586 lutum
2555 547 2677 586 esse
2707 532 2873 585 lutum
2905 542 3093 601 putans
3121 542 3175 586 et
3203 533 3329 586 illud
3357 532 3620 602 despiciat
3645 551 3661 598 ;

2093 626 2226 679 alius
2261 637 2435 678 autem
2467 627 2555 694 qui
2608 626 2773 678 lutuut
2823 640 2918 694 pro
2948 641 3078 678 auro
3109 623 3302 678 habeat
3326 666 3340 688 ,
3369 625 3667 680 admiretur

2094 727 2149 771 et
2178 718 2350 787 magni
2382 718 2570 772 faciat:
2599 730 2714 771 uter
2737 718 2930 772 excelsi
2953 719 3112 770 animi
3147 717 3252 770 est?
3277 733 3453 771 annon
3481 720 3546 783 is,
3581 722 3670 786 qui

2096 809 2262 862 lututtt
2291 824 2395 863 non
2425 809 2744 864 admiratur?
2779 821 2898 863 uter
2923 824 3052 864 vero
3075 809 3268 877 abiecti
3310 809 3470 863 animi
3501 818 3556 863 et
3584 811 3666 862 vi-

2096 898 2162 952 lis
2191 900 2295 953 est?
2324 915 2501 954 nonne
2529 901 2619 970 qui
2651 899 2780 954 illttd
2806 899 3098 953 admiratur
3118 909 3171 954 et
3197 902 3370 969 magni
3401 899 3559 954 facit?
3588 899 3662 952 ita

2098 993 2182 1047 hic
2211 995 2370 1047 etiam
2396 1002 2579 1062 reputa
2611 1011 2623 1047 :
2651 1010 2770 1047 eum
2801 1008 3015 1062 nempe,
3061 993 3148 1064 qui
3194 1008 3253 1047 se
3285 1003 3478 1046 terram
3507 1001 3562 1046 et
3585 994 3669 1046 ci-

2098 1101 2280 1139 nerem
2303 1085 2451 1150 dicit,
2474 1085 2742 1140 excelsum
2768 1101 2907 1151 esse,
2929 1087 3171 1156 quamvis
3194 1087 3294 1140 hoc
3315 1086 3454 1138 dicat
3482 1102 3546 1140 ex
3571 1085 3669 1137 hn-

2098 1176 2356 1240 militate;
2391 1177 2537 1230 illum
2568 1191 2720 1241 vero,
2747 1178 2837 1246 qui
2865 1194 2923 1232 se
2952 1193 3047 1232 nec
3079 1186 3271 1232 terram
3301 1195 3400 1232 nec
3427 1179 3666 1231 cinerem

2098 1283 2217 1323 esse
2247 1279 2415 1336 putat,
2445 1269 2536 1323 sed
2565 1271 2797 1339 seipsum
2822 1270 2948 1323 colit
2973 1280 3025 1323 et
3047 1271 3210 1324 altum
3237 1271 3303 1324 de
3325 1287 3382 1325 se
3407 1273 3562 1340 sapit,
3589 1272 3669 1324 vi-

2098 1361 2199 1414 lem
2233 1362 2410 1432 utique
2440 1378 2578 1426 esse,
2611 1363 2697 1431 qui
2724 1378 2880 1432 parva
2915 1363 3087 1434 magni
3115 1362 3289 1416 faciat.
3313 1363 3466 1418 Unde
3490 1364 3663 1433 palam

2097 1463 2179 1508 est
2220 1471 2282 1508 ex
2329 1471 2515 1524 magna
2558 1455 2720 1507 animi
2763 1456 3085 1510 sublimitate
3127 1457 3479 1524 patriarcham
3529 1456 3666 1512 hanc

2097 1547 2339 1600 emisisse
2387 1561 2590 1612 vocem,
2646 1545 2754 1616 Ego
2787 1559 2952 1600 autem
2988 1563 3100 1601 sum
3144 1558 3276 1600 terra
3317 1557 3363 1600 et
3409 1549 3566 1610 ciuis;
3600 1564 3664 1603 ex

2096 1639 2292 1692 mentis
2327 1639 2666 1702 sublimitate,
2710 1658 2812 1693 non
2853 1657 2918 1694 ex
2953 1643 3275 1710 arrogantia.
3310 1641 3652 1708 Quemadmo-

2095 1730 2219 1784 dum
2247 1731 2388 1786 enim
2420 1731 2471 1784 iu
2512 1732 2826 1800 corporibus
2853 1734 2996 1787 aliud
3037 1743 3118 1786 est
3171 1743 3415 1802 vegetum
3445 1744 3498 1787 et
3529 1733 3666 1788 bona

2095 1824 2272 1877 carnis
2304 1823 2610 1878 habitudine
2640 1838 2776 1885 esse.
2809 1825 2948 1878 aliud
2990 1841 3107 1878 esse
3149 1825 3373 1879 humore
3402 1827 3659 1889 inflatum,

2099 1917 2223 1970 licet
2245 1917 2296 1970 in
2329 1926 2554 1986 utroque
2579 1932 2707 1972 caro
2740 1919 3070 1987 promineat;
3103 1929 3155 1971 at
3187 1919 3237 1970 in
3267 1919 3367 1972 hoc
3389 1929 3664 1987 corrupta,

2100 2009 2148 2063 in
2193 2010 2283 2064 illo
2323 2025 2489 2065 sana:
2538 2013 2607 2064 ita
2646 2012 2802 2065 etiam
2842 2012 2980 2065 aliud
3013 2021 3093 2066 est
3140 2027 3259 2065 esse
3304 2026 3660 2082 arrogantem,

2097 2102 2236 2170 quod
2265 2113 2344 2156 est
2375 2117 2492 2158 esse
2540 2102 2763 2157 humore
2804 2113 3132 2172 turgentem;
3162 2104 3302 2158 aliud
3332 2120 3452 2158 esse
3495 2105 3662 2157 subli-

2099 2207 2258 2254 mem,
2293 2193 2431 2261 quod
2461 2202 2544 2248 est
2567 2201 2808 2263 vegetum
2831 2209 2966 2249 esse.
3003 2194 3070 2248 Et
3099 2210 3310 2262 rursus,
3344 2205 3426 2250 est
3451 2197 3662 2265 quidam

2098 2285 2338 2353 corporis
2378 2295 2575 2339 statura
2623 2301 2904 2355 procerus;
2953 2288 3088 2342 alius
3131 2297 3305 2341 autem
3339 2289 3514 2342 brevis
3558 2297 3664 2341 sta-

2101 2386 2235 2443 tura,
2262 2379 2496 2448 acceptis
2532 2380 2726 2434 calceis
2770 2379 2828 2434 ﬁt
2853 2382 3048 2435 altior:
3079 2393 3254 2435 utrtnn
3290 2399 3415 2452 ergo
3448 2384 3662 2437 vocabi-

2099 2485 2215 2523 mus
2246 2485 2522 2539 procerum
2553 2481 2604 2526 et
2641 2488 2908 2542 magnum,
2942 2475 3164 2542 quanam?
3188 2492 3362 2528 annon
3394 2491 3536 2540 eum,
3575 2475 3668 2544 qui

2099 2577 2161 2614 ex
2191 2572 2374 2616 natura
2398 2580 2490 2618 sua
2519 2580 2764 2633 procerus
2784 2567 2902 2621 est?
2922 2565 3011 2620 llle
3037 2568 3176 2620 enim
3199 2567 3431 2621 alienum
3457 2567 3558 2622 hoc
3576 2567 3666 2620 ha-

2099 2651 2209 2716 bet,
2242 2664 2294 2707 et
2315 2670 2474 2724 super
2495 2655 2710 2710 humilia
2732 2657 3044 2722 ascendens,
3070 2659 3144 2712 sic
3171 2675 3422 2727 procerus
3447 2660 3664 2714 effectus

2099 2755 2181 2798 est
2209 2763 2221 2798 :
2253 2747 2301 2800 id
2333 2748 2472 2816 quod
2500 2750 2658 2803 etiam
2699 2751 2844 2804 multi
2873 2751 3112 2805 homines
3142 2752 3359 2815 faciunt,
3393 2755 3482 2824 qui
3509 2771 3664 2824 pecu-

2099 2837 2202 2892 niis
2231 2847 2283 2891 et
2309 2840 2472 2908 gloria
2520 2857 2638 2896 sese
2664 2842 2957 2906 extollunt,
2991 2843 3149 2914 idque
3178 2861 3282 2898 non
3310 2854 3391 2899 est
3419 2846 3662 2900 altitudo.

2101 2929 2354 2986 Excelsus
2384 2932 2524 2985 enim
2551 2944 2632 2987 est
2662 2935 2769 3000 ille,
2797 2935 2884 3003 qui
2913 2935 3099 2989 horum
3123 2937 3270 2990 nullo
3286 2953 3419 3006 opus
3442 2937 3663 3004 habens,

2099 3021 2189 3075 sed
2217 3023 2389 3076 omnia
2420 3024 2751 3093 despiciens,
2794 3026 2844 3078 in
2882 3041 2939 3080 se
2975 3028 3390 3097 magnitudinem
3435 3030 3661 3084 obtinet.

2098 3112 2273 3168 Simus
2302 3129 2428 3183 ergo
2468 3115 2732 3171 humiles.
2770 3125 2824 3169 ut
2870 3117 3124 3171 sublimes
3167 3117 3461 3172 efficiamur
3504 3141 3516 3174 :
3547 3135 3668 3172 nam

2105 3205 2201 3270 Qui
2243 3221 2294 3258 se
2331 3207 2583 3268 Itumiliat,
2625 3207 2925 3261 excitabitur
2967 3208 3175 3277 (Matth.
3209 3210 3299 3264 25.
3337 3212 3446 3278 19.),
3479 3213 3662 3278 inquit.

2099 3298 2202 3352 Sed
2232 3313 2336 3351 non
2369 3299 2456 3353 ille
2486 3315 2739 3370 arrogans
2785 3303 2902 3356 talis
2940 3313 3054 3365 est;
3087 3304 3324 3357 omnium
3361 3305 3557 3373 quippe
3589 3316 3666 3358 est

2101 3389 2386 3443 vilissimus
2415 3409 2428 3444 :
2461 3391 2600 3445 bulla
2629 3393 2767 3446 enim
2800 3394 3030 3462 inflatur,
3059 3395 3150 3449 sed
3193 3395 3305 3450 lucc
3337 3397 3538 3450 inflatio
3566 3413 3666 3450 non

2101 3481 2269 3535 solida
2317 3491 2415 3536 est.
2451 3483 2575 3538 Ideo
2613 3485 2910 3555 hujusmodi
2965 3488 3209 3542 homines
3251 3488 3461 3542 inﬂatos
3511 3505 3667 3543 voca-

2101 3590 2237 3628 mus.
2269 3575 2369 3643 Qui
2415 3577 2555 3630 euim
2607 3578 2877 3633 moderate
2927 3581 3106 3643 sentit,
3138 3597 3203 3633 ne
3235 3580 3285 3633 in
3318 3581 3522 3649 magnis
3550 3582 3665 3650 qui.

2100 3669 2219 3722 dem
2249 3670 2411 3724 altum
2435 3671 2588 3738 sapit,
2621 3671 2875 3725 vilitatem
2907 3687 3055 3725 suam
3098 3681 3275 3726 notam
3307 3672 3508 3727 habens
3533 3693 3552 3730 ε
3581 3673 3666 3742 qui

2101 3771 2276 3816 autem
2310 3761 2426 3815 vilis
2455 3771 2561 3828 est,
2587 3763 2746 3816 etiam
2781 3767 2830 3816 in
2859 3764 3038 3833 parvis
3067 3779 3314 3834 magnum
3355 3766 3513 3835 sapit.
3544 3765 3668 3819 Adi-

2101 3853 2368 3921 piscamur
2391 3870 2518 3923 ergo
2562 3870 2626 3908 ex
2659 3855 2954 3910 humilitate
2981 3855 3354 3910 sublimitatem
3387 3875 3398 3909 :
3426 3857 3668 3912 conside-

2101 3960 2278 3999 remus
2307 3946 2651 3999 humanarum
2680 3962 2856 4000 rerum
2888 3955 3148 4014 naturam,
3174 3958 3229 4002 ut
3250 3949 3545 4004 futurorum
3573 3949 3668 4004 de-

2102 4038 2297 4091 siderio
2323 4037 2685 4093 incendantur.
2704 4038 2816 4092 Non
2847 4040 2950 4093 alio
2970 4041 3161 4110 quippe
3185 4041 3342 4094 modo
3358 4051 3532 4109 potest
3553 4041 3668 4111 quis

2106 4129 2320 4184 humilis
2351 4130 2483 4196 fieri,
2517 4145 2672 4199 quam
2702 4146 2792 4200 per
2820 4131 3114 4186 divinarum
3146 4148 3321 4186 rerum
3345 4147 3584 4186 amorem
3616 4140 3668 4185 et

2107 4221 2443 4289 praesentium
2476 4221 2806 4292 despectum.
2849 4221 2916 4277 Ut
2960 4223 3100 4278 enim
3133 4223 3176 4277 si
3207 4224 3325 4294 quis
3355 4239 3574 4292 regnum
3603 4221 3668 4274 sit

2104 4323 2504 4383 assequuturus,
2534 4314 2846 4392 deindeque
2874 4329 2971 4384 pro
3011 4314 3096 4367 illa
3143 4329 3372 4383 purpura
3404 4315 3594 4384 aliquis
3619 4315 3664 4367 ei

2106 4405 2371 4474 vulgarem
2397 4403 2646 4459 exhibeat
2691 4405 2966 4467 honorem,
3003 4406 3146 4458 illum
3185 4406 3332 4458 nihili
3379 4407 3532 4460 faciet
3562 4423 3574 4458 :
3601 4407 3667 4457 ita

2105 4507 2157 4551 et
2183 4512 2278 4549 nos
2311 4497 2588 4564 prtesentia
2617 4497 2792 4550 omnia
2821 4496 3197 4558 deridebimus,
3228 4498 3270 4549 si
3315 4496 3572 4551 honorem
3603 4498 3664 4550 il-

2106 4588 2211 4641 lum
2235 4588 2682 4656 concupiscamus.
2708 4587 2822 4642 Non
2846 4588 3034 4642 videtis
3055 4602 3262 4656 pueros,
3289 4603 3406 4640 cum
3431 4589 3669 4642 ludentes

2105 4681 2272 4734 aciem
2302 4689 2535 4732 Statuunt
2562 4692 2616 4734 et
2641 4680 2853 4744 milites,
2885 4681 3305 4749 praecedentibus
3328 4681 3663 4748 prteeonihus

2105 4783 2160 4828 et
2185 4771 2478 4839 lictoribus,
2505 4781 2559 4827 et
2601 4788 2730 4842 puer
2757 4773 2960 4827 medius
2988 4775 3152 4826 instar
3177 4771 3327 4825 ducis
3371 4772 3590 4835 incedit,
3619 4781 3668 4825 et

2105 4883 2262 4938 quam
2313 4867 2417 4920 sint
2469 4867 2556 4920 illa
2603 4864 2860 4934 puerilia?
2899 4865 3044 4919 Talia
3074 4874 3196 4918 sunt
3225 4863 3477 4929 humana,
3511 4873 3564 4918 et
3589 4862 3667 4916 his

2105 4959 2312 5023 viliora,
2338 4973 2454 5027 qua:
2482 4957 2637 5012 hodie
2658 4967 2799 5018 sunt,
2820 4967 2872 5010 et
2891 4971 3009 5010 cras
3031 4971 3133 5009 non
3154 4965 3328 5009 erunt.
3345 4955 3523 5008 Simus
3545 4968 3669 5024 ergo

2107 5051 2189 5106 his
2212 5052 2449 5117 altiores,
2481 5061 2534 5105 et
2571 5065 2673 5105 non
2718 5050 2888 5104 solum
2921 5048 3033 5102 hare
3076 5062 3181 5101 non
3210 5046 3665 5115 concupiscamus,

2106 5145 2199 5200 sed
2225 5147 2383 5200 etiam
2412 5145 2813 5208 erubescamus,
2837 5143 2882 5195 si
2910 5142 3028 5210 quis
3051 5141 3202 5194 nobis
3225 5141 3310 5193 illa
3343 5140 3559 5193 tribuat.
3595 5139 3664 5192 lta

2106 5237 2246 5292 enim
2281 5238 2468 5291 horum
2506 5236 2730 5304 depulso
2759 5248 2958 5296 amore,
3003 5233 3238 5286 divinum
3287 5232 3434 5285 illum
3473 5247 3659 5287 conse-

2107 5345 2349 5398 quemur,
2382 5341 2433 5382 et
2463 5325 2747 5380 immortali
2775 5323 3012 5377 fruemur
3037 5323 3204 5392 gloria
3228 5340 3241 5374 :
3265 5336 3421 5390 quam
3446 5336 3545 5375 nos
3566 5335 3668 5374 om-

2107 5438 2201 5475 nes
2222 5420 2431 5491 assequi
2452 5419 2719 5486 contingat
2739 5417 2903 5485 gratia
2922 5425 2974 5470 et
2993 5415 3315 5482 benignitate
3343 5413 3549 5466 Domini
3574 5428 3664 5465 uo-

2107 5513 2199 5566 stri
2225 5512 2349 5566 Jesu
2376 5510 2594 5573 Christi,
2615 5510 2821 5576 quicum
2853 5507 2992 5562 Patri
3011 5519 3217 5572 unaque
3240 5503 3459 5574 Spiritui
3485 5512 3664 5556 sancto

2105 5608 2290 5677 gloria,
2311 5604 2615 5672 imperium,
2640 5603 2829 5666 honor,
2851 5611 2996 5655 nunc
3012 5603 3065 5650 et
3085 5611 3313 5667 semper,
3333 5608 3384 5651 et
3407 5597 3458 5650 itt
3477 5593 3662 5651 saecula

2108 5698 2440 5752 szcculorunt.
2473 5697 2664 5751 Amen.
3261 5694 3281 5719 '
