3954 6130
303 326 369 385 15
1385 326 1451 383 IN
1491 321 1709 381 EPIST.
1760 325 1780 379 ἰ
1815 321 1908 380 AD
1941 321 2107 383 COR.
2152 327 2387 385 HOMIL.
2426 331 2447 386 ἰ
3489 336 3556 392 ἰϐ

297 456 443 499 σαν.
486 440 546 495 ‘0
592 438 849 504 ταπεινὸς
879 431 1055 504 οὗτος,
1092 441 1186 494 καὶ
1236 439 1493 511 ἰπίχαρις
1520 439 1733 507 γίνεται
1770 436 1867 491 καὶ

300 527 468 579 πᾶσιν
494 525 643 596 ήδὺς,
675 525 771 578 καί
808 526 1003 599 εἰρήνῃ
1029 525 1327 596 σύντροφος
1355 524 1612 596 διηνεκεῖ,
1649 524 1745 578 καί
1776 524 1869 577 ού-

297 609 493 680 δεμίαν
521 608 658 679 ἔχων
699 609 955 681 πολέμων
996 608 1270 663 ὑπόθεσιν.
1326 609 1447 663 Κᾶν
1478 610 1589 680 γὰρ
1618 608 1865 682 ὑϐρίσῃς,

299 691 407 746 κᾶν
452 690 784 764 λοιδορήσῃς,
838 691 943 747 κᾶν
988 692 1166 746 ὁτιοῦν
1222 693 1402 766 εῐπῃς,
1452 696 1737 761 σιγήσεται
1771 690 1870 744 καὶ

300 775 495 847 πράως
543 776 702 841 οῐσει,
756 777 852 830 καὶ
888 776 1154 847 τοσαύτην
1178 776 1290 841 ἐξει
1330 777 1430 849 τὴν
1476 776 1700 851 εἰρήνην
1729 775 1869 848 πρὸς

300 859 528 923 πάντας,
579 859 713 930 ὅσην
748 859 868 913 οὐδὲ
910 859 1060 915 ἔστιν
1086 862 1281 923 εἰπεῖν,
1313 861 1406 915 καὶ
1440 860 1575 932 πρὸς
1604 861 1694 913 τὸν
1734 859 1869 913 Θεὸν

295 943 374 996 δέ.
404 943 485 997 Τά
522 942 633 1013 γάρ
659 940 755 996 τοῦ
788 943 925 998 Θεοῦ
958 946 1376 1017 προστάγματα,
1404 944 1541 1017 μετά
1560 942 1868 1016 ἀνθρώπων

295 1026 601 1099 εἰρηνεύειν
636 1029 774 1094 ἐστὶ,
816 1029 911 1083 καὶ
940 1032 968 1084 6
999 1029 1113 1101 βίος
1143 1031 1288 1095 ἅπας
1317 1032 1453 1102 ἡμῖν
1493 1029 1636 1084 οὕτω
1666 1045 1868 1101 κατορ-

295 1110 483 1187 θοῦται
509 1114 567 1167 ἐν
596 1115 662 1183 τῇ
697 1113 835 1186 πρὸς
858 1112 1123 1185 ἀλλήλους
1151 1116 1340 1187 εἰρήνη
1360 1132 1376 1146 ’
1416 1115 1477 1169 οὐ
1510 1113 1621 1183 γὰρ
1649 1111 1713 1185 δή
1736 1112 1869 1166 Θεόν

294 1178 380 1259 τίς
438 1178 691 1269 ἀδικῆσαι
740 1178 1064 1269 δυνήσεταιο
1463 1178 1600 1269 γάρ-
1625 1200 1659 1270 ή
1700 1178 1868 1267 φύσις

295 1282 500 1352 ἐκείνη,
549 1283 647 1335 καὶ
705 1284 907 1347 παντὸς
949 1283 1199 1354 ἀνωτέρα
1227 1282 1457 1346 πάθους.
1509 1282 1676 1337 Οὐδὲν
1724 1279 1869 1334 οὕτω

295 1362 609 1434 θαυμαστὸν
637 1368 784 1419 ποιεῖ
801 1365 892 1419 τὸν
916 1367 1259 1436 Χριστιανὸν,
1278 1365 1355 1429 ὡς
1372 1363 1864 1435 ταπεινοφροσύνη.

300 1446 565 1503 ’Δκουσον
598 1449 732 1520 γοῦν
760 1449 854 1504 τοῦ
885 1449 1133 1522 ’Δϐραὰμ
1162 1449 1436 1518 λέγοντος
1481 1449 1629 1519 Ἐγὼ
1656 1447 1725 1502 δέ
1749 1450 1867 1516 εἰμι

297 1529 377 1600 τῆ
411 1533 509 1588 καί
550 1533 809 1600 σποδός·
846 1536 941 1588 καὶ
974 1535 1068 1589 τοῦ
1103 1533 1239 1588 Θεοῦ
1272 1534 1404 1606 περί
1430 1532 1711 1597 Μωῦσέως
1757 1532 1865 1587 πά-

296 1612 403 1679 λιν,
427 1617 510 1669 ὅτι
532 1617 841 1687 πραότατος
865 1613 933 1689 ἦν
958 1619 1176 1671 πάντων
1202 1617 1525 1690 ἀνθρώπων.
1545 1618 1733 1682 Οὐδεὶς
1757 1616 1867 1688 γὰρ

295 1695 511 1751 ἐκείνου
556 1699 939 1770 ταπεινότερος
970 1712 997 1741 ι
1026 1699 1270 1769 γέγονεν,
1312 1700 1372 1766 δς
1401 1703 1575 1772 δῆμον
1614 1701 1866 1754 τοσοῦτον

293 1778 468 1848 ἄγων,
504 1782 600 1835 καὶ
652 1781 745 1835 τὸν
788 1780 1015 1851 βασιλέα
1064 1782 1159 1836 καὶ
1204 1784 1267 1837 :6
1327 1784 1689 1856 στρατόπεδον
1722 1784 1867 1839 ἀπαν

289 1862 406 1916 τῶν
435 1863 752 1933 Αἰγυπτίων
782 1865 1038 1937 καθάπερ
1081 1866 1249 1937 μυίας
1293 1869 1721 1936 καταποντίσας,
1769 1869 1867 1923 καὶ

289 1946 532 2001 τοσαῦτα
566 1947 669 2018 μέν
693 1950 753 2002 ἐν
781 1948 1065 2021 Αἰγύπτῳ,
1095 1949 1336 2005 τοσαῦτα
1362 1950 1421 2005 δέ
1447 1950 1540 2006 ἐπὶ
1562 1951 1663 2022 τῆς
1706 1952 1864 2023 Ἐρυ-

291 2029 428 2102 θρᾶς
477 2031 756 2103 θαλάσσης
792 2033 1169 2104 ἐργασάμενος
1196 2034 1292 2088 καὶ
1343 2036 1437 2090 ἐπὶ
1482 2035 1584 2105 τῆς
1628 2037 1863 2107 ἐρήμου,

289 2114 384 2167 καὶ
411 2113 682 2184 τοσαύτης
712 2115 1028 2180 ἀπολαύσας
1058 2119 1384 2190 μαρτυρίας,
1411 2119 1487 2183 ώς
1508 2117 1590 2183 εἰς
1612 2118 1721 2173 τῶν
1744 2120 1868 2173 πολ-

291 2195 398 2250 λῶν
444 2196 541 2265 ὢν,
593 2197 739 2252 οὕτω
765 2200 1028 2254 διέκειτοο
1065 2201 1282 2256 καὶτοῦ
1322 2202 1586 2275 κηδεστοῦ
1615 2203 1867 2275 γαμϐρὸς

289 2280 678 2353 ταπεινότερος
716 2276 804 2354 ἦν,
834 2285 928 2338 καὶ
954 2284 1167 2355 ἐδέχετο
1187 2285 1287 2357 τὴν
1318 2288 1447 2357 παρ’
1480 2287 1690 2341 ἐκείνου
1731 2285 1866 2355 γνώ-

294 2378 422 2434 μην.
470 2366 583 2418 Καὶ
621 2366 742 2420 οὐδὲ
793 2367 1174 2440 ἐδυσχέραινεν
1203 2371 1325 2424 οὐδὲ
1372 2366 1518 2424 εἷπε·
1563 2372 1630 2425 Τί
1670 2371 1862 2437 τοῦτο;

294 2447 434 2520 μετά
468 2448 696 2504 τοιαῦτα
727 2451 823 2505 καὶ
848 2451 1085 2507 τοσαῦτα
1109 2453 1515 2526 κατορθώματα
1544 2450 1708 2527 ἦλθες
1732 2457 1865 2527 ημῖν

294 2530 719 2601 συμϐουλεύων;
768 2535 905 2607 ὅπερ
935 2537 1236 2608 πάσχουσιν
1256 2538 1308 2591 οἱ
1347 2539 1554 2605 πολλοὶ,
1591 2539 1695 2593 κᾶν
1743 2538 1866 2609 ἀρί-

293 2631 429 2685 στην
457 2631 545 2679 τις
575 2617 936 2689 εἰσηγήσηται
965 2619 1215 2691 γνώμην,
1242 2621 1332 2675 διὰ
1353 2622 1415 2675 :6
1446 2623 1541 2676 τοῦ
1570 2622 1863 2695 προσώπου

290 2698 547 2753 ταπεινὸν
576 2702 1057 2773 καταφρονοῦντες.
1094 2704 1233 2759 Ἀλλ’
1279 2706 1380 2760 οὐκ
1417 2710 1623 2771 ἐκεῖνος
1667 2706 1861 2773 οὕτως,

292 2780 432 2841 ἀλλὰ
462 2782 551 2838 διά
578 2786 1079 2859 ταπεινοφροσύνης
1114 2788 1293 2845 πάντα
1313 2790 1613 2862 κατώρθου.
1648 2790 1865 2845 Ἐντεῦ-

291 2862 384 2919 θεν
412 2868 506 2948 καί
527 2867 638 2948 τῶν
659 2868 957 2939 βασιλικῶν
997 2876 1407 2945 κατεφρόνησεν
1432 2874 1632 2941 αὐλῶν,
1674 2874 1863 2948 ἐπειδὴ

289 2947 548 3014 ταπεινός
589 2945 660 3023 ἦν
704 2951 904 3015 ὅντως’
960 2954 1021 3007 :6
1065 2955 1179 3029 γὰρ
1209 2957 1364 3025 ὑγιὲς
1399 2958 1654 3030 φρόνημα
1678 2959 1773 3013 καὶ
1800 2945 1863 3013 :6

290 3029 495 3102 ὑψηλὸν
538 3035 574 3105 ή
624 3036 1097 3109 ταπεινοφροσύνη
1149 3042 1313 3094 ποιεῖ.
1384 3029 1715 3113 Πόσηςγάρ
1760 3042 1861 3096 οῖει

292 3115 772 3190 μεγαλοφροσύνης
803 3114 946 3174 εἰναι
993 3121 1089 3175 καὶ
1133 3121 1532 3194 μεγαλοψυχίας
1560 3125 1624 3179 :6
1658 3126 1751 3179 καὶ
1781 3127 1861 3180 οί-

289 3198 417 3282 κίας
451 3201 550 3254 καὶ
594 3203 877 3277 τραπέζης
916 3198 1191 3278 ὑπεριδεῖν
1218 3205 1538 3279 βασιλικῆς;
1591 3209 1703 3264 Καὶ
1751 3210 1862 3282 γάρ

287 3280 366 3344 ώς
402 3282 516 3364 θεοὶ
554 3286 821 3357 τιμῶνται
851 3290 899 3342 οἰ
949 3287 1190 3359 βασιλεῖς
1235 3292 1367 3364 παρ’
1394 3294 1733 3362 Αἰγυπτίοις,
1767 3280 1863 3349 καὶ

291 3363 530 3449 πλούτου
582 3369 676 3422 καὶ
712 3369 1006 3441 θησαυρῶν
1043 3363 1379 3429 ἀπολαύουσι
1432 3377 1662 3449 μυρίων.
1722 3378 1863 3432 Ἀλλ’

291 3447 446 3532 ὅμως
478 3449 656 3504 πάντα
709 3452 867 3520 ἀφεὶς
897 3455 1101 3521 ἐκεῖνα,
1151 3459 1244 3511 καί⁵
1273 3459 1415 3512 αὑτά
1460 3447 1562 3532 τῆς
1583 3461 1862 3531 Αἰγύπτου

293 3530 462 3604 ῥίψας
484 3533 554 3589 τά
586 3534 862 3607 σκῆπτρα,
885 3540 997 3603 τοῖς
1018 3540 1385 3611 αἰχμαλώτοις
1408 3544 1505 3599 καὶ
1519 3530 1864 3604 καταπονου-

293 3615 507 3703 μένοις,
525 3620 641 3703 τοῖς
663 3618 834 3703 τῷ
862 3620 1017 3693 πηλῷ
1040 3624 1136 3677 καὶ
1160 3625 1227 3695 τῇ
1262 3624 1510 3698 πλινθείᾳ
1538 3629 1865 3703 δαπανωμέ-

288 3715 423 3763 νοις,
452 3698 548 3765 οὓς
577 3702 627 3754 οί
655 3700 831 3756 δοῦλοι
868 3705 1033 3759 αὑτοῦ
1058 3705 1438 3761 ἐϐδελύττοντο
1470 3698 1864 3779 (ἐϐδελύττοντο

290 3782 399 3869 γάρ
426 3785 627 3869 αὑτοὺς
645 3787 695 3841 οἰ
717 3788 1028 3857 Αἰγύπτιοι,
1052 3789 1231 3862 φησι),
1252 3790 1467 3856 τούτοις
1488 3795 1860 3869 προσέδραμε,

288 3868 382 3921 καί¹
409 3868 520 3922 τῶν
540 3869 817 3951 δεσποτῶν
838 3873 1035 3935 αὐτοὺς
1064 3873 1362 3945 προετίθει.
1389 3876 1551 3933 Ὀθεν
1578 3868 1754 3951 δῆλον,
1774 3868 1863 3937 ίὸτι

290 3951 622 4036 δταπεινδς,
658 3947 811 4019 οὗτός
851 3957 1000 4010 ἐστιν
1038 3957 1295 4032 όύψηλδς
1342 3959 1437 4013 καὶ
1478 3947 1859 4036 μεγαλόφρων.

291 4034 403 4089 Καὶ
431 4034 539 4106 γὰρ
568 4038 603 4107 ή
629 4037 855 4092 ἀπόνοια
878 4039 987 4093 ἀπὸ
1008 4039 1259 4105 εὐτελοῦς
1279 4042 1484 4111 γίνεται
1503 4034 1744 4113 διανοίας
1769 4052 1865 4105 καὶ

294 4118 557 4206 ἀγεννοῦς
583 4119 897 4206 ψυχῆς,καί
923 4125 957 4195 ή
980 4123 1060 4197 [7]
1086 4126 1361 4184 ἐπιείκεια
1390 4129 1500 4183 ἀπὸ
1523 4133 1864 4206 μεγαλόφρο-

294 4217 405 4264 νος,
435 4201 545 4255 άπὸ
566 4204 944 4278 μεγαλοψύχου
980 4206 1230 4279 γνώμης.

298 4293 343 4370 ᾖ-
360 4289 439 4370 γ’.
455 4285 566 4370 Καὶ
595 4287 645 4339 εἰ
672 4286 946 4357 βούλεσθε,
961 4290 1180 4348 ἐπὶτῶν
1197 4291 1609 4363 ὑποδειγμάτων
1631 4297 1865 4370 ἑκάτερα

291 4367 654 4440 ἐξετάζωμεν.
691 4372 826 4425 Εἰπὲ
853 4373 963 4446 γάρ
1003 4392 1114 4446 μοι,
1159 4375 1210 4428 τί
1236 4374 1330 4429 τοῦ
1366 4377 1616 4451 Ἀϐραάμ
1645 4367 1867 4450 γέγονεν

295 4451 656 4537 ὑψηλότερονς
691 4457 869 4511 καίτοι
894 4475 957 4528 γε
987 4460 1191 4522 ἐκεῖνος
1218 4455 1286 4531 ἦν
1310 4463 1338 4514 6
1374 4461 1566 4531 λέγων·
1613 4466 1752 4537 Ἐγώ
1787 4471 1866 4523 εἰ-

290 4552 356 4604 μι
385 4536 462 4606 τῆ
496 4538 597 4595 καί
638 4540 907 4613 σποδός·
951 4543 1155 4607 ἐκεῖνος
1182 4539 1250 4615 ἦν
1282 4546 1310 4597 6
1342 4543 1511 4615 λέγων
1531 4564 1544 4581 η
1579 4536 1685 4619 Μὴν
1710 4550 1866 4606 ἔστω

290 4619 453 4688 μάχη
506 4621 628 4702 ἀνὰ
669 4625 865 4692 μέσον
908 4628 1054 4696 ἐμοῦ
1079 4670 1094 4695 ,
1143 4627 1245 4683 καί
1308 4629 1424 4685 ἀνὰ
1481 4632 1678 4702 μέσον
1725 4635 1861 4692 σοῦ.

306 4703 443 4791 LAUC
474 4696 628 4791 οὕτος
659 4710 689 4769 6
729 4708 877 4765 οὕτω,
912 4712 1167 4775 ταπεινὸς
1206 4712 1464 4784 λαφύρων
1481 4696 1866 4791 ⁷κατεφρόνησε

294 4786 611 4873 ἕερσικῶν,
669 4793 761 4847 καὶ
816 4795 1093 4865 τροπαίων
1167 4798 1418 4869 ὑπερεῖδε
1492 4786 1861 4873 βαρϐαρικῶν.

292 4870 462 4957 Τοῦτο
500 4873 557 4928 δέ
598 4875 707 4928 ἀπὸ
752 4876 954 4948 πολλῆς
992 4879 1442 4954 ὑψηλοφροσύνης
1488 4870 1581 4938 καί
1631 4870 1865 4957 μεγαλο-

292 4956 458 5025 φυοῦς
493 4958 727 5024 διανοίας
767 4963 961 5019 ἐποίει.
1002 4965 1239 5029 Ἐκεῖνος
1275 4967 1384 5038 γάρ
1428 4968 1574 5024 ἐστιν
1606 4971 1810 5042 ὑψηλὸς
1838 4975 1867 5029 6

290 5043 530 5131 γνησίως
557 5046 830 5131 ταπεινὸς,
854 5050 951 5120 οὐχ
986 5050 1015 5103 6
1042 5050 1206 5119 κόλαξ
1234 5052 1355 5114 οὐδὲ
1376 5055 1403 5106 6
1431 5055 1610 5126 εἴρων.
1642 5057 1866 5131 Ἕτερον

291 5125 399 5197 γάρ
434 5127 914 5200 μεγαλοφροσύνη,
947 5133 1040 5186 καὶ
1078 5134 1263 5207 ἕτερον
1296 5125 1556 5192 ἀπόνοιαθ
1584 5142 1677 5195 καὶ
1711 5125 1868 5198 τοῦτο

289 5207 450 5297 δῆλον
499 5211 731 5297 ἐκεῖθεν.
778 5213 848 5265 Εἰ
896 5230 978 5297 τις
1022 5217 1130 5288 γὰρ
1166 5219 1259 5272 τὸν
1298 5220 1467 5291 πηλὸν
1511 5222 1680 5292 πηλὸν
1719 5227 1868 5297 ἡγοῖ-

290 5307 353 5346 το
372 5292 403 5333 δ
431 5293 532 5348 καὶ
559 5297 913 5368 καταφρονοῖ,
941 5296 1120 5371 ἕτερος
1141 5301 1197 5355 δέ
1218 5319 1302 5367 τις
1325 5303 1416 5357 τὸν
1452 5306 1621 5373 πηλὸν
1640 5308 1715 5373 ὡς
1736 5292 1868 5381 χρυ-

356 5447 383 5522 ξ
410 5445 703 5522 ιεεςρίιεῳι·
723 5447 940 5522 οὑδέν....
965 5449 1303 5522 ταπεινότερον,
1330 5461 1382 5504 et
1403 5453 1545 5522 ἱρῇ-ε,
1586 5456 1646 5522 τὸ,
1668 5459 1874 5522 στρατὸ-

291 5509 574 5626 ἷξξςίδέοτῶν
596 5508 703 5572 Δίγ.
726 5510 967 5558 ἁπάντων.
1034 5507 1058 5549 ιι
1083 5507 1391 5573 Lege'bat'ur:
1420 5518 1481 5566 Et
1512 5507 1580 5574 τιις
1599 5520 1688 5583 γὰρ
1719 5507 1869 5579 ﬁ)“

1977 438 2070 493 σδν
2096 440 2364 514 θαυμάζοι
2390 443 2484 499 καὶ
2513 444 2656 516 μέγα
2673 446 2817 516 ἄγοι,
2846 446 2931 511 τίς
2958 447 3067 514 ἄρα
3088 445 3236 500 ἐστὶν
3256 446 3285 498 6
3316 446 3552 515 ὑψηλάςς

1973 523 2096 596 οὐχὶ
2137 527 2166 578 6
2204 528 2296 580 τὸν
2342 529 2511 599 πηλὸν
2548 529 2621 601 μὴ
2651 530 2946 601 θαυμάζων
2981 548 2995 595 ;
3031 530 3115 593 τίς
3152 531 3209 584 δὲ
3240 533 3269 584 6
3300 533 3555 596 ταπεινὸς

1973 608 2069 661 καὶ
2100 610 2323 681 εὐτελής
2348 631 2363 679 ;
2406 614 2526 683 οὑχί
2567 616 2596 667 6
2624 614 2919 684 θαυμάζων
2948 614 3114 669 αὑτὸν
3139 657 3154 680 ,
3186 616 3278 668 καὶ
3311 615 3453 686 μέγα
3481 634 3553 670 τι-

1974 691 2199 763 θέμενος
2223 711 2238 758 ;
2264 694 2420 748 Οὕτω
2440 696 2504 766 δὴ
2527 698 2620 750 καὶ
2647 697 2882 751 ἐνταῦθα
2900 698 3138 765 λογίζου,
3167 699 3249 751 ὅτι
3278 700 3305 752 6
3336 699 3433 767 μὲν
3451 703 3555 770 γῆν

1975 776 2069 829 καὶ
2113 776 2305 831 σποδὸν
2336 779 2525 832 ἑαυτὸν
2565 780 2757 848 λέγων,
2795 780 2998 852 ὑψηλὸς
3039 780 3105 835 ἂν
3136 781 3244 851 εἴη,
3285 783 3463 834 καίτοι
3493 800 3556 850 γε

1973 859 2082 913 ἀπὸ
2110 862 2609 935 ταπεινοφροσύνης
2645 865 2792 933 λέγει
2830 882 2844 897 ο
2880 868 2908 919 6
2952 866 3007 919 δὲ
3040 866 3114 936 μὴ
3152 866 3256 937 γῆν
3293 867 3387 920 καὶ
3423 884 3557 921 σπο-

1972 942 2062 997 δὸν
2117 945 2309 999 ἐαυτὸν
2372 948 2628 1016 νομίζων,
2689 948 2823 1003 ἀλλὰ
2863 950 3142 1020 περιέπων
3186 951 3402 1018 ἑαυτὸν,
3461 953 3556 1005 καὶ

1977 1029 2414 1101 μεγαλοφρονῶν,
2477 1027 2632 1097 οὗτος
2673 1034 2773 1105 μὲν
2812 1029 2906 1087 οὖν
2947 1032 3017 1086 ἂν
3057 1032 3143 1104 εἴη
3204 1035 3428 1105 εὐτελής
3487 1038 3557 1087 τὲο

1977 1113 2149 1183 μικρά
2178 1116 2386 1185 μεγάλα
2429 1116 2730 1189 τιθέμενος.
2761 1119 2927 1173 Ὅθεν
2958 1118 3137 1190 δῆλον,
3168 1119 3250 1173 δτι
3279 1119 3386 1172 ἀπὸ
3430 1119 3555 1173 πολ-

1972 1195 2066 1249 λοῦ
2088 1196 2322 1263 διανοίας
2356 1198 2522 1269 ὕψους
2558 1200 2858 1270 ἐφθέγγετο
2892 1201 2953 1255 :6
3002 1200 3154 1273 ρἦα
3187 1204 3362 1255 ἐκεῖνο
3389 1207 3418 1255 6
3453 1219 3556 1254 πα-

1972 1280 2258 1352 τριάρχης,
2295 1283 2436 1349 Ἐγὼ
2456 1282 2662 1352 δέ.εἰμι
2691 1283 2769 1353 γῆ
2800 1285 2897 1338 καί
2932 1284 3163 1350 σποδός
3189 1301 3202 1313 ·
3231 1283 3340 1338 ἀπὸ
3363 1283 3552 1353 ὕψους,

1973 1364 2074 1416 οὕκ
2110 1363 2218 1416 ἀπὸ
2246 1364 2520 1430 ἀπονοίας.
2562 1366 2829 1435 Καθάπερ
2855 1366 2965 1439 γάρ
3001 1369 3095 1420 ἐπὶ
3125 1367 3394 1438 σωμάτων
3427 1367 3555 1421 ἄλλο

1977 1446 2078 1518 μὲν
2114 1447 2280 1514 ἐστιν,
2312 1448 2640 1503 εὕεκτοῦντα
2679 1452 2774 1504 καὶ
2811 1450 3128 1522 σφριγῶντα
3157 1444 3318 1512 εἰναι,
3346 1449 3474 1505 ἄλλο
3497 1448 3554 1504 δὲ

1973 1531 2370 1603 φλεγμαίνοντα
2390 1549 2404 1563 ·
2426 1533 2605 1587 καίτοι
2627 1551 2691 1602 γε
2721 1535 3005 1608 ἀμφότερα
3035 1534 3242 1605 ὑψηλῆς
3275 1536 3389 1587 ἐστι
3421 1550 3553 1605 σαρ-

1972 1616 2087 1683 κὸς,
2122 1617 2257 1670 ἀλλὰ
2280 1618 2342 1671 :6
2375 1619 2473 1688 μὲν
2512 1618 2937 1689 διεφθαρμένης,
2975 1618 3037 1671 :6
3074 1618 3129 1671 δέ
3161 1616 3347 1686 ὑγιοῦς
3370 1632 3385 1647 ·
3409 1614 3554 1683 οὕτω

1973 1701 2068 1754 καὶ
2104 1699 2337 1754 ἐνταῦθα
2367 1700 2554 1772 ἕτερόν
2579 1703 2724 1755 ἐστιν
2758 1697 2898 1755 εἶναι
2936 1701 3391 1771 άπονενοημένον,
3415 1700 3553 1770 ὅπερ

1973 1785 2090 1838 ἐστὶ
2128 1784 2530 1853 φλεγμαίνοντα
2578 1780 2716 1838 εῖναι
2748 1801 2762 1815 ·
2800 1786 2892 1838 καὶ
2930 1785 3118 1855 ἕτερόν
3150 1786 3298 1837 ἐστιν
3324 1782 3550 1853 ὑψηλὸν,

1972 1872 2107 1942 ὅπερ
2128 1871 2277 1924 ἐστὶν
2298 1870 2622 1925 εὐεκτοῦντα
2648 1866 2808 1926 εἶναι.
2843 1872 2952 1924 Καὶ
2983 1872 3144 1925 πάλιν
3167 1871 3283 1924 ἐστί
3301 1888 3385 1934 τις
3409 1868 3551 1941 ὑψη·⁸

1972 1953 2060 2019 λὸς
2087 1953 2164 2024 τῷ
2202 1954 2384 2025 μέτρῳ
2428 1953 2522 2006 τοῦ
2568 1954 2853 2024 σώματος·
2903 1953 3062 2017 ἀλλος
3119 1955 3175 2006 δὲ
3214 1951 3421 2022 βραχὺς
3452 1949 3550 2017 ῶν,

1973 2037 2291 2108 προσλαϐὼν
2342 2037 2586 2108 ἐμϐάδας
2626 2036 2957 2109 ὑψηλότερος
2993 2036 3203 2105 γίνεται
3249 2052 3266 2067 ο
3299 2037 3423 2089 τίνα
3458 2031 3552 2089 οὖν

1972 2121 2273 2191 καλέσομεν
2297 2120 2502 2190 ὑψηλὸν
2532 2120 2627 2174 καί
2656 2121 2853 2191 μέγαν,
2893 2118 3015 2173 εἰπέ
3044 2136 3170 2190 μοι;
3197 2119 3298 2172 οὕκ
3329 2116 3552 2187 εὔδηλον

1970 2204 2053 2259 ὅτι
2083 2204 2171 2258 τὸν
2216 2202 2426 2258 οἴκοθεν
2463 2203 2524 2256 :6
2552 2203 2685 2273 ὕψος
2726 2202 2952 2274 ἐχοντα;
3000 2203 3237 2265 Ἐκεῖνος
3257 2202 3366 2273 γὰρ
3396 2200 3551 2255 ἀλλό-

1970 2304 2119 2359 τριον
2143 2286 2256 2358 ἐχει
2285 2287 2464 2350 τοῦτο,
2490 2288 2583 2341 καὶ
2612 2286 2719 2340 τῶν
2751 2283 3022 2339 ταπεινῶν
3056 2285 3273 2349 ἐπιϐὰς,
3294 2284 3437 2338 οὕτω
3459 2284 3553 2354 γέ-

1969 2388 2125 2440 γονεν
2162 2371 2365 2441 ὑψηλός
2409 2387 2424 2402 ο
2461 2371 2491 2424 δ
2521 2369 2705 2424 πολλοί
2754 2371 3025 2440 πάσχουσι
3068 2368 3180 2421 τῶν
3219 2366 3547 2439 ἀνθρώπων,

1972 2457 2066 2510 ἐπὶ
2126 2456 2426 2527 χρημάτων
2473 2457 2568 2510 καὶ
2616 2454 2775 2527 δόξης
2823 2455 3049 2517 ἑαυτοὺς
3103 2452 3548 2516 ἀναϐιϐάζοντες,

1968 2540 2105 2611 ὅπερ
2135 2541 2234 2593 οὑκ
2265 2539 2410 2592 ἐστιν
2441 2538 2590 2610 ὕψος.
2638 2537 2871 2609 Ὑψηλδς
2899 2536 3010 2608 γάρ
3052 2539 3200 2589 ἐστιν
3241 2536 3270 2588 6
3322 2534 3550 2605 μηδενὸς

1968 2624 2218 2696 δεόμενος
2243 2625 2469 2689 τούτων,
2502 2623 2640 2678 ἀλλά
2667 2621 3026 2695 καταφρονῶν
3055 2622 3329 2685 ἀπάντων,
3353 2619 3448 2673 καὶ
3469 2617 3550 2672 οἰ·-

1972 2708 2128 2764 κοθεν
2162 2706 2300 2780 ἔχων
2350 2708 2413 2762 :6
2458 2707 2707 2779 μέγεθος.
2740 2705 3031 2776 Γενώμεθα
3061 2704 3241 2758 τοίνυν
3277 2703 3547 2769 ταπεινοὶ,

1971 2794 2060 2848 ἵνα
2110 2790 2394 2862 γενώμεθα
2436 2790 2630 2862 ὑψηλοί
2655 2808 2673 2824 ο
2724 2791 2789 2844 '0
2823 2790 2931 2861 γὰρ
2975 2785 3271 2842 ταπεινῶν
3304 2786 3544 2853 ἑαυτὸν,

1967 2875 2374 2947 ὑψωθήσεται,
2437 2874 2590 2947 φησί.
2660 2874 2800 2927 Ἀλλ’
2864 2873 2962 2944 οὑχ
3018 2874 3047 2927 6
3117 2869 3548 2941 ἀπονενοημένος

1968 2960 2229 3026 τοιοῦτος,
2262 2958 2401 3015 ἀλλά
2436 2960 2653 3014 πάντων
2682 2959 2831 3013 ἐστὶν
2864 2957 3239 3028 εὐτελέστερος
3261 2974 3278 2990 ο
3311 2956 3405 3009 καὶ
3438 2955 3545 3026 γὰρ

1967 3044 2000 3118 ή
2032 3044 2314 3117 πομφόλυξ
2341 3040 2652 3113 πεφύσηται
2673 3085 2687 3106 ,
2733 3042 2848 3095 ἀλλ’
2878 3043 2979 3095 οὐκ
3009 3040 3155 3094 ἐστιν
3180 3039 3329 3109 ὑγιὲς
3358 3040 3418 3092 τὸ
3448 3040 3543 3108 φύ-

1968 3146 2140 3204 σημα.
2168 3130 2265 3184 Διὰ
2301 3128 2458 3182 τοῦτο
2490 3126 2584 3179 καὶ
2618 3125 2842 3188 τούτους
2870 3123 3319 3195 πεφυσιωμένους
3354 3121 3547 3176 καλοῦ-

1971 3233 2089 3286 μεν.
2136 3213 2195 3268 '0
2218 3214 2315 3285 μὲν
2335 3212 2444 3283 γὰρ
2473 3208 2873 3283 μετριοφρονῶν
2897 3208 3018 3263 οὑδὲ
3043 3208 3135 3261 ἐπὶ
3157 3209 3269 3271 τοῖς
3294 3206 3548 3278 μεγάλοις

1972 3299 2112 3369 μέγα
2143 3298 2348 3367 φρονεῖ,
2377 3295 2440 3348 :6
2478 3293 2734 3347 ταπεινὸν
2766 3291 2920 3355 εἰδὼς
2962 3291 3023 3344 :6
3049 3290 3240 3345 ἐαυτοῦ
3271 3306 3286 3320 ·
3310 3294 3338 3345 6
3370 3290 3426 3344 δέ
3458 3292 3548 3343 εὑ-

1967 3383 2124 3451 τελὴς
2160 3382 2254 3435 καὶ
2288 3380 2382 3434 ἐπὶ
2412 3381 2525 3441 τοῖς
2567 3379 2783 3448 μικροῖς
2824 3375 2966 3446 μέγα
3011 3374 3362 3443 φαντάζεται.
3402 3372 3547 3444 Κτη-

1970 3463 2191 3536 σώμεθα
2232 3464 2413 3517 τοίνυν
2446 3462 2509 3514 :6
2545 3460 2632 3513 διά
2671 3457 3172 3527 ταπεινοφροσύνης
3220 3455 3353 3525 ὕψος
3378 3471 3391 3485 ·
3422 3457 3546 3507 ἐπι-

1969 3547 2298 3618 σκεψώμεθα
2335 3544 2444 3598 τῶν
2482 3543 2839 3613 ἀνθρωπίνων
2874 3542 2973 3609 τὴν
3003 3538 3184 3608 φύσιν,
3213 3539 3300 3591 ἵνα
3328 3536 3545 3590 ἐκκαῶο

1972 3648 2071 3702 μεν
2099 3632 2177 3700 τῷ
2208 3628 2360 3698 πόθῳ
2391 3626 2500 3678 τῶν
2531 3625 2856 3696 μελλόντων.
2897 3621 3133 3702 Ἑτέρως
3159 3619 3268 3690 γάρ
3304 3619 3403 3702 οὐκ
3431 3618 3547 3672 ἐστι

1968 3700 2221 3783 γενέσθαι
2257 3709 2530 3773 ταπεινὸν,
2567 3705 2744 3777 ἀλλ’ἢ
2778 3704 2865 3758 διὰ
2898 3701 2990 3757 τοῦ
3013 3701 3123 3755 τῶν
3157 3702 3317 3755 θείων
3347 3700 3546 3772 ιρωτος

1971 3795 2049 3871 [8]
2085 3796 2181 3850 καὶ
2216 3795 2314 3866 τῆς
2354 3793 2463 3846 τῶν
2501 3791 2784 3864 παρόντων
2833 3786 3152 3867 ὑπεροψίας.
3179 3786 3409 3871 Σασπερ
3436 3783 3546 3871 γάρ

1969 3864 2133 3945 ἐτ’τις
2172 3864 2445 3950 βασιλείας
2483 3874 2866 3945 ἐπιτυγχάνειν
2902 3864 3086 3943 μέλλοι
3108 3913 3123 3938 ,
3151 3864 3270 3922 εἶτα
3301 3867 3422 3922 ἀντὶ
3445 3866 3547 3937 τῆς

1968 3962 2283 4034 άλουργίδος
2331 3961 2545 4030 ἐκείνης
2590 3957 2865 4026 ἰδιωτικήν
2901 3953 3023 4010 τινά
3055 3971 3137 4017 τις
3173 3952 3322 4021 αὑτῷ
3365 3950 3547 4034 παράξ-

1972 4033 2277 4120 σχοιίτιμὴν
2300 4086 2315 4110 ,
2350 4044 2502 4098 οὕδέν
2540 4042 2711 4114 αὐτὴν
2744 4036 2883 4093 εἶναι
2920 4039 3186 4110 ἡγήσεται
3211 4050 3227 4065 ⁸
3268 4034 3421 4120 οὕτω
3450 4033 3547 4120 καὶ

1970 4116 2130 4206 ἡμεῖς
2158 4116 2373 4187 πάντων
2400 4124 2884 4197 καταγελασόμεθα
2906 4120 3014 4177 τῶν
3037 4122 3341 4206 παρόντων,
3378 4119 3429 4171 εἰ
3447 4116 3546 4206 της

1969 4204 2137 4290 τιμῆς
2169 4216 2611 4286 ἐπιθυμήσαιμεν
2658 4210 2890 4281 ἐκείνης.
2919 4209 3032 4279 Οὐχ
3074 4207 3236 4278 δρᾶτε
3260 4204 3546 4290 τοὺς-παῖ-

1969 4285 2246 4367 δαςξδταν
2281 4285 2568 4361 παίζοντες
2608 4292 2762 4358 τάξιν
2800 4290 3015 4352 ποιῶσι,
3046 4290 3142 4342 καὶ
3186 4285 3544 4357 στρατιώτας,

1972 4386 2069 4438 ιιιαί¹
2107 4381 2454 4453 προηγῶνται
2497 4377 2676 4433 αὐτῶν
2716 4376 2955 4446 κήρυκες
2990 4373 3084 4424 καὶ
3115 4367 3546 4453 ῥαϐδοῦχοι,καί

1976 4468 2139 4541 μέσος
2155 4450 2191 4519 ’ὁ
2210 4468 2338 4528 παῖς
2365 4466 2422 4519 ἐν
2451 4461 2605 4534 χώρᾳ
2623 4460 2882 4531 ἄρχοντος
2904 4455 3114 4541 βαδίζῃ,
3140 4455 3217 4517 ὡς
3240 4450 3462 4541 παιδικὰ
3477 4451 3547 4505 τά

1971 4535 2229 4621 γινόμενα
2258 4567 2272 4616 ;
2306 4544 2544 4602 Τοιαῦτα
2572 4546 2689 4597 ἐστι
2731 4542 2803 4596 τά
2835 4540 3171 4611 ἀνθρώπινα,
3219 4537 3315 4591 καὶ
3342 4535 3547 4590 τούτων

1970 4636 2347 4707 εὐτελέστερα,
2403 4634 2643 4703 σήμερον
2688 4629 2817 4683 ἰὂντα
2864 4626 2959 4681 καί
3005 4623 3192 4696 αὔριον
3248 4622 3346 4707 οὐκ
3394 4621 3543 4707 ὄντα.

1983 4705 2334 4791 ’Υψηλότεροι
2366 4717 2545 4769 τοίνυν
2572 4712 2859 4783 γενώμεθα
2890 4707 3115 4772 τούτων,
3147 4707 3242 4791 καὶ
3274 4706 3348 4791 μὴ
3386 4705 3544 4791 μόνον

1971 4787 2150 4859 αὐτῶν
2181 4802 2257 4872 μὴ
2286 4797 2663 4869 ἐπιθυμῶμεν,
2694 4796 2828 4849 ἀλλὰ
2861 4794 2953 4846 καὶ
2978 4787 3361 4862 αἰσχυνώμεθα
3387 4790 3438 4842 εἰ
3458 4805 3542 4872 τις

1972 4889 2103 4961 ἡμῖν
2138 4871 2308 4939 ταῦτα
2342 4882 2632 4953 προτείνοι.
2669 4878 2825 4934 Οὕτω
2867 4877 2981 4947 γὰρ
3016 4876 3106 4928 τὸν
3134 4872 3353 4961 τούτων*
3380 4871 3543 4961 ἐκϐα-

1970 4954 2152 5034 λόντες
2186 4968 2387 5038 ἔρωτα,
2410 4964 2501 5019 τὸν
2530 4963 2671 5019 θεῖον
2700 4962 2906 5038 ἐκεῖνον
2935 4958 3148 5028 ἐξομεν,
3181 4956 3277 5009 καὶ
3293 4955 3393 5024 τῆς
3413 4954 3543 5007 ἀθα-

1972 5053 2130 5108 νάτου
2163 5036 2321 5119 δόξης
2351 5048 2727 5116 ἀπολαύσομεν
2748 5056 2762 5070 ⁸
2801 5036 2870 5112 ἦς
2906 5041 3116 5092 γένοιτο
3165 5039 3371 5099 πάντας
3396 5038 3542 5108 ἡμᾶς

1973 5138 2270 5208 ἐπιτυχεῖν,
2307 5133 2488 5204 χάριτι
2514 5133 2609 5184 καὶ
2627 5124 3006 5208 φιλανθρωπίᾳ
3036 5121 3363 5208 τοῦῌΚυρίου
3389 5119 3543 5208 μῶν

1985 5203 2167 5292 Ἰησοῦ.
2205 5203 2464 5288 Χριστοῦ,
2510 5213 2628 5285 μεθ’
2674 5205 2734 5265 οὕ
2768 5208 2836 5265 :5
2887 5206 3082 5278 Πατρὶ,
3126 5205 3242 5276 ἅμα
3278 5204 3355 5275 τῷ
3403 5203 3543 5292 ἁγίιρ

1974 5286 2267 5375 Πνεύματιί
2291 5298 2434 5364 δόξα,
2479 5296 2698 5369 κράτος,
2738 5309 2891 5362 οιρη,
2934 5288 3021 5345 νῦν
3068 5289 3162 5342 καὶ
3195 5288 3301 5352 ἀεὶ,
3342 5287 3433 5339 καὶ
3464 5286 3543 5348 εἰς

1972 5389 2097 5454 τοὺς
2119 5386 2319 5448 αἰῶνας
2350 5381 2458 5436 τῶν
2490 5377 2716 5434 αἰώνων.
2776 5377 2920 5430 Anim
2947 5414 2960 5427 .
