3954 6130
417 297 483 353 17
1176 296 1235 353 S.
1269 296 1552 354 JOANNIS
1588 295 2077 354 CHRYSOSTOMI
2101 297 2441 367 ,ARCHIEP.
2483 298 3028 360 CONSTANTINOP.
3583 306 3653 362 18

403 433 407 439 .
435 423 1972 444 _——_——-——_———u——

2076 434 3610 458 Μ

1893 513 2136 566 ΟΜΙΛΙΑ
2173 510 2250 570 Β’.

415 603 767 672 Εὐχάριστῶ
796 604 874 670 τῷ
901 605 1021 671 Θεῷ
1049 624 1169 675 μου
1204 606 1460 660 πάντοτε
1491 606 1624 675 περὶ
1653 605 1820 674 ὑμῶν
1838 645 1853 669 ,
1881 603 1980 658 ἐπὶ

487 684 561 754 τῇ
589 686 778 756 χάριτι
807 687 910 742 τοῦ
943 690 1090 744 Θεοῦ
1118 689 1193 760 τῇ
1218 691 1463 760 δοθείσῃ
1490 691 1634 760 ὑμῖν
1658 691 1728 744 ἐν
1754 689 1986 758 Χριστῷ

500 769 692 836 Ἰησοῦ
734 785 748 800 °
787 770 874 824 ὅτι
915 772 985 825 ἐν
1021 773 1199 826 παντὶ
1244 773 1680 841 ἐπλουτίσθητε
1709 773 1777 826 ἐν
1804 770 1984 836 αὐτῷ.

483 858 555 907 α.’
589 855 653 906 Ὃ
681 856 793 918 τοῖς
818 855 995 919 ἄλλοις
1025 859 1281 927 παραινεῖ
1311 858 1504 920 ποιεῖν,
1526 857 1720 925 λέγων,
1757 856 1859 909 Ἐν
1885 856 1984 908 εὐο

414 938 688 1006 χαριστίᾳ
707 941 777 993 τὰ
808 939 1099 1009 αἰτήματα
1129 940 1296 1010 ὑμῶν
1321 940 1684 1013 γνωριζέσθω
1709 939 1857 1008 πρὸς
1882 938 1987 992 τὸν

416 1020 583 1086 Θεὸν,
615 1021 774 1076 τοῦτο
806 1025 900 1077 καὶ
927 1025 1088 1089 αὐτὸς
1127 1026 1384 1097 ἔπραττε,
1407 1026 1672 1080 διδάσκων
1697 1026 1842 1095 ἡμᾶς
1881 1023 1987 1077 ἀπὸ

411 1103 616 1159 τούτων
639 1106 902 1177 ἄρχεσθαι
928 1109 1036 1161 τῶν
1065 1110 1240 1179 λόγων
1263 1111 1367 1175 ἀεὶ,
1395 1112 1490 1164 καὶ
1514 1111 1618 1181 πρὸ
1648 1108 1716 1164 πί
1727 1127 1865 1162 ντων
1897 1109 1982 1162 εὐ-

412 1191 691 1257 χαριστεῖν
719 1189 796 1259 τῷ
818 1191 955 1259 Θεῷ.
986 1193 1150 1245 Οὐδὲν
1173 1193 1280 1264 7&9
1303 1192 1446 1246 οὕτω
1466 1193 1540 1263 τῷ
1562 1192 1678 1264 Θεῴ
1709 1193 1880 1260 φίλον,
1909 1192 1984 1254 ῶς

413 1270 474 1323 τὸ
502 1272 862 1343 εὐχαρίστους
891 1269 1050 1336 εἶναι,
1076 1276 1170 1328 καὶ
1202 1277 1339 1347 ὑπὲρ
1363 1277 1571 1330 ἑαυτῶν
1601 1277 1695 1330 καὶ
1724 1277 1862 1347 ὑπὲρ
1888 1276 1982 1330 ἆλ-

413 1353 539 1410 λων.
563 1355 657 1409 Διὸ
681 1356 778 1410 καὶ
796 1357 975 1428 πάσης
997 1359 1181 1429 σχεδὸν
1210 1360 1526 1430 Ἐπιστολῆς
1552 1360 1707 1414 τοῦτο
1732 1359 1985 1430 προτίθη-

418 1454 501 1491 σιν
523 1456 538 1469 ·
567 1440 800 1495 ἐνταῦθα
826 1441 882 1494 δέ
914 1443 1008 1496 καὶ
1045 1444 1467 1515 ἀναγκαιότερον
1498 1444 1530 1516 ἢ
1571 1446 1628 1496 ἐν
1655 1447 1772 1508 ταῖς
1797 1443 1980 1505 ἄλλαις

413 1521 545 1574 αὐτὸ
575 1524 824 1594 πράττει.
866 1525 923 1579 Ὀ
956 1527 1062 1597 γὰρ
1086 1528 1446 1598 εὐχαριστῶν,
1477 1530 1568 1581 καὶ
1599 1528 1671 1592 ὡς
1705 1525 1763 1580 εὖ
1797 1525 1982 1581 παθὼν

411 1602 742 1674 εὐχαριστεῖ.
778 1608 873 1660 καὶ
921 1609 1012 1661 ἐπὶ
1057 1610 1240 1681 χάριτι
1274 1611 1584 1680 εὐχαριστεῖ
1617 1628 1625 1638 ’
1667 1612 1699 1680 ή
1731 1611 1785 1662 δὲ
1825 1609 1982 1679 χάρις

410 1685 511 1740 οὐκ
541 1687 728 1759 όφειλὴ
757 1691 877 1743 οὐδὲ
916 1691 1116 1763 ἀμοιϐὴ
1161 1693 1282 1746 οὐδὲ
1323 1694 1616 1756 ἀντίδοσιςο
1651 1693 1679 1745 ὃ
1709 1689 1979 1761 πανταχοῦ

411 1769 511 1840 μὲν
541 1771 833 1838 ἀναγκαῖον
863 1772 1064 1842 λέγειν,
1095 1775 1273 1845 πολλῷ
1291 1776 1346 1828 δὲ
1373 1775 1531 1828 πλέον
1561 1776 1652 1828 ἐπὶ
1680 1775 1980 1845 Κορινθίων

405 1852 514 1907 τῶν
543 1856 848 1924 κεχηνότων
879 1859 1013 1927 πρὸς
1051 1860 1176 1922 τοὺς
1216 1860 1570 1928 διατεμόντας
1612 1862 1711 1929 τὴν
1747 1860 1976 1931 Ἐκκλη-

407 1937 545 1993 σίαν.
587 1937 668 2003 Τῷ
697 1940 816 2006 Θεῷ
849 1960 987 2010 μου.
1040 1944 1174 1996 Ἀπὸ
1216 1943 1419 2014 πολλῆς
1448 1947 1546 2015 τῆς
1589 1943 1878 2006 διαθέσεως
1918 1944 1977 1998 τὸ

403 2020 579 2073 κοινὸν
621 2023 854 2092 ἁρπάζει
902 2026 996 2078 καὶ
1048 2025 1415 2090 ίδιοποιεῖται,
1465 2027 1494 2080 δ
1538 2028 1630 2080 καὶ
1672 2029 1975 2096 προφήταις

402 2102 521 2168 ἔθος
553 2106 639 2158 ἀεὶ
659 2105 838 2175 λέγειν
865 2124 878 2136 ·
926 2109 978 2160 Ὀ
1011 2108 1173 2174 Θεὸς,
1208 2112 1242 2163 ό
1275 2112 1420 2174 Θεός
1445 2127 1581 2179 μου.
1613 2112 1722 2164 Καὶ
1752 2114 1832 2173 εἰς
1853 2129 1977 2180 προ-

400 2189 605 2259 τροπὴν
628 2190 823 2253 αὐτοὺς
858 2191 1040 2260 ἐνάγει
1062 2204 1088 2231 ε
1115 2191 1207 2244 τοῦ
1239 2193 1332 2245 καὶ
1365 2193 1559 2254 αὐτοὺς
1590 2192 1747 2245 τοῦτο
1779 2194 1973 2260 λέγειν.

409 2271 469 2324 '0
513 2271 622 2342 7&9
668 2270 810 2325 οὕτω
855 2272 1048 2340 λέγων,
1085 2273 1190 2326 ἀπὸ
1221 2275 1437 2327 πάντων
1482 2275 1588 2326 τῶν
1624 2275 1976 2348 ἀνθρωπίνων

400 2355 693 2426 ἀναχωρεῖ,
729 2355 822 2408 καὶ
863 2357 1031 2425 χωρεῖ
1061 2356 1195 2425 πρὸς
1223 2357 1450 2416 ἐκεῖνον.
1493 2357 1548 2411 ὃν
1591 2358 1730 2428 μετά
1777 2359 1976 2430 πολλῆς

400 2436 557 2490 καλεῖ
586 2437 687 2507 τῆς
718 2437 1031 2501 διαθέσεως.
1058 2439 1227 2492 Τοῦτο
1259 2439 1367 2510 7&9
1397 2439 1620 2495 δύναται
1645 2441 1820 2509 λέγειν
1844 2459 1976 2514 γνη-

401 2520 533 2584 σίως
569 2523 597 2575 ὁ
643 2522 750 2575 ἀπὸ
779 2521 886 2575 τῶν
932 2522 1198 2592 βιωτικῶν
1244 2523 1548 2577 ἀναϐαίνων
1591 2525 1679 2578 ἀεὶ
1713 2526 1848 2595 πρὸς
1887 2526 1976 2579 τὸν

400 2604 550 2672 Θεὸν,
580 2607 673 2660 καὶ
697 2607 949 2661 ἁπάντων
979 2608 1137 2660 αὐτὸν
1168 2608 1444 2678 προτιθεὶς
1470 2609 1719 2677 πάντοτε,
1756 2611 1850 2664 καὶ
1883 2611 1974 2664 εὐ-

399 2689 674 2760 χαριστῶν
692 2690 975 2762 διηνεκῶς,
1001 2691 1098 2760 οὐχ
1122 2691 1261 2762 ὑπὲρ
1287 2691 1386 2762 τῆς
1417 2692 1516 2764 ιἤδη
1545 2693 1792 2766 δοθείσης
1822 2696 1976 2766 χάρι-

399 2789 514 2839 τος,
541 2773 656 2827 ἀλλ’
680 2773 735 2826 εί
761 2775 892 2828 ποτέ
929 2792 979 2828 τι
1007 2775 1102 2828 καὶ
1149 2775 1287 2845 μετά
1330 2775 1504 2830 ταῦτα
1527 2777 1732 2846 ἀγαθὸν
1763 2779 1974 2848 γέγονε,

401 2857 496 2910 καὶ
525 2857 664 2928 ὑπὲρ
681 2857 873 2911 τούτου
899 2859 997 2928 τὴν
1025 2859 1194 2931 αὐτὴν
1221 2861 1480 2933 ἀναφέρει
1506 2862 1782 2934 εὐφημίαν
1805 2863 1971 2935 αὐτῷ.

399 2940 500 2994 Διά
521 2941 679 2993 τοῦτο
705 2941 803 3012 οὐχ
831 2941 1016 3006 ἁπλῶς
1043 2937 1214 3010 εἶπεν,
1246 2945 1595 3016 Εὐχαριστῶ,
1623 2947 1780 3010 ἀλλά,
1816 2948 1974 3002 Πάν·

399 3039 536 3076 τοτε
561 3022 713 3090 ὑπὲρ
747 3022 932 3092 ὑμῶν,
983 3025 1250 3080 παιδεύων
1281 3027 1478 3092 αὐτοὺς
1521 3029 1614 3084 κα)⁸
1658 3031 1746 3083 ἀεὶ
1777 3030 1974 3085 ειδέναι

398 3106 578 3179 χάριν,
612 3107 707 3160 καὶ
755 3107 944 3178 μηδενὶ
987 3110 1157 3180 ἑτέρῳ
1184 3108 1284 3182 [9],
1325 3111 1440 3164 ἀλλ’
1473 3112 1506 3184 ἢ
1534 3111 1612 3184 τῷ
1639 3112 1758 3183 Θεῷ
1792 3115 1971 3184 μόνον.

412 3187 544 3244 Ἐπί
585 3189 660 3260 τῇ
691 3190 888 3260 χάριτι
930 3193 1036 3248 τοῦ
1069 3194 1236 3248 Θεοῦ.
1290 3197 1453 3267 Ὁρᾷς
1491 3197 1608 3261 πῶς
1638 3199 1975 3270 πανταχόθεν

397 3275 595 3338 αὐτοὺς
623 3275 926 3347 διορθοῦται
953 3293 968 3342 ;
1009 3277 1178 3331 Ἔνθα
1201 3277 1310 3351 7&9
1339 3281 1498 3352 χάρις
1527 3283 1698 3350 ἐστὶν,
1718 3283 1856 3354 ἔργα
1873 3287 1974 3340 οὐκ

396 3355 545 3410 ἔστιν
570 3372 584 3386 '
617 3357 746 3411 ἔνθα
773 3357 929 3430 ἔργα,
962 3359 1143 3413 οὐκέτι
1166 3362 1326 3432 χάρις
1361 3363 1529 3417 ἐστίν.
1563 3366 1626 3417 Et
1665 3367 1845 3420 τοίνυν
1871 3369 1971 3437 χά-

399 3455 501 3510 ρις,
525 3440 579 3493 τί
606 3441 750 3512 μέγα
778 3444 1053 3512 φρονεῖτε;
1085 3444 1246 3498 πόθεν
1275 3449 1682 3519 πεφυσιωμένοι
1709 3452 1860 3519 ἐστέ;
1894 3452 1972 3521 Τῇ

393 3525 641 3597 δοθείσῃ
685 3527 851 3598 ὑμῖν.
897 3529 1007 3582 Καὶ
1047 3530 1135 3584 διὰ
1168 3530 1312 3596 τίνος
1341 3532 1532 3605 ἐδόθη;
1574 3530 1682 3606 ἆρα
1714 3536 1783 3589 δι’
1811 3537 1968 3608 ἐμοῦ,

393 3610 428 3686 ἢ
463 3616 529 3671 δι’
564 3616 749 3688 ἐτέρου
798 3619 1130 3684 ἀποστόλους
1176 3621 1462 3691 Οὐδαμῶς,
1502 3622 1637 3677 ἀλλά
1666 3624 1752 3679 διὰ
1798 3626 1970 3698 Ἰησοῦ

393 3699 628 3769 Χριστοῦ
653 3717 668 3730 ’
697 3701 756 3754 τὺ
793 3701 924 3772 7&9,
963 3703 1067 3756 Ἐν
1093 3703 1325 3771 Χριστῷ
1359 3705 1584 3772 Ἰησοῦ,
1617 3707 1774 3761 τοῦτό
1798 3709 1968 3764 ἐστιν.

397 3783 539 3854 Ὅρα
567 3783 685 3845 πῶς
715 3784 985 3854 πολλαχοῦ
1014 3786 1074 3838 τὸ
1099 3826 1114 3848 ,
1153 3787 1242 3852 ἐν,
1277 3788 1398 3840 ἀντὶ
1425 3789 1543 3854 τοῦ,
1569 3790 1644 3843 δι’
1677 3788 1773 3856 οὗ,
1801 3794 1966 3848 ἐστίν.

395 3866 510 3919 Οὐκ
551 3868 660 3936 ἄρα
709 3866 931 3920 ἔλαττον
983 3867 1141 3922 τοῦτο
1190 3869 1306 3931 τοῦ,
1357 3869 1474 3924 διά.
1509 3872 1639 3925 ’Ὅτι
1685 3875 1755 3926 ἐν
1792 3878 1970 3930 παντὶ

391 3948 855 4016 ἐπλουτίσθητε.
904 3949 1072 4004 Πάλιν
1111 3951 1202 4004 διὰ
1241 3951 1420 4017 τίνος;
1471 3954 1559 4006 Ἐν
1597 3955 1767 4026 αὐτῷ,
1819 3959 1968 4029 φησί.

395 4032 507 4084 Καὶ
533 4031 630 4100 οὐχ
659 4031 848 4095 ἁπλῶς
885 4032 1293 4105 ἐπλουτίσθητε,
1314 4034 1450 4089 ἀλλά
1487 4037 1580 4090 καὶ
1634 4039 1737 4092 Ἐν
1768 4043 1968 4097 παντί.

399 4113 567 4166 Ὅταν
591 4109 684 4168 οῦν
713 4115 807 4168 καὶ
845 4114 1072 4180 πλοῦτος
1102 4112 1159 4191 ᾖ,
1202 4118 1295 4172 καὶ
1321 4118 1455 4173 Θεοῦ
1490 4120 1740 4187 πλοῦτος,
1780 4126 1874 4178 καὶ
1915 4127 1972 4178 ἐν

395 4197 579 4263 παντὶ,
612 4198 704 4251 καὶ
725 4198 815 4252 διὰ
841 4199 933 4253 τοῦ
971 4201 1329 4271 Μονογενοῦς,
1365 4204 1618 4276 ἐννόησον
1647 4207 1737 4261 τὸν
1767 4209 1971 4279 ἄφατον

395 4281 686 4367 θησαυρόν.
725 4283 829 4337 Ἔν
850 4285 1030 4338 παντὶ
1054 4287 1213 4356 λόγῳ
1234 4287 1330 4340 καί
1355 4287 1521 4358 πάσῃ
1547 4290 1780 4360 γνώσει.
1812 4295 1971 4367 Λόγῳ

393 4367 454 4419 οὐ
486 4366 562 4437 τῷ
588 4364 804 4434 ἔξωθεν,
831 4369 967 4423 άλλά
1004 4369 1083 4441 τῷ
1112 4371 1204 4425 τοῦ
1245 4371 1398 4426 Θεοῦ.
1441 4375 1594 4428 Ἔστι
1635 4375 1743 4448 7&9
1771 4364 1970 4446 γνῶσις

393 4449 550 4536 λόγου
587 4453 778 4523 χωρὶς,
813 4456 905 4508 καὶ
948 4453 1062 4508 ἐστι
1087 4457 1286 4524 γνῶσις
1323 4458 1459 4528 μετά
1499 4458 1680 4527 λόγου.
1717 4463 1826 4516 Καὶ
1860 4464 1968 4536 7&9

393 4535 500 4614 5:0:
530 4535 715 4588 πολλοὶ
737 4536 939 4604 γνῶσιν
963 4537 1061 4606 μὲν
1087 4539 1318 4608 ἔχοντες,
1349 4540 1506 4608 λόγον
1527 4541 1581 4593 δέ
1602 4543 1701 4596 οὐκ
1731 4535 1966 4614 ἔχοντες,

391 4611 505 4669 οἷον
535 4618 584 4671 οἱ
610 4617 834 4683 ἰδιῶται,
859 4621 952 4673 καὶ
979 4621 1053 4692 μὴ
1091 4621 1376 4692 δυνάμενοι
1411 4611 1968 4698 παραστῆσαισαφῶς

392 4701 535 4775 ἅπερ
580 4703 794 4774 ἔχουσιν
827 4705 885 4756 ἐν
913 4704 1139 4775 διανοίᾳ.
1192 4707 1330 4759 Ἀλλ’
1369 4708 1467 4778 οὐχ
1517 4709 1675 4778 ὑμεῖς
1714 4713 1962 4778 τοιοῦτοι,

393 4788 580 4859 φησὶν,
623 4788 760 4850 ἀλλά
789 4789 883 4842 καὶ
909 4791 1095 4859 νοῆσαι
1115 4792 1207 4844 καὶ
1241 4794 1415 4854 εἰπεῖν
1442 4794 1632 4849 ἱκανοί.
1666 4797 1866 4862 Καθὼς
1902 4798 1970 4852 τὸ

387 4871 718 4940 μαρτύριον
758 4871 867 4925 τοῦ
913 4872 1170 4940 Χριστοῦ
1214 4874 1528 4943 ἐϐεϐαιώθη
1562 4878 1626 4931 ἐν
1666 4879 1827 4948 ὑμῖν.
1882 4881 1968 4934 Ἐν

392 4955 544 5023 τάξει
581 4956 819 5010 ἐπαίνων
849 4957 943 5009 καὶ
973 4957 1320 5026 εὐχαριστίας
1365 4960 1564 5030 σφόδρα
1613 4963 1794 5017 αὐτῶν
1834 4965 1968 5019 καθ-

391 5039 644 5094 άπτεται.
677 5039 751 5094 Οὐ
783 5039 891 5112 γάρ
928 5040 1017 5093 διὰ
1043 5041 1144 5111 τῆς
1182 5040 1380 5106 ἔξωθεν
1405 5043 1740 5114 φιλοσοφίας,
1779 5049 1964 5120 φησὶν,

390 5120 511 5174 οὐδὲ
538 5121 627 5205 διά
658 5123 770 5205 τῆς,
792 5123 988 5189 ἔξωθεν
1014 5123 1373 5190 παιδεύσεως,
1405 5127 1538 5180 ἀλλὰ
1565 5129 1651 5183 διά
1680 5132 1778 5200 τῆς
1809 5133 1966 5205 χάρι-

391 5219 483 5267 τος
519 5202 614 5256 τοῦ
651 5203 808 5267 Θεοῦ,
844 5208 936 5260 καὶ
969 5207 1060 5261 τοῦ
1087 5207 1316 5262 πλούτου
1343 5209 1437 5262 καὶ
1465 5213 1561 5282 τῆς
1588 5213 1844 5281 γνώσεως
1871 5202 1965 5271 καὶ

389 5287 488 5342 τοῦ
521 5287 676 5357 λόγου
705 5289 799 5342 τοῦ
835 5292 964 5362 παρ’
989 5293 1153 5346 αὐτοῦ
1174 5293 1416 5358 δοθέντος
1442 5296 1741 5369 ἠδυνήθητε
1775 5301 1964 5370 μαθεῖν

390 5370 460 5425 τὰ
502 5371 598 5442 τῆς
641 5373 896 5445 ἀληθείας
948 5376 1190 5447 δόγματα
1251 5381 1340 5432 καί
1387 5379 1745 5450 βεϐαιωθῆναι
1785 5387 1864 5450 είς
1905 5388 1964 5440 τὸ

396 5455 698 5526 μαρτύριον
729 5459 823 5511 τοῦ
857 5459 1087 5530 Κυρίου,
1136 5460 1430 5526 τουτέστιν,
1473 5465 1550 5528 είς
1583 5466 1644 5518 τὸ
1680 5468 1962 5540 κήρυγμα.

394 5539 611 5594 Πολλῶν
644 5543 751 5614 7&9
804 5543 1146 5598 ἀπελαύσατε
1191 5546 1454 5614 σημείων,
1496 5549 1706 5603 πολλῶν
1750 5539 1962 5625 θαυμάο

393 5641 520 5692 των,
560 5629 767 5698 ἀφάτου
792 5631 1030 5700 χάριτος,
1058 5628 1197 5683 ὥστε
1220 5629 1474 5696 δέξασθαι
1505 5632 1565 5686 τὸ
1593 5635 1874 5708 κήρυγμα.
1901 5640 1962 5692 El

392 5710 570 5762 τοίνυν
604 5713 967 5784 ὲϐεϐαιώθητε
1001 5714 1088 5767 διά
1121 5715 1362 5785 σημείων
1395 5717 1490 5770 καὶ
1526 5719 1746 5792 χάριτος
1768 5763 1782 5788 ,
1819 5723 1963 5788 τίνος

393 5795 578 5849 ἕνεκεν
607 5799 1052 5870 παρασαλεύεσθε
1079 5817 1092 5865 ;
1121 5799 1302 5855 Ταῦτα
1332 5801 1386 5855 δὲ
1407 5805 1540 5875 ὁμοῦ
1571 5804 1664 5860 καὶ
1689 5807 1960 5865 καθαπτο-

457 5947 472 5970 ⁶
499 5948 617 6010 Alii,
643 5953 818 6015 ἀνάγει.

2091 606 2272 675 μένου,
2313 607 2407 660 καὶ
2433 607 3047 678 προκαταλαμϐάνοντος
3079 608 3276 672 αὐτούς
3311 611 3426 662 ἐστι
3455 610 3522 662 τά
3559 614 3657 682 ρή..

2088 708 2252 760 ματα.
2289 692 2465 744 ’Ὥστε
2499 691 2655 760 ὑμᾶς
2675 692 2761 760 μὴ
2795 692 3172 760 ὑστερεῖσθαι
3201 693 3270 744 ἐν
3292 692 3509 760 μηδενὶ
3545 712 3655 764 χα-

2077 774 2342 842 ρίσματι.
2359 775 2517 844 Μέγα
2545 775 2779 829 ἐνταῦθα
2797 774 3037 845 ζητεῖται
3056 793 3068 805 ·
3094 777 3141 829 εί
3166 775 3217 828 οἱ
3241 775 3654 839 πλουτισθέντες

2085 857 2141 909 ἐν
2167 858 2328 910 παντὶ
2366 857 2528 928 λόγῳ,
2547 857 2633 923 θὼς
2671 859 2836 929 μηδὲν
2873 858 3215 928 ὑστερεῖσθαι
3244 859 3301 912 ἐν
3335 859 3523 931 μηδενὶ
3555 879 3649 931 χα-

2086 939 2329 1010 ρίσματι,
2365 943 2484 1005 πῶς
2517 936 2662 996 οὗτοι
2697 941 2949 1014 σαρκικοί
2978 943 3134 996 εἰσιν.
3161 943 3222 995 EE
3247 942 3355 1012 7&9
3384 942 3536 1013 παρά
3554 943 3656 1014 τὴν.

2083 1022 2257 1092 ἀρχὴν
2275 1023 2504 1076 τοιοῦτοι
2529 1020 2687 1096 ἦσαν,
2715 1025 2894 1095 πολλῷ
2920 1025 3117 1095 μᾶλλον
3140 1025 3255 1078 νῦν.
3281 1027 3404 1089 Πῶς
3435 1023 3527 1078 οὖν
3549 1027 3618 1079 αὐ
3635 1055 3651 1067 -

2082 1106 2207 1168 τοὺς
2245 1108 2539 1176 σαρκικοὺς
2568 1107 2757 1175 καλεῖ;
2795 1111 2876 1163 Οὐ
2905 1107 3016 1178 τὰρ
3045 1107 3359 1177 ἠδυνήθην
3383 1110 3524 1178 ὑμῖν
3547 1114 3651 1164 1a-

2093 1187 2289 1256 λῆσαι,
2323 1191 2505 1260 φησιν,
2553 1191 2632 1257 ὡς
2668 1193 3107 1261 πνευματικοῖς,
3137 1193 3275 1247 ἀλλ’
3319 1193 3399 1259 ὠς
3443 1209 3647 1261 σαρκι-

2084 1270 2233 1337 κοῖς.
2268 1272 2331 1324 Τί
2361 1269 2452 1328 οὖν
2492 1273 2640 1328 ἐστιν
2672 1277 2844 1328 εἰπεῖν
2864 1293 2879 1341 ;
2903 1276 3026 1329 ’Ὀτι
3055 1276 3205 1348 παρά
3227 1274 3324 1346 τὴν
3363 1275 3537 1346 ἀρχὴν
3563 1293 3648 1329 πι-

2085 1354 2422 1421 στεύσαντες,
2446 1357 2541 1410 καὶ
2581 1357 2845 1411 παντοίων
2868 1359 2896 1398 ι)
2917 1360 3263 1428 ἐπιτυχόντες
3295 1359 3648 1429 χαρισμάτων

2085 1433 2202 1506 (καὶ
2228 1439 2334 1509 7&9
2363 1440 2587 1510 ἐζήλουν
2618 1441 2798 1512 αὐτὰ),
2831 1441 3057 1512 ὕστερον
3100 1442 3458 1513 ῥᾳθυμότεροι
3493 1445 3648 1511 γεγό-

2083 1537 2235 1574 νασιν
2392 1527 2440 1577 εί
2481 1525 2555 1594 μὴ
2591 1525 2767 1590 τοῦτο,
2818 1526 2899 1580 ὅτι
2949 1528 3010 1579 οὐ
3056 1527 3193 1598 πρὸς
3231 1526 3477 1590 ἅπαντας
3524 1526 3648 1581 οὐτε

2081 1603 2249 1657 ταῦτα
2274 1605 2396 1659 οὔτε
2439 1607 2620 1661 ἐκεῖνα
2661 1608 2905 1676 λέγεται·
2938 1609 3074 1662 ἀλλά
3102 1609 3170 1662 τὰ
3211 1609 3309 1680 μὲν
3360 1610 3495 1681 πρὸς
3522 1611 3650 1674 τοὺς

2082 1686 2414 1753 ὑπευθύνους
2440 1693 2556 1754 ταῖς
2595 1693 2974 1762 κατηγορίαις,
3020 1692 3088 1746 τὰ
3125 1692 3180 1745 δέ
3223 1693 3358 1764 πρὸς
3390 1693 3514 1756 τοὺς
3555 1710 3648 1746 κο-

2083 1770 2297 1840 μῶντας
2322 1777 2436 1837 τοῖς
2454 1775 2716 1838 ἐπαίνοις.
2743 1777 2865 1828 Ὅτι
2899 1775 3007 1847 7&9
3034 1772 3177 1846 εἶχον
3200 1775 3278 1829 ἔτι
3309 1776 3646 1846 χαρίσματα,

2085 1857 2333 1924 Ψαλμόν
2361 1875 2452 1924 τις
2479 1857 2624 1928 ἔχει,
2655 1859 2836 1928 φησὶν,
2859 1859 3252 1928 ἀποκάλυψιν
3275 1859 3422 1930 ἔχει,
3449 1859 3646 1929 γλῶσ-

2078 1959 2198 1998 σαν
2220 1948 2363 2013 ἔχει,
2394 1947 2718 2015 ἑρμηνείαν
2737 1946 2861 2016 ἔχει
2882 1961 2894 1974 ·
2923 1945 3120 2000 πάντα
3147 1947 3297 2015 πρὸς
3325 1946 3648 2014 οἰκοδομὴν

2078 2029 2332 2096 γινέσθω
2357 2045 2369 2058 ·
2395 2029 2508 2094 καὶ,
2535 2029 2839 2098 Προφῆται
2872 2028 2940 2082 δὲ
2975 2029 3083 2083 δύο
3118 2030 3156 2098 ἢ
3184 2029 3339 2095 τρεῖς
3366 2029 3650 2083 λαλείτω-

2077 2125 2216 2164 σαν.
2256 2113 2409 2166 Ἔστι
2444 2113 2500 2166 δὲ
2542 2115 2636 2166 καὶ
2669 2113 2854 2182 ἕτερόν
2885 2131 2937 2167 τι
2976 2115 3168 2178 εἰπεῖν,
3199 2114 3280 2166 ὅτι
3311 2112 3504 2183 ὥσπερ
3529 2111 3648 2174 ἔθος

2076 2197 2208 2265 ἡμῖν
2235 2196 2411 2262 λέγειν
2432 2197 2491 2250 τὸ
2518 2197 2676 2250 πλέον
2699 2198 2861 2256 ἅπαν.
2896 2195 3037 2250 οὕτω
3067 2199 3158 2250 καὶ
3178 2196 3410 2250 ἐνταῦθα
3435 2197 3646 2268 εἴρηκε.

2077 2280 2232 2332 Μετά
2268 2281 2326 2333 δὲ
2351 2283 2556 2334 τούτων
2591 2279 2744 2352 οἶμαι
2773 2283 2868 2337 καὶ
2893 2283 2954 2335 τὸ
2979 2282 3172 2336 ἐαυτοῦ
3215 2281 3375 2334 αὐτὸν
3411 2281 3649 2334 αἰνίττε-

2079 2363 2222 2426 σθαι,
2254 2365 2332 2418 ὅτι
2376 2366 2470 2419 καὶ
2511 2367 2670 2430 αὐτὸς
2705 2365 2775 2420 τὰ
2810 2369 3010 2439 σημεῖα
3041 2366 3370 2432 ἐπεδείξατο,
3397 2365 3649 2436 καθάπερ

2075 2447 2168 2500 καὶ
2196 2449 2253 2501 ἐν
2287 2450 2349 2520 τῇ
2384 2448 2606 2521 δευτέρᾳ
2637 2449 2772 2520 πρὸς
2810 2451 3004 2514 αὐτοὺς
3031 2449 3314 2520 Ἐπιστολῇ
3348 2449 3532 2516 λέγει·
3572 2449 3650 2502 Τὰ

2070 2529 2276 2598 μέντοι
2323 2531 2540 2602 σημεῖα
2587 2533 2693 2587 τοῦ
2746 2533 3096 2588 ἀποστόλου
3139 2531 3534 2600 κατειργάσθη
3579 2532 3650 2586 ἐν

2073 2613 2303 2682 ὑμῖνέν
2326 2615 2493 2685 πάσῃ
2525 2615 2804 2686 ὑπομονῇ
2828 2633 2841 2647 ο
2880 2617 2974 2670 καὶ
3005 2615 3186 2679 πάλιν,
3225 2615 3290 2668 Τί
3326 2614 3436 2684 γάρ
3475 2615 3650 2668 ἐστιν

2073 2696 2105 2750 ὂ
2144 2699 2442 2766 ἡττήθητε
2487 2698 2640 2767 ὑπὲρ
2681 2699 2788 2764 τὰς
2824 2699 3042 2764 λοιπὰς
3094 2699 3498 2764 Ἐκκλησίας;
3553 2697 3646 2762 Ἦ,

2076 2779 2190 2852 [10]
2213 2781 2349 2852 ὅπερ
2373 2781 2528 2854 ἔφην,
2559 2783 2653 2836 καὶ
2678 2782 2784 2836 τῶν
2815 2782 3009 2836 ἐαυτοῦ
3045 2782 3469 2854 ἀναμιμνήσκει,
3495 2782 3528 2853 ἦ
3555 2781 3648 2835 καὶ

2073 2863 2208 2935 πρὸς
2237 2867 2361 2929 τοὺς
2389 2865 2468 2918 ἔτι
2489 2866 2646 2930 ὄντας
2666 2866 2917 2938 δοκίμους
2937 2865 3108 2920 ταῦτα
3131 2865 3301 2934 λέγει.
3330 2860 3512 2918 *Ησαν
3539 2865 3647 2936 γὰρ

2073 2949 2257 3001 πολλοὶ
2296 2949 2439 3018 ἅγιοι
2478 2951 2675 3017 ἐκεῖσε,
2710 2950 2906 3013 οἵτινες
2949 2951 3044 3004 καὶ
3077 2949 3271 3016 ἔταξαν
3299 2949 3526 3012 ἑαυτοὺς
3565 2950 3646 3011 5!;

2071 3031 2343 3086 διακονίαν
2388 3031 2494 3085 τῶν
2546 3032 2735 3100 ἁγίων,
2786 3033 2882 3086 καὶ
2943 3032 3166 3106 ἀπαρχὴ
3230 3031 3485 3100 γεγόνασι
3548 3030 3650 3099 τῆς

2087 3116 2326 3186 Ἀχαΐας,
2371 3115 2619 3186 καθάπερ
2653 3116 2787 3188 πρὸς
2812 3115 2890 3187 τῷ
2929 3117 3072 3170 τέλει
3115 3116 3282 3184 δηλοῖ.
3317 3113 3528 3176 Ἀλλως
3565 3112 3642 3176 δὲ,

2073 3199 2178 3252 κᾶν
2211 3199 2287 3269 μὴ
2328 3198 2532 3270 σφόδρα
2575 3199 2675 3268 τῆς
2719 3199 2980 3271 ἀληθείας
3031 3201 3259 3271 ἔχωνται
3308 3199 3356 3252 οἱ
3413 3196 3643 3258 ἔπαινοι,

2073 3281 2186 3334 ἀλλ’
2218 3283 2365 3352 ὅμως
2389 3282 2744 3351 οἰκονομικῶς
2776 3283 3047 3352 ἐγκεινται
3081 3279 3549 3354 προοδοποιοῦντες
3568 3278 3645 3348 τῷ

2072 3363 2234 3437 λόγῳ.
2284 3364 2345 3420 Ὀ
2399 3365 2495 3436 μὲν
2541 3365 2649 3437 7&9
2698 3366 2761 3419 ἐκ
2817 3365 3115 3437 προοιμίων
3165 3364 3364 3426 εὐθέως
3415 3362 3647 3434 φορτικά

2072 3447 2460 3520 φθεγγόμενος,
2495 3447 2783 3502 ἀπέκλεισε
2815 3451 2928 3512 τοῖς
2954 3448 3132 3517 λόγοις
3161 3447 3258 3519 τὴν
3295 3447 3464 3516 ἀκοὴν
3495 3445 3646 3516 παρά

2071 3536 2183 3598 τοῖς
2229 3533 2661 3605 ἀσθενεστέροις.
2715 3534 2816 3586 "Av
2860 3551 2919 3586 τε
2969 3533 3075 3604 γὰρ
3121 3532 3373 3603 ὁμότιμοι
3413 3525 3546 3584 ὦσιν
3595 3529 3644 3582 οἱ

2071 3618 2377 3684 ἀκούοντες,
2403 3616 2712 3690 ὀργίζονται
2737 3633 2751 3647 ·
2774 3615 2838 3670 ἄν
2858 3633 2918 3668 τε
2942 3616 3144 3688 σφόδρα
3175 3615 3447 3678 ἐλάττους,
3472 3613 3646 3682 λυπη-

2071 3703 2347 3774 θήσονται.
2380 3701 2478 3754 "Iv‘
2516 3696 2608 3756 οὖν
2647 3701 2720 3771 μὴ
2762 3701 2918 3754 τοῦτο
2942 3699 3188 3771 γένηται,
3220 3699 3325 3752 ἀπὸ
3356 3697 3644 3766 ἐγκωμίων

2069 3787 2364 3842 δοκούντων
2410 3781 2546 3840 εἶναι
2582 3787 2812 3838 ποιεῖται
2857 3783 2953 3854 τὴν
2999 3785 3192 3854 ἀρχήν.
3230 3783 3360 3835 Οὐδὲ
3399 3781 3506 3850 7&9
3557 3782 3646 3848 ἐγ-

2071 3870 2278 3941 κώμιον
2303 3869 2462 3922 τοῦτο
2499 3864 2566 3939 ἦν
2590 3868 2789 3930 αὐτῶν,
2828 3867 2961 3920 ἀλλά
2988 3870 3084 3938 τῆς
3111 3867 3204 3920 τοῦ
3233 3864 3366 3919 Θεοῦ
3389 3866 3608 3936 χάριτος
3626 3880 3641 3896 ο

2070 3957 2131 4008 τὸ
2173 3954 2282 4023 γάρ
2333 3953 2746 4024 ἁμαρτημάτων
2796 3952 3060 4022 ἀφεθῆναι
3107 3951 3202 4004 καὶ
3264 3948 3641 4017 δικαιωθῆναι,

2070 4039 2232 4092 τοῦτο
2255 4039 2354 4109 τῆς
2400 4037 2604 4091 ἄνωθεν
2638 4032 2704 4107 ἦν
2737 4036 2965 4106 δωρεᾶς.
3001 4037 3100 4090 Διά
3123 4053 3203 4088 τοι
3241 4035 3396 4087 τοῦτο
3434 4033 3528 4085 καὶ
3560 4034 3645 4085 5v-

2069 4121 2332 4194 διατρίϐει
2359 4120 2588 4184 τούτοις,
2619 4119 2655 4174 6:
2678 4119 2771 4172 τοῦ
2813 4120 2948 4172 Θεοῦ
2969 4119 3205 4172 δείκνυσι
3233 4117 3327 4189 τὴν
3349 4116 3644 4188 φιλανθρω-

2072 4205 2222 4269 πίαν,
2266 4206 2352 4258 ἵνα
2400 4204 2675 4257 ἐπιπλεῖον
2725 4203 2904 4257 αὐτῶν
2958 4202 3239 4273 ἐκκαθάρῃ
3294 4201 3354 4254 τὸ
3409 4202 3640 4271 νόσημα.

2085 4286 2614 4357 Ἀπεκδεχομένους
2670 4286 2783 4352 τὴν
2837 4286 3232 4354 ἀποκάλυψιν
3273 4283 3380 4337 τοῦ
3420 4284 3641 4351 Κυρίου

2071 4371 2238 4442 ἡμῶν
2288 4372 2489 4439 Ἰησοῦ
2513 4371 2791 4440 Χριστοῦ.
2828 4370 2892 4422 Τί
2923 4368 3260 4439 θορυϐεῖσθε,
3289 4366 3447 4437 φησὶ,
3474 4368 3526 4420 τί
3551 4383 3652 4419 τα-η

2072 4456 2356 4527 ράσσεσθε,
2407 4457 2488 4509 67::
2530 4456 2590 4507 οὐ
2646 4454 2875 4525 πάρεστι
2923 4455 3198 4523 Χριστός;
3243 4453 3483 4520 Πάρεστι
3546 4451 3643 4522 μὲν

2069 4535 2182 4602 οὖν,
2210 4541 2303 4591 καὶ
2332 4541 2365 4608 ἡ
2397 4537 2580 4609 ἡμέρα
2603 4537 2786 4591 λοιπὸν
2821 4539 2914 4591 ἐπὶ
2943 4537 3152 4608 θύραις.
3185 4536 3297 4590 Καὶ
3323 4535 3513 4588 σκόπει
3546 4534 3654 4606 τὴν

2072 4621 2282 4692 σοφίαν,
2314 4620 2429 4684 πῶς
2446 4620 2640 4684 αὐτοὺς
2668 4620 2969 4690 ἀπαγαγὼν
2991 4619 3098 4673 τῶν
3120 4618 3494 4694 ἀνθρωπίνων,
3519 4618 3646 4686 ἐφό-

2069 4705 2234 4776 ϐησεν
2256 4705 2573 4774 ἀναμνήσας
2605 4704 2696 4757 τοῦ
2729 4704 2968 4775 βήματος
3002 4703 3096 4757 τοῦ
3137 4701 3389 4773 φοϐεροῦ,
3424 4703 3518 4756 καὶ
3543 4702 3645 4755 δεί-

2069 4790 2186 4857 ξας,
2220 4790 2303 4842 ὅτι
2338 4789 2397 4841 οὐ
2428 4789 2728 4860 προοιμίων
2756 4789 2835 4842 δεῖ
2867 4790 3024 4859 μόνον
3065 4788 3347 4860 χρηστῶν,
3375 4788 3510 4841 ἀλλά
3547 4788 3644 4842 καὶ

2067 4873 2272 4935 τέλους.
2315 4874 2406 4926 Δεῖ
2434 4873 2539 4943 7&9
2574 4872 2711 4943 μετὰ
2742 4872 2848 4925 τῶν
2883 4872 3237 4944 χαρισμάτων
3267 4870 3494 4936 τούτων,
3545 4871 3641 4924 καὶ

2067 4958 2165 5027 τῆς
2192 4957 2356 5027 ἄλλης
2399 4957 2618 5028 ἀρετῆς,
2662 4957 2760 5027 τὴν
2786 4957 3000 5027 ἡμέραν
3033 4955 3343 5026 ἀναμνῆσαι
3372 4956 3586 5025 ἐκείνην
3619 4968 3634 4981 ’

2069 5040 2163 5094 καὶ
2218 5039 2428 5093 πολλῶν
2468 5040 2626 5112 χρεία
2659 5040 2855 5105 πόνων,
2893 5039 3033 5093 ὥστε
3080 5039 3374 5111 δυνηθῆναι
3412 5039 3546 5110 πρὸς
3577 5037 3654 5091 τὸ.

2065 5123 2217 5185 τέλος
2247 5121 2442 5176 ἐλθεῖν.

2137 5207 2208 5276 β’.
2257 5208 2618 5278 Ἀποκάλυψιν
2649 5209 2705 5261 δὲ
2749 5207 2916 5275 λέγει,
2949 5207 3162 5272 δεικνὺς
3205 5209 3284 5261 ὅτι
3329 5205 3375 5259 εί
3426 5207 3520 5260 καὶ
3562 5204 3657 5276 μὴ,

2065 5292 2279 5363 ὁρᾶται,
2300 5292 2414 5345 ἀλλ’
2439 5292 2575 5355 ἐστι,
2597 5294 2690 5345 καὶ
2707 5293 2938 5363 πάρεστι
2959 5293 3049 5346 καὶ
3072 5293 3186 5356 νῦν,
3205 5291 3298 5346 καὶ
3321 5293 3441 5343 τότε
3464 5290 3650 5360 φανὴ--

2069 5394 2240 5430 σεται.
2284 5377 2592 5448 Ὑπομονῆς
2620 5373 2712 5430 οὖν
2746 5376 2902 5446 χρεία
2922 5395 2936 5408 ο
2968 5376 3056 5429 διά
3085 5376 3240 5428 τοῦτο
3275 5377 3382 5445 γὰρ
3413 5374 3636 5427 ἐλάϐετε

2066 5461 2133 5515 τά
2161 5461 2432 5531 θαύματα,
2458 5463 2543 5514 ἵνα
2571 5460 3041 5531 μείνητεβέϐαιοι.
3078 5463 3176 5527 Ὃς
3200 5459 3297 5514 καί
3317 5459 3633 5524 βεϐαιώσει

2065 5544 2218 5612 ὑμᾶς
2265 5544 2375 5610 ἕως
2432 5543 2645 5606 τέλους
2696 5545 3122 5614 ἀνεγκλήτους.
3181 5542 3442 5596 Ἐνταῦθα
3490 5543 3637 5596 δοκεῖ

2070 5627 2167 5695 μὲν
2195 5627 2392 5689 αὐτοὺς
2423 5626 2766 5697 θεραπεύειν,
2817 5628 2998 5696 πάσης
3033 5626 3089 5678 δέ
3126 5626 3417 5689 κολακείας
3454 5625 3630 5688 ἀπήλ-

2063 5710 2255 5764 λακται
2278 5711 2338 5763 τὸ
2361 5710 2672 5780 λεγόμενον.
2713 5712 2822 5764 Καὶ
2851 5711 2958 5782 7&9
2978 5706 3115 5764 οἶδεν
3144 5711 3324 5764 αὐτῶν
3350 5713 3626 5766 καθάπτε-

2065 5793 2206 5857 σθαι,
2237 5794 2311 5856 ὡς
2332 5795 2456 5848 ὅταν
2488 5793 2620 5868 λέγῃ
2640 5812 2652 5825 ’
2695 5795 2792 5860 Ὠς
2815 5795 2901 5865 μὴ
2919 5793 3241 5863 ἐρχομένου
3266 5793 3332 5846 δέ
3348 5813 3462 5860 μου
3481 5795 3628 5862 πίὸς

2125 5967 2152 6007 δ
2181 5969 2460 6032 Legebantur
2486 5970 2690 6032 πάντων,
2739 5975 2790 6018 et
2842 5981 2973 6028 mox,
3001 5966 3077 6012 καὶ
3114 5964 3197 6026 γὰρ
3223 5963 3491 6019 ἐζηὶοῦντο.
