3954 6130
307 241 380 326 ,ιι
1421 235 1489 292 IN
1525 233 1738 292 EPIST.
1783 233 1823 287 ι.
1866 242 1880 287 Α

1994 230 2147 288 COR.
2191 233 2416 290 HOMIL.
2461 235 2523 290 ΙΙ.
3494 243 3558 299 18

1705 389 2048 454 HOMILIA
2093 394 2170 453 Il.

1658 335 1878 344 m—

307 555 438 607 (Itw.
474 554 522 608 l.
558 567 610 605 v.
643 552 696 606 4.
729 549 931 604 Gratias
954 563 1048 617 ago
1073 549 1183 600 Deo
1211 560 1318 599 meo
1347 559 1542 612 semper
1578 557 1669 609 pro
1696 539 1832 592 vobis
1861 577 1875 601 ,

381 645 446 699 de
466 644 630 716 gratia
669 641 781 706 Dei,
811 656 924 710 qua:
969 639 1088 692 data
1125 646 1196 691 est
1231 637 1367 690 vobis
1395 636 1448 688 in
1489 632 1687 689 Christo
1713 630 1835 684 Iesu
1860 645 1879 683 .'

381 739 434 792 5.
466 737 584 806 quia
612 738 664 788 in
686 735 822 788 omni
854 734 1028 786 divites
1053 731 1175 802 facti
1206 729 1322 783 estis
1342 728 1393 782 in
1413 726 1522 780 illo.

381 831 432 883 l.
475 810 668 882 Gratiae
702 825 810 879 Deo
853 818 1341 895 agenda—Quod
1371 817 1503 871 alios
1538 815 1780 869 hortatur
1823 823 1880 866 ut

308 922 504 978 faciant
523 935 645 974 cum
675 918 804 972 dicit
831 935 843 970 :
873 915 937 969 In
966 916 1245 986 gratiarum
1273 912 1468 964 actione
1508 909 1766 974 petitiones
1791 923 1877 959 ve—

305 1024 424 1067 sme
451 1014 766 1066 innotescunt
788 1007 926 1078 apud
946 1005 1108 1059 Deum
1130 1020 1150 1068 ,'
1179 1003 1280 1057 hoc
1307 1003 1479 1071 ipsum
1511 1000 1599 1053 ille
1630 998 1875 1060 faciebat,

304 1107 504 1159 docens
533 1118 630 1158 nos
653 1101 720 1156 ab
749 1098 1052 1170 hujusmodi
1084 1110 1296 1165 semper
1325 1094 1501 1148 verbis
1529 1092 1766 1158 incipere
1787 1130 1800 1148 ,
1826 1099 1880 1142 et

306 1206 428 1250 ante
465 1195 643 1250 omnia
681 1193 790 1248 Deo
819 1191 1018 1262 gratias
1044 1204 1220 1260 agere.
1252 1186 1397 1240 Nihil
1428 1187 1569 1240 enim
1602 1193 1706 1237 tam
1737 1191 1880 1235 amat

307 1289 470 1355 Deus,
500 1302 660 1358 quam
698 1295 756 1340 ut
784 1293 933 1354 grato
975 1283 1155 1337 animo
1185 1282 1384 1345 simus,
1416 1288 1470 1333 et
1505 1293 1601 1346 pro
1639 1276 1794 1330 nobis
1823 1285 1879 1329 et

309 1396 405 1450 pro
434 1382 572 1435 aliis.
602 1379 832 1447 ldeoque
863 1377 913 1430 in
942 1375 1085 1430 omni
1129 1373 1242 1427 fere
1263 1371 1487 1440 epistola
1515 1369 1614 1424 hoc
1643 1367 1877 1438 praemit-

310 1472 400 1537 tit;
424 1471 511 1526 hic
530 1486 660 1526 vero
680 1470 847 1538 magis
865 1466 1168 1522 necessario
1189 1465 1289 1518 hoc
1312 1461 1457 1525 facit,
1481 1476 1636 1530 quam
1664 1460 1714 1513 in
1736 1457 1874 1512 aliis.

308 1565 440 1619 Nam
466 1566 555 1634 qui
595 1563 793 1631 gratias
817 1563 944 1630 agit,
971 1569 1031 1613 ut
1050 1557 1309 1613 benelicio
1339 1556 1560 1610 alfectus
1583 1554 1630 1607 id
1659 1553 1797 1623 agit,
1827 1561 1880 1604 et

308 1656 536 1726 gratiam
563 1654 733 1724 gratia
758 1650 1023 1720 rependit.
1051 1648 1230 1703 Gratia
1255 1661 1382 1701 vero
1408 1661 1505 1700 nec
1524 1645 1755 1699 debitum
1782 1659 1879 1698 nec

309 1763 521 1804 merces
549 1761 647 1800 nec
675 1742 952 1798 retributio
975 1749 1074 1796 est.
1105 1739 1254 1807 Quod
1288 1737 1480 1808 ubique
1498 1736 1673 1790 dicere
1696 1748 1877 1788 neces-

305 1855 366 1895 se
396 1847 542 1905 erat,
584 1836 815 1891 maxime
843 1847 970 1888 vero
995 1829 1287 1886 Corinthiis
1311 1869 1326 1894 ,
1375 1827 1462 1898 qui
1505 1826 1772 1881 inhiabant
1811 1823 1876 1878 ad

305 1946 419 1990 eos.
453 1928 542 1998 qui
570 1925 885 1982 scindebant
924 1921 1238 1977 Ecclesiam.
1274 1918 1379 1973 Deo
1406 1934 1534 1972 meo.
1570 1917 1648 1971 Ex
1679 1916 1874 1985 ingenti

305 2025 496 2078 affectu
523 2021 664 2091 quod
699 2032 982 2074 commune
1005 2023 1120 2070 erat
1158 2014 1335 2083 rapit,
1368 2021 1423 2068 et
1465 2010 1568 2068 sibi
1605 2011 1874 2082 prOprium

308 2117 468 2180 facit;
496 2114 636 2185 quod
664 2113 822 2168 etiam
853 2109 1126 2181 prapheta:
1155 2122 1368 2176 semper
1393 2105 1569 2160 dicere
1594 2103 1874 2158 solebant:

312 2207 468 2274 Deus,
498 2206 632 2260 Deus
653 2220 810 2258 meus.
844 2202 1202 2270 Hortaturque
1229 2199 1351 2253 illos
1373 2207 1429 2252 ut
1455 2195 1556 2250 hoc
1597 2195 1768 2266 ipsum
1794 2193 1878 2247 di-

307 2310 449 2354 cant.
473 2298 602 2360 Nam
630 2297 718 2368 qui
746 2296 817 2351 ita
844 2293 1079 2364 loquitur
1098 2333 1114 2358 ,
1144 2291 1212 2347 ab
1236 2290 1480 2345 humanis
1509 2287 1759 2342 omnibus
1789 2301 1877 2341 re-

306 2392 480 2455 cedit,
521 2400 575 2444 et
613 2389 680 2444 ad
719 2387 869 2442 illum
899 2384 1100 2449 tendit,
1133 2398 1290 2453 quem
1317 2396 1436 2436 cum
1481 2379 1672 2434 all'ectu
1712 2377 1880 2432 multo

308 2492 482 2538 vocat.
517 2483 630 2537 Hoc
655 2482 796 2536 enim
825 2479 1038 2550 prOprie
1063 2486 1117 2532 et
1141 2491 1266 2532 vere
1286 2475 1467 2530 dicere
1495 2482 1669 2543 potest
1696 2472 1762 2537 is,
1789 2471 1879 2542 qui

306 2593 335 2630 a
365 2573 715 2629 surcularibus
741 2571 903 2627 rebus
939 2568 1006 2624 ad
1043 2568 1209 2623 Deum
1240 2581 1454 2636 semper
1497 2563 1738 2619 ascendit
1767 2604 1783 2629 ,
1827 2572 1882 2618 et

313 2669 516 2736 ubique
553 2665 698 2719 illum
752 2661 998 2717 omnibus
1035 2658 1330 2730 praeponit,
1374 2657 1580 2726 ipsique
1623 2662 1881 2725 perpetuo

307 2761 510 2830 gratias
537 2756 663 2827 agit,
692 2771 796 2810 non
835 2753 1006 2808 solum
1043 2751 1110 2808 de
1141 2751 1308 2821 gratia
1349 2749 1459 2819 jam
1507 2748 1666 2814 data;
1703 2746 1796 2802 sed
1836 2745 1880 2801 si

301 2851 432 2921 quid
459 2857 641 2919 postea
663 2847 786 2902 boni
817 2845 1009 2899 factum
1036 2844 1125 2905 sit,
1151 2857 1245 2912 pro
1269 2856 1334 2896 eo
1355 2842 1515 2896 etiam
1541 2838 1753 2894 laudem
1780 2837 1880 2907 ipsi

307 2944 492 2998 refert.
524 2940 650 2996 Ideo
679 2954 784 2995 non
812 2937 983 2992 solum
1011 2936 1161 3000 dixit,
1194 2933 1405 2989 Gratias
1429 2946 1548 3002 ago.
1579 2930 1673 2986 sed
1695 2930 1877 2994 etiam,

308 3036 522 3105 Semper
544 3049 636 3102 pro
663 3031 820 3095 vobis,
851 3043 950 3084 nos
981 3027 1263 3082 instituens
1287 3067 1301 3090 ,
1332 3036 1390 3079 ut
1418 3024 1494 3078 illi
1521 3037 1732 3093 semper
1759 3036 1880 3092 gra-

305 3131 410 3184 tias
428 3128 729 3183 ‘habeamus
753 3166 769 3190 ,
799 3122 1107 3192 neminique
1151 3120 1344 3184 alteri,
1377 3118 1471 3173 sed
1519 3118 1626 3172 Deo
1652 3124 1875 3170 tantum.

307 3223 389 3275 Dc
413 3222 574 3291 gratia
604 3219 718 3273 Dei.
745 3214 934 3270 Viden’
961 3212 1230 3284 quomodo
1257 3212 1378 3266 illos
1400 3209 1598 3280 ubique
1627 3206 1892 3278 corrigat?

307 3311 412 3366 Ubi
443 3312 580 3364 enim
603 3317 684 3364 est
705 3308 894 3377 gratia,
925 3320 1030 3360 non
1058 3312 1183 3357 sunt
1208 3317 1368 3372 opera
1395 3319 1407 3354 :
1433 3300 1522 3354 ubi
1552 3308 1673 3355 sunt
1692 3313 1876 3367 opera,

309 3418 419 3456 non
445 3411 523 3455 est
552 3399 775 3470 amplius
805 3397 994 3469 gratia.
1025 3395 1082 3450 Si
1110 3408 1240 3463 ergo
1269 3392 1437 3462 gratia
1465 3433 1478 3457 ,
1520 3405 1686 3461 quare
1713 3389 1877 3442 altum

306 3492 541 3562 sapitis?
569 3505 665 3545 cur
699 3489 862 3544 inllati
889 3488 1015 3543 estis
1040 3487 1064 3540 ?
1098 3486 1226 3553 Quae
1250 3484 1370 3538 data
1407 3492 1480 3537 est
1516 3483 1670 3535 vobis.
1695 3480 1763 3534 Et
1789 3494 1881 3548 per

303 3601 465 3657 quem
491 3583 610 3638 data
639 3580 765 3637 est?
788 3595 854 3635 an
882 3593 976 3649 per
995 3593 1099 3642 me,
1133 3592 1198 3630 an
1227 3591 1322 3644 per
1349 3575 1509 3628 alium
1541 3569 1881 3640 apostolum?

305 3678 649 3747 Nequaquam
675 3717 690 3739 ,
722 3673 816 3729 sed
844 3687 938 3743 per
963 3671 1146 3726 Jesum
1177 3668 1452 3724 Christum
1487 3683 1499 3718 :
1534 3664 1664 3718 illud
1695 3665 1837 3718 enim
1863 3705 1878 3728 ,

307 3769 371 3823 In
400 3768 596 3824 Christo
623 3765 748 3820 Jesu
772 3808 786 3829 ,
815 3765 915 3818 hoc
942 3762 1223 3834 signiﬁcat.
1271 3759 1406 3814 Vide
1443 3756 1710 3829 quomodo
1740 3771 1882 3825 smpe

308 3859 459 3921 illud,
486 3859 561 3925 in,
593 3872 687 3927 pro
718 3857 826 3921 illo,
855 3872 945 3925 per
968 3871 1134 3924 quem,
1168 3860 1412 3922 ponatur.
1443 3851 1556 3905 Non
1589 3849 1764 3904 minus
1791 3863 1879 3903 er-

307 3965 373 4019 go
402 3957 484 4004 est
519 3964 674 4018 quam
717 3964 822 4018 per.
883 3945 1031 4015 Quod
1077 3945 1130 3998 in
1178 3945 1312 3997 onmi
1357 3942 1531 3996 divites
1579 3942 1702 4011 facti
1742 3943 1876 3995 estis.

309 4043 515 4097 Rursus
542 4057 636 4110 per
655 4055 806 4110 quem
830 4042 853 4093 τ
882 4041 936 4094 ln
968 4038 1107 4110 ipso,
1137 4037 1306 4107 inquit
1334 4054 1348 4090 :
1378 4051 1476 4091 nec
1506 4035 1663 4089 modo
1691 4034 1881 4088 divites

310 4136 432 4190 facti
463 4133 614 4195 estis,
645 4133 735 4188 sed
757 4134 913 4188 etiam
953 4133 1010 4187 in
1033 4131 1190 4184 omni.
1219 4128 1352 4182 Cum
1380 4142 1505 4196 ergo
1522 4127 1715 4181 divitia:
1736 4136 1878 4192 sunt,

310 4237 362 4281 ct
392 4226 485 4280 Dei
517 4224 732 4288 divitiae,
761 4234 813 4280 et
841 4225 893 4277 in
921 4222 1090 4288 omni,
1123 4229 1176 4275 et
1205 4235 1297 4290 per
1323 4218 1685 4288 Unigenitum,
1710 4221 1881 4288 cogita

309 4335 465 4389 quam
511 4315 792 4371 inen'abilis
824 4317 894 4370 sit
938 4315 1236 4370 thesaurus.
1266 4311 1332 4366 In
1371 4312 1507 4364 omni
1549 4311 1694 4363 verbo
1742 4321 1788 4362 et
1831 4311 1883 4363 in

313 4409 444 4462 omni
470 4407 695 4463 scientia.
724 4405 924 4472 Verbo,
955 4421 1062 4460 non
1088 4413 1332 4467 externo,
1363 4401 1456 4457 sed
1481 4401 1593 4455 Dei.
1627 4400 1723 4455 Est
1743 4401 1881 4455 enim

315 4501 531 4555 scientia
560 4498 675 4554 sine
699 4498 864 4553 verbo
886 4539 900 4561 ,
933 4506 986 4552 et
1013 4505 1095 4552 est
1126 4496 1346 4551 scientia
1374 4510 1495 4550 cum
1527 4494 1709 4548 verbo.
1750 4491 1886 4547 Sunt

314 4605 543 4660 namque
564 4589 776 4660 plurimi
799 4589 890 4660 qui
920 4588 1198 4644 scientiam
1230 4588 1391 4652 nacti,
1417 4585 1634 4640 verbum
1662 4599 1764 4638 non
1789 4583 1883 4637 ha-

316 4683 458 4744 bent,
482 4690 543 4736 ut
570 4680 766 4746 idiotae,
789 4689 844 4735 et
873 4680 960 4749 qui
991 4695 1096 4734 non
1123 4686 1343 4749 possunt
1370 4693 1454 4740 ea,
1481 4693 1598 4747 qua:
1628 4675 1680 4730 in
1708 4685 1887 4730 mente

310 4774 532 4838 habent,
555 4772 698 4827 clare
716 4773 1040 4840 exprimere.
1070 4771 1138 4825 At
1177 4786 1280 4824 non
1321 4784 1414 4824 vos
1442 4771 1574 4824 tales
1599 4769 1726 4824 estis
1745 4809 1760 4834 ,
1804 4768 1887 4822 in-

305 4866 445 4933 quit,
479 4863 574 4918 sed
605 4874 652 4916 et
683 4863 946 4933 cogitandi
969 4873 1022 4916 et
1043 4861 1290 4931 loquendi
1324 4860 1625 4914 facultatem
1655 4859 1882 4914 habetis.

305 4956 363 5006 6.
393 4955 542 5008 Sicut
576 4953 915 5006 testimonium
945 4951 1134 5006 Christi
1173 4952 1524 5018 conﬁrmatum
1563 4961 1632 5003 est
1657 4951 1708 5003 in
1730 4951 1882 5004 vobis.

309 5045 370 5097 lo
399 5045 616 5099 laudum
648 5053 702 5098 et
730 5044 1020 5111 gratiarum
1050 5045 1276 5099 actionis
1304 5041 1494 5096 ordine
1520 5053 1572 5095 et
1599 5042 1756 5097 modo
1777 5044 1889 5096 val-

305 5135 381 5191 de
407 5137 526 5190 illos
547 5136 733 5204 tangit.
759 5133 876 5187 Non
903 5136 1043 5188 enim
1069 5152 1164 5205 per
1183 5146 1456 5190 externam
1481 5133 1887 5203 philosophiam,

305 5229 520 5297 inquit,
561 5242 735 5296 neque
778 5241 873 5295 per
898 5235 1170 5281 externam
1209 5227 1602 5290 eruditionem,
1653 5226 1748 5280 sed
1798 5243 1892 5296 per

304 5321 538 5390 gratiam
572 5319 663 5373 Dei
691 5328 746 5373 et
787 5317 1000 5372 divitias
1042 5326 1094 5370 et
1139 5320 1416 5374 scientiam
1465 5326 1519 5372 ct
1565 5319 1783 5370 verbum
1824 5318 1893 5373 ab

306 5415 437 5483 ipso
452 5413 636 5466 datum
663 5411 911 5482 potuistis
932 5409 1169 5464 veritatis
1195 5411 1437 5481 dogmata
1459 5410 1667 5464 discere
1687 5418 1741 5463 et
1762 5424 1892 5464 con-

309 5506 521 5560 ﬁrmari
553 5505 608 5559 in
649 5505 1015 5559 testimonium
1049 5502 1296 5564 Domini,
1325 5502 1375 5555 id
1412 5510 1515 5566 est,
1552 5502 1604 5555 in
1640 5502 1893 5570 prmdica-

309 5599 546 5654 tionem.
577 5597 740 5652 Multa
769 5599 912 5653 enim
943 5595 1204 5650 habuistis
1233 5594 1399 5664 signa,
1429 5596 1591 5649 multa
1619 5596 1886 5659 miracula,

310 5689 648 5748 inciabilem
676 5689 899 5761 gratiam
927 5730 939 5757 ,
969 5693 1039 5745 ita
1070 5697 1121 5745 ut
1153 5686 1577 5759 praedicationem
1620 5688 1890 5758 acceperi-

1881 333 2236 344 ——-———-——.____.._

1991 545 2074 597 tis.
2109 544 2162 598 Si
2188 563 2316 616 ergo
2337 550 2635 604 confirmati
2664 553 2792 606 estis
2823 569 2918 623 per
2947 554 3093 624 signa
3121 564 3175 610 et
3197 557 3442 626 gratiam,
3465 571 3562 611 cur

1987 637 2287 694 vacillatis?
2315 640 2438 696 llmc
2469 658 2629 712 porro
2673 645 2830 699 simul
2876 656 3000 700 sunt
3043 655 3099 702 et
3142 648 3463 717 increpantis
3507 657 3563 702 et

1989 731 2358 795 prmvenientis
2383 733 2542 788 dicta.
2578 736 2628 789 7.
2674 734 2756 789 Ita
2793 748 2846 790 ut
2883 739 3011 792 nihil
3038 739 3175 793 vobis
3202 741 3325 794 desit
3354 742 3406 794 in
3448 742 3558 794 ulla

1987 821 2168 888 gratia.
2202 822 2443 893 Magnum
2463 827 2734 896 quidpiam
2761 829 2846 882 ltic
2871 831 3124 898 qumritur
3149 848 3162 884 :
3191 832 3233 885 si
3260 833 3346 902 qui
3370 832 3562 888 divites

1987 923 2110 966 sum
2139 914 2187 966 in
2211 918 2355 970 omni
2377 918 2561 984 verbo,
2591 919 2662 973 ita
2693 931 2745 974 ut
2773 921 2900 974 nihil
2933 922 3072 976 desit
3099 924 3206 978 illis
3235 925 3284 978 in
3309 925 3414 979 ulla
3435 941 3559 994 gra-

1987 1003 2079 1068 tia,
2108 1005 2156 1057 hi
2185 1009 2426 1062 carnales
2451 1017 2594 1064 sunt.
2635 1011 2764 1066 Nam
2805 1012 2850 1066 si
2879 1013 3008 1068 tales
3035 1013 3250 1070 fuerunt
3279 1017 3330 1069 in
3363 1018 3562 1085 princi-

1987 1095 2096 1165 pio,
2127 1098 2294 1151 multo
2323 1101 2487 1170 magis
2533 1119 2692 1159 nunc.
2721 1103 3003 1170 Quomodo
3025 1123 3152 1177 ergo
3179 1108 3296 1163 illos
3318 1111 3561 1165 carnales

1986 1189 2176 1241 vocat?
2205 1187 2324 1243 Non
2351 1193 2480 1245 enim
2508 1196 2648 1263 potui
2666 1196 2802 1250 vobis
2832 1197 2988 1267 loqui,
3021 1199 3210 1268 inquit,
3242 1212 3295 1253 ut
3321 1201 3561 1271 spiritua-

1986 1279 2149 1346 libus,
2203 1283 2291 1335 sed
2338 1293 2390 1336 ut
2432 1287 2717 1340 carnalibus
2746 1289 2834 1358 (1.
2867 1289 2983 1343 Cor.
3009 1292 3060 1346 5.
3114 1293 3201 1362 l).
3248 1292 3384 1360 Quid
3430 1309 3561 1364 ergo

1986 1370 2266 1428 dicendum
2284 1380 2405 1429 est?
2432 1378 2585 1444 Quod
2613 1394 2732 1433 cum
2773 1381 2840 1436 ab
2884 1383 3034 1436 initio
3071 1383 3422 1439 credidissent
3445 1428 3460 1452 ,
3506 1397 3563 1441 et

1985 1462 2301 1520 charismata
2355 1470 2529 1523 omnia
2568 1473 2880 1542 consequuti
2926 1484 3145 1538 essent;
3175 1491 3297 1530 nam
3334 1477 3451 1531 zelo
3480 1477 3561 1531 in-

1985 1556 2128 1608 censi
2175 1565 2343 1622 erant,
2379 1561 2786 1629 negligentiores
2831 1574 3015 1634 postea
3047 1567 3332 1622 evaserint.
3365 1569 3470 1622 Aut
3514 1570 3560 1623 si

1986 1643 2086 1700 hoc
2118 1663 2220 1701 non
2250 1649 2319 1702 ita
2363 1665 2419 1706 se
2449 1651 2642 1707 habeat
2668 1695 2682 1717 ,
2711 1655 2852 1724 quod
2899 1673 3003 1710 non
3034 1658 3282 1713 omnibus
3333 1659 3445 1714 lnec
3477 1661 3560 1715 vel

1987 1739 2071 1792 illa
2101 1739 2364 1809 dicantur,
2398 1743 2489 1798 sed
2521 1745 2620 1798 alia
2652 1746 2714 1799 iis
2743 1747 2831 1816 qui
2877 1749 2927 1800 in
2957 1750 3110 1818 culpa
3137 1762 3286 1803 erant
3309 1792 3326 1818 ,
3365 1751 3466 1804 alia
3497 1751 3560 1807 iis

1985 1829 2074 1898 qui
2104 1830 2346 1885 laudibus
2378 1833 2610 1903 insignes
2635 1846 2807 1890 erant.
2839 1837 2968 1892 Nam
2999 1840 3139 1908 quod
3169 1840 3342 1895 adhuc
3369 1841 3562 1896 charis-

1987 1930 2125 1973 mata
2159 1920 2415 1977 liaberent
2445 1923 2709 1978 Psalmum
2741 1928 2886 1981 habet
2913 1930 3112 1999 aliquis,
3147 1931 3336 2001 inquit,
3365 1934 3559 1986 revela-

1986 2011 2168 2065 tionem
2190 2012 2371 2078 habet,
2417 2015 2643 2086 linguam
2671 2018 2850 2086 habet,
2881 2019 3341 2089 interpretationem
3369 2024 3512 2077 habet
3541 2040 3560 2079 :

1985 2105 2153 2157 omnia
2173 2105 2242 2158 ad
2265 2106 2648 2175 aediﬁcationem
2674 2111 2800 2178 [iant
2822 2129 2841 2176 ;
2867 2120 2940 2175 et,
2968 2110 3242 2181 PrOpheta:
3267 2123 3436 2168 autem
3459 2115 3560 2168 duo

1984 2196 2063 2248 vel
2113 2206 2210 2251 tres
2255 2199 2522 2268 loquantur
2552 2199 2712 2271 (Ibid.
2745 2203 2831 2260 M.
2881 2202 2972 2274 26.
3029 2203 3144 2274 29).
3194 2205 3350 2259 Aliud
3401 2207 3557 2276 quid-

1987 2286 2126 2355 piam
2153 2287 2256 2343 dici
2285 2301 2491 2359 potest:
2522 2303 2579 2347 ut
2607 2295 2771 2349 moris
2796 2304 2878 2350 est
2908 2297 3048 2365 apud
3076 2313 3174 2352 nos
3198 2298 3250 2352 id
3270 2300 3410 2370 quod
3438 2301 3559 2370 plus

1985 2387 2109 2442 est,
2145 2389 2310 2433 totum
2342 2381 2520 2437 dicere
2545 2424 2559 2448 ,
2594 2385 2662 2438 ita
2697 2386 2856 2439 etiam
2903 2386 2988 2441 hic
3019 2388 3105 2442 ille
3129 2388 3288 2443 dixit.
3330 2389 3409 2444 Ad
3446 2390 3563 2446 haec

1987 2479 2162 2523 autem
2197 2482 2323 2540 puto
2368 2472 2515 2527 illum
2546 2475 2708 2530 etiam
2735 2494 2852 2547 quae
2882 2495 2976 2533 sua
3007 2489 3133 2534 sunt
3177 2482 3518 2538 subindicare
3539 2525 3558 2551 ,

1987 2570 2124 2615 utet
2173 2562 2223 2616 in
2268 2565 2499 2620 secunda
2551 2567 2617 2620 ad
2661 2569 2877 2624 eosdem
2920 2572 3154 2640 Epistola
3201 2573 3368 2629 dicit:
3400 2575 3562 2645 Signa

1989 2654 2190 2721 quidem
2232 2658 2450 2724 apostoli
2480 2662 2614 2726 facta
2641 2669 2754 2712 sunt
2784 2662 2834 2714 in
2862 2663 2998 2716 vobis
3037 2663 3089 2716 in
3119 2665 3256 2716 omni
3278 2666 3560 2732 patientia;

1987 2753 2040 2798 et
2061 2761 2270 2800 rursum
2302 2764 2313 2798 :
2347 2747 2480 2814 Quid
2509 2749 2640 2802 enim
2667 2762 2764 2831 est,
2790 2754 2924 2821 quod
2950 2754 3112 2807 minus
3139 2755 3381 2809 habuistis
3409 2773 3560 2826 quam

1986 2847 2181 2893 caeterte
2210 2839 2451 2895 Ecclesia:
2478 2841 2550 2913 (2.
2582 2841 2698 2898 Cor.
2735 2845 2820 2898 1‘2.
2851 2845 2936 2900 12.
2972 2857 3014 2900 et
3047 2846 3162 2917 l5)?
3192 2848 3284 2903 Vel
3310 2889 3325 2914 ,
3355 2858 3413 2904 ut
3448 2850 3560 2920 jam

1986 2930 2122 2991 dixi.
2147 2947 2265 3001 qua:
2289 2933 2356 2986 ab
2382 2949 2441 2987 se
2474 2935 2603 2988 laeta
2628 2946 2754 2990 sunt
2775 2949 3191 3004 commemorat;
3223 2940 3301 2995 vel
3337 2941 3447 2995 haec
3471 2941 3558 3007 iis,

1986 3023 2074 3091 qui
2098 3023 2270 3077 adhuc
2295 3024 2498 3093 probati
2521 3036 2694 3092 erant,
2714 3027 2861 3083 dicit.
2891 3029 3053 3084 Erant
3072 3032 3276 3101 quippe
3299 3033 3367 3086 ibi
3390 3034 3560 3087 sancti

1986 3114 2158 3177 multi,
2189 3116 2276 3184 qui
2305 3115 2370 3169 ad
2397 3127 2703 3172 sanctorqu
2733 3121 3082 3175 ministerium
3120 3138 3178 3176 se
3203 3123 3517 3178 dediderant
3540 3165 3556 3186 .

1986 3217 2038 3262 et
2067 3208 2316 3277 primitias
2361 3208 2576 3263 Achaia:
2627 3209 2750 3263 facti
2783 3223 2905 3265 sunt
2929 3252 2945 3277 ,
2989 3223 3042 3266 ut
3075 3212 3126 3266 in
3161 3213 3265 3268 line
3301 3213 3556 3268 declarat.

1985 3297 2232 3367 Alioquin
2256 3314 2383 3352 vero
2409 3300 2618 3355 etiamsi
2641 3301 2824 3356 laudes
2851 3319 2957 3356 non
2984 3303 3202 3358 omnino
3223 3305 3409 3360 afﬁnes
3435 3315 3561 3360 sunt

1986 3389 2196 3444 veritati
2221 3431 2234 3456 ,
2269 3403 2503 3446 attamen
2537 3392 2827 3461 prudenter
2855 3394 3197 3459 adhibentur,
3227 3405 3283 3450 ut
3305 3397 3440 3449 viam
3469 3412 3560 3467 pa-

1986 3491 2105 3536 rcnt
2135 3482 2199 3536 iis
2219 3498 2336 3552 qua:
2357 3483 2579 3538 dicenda
2605 3492 2748 3537 sunt.
2773 3484 2902 3536 Nam
2926 3485 3014 3554 qui
3037 3487 3215 3538 statim
3243 3503 3268 3538 a
3299 3488 3560 3558 principio

1987 3574 2287 3643 importuna
2317 3575 2570 3644 loquitur,
2602 3575 2980 3630 infirmioribus
3007 3576 3244 3631 auditum
3271 3578 3469 3633 claudit
3491 3581 3560 3635 ad

1987 3677 2176 3719 caetera
2211 3667 2370 3720 verba
2402 3686 2414 3721 :
2449 3669 2491 3720 si
2525 3668 2665 3721 enim
2698 3667 2972 3724 auditores
3011 3667 3216 3724 honore
3244 3686 3401 3741 pares
3429 3672 3558 3739 sint,

1990 3759 2330 3824 irascuntur;
2362 3760 2405 3814 si
2438 3758 2722 3814 admodum
2753 3759 3030 3816 inferiores
3051 3803 3066 3828 ,
3099 3762 3284 3817 dolore
3317 3762 3558 3818 afﬁcien-

1988 3862 2090 3905 tur.
2121 3853 2196 3907 Ne
2225 3854 2380 3922 igitur
2409 3858 2508 3908 hoc
2536 3855 2847 3918 eveniat,ab
2879 3855 2943 3908 iis
2969 3871 3086 3924 qua:
3105 3856 3346 3910 encomia
3369 3857 3558 3911 viden-

1988 3953 2074 3998 tur
2103 3961 2220 4000 esse
2269 3947 2474 3999 initium
2519 3945 2684 4000 ducit.
2735 3945 2914 4015 Neque
2955 3949 3096 4001 enim
3129 3947 3228 4002 hoc
3256 3950 3557 4003 encomium

1989 4036 2200 4088 illorum
2232 4047 2380 4101 erat,
2413 4037 2504 4090 sed
2533 4038 2717 4106 gratia:
2756 4037 2868 4092 Dei.
2901 4037 3031 4092 Nam
3061 4039 3199 4108 quod
3223 4049 3437 4108 peccata
3475 4055 3563 4096 re-

1990 4129 2150 4182 missa
2185 4131 2311 4200 ipsis
2338 4139 2539 4187 essent.
2565 4138 2620 4182 et
2648 4128 2789 4198 quod
2809 4129 3082 4197 justilicati
3113 4141 3313 4195 essent,
3339 4131 3440 4187 hoc
3467 4147 3562 4187 su-

1991 4222 2135 4288 perni
2164 4221 2288 4274 doni
2313 4231 2445 4276 erat.
2471 4221 2756 4289 Propterea
2787 4221 2840 4274 in
2867 4222 2931 4275 iis
2957 4223 3286 4287 immoratur,
3320 4239 3437 4291 qua:
3467 4225 3563 4280 Dei

1990 4311 2366 4379 benignitatem
2419 4310 2742 4374 ostendunt,
2778 4320 2833 4364 ut
2880 4311 3120 4364 morbum
3165 4327 3348 4366 eorum
3394 4314 3562 4383 magis

1991 4410 2159 4455 curet.
2195 4400 2611 4470 Exspectantibus
2639 4401 2988 4455 reuelationem
3022 4403 3226 4456 Domini
3255 4405 3411 4458 nostri
3438 4405 3563 4459 Jestt

1992 4489 2196 4545 Christi.
2239 4491 2375 4558 Quid
2409 4490 2832 4556 tumultuamini,
2867 4493 3054 4561 inquit,
3088 4494 3212 4563 quid
3246 4495 3562 4563 turbamini,

1992 4582 2132 4652 quod
2165 4599 2267 4635 non
2300 4583 2436 4636 adsit
2461 4581 2742 4636 Christus?
2776 4569 2940 4637 Adest
2961 4584 3203 4652 quidem,
3233 4596 3286 4639 et
3311 4586 3425 4640 dies
3455 4587 3566 4655 jam

1992 4690 2089 4744 pro
2122 4674 2326 4727 foribus
2355 4683 2457 4727 cst.
2492 4673 2558 4726 Et
2596 4673 2876 4727 considera
2903 4676 3215 4744 sapientiam
3242 4718 3255 4741 ,
3297 4677 3566 4746 quomodo

1996 4766 2134 4828 illos,
2165 4780 2285 4818 cum
2312 4765 2378 4816 ab
2404 4764 2646 4818 humanis
2676 4763 3014 4831 abduxisset,
3044 4768 3302 4821 exterruit
3329 4778 3566 4823 tremen-

1995 4859 2120 4912 dum
2151 4857 2376 4912 tribunal
2408 4872 2836 4913 commemorans
2856 4900 2870 4923 ,
2903 4868 2954 4912 et
2983 4860 3270 4914 Ostendens
3298 4877 3400 4914 non
3426 4864 3564 4916 bona

1998 4959 2200 5003 tantum
2232 4948 2377 5000 initia
2422 4948 2642 5016 requiri,
2676 4948 2769 5002 sed
2813 4950 2968 5004 linem
3005 4967 3234 5020 quoque.
3282 4952 3409 5005 Nam
3442 4969 3563 5007 cum

1997 5040 2080 5095 bis
2120 5038 2528 5095 charismatihus
2566 5046 2620 5091 et
2657 5040 2772 5091 aliis
2806 5039 3086 5093 virtutibus
3109 5082 3122 5106 ,
3165 5052 3374 5110 oportet
3405 5044 3564 5098 etiam

1997 5130 2101 5184 diei
2131 5130 2272 5185 illius
2307 5128 2576 5182 reminisci
2607 5145 2619 5181 :
2654 5129 2936 5199 multisque
2981 5131 3246 5188 laboribus
3267 5144 3347 5189 est
3384 5151 3518 5206 opus
3549 5175 3566 5203 ,

1999 5231 2055 5274 ut
2085 5222 2252 5291 possit
2276 5221 2392 5290 quis
2425 5218 2489 5272 ad
2534 5219 2690 5273 ﬁnem
2719 5222 3013 5289 pervenire.

2069 5317 2122 5370 2.
2181 5315 2585 5369 Revelationcm
2630 5325 2804 5367 autem
2855 5329 3236 5370 commemorat
3285 5319 3572 5373 ostendens

2003 5409 2166 5474 illam,
2196 5408 2403 5462 etiamsi
2434 5422 2536 5460 non
2565 5405 2827 5471 videatur,
2853 5405 2947 5460 sed
2975 5421 3094 5460 esse
3118 5418 3314 5473 tamen,
3347 5419 3400 5462 et
3426 5425 3566 5463 nunc

2002 5501 2212 5563 adesse,
2242 5508 2294 5552 et
2321 5509 2441 5552 tunc
2471 5497 2830 5567 apparituram
2863 5513 3000 5551 esse.
3033 5497 3287 5551 Patientia
3308 5500 3461 5566 igitur
3489 5509 3569 5555 est

2005 5609 2137 5663 opus
2167 5612 2179 5646 :
2216 5592 2336 5645 ideo
2376 5591 2515 5646 enim
2562 5590 2816 5644 miracula
2844 5589 3122 5658 accepistis
3153 5631 3167 5655 ,
3201 5601 3255 5642 ut
3286 5589 3422 5643 lirmi
3462 5607 3575 5648 ma-

2006 5686 2190 5742 neatis.
2225 5683 2274 5738 8.
2309 5684 2404 5751 Qui
2436 5693 2480 5738 ct
2511 5681 2824 5753 confirmabit
2866 5695 2949 5733 vos
2997 5696 3150 5746 usque
3184 5681 3236 5731 in
3271 5677 3426 5746 ﬁnem
3467 5684 3576 5739 sine
