3954 6130
362 264 430 321 19
1100 260 1156 315 S.
1196 255 1470 315 JOANNIS
1504 252 1940 311 CIIRYSOSTOH

2051 248 2316 315 RCHIEP.
2357 253 2881 312 CONSTANTINOP.
3544 257 3615 312 ιθ

363 387 586 441 crimine.
645 380 743 437 llic
788 377 998 435 videtur
1028 377 1245 447 quidem.
1283 372 1408 429 illos
1449 371 1792 433 demulcere;
1838 367 1933 423 sed

2047 366 2177 423 dare
2217 367 2429 425 volebat
2460 387 2475 436 ;
2510 371 2584 425 illi
2632 386 2761 427 vero
2802 370 3049 428 nolentes
3093 373 3335 443 accipere
3363 415 3379 440 ,
3408 374 3614 444 seipsos

363 477 506 547 quod
537 475 735 531 dicitur
758 471 903 527 omni
932 468 1233 525 adulatione
1265 472 1438 520 vacat.
1477 462 1629 545 Solet
1651 461 1794 517 enim
1816 459 1937 515 illos
1983 485 2009 516 ο
2043 459 2337 529 eiecerunt.
2369 462 2499 549 Nam
2543 465 2750 519 etiamsi
2781 465 2846 520 ad
2887 481 2998 520 rem
3029 465 3347 521 laboriosam
3378 475 3432 522 et
3455 482 3615 538 aspe-

365 583 601 643 tangcrc,
631 577 691 624 ut
713 582 833 624 cum
865 564 990 619 dicit
1014 580 1028 617 :
1060 561 1335 630 Tamquam
1359 574 1459 612 non
1486 565 1721 610 venturus
1748 553 1938 608 sim’ad

364 681 473 730 vos,
491 662 655 733 inﬂati
677 667 792 714 sunt
808 656 1009 726 quidam
1023 670 1041 717 ;
1054 661 1110 708 et
1119 666 1351 714 rursum,
1366 648 1500 717 Quid
1517 646 1697 702 vultis?
1718 646 1769 699 in
1800 644 1938 715 virga

363 755 559 810 veniam
575 753 642 805 ad
653 767 737 804 vos
755 788 770 814 ,
801 764 867 801 an
882 747 935 799 in
952 746 1162 799 caritate
1176 751 1220 797 et
1239 739 1421 811 spiritu
1446 734 1841 792 mansuetudinis
1855 735 1905 806 (l
1918 773 1932 787 .

365 845 481 901 Cor.
500 846 552 898 4.
582 844 667 898 l8.
686 850 735 896 et
752 838 954 911 2i)?et,
976 837 1055 890 An
1073 834 1470 906 experimentum
1483 829 1706 899 queritis
1718 829 1827 898 ejus
1851 825 1937 896 qui

366 941 421 993 in
465 954 543 991 me
570 935 795 1008 loquitur
823 931 1011 987 Clu-isti
1054 929 1129 1001 (‘2.
1158 927 1278 982 Cor.
1307 926 1395 982 15.
1427 925 1486 994 5)
1514 924 1537 977 ?
1563 923 1817 979 Latenter
1843 934 1938 974 ειυς

365 1039 469 1083 tem
498 1029 642 1096 ipsos
661 1033 914 1082 accusat:
940 1035 1066 1078 eum
1092 1020 1218 1075 dicit
1246 1018 1410 1082 enim,
1441 1014 1770 1083 Conﬁrmabit
1789 1053 1805 1077 ,
1834 1020 1889 1067 et
1916 1052 1934 1079 ,

364 1119 489 1176 Sine
508 1120 738 1181 crimine,
768 1114 1004 1171 ostendit
1030 1113 1148 1167 illos
1172 1110 1344 1165 adhuc
1367 1108 1644 1173 ﬂuctuare,
1674 1116 1727 1162 et
1756 1105 1938 1161 crimi-

362 1210 414 1265 ni
439 1224 560 1265 esse
586 1208 870 1264 obnoxios.
912 1205 992 1259 Tu
1013 1219 1143 1259 vero
1172 1200 1480 1257 consideres
1498 1199 1680 1263 velim,
1711 1211 1937 1268 quomo-

363 1304 434 1359 do
485 1303 605 1358 illos
653 1314 866 1371 semper
914 1296 1116 1352 nomini
1158 1291 1358 1350 ChriSti
1400 1289 1599 1362 alligat,
1646 1299 1700 1344 et
1741 1288 1937 1343 nullius

364 1393 615 1455 hominis,
643 1405 816 1461 neque
836 1388 1085 1458 apostoli,
1107 1400 1279 1456 neque
1300 1384 1562 1454 magistri,
1580 1380 1675 1437 sed
1699 1380 1939 1450 frequen-

364 1493 448 1540 ter
473 1483 650 1538 dilecti
679 1482 817 1537 illius
843 1480 1164 1536 mentionem
1191 1476 1386 1542 faciat,
1412 1474 1560 1546 quasi
1587 1474 1655 1528 ab
1682 1473 1938 1529 ebrietate

363 1574 594 1646 quadam
633 1573 955 1629 temulentos
984 1571 1215 1626 educere
1243 1582 1459 1640 parans.
1492 1565 1761 1636 Nusquam
1793 1563 1935 1619 enim

363 1668 418 1722 in
445 1667 547 1721 alia
572 1665 795 1736 epistola
826 1674 930 1718 tam
960 1662 1265 1733 frequenter
1290 1674 1484 1715 nomen
1510 1657 1706 1712 Christi
1747 1656 1892 1724 jacet
1922 1674 1935 1710 :

365 1759 455 1815 hic
478 1774 606 1814 vero
634 1759 687 1812 in
711 1757 892 1828 paucis
915 1755 1162 1810 versibus
1188 1769 1328 1822 szepe
1348 1796 1363 1818 ,
1382 1750 1563 1807 ethoc
1588 1750 1801 1805 nomine
1828 1748 1938 1804 fere

364 1859 531 1906 totum
552 1849 787 1905 contexit
807 1847 1145 1918 prooemium.
1167 1844 1453 1899 Considera
1479 1850 1655 1897 autem
1672 1839 1935 1912 superius.

370 1964 390 1997 ο
434 1943 630 2000 Paulus
658 1984 674 2009 ,
705 1951 924 1996 vocatus
953 1939 1230 2009 apostolus
1266 1936 1393 1992 Jesu
1426 1933 1628 1990 Christi
1654 1974 1673 2000 ,
1703 1930 1937 2007 sanctifi-

363 2024 497 2092 catis
539 2037 590 2090 in
634 2034 850 2091 Christo
888 2033 1015 2089 .Iesu
1050 2074 1065 2099 ,
1099 2029 1471 2086 invocantibus
1501 2043 1695 2109 nomen
1729 2024 1938 2081 Domini

363 2130 527 2185 nostri
551 2127 678 2183 Jesu
705 2125 903 2180 Christi
935 2143 947 2178 ε
987 2124 1154 2193 gratia
1183 2123 1332 2176 vobis
1357 2132 1404 2176 et
1444 2136 1547 2190 pax
1581 2135 1609 2172 a
1644 2119 1754 2173 Deo
1779 2116 1938 2173 Patre

361 2232 417 2277 et
457 2221 687 2275 Domino
733 2218 860 2273 Jesu
909 2216 1142 2271 Christo.
1189 2213 1403 2269 Gratias
1440 2226 1540 2282 ago
1587 2210 1692 2264 Deo
1724 2207 1939 2263 meode

364 2313 535 2383 gratia
570 2354 584 2374 ,
617 2328 733 2380 qua:
783 2310 904 2365 data
946 2318 1027 2364 est
1053 2307 1207 2361 vobis
1254 2306 1306 2358 in
1355 2303 1571 2358 Christo
1598 2301 1723 2356 Jesu
1755 2317 1769 2356 :
1802 2300 1940 2355 sicut

366 2406 728 2460 testimonimn
775 2399 971 2457 Christi
1015 2397 1383 2453 confirmatum
1428 2402 1511 2450 est
1540 2394 1591 2447 in
1625 2392 1776 2447 vobis
1806 2410 1818 2444 :
1847 2407 1940 2446 ex-

366 2496 730 2567 spectantibus
760 2492 1138 2549 revelationem
1171 2490 1379 2545 Domini
1411 2488 1576 2543 nostri
1621 2487 1745 2542 Jesu
1774 2485 1928 2540 Chri-

366 2589 433 2644 sti
456 2629 471 2655 ,
494 2587 584 2657 qui
606 2596 658 2641 et
681 2584 1018 2641 conﬁrmabit
1047 2599 1143 2636 vos
1171 2584 1286 2636 sine
1310 2581 1534 2635 crimine
1561 2579 1612 2632 in
1643 2578 1731 2632 die
1753 2578 1934 2630 Domi-

367 2678 421 2734 ni
450 2678 617 2733 nostri
637 2676 763 2731 Jesu
787 2675 1004 2731 Christi.
1028 2672 1084 2729 9.
1114 2671 1312 2726 Fidelis
1342 2679 1421 2726 est
1454 2671 1593 2724 Deus
1613 2707 1628 2734 ,
1663 2685 1757 2736 per
1777 2682 1935 2735 quem

368 2770 542 2824 vocati
578 2768 707 2824 estis
742 2767 795 2821 in
824 2766 1131 2821 societatem
1160 2762 1280 2818 Filii
1310 2765 1426 2831 ejus
1446 2759 1573 2816 Jesu
1602 2758 1799 2812 Christi
1832 2758 1936 2812 Do-

368 2863 497 2917 mini
529 2860 715 2915 nostri.
753 2857 840 2914 l0.
872 2857 1108 2912 Obsecro
1133 2864 1312 2909 autem
1343 2868 1437 2906 vos
1474 2867 1572 2921 per
1608 2865 1801 2905 nomen
1832 2849 1938 2903 Do-

369 2954 498 3010 mini
517 2954 681 3008 nostri
707 2953 834 3008 Jesu
862 2951 1080 3005 Christi.
1121 2966 1142 3000 ›
1173 2945 1361 3002 Viden’
1384 2946 1733 3014 frequentiam
1764 2942 1938 2997 nomi-

367 3049 449 3101 nis
465 3045 698 3100 Christi?
729 3042 879 3099 Unde
906 3042 1077 3112 palam
1108 3050 1190 3094 est
1206 3039 1363 3093 etiam
1389 3036 1513 3099 illis,
1540 3035 1626 3106 qui
1656 3034 1938 3088 admodum

369 3140 681 3211 insipientes
720 3145 845 3191 sunt
874 3177 889 3201 ,
921 3135 1094 3204 ipsum
1126 3146 1229 3185 non
1262 3131 1377 3184 sine
1404 3144 1561 3182 causa
1592 3141 1690 3215 nee
1715 3141 1838 3181 casu
1870 3127 1937 3179 ita

369 3232 545 3287 facere
569 3246 584 3295 ;
609 3228 700 3282 sed
734 3227 892 3295 hujus
914 3223 1115 3295 pulchri
1141 3220 1374 3276 nominis
1402 3217 1697 3288 frequentia
1727 3217 1937 3270 illorum

371 3333 632 3378 tumorem
659 3318 927 3383 exhaurit,
957 3313 1228 3370 etsaniem
1255 3311 1423 3365 morbi
1451 3320 1729 3379 expurgat.
1748 3307 1941 3362 Fidelis

371 3414 507 3469 Deus
539 3455 553 3474 ,
592 3428 680 3481 per
709 3424 855 3479 quem
897 3406 1058 3461 vocati
1088 3405 1203 3458 estis
1245 3403 1298 3456 in
1332 3402 1616 3456 societatem
1655 3398 1783 3454 Filii
1809 3400 1936 3469 ejus.

370 3510 529 3577 Papae
561 3507 575 3560 ι
626 3512 876 3576 quantam
908 3500 996 3554 hic
1037 3513 1150 3553 rem
1179 3496 1309 3550 dicit
1335 3496 1349 3550 ε
1382 3503 1634 3564 quantam
1664 3484 1787 3546 doiii
1825 3507 1944 3547 ma-

269 3603 272 3607 ’
368 3598 698 3672 gnitudiuem
731 3591 984 3649 exhibet!
1019 3591 1079 3646 In
1120 3578 1431 3643 societatem
1470 3584 1739 3655 Unigeniti
1768 3582 1941 3639 vocati

372 3694 503 3749 estis
532 3733 547 3756 ,
579 3699 635 3745 et
677 3703 772 3741 vos
802 3684 1106 3740 hominibus
1131 3680 1417 3737 addicitis?
1445 3679 1570 3750 quid
1599 3678 1699 3734 hac
1728 3679 1943 3733 miseria

373 3781 569 3855 pejus?
599 3779 665 3833 Et
693 3776 961 3847 quomodo
988 3773 1159 3829 vocati
1203 3773 1370 3827 estis?
1398 3772 1499 3827 Per
1527 3773 1759 3826 Patrem.
1809 3771 1943 3839 Quia

374 3876 518 3930 enim
550 3884 646 3941 per
670 3868 820 3922 illum
849 3875 904 3920 et
931 3866 985 3920 in
1009 3865 1100 3920 illo
1123 3863 1427 3933 frequenter
1451 3862 1660 3917 dicebat
1685 3862 1752 3917 dc
1772 3862 1908 3916 Filio
1926 3902 1943 3926 ,

375 3982 443 4023 ne
459 3971 706 4036 putarent
717 3975 774 4014 se
786 3959 929 4013 illum
946 3967 1005 4013 ut
1020 3957 1277 4011 minorem
1291 3952 1793 4017 commemorare,id
1807 3952 1947 4007 Patri

378 4056 648 4114 adscribit.
668 4051 783 4108 Non
806 4066 901 4120 per
924 4053 1061 4103 hunc
1084 4049 1164 4102 vel
1187 4049 1371 4112 alium,
1401 4046 1589 4115 inquit,
1609 4044 1701 4100 sed
1727 4059 1822 4114 per
1844 4043 1916 4098 Pa
1934 4074 1948 4085 -

382 4161 515 4204 trem
544 4144 713 4200 vocati
742 4146 902 4197 estis:
924 4156 1018 4211 per
1043 4139 1211 4209 ipsum
1242 4138 1400 4193 etiam
1430 4136 1619 4190 divites
1649 4135 1770 4189 facti
1797 4137 1946 4190 estis.

382 4243 583 4296 Rursus
608 4235 779 4291 vocati
797 4234 946 4298 estis,
962 4246 1067 4286 non
1087 4231 1183 4301 ipsi
1206 4227 1524 4284 accessistis.
1553 4226 1688 4295 Quid
1707 4242 1832 4282 vero
1847 4226 1947 4280 sibi

380 4335 491 4389 vult
508 4331 655 4394 illud,
673 4327 742 4384 In
769 4328 1052 4382 societatem
1071 4323 1192 4377 Filii
1213 4324 1320 4394 ejus
1342 4320 1515 4375 ?Audi
1539 4320 1684 4375 illum
1707 4319 1807 4375 hoc
1836 4320 1951 4374 cla-

381 4429 489 4482 rius
515 4424 638 4480 alibi
667 4422 931 4476 dicentem
958 4435 969 4470 :
1000 4415 1061 4472 Si
1079 4416 1399 4478 sustinemus,
1418 4424 1465 4468 et
1492 4414 1902 4484 conregnabimus
1931 4429 1951 4468 :

379 4522 420 4572 si
445 4515 818 4575 commorimur,
844 4510 996 4565 simul
1016 4511 1229 4564 vivemus
1246 4508 1324 4579 (2.
1360 4506 1491 4561 Tim.
1513 4506 1569 4560 2.
1592 4506 1701 4577 1'2).
1722 4505 1947 4569 Deinde,

380 4613 501 4682 quia
534 4625 644 4665 rem
676 4618 923 4676 magnam
966 4601 1138 4668 dixit,
1172 4601 1374 4657 addidit
1405 4599 1567 4655 etiam
1609 4598 1948 4653 ratiocinium

383 4712 584 4757 certum
607 4742 620 4763 ,
644 4698 732 4754 cui
755 4711 858 4752 nou
889 4693 1059 4766 possit
1100 4692 1389 4748 contradici
1420 4711 1434 4747 :
1469 4707 1589 4746 nam
1615 4692 1726 4759 ait,
1760 4689 1952 4745 Fidelis

385 4793 559 4853 Deus;
582 4789 633 4843 id
665 4797 750 4843 est
770 4828 784 4849 ,
815 4799 995 4840 verus.
1028 4783 1084 4839 Si
1114 4798 1269 4839 verus
1294 4825 1309 4846 ,
1335 4797 1454 4853 quae
1481 4782 1724 4859 promisit
1750 4781 1948 4836 faciet:

385 4880 630 4955 promisit
654 4889 833 4933 autem
853 4890 912 4931 se
937 4888 1036 4930 nos
1055 4874 1229 4929 socios
1251 4872 1509 4927 facturum
1527 4872 1787 4943 unigeniti
1809 4871 1950 4936 Filii;

383 4973 451 5029 ad
479 4970 586 5027 hoc
609 4969 802 5041 quippe
832 4981 929 5021 nos
955 4965 1163 5021 vocavit
1191 4963 1363 5019 :dona
1393 4964 1535 5020 enim
1556 4973 1609 5021 et
1633 4963 1952 5020 charismata

384 5065 500 5134 eius
525 5063 641 5117 sine
664 5058 975 5130 panitentia
1013 5066 1138 5112 sunt
1159 5097 1174 5123 ,
1206 5071 1413 5111 necnon
1443 5056 1534 5111 Dei
1562 5055 1794 5110 vocatio.
1825 5054 1952 5110 Haec

386 5165 563 5211 autem
612 5167 751 5209 nunc
781 5153 925 5223 prius
953 5151 1142 5206 ordine
1188 5149 1348 5220 ponit
1389 5149 1440 5204 in
1485 5164 1734 5204 sermone
1760 5191 1775 5213 ,
1802 5158 1860 5202 ut
1890 5164 1955 5204 ne

388 5256 511 5317 post
562 5245 929 5300 vehementem
976 5242 1370 5299 accusationem
1416 5241 1470 5295 in
1521 5240 1953 5311 desperationem

358 5398 363 5409 ,
385 5339 600 5395 cadant.
631 5338 761 5404 Quae
788 5337 931 5392 enim
952 5350 983 5390 a
1005 5335 1115 5390 Deo
1144 5343 1268 5389 sunt
1297 5334 1557 5404 promissa
1574 5335 1795 5389 omnino
1816 5348 1957 5390 com-

390 5433 697 5503 parebunt,
744 5431 843 5485 nisi
899 5443 997 5484 nos
1037 5427 1323 5483 admodum
1371 5426 1601 5482 eﬂ'renes
1649 5425 1953 5483 fuerimus:

382 5521 830 5595 quemadmodum
852 5519 1018 5574 Judaei
1037 5518 1208 5573 vocati
1231 5517 1517 5571 noluerunt
1536 5516 1671 5572 bona
1688 5518 1952 5587 accipere.

2044 569 2157 609 ram
2185 565 2471 621 vocasset,
2501 568 2811 613 recusantes
2849 558 3002 614 venia
3033 558 3175 629 digni
3202 559 3309 614 n'on
3341 559 3604 625 fuissent,

2043 648 2139 704 sed
2164 651 2462 720 potuissent
2500 653 2687 707 saltem
2731 652 2833 707 hoc
2880 653 3172 708 obtendere
3203 670 3217 704 :
3250 653 3295 707 si
3326 664 3505 709 autem
3546 656 3611 707 ad

2044 741 2410 811 purgationem
2431 785 2446 809 ,
2477 744 2542 798 ad
2563 744 2825 813 justitiam
2858 786 2873 811 ,
2905 745 2970 800 ad
3002 744 3472 802 sanetilicationem
3503 787 3518 811 ,
3547 746 3614 800 ad

2044 833 2486 904 redemptionem,
2504 838 2729 906 gratiam
2748 878 2763 903 ,
2793 836 2991 891 donum
3023 847 3077 892 et
3103 848 3398 908 praeparata
3428 838 3567 901 bona
3596 881 3613 904 ,

2043 939 2162 995 quae
2181 926 2368 982 oculus
2398 943 2505 982 non
2538 927 2688 994 vidit,
2721 944 2820 983 nec
2849 929 2994 983 auris
3021 929 3254 994 audivit,
3283 939 3339 985 et
3363 930 3504 985 Deus
3528 939 3617 985 est

2043 1018 2137 1086 qui
2170 1028 2325 1073 vocat
2355 1062 2370 1083 ,
2404 1028 2460 1075 et
2509 1036 2606 1090 per
2644 1021 2880 1091 seipsum
2922 1031 3079 1077 vocat
3104 1038 3120 1087 ;
3147 1038 3246 1092 qua
3279 1023 3432 1078 venia
3469 1022 3614 1095 digni

2043 1107 2241 1164 fuerint
2276 1110 2365 1181 qui
2407 1127 2512 1167 non
2570 1114 2896 1168 accurrunt?
2919 1113 2995 1169 Ne
3024 1114 3144 1184 quis
3178 1130 3308 1185 ergo
3345 1116 3398 1170 in
3449 1116 3614 1173 Deum

2042 1203 2248 1273 culpam
2280 1204 2495 1260 referat.
2527 1205 2642 1261 Non
2666 1208 2809 1262 enim
2841 1223 2907 1261 ex
2949 1216 3170 1263 vocante
3223 1208 3283 1262 fit
3322 1207 3465 1278 quod
3505 1223 3614 1264 non

2042 1294 2307 1354 credatur.
2339 1295 2430 1351 sed
2461 1311 2526 1352 ex
2551 1297 2617 1352 iis
2636 1298 2724 1368 qui
2756 1298 3017 1352 resiliunt.
3047 1297 3153 1354 Sed
3180 1298 3496 1368 Oportebat,
3535 1300 3619 1354 in-

2041 1387 2210 1456 quies,
2240 1386 2323 1441 vel
2348 1387 2543 1441 iuvitos
2574 1388 2841 1444 inducere.
2874 1391 3084 1458 Apage:
3105 1405 3211 1444 non
3237 1387 3377 1444 enim
3397 1391 3503 1445 vim
3532 1387 3616 1446 vel

2041 1477 2411 1532 necessitatem
2439 1477 2617 1532 infert.
2644 1477 2773 1547 Quis
2798 1479 2940 1534 enim
2967 1479 3032 1534 ad
3056 1480 3287 1535 honores
3312 1489 3367 1536 et
3388 1495 3618 1538 coronas

2040 1579 2095 1623 et
2121 1570 2359 1625 convivia
2385 1580 2442 1626 et
2468 1571 2808 1629 celebritates
2836 1588 3036 1629 vocans
3061 1615 3078 1638 ,
3111 1575 3305 1629 invitos
3334 1585 3386 1631 et
3404 1576 3618 1634 vinctos

2042 1660 2206 1717 trahit
2230 1662 2255 1717 ?
2283 1662 2450 1718 Nemo
2469 1673 2614 1720 certe
2640 1686 2652 1720 :
2678 1665 2779 1722 hoc
2803 1668 2943 1720 enim
2967 1676 3110 1722 esset
3136 1668 3383 1738 injuriam
3416 1667 3615 1726 facere.

2040 1751 2123 1807 Ad
2169 1753 2466 1825 gehennam
2512 1758 2707 1812 invitos
2753 1758 2917 1813 mittit
2945 1775 2959 1824 ;
2987 1758 3052 1813 ad
3096 1775 3318 1829 regnum
3371 1760 3617 1817 lubentes

2041 1855 2196 1900 vocat
2221 1865 2234 1900 :
2266 1846 2330 1901 ad
2355 1848 2530 1918 ignem
2562 1848 2756 1918 ligatos
2781 1847 2947 1915 ducit,
2978 1851 3141 1922 etiam
3167 1851 3431 1922 eiulantes
3460 1869 3476 1917 ;
3522 1853 3614 1907 sed

2043 1937 2320 1994 innumera
2347 1938 2485 1994 bona
2514 1954 2617 1994 non
2659 1941 2757 1995 sic.
2789 1940 2920 1995 Nam
2953 1920 3055 1998 hoc
3085 1920 3208 2013 ipsa
3235 1960 3450 2015 quoque
3476 1945 3616 2000 bona

2042 2029 2227 2085 odiosa
2262 2029 2470 2098 reddat,
2496 2030 2596 2085 nisi
2626 2032 2743 2086 talis
2760 2032 2829 2086 sit
2860 2032 3068 2089 illorum
3102 2044 3287 2093 natura
3308 2079 3322 2102 ,
3352 2046 3411 2091 ut
3437 2037 3502 2093 ad
3531 2037 3619 2092 illa

2043 2132 2236 2193 Sponte
2265 2134 2577 2179 accurratur
2604 2166 2620 2189 ,
2651 2135 2704 2180 et
2732 2126 2955 2196 gratiam
2981 2127 3208 2182 habeant
3236 2130 3544 2184 maximam.

2113 2214 2165 2272 3.
2197 2216 2262 2270 Et
2290 2216 2379 2286 qui
2402 2217 2482 2283 fit,
2505 2216 2730 2288 inquies,
2751 2218 2892 2289 quod
2921 2235 3025 2274 non
3043 2236 3229 2277 omnes
3256 2222 3366 2292 ipsa
3396 2223 3617 2293 eligant?

2042 2309 2123 2364 οι)
2167 2311 2433 2380 propriam
2465 2311 2848 2368 infirmitatem.
2880 2313 2946 2368 Et
2973 2329 3069 2369 cur
3100 2315 3308 2370 illorum
3340 2316 3618 2371 inﬁrmita-

2043 2410 2149 2455 tem
2177 2417 2280 2455 non
2309 2401 2573 2457 abscindit
2600 2403 2623 2457 ?
2647 2402 2713 2457 Et
2733 2419 2839 2474 quo
2865 2413 3020 2474 pacto
3046 2446 3062 2473 ,
3088 2406 3176 2465 die
3196 2407 3326 2463 mihi
3359 2449 3374 2473 ,
3403 2409 3619 2464 exscin-

2041 2490 2171 2546 dere
2197 2506 2331 2561 opus
2354 2494 2469 2547 est?
2495 2510 2673 2549 annon
2711 2506 3010 2553 creaturam
3052 2498 3292 2553 condidit
3330 2499 3614 2555 docentem

2043 2582 2158 2652 ejus
2183 2583 2561 2665 benignitatem
2593 2627 2607 2649 ,
2636 2594 2691 2642 et
2710 2587 3001 2656 potentiam
3025 2589 3048 2641 ?
3078 2604 3202 2643 nam
3232 2588 3386 2652 Cwli,
3415 2592 3616 2662 inquit,

2041 2684 2279 2733 enarrant
2314 2675 2533 2747 gloriam
2562 2675 2652 2730 Dei
2677 2674 2849 2749 (Psal.
2881 2678 2967 2733 18.
2996 2678 3075 2748 2).
3110 2680 3299 2737 Annon
3328 2682 3616 2751 prophetas

2043 2767 2187 2820 misit
2215 2767 2239 2819 ?
2265 2781 2440 2825 annon
2472 2769 2679 2822 vocavit
2707 2778 2760 2823 et
2786 2768 3108 2825 honoravit?
3146 2786 3320 2827 annon
3360 2773 3616 2829 miracula

2043 2856 2167 2911 fecit
2192 2858 2215 2911 ?
2242 2873 2418 2912 annon
2453 2859 2624 2929 legem
2655 2859 2805 2914 dedit
2835 2868 2891 2913 et
2917 2861 3174 2930 scriptam
3201 2873 3254 2918 et
3273 2865 3568 2919 naturalem
3593 2864 3617 2917 ?

2042 2965 2217 3005 annon
2237 2950 2425 3005 Filium
2446 2964 2597 3006 suum
2619 2951 2763 3006 misit
2778 2952 2802 3005 ?
2817 2966 2993 3005 annon
3017 2954 3175 3009 etiam
3195 2955 3508 3023 apostolos?
3525 2970 3620 3010 an-

2047 3056 2149 3093 non
2181 3041 2330 3111 signa
2360 3040 2525 3096 fecit?
2554 3057 2731 3096 annon
2771 3042 3072 3113 gehennam
3098 3046 3459 3101 comminatus
3488 3047 3617 3102 est?

2044 3146 2219 3188 nonne
2236 3149 2455 3204 regnum
2487 3135 2774 3205 promisit?
2800 3152 2977 3193 nonne
3001 3137 3240 3207 quotidie
3263 3138 3432 3193 solem
3465 3153 3616 3194 suum

2042 3224 2170 3278 criri
2203 3222 2365 3278 facit?
2396 3241 2573 3280 nonne
2616 3242 2737 3296 qua:
2784 3229 3036 3297 praecepit
3060 3229 3128 3282 ita
3162 3228 3335 3284 facilia
3362 3237 3529 3297 sunt,
3556 3239 3617 3287 ut

2046 3314 2196 3369 multi
2234 3316 2285 3368 vi
2335 3315 2685 3387 philosophiae
2729 3333 2840 3373 sua:
2881 3318 2995 3388 ejus
3026 3320 3274 3374 mandata
3315 3326 3609 3389 superent!

2048 3402 2184 3468 Quid
2210 3404 2468 3475 oportebat
2490 3410 2659 3478 facere
2685 3409 2861 3472 vinem,
2893 3418 2939 3462 el
2967 3426 3065 3464 non
3087 3412 3186 3480 feci
3213 3412 3229 3479 (
3255 3409 3384 3467 lsai.
3416 3412 3471 3467 5.
3502 3412 3538 3467 4
3557 3407 3620 3484 )?

2047 3498 2113 3552 Et
2137 3514 2234 3553 cur
2264 3514 2368 3553 non
2393 3499 2519 3555 fecit
2545 3501 2723 3569 nobis,
2744 3502 2971 3571 inquies,
2987 3504 3262 3558 scientiam
3294 3515 3350 3564 et
3370 3506 3621 3561 virtutem

2048 3580 2368 3644 naturalem?
2384 3591 2513 3658 Quis
2541 3590 2657 3646 haec
2678 3592 2833 3647 dicit?
2856 3592 3148 3649 Griecusne
3168 3610 3236 3648 an
3262 3594 3627 3657 Christianus?

2047 3679 2220 3734 Ambo
2244 3680 2456 3749 quidem
2491 3723 2507 3749 ,
2539 3681 2630 3736 sed
2659 3697 2764 3737 non
2797 3682 2984 3737 eadem
3011 3683 3077 3738 de
3096 3699 3257 3739 causa
3286 3703 3298 3737 :
3331 3702 3517 3741 verum
3546 3687 3624 3742 δι’

2049 3782 2130 3826 ter
2153 3771 2221 3827 de
2250 3773 2469 3827 scientia
2492 3814 2507 3838 ,
2540 3773 2676 3828 alter
2695 3774 2765 3829 de
2786 3775 2892 3828 vita
2919 3775 3216 3829 contendit.
3246 3776 3487 3832 Primum
3519 3779 3625 3848 igi—

2051 3871 2135 3916 tur
2157 3873 2340 3918 nostro
2362 3864 2805 3934 respondebimus
2833 3882 2847 3917 :
2880 3880 2985 3920 non
3007 3867 3148 3920 enim
3173 3866 3304 3927 mihi
3328 3878 3470 3923 tanta
3495 3884 3625 3924 cura

2051 3961 2134 4008 est
2159 3953 2228 4008 de
2256 3955 2493 4020 exteris,
2530 3962 2726 4024 quanta
2769 3954 2838 4010 de
2885 3956 3117 4027 propriis
3163 3959 3439 4013 membris.
3485 3959 3626 4028 Quid

2050 4059 2177 4115 ergo
2203 4044 2328 4099 dicit
2348 4044 2716 4100 Christianus?
2746 4046 2913 4115 ipsam
2938 4046 3093 4102 nobis
3112 4047 3324 4105 virtutis
3343 4050 3628 4106 scientiam

2054 4136 2162 4191 indi
2201 4137 2503 4207 Oportebat.
2552 4137 2747 4193 lndidit
2787 4150 2934 4195 certe
2966 4159 2981 4196 :
3011 4141 3111 4195 nisi
3134 4141 3275 4196 enim
3303 4142 3584 4198 indidisset
3608 4185 3627 4211 ,

2053 4226 2194 4283 unde
2230 4244 2506 4284 nossemus
2533 4245 2595 4286 ea
2635 4246 2756 4302 qua:
2781 4231 2984 4302 agenda
3031 4242 3086 4287 et
3122 4249 3241 4303 quia
3285 4250 3392 4289 non
3419 4236 3628 4306 agenda

2053 4320 2224 4375 sunt?
2254 4320 2519 4377 undenam
2570 4323 2717 4392 leges
2761 4332 2817 4376 et
2861 4322 3190 4378 tribunalia?
3220 4326 3290 4379 At
3317 4340 3421 4380 non
3446 4327 3624 4382 scicn—

2055 4412 2202 4478 tiam,
2223 4412 2320 4468 sed
2345 4415 2512 4481 ipsam
2538 4416 2802 4469 actionem
2825 4413 2953 4470 dare
2973 4418 3228 4485 oportuit.
3248 4418 3322 4473 Et
3346 4418 3629 4489 cuiusnam

2053 4504 2128 4558 rei
2157 4504 2457 4559 mercedem
2476 4515 2790 4574 accepturus
2818 4521 2958 4572 eras,
2988 4507 3032 4561 si
3065 4516 3231 4562 totum
3257 4525 3326 4563 ex
3352 4510 3463 4565 Deo
3491 4510 3628 4565 fuis-

2055 4595 2174 4649 set?
2204 4595 2298 4649 Dic
2327 4596 2470 4650 enim
2504 4596 2631 4649 mihi
2662 4637 2677 4660 ,
2721 4606 2846 4653 tene
2874 4609 2928 4652 et
2954 4597 3197 4655 Graecum
3239 4611 3523 4669 peccantes
3550 4605 3626 4657 si.

2058 4686 2254 4741 militer
2305 4686 2454 4755 punit
2504 4687 2685 4743 Deus?
2714 4689 2930 4745 Minime
2964 4708 2977 4743 :
3009 4689 3172 4747 habes
3213 4694 3360 4747 enim
3412 4693 3629 4749 interim

2056 4792 2173 4831 eam
2217 4793 2335 4846 qtue
2373 4794 2439 4833 ex
2487 4779 2707 4835 scientia
2753 4790 2935 4837 manat
2977 4781 3243 4837 ﬁduciam.
3273 4783 3411 4852 Quid
3451 4800 3580 4855 ergo
3610 4827 3627 4847 ,

2058 4872 2101 4923 si
2127 4872 2412 4940 quisnunc
2439 4872 2638 4929 diceret
2669 4873 2787 4942 tibi,
2813 4884 2867 4930 et
2893 4886 2945 4930 te
2971 4886 3023 4930 et
3054 4876 3297 4932 Graecum
3330 4893 3428 4947 pro
3453 4880 3628 4934 scien-

2060 4964 2130 5018 tia
2158 4965 2341 5019 eadem
2369 4976 2794 5036 consequuturos
2820 4981 2960 5034 esse,
2981 4982 3162 5023 annon
3187 4969 3237 5023 id
3266 4985 3410 5040 aegre
3430 4970 3631 5026 ferres?

2060 5057 2307 5111 Arbitror
2344 5074 2474 5113 sane
2505 5076 2519 5112 :
2551 5059 2760 5113 diceres
2805 5060 2946 5114 cnim
2983 5101 2998 5125 ,
3029 5076 3149 5114 cum
3190 5061 3410 5115 Grzecus
3453 5077 3518 5117 ex
3571 5078 3630 5117 se

2062 5157 2238 5216 posset
2264 5148 2537 5203 scientiam
2566 5151 2823 5214 invenire,
2847 5150 3033 5207 noluit.
3057 5150 3110 5208 Si
3133 5166 3260 5220 ergo
3289 5153 3629 5221 illediceret,

2060 5242 2337 5311 oportebat
2372 5244 2537 5298 Demn
2567 5245 2722 5298 nobis
2748 5244 3024 5299 scientiam
3046 5245 3362 5300 naturaliter
3393 5246 3581 5302 indere
3611 5288 3630 5311 .

2061 5348 2238 5387 annon
2272 5332 2545 5398 irrideres,
2573 5334 2886 5404 dicercsquc
2910 5334 2962 5390 ci
2984 5377 2999 5403 ,
3026 5335 3135 5391 Cur
3161 5349 3263 5390 non
3290 5337 3583 5407 qutesivisti
3606 5340 3632 5393 ?

2060 5441 2157 5480 cur
2198 5443 2303 5480 non
2335 5437 2557 5481 conatus
2578 5440 2638 5481 es
2667 5438 2720 5479 ut
2747 5442 2847 5497 ego
2877 5429 2900 5482 ?
2926 5443 2988 5483 ac
3012 5444 3134 5483 eum
3175 5430 3343 5485 multa
3367 5439 3542 5487 stares
3564 5434 3631 5489 ti—

2060 5519 2211 5574 ducia
2242 5559 2256 5582 ,
2290 5520 2603 5589 diceresque
2631 5528 2881 5576 extrenue
2930 5535 3051 5576 esse
3090 5521 3412 5592 insipientia:
3460 5524 3635 5582 Deum

457 5614 566 5669 Deo
582 5613 777 5668 vocanti
801 5607 1449 5679 obtemperantium—Hoc
1470 5623 1595 5663 vero
1609 5607 1718 5678 jam
1736 5624 1841 5664 non
1863 5625 1954 5665 vo-
2004 5620 2029 5645 ο
2062 5610 2307 5664 incusare
2336 5648 2350 5674 ,
2381 5609 2522 5678 quod
2553 5619 2754 5666 natura:
2780 5611 3056 5668 scientiam
3084 5626 3189 5668 non
3212 5613 3483 5670 indidctit.
3518 5616 3631 5673 lloc

387 5706 562 5763 cautis
588 5712 724 5772 erat,
753 5700 847 5758 sed
875 5700 1065 5771 ingrati
1106 5699 1316 5771 illorum
1352 5699 1536 5777 animi.
1570 5699 1688 5777 Ipse
1720 5716 1949 5774 namque

2066 5711 2244 5758 autem
2273 5698 2501 5769 diceres,
2532 5701 2651 5774 quia
2680 5702 2786 5771 illa,
2818 5718 2935 5774 qua:
2959 5702 3024 5757 ad
3052 5701 3333 5761 scientiam
3357 5716 3630 5779 spectant.
