3954 6130
397 203 459 260 2|
1175 202 1233 259 S.
1265 199 1552 257 JOANNIS
1589 200 2079 258 CHRYSOSTOMI
2117 204 2435 262 ARCHIEP.
2477 203 3024 265 CONSTARTINOP.
3184 234 3210 259 ο
3584 207 3656 262 22

392 319 511 377 ἔνια
553 318 701 373 ὄντα.
761 316 897 372 Ἀλλ’
951 316 1269 389 ἐϐουλόμην,
1323 319 1509 387 φησὶν,
1564 315 1705 373 εἶναι
1758 320 1976 395 ἀνάγκῃ

394 404 580 468 καλὸς,
629 403 723 456 καὶ
762 403 978 456 πάντων
1026 402 1446 471 ἀποστερεῖσθαι
1492 402 1602 457 τῶν
1663 403 1894 474 μισθῶν,
1941 405 1974 474 ἢ

396 487 714 558 προαιρέσει
739 486 960 555 φαῦλος,
990 487 1083 540 καὶ
1111 485 1437 551 κολάζεσθαι
1475 488 1568 542 καὶ
1590 488 1972 560 τιμωρεῖσθαι.

409 572 549 625 Ἀλλ’
578 572 678 626 οὐκ
698 571 843 624 ἔστιν
870 570 1082 641 ἀνάγκῃ
1116 571 1246 623 ποτέ
1273 571 1435 624 καλὸν
1463 567 1623 627 εἶναι.
1657 572 1720 625 Et
1755 573 1855 641 μὲν
1881 568 1976 626 οὖν

397 657 609 726 ἀγνοεις
636 658 697 709 τὸ
737 655 1031 726 πρακτέον,
1062 654 1253 719 δεῖξον,
1298 656 1393 708 καὶ
1423 655 1545 709 τότε
1571 654 1802 728 ἐροῦμεν
1837 657 1976 727 ὅπερ

397 741 573 793 εἰπεῖν
597 740 710 793 δεῖ·
742 738 868 792 είδέ
897 734 1042 801 οἶδας
1075 738 1318 808 πονηρὰν
1352 738 1452 810 τὴν
1479 740 1767 809 ἀσέλγειαν
1784 736 1973 804 οὖσαν,

397 823 542 887 τινος
587 823 772 876 ἕνεκεν
801 823 862 875 οὐ
914 821 1136 890 φεύγεις
1178 822 1239 875 τὸ
1273 822 1540 894 πονηρόν;
1585 823 1660 877 Οὐ
1707 823 1975 894 δύναμαι,

398 905 580 977 φησίν.
625 906 764 959 Ἀλλ’
784 905 959 977 ἕτεροι
986 906 1034 958 οί
1060 904 1130 957 τά
1158 902 1328 974 μείζω
1365 906 1809 977 κατορθώσαντες
1847 925 1980 962 κατο

394 991 728 1063 ηγορήσουσί
749 1007 865 1051 σου,
895 989 990 1042 καὶ
1016 989 1427 1059 ἐπιστομίσουσί
1457 1007 1517 1043 σε
1561 991 1627 1045 ἐκ
1659 992 1978 1063 περιουσίας

399 1073 618 1143 πολλῆς.
653 1074 725 1126 Σὺ
760 1072 858 1143 μὲν
882 1072 990 1141 γὰρ
1038 1072 1168 1135 ἴσως
1209 1073 1302 1126 καὶ
1332 1073 1471 1143 μετά
1496 1073 1755 1142 γυναικὸς
1804 1073 1881 1127 ὣν
1914 1075 1977 1127 οὐ

400 1160 717 1230 σωφρονεῖς,
753 1157 913 1220 ἄλλος
963 1157 1021 1210 δὲ
1067 1157 1163 1209 καὶ
1188 1156 1361 1228 χωρὶς
1408 1158 1671 1226 γυναικὸς
1723 1159 1980 1230 ἀκέραιον

397 1241 642 1311 διατηρεῖ
668 1239 766 1310 τὴν
800 1239 1041 1308 ἁγνείαν.
1072 1239 1206 1292 Τίνα
1229 1234 1323 1293 οὖν
1354 1239 1497 1310 ἔχεις
1525 1240 1825 1309 ἀπολογίαν
1841 1252 1891 1306 ι,
1918 1241 1981 1295 τὸ

404 1324 603 1393 μέτρον
644 1324 703 1377 οὐ
729 1322 1039 1393 φυλάττων,
1075 1322 1263 1393 ἐτέρου
1294 1323 1434 1395 ὑπὲρ
1456 1323 1525 1377 τά
1551 1325 1851 1396 σκάμματα
1873 1328 1981 1394 πη-

393 1406 630 1473 δῶντοςς
675 1406 816 1459 Ἀλλ’
839 1407 940 1460 οὐκ
969 1406 1085 1476 είμὶ
1113 1404 1374 1468 τοιοῦτος,
1415 1406 1570 1476 φησὶ,
1600 1407 1694 1460 τοῦ
1733 1406 1983 1477 σώματος

399 1489 500 1558 τὴν
526 1488 740 1560 φύσινῆ
783 1488 881 1560 τὴν
921 1487 1262 1559 προαίρεσιν.
1303 1487 1519 1559 Ἐπειδὴ
1552 1488 1627 1560 μὴ
1651 1487 1848 1553 θέλεις,
1880 1488 1982 1543 οὐκ

401 1572 587 1642 ἐπειδὴ
634 1570 707 1643 μὴ
735 1570 992 1625 δύνασαι·
1023 1571 1244 1643 καὶγὰρ
1271 1571 1520 1641 δείκνυμι
1548 1572 1757 1636 πάντας
1787 1573 1980 1641 ἐπιτη-

398 1652 557 1716 δείως
592 1654 727 1725 πρὸς
755 1654 955 1726 ἀρετὴν
988 1653 1231 1724 ἔχοντας.
1286 1655 1351 1708 Ὀ
1392 1658 1502 1724 γάρ
1541 1654 1617 1725 μὴ
1649 1652 1873 1708 δύναταί
1899 1670 1982 1717 τις

397 1737 639 1808 ποιῆσαι,
677 1738 798 1791 οὐδέ
840 1739 1084 1808 ἀνάγκης
1123 1738 1477 1808 ἐπικειμένης
1503 1737 1791 1809 δυνήσεται
1825 1738 1981 1807 ποιῆ-

395 1837 514 1873 σαι·
549 1822 598 1873 εἰ
623 1822 679 1874 δέ
716 1823 961 1888 ἀνάγκης
990 1820 1347 1891 ἐπικειμένης
1374 1820 1597 1874 δύναται
1625 1823 1654 1873 6
1691 1819 1766 1892 μὴ
1787 1818 1978 1884 ποιῶν,

397 1904 547 1975 παρὰ
584 1902 899 1975 προαίρεσιν
932 1905 991 1957 ού
1027 1906 1187 1958 ποιεῖ.
1225 1899 1349 1957 υἷόν
1371 1921 1424 1955 τι
1446 1903 1622 1972 λέγω*
1649 1902 1980 1972 Ἀναπτῆναι

395 1988 491 2041 καὶ
532 1989 668 2059 πρὸς
705 1989 796 2041 τὸν
842 1988 1068 2058 οὐρανὸν
1112 1987 1346 2059 ἀρθῆναι
1378 1985 1541 2057 σῶμα
1591 1985 1806 2057 ἔχοντα,
1839 1985 1979 2058 βαρὺ

399 2071 617 2134 πάντως
649 2072 744 2125 καὶ
793 2071 1075 2127 ἀδύνατον.
1102 2072 1168 2124 Τί
1189 2067 1301 2137 οὖν,
1332 2072 1380 2124 εί
1408 2068 1662 2141 βασιλεὺς
1705 2069 1981 2136 ἐπιτάξειε

394 2153 554 2208 τοῦτο
584 2153 830 2225 ποιῆσαι,
851 2154 943 2207 καὶ
969 2153 1199 2208 θάνατον
1218 2153 1484 2224 ἠπείλησε
1510 2153 1705 2222 λέγων,
1725 2154 1809 2206 ὅτι
1839 2151 1980 2216 Τούς

396 2236 479 2309 μὴ
505 2237 842 2308 πετομένους
869 2236 1192 2309 ἀνθρώπους
1221 2236 1622 2308 ἀποτέμνεσθαι
1647 2234 1858 2290 κελεύω
1885 2236 1983 2290 καὶ

396 2319 739 2393 καίεσθαι,ἢ
788 2320 918 2376 ἀλλο
955 2338 1008 2374 τι
1046 2320 1277 2392 πάσχειν
1309 2320 1570 2385 τοιοῦτον,
1627 2320 1735 2393 ἆρα
1782 2320 1849 2376 ἄν
1896 2338 1982 2386 τις

393 2403 740 2474 ὐπήκουσεν;
777 2404 1070 2475 Οὐδαμῶς·
1120 2404 1182 2458 οὐ
1215 2404 1431 2475 δέχεται
1457 2403 1566 2476 γάρ
1596 2404 1631 2476 ἡ
1668 2403 1849 2474 φύσις.
1883 2404 1981 2458 Ἂν

392 2486 453 2540 δὲ
505 2488 597 2541 ἐπὶ
646 2487 1002 2561 σωφροσύνης
1047 2487 1110 2542 τὸ
1149 2487 1281 2542 αὐτὸ
1321 2488 1481 2542 τοῦτο
1504 2489 1752 2561 γένηται,
1780 2491 1876 2544 καὶ
1911 2488 1979 2562 θῇ

401 2569 780 2641 διατάγματα,
831 2569 972 2624 ὥστε
1028 2570 1120 2624 τὸν
1182 2570 1570 2640 ἀσελγαίνοντα
1626 2569 1975 2637 κολάζεσθαι,

397 2652 668 2713 καίεσθαι.
728 2652 1108 2725 μαστίζεσθαι,
1147 2653 1319 2726 μυρία
1367 2654 1599 2726 πάσχειν
1644 2653 1816 2721 δεινά,
1870 2650 1980 2726 ἀρα

390 2736 497 2790 οὐκ
539 2736 605 2790 ἂν
644 2737 980 2808 ἐπείσθησαν
1013 2738 1197 2791 πολλοὶ
1249 2737 1326 2809 τῷ
1375 2739 1786 2811 προστάγματις
1819 2738 1975 2808 Οὐχὶ,

396 2820 564 2888 φησί·
611 2820 706 2872 καὶ
753 2820 861 2891 γὰρ
910 2823 1089 2875 κεῖται
1139 2822 1233 2875 καὶ
1262 2820 1354 2876 νῦν
1380 2821 1545 2893 νόμος
1567 2824 1595 2875 6
1627 2820 1868 2874 κελεύων
1901 2820 1978 2891 μὴ

403 2902 696 2973 μοιχεύειν,
726 2905 821 2958 καὶ
840 2905 900 2957 οὐ
924 2905 1128 2968 πάντες
1148 2905 1447 2960 πείθονται.
1484 2906 1597 2959 Οὐκ
1619 2904 1808 2975 ἐπειδὴ
1829 2905 1859 2958 6
1885 2903 1981 2974 φό-

395 2986 495 3051 ϐος
521 2985 840 3057 ἠσθένησεν,
869 2987 986 3041 ἀλλ’
1014 2987 1200 3059 ἐπειδὴ
1242 2988 1501 3059 λήσεσθαι
1537 2987 1907 3060 προσδοκῶσιν
1930 2987 1979 3039 οί

402 3069 621 3124 πολλοί·
660 3070 735 3134 ὠς
759 3072 808 3123 εί
842 3073 1025 3143 παρῆν
1059 3072 1241 3135 αὐτοῖς
1274 3071 1615 3142 ἀσελγαίνειν
1649 3070 1981 3143 μέλλουσινό

400 3153 699 3225 νομοθέτης
737 3154 831 3208 καὶ
861 3156 890 3208 6
933 3153 1192 3220 δικάζων,
1225 3154 1443 3227 ἴσχυσεν
1473 3155 1540 3208 ἂν
1567 3156 1596 3209 6
1620 3155 1782 3225 φόϐος
1813 3153 1979 3207 ἐκϐα-

398 3237 512 3290 λεῖν
540 3236 637 3305 τὴν
666 3236 983 3307 ἐπιθυμίαν.
1019 3237 1172 3291 Ἐπεὶ
1204 3237 1308 3293 κᾶν
1334 3239 1596 3293 ἐλάττονα
1623 3238 1828 3308 ταύτης
1862 3237 1981 3292 ἐτέ-

404 3337 504 3391 ραν
539 3320 783 3392 ἀνάγκην
825 3321 1111 3389 ἐπαγάγω,
1156 3323 1250 3377 καὶ
1295 3320 1472 3375 λαϐὼν
1525 3322 1687 3376 αὐτὸν
1728 3321 1839 3377 ἀπὸ
1881 3322 1981 3392 τῆς

398 3403 685 3476 ἐρωμένης
737 3405 995 3472 γυναικὸς
1032 3405 1306 3476 ἀπαγάγω
1348 3408 1443 3461 καὶ
1484 3406 1652 3480 δήσας
1685 3405 1978 3480 καθείρξω,

398 3486 682 3558 δυνήσεται
717 3488 979 3556 ἐνεγκεῖν,
1005 3490 1100 3543 καὶ
1130 3489 1295 3559 μηδὲν
1326 3489 1520 3543 παθεῖν
1554 3490 1739 3563 ἀηδές.

422 3628 429 3635 ,
470 3574 561 3644 Μὴ
590 3575 769 3628 τοίνυν
796 3574 1064 3645 λέγωμεν,
1091 3577 1174 3629 ὅτι
1202 3577 1230 3629 6
1253 3575 1401 3630 δεῖνα
1434 3576 1595 3645 φύσει
1619 3576 1806 3641 καλὸς,
1833 3575 1927 3629 καὶ
1954 3576 1984 3631 6

393 3656 545 3710 δεῖνα
588 3657 746 3725 φύσει
789 3660 978 3721 κακός.
1017 3660 1079 3712 El
1112 3661 1222 3729 γάρ
1263 3660 1422 3728 φύσει
1451 3659 1676 3728 ἀγαθὸς,
1723 3659 1981 3714 οὐδέποτε

394 3738 684 3807 δυνήσεται
718 3740 971 3807 γενέσθαι
1004 3742 1172 3802 κακός
1192 3758 1206 3772 ·
1252 3743 1347 3795 καὶ
1377 3743 1426 3794 εί
1456 3744 1617 3809 φύσει
1648 3744 1816 3805 κακὸς
1836 3780 1852 3805 ,
1880 3741 1983 3795 οὐκ

400 3822 466 3876 ἀν
504 3839 631 3874 ποτε
661 3823 868 3889 γένοιτο
910 3821 1135 3889 ἀγαθός.
1160 3823 1274 3875 Νῦν
1303 3823 1359 3875 δὲ
1387 3825 1607 3894 ὁρῶμεν
1644 3824 1981 3894 ὀξυρρόπους

398 3904 501 3968 τάς
529 3903 849 3973 μεταϐολάς,
885 3905 980 3957 καὶ
1000 3903 1109 3957 ἀπὸ
1137 3904 1340 3957 τούτων
1368 3907 1447 3967 εἰς
1478 3906 1682 3976 θάτερα
1715 3905 1981 3974 μεταϐάλ-

402 3986 612 4050 λοντας,
647 3987 739 4041 καὶ
775 3986 869 4040 ἀπ’
907 3987 1132 4041 ἐκείνων
1169 3988 1250 4051 είς
1292 3988 1464 4041 ταῦτα
1519 3987 1977 4059 μεταπίπτοντας.

404 4068 516 4123 Καὶ
559 4068 730 4124 ταῦτα
759 4071 860 4124 οὐκ
898 4071 955 4124 ἐν
994 4073 1116 4134 ταῖς
1148 4070 1395 4142 Γραφαῖς
1438 4070 1589 4125 ἐστιν
1620 4070 1749 4125 ίδεῖν
1800 4070 1980 4141 μόνον,

398 4146 515 4206 οἷον
547 4154 630 4207 ὅτι
665 4153 897 4209 τελῶναι
928 4154 1216 4223 γεγόνασιν
1243 4153 1564 4220 ἀπόστολοι,
1604 4154 1700 4208 καὶ
1734 4150 1983 4223 μαθηταὶ

467 4286 598 4340 ἈιΞί
620 4291 723 4340 τίνα
759 4293 873 4350 ἔξεις
893 4290 975 4341 οῦν
1012 4292 1136 4342 ἀπολ

2079 325 2356 395 προδόται,
2387 325 2481 380 καὶ
2505 326 2701 397 πόρναι
2731 328 2986 395 γυναῖκες
3015 321 3309 393 σώφρονες,
3342 319 3437 374 καὶ
3458 317 3659 396 λῃσταὶ

2078 407 2474 478 εὐδοκίμησαν,
2506 409 2603 462 καὶ
2640 408 2808 479 μάγοι
2841 405 3276 479 προσεκύνησαν,
3309 403 3406 457 καὶ
3435 404 3660 471 ἀσεϐεῖς

2078 492 2158 554 είς
2190 491 2470 546 εὐσέϐειαν
2501 491 2828 563 μετέϐαλον,
2870 491 2962 543 ἐπί
2990 506 3047 543 τε
3086 490 3185 557 τῆς
3227 490 3439 559 Καινῆς
3477 488 3569 543 ἐπί
3597 505 3659 543 τε

2077 575 2180 642 τῆς
2204 575 2448 638 Παλαιᾶς
2467 591 2480 605 ·
2522 574 2659 628 ἀλλά
2688 575 2784 628 καὶ¹
2816 574 2936 628 καθ’
2978 573 3215 643 ἑκάστην
3240 570 3457 642 ἡμέραν
3486 573 3661 627 πολλά

2077 660 2304 713 τοιαῦτα
2343 658 2705 729 συμϐαίνοντα
2740 658 2843 713 ἴδοι
2884 676 2970 721 τις
3011 659 3097 712 ἄν.
3134 657 3197 710 Et
3235 656 3292 709 δὲ
3329 655 3536 724 φυσικά
3568 651 3657 728 ἦν,

2078 741 2178 796 οὐκ
2205 742 2271 796 ἂν
2297 743 2615 813 μετέπεσον,
2639 743 2751 797 Καὶ
2777 742 2885 811 γάρ
2911 740 3071 809 φύσει
3104 738 3338 808 παθητοὶ
3359 738 3532 802 ὄντες,
3557 740 3659 793 οὐκ

2079 828 2145 880 ἄν
2173 844 2302 880 ποτε
2333 826 2440 880 ἀπὸ
2461 827 2695 897 σπουδῆς
2721 825 3015 897 γενοίμεθα
3034 822 3286 888 ἀπαθεῖς.
3312 822 3386 876 Τὸ
3411 823 3521 894 γὰρ
3551 821 3658 891 φύ-

2082 930 2163 965 σει
2199 929 2251 966 τι
2296 911 2376 978 ὃν,
2425 912 2526 966 οὐκ
2565 910 2631 967 ἂν
2668 912 2880 983 ἐκπέσῃ
2920 909 3016 963 τοῦ
3060 907 3201 963 κατά
3248 906 3429 977 φύσιν.
3467 906 3661 971 Οὐδεὶς

2079 994 2210 1062 γοῦν
2256 994 2364 1048 ἀπὸ
2408 994 2502 1048 τοῦ
2541 992 2821 1048 καθεύδειν
2855 993 2948 1047 ἐπὶ
2976 993 3037 1045 τὸ
3081 992 3158 1062 μὴ
3201 990 3485 1046 καθεύδειν
3528 1007 3659 1062 μετ·

2081 1079 2275 1131 έπεσεν
2303 1078 2353 1139 ι»,
2390 1077 2564 1141 οὐδεὶς
2587 1078 2695 1131 ἀπὸ
2722 1076 2816 1130 τοῦ
2858 1075 2973 1150 [14]
3005 1076 3321 1148 φθείρεσθαι
3361 1074 3453 1128 ἐπὶ
3484 1072 3544 1127 τὸ
3579 1074 3660 1146 μὴ

2081 1161 2420 1232 φθείρεσθαι,
2461 1160 2635 1224 οὐδεὶς
2672 1161 2780 1214 ἀπὸ
2815 1161 2909 1214 τοῦ
2955 1163 3145 1231 πεινῇν
3176 1159 3271 1212 ἐπὶ
3298 1158 3357 1213 τὺ
3386 1158 3660 1228 μηδέποτε

2080 1245 2236 1300 τοῦτο
2252 1247 2497 1316 πάσχειν.
2520 1245 2618 1299 Διά
2634 1245 2791 1299 τοῦτο
2812 1243 2932 1297 οὐδέ
2948 1245 3269 1314 ἐγκλήματα
3290 1240 3463 1295 ταῦτά
3484 1241 3656 1304 ἐστιν,

2081 1329 2200 1382 οὐδὲ
2232 1327 2562 1398 ὀνειδίζομεν
2602 1328 2827 1390 ἑαυτοὺς
2864 1327 2958 1380 ἐπὶ
2998 1326 3228 1390 τούτοις.
3267 1323 3657 1401 Οὐδὲ1μέλλων

2081 1414 2164 1478 τίς
2193 1431 2299 1467 τινι
2333 1414 2584 1482 ἐγκαλεῖν
2612 1408 2785 1465 εἶπενο
2818 1408 2889 1465 Ὦ
2918 1411 3123 1482 φθαρτέ
3151 1411 3244 1465 καὶ
3272 1408 3506 1480 παθητέ’
3538 1408 3658 1462 ἀλλ’

2083 1497 2116 1569 ἦ
2151 1496 2395 1568 μοιχείαν
2433 1495 2465 1567 ἢ
2503 1495 2760 1566 πορνείαν
2800 1495 2833 1565 ή
2871 1511 2924 1548 τι
2959 1493 3066 1547 τῶν
3099 1492 3355 1546 τοιούτων
3384 1491 3472 1544 ἀεὶ
3518 1505 3659 1561 προ-

2083 1581 2321 1652 φέρομεν
2348 1582 2459 1642 τοῖς
2488 1579 2839 1647 ὑπευθύνοις,
2877 1577 2971 1631 καλ¹
2995 1578 3278 1639 δικασταῖς
3306 1573 3659 1647 προσάγομεν

2080 1666 2191 1727 τοῖς
2221 1661 2511 1731 ἐγκαλοῦσι
2538 1662 2633 1715 καὶ
2664 1661 2972 1727 κολάζουσι,
3008 1660 3100 1714 καὶ
3134 1661 3226 1713 ἐπὶ
3253 1661 3365 1722 τοῖς
3394 1657 3659 1719 ἐναντίοις

2078 1747 2331 1817 τιμῶσιν.
2370 1747 2539 1800 Ὅταν
2570 1740 2663 1798 οῦν
2699 1745 2795 1798 καὶ
2824 1744 2882 1811 ἐξ
2909 1738 2984 1798 ὧν
3016 1743 3150 1814 πρὸς
3180 1742 3441 1813 ἀλλήλους
3468 1737 3657 1794 ποιοῦ-

2083 1848 2202 1902 μεν,
2238 1832 2329 1884 καὶ
2360 1830 2418 1896 ἐξ
2444 1822 2519 1882 ὧν
2547 1828 2893 1900 δικαζόμενοι
2922 1828 3229 1899 πάσχομεν,
3259 1828 3354 1881 καὶ
3383 1825 3444 1891 ἐξ
3469 1818 3542 1879 ὧν
3570 1824 3660 1878 νό-

2084 1931 2216 1984 μους
2240 1912 2582 1983 ἐγράψαμεν,
2615 1912 2710 1966 καὶ
2738 1911 2795 1978 ἐξ
2818 1904 2894 1965 ὧν
2915 1911 3126 1965 ἐαυτῶν
3150 1907 3656 1979 καταγινώσκομεν,

2080 1997 2183 2050 κᾶν
2224 1997 2412 2067 μηδεὶς
2447 1999 2476 2050 6
2503 1995 2825 2068 κατηγορῶν
2855 1991 2912 2069 ᾖ,
2939 1996 3033 2049 καὶ
3073 1996 3130 2063 ἐξ
3169 1989 3243 2049 ὧν
3285 1991 3660 2066 ῥᾳθυμοῦντες

2085 2081 2183 2152 μὲν
2203 2081 2440 2152 χείρους,
2468 2079 2875 2151 φοϐούμενοιδέ
2911 2080 3149 2150 βελτίους
3171 2077 3450 2149 γινόμεθα,
3478 2078 3569 2131 καὶ
3597 2075 3658 2141 ἐξ

2082 2158 2158 2217 ὧν
2200 2164 2393 2227 ἄλλους
2442 2161 2659 2235 ὁρῶμεν
2709 2162 3109 2235 κατορθοῦντας
3154 2162 3252 2217 καὶ
3302 2161 3442 2234 πρὸς
3489 2160 3658 2231 ἀκρον

2080 2248 2400 2319 φιλοσοφίας
2448 2247 2812 2318 ἀφικομένους
2834 2289 2848 2309 ,
2897 2246 3118 2319 εύδηλον
3156 2249 3238 2302 ὅτι
3282 2246 3380 2302 καὶ
3410 2244 3494 2316 ἐφ’
3525 2244 3660 2315 ἡμῖν

2080 2335 2254 2387 κεῖται
2310 2332 2372 2386 τὸ
2420 2325 2756 2402 κατορθοῦν
2808 2330 2861 2384 τί
2920 2330 3099 2402 μάτην
3134 2329 3372 2402 ψυχραῖς
3431 2328 3659 2390 ἐαυτούς

2080 2414 2379 2487 ἀπατῶμεν
2409 2417 2458 2469 οἱ
2488 2415 2670 2468 πολλοὶ
2713 2413 3019 2487 προφάσεσι
3065 2415 3156 2467 καὶ
3189 2410 3506 2482 ἀπολογίαις
3530 2449 3546 2473 ,
3580 2409 3656 2481 μὴ

2084 2500 2242 2571 μόνον
2285 2497 2617 2570 συγγνώμην
2658 2498 2718 2550 οὐ
2756 2495 3085 2568 φερούσαις,
3129 2495 3264 2550 ἀλλά
3300 2496 3393 2550 καὶ
3436 2493 3658 2548 κόλασιν

2078 2584 2372 2655 ἀφόρητον,
2402 2583 2519 2636 δέον
2545 2582 2644 2653 τὴν
2670 2582 2883 2653 ἡμέραν
2913 2581 3130 2652 ἐκείνην
3156 2579 3256 2651 τὴν
3286 2577 3525 2650 φοϐερὰν
3549 2574 3657 2648 πρὸ

2078 2667 2185 2720 τῶν
2235 2665 2529 2735 ὀφθαλμῶν
2575 2665 2794 2750 ἔχοντας
2846 2664 3056 2750 ἀρετῆς
3101 2662 3510 2750 ἐπιμελεῖσθαι,
3561 2656 3661 2750 καὶ

2082 2750 2256 2823 μικρά
2289 2750 2663 2815 πονέσαντας,
2711 2741 3176 2819 τοῦξάκηράτους
3229 2745 3413 2801 λαϐεῖν
3461 2741 3663 2812 στεφά-

2079 2853 2236 2903 νους;
2284 2834 2450 2888 Οὐδὲν
2481 2833 2592 2906 γάρ
2624 2833 2781 2904 ἡμῶν
2827 2832 2999 2887 ταῦτα
3046 2832 3415 2903 προστήσεται
3455 2827 3526 2882 τὰ
3554 2827 3655 2898 ρή-

2085 2932 2249 2989 ματα*
2276 2916 2389 2971 ἀλλ’
2413 2919 2461 2970 οἱ
2487 2915 2759 2970 σύνδουλοι
2781 2916 2874 2970 καὶ
2899 2915 2967 2968 τὰ
2986 2914 3206 2969 ἐναντία
3232 2909 3658 2983 κατωρθωκότες

2080 2999 2469 3073 κατακρινοῦσι
2489 3002 2614 3065 τοὺς
2639 2999 3106 3071 διαμαρτάνοντας
3132 2997 3363 3059 πάντας,
3388 2994 3478 3047 τὸν
3505 2991 3656 3062 ὠμὸν

2079 3090 2108 3142 6
2144 3088 2415 3159 ἐλεήμων,
2443 3084 2535 3139 τὸν
2583 3084 2819 3156 πονηρὸν
2853 3085 2882 3137 6
2918 3081 3182 3153 χρηστὸς,
3229 3079 3319 3132 τὸν
3374 3077 3579 3149 θρασὺν
3630 3078 3661 3130 6

2080 3170 2348 3242 ἐπιεικὴς,
2372 3168 2466 3222 τὸν
2495 3166 2764 3239 βάσκανον
2794 3168 2823 3221 6
2867 3165 3166 3236 φιλόφρων,
3200 3163 3293 3217 τὸν
3327 3160 3602 3227 κενόδοξον
3627 3161 3661 3212 6

2080 3255 2392 3324 φιλόσοφος,
2423 3252 2517 3306 τὸν
2551 3251 2794 3324 ῥᾴθυμον
2839 3250 2868 3302 6
2902 3248 3211 3310 σπουδαῖος,
3240 3245 3331 3299 τὸν
3357 3243 3660 3298 ἀκόλαστον

2079 3341 2108 3392 6
2152 3337 2404 3408 σώφρων.
2464 3334 2651 3399 Οῦτως
2704 3335 2840 3388 οῐσει
2886 3333 2986 3404 τὴν
3022 3330 3202 3403 κρίσιν
3247 3331 3381 3401 ἡμῖν
3426 3330 3455 3382 ὁ
3489 3326 3658 3392 Θεὸς,

2081 3421 2320 3492 ἑκάτερά
2343 3437 2402 3473 τε
2432 3420 2620 3491 στήσει
2662 3416 2731 3471 τά
2764 3415 3023 3488 τάγματα
3046 3456 3062 3483 ,
3088 3415 3214 3480 τοὺς
3249 3415 3347 3486 μὲν
3377 3409 3617 3466 ἐπαινῶν
3640 3447 3659 3475 ,

2078 3505 2207 3569 τοὺς
2229 3504 2286 3558 δὲ
2308 3503 2571 3568 κολάζων.
2617 3500 2777 3555 Ἀλλά
2815 3500 2890 3572 μὴ
2926 3499 3137 3569 γένοιτό
3166 3516 3287 3553 τινα
3320 3498 3427 3551 τῶν
3461 3494 3661 3565 παρόν-

2079 3608 2187 3644 των
2231 3586 2486 3658 γενέσθαι
2536 3586 2645 3639 τῶν
2696 3585 3077 3656 κολαζομένων
3134 3584 3228 3637 καὶ
3269 3580 3659 3653 ἠτιμωμένων,

2080 3672 2217 3729 ἀλλά
2240 3672 2348 3726 τῶν
2373 3669 2821 3740 στεφανουμένων
2845 3667 3066 3721 καὶτῶν
3086 3668 3185 3736 τῆς
3212 3664 3360 3729 θείας
3384 3661 3661 3734 βασιλείας

2083 3756 2569 3826 ἐπιτυγχανόντων·
2606 3746 2673 3822 ἦς
2702 3751 2910 3818 γένοιτο
2943 3751 3151 3813 πάντας
3184 3750 3330 3818 ἡμᾶς
3359 3747 3657 3816 ἐπιτυχεῖν,

2081 3841 2264 3909 χάριτι
2311 3838 2407 3891 καὶ
2458 3833 2843 3909 φιλανθρωπίᾳ
2888 3832 2982 3885 τοῦ
3025 3832 3229 3904 Κυρίου
3275 3831 3431 3903 ἡμῶν
3482 3828 3659 3900 Ἰησοῦ

2081 3908 2341 3991 Χριστοῦ,
2374 3917 2491 3987 μεθ’
2524 3908 2586 3970 οῦ
2617 3914 2695 3987 τῷ
2725 3915 2921 3987 Πατρὶ,
2949 3916 3064 3986 ἃμα
3089 3914 3166 3985 τῷ
3193 3915 3331 3986 ἁγίῳ
3355 3914 3657 3987 ῐινεύματι,

2081 4002 2231 4067 δόξα,
2265 4000 2486 4071 κράτος,
2513 3999 2666 4070 τιμὴ,
2695 3997 2790 4053 νῦν
2819 3999 2913 4052 καὶ⁸
2950 3998 3057 4066 ἀεὶ,
3080 3999 3173 4052 καὶ
3203 4000 3281 4061 είς
3308 3998 3435 4061 τοὺς
3461 3995 3661 4058 αἰῶνας

2083 4085 2193 4139 τῶν
2231 4082 2460 4138 αἰώνων.
2510 4083 2568 4136 Ἀ
2575 4083 2684 4155 μήν

2141 4217 2170 4257 ι’
2196 4218 2381 4299 “eam
2401 4217 2532 4299 ἑτερο
2553 4218 2649 4299 ἀπὲ
2669 4216 2756 4299 τιῖὲ
2778 4212 3663 4299 καὶεξίέεξν,εξετὲιιρλιξὲξτέξεξζειτ-

2078 4274 2340 4334 έπεσενδῖιι
2363 4282 2511 4332 editis
2537 4278 2784 4331 sententia
2829 4291 3000 4327 manca
3021 4284 3131 4325 eral.
3160 4274 3221 4322 δι’
3245 4274 3623 4336 ὁμοιοτέλευτον.

1895 4577 2140 4632 ΟΜΙΛῘᾹ
2177 4575 2251 4629 I".

408 4720 836 4802 napqzqrzépé
868 4720 1024 4802 ῥιιᾷς
1043 4721 1366 4802 κᾴδελξοὲ,
1404 4720 1502 4775 διὰ
1534 4720 1652 4802 ~to?
1685 4719 1976 4802 ὀνόματος

477 4789 583 4847 τοῦ
619 4793 838 4859 Κυρίου
868 4789 1035 4860 ’ἡμῶν
1073 4789 1274 4857 Ἰησοῦ
1287 4791 1583 4860 ῌΧριστοῦ,
1610 4791 1711 4844 ἵνα
1736 4791 1803 4843 τὸ
1828 4789 1976 4844 αὐτὸ

476 4855 970 4941 ,ξέγητέπάντὲᾳ
1021 4860 1119 4941 καὶ
1271 4855 1439 4941 ἧκέν.
1469 4860 1612 4941 ὑμῖν
1634 4861 1977 4941 σχίσματα,

476 4927 582 5002 ἦτε
602 4927 671 4986 δὲ
698 4927 1156 5002 κατηρτισμένοὶ
1180 4931 1250 4985 ἐν
1273 4927 1352 4997 τῷ
1373 4927 1534 4998 αὐτῷ
1561 4932 1658 4987 νοῒ
1678 4927 1779 4985 κω
1799 4927 1876 4985 ἐν
1903 4927 1978 4998 τῇ

472 5000 633 5073 αὐτῇ
665 5000 889 5074 γνώμη·

478 5163 526 5212 α’
540 5198 554 5211 .
590 5157 768 5228 Ὅπερ
786 5155 873 5211 ἀεὶ
898 5156 1105 5227 ἐλεγον,
1121 5156 1203 5213 ὅτι
1225 5157 1409 5230 ἡρέμα
1425 5159 1520 5215 καὶ
1532 5158 1673 5214 κατὰ
1694 5158 1889 5232 μικρὸν
1906 5158 1991 5212 δεῖ

407 5242 508 5306 τὰς
544 5240 863 5312 ἐπιπλήξεις
902 5240 1173 5296 ποιεῖσθαι
1192 5283 1208 5309 ,
1242 5242 1402 5297 τοῦτο
1446 5244 1540 5298 καὶ¹
1581 5244 1611 5297 6
1642 5241 1856 5307 Παῦλος
1894 5244 1982 5297 ἐν-

409 5323 586 5379 ταῦθα
605 5325 767 5380 ποιεῖ.
799 5322 1027 5379 Μέλλων
1045 5324 1154 5397 γὰρ
1184 5326 1264 5390 είς
1291 5328 1524 5399 πρᾶγμα
1545 5326 1827 5397 ἐμϐαίνειν
1853 5326 1985 5380 πολ-

409 5408 520 5465 λῶν
546 5408 806 5464 κινδύνων
838 5407 1029 5479 γέμον,
1054 5409 1149 5463 καὶ
1168 5409 1273 5481 τὴν
1315 5410 1641 5482 Ἐκκλησίαν
1676 5411 1741 5466 ἐκ
1767 5410 1983 5482 βάθρων

412 5493 594 5549 ἱκανὸν
613 5490 674 5545 ὃν
698 5490 1031 5556 ἀνασπάσαι,
1057 5492 1488 5566 προσηνέστερον
1511 5493 1588 5565 τῷ
1612 5494 1755 5565 λόγῳ
1781 5493 1983 5565 κέχρη-

410 5592 524 5633 ται.
550 5574 690 5647 Φησὶ
714 5574 824 5647 γὰρ
850 5574 1191 5647 παρακαλεῖν
1216 5577 1434 5640 αὐτοὺς,
1458 5577 1795 5649 παρακαλεῖν
1817 5578 1874 5631 δὲ
1896 5577 1985 5630 διὰ

410 5657 506 5712 τοῦ
546 5655 804 5731 Χριστοῦ,
846 5656 923 5721 ὡς
965 5657 1087 5711 οὐδι
1131 5658 1293 5723 αὐτὸς
1338 5660 1522 5732 ἀρκῶν
1575 5662 1733 5731 μόνος
1780 5660 1985 5732 ταύτην

410 5739 600 5797 θέσθαι
630 5740 729 5813 τὴν
757 5738 1071 5813 ἱκετηρίαν,
1107 5742 1200 5796 καὶ
1220 5745 1425 5799 πεῖσαι.
1454 5744 1519 5797 Τί
1548 5745 1606 5799 δέ
1635 5747 1772 5808 ἐστι,
1798 5747 1986 5817 Παρα-

410 5824 563 5880 καλῶ
598 5824 687 5880 διὰ
712 5823 806 5879 τοῦ
838 5825 1110 5899 Χριστοῦ;
1140 5827 1244 5884 Τὸν
1274 5828 1507 5901 Χριστὸν
1538 5829 1798 5905 λαμϐάνω
1846 5831 1982 5904 σύμ-

2082 4730 2275 4787 μαχον,
2299 4710 2393 4762 X1"-
2416 4706 2609 4779 βοηθὸν
2632 4704 2748 4777 [15]
2775 4702 2940 4757 αὐτοῦ
2968 4702 3028 4755 τὸ
3054 4701 3303 4787 ὄνομα-τὺ
3330 4703 3488 4787 mw]
3498 4703 3663 4775 μένον

2079 4784 2176 4851 καὶ
2231 4792 2597 4864 ὑϐρισμένον·
2657 4788 2863 4860 σφόδρα
2916 4784 3316 4858 ἐντρεπτικῶς,
3376 4784 3518 4841 ὥστε
3582 4790 3663 4861 μὴ

2082 4875 2593 4946 ἀπαναισχυντῆσαι
2631 4872 2862 4936 αὐτούς·
2913 4870 3139 4940 ἰταμοὺς
3187 4869 3297 4941 γὰρ
3336 4872 3370 4942 ή
3417 4872 3664 4945 ἁμαρτία

2083 4965 2246 5018 ποιεῖ.
2279 4961 2379 5013 Διά
2403 4957 2561 5012 τοῦτο
2585 4956 2652 5013 ἂν
2674 4956 2815 5027 μὲνι
2841 4953 3044 5018 εὐθέως
3071 4953 3316 5027 σφοδρῶς
3334 4956 3665 5029 ἐπιπλήξῃς,

2085 5046 2270 5119 ἀπηνῆ
2304 5043 2399 5098 καὶ
2441 5041 2801 5113 ἀναίσχυντον
2844 5037 3115 5110 είργάσω’
3155 5036 3220 5093 ἂν
3264 5037 3323 5091 δὲ
3359 5039 3667 5111 ἐντρέψης,

2082 5129 2443 5199 κατέκαμψας
2463 5126 2553 5180 τὸν
2580 5124 2805 5197 αὐχένα,
2836 5123 3185 5189 κατέσπασας
3206 5123 3306 5196 τὴν
3326 5125 3665 5197 παρρησίαν,

2082 5214 2231 5268 κάτω
2264 5211 2441 5265 νεύειν
2472 5209 2758 5279 ἐποίησας.
2813 5208 2992 5279 Ὅπερ
3032 5208 3125 5262 καὶ
3168 5209 3197 5260 6
3244 5206 3455 5271 Παῦλος
3491 5225 3669 5263 κατα-

2083 5293 2387 5359 σκευάζων,
2441 5291 2756 5364 παρακαλεῖ
2791 5290 2926 5356 τέως
2976 5289 3064 5345 διά
3112 5288 3206 5343 τοῦ
3249 5289 3512 5362 ὀνόματος
3566 5292 3667 5348 τοῦ

2080 5379 2340 5453 Χριστοῦ.
2387 5378 2500 5432 Καὶ
2530 5377 2584 5430 τί
2623 5376 2755 5430 ποτέ
2802 5377 2950 5430 ἐστιν
3057 5372 3398 5444 παρακαλεῖς
3434 5374 3557 5429 Ἵνα
3593 5377 3667 5431 τὸ

2080 5451 2227 5517 αὐτὸ
2254 5460 2472 5530 λέγητε
2501 5457 2745 5527 πάντες,
2769 5459 2868 5515 καί
2891 5457 2980 5529 μὴ
2998 5451 3041 5528 ᾖ
3066 5456 3137 5510 ἐν
3164 5456 3307 5526 ὑμῖν
3331 5458 3662 5528 σχίσματα.

2085 5545 2193 5599 Τοῦ
2226 5545 2526 5617 σχίσματος
2558 5545 2592 5615 ή
2631 5544 2870 5616 ἔμφασις
2902 5541 2999 5596 καὶ
3034 5539 3168 5596 αὐτὸ
3200 5540 3300 5613 τῆς
3327 5541 3669 5616 κατηγορίας

2159 5842 2175 5865 '
2198 5841 2483 5905 Legebalur
2505 5843 2569 5905 μή
