  <div class='ocr_page' id='page_1' title='image "/cluster/home/n/w/nwhite01/storage/ocr_20150623/61/mdp.39015008622618/028.png"; bbox 0 0 3954 6130; ppageno 0'>
   <div class='ocr_carea' id='block_1_1' title="bbox 221 286 3490 378">
    <p class='ocr_par' dir='ltr' id='par_1_1' title="bbox 221 286 3490 378">
     <span class='ocr_line' id='line_1_1' title="bbox 221 286 3490 378; baseline -0.018 1"><span class='ocrx_word' id='word_1_1' title='bbox 221 323 279 378; x_wconf 74' lang='lat' dir='ltr'><strong>et</strong></span> <span class='ocrx_word' id='word_1_2' title='bbox 1236 303 1298 359; x_wconf 74' lang='lat' dir='ltr'><strong>IN</strong></span> <span class='ocrx_word' id='word_1_3' title='bbox 1343 300 1556 358; x_wconf 77' lang='lat' dir='ltr'><strong>EPIST.</strong></span> <span class='ocrx_word' id='word_1_4' title='bbox 1603 299 1618 352; x_wconf 94' lang='lat' dir='ltr'>I</span> <span class='ocrx_word' id='word_1_5' title='bbox 1685 297 1773 350; x_wconf 82' lang='lat' dir='ltr'><strong>AD</strong></span> <span class='ocrx_word' id='word_1_6' title='bbox 1811 294 1969 350; x_wconf 80' lang='lat' dir='ltr'><strong>con.</strong></span> <span class='ocrx_word' id='word_1_7' title='bbox 2012 290 2243 348; x_wconf 68' lang='lat' dir='ltr'><strong>nomn.</strong></span> <span class='ocrx_word' id='word_1_8' title='bbox 2287 289 2374 344; x_wconf 87' lang='lat' dir='ltr'><strong>ill.</strong></span> <span class='ocrx_word' id='word_1_9' title='bbox 3418 286 3490 338; x_wconf 65' lang='grc' dir='ltr'><strong>ε,</strong></span> 
     </span>
    </p>
   </div>
   <div class='ocr_carea' id='block_1_2' title="bbox 221 411 1792 488">
    <p class='ocr_par' dir='ltr' id='par_1_2' title="bbox 221 411 1792 488">
     <span class='ocr_line' id='line_1_2' title="bbox 221 411 1792 488; baseline -0.017 0"><span class='ocrx_word' id='word_1_10' title='bbox 221 438 275 488; x_wconf 86' lang='lat' dir='ltr'><strong>in</strong></span> <span class='ocrx_word' id='word_1_11' title='bbox 301 440 354 487; x_wconf 89' lang='lat' dir='ltr'><strong>te</strong></span> <span class='ocrx_word' id='word_1_12' title='bbox 385 436 534 485; x_wconf 85' lang='lat' dir='ltr'><strong>recte</strong></span> <span class='ocrx_word' id='word_1_13' title='bbox 561 441 620 482; x_wconf 89' lang='lat' dir='ltr'><strong>se</strong></span> <span class='ocrx_word' id='word_1_14' title='bbox 649 424 864 480; x_wconf 87' lang='lat' dir='ltr'><strong>habent.</strong></span> <span class='ocrx_word' id='word_1_15' title='bbox 896 422 985 476; x_wconf 86' lang='lat' dir='ltr'><strong>Sic</strong></span> <span class='ocrx_word' id='word_1_16' title='bbox 1014 419 1174 472; x_wconf 87' lang='lat' dir='ltr'><strong>etiam</strong></span> <span class='ocrx_word' id='word_1_17' title='bbox 1201 418 1244 470; x_wconf 88' lang='lat' dir='ltr'><strong>si</strong></span> <span class='ocrx_word' id='word_1_18' title='bbox 1274 432 1358 479; x_wconf 90' lang='lat' dir='ltr'><strong>ea,</strong></span> <span class='ocrx_word' id='word_1_19' title='bbox 1388 430 1504 484; x_wconf 83' lang='lat' dir='ltr'><strong>qua:</strong></span> <span class='ocrx_word' id='word_1_20' title='bbox 1535 412 1600 465; x_wconf 85' lang='lat' dir='ltr'><strong>ad</strong></span> <span class='ocrx_word' id='word_1_21' title='bbox 1633 411 1792 464; x_wconf 76' lang='lat' dir='ltr'><strong>vitam</strong></span> 
     </span>
    </p>
   </div>
   <div class='ocr_carea' id='block_1_3' title="bbox 222 505 1792 595">
    <p class='ocr_par' dir='ltr' id='par_1_3' title="bbox 222 505 1792 595">
     <span class='ocr_line' id='line_1_3' title="bbox 222 505 1792 595; baseline -0.016 -15"><span class='ocrx_word' id='word_1_22' title='bbox 222 524 514 595; x_wconf 91' lang='lat' dir='ltr'><strong>pertinent,</strong></span> <span class='ocrx_word' id='word_1_23' title='bbox 535 529 682 575; x_wconf 85' lang='lat' dir='ltr'><strong>recte</strong></span> <span class='ocrx_word' id='word_1_24' title='bbox 711 531 768 572; x_wconf 91' lang='lat' dir='ltr'><strong>se</strong></span> <span class='ocrx_word' id='word_1_25' title='bbox 795 517 1052 570; x_wconf 79' lang='lat' dir='ltr'><strong>haberent</strong></span> <span class='ocrx_word' id='word_1_26' title='bbox 1083 554 1098 576; x_wconf 91' lang='lat'><strong>,</strong></span> <span class='ocrx_word' id='word_1_27' title='bbox 1126 525 1231 564; x_wconf 89' lang='lat' dir='ltr'><strong>non</strong></span> <span class='ocrx_word' id='word_1_28' title='bbox 1263 509 1420 563; x_wconf 84' lang='lat' dir='ltr'><strong>talem</strong></span> <span class='ocrx_word' id='word_1_29' title='bbox 1445 505 1792 576; x_wconf 60' lang='lat' dir='ltr'><strong>qtta‘stionem</strong></span> 
     </span>
    </p>
   </div>
   <div class='ocr_carea' id='block_1_4' title="bbox 223 595 1788 676">
    <p class='ocr_par' dir='ltr' id='par_1_4' title="bbox 223 595 1788 676">
     <span class='ocr_line' id='line_1_4' title="bbox 223 595 1788 676; baseline -0.015 -8"><span class='ocrx_word' id='word_1_30' title='bbox 223 627 502 675; x_wconf 81' lang='lat' dir='ltr'><strong>moveres;</strong></span> <span class='ocrx_word' id='word_1_31' title='bbox 537 624 719 665; x_wconf 86' lang='lat' dir='ltr'><strong>verum</strong></span> <span class='ocrx_word' id='word_1_32' title='bbox 747 605 868 676; x_wconf 85' lang='lat' dir='ltr'><strong>quia</strong></span> <span class='ocrx_word' id='word_1_33' title='bbox 892 605 1035 658; x_wconf 90' lang='lat' dir='ltr'><strong>circa</strong></span> <span class='ocrx_word' id='word_1_34' title='bbox 1067 603 1320 655; x_wconf 80' lang='lat' dir='ltr'><strong>virtutem</strong></span> <span class='ocrx_word' id='word_1_35' title='bbox 1345 613 1527 653; x_wconf 86' lang='lat' dir='ltr'><strong>socors</strong></span> <span class='ocrx_word' id='word_1_36' title='bbox 1555 607 1607 650; x_wconf 91' lang='lat' dir='ltr'><strong>et</strong></span> <span class='ocrx_word' id='word_1_37' title='bbox 1641 595 1788 663; x_wconf 84' lang='lat' dir='ltr'><strong>igna-</strong></span> 
     </span>
    </p>
   </div>
   <div class='ocr_carea' id='block_1_5' title="bbox 226 688 1795 770">
    <p class='ocr_par' dir='ltr' id='par_1_5' title="bbox 226 688 1795 770">
     <span class='ocr_line' id='line_1_5' title="bbox 226 688 1795 770; baseline -0.015 -9"><span class='ocrx_word' id='word_1_38' title='bbox 226 721 320 761; x_wconf 73' lang='lat' dir='ltr'><strong>vus</strong></span> <span class='ocrx_word' id='word_1_39' title='bbox 357 721 417 759; x_wconf 90' lang='lat' dir='ltr'><strong>es</strong></span> <span class='ocrx_word' id='word_1_40' title='bbox 447 747 463 770; x_wconf 89' lang='lat'><strong>,</strong></span> <span class='ocrx_word' id='word_1_41' title='bbox 495 703 612 757; x_wconf 90' lang='lat' dir='ltr'><strong>ideo</strong></span> <span class='ocrx_word' id='word_1_42' title='bbox 638 701 854 755; x_wconf 90' lang='lat' dir='ltr'><strong>insanos</strong></span> <span class='ocrx_word' id='word_1_43' title='bbox 886 698 1048 751; x_wconf 89' lang='lat' dir='ltr'><strong>hosce</strong></span> <span class='ocrx_word' id='word_1_44' title='bbox 1079 694 1290 763; x_wconf 79' lang='lat' dir='ltr'><strong>profers</strong></span> <span class='ocrx_word' id='word_1_45' title='bbox 1317 704 1618 747; x_wconf 85' lang='lat' dir='ltr'><strong>sermones.</strong></span> <span class='ocrx_word' id='word_1_46' title='bbox 1650 688 1795 754; x_wconf 83' lang='lat' dir='ltr'><strong>Quo-</strong></span> 
     </span>
    </p>
   </div>
   <div class='ocr_carea' id='block_1_6' title="bbox 228 777 1795 860">
    <p class='ocr_par' dir='ltr' id='par_1_6' title="bbox 228 777 1795 860">
     <span class='ocr_line' id='line_1_6' title="bbox 228 777 1795 860; baseline -0.013 -10"><span class='ocrx_word' id='word_1_47' title='bbox 228 796 385 850; x_wconf 70' lang='lat' dir='ltr'><strong>modo</strong></span> <span class='ocrx_word' id='word_1_48' title='bbox 423 803 598 848; x_wconf 90' lang='lat' dir='ltr'><strong>autem</strong></span> <span class='ocrx_word' id='word_1_49' title='bbox 645 790 884 860; x_wconf 90' lang='lat' dir='ltr'><strong>oportuit</strong></span> <span class='ocrx_word' id='word_1_50' title='bbox 932 804 993 841; x_wconf 88' lang='lat' dir='ltr'><strong>ex</strong></span> <span class='ocrx_word' id='word_1_51' title='bbox 1044 785 1365 841; x_wconf 68' lang='lat' dir='ltr'><strong>necessitate</strong></span> <span class='ocrx_word' id='word_1_52' title='bbox 1411 781 1526 835; x_wconf 81' lang='lat' dir='ltr'><strong>fieri</strong></span> <span class='ocrx_word' id='word_1_53' title='bbox 1574 777 1795 833; x_wconf 84' lang='lat' dir='ltr'><strong>bonum?</strong></span> 
     </span>
    </p>
   </div>
   <div class='ocr_carea' id='block_1_7' title="bbox 227 869 1798 955">
    <p class='ocr_par' dir='ltr' id='par_1_7' title="bbox 227 869 1798 955">
     <span class='ocr_line' id='line_1_7' title="bbox 227 869 1798 955; baseline -0.012 -15"><span class='ocrx_word' id='word_1_54' title='bbox 227 886 368 955; x_wconf 85' lang='lat' dir='ltr'><strong>Ergo</strong></span> <span class='ocrx_word' id='word_1_55' title='bbox 398 884 629 938; x_wconf 81' lang='lat' dir='ltr'><strong>futurum</strong></span> <span class='ocrx_word' id='word_1_56' title='bbox 657 890 775 935; x_wconf 86' lang='lat' dir='ltr'><strong>erat</strong></span> <span class='ocrx_word' id='word_1_57' title='bbox 808 921 822 943; x_wconf 89' lang='lat'><strong>,</strong></span> <span class='ocrx_word' id='word_1_58' title='bbox 855 890 912 932; x_wconf 92' lang='lat' dir='ltr'><strong>ut</strong></span> <span class='ocrx_word' id='word_1_59' title='bbox 939 879 1090 932; x_wconf 90' lang='lat' dir='ltr'><strong>bruta</strong></span> <span class='ocrx_word' id='word_1_60' title='bbox 1132 874 1382 930; x_wconf 79' lang='lat' dir='ltr'><strong>animalia</strong></span> <span class='ocrx_word' id='word_1_61' title='bbox 1416 871 1696 925; x_wconf 91' lang='lat' dir='ltr'><strong>nobiscum</strong></span> <span class='ocrx_word' id='word_1_62' title='bbox 1730 869 1798 922; x_wconf 89' lang='lat' dir='ltr'><strong>de</strong></span> 
     </span>
    </p>
   </div>
   <div class='ocr_carea' id='block_1_8' title="bbox 225 962 1798 1038">
    <p class='ocr_par' dir='ltr' id='par_1_8' title="bbox 225 962 1798 1038">
     <span class='ocr_line' id='line_1_8' title="bbox 225 962 1798 1038; baseline -0.012 -8"><span class='ocrx_word' id='word_1_63' title='bbox 225 976 417 1030; x_wconf 88' lang='lat' dir='ltr'><strong>virtute</strong></span> <span class='ocrx_word' id='word_1_64' title='bbox 461 980 736 1029; x_wconf 86' lang='lat' dir='ltr'><strong>certarent</strong></span> <span class='ocrx_word' id='word_1_65' title='bbox 767 987 888 1023; x_wconf 90' lang='lat' dir='ltr'><strong>cum</strong></span> <span class='ocrx_word' id='word_1_66' title='bbox 921 969 1164 1038; x_wconf 65' lang='lat' dir='ltr'><strong>quaedam</strong></span> <span class='ocrx_word' id='word_1_67' title='bbox 1192 980 1378 1019; x_wconf 88' lang='lat' dir='ltr'><strong>eorum</strong></span> <span class='ocrx_word' id='word_1_68' title='bbox 1411 962 1566 1016; x_wconf 93' lang='lat' dir='ltr'><strong>nobis</strong></span> <span class='ocrx_word' id='word_1_69' title='bbox 1599 968 1798 1035; x_wconf 81' lang='lat' dir='ltr'><strong>tempe-</strong></span> 
     </span>
    </p>
   </div>
   <div class='ocr_carea' id='block_1_9' title="bbox 225 1049 1800 1125">
    <p class='ocr_par' dir='ltr' id='par_1_9' title="bbox 225 1049 1800 1125">
     <span class='ocr_line' id='line_1_9' title="bbox 225 1049 1800 1125; baseline -0.012 -6"><span class='ocrx_word' id='word_1_70' title='bbox 225 1064 462 1118; x_wconf 89' lang='lat' dir='ltr'><strong>rantiora</strong></span> <span class='ocrx_word' id='word_1_71' title='bbox 495 1062 625 1116; x_wconf 88' lang='lat' dir='ltr'><strong>sint.</strong></span> <span class='ocrx_word' id='word_1_72' title='bbox 673 1059 779 1116; x_wconf 97' lang='lat' dir='ltr'><strong>Sed</strong></span> <span class='ocrx_word' id='word_1_73' title='bbox 809 1060 1022 1112; x_wconf 89' lang='lat' dir='ltr'><strong>mallem</strong></span> <span class='ocrx_word' id='word_1_74' title='bbox 1057 1099 1073 1125; x_wconf 88' lang='lat'><strong>,</strong></span> <span class='ocrx_word' id='word_1_75' title='bbox 1102 1056 1309 1125; x_wconf 83' lang='lat' dir='ltr'><strong>inquies</strong></span> <span class='ocrx_word' id='word_1_76' title='bbox 1341 1096 1355 1118; x_wconf 90' lang='lat'><strong>,</strong></span> <span class='ocrx_word' id='word_1_77' title='bbox 1384 1068 1449 1108; x_wconf 85' lang='lat' dir='ltr'><strong>ex</strong></span> <span class='ocrx_word' id='word_1_78' title='bbox 1479 1049 1800 1106; x_wconf 86' lang='lat' dir='ltr'><strong>necessitate</strong></span> 
     </span>
    </p>
   </div>
   <div class='ocr_carea' id='block_1_10' title="bbox 225 1140 1798 1220">
    <p class='ocr_par' dir='ltr' id='par_1_10' title="bbox 225 1140 1798 1220">
     <span class='ocr_line' id='line_1_10' title="bbox 225 1140 1798 1220; baseline -0.013 -9"><span class='ocrx_word' id='word_1_79' title='bbox 225 1157 392 1211; x_wconf 90' lang='lat' dir='ltr'><strong>bonus</strong></span> <span class='ocrx_word' id='word_1_80' title='bbox 417 1169 560 1220; x_wconf 89' lang='lat' dir='ltr'><strong>esse,</strong></span> <span class='ocrx_word' id='word_1_81' title='bbox 575 1161 629 1206; x_wconf 89' lang='lat' dir='ltr'><strong>et</strong></span> <span class='ocrx_word' id='word_1_82' title='bbox 656 1151 804 1205; x_wconf 89' lang='lat' dir='ltr'><strong>omni</strong></span> <span class='ocrx_word' id='word_1_83' title='bbox 833 1147 1078 1204; x_wconf 83' lang='lat' dir='ltr'><strong>mercede</strong></span> <span class='ocrx_word' id='word_1_84' title='bbox 1104 1145 1323 1217; x_wconf 86' lang='lat' dir='ltr'><strong>privari,</strong></span> <span class='ocrx_word' id='word_1_85' title='bbox 1343 1158 1502 1214; x_wconf 88' lang='lat' dir='ltr'><strong>quam</strong></span> <span class='ocrx_word' id='word_1_86' title='bbox 1533 1157 1598 1195; x_wconf 83' lang='lat' dir='ltr'><strong>ex</strong></span> <span class='ocrx_word' id='word_1_87' title='bbox 1628 1140 1798 1193; x_wconf 91' lang='lat' dir='ltr'><strong>libero</strong></span> 
     </span>
    </p>
   </div>
   <div class='ocr_carea' id='block_1_11' title="bbox 221 1233 1804 1313">
    <p class='ocr_par' dir='ltr' id='par_1_11' title="bbox 221 1233 1804 1313">
     <span class='ocr_line' id='line_1_11' title="bbox 221 1233 1804 1313; baseline -0.014 -9"><span class='ocrx_word' id='word_1_88' title='bbox 221 1247 446 1304; x_wconf 84' lang='lat' dir='ltr'><strong>arbitrio</strong></span> <span class='ocrx_word' id='word_1_89' title='bbox 476 1245 669 1311; x_wconf 89' lang='lat' dir='ltr'><strong>malus,</strong></span> <span class='ocrx_word' id='word_1_90' title='bbox 702 1243 873 1313; x_wconf 90' lang='lat' dir='ltr'><strong>puniri</strong></span> <span class='ocrx_word' id='word_1_91' title='bbox 905 1253 958 1295; x_wconf 92' lang='lat' dir='ltr'><strong>et</strong></span> <span class='ocrx_word' id='word_1_92' title='bbox 986 1238 1249 1310; x_wconf 87' lang='lat' dir='ltr'><strong>supplicio</strong></span> <span class='ocrx_word' id='word_1_93' title='bbox 1277 1235 1438 1289; x_wconf 79' lang='lat' dir='ltr'><strong>affici.</strong></span> <span class='ocrx_word' id='word_1_94' title='bbox 1466 1233 1570 1288; x_wconf 89' lang='lat' dir='ltr'><strong>Sed</strong></span> <span class='ocrx_word' id='word_1_95' title='bbox 1599 1246 1702 1285; x_wconf 88' lang='lat' dir='ltr'><strong>non</strong></span> <span class='ocrx_word' id='word_1_96' title='bbox 1721 1239 1804 1283; x_wconf 88' lang='lat' dir='ltr'><strong>est</strong></span> 
     </span>
    </p>
   </div>
   <div class='ocr_carea' id='block_1_12' title="bbox 226 1322 1804 1408">
    <p class='ocr_par' dir='ltr' id='par_1_12' title="bbox 226 1322 1804 1408">
     <span class='ocr_line' id='line_1_12' title="bbox 226 1322 1804 1408; baseline -0.011 -14"><span class='ocrx_word' id='word_1_97' title='bbox 226 1353 477 1408; x_wconf 79' lang='lat' dir='ltr'><strong>umquam</strong></span> <span class='ocrx_word' id='word_1_98' title='bbox 503 1335 798 1392; x_wconf 86' lang='lat' dir='ltr'><strong>necessitas</strong></span> <span class='ocrx_word' id='word_1_99' title='bbox 822 1349 943 1389; x_wconf 90' lang='lat' dir='ltr'><strong>esse</strong></span> <span class='ocrx_word' id='word_1_100' title='bbox 969 1333 1185 1386; x_wconf 89' lang='lat' dir='ltr'><strong>bonum.</strong></span> <span class='ocrx_word' id='word_1_101' title='bbox 1206 1330 1263 1385; x_wconf 90' lang='lat' dir='ltr'><strong>Si</strong></span> <span class='ocrx_word' id='word_1_102' title='bbox 1281 1344 1411 1398; x_wconf 87' lang='lat' dir='ltr'><strong>ergo</strong></span> <span class='ocrx_word' id='word_1_103' title='bbox 1439 1328 1657 1398; x_wconf 89' lang='lat' dir='ltr'><strong>ignoras</strong></span> <span class='ocrx_word' id='word_1_104' title='bbox 1675 1322 1804 1394; x_wconf 88' lang='lat' dir='ltr'><strong>quid</strong></span> 
     </span>
    </p>
   </div>
   <div class='ocr_carea' id='block_1_13' title="bbox 224 1419 1805 1504">
    <p class='ocr_par' dir='ltr' id='par_1_13' title="bbox 224 1419 1805 1504">
     <span class='ocr_line' id='line_1_13' title="bbox 224 1419 1805 1504; baseline -0.011 -16"><span class='ocrx_word' id='word_1_105' title='bbox 224 1432 489 1504; x_wconf 83' lang='lat' dir='ltr'><strong>agendum</strong></span> <span class='ocrx_word' id='word_1_106' title='bbox 509 1431 602 1497; x_wconf 88' lang='lat' dir='ltr'><strong>sit,</strong></span> <span class='ocrx_word' id='word_1_107' title='bbox 625 1427 848 1483; x_wconf 86' lang='lat' dir='ltr'><strong>ostende</strong></span> <span class='ocrx_word' id='word_1_108' title='bbox 871 1469 884 1488; x_wconf 86' lang='lat'><em>.</em></span> <span class='ocrx_word' id='word_1_109' title='bbox 917 1434 974 1481; x_wconf 89' lang='lat' dir='ltr'><strong>et</strong></span> <span class='ocrx_word' id='word_1_110' title='bbox 998 1434 1126 1478; x_wconf 88' lang='lat' dir='ltr'><strong>tunc</strong></span> <span class='ocrx_word' id='word_1_111' title='bbox 1149 1425 1391 1478; x_wconf 86' lang='lat' dir='ltr'><strong>dicemus</strong></span> <span class='ocrx_word' id='word_1_112' title='bbox 1417 1421 1470 1475; x_wconf 89' lang='lat' dir='ltr'><strong>id</strong></span> <span class='ocrx_word' id='word_1_113' title='bbox 1499 1419 1640 1488; x_wconf 89' lang='lat' dir='ltr'><strong>quod</strong></span> <span class='ocrx_word' id='word_1_114' title='bbox 1671 1431 1805 1486; x_wconf 90' lang='lat' dir='ltr'><strong>opus</strong></span> 
     </span>
    </p>
   </div>
   <div class='ocr_carea' id='block_1_14' title="bbox 220 1510 1806 1578">
    <p class='ocr_par' dir='ltr' id='par_1_14' title="bbox 220 1510 1806 1578">
     <span class='ocr_line' id='line_1_14' title="bbox 220 1510 1806 1578; baseline -0.012 0"><span class='ocrx_word' id='word_1_115' title='bbox 220 1531 312 1578; x_wconf 85' lang='lat' dir='ltr'><strong>est</strong></span> <span class='ocrx_word' id='word_1_116' title='bbox 339 1522 520 1576; x_wconf 89' lang='lat' dir='ltr'><strong>dicere</strong></span> <span class='ocrx_word' id='word_1_117' title='bbox 551 1538 565 1573; x_wconf 91' lang='lat'>:</span> <span class='ocrx_word' id='word_1_118' title='bbox 597 1519 645 1573; x_wconf 87' lang='lat' dir='ltr'><strong>si</strong></span> <span class='ocrx_word' id='word_1_119' title='bbox 667 1533 796 1572; x_wconf 89' lang='lat' dir='ltr'><strong>vero</strong></span> <span class='ocrx_word' id='word_1_120' title='bbox 822 1515 1098 1571; x_wconf 88' lang='lat' dir='ltr'><strong>libidinem</strong></span> <span class='ocrx_word' id='word_1_121' title='bbox 1129 1514 1322 1568; x_wconf 88' lang='lat' dir='ltr'><strong>malam</strong></span> <span class='ocrx_word' id='word_1_122' title='bbox 1349 1527 1471 1567; x_wconf 86' lang='lat' dir='ltr'><strong>esse</strong></span> <span class='ocrx_word' id='word_1_123' title='bbox 1502 1510 1642 1565; x_wconf 87' lang='lat' dir='ltr'><strong>nosti</strong></span> <span class='ocrx_word' id='word_1_124' title='bbox 1666 1549 1680 1571; x_wconf 88' lang='lat'><strong>,</strong></span> <span class='ocrx_word' id='word_1_125' title='bbox 1709 1521 1806 1561; x_wconf 88' lang='lat' dir='ltr'><strong>cur</strong></span> 
     </span>
    </p>
   </div>
   <div class='ocr_carea' id='block_1_15' title="bbox 225 1603 1806 1682">
    <p class='ocr_par' dir='ltr' id='par_1_15' title="bbox 225 1603 1806 1682">
     <span class='ocr_line' id='line_1_15' title="bbox 225 1603 1806 1682; baseline -0.011 -10"><span class='ocrx_word' id='word_1_126' title='bbox 225 1618 428 1673; x_wconf 88' lang='lat' dir='ltr'><strong>malam</strong></span> <span class='ocrx_word' id='word_1_127' title='bbox 449 1629 565 1669; x_wconf 90' lang='lat' dir='ltr'><strong>rem</strong></span> <span class='ocrx_word' id='word_1_128' title='bbox 595 1627 701 1667; x_wconf 92' lang='lat' dir='ltr'><strong>non</strong></span> <span class='ocrx_word' id='word_1_129' title='bbox 733 1612 908 1682; x_wconf 83' lang='lat' dir='ltr'><strong>fugis?</strong></span> <span class='ocrx_word' id='word_1_130' title='bbox 937 1612 1051 1676; x_wconf 82' lang='lat' dir='ltr'><strong>Non</strong></span> <span class='ocrx_word' id='word_1_131' title='bbox 1074 1625 1313 1679; x_wconf 90' lang='lat' dir='ltr'><strong>possum,</strong></span> <span class='ocrx_word' id='word_1_132' title='bbox 1346 1606 1576 1675; x_wconf 82' lang='lat' dir='ltr'><strong>inquies.</strong></span> <span class='ocrx_word' id='word_1_133' title='bbox 1609 1603 1806 1656; x_wconf 82' lang='lat' dir='ltr'><strong>Verum</strong></span> 
     </span>
    </p>
   </div>
   <div class='ocr_carea' id='block_1_16' title="bbox 223 1691 1809 1776">
    <p class='ocr_par' dir='ltr' id='par_1_16' title="bbox 223 1691 1809 1776">
     <span class='ocr_line' id='line_1_16' title="bbox 223 1691 1809 1776; baseline -0.011 -13"><span class='ocrx_word' id='word_1_134' title='bbox 223 1707 347 1774; x_wconf 83' lang='lat' dir='ltr'><strong>alii,</strong></span> <span class='ocrx_word' id='word_1_135' title='bbox 369 1707 465 1776; x_wconf 91' lang='lat' dir='ltr'><strong>qui</strong></span> <span class='ocrx_word' id='word_1_136' title='bbox 494 1704 700 1772; x_wconf 83' lang='lat' dir='ltr'><strong>majora</strong></span> <span class='ocrx_word' id='word_1_137' title='bbox 722 1712 869 1757; x_wconf 88' lang='lat' dir='ltr'><strong>recte</strong></span> <span class='ocrx_word' id='word_1_138' title='bbox 894 1709 1196 1770; x_wconf 87' lang='lat' dir='ltr'><strong>gesserunt,</strong></span> <span class='ocrx_word' id='word_1_139' title='bbox 1227 1707 1281 1754; x_wconf 92' lang='lat' dir='ltr'><strong>te</strong></span> <span class='ocrx_word' id='word_1_140' title='bbox 1308 1695 1654 1760; x_wconf 85' lang='lat' dir='ltr'><strong>accusabunt,</strong></span> <span class='ocrx_word' id='word_1_141' title='bbox 1687 1691 1809 1747; x_wconf 85' lang='lat' dir='ltr'><strong>tibi-</strong></span> 
     </span>
    </p>
   </div>
   <div class='ocr_carea' id='block_1_17' title="bbox 226 1786 1807 1870">
    <p class='ocr_par' dir='ltr' id='par_1_17' title="bbox 226 1786 1807 1870">
     <span class='ocr_line' id='line_1_17' title="bbox 226 1786 1807 1870; baseline -0.011 -15"><span class='ocrx_word' id='word_1_142' title='bbox 226 1814 337 1870; x_wconf 86' lang='lat' dir='ltr'><strong>que</strong></span> <span class='ocrx_word' id='word_1_143' title='bbox 362 1797 418 1852; x_wconf 91' lang='lat' dir='ltr'><strong>vi</strong></span> <span class='ocrx_word' id='word_1_144' title='bbox 451 1811 642 1866; x_wconf 88' lang='lat' dir='ltr'><strong>magna</strong></span> <span class='ocrx_word' id='word_1_145' title='bbox 671 1809 734 1850; x_wconf 89' lang='lat' dir='ltr'><strong>os</strong></span> <span class='ocrx_word' id='word_1_146' title='bbox 757 1794 1052 1849; x_wconf 84' lang='lat' dir='ltr'><strong>obstruent.</strong></span> <span class='ocrx_word' id='word_1_147' title='bbox 1099 1792 1178 1846; x_wconf 85' lang='lat' dir='ltr'><strong>Tu</strong></span> <span class='ocrx_word' id='word_1_148' title='bbox 1217 1791 1360 1846; x_wconf 88' lang='lat' dir='ltr'><strong>enim</strong></span> <span class='ocrx_word' id='word_1_149' title='bbox 1393 1789 1618 1845; x_wconf 79' lang='lat' dir='ltr'><strong>fortasse</strong></span> <span class='ocrx_word' id='word_1_150' title='bbox 1648 1786 1807 1840; x_wconf 89' lang='lat' dir='ltr'><strong>etiam</strong></span> 
     </span>
    </p>
   </div>
   <div class='ocr_carea' id='block_1_18' title="bbox 223 1879 1810 1954">
    <p class='ocr_par' dir='ltr' id='par_1_18' title="bbox 223 1879 1810 1954">
     <span class='ocr_line' id='line_1_18' title="bbox 223 1879 1810 1954; baseline -0.011 -7"><span class='ocrx_word' id='word_1_151' title='bbox 223 1905 350 1947; x_wconf 89' lang='lat' dir='ltr'><strong>cum</strong></span> <span class='ocrx_word' id='word_1_152' title='bbox 382 1904 551 1944; x_wconf 84' lang='lat' dir='ltr'><strong>uxore</strong></span> <span class='ocrx_word' id='word_1_153' title='bbox 595 1894 684 1943; x_wconf 91' lang='lat' dir='ltr'><strong>tua</strong></span> <span class='ocrx_word' id='word_1_154' title='bbox 734 1901 839 1941; x_wconf 91' lang='lat' dir='ltr'><strong>non</strong></span> <span class='ocrx_word' id='word_1_155' title='bbox 891 1895 1039 1940; x_wconf 88' lang='lat' dir='ltr'><strong>caste</strong></span> <span class='ocrx_word' id='word_1_156' title='bbox 1067 1884 1213 1954; x_wconf 90' lang='lat' dir='ltr'><strong>agis;</strong></span> <span class='ocrx_word' id='word_1_157' title='bbox 1244 1883 1382 1936; x_wconf 90' lang='lat' dir='ltr'><strong>alius</strong></span> <span class='ocrx_word' id='word_1_158' title='bbox 1431 1895 1560 1935; x_wconf 90' lang='lat' dir='ltr'><strong>vero</strong></span> <span class='ocrx_word' id='word_1_159' title='bbox 1612 1879 1810 1947; x_wconf 85' lang='lat' dir='ltr'><strong>absque</strong></span> 
     </span>
    </p>
   </div>
   <div class='ocr_carea' id='block_1_19' title="bbox 229 1969 1810 2049">
    <p class='ocr_par' dir='ltr' id='par_1_19' title="bbox 229 1969 1810 2049">
     <span class='ocr_line' id='line_1_19' title="bbox 229 1969 1810 2049; baseline -0.008 -12"><span class='ocrx_word' id='word_1_160' title='bbox 229 1995 397 2038; x_wconf 90' lang='lat' dir='ltr'><strong>uxore</strong></span> <span class='ocrx_word' id='word_1_161' title='bbox 427 1981 694 2049; x_wconf 76' lang='lat' dir='ltr'><strong>integram</strong></span> <span class='ocrx_word' id='word_1_162' title='bbox 721 1986 902 2034; x_wconf 80' lang='lat' dir='ltr'><strong>servat</strong></span> <span class='ocrx_word' id='word_1_163' title='bbox 927 1977 1250 2032; x_wconf 87' lang='lat' dir='ltr'><strong>castitatem.</strong></span> <span class='ocrx_word' id='word_1_164' title='bbox 1284 1973 1454 2040; x_wconf 91' lang='lat' dir='ltr'><strong>Quam</strong></span> <span class='ocrx_word' id='word_1_165' title='bbox 1491 1985 1618 2040; x_wconf 86' lang='lat' dir='ltr'><strong>ergo</strong></span> <span class='ocrx_word' id='word_1_166' title='bbox 1648 1969 1810 2024; x_wconf 85' lang='lat' dir='ltr'><strong>habes</strong></span> 
     </span>
    </p>
   </div>
   <div class='ocr_carea' id='block_1_20' title="bbox 228 2062 1809 2141">
    <p class='ocr_par' dir='ltr' id='par_1_20' title="bbox 228 2062 1809 2141">
     <span class='ocr_line' id='line_1_20' title="bbox 228 2062 1809 2141; baseline -0.01 -11"><span class='ocrx_word' id='word_1_167' title='bbox 228 2073 626 2137; x_wconf 82' lang='lat' dir='ltr'><strong>defensionem,</strong></span> <span class='ocrx_word' id='word_1_168' title='bbox 655 2071 748 2141; x_wconf 91' lang='lat' dir='ltr'><strong>qui</strong></span> <span class='ocrx_word' id='word_1_169' title='bbox 775 2069 990 2124; x_wconf 90' lang='lat' dir='ltr'><strong>modum</strong></span> <span class='ocrx_word' id='word_1_170' title='bbox 1018 2084 1126 2123; x_wconf 90' lang='lat' dir='ltr'><strong>non</strong></span> <span class='ocrx_word' id='word_1_171' title='bbox 1155 2081 1361 2133; x_wconf 83' lang='lat' dir='ltr'><strong>serves,</strong></span> <span class='ocrx_word' id='word_1_172' title='bbox 1385 2065 1512 2121; x_wconf 91' lang='lat' dir='ltr'><strong>dum</strong></span> <span class='ocrx_word' id='word_1_173' title='bbox 1531 2063 1666 2117; x_wconf 90' lang='lat' dir='ltr'><strong>alius</strong></span> <span class='ocrx_word' id='word_1_174' title='bbox 1694 2062 1809 2132; x_wconf 91' lang='lat' dir='ltr'><strong>ipsa</strong></span> 
     </span>
    </p>
   </div>
   <div class='ocr_carea' id='block_1_21' title="bbox 229 2155 1814 2235">
    <p class='ocr_par' dir='ltr' id='par_1_21' title="bbox 229 2155 1814 2235">
     <span class='ocr_line' id='line_1_21' title="bbox 229 2155 1814 2235; baseline -0.009 -14"><span class='ocrx_word' id='word_1_175' title='bbox 229 2173 382 2235; x_wconf 82' lang='lat' dir='ltr'><strong>septa</strong></span> <span class='ocrx_word' id='word_1_176' title='bbox 413 2161 687 2218; x_wconf 82' lang='lat' dir='ltr'><strong>transilit?</strong></span> <span class='ocrx_word' id='word_1_177' title='bbox 712 2162 782 2216; x_wconf 87' lang='lat' dir='ltr'><strong>At</strong></span> <span class='ocrx_word' id='word_1_178' title='bbox 805 2175 910 2216; x_wconf 90' lang='lat' dir='ltr'><strong>non</strong></span> <span class='ocrx_word' id='word_1_179' title='bbox 931 2174 1134 2230; x_wconf 88' lang='lat' dir='ltr'><strong>parem,</strong></span> <span class='ocrx_word' id='word_1_180' title='bbox 1163 2158 1394 2228; x_wconf 89' lang='lat' dir='ltr'><strong>inquies,</strong></span> <span class='ocrx_word' id='word_1_181' title='bbox 1427 2155 1600 2209; x_wconf 85' lang='lat' dir='ltr'><strong>habeo</strong></span> <span class='ocrx_word' id='word_1_182' title='bbox 1629 2166 1814 2224; x_wconf 90' lang='lat' dir='ltr'><strong>corpo-</strong></span> 
     </span>
    </p>
   </div>
   <div class='ocr_carea' id='block_1_22' title="bbox 229 2247 1812 2323">
    <p class='ocr_par' dir='ltr' id='par_1_22' title="bbox 229 2247 1812 2323">
     <span class='ocr_line' id='line_1_22' title="bbox 229 2247 1812 2323; baseline -0.008 -13"><span class='ocrx_word' id='word_1_183' title='bbox 229 2256 311 2310; x_wconf 74' lang='lat' dir='ltr'><strong>ris</strong></span> <span class='ocrx_word' id='word_1_184' title='bbox 339 2263 602 2317; x_wconf 86' lang='lat' dir='ltr'><strong>naturam.</strong></span> <span class='ocrx_word' id='word_1_185' title='bbox 621 2269 727 2308; x_wconf 90' lang='lat' dir='ltr'><strong>non</strong></span> <span class='ocrx_word' id='word_1_186' title='bbox 755 2269 850 2323; x_wconf 89' lang='lat' dir='ltr'><strong>par</strong></span> <span class='ocrx_word' id='word_1_187' title='bbox 869 2251 1196 2323; x_wconf 88' lang='lat' dir='ltr'><strong>prepositum</strong></span> <span class='ocrx_word' id='word_1_188' title='bbox 1219 2249 1526 2304; x_wconf 79' lang='lat' dir='ltr'><strong>voluntatis.</strong></span> <span class='ocrx_word' id='word_1_189' title='bbox 1550 2247 1682 2314; x_wconf 87' lang='lat' dir='ltr'><strong>Quia</strong></span> <span class='ocrx_word' id='word_1_190' title='bbox 1706 2261 1812 2299; x_wconf 91' lang='lat' dir='ltr'><strong>non</strong></span> 
     </span>
    </p>
   </div>
   <div class='ocr_carea' id='block_1_23' title="bbox 228 2342 1814 2416">
    <p class='ocr_par' dir='ltr' id='par_1_23' title="bbox 228 2342 1814 2416">
     <span class='ocr_line' id='line_1_23' title="bbox 228 2342 1814 2416; baseline -0.008 -14"><span class='ocrx_word' id='word_1_191' title='bbox 228 2347 338 2413; x_wconf 83' lang='lat' dir='ltr'><strong>vis,</strong></span> <span class='ocrx_word' id='word_1_192' title='bbox 367 2361 471 2402; x_wconf 92' lang='lat' dir='ltr'><strong>non</strong></span> <span class='ocrx_word' id='word_1_193' title='bbox 500 2345 624 2416; x_wconf 87' lang='lat' dir='ltr'><strong>quia</strong></span> <span class='ocrx_word' id='word_1_194' title='bbox 655 2359 760 2399; x_wconf 90' lang='lat' dir='ltr'><strong>non</strong></span> <span class='ocrx_word' id='word_1_195' title='bbox 787 2342 1208 2414; x_wconf 81' lang='lat' dir='ltr'><strong>poteszostendo</strong></span> <span class='ocrx_word' id='word_1_196' title='bbox 1233 2354 1462 2410; x_wconf 88' lang='lat' dir='ltr'><strong>namque</strong></span> <span class='ocrx_word' id='word_1_197' title='bbox 1490 2353 1677 2393; x_wconf 88' lang='lat' dir='ltr'><strong>omnes</strong></span> <span class='ocrx_word' id='word_1_198' title='bbox 1694 2351 1814 2391; x_wconf 84' lang='lat' dir='ltr'><strong>esse</strong></span> 
     </span>
    </p>
   </div>
   <div class='ocr_carea' id='block_1_24' title="bbox 227 2429 1810 2504">
    <p class='ocr_par' dir='ltr' id='par_1_24' title="bbox 227 2429 1810 2504">
     <span class='ocr_line' id='line_1_24' title="bbox 227 2429 1810 2504; baseline -0.009 -10"><span class='ocrx_word' id='word_1_199' title='bbox 227 2441 304 2494; x_wconf 82' lang='lat' dir='ltr'><strong>ad</strong></span> <span class='ocrx_word' id='word_1_200' title='bbox 328 2440 577 2494; x_wconf 80' lang='lat' dir='ltr'><strong>virtutem</strong></span> <span class='ocrx_word' id='word_1_201' title='bbox 611 2437 854 2492; x_wconf 90' lang='lat' dir='ltr'><strong>idoneos.</strong></span> <span class='ocrx_word' id='word_1_202' title='bbox 893 2435 1027 2491; x_wconf 91' lang='lat' dir='ltr'><strong>Nam</strong></span> <span class='ocrx_word' id='word_1_203' title='bbox 1064 2433 1205 2504; x_wconf 86' lang='lat' dir='ltr'><strong>quod</strong></span> <span class='ocrx_word' id='word_1_204' title='bbox 1235 2448 1339 2487; x_wconf 90' lang='lat' dir='ltr'><strong>non</strong></span> <span class='ocrx_word' id='word_1_205' title='bbox 1371 2441 1547 2502; x_wconf 89' lang='lat' dir='ltr'><strong>potest</strong></span> <span class='ocrx_word' id='word_1_206' title='bbox 1577 2429 1699 2500; x_wconf 89' lang='lat' dir='ltr'><strong>quis</strong></span> <span class='ocrx_word' id='word_1_207' title='bbox 1729 2429 1810 2481; x_wconf 87' lang='lat' dir='ltr'><strong>fa-</strong></span> 
     </span>
    </p>
   </div>
   <div class='ocr_carea' id='block_1_25' title="bbox 227 2521 1812 2600">
    <p class='ocr_par' dir='ltr' id='par_1_25' title="bbox 227 2521 1812 2600">
     <span class='ocr_line' id='line_1_25' title="bbox 227 2521 1812 2600; baseline -0.008 -14"><span class='ocrx_word' id='word_1_208' title='bbox 227 2545 383 2596; x_wconf 87' lang='lat' dir='ltr'><strong>cere,</strong></span> <span class='ocrx_word' id='word_1_209' title='bbox 415 2543 588 2600; x_wconf 89' lang='lat' dir='ltr'><strong>neque</strong></span> <span class='ocrx_word' id='word_1_210' title='bbox 611 2528 844 2583; x_wconf 87' lang='lat' dir='ltr'><strong>instante</strong></span> <span class='ocrx_word' id='word_1_211' title='bbox 869 2526 1189 2581; x_wconf 86' lang='lat' dir='ltr'><strong>necessitate</strong></span> <span class='ocrx_word' id='word_1_212' title='bbox 1210 2525 1404 2594; x_wconf 85' lang='lat' dir='ltr'><strong>poterit</strong></span> <span class='ocrx_word' id='word_1_213' title='bbox 1431 2541 1444 2576; x_wconf 90' lang='lat'><strong>:</strong></span> <span class='ocrx_word' id='word_1_214' title='bbox 1477 2521 1619 2593; x_wconf 88' lang='lat' dir='ltr'><strong>quod</strong></span> <span class='ocrx_word' id='word_1_215' title='bbox 1649 2521 1695 2575; x_wconf 90' lang='lat' dir='ltr'><strong>si</strong></span> <span class='ocrx_word' id='word_1_216' title='bbox 1725 2521 1812 2574; x_wconf 89' lang='lat' dir='ltr'><strong>in-</strong></span> 
     </span>
    </p>
   </div>
   <div class='ocr_carea' id='block_1_26' title="bbox 229 2608 1819 2687">
    <p class='ocr_par' dir='ltr' id='par_1_26' title="bbox 229 2608 1819 2687">
     <span class='ocr_line' id='line_1_26' title="bbox 229 2608 1819 2687; baseline -0.009 -10"><span class='ocrx_word' id='word_1_217' title='bbox 229 2630 416 2677; x_wconf 83' lang='lat' dir='ltr'><strong>stante</strong></span> <span class='ocrx_word' id='word_1_218' title='bbox 440 2619 756 2674; x_wconf 84' lang='lat' dir='ltr'><strong>necessitate</strong></span> <span class='ocrx_word' id='word_1_219' title='bbox 786 2617 976 2687; x_wconf 87' lang='lat' dir='ltr'><strong>possit,</strong></span> <span class='ocrx_word' id='word_1_220' title='bbox 1003 2616 1093 2686; x_wconf 90' lang='lat' dir='ltr'><strong>qui</strong></span> <span class='ocrx_word' id='word_1_221' title='bbox 1125 2631 1229 2669; x_wconf 91' lang='lat' dir='ltr'><strong>non</strong></span> <span class='ocrx_word' id='word_1_222' title='bbox 1255 2614 1400 2680; x_wconf 83' lang='lat' dir='ltr'><strong>facit,</strong></span> <span class='ocrx_word' id='word_1_223' title='bbox 1428 2629 1495 2668; x_wconf 89' lang='lat' dir='ltr'><strong>ex</strong></span> <span class='ocrx_word' id='word_1_224' title='bbox 1541 2608 1819 2680; x_wconf 87' lang='lat' dir='ltr'><strong>proposito</strong></span> 
     </span>
    </p>
   </div>
   <div class='ocr_carea' id='block_1_27' title="bbox 235 2700 1819 2778">
    <p class='ocr_par' dir='ltr' id='par_1_27' title="bbox 235 2700 1819 2778">
     <span class='ocr_line' id='line_1_27' title="bbox 235 2700 1819 2778; baseline -0.008 -12"><span class='ocrx_word' id='word_1_225' title='bbox 235 2709 538 2768; x_wconf 76' lang='lat' dir='ltr'><strong>voluntatis</strong></span> <span class='ocrx_word' id='word_1_226' title='bbox 565 2725 671 2765; x_wconf 91' lang='lat' dir='ltr'><strong>non</strong></span> <span class='ocrx_word' id='word_1_227' title='bbox 695 2708 836 2764; x_wconf 87' lang='lat' dir='ltr'><strong>facit.</strong></span> <span class='ocrx_word' id='word_1_228' title='bbox 867 2708 1113 2778; x_wconf 77' lang='lat' dir='ltr'><strong>Exempli</strong></span> <span class='ocrx_word' id='word_1_229' title='bbox 1139 2721 1322 2772; x_wconf 87' lang='lat' dir='ltr'><strong>causa,</strong></span> <span class='ocrx_word' id='word_1_230' title='bbox 1343 2705 1529 2759; x_wconf 89' lang='lat' dir='ltr'><strong>volare</strong></span> <span class='ocrx_word' id='word_1_231' title='bbox 1555 2711 1610 2758; x_wconf 91' lang='lat' dir='ltr'><strong>et</strong></span> <span class='ocrx_word' id='word_1_232' title='bbox 1627 2700 1693 2756; x_wconf 92' lang='lat' dir='ltr'><strong>ad</strong></span> <span class='ocrx_word' id='word_1_233' title='bbox 1715 2716 1819 2754; x_wconf 69' lang='lat' dir='ltr'><strong>ca:-</strong></span> 
     </span>
    </p>
   </div>
   <div class='ocr_carea' id='block_1_28' title="bbox 232 2793 1822 2871">
    <p class='ocr_par' dir='ltr' id='par_1_28' title="bbox 232 2793 1822 2871">
     <span class='ocr_line' id='line_1_28' title="bbox 232 2793 1822 2871; baseline -0.009 -12"><span class='ocrx_word' id='word_1_234' title='bbox 232 2806 356 2860; x_wconf 82' lang='lat' dir='ltr'><strong>lum</strong></span> <span class='ocrx_word' id='word_1_235' title='bbox 386 2800 514 2857; x_wconf 88' lang='lat' dir='ltr'><strong>ferri</strong></span> <span class='ocrx_word' id='word_1_236' title='bbox 553 2801 696 2871; x_wconf 87' lang='lat' dir='ltr'><strong>gravi</strong></span> <span class='ocrx_word' id='word_1_237' title='bbox 727 2813 952 2869; x_wconf 89' lang='lat' dir='ltr'><strong>corpore</strong></span> <span class='ocrx_word' id='word_1_238' title='bbox 978 2798 1290 2868; x_wconf 69' lang='lat' dir='ltr'><strong>praeditum,</strong></span> <span class='ocrx_word' id='word_1_239' title='bbox 1317 2795 1536 2851; x_wconf 86' lang='lat' dir='ltr'><strong>omnino</strong></span> <span class='ocrx_word' id='word_1_240' title='bbox 1582 2793 1696 2847; x_wconf 82' lang='lat' dir='ltr'><strong>fieri</strong></span> <span class='ocrx_word' id='word_1_241' title='bbox 1728 2805 1822 2845; x_wconf 88' lang='lat' dir='ltr'><strong>ne-</strong></span> 
     </span>
    </p>
   </div>
   <div class='ocr_carea' id='block_1_29' title="bbox 233 2885 1820 2965">
    <p class='ocr_par' dir='ltr' id='par_1_29' title="bbox 233 2885 1820 2965">
     <span class='ocr_line' id='line_1_29' title="bbox 233 2885 1820 2965; baseline -0.007 -20"><span class='ocrx_word' id='word_1_242' title='bbox 233 2894 377 2965; x_wconf 86' lang='lat' dir='ltr'><strong>quit.</strong></span> <span class='ocrx_word' id='word_1_243' title='bbox 406 2891 544 2959; x_wconf 83' lang='lat' dir='ltr'><strong>Quid</strong></span> <span class='ocrx_word' id='word_1_244' title='bbox 569 2906 698 2962; x_wconf 89' lang='lat' dir='ltr'><strong>ergo</strong></span> <span class='ocrx_word' id='word_1_245' title='bbox 717 2933 731 2956; x_wconf 94' lang='lat'><strong>,</strong></span> <span class='ocrx_word' id='word_1_246' title='bbox 764 2890 813 2946; x_wconf 92' lang='lat' dir='ltr'><strong>si</strong></span> <span class='ocrx_word' id='word_1_247' title='bbox 855 2905 951 2945; x_wconf 89' lang='lat' dir='ltr'><strong>rex</strong></span> <span class='ocrx_word' id='word_1_248' title='bbox 995 2888 1218 2959; x_wconf 89' lang='lat' dir='ltr'><strong>jusserit</strong></span> <span class='ocrx_word' id='word_1_249' title='bbox 1247 2887 1348 2942; x_wconf 87' lang='lat' dir='ltr'><strong>hoc</strong></span> <span class='ocrx_word' id='word_1_250' title='bbox 1375 2885 1570 2951; x_wconf 88' lang='lat' dir='ltr'><strong>facere,</strong></span> <span class='ocrx_word' id='word_1_251' title='bbox 1598 2892 1653 2937; x_wconf 89' lang='lat' dir='ltr'><strong>et</strong></span> <span class='ocrx_word' id='word_1_252' title='bbox 1679 2899 1820 2937; x_wconf 88' lang='lat' dir='ltr'><strong>mor-</strong></span> 
     </span>
    </p>
   </div>
   <div class='ocr_carea' id='block_1_30' title="bbox 237 2977 1823 3046">
    <p class='ocr_par' dir='ltr' id='par_1_30' title="bbox 237 2977 1823 3046">
     <span class='ocr_line' id='line_1_30' title="bbox 237 2977 1823 3046; baseline -0.007 -4"><span class='ocrx_word' id='word_1_253' title='bbox 237 2995 352 3042; x_wconf 83' lang='lat' dir='ltr'><strong>tem</strong></span> <span class='ocrx_word' id='word_1_254' title='bbox 370 2983 726 3041; x_wconf 85' lang='lat' dir='ltr'><strong>comminetur</strong></span> <span class='ocrx_word' id='word_1_255' title='bbox 745 2982 930 3038; x_wconf 89' lang='lat' dir='ltr'><strong>dicens</strong></span> <span class='ocrx_word' id='word_1_256' title='bbox 954 2999 969 3038; x_wconf 91' lang='lat'><strong>:</strong></span> <span class='ocrx_word' id='word_1_257' title='bbox 999 2981 1252 3036; x_wconf 91' lang='lat' dir='ltr'><strong>llomines</strong></span> <span class='ocrx_word' id='word_1_258' title='bbox 1278 2995 1384 3035; x_wconf 90' lang='lat' dir='ltr'><strong>non</strong></span> <span class='ocrx_word' id='word_1_259' title='bbox 1407 2979 1646 3033; x_wconf 87' lang='lat' dir='ltr'><strong>volantes</strong></span> <span class='ocrx_word' id='word_1_260' title='bbox 1661 2977 1823 3046; x_wconf 80' lang='lat' dir='ltr'><strong>jubeo</strong></span> 
     </span>
    </p>
   </div>
   <div class='ocr_carea' id='block_1_31' title="bbox 236 3067 1823 3142">
    <p class='ocr_par' dir='ltr' id='par_1_31' title="bbox 236 3067 1823 3142">
     <span class='ocr_line' id='line_1_31' title="bbox 236 3067 1823 3142; baseline -0.008 -10"><span class='ocrx_word' id='word_1_261' title='bbox 236 3073 454 3132; x_wconf 87' lang='lat' dir='ltr'><strong>concidi</strong></span> <span class='ocrx_word' id='word_1_262' title='bbox 480 3073 567 3128; x_wconf 87' lang='lat' dir='ltr'><strong>vel</strong></span> <span class='ocrx_word' id='word_1_263' title='bbox 595 3073 676 3128; x_wconf 91' lang='lat' dir='ltr'><strong>uri</strong></span> <span class='ocrx_word' id='word_1_264' title='bbox 707 3113 723 3138; x_wconf 93' lang='lat'><strong>,</strong></span> <span class='ocrx_word' id='word_1_265' title='bbox 772 3072 856 3128; x_wconf 78' lang='lat' dir='ltr'><strong>vel</strong></span> <span class='ocrx_word' id='word_1_266' title='bbox 886 3070 1012 3142; x_wconf 91' lang='lat' dir='ltr'><strong>quid</strong></span> <span class='ocrx_word' id='word_1_267' title='bbox 1040 3070 1218 3125; x_wconf 89' lang='lat' dir='ltr'><strong>simile</strong></span> <span class='ocrx_word' id='word_1_268' title='bbox 1239 3069 1348 3140; x_wconf 90' lang='lat' dir='ltr'><strong>pati</strong></span> <span class='ocrx_word' id='word_1_269' title='bbox 1375 3087 1388 3124; x_wconf 89' lang='lat'><strong>:</strong></span> <span class='ocrx_word' id='word_1_270' title='bbox 1420 3085 1546 3124; x_wconf 93' lang='lat' dir='ltr'><strong>num</strong></span> <span class='ocrx_word' id='word_1_271' title='bbox 1573 3069 1691 3138; x_wconf 71' lang='lat' dir='ltr'><strong>qilia</strong></span> <span class='ocrx_word' id='word_1_272' title='bbox 1719 3067 1823 3136; x_wconf 90' lang='lat' dir='ltr'><strong>ipsi</strong></span> 
     </span>
    </p>
   </div>
   <div class='ocr_carea' id='block_1_32' title="bbox 239 3147 1820 3237">
    <p class='ocr_par' dir='ltr' id='par_1_32' title="bbox 239 3147 1820 3237">
     <span class='ocr_line' id='line_1_32' title="bbox 239 3147 1820 3237; baseline -0.007 -14"><span class='ocrx_word' id='word_1_273' title='bbox 239 3167 494 3224; x_wconf 84' lang='lat' dir='ltr'><strong>obediet?</strong></span> <span class='ocrx_word' id='word_1_274' title='bbox 513 3166 856 3237; x_wconf 84' lang='lat' dir='ltr'><strong>Nequaquam</strong></span> <span class='ocrx_word' id='word_1_275' title='bbox 883 3207 897 3220; x_wconf 92' lang='lat'><strong>.</strong></span> <span class='ocrx_word' id='word_1_276' title='bbox 931 3165 1033 3220; x_wconf 91' lang='lat' dir='ltr'><strong>hoc</strong></span> <span class='ocrx_word' id='word_1_277' title='bbox 1059 3165 1199 3220; x_wconf 89' lang='lat' dir='ltr'><strong>enim</strong></span> <span class='ocrx_word' id='word_1_278' title='bbox 1227 3172 1410 3218; x_wconf 89' lang='lat' dir='ltr'><strong>natura</strong></span> <span class='ocrx_word' id='word_1_279' title='bbox 1442 3161 1586 3217; x_wconf 88' lang='lat' dir='ltr'><strong>ferre</strong></span> <span class='ocrx_word' id='word_1_280' title='bbox 1617 3147 1820 3232; x_wconf 64' lang='lat' dir='ltr'><strong>ne‘qttit.</strong></span> 
     </span>
    </p>
   </div>
   <div class='ocr_carea' id='block_1_33' title="bbox 239 3251 1825 3326">
    <p class='ocr_par' dir='ltr' id='par_1_33' title="bbox 239 3251 1825 3326">
     <span class='ocr_line' id='line_1_33' title="bbox 239 3251 1825 3326; baseline -0.008 -13"><span class='ocrx_word' id='word_1_281' title='bbox 239 3259 344 3313; x_wconf 88' lang='lat' dir='ltr'><strong>Sin</strong></span> <span class='ocrx_word' id='word_1_282' title='bbox 371 3265 546 3312; x_wconf 81' lang='lat' dir='ltr'><strong>autem</strong></span> <span class='ocrx_word' id='word_1_283' title='bbox 576 3257 643 3311; x_wconf 91' lang='lat' dir='ltr'><strong>de</strong></span> <span class='ocrx_word' id='word_1_284' title='bbox 663 3257 910 3311; x_wconf 88' lang='lat' dir='ltr'><strong>castitate</strong></span> <span class='ocrx_word' id='word_1_285' title='bbox 934 3254 1167 3326; x_wconf 88' lang='lat' dir='ltr'><strong>idipsum</strong></span> <span class='ocrx_word' id='word_1_286' title='bbox 1197 3261 1417 3316; x_wconf 85' lang='lat' dir='ltr'><strong>statuat,</strong></span> <span class='ocrx_word' id='word_1_287' title='bbox 1447 3251 1701 3322; x_wconf 88' lang='lat' dir='ltr'><strong>justaque</strong></span> <span class='ocrx_word' id='word_1_288' title='bbox 1730 3265 1825 3319; x_wconf 80' lang='lat' dir='ltr'><strong>pe-</strong></span> 
     </span>
    </p>
   </div>
   <div class='ocr_carea' id='block_1_34' title="bbox 241 3342 1832 3416">
    <p class='ocr_par' dir='ltr' id='par_1_34' title="bbox 241 3342 1832 3416">
     <span class='ocr_line' id='line_1_34' title="bbox 241 3342 1832 3416; baseline -0.004 -13"><span class='ocrx_word' id='word_1_289' title='bbox 241 3356 348 3403; x_wconf 80' lang='lat' dir='ltr'><strong>nat</strong></span> <span class='ocrx_word' id='word_1_290' title='bbox 375 3387 390 3410; x_wconf 87' lang='lat'><strong>,</strong></span> <span class='ocrx_word' id='word_1_291' title='bbox 440 3359 496 3401; x_wconf 89' lang='lat' dir='ltr'><strong>ut</strong></span> <span class='ocrx_word' id='word_1_292' title='bbox 523 3348 837 3402; x_wconf 87' lang='lat' dir='ltr'><strong>libidinosus</strong></span> <span class='ocrx_word' id='word_1_293' title='bbox 866 3345 1116 3416; x_wconf 90' lang='lat' dir='ltr'><strong>puniatur</strong></span> <span class='ocrx_word' id='word_1_294' title='bbox 1142 3386 1157 3411; x_wconf 94' lang='lat'><strong>,</strong></span> <span class='ocrx_word' id='word_1_295' title='bbox 1195 3353 1379 3399; x_wconf 88' lang='lat' dir='ltr'><strong>uratur</strong></span> <span class='ocrx_word' id='word_1_296' title='bbox 1405 3385 1422 3410; x_wconf 93' lang='lat'><strong>,</strong></span> <span class='ocrx_word' id='word_1_297' title='bbox 1450 3342 1746 3414; x_wconf 81' lang='lat' dir='ltr'><strong>ﬂagelletur</strong></span> <span class='ocrx_word' id='word_1_298' title='bbox 1774 3351 1832 3396; x_wconf 90' lang='lat' dir='ltr'><strong>et</strong></span> 
     </span>
    </p>
   </div>
   <div class='ocr_carea' id='block_1_35' title="bbox 246 3435 1826 3508">
    <p class='ocr_par' dir='ltr' id='par_1_35' title="bbox 246 3435 1826 3508">
     <span class='ocr_line' id='line_1_35' title="bbox 246 3435 1826 3508; baseline -0.006 -11"><span class='ocrx_word' id='word_1_299' title='bbox 246 3440 408 3497; x_wconf 83' lang='lat' dir='ltr'><strong>mille</strong></span> <span class='ocrx_word' id='word_1_300' title='bbox 434 3449 694 3494; x_wconf 88' lang='lat' dir='ltr'><strong>tormenta</strong></span> <span class='ocrx_word' id='word_1_301' title='bbox 726 3438 973 3508; x_wconf 86' lang='lat' dir='ltr'><strong>patiatur,</strong></span> <span class='ocrx_word' id='word_1_302' title='bbox 999 3451 1179 3492; x_wconf 87' lang='lat' dir='ltr'><strong>annon</strong></span> <span class='ocrx_word' id='word_1_303' title='bbox 1202 3436 1354 3491; x_wconf 92' lang='lat' dir='ltr'><strong>multi</strong></span> <span class='ocrx_word' id='word_1_304' title='bbox 1375 3435 1555 3491; x_wconf 88' lang='lat' dir='ltr'><strong>edicto</strong></span> <span class='ocrx_word' id='word_1_305' title='bbox 1583 3435 1826 3505; x_wconf 87' lang='lat' dir='ltr'><strong>pareant?</strong></span> 
     </span>
    </p>
   </div>
   <div class='ocr_carea' id='block_1_36' title="bbox 242 3527 1823 3602">
    <p class='ocr_par' dir='ltr' id='par_1_36' title="bbox 242 3527 1823 3602">
     <span class='ocr_line' id='line_1_36' title="bbox 242 3527 1823 3602; baseline -0.002 -19"><span class='ocrx_word' id='word_1_306' title='bbox 242 3532 400 3598; x_wconf 75' lang='lat' dir='ltr'><strong>Noti,</strong></span> <span class='ocrx_word' id='word_1_307' title='bbox 427 3530 673 3602; x_wconf 86' lang='lat' dir='ltr'><strong>inquies:</strong></span> <span class='ocrx_word' id='word_1_308' title='bbox 702 3545 824 3585; x_wconf 82' lang='lat' dir='ltr'><strong>nam</strong></span> <span class='ocrx_word' id='word_1_309' title='bbox 851 3531 935 3586; x_wconf 91' lang='lat' dir='ltr'><strong>lex</strong></span> <span class='ocrx_word' id='word_1_310' title='bbox 955 3541 1203 3600; x_wconf 84' lang='lat' dir='ltr'><strong>est,quae</strong></span> <span class='ocrx_word' id='word_1_311' title='bbox 1231 3529 1384 3599; x_wconf 88' lang='lat' dir='ltr'><strong>jubet</strong></span> <span class='ocrx_word' id='word_1_312' title='bbox 1407 3543 1514 3582; x_wconf 89' lang='lat' dir='ltr'><strong>non</strong></span> <span class='ocrx_word' id='word_1_313' title='bbox 1544 3527 1823 3592; x_wconf 71' lang='lat' dir='ltr'><strong>mmchari,</strong></span> 
     </span>
    </p>
   </div>
   <div class='ocr_carea' id='block_1_37' title="bbox 247 3615 1832 3693">
    <p class='ocr_par' dir='ltr' id='par_1_37' title="bbox 247 3615 1832 3693">
     <span class='ocr_line' id='line_1_37' title="bbox 247 3615 1832 3693; baseline -0.006 -12"><span class='ocrx_word' id='word_1_314' title='bbox 247 3638 434 3693; x_wconf 83' lang='lat' dir='ltr'><strong>neque</strong></span> <span class='ocrx_word' id='word_1_315' title='bbox 451 3635 641 3678; x_wconf 90' lang='lat' dir='ltr'><strong>omnes</strong></span> <span class='ocrx_word' id='word_1_316' title='bbox 656 3621 1039 3690; x_wconf 88' lang='lat' dir='ltr'><strong>obsequuntur.</strong></span> <span class='ocrx_word' id='word_1_317' title='bbox 1064 3621 1176 3675; x_wconf 92' lang='lat' dir='ltr'><strong>Non</strong></span> <span class='ocrx_word' id='word_1_318' title='bbox 1199 3619 1338 3690; x_wconf 91' lang='lat' dir='ltr'><strong>quod</strong></span> <span class='ocrx_word' id='word_1_319' title='bbox 1362 3618 1609 3673; x_wconf 79' lang='lat' dir='ltr'><strong>infirmus</strong></span> <span class='ocrx_word' id='word_1_320' title='bbox 1627 3627 1684 3672; x_wconf 90' lang='lat' dir='ltr'><strong>et</strong></span> <span class='ocrx_word' id='word_1_321' title='bbox 1701 3615 1832 3672; x_wconf 80' lang='lat' dir='ltr'><strong>levis</strong></span> 
     </span>
    </p>
   </div>
   <div class='ocr_carea' id='block_1_38' title="bbox 246 3712 1828 3784">
    <p class='ocr_par' dir='ltr' id='par_1_38' title="bbox 246 3712 1828 3784">
     <span class='ocr_line' id='line_1_38' title="bbox 246 3712 1828 3784; baseline -0.007 -11"><span class='ocrx_word' id='word_1_322' title='bbox 246 3717 330 3773; x_wconf 79' lang='lat' dir='ltr'><strong>sit</strong></span> <span class='ocrx_word' id='word_1_323' title='bbox 357 3719 550 3780; x_wconf 87' lang='lat' dir='ltr'><strong>timor,</strong></span> <span class='ocrx_word' id='word_1_324' title='bbox 588 3713 683 3770; x_wconf 89' lang='lat' dir='ltr'><strong>sed</strong></span> <span class='ocrx_word' id='word_1_325' title='bbox 729 3713 854 3784; x_wconf 87' lang='lat' dir='ltr'><strong>quia</strong></span> <span class='ocrx_word' id='word_1_326' title='bbox 883 3713 1034 3768; x_wconf 91' lang='lat' dir='ltr'><strong>multi</strong></span> <span class='ocrx_word' id='word_1_327' title='bbox 1080 3727 1140 3768; x_wconf 91' lang='lat' dir='ltr'><strong>se</strong></span> <span class='ocrx_word' id='word_1_328' title='bbox 1191 3712 1361 3766; x_wconf 83' lang='lat' dir='ltr'><strong>latere</strong></span> <span class='ocrx_word' id='word_1_329' title='bbox 1407 3723 1567 3779; x_wconf 84' lang='lat' dir='ltr'><strong>posse</strong></span> <span class='ocrx_word' id='word_1_330' title='bbox 1590 3718 1828 3778; x_wconf 79' lang='lat' dir='ltr'><strong>Spercut.</strong></span> 
     </span>
    </p>
   </div>
   <div class='ocr_carea' id='block_1_39' title="bbox 249 3799 1835 3877">
    <p class='ocr_par' dir='ltr' id='par_1_39' title="bbox 249 3799 1835 3877">
     <span class='ocr_line' id='line_1_39' title="bbox 249 3799 1835 3877; baseline -0.006 -14"><span class='ocrx_word' id='word_1_331' title='bbox 249 3806 412 3877; x_wconf 79' lang='lat' dir='ltr'><strong>Quod</strong></span> <span class='ocrx_word' id='word_1_332' title='bbox 439 3807 485 3862; x_wconf 91' lang='lat' dir='ltr'><strong>si</strong></span> <span class='ocrx_word' id='word_1_333' title='bbox 509 3805 784 3876; x_wconf 85' lang='lat' dir='ltr'><strong>legislator</strong></span> <span class='ocrx_word' id='word_1_334' title='bbox 802 3813 858 3859; x_wconf 91' lang='lat' dir='ltr'><strong>et</strong></span> <span class='ocrx_word' id='word_1_335' title='bbox 881 3804 1047 3874; x_wconf 87' lang='lat' dir='ltr'><strong>judex</strong></span> <span class='ocrx_word' id='word_1_336' title='bbox 1073 3800 1618 3858; x_wconf 89' lang='lat' dir='ltr'><strong>adessentlibidinem</strong></span> <span class='ocrx_word' id='word_1_337' title='bbox 1645 3799 1835 3868; x_wconf 87' lang='lat' dir='ltr'><strong>imple-</strong></span> 
     </span>
    </p>
   </div>
   <div class='ocr_carea' id='block_1_40' title="bbox 254 3889 1836 3967">
    <p class='ocr_par' dir='ltr' id='par_1_40' title="bbox 254 3889 1836 3967">
     <span class='ocr_line' id='line_1_40' title="bbox 254 3889 1836 3967; baseline -0.006 -14"><span class='ocrx_word' id='word_1_338' title='bbox 254 3897 396 3956; x_wconf 83' lang='lat' dir='ltr'><strong>turis</strong></span> <span class='ocrx_word' id='word_1_339' title='bbox 421 3939 437 3965; x_wconf 92' lang='lat'><strong>,</strong></span> <span class='ocrx_word' id='word_1_340' title='bbox 478 3904 663 3967; x_wconf 88' lang='lat' dir='ltr'><strong>posset</strong></span> <span class='ocrx_word' id='word_1_341' title='bbox 703 3905 829 3951; x_wconf 90' lang='lat' dir='ltr'><strong>tunc</strong></span> <span class='ocrx_word' id='word_1_342' title='bbox 857 3904 1029 3950; x_wconf 89' lang='lat' dir='ltr'><strong>metus</strong></span> <span class='ocrx_word' id='word_1_343' title='bbox 1077 3892 1353 3949; x_wconf 90' lang='lat' dir='ltr'><strong>libidinem</strong></span> <span class='ocrx_word' id='word_1_344' title='bbox 1399 3905 1604 3947; x_wconf 88' lang='lat' dir='ltr'><strong>arcere.</strong></span> <span class='ocrx_word' id='word_1_345' title='bbox 1631 3889 1762 3945; x_wconf 84' lang='lat' dir='ltr'><strong>Nam</strong></span> <span class='ocrx_word' id='word_1_346' title='bbox 1789 3890 1836 3945; x_wconf 88' lang='lat' dir='ltr'><strong>si</strong></span> 
     </span>
    </p>
   </div>
   <div class='ocr_carea' id='block_1_41' title="bbox 252 3984 1832 4050">
    <p class='ocr_par' dir='ltr' id='par_1_41' title="bbox 252 3984 1832 4050">
     <span class='ocr_line' id='line_1_41' title="bbox 252 3984 1832 4050; baseline -0.005 -5"><span class='ocrx_word' id='word_1_347' title='bbox 252 3990 420 4045; x_wconf 87' lang='lat' dir='ltr'><strong>aliam</strong></span> <span class='ocrx_word' id='word_1_348' title='bbox 441 3989 706 4044; x_wconf 89' lang='lat' dir='ltr'><strong>minorem</strong></span> <span class='ocrx_word' id='word_1_349' title='bbox 730 3989 1100 4044; x_wconf 61' lang='lat' dir='ltr'><strong>necessitatem</strong></span> <span class='ocrx_word' id='word_1_350' title='bbox 1126 3986 1387 4041; x_wconf 85' lang='lat' dir='ltr'><strong>induxere</strong></span> <span class='ocrx_word' id='word_1_351' title='bbox 1416 4026 1431 4050; x_wconf 92' lang='lat'><strong>,</strong></span> <span class='ocrx_word' id='word_1_352' title='bbox 1455 3991 1510 4041; x_wconf 90' lang='lat' dir='ltr'><strong>et</strong></span> <span class='ocrx_word' id='word_1_353' title='bbox 1554 3984 1623 4040; x_wconf 89' lang='lat' dir='ltr'><strong>ab</strong></span> <span class='ocrx_word' id='word_1_354' title='bbox 1658 3993 1832 4040; x_wconf 87' lang='lat' dir='ltr'><strong>amata</strong></span> 
     </span>
    </p>
   </div>
   <div class='ocr_carea' id='block_1_42' title="bbox 252 4075 1829 4143">
    <p class='ocr_par' dir='ltr' id='par_1_42' title="bbox 252 4075 1829 4143">
     <span class='ocr_line' id='line_1_42' title="bbox 252 4075 1829 4143; baseline -0.004 -7"><span class='ocrx_word' id='word_1_355' title='bbox 252 4079 488 4136; x_wconf 81' lang='lat' dir='ltr'><strong>muliere</strong></span> <span class='ocrx_word' id='word_1_356' title='bbox 513 4079 835 4133; x_wconf 84' lang='lat' dir='ltr'><strong>abstractum</strong></span> <span class='ocrx_word' id='word_1_357' title='bbox 862 4077 1156 4140; x_wconf 87' lang='lat' dir='ltr'><strong>abduxero,</strong></span> <span class='ocrx_word' id='word_1_358' title='bbox 1189 4087 1244 4132; x_wconf 92' lang='lat' dir='ltr'><strong>et</strong></span> <span class='ocrx_word' id='word_1_359' title='bbox 1268 4075 1504 4132; x_wconf 89' lang='lat' dir='ltr'><strong>vinctum</strong></span> <span class='ocrx_word' id='word_1_360' title='bbox 1537 4076 1829 4143; x_wconf 90' lang='lat' dir='ltr'><strong>inclusere,</strong></span> 
     </span>
    </p>
   </div>
   <div class='ocr_carea' id='block_1_43' title="bbox 254 4169 1239 4243">
    <p class='ocr_par' dir='ltr' id='par_1_43' title="bbox 254 4169 1239 4243">
     <span class='ocr_line' id='line_1_43' title="bbox 254 4169 1239 4243; baseline -0.002 -19"><span class='ocrx_word' id='word_1_361' title='bbox 254 4171 462 4243; x_wconf 76' lang='lat' dir='ltr'><strong>poterit</strong></span> <span class='ocrx_word' id='word_1_362' title='bbox 482 4169 622 4225; x_wconf 87' lang='lat' dir='ltr'><strong>ferre</strong></span> <span class='ocrx_word' id='word_1_363' title='bbox 644 4211 661 4236; x_wconf 96' lang='lat'><strong>,</strong></span> <span class='ocrx_word' id='word_1_364' title='bbox 687 4179 738 4225; x_wconf 86' lang='lat' dir='ltr'><strong>et</strong></span> <span class='ocrx_word' id='word_1_365' title='bbox 759 4169 890 4225; x_wconf 83' lang='lat' dir='ltr'><strong>nihil</strong></span> <span class='ocrx_word' id='word_1_366' title='bbox 921 4185 1081 4240; x_wconf 88' lang='lat' dir='ltr'><strong>grave</strong></span> <span class='ocrx_word' id='word_1_367' title='bbox 1109 4169 1239 4238; x_wconf 86' lang='lat' dir='ltr'><strong>pati.</strong></span> 
     </span>
    </p>
   </div>
   <div class='ocr_carea' id='block_1_44' title="bbox 337 4260 1842 4330">
    <p class='ocr_par' dir='ltr' id='par_1_44' title="bbox 337 4260 1842 4330">
     <span class='ocr_line' id='line_1_44' title="bbox 337 4260 1842 4330; baseline 0 -15"><span class='ocrx_word' id='word_1_368' title='bbox 337 4260 504 4317; x_wconf 81' lang='lat' dir='ltr'><strong>Nemo</strong></span> <span class='ocrx_word' id='word_1_369' title='bbox 543 4271 728 4315; x_wconf 76' lang='lat' dir='ltr'><strong>natura</strong></span> <span class='ocrx_word' id='word_1_370' title='bbox 766 4263 924 4316; x_wconf 78' lang='lat' dir='ltr'><strong>bonus</strong></span> <span class='ocrx_word' id='word_1_371' title='bbox 961 4262 1038 4315; x_wconf 83' lang='lat' dir='ltr'><strong>vel</strong></span> <span class='ocrx_word' id='word_1_372' title='bbox 1065 4271 1248 4314; x_wconf 85' lang='lat' dir='ltr'><strong>natura</strong></span> <span class='ocrx_word' id='word_1_373' title='bbox 1273 4261 1458 4315; x_wconf 84' lang='lat' dir='ltr'><strong>malus.</strong></span> <span class='ocrx_word' id='word_1_374' title='bbox 1483 4289 1555 4301; x_wconf 92' lang='lat'><strong><em>—</em></strong></span> <span class='ocrx_word' id='word_1_375' title='bbox 1587 4260 1664 4315; x_wconf 84' lang='lat' dir='ltr'><strong>Ne</strong></span> <span class='ocrx_word' id='word_1_376' title='bbox 1715 4275 1842 4330; x_wconf 84' lang='lat' dir='ltr'><strong>ergo</strong></span> 
     </span>
    </p>
   </div>
   <div class='ocr_carea' id='block_1_45' title="bbox 255 4352 1838 4420">
    <p class='ocr_par' dir='ltr' id='par_1_45' title="bbox 255 4352 1838 4420">
     <span class='ocr_line' id='line_1_45' title="bbox 255 4352 1838 4420; baseline -0.002 -11"><span class='ocrx_word' id='word_1_377' title='bbox 255 4355 534 4418; x_wconf 83' lang='lat' dir='ltr'><strong>dicamus,</strong></span> <span class='ocrx_word' id='word_1_378' title='bbox 567 4352 710 4408; x_wconf 85' lang='lat' dir='ltr'><strong>hunc</strong></span> <span class='ocrx_word' id='word_1_379' title='bbox 740 4363 926 4408; x_wconf 84' lang='lat' dir='ltr'><strong>natura</strong></span> <span class='ocrx_word' id='word_1_380' title='bbox 975 4354 1172 4408; x_wconf 89' lang='lat' dir='ltr'><strong>bonum</strong></span> <span class='ocrx_word' id='word_1_381' title='bbox 1197 4395 1212 4420; x_wconf 91' lang='lat'><strong>,</strong></span> <span class='ocrx_word' id='word_1_382' title='bbox 1242 4353 1388 4407; x_wconf 89' lang='lat' dir='ltr'><strong>illum</strong></span> <span class='ocrx_word' id='word_1_383' title='bbox 1419 4361 1611 4406; x_wconf 90' lang='lat' dir='ltr'><strong>natura</strong></span> <span class='ocrx_word' id='word_1_384' title='bbox 1641 4353 1838 4406; x_wconf 92' lang='lat' dir='ltr'><strong>malum</strong></span> 
     </span>
    </p>
   </div>
   <div class='ocr_carea' id='block_1_46' title="bbox 260 4444 1844 4514">
    <p class='ocr_par' dir='ltr' id='par_1_46' title="bbox 260 4444 1844 4514">
     <span class='ocr_line' id='line_1_46' title="bbox 260 4444 1844 4514; baseline -0.004 -12"><span class='ocrx_word' id='word_1_385' title='bbox 260 4459 409 4502; x_wconf 82' lang='lat' dir='ltr'><strong>esse.</strong></span> <span class='ocrx_word' id='word_1_386' title='bbox 459 4444 592 4500; x_wconf 83' lang='lat' dir='ltr'><strong>Nam</strong></span> <span class='ocrx_word' id='word_1_387' title='bbox 623 4445 668 4500; x_wconf 89' lang='lat' dir='ltr'><strong>si</strong></span> <span class='ocrx_word' id='word_1_388' title='bbox 719 4454 906 4499; x_wconf 87' lang='lat' dir='ltr'><strong>natura</strong></span> <span class='ocrx_word' id='word_1_389' title='bbox 951 4445 1126 4501; x_wconf 90' lang='lat' dir='ltr'><strong>bonus</strong></span> <span class='ocrx_word' id='word_1_390' title='bbox 1169 4445 1276 4510; x_wconf 89' lang='lat' dir='ltr'><strong>sit,</strong></span> <span class='ocrx_word' id='word_1_391' title='bbox 1325 4459 1611 4514; x_wconf 91' lang='lat' dir='ltr'><strong>numquam</strong></span> <span class='ocrx_word' id='word_1_392' title='bbox 1643 4444 1844 4513; x_wconf 90' lang='lat' dir='ltr'><strong>poterit</strong></span> 
     </span>
    </p>
   </div>
   <div class='ocr_carea' id='block_1_47' title="bbox 262 4533 1844 4603">
    <p class='ocr_par' dir='ltr' id='par_1_47' title="bbox 262 4533 1844 4603">
     <span class='ocr_line' id='line_1_47' title="bbox 262 4533 1844 4603; baseline -0.003 -13"><span class='ocrx_word' id='word_1_393' title='bbox 262 4534 445 4590; x_wconf 84' lang='lat' dir='ltr'><strong>malus</strong></span> <span class='ocrx_word' id='word_1_394' title='bbox 487 4533 637 4600; x_wconf 74' lang='lat' dir='ltr'><strong>fieri;</strong></span> <span class='ocrx_word' id='word_1_395' title='bbox 667 4543 724 4589; x_wconf 91' lang='lat' dir='ltr'><strong>et</strong></span> <span class='ocrx_word' id='word_1_396' title='bbox 768 4534 812 4589; x_wconf 89' lang='lat' dir='ltr'><strong>si</strong></span> <span class='ocrx_word' id='word_1_397' title='bbox 857 4544 1046 4588; x_wconf 89' lang='lat' dir='ltr'><strong>natura</strong></span> <span class='ocrx_word' id='word_1_398' title='bbox 1097 4535 1306 4601; x_wconf 88' lang='lat' dir='ltr'><strong>malus,</strong></span> <span class='ocrx_word' id='word_1_399' title='bbox 1355 4549 1639 4603; x_wconf 91' lang='lat' dir='ltr'><strong>numquam</strong></span> <span class='ocrx_word' id='word_1_400' title='bbox 1673 4533 1844 4587; x_wconf 91' lang='lat' dir='ltr'><strong>bonus</strong></span> 
     </span>
    </p>
   </div>
   <div class='ocr_carea' id='block_1_48' title="bbox 260 4625 1844 4691">
    <p class='ocr_par' dir='ltr' id='par_1_48' title="bbox 260 4625 1844 4691">
     <span class='ocr_line' id='line_1_48' title="bbox 260 4625 1844 4691; baseline -0.002 -9"><span class='ocrx_word' id='word_1_401' title='bbox 260 4627 394 4682; x_wconf 84' lang='lat' dir='ltr'><strong>erit.</strong></span> <span class='ocrx_word' id='word_1_402' title='bbox 421 4625 568 4680; x_wconf 86' lang='lat' dir='ltr'><strong>Nunc</strong></span> <span class='ocrx_word' id='word_1_403' title='bbox 599 4635 774 4681; x_wconf 86' lang='lat' dir='ltr'><strong>autem</strong></span> <span class='ocrx_word' id='word_1_404' title='bbox 808 4626 1049 4681; x_wconf 81' lang='lat' dir='ltr'><strong>videmus</strong></span> <span class='ocrx_word' id='word_1_405' title='bbox 1076 4627 1283 4682; x_wconf 88' lang='lat' dir='ltr'><strong>celeres</strong></span> <span class='ocrx_word' id='word_1_406' title='bbox 1307 4626 1628 4680; x_wconf 86' lang='lat' dir='ltr'><strong>mutationes</strong></span> <span class='ocrx_word' id='word_1_407' title='bbox 1647 4669 1662 4691; x_wconf 94' lang='lat'><strong>,</strong></span> <span class='ocrx_word' id='word_1_408' title='bbox 1695 4635 1748 4678; x_wconf 93' lang='lat' dir='ltr'><strong>et</strong></span> <span class='ocrx_word' id='word_1_409' title='bbox 1777 4626 1844 4680; x_wconf 90' lang='lat' dir='ltr'><strong>ab</strong></span> 
     </span>
    </p>
   </div>
   <div class='ocr_carea' id='block_1_49' title="bbox 263 4745 350 4761">
    <p class='ocr_par' dir='ltr' id='par_1_49' title="bbox 263 4745 350 4761">
     <span class='ocr_line' id='line_1_49' title="bbox 263 4745 350 4761; baseline 0 0"><span class='ocrx_word' id='word_1_410' title='bbox 263 4745 350 4761; x_wconf 70' lang='grc' dir='ltr'><strong>σι-</strong></span> 
     </span>
    </p>
   </div>
   <div class='ocr_carea' id='block_1_50' title="bbox 1905 403 3479 470">
    <p class='ocr_par' dir='ltr' id='par_1_50' title="bbox 1905 403 3479 470">
     <span class='ocr_line' id='line_1_50' title="bbox 1905 403 3479 470; baseline -0.004 -9"><span class='ocrx_word' id='word_1_411' title='bbox 1905 409 1986 463; x_wconf 88' lang='lat' dir='ltr'><strong>his</strong></span> <span class='ocrx_word' id='word_1_412' title='bbox 2013 408 2063 462; x_wconf 90' lang='lat' dir='ltr'><strong>in</strong></span> <span class='ocrx_word' id='word_1_413' title='bbox 2087 407 2187 461; x_wconf 90' lang='lat' dir='ltr'><strong>alia</strong></span> <span class='ocrx_word' id='word_1_414' title='bbox 2216 407 2409 461; x_wconf 89' lang='lat' dir='ltr'><strong>mutari</strong></span> <span class='ocrx_word' id='word_1_415' title='bbox 2435 447 2450 470; x_wconf 88' lang='lat'><strong>,</strong></span> <span class='ocrx_word' id='word_1_416' title='bbox 2482 414 2537 459; x_wconf 91' lang='lat' dir='ltr'><strong>et</strong></span> <span class='ocrx_word' id='word_1_417' title='bbox 2569 405 2635 458; x_wconf 87' lang='lat' dir='ltr'><strong>ab</strong></span> <span class='ocrx_word' id='word_1_418' title='bbox 2676 404 2779 458; x_wconf 88' lang='lat' dir='ltr'><strong>illis</strong></span> <span class='ocrx_word' id='word_1_419' title='bbox 2807 404 2858 458; x_wconf 91' lang='lat' dir='ltr'><strong>in</strong></span> <span class='ocrx_word' id='word_1_420' title='bbox 2887 403 2990 458; x_wconf 86' lang='lat' dir='ltr'><strong>alia</strong></span> <span class='ocrx_word' id='word_1_421' title='bbox 3017 403 3233 457; x_wconf 86' lang='lat' dir='ltr'><strong>cadere.</strong></span> <span class='ocrx_word' id='word_1_422' title='bbox 3269 403 3335 456; x_wconf 77' lang='lat' dir='ltr'><strong>Et</strong></span> <span class='ocrx_word' id='word_1_423' title='bbox 3366 405 3479 455; x_wconf 72' lang='lat' dir='ltr'><strong>lure</strong></span> 
     </span>
    </p>
   </div>
   <div class='ocr_carea' id='block_1_51' title="bbox 1904 495 3486 567">
    <p class='ocr_par' dir='ltr' id='par_1_51' title="bbox 1904 495 3486 567">
     <span class='ocr_line' id='line_1_51' title="bbox 1904 495 3486 567; baseline -0.003 -14"><span class='ocrx_word' id='word_1_424' title='bbox 1904 514 2009 553; x_wconf 90' lang='lat' dir='ltr'><strong>non</strong></span> <span class='ocrx_word' id='word_1_425' title='bbox 2063 500 2115 552; x_wconf 94' lang='lat' dir='ltr'><strong>in</strong></span> <span class='ocrx_word' id='word_1_426' title='bbox 2143 497 2432 567; x_wconf 91' lang='lat' dir='ltr'><strong>Scripturis</strong></span> <span class='ocrx_word' id='word_1_427' title='bbox 2463 505 2666 550; x_wconf 87' lang='lat' dir='ltr'><strong>tantum</strong></span> <span class='ocrx_word' id='word_1_428' title='bbox 2699 495 2879 550; x_wconf 90' lang='lat' dir='ltr'><strong>videre</strong></span> <span class='ocrx_word' id='word_1_429' title='bbox 2922 506 3004 550; x_wconf 90' lang='lat' dir='ltr'><strong>est</strong></span> <span class='ocrx_word' id='word_1_430' title='bbox 3033 513 3046 549; x_wconf 93' lang='lat'><strong>:</strong></span> <span class='ocrx_word' id='word_1_431' title='bbox 3097 495 3327 564; x_wconf 77' lang='lat' dir='ltr'><strong>exempli</strong></span> <span class='ocrx_word' id='word_1_432' title='bbox 3358 510 3486 549; x_wconf 87' lang='lat' dir='ltr'><strong>cau-</strong></span> 
     </span>
    </p>
   </div>
   <div class='ocr_carea' id='block_1_52' title="bbox 1903 587 3488 660">
    <p class='ocr_par' dir='ltr' id='par_1_52' title="bbox 1903 587 3488 660">
     <span class='ocr_line' id='line_1_52' title="bbox 1903 587 3488 660; baseline -0.004 -15"><span class='ocrx_word' id='word_1_433' title='bbox 1903 605 1960 645; x_wconf 90' lang='lat' dir='ltr'><strong>sa</strong></span> <span class='ocrx_word' id='word_1_434' title='bbox 1987 632 2002 656; x_wconf 92' lang='lat'><strong>,</strong></span> <span class='ocrx_word' id='word_1_435' title='bbox 2048 590 2189 660; x_wconf 91' lang='lat' dir='ltr'><strong>quod</strong></span> <span class='ocrx_word' id='word_1_436' title='bbox 2235 589 2501 658; x_wconf 88' lang='lat' dir='ltr'><strong>publicani</strong></span> <span class='ocrx_word' id='word_1_437' title='bbox 2546 588 2668 642; x_wconf 88' lang='lat' dir='ltr'><strong>facti</strong></span> <span class='ocrx_word' id='word_1_438' title='bbox 2715 589 2822 643; x_wconf 89' lang='lat' dir='ltr'><strong>sint</strong></span> <span class='ocrx_word' id='word_1_439' title='bbox 2866 587 3132 658; x_wconf 74' lang='lat' dir='ltr'><strong>apostoli,</strong></span> <span class='ocrx_word' id='word_1_440' title='bbox 3161 596 3216 642; x_wconf 91' lang='lat' dir='ltr'><strong>et</strong></span> <span class='ocrx_word' id='word_1_441' title='bbox 3243 587 3488 658; x_wconf 87' lang='lat' dir='ltr'><strong>discipuli</strong></span> 
     </span>
    </p>
   </div>
   <div class='ocr_carea' id='block_1_53' title="bbox 1903 681 3488 754">
    <p class='ocr_par' dir='ltr' id='par_1_53' title="bbox 1903 681 3488 754">
     <span class='ocr_line' id='line_1_53' title="bbox 1903 681 3488 754; baseline -0.002 -17"><span class='ocrx_word' id='word_1_442' title='bbox 1903 684 2201 754; x_wconf 79' lang='lat' dir='ltr'><strong>proditores</strong></span> <span class='ocrx_word' id='word_1_443' title='bbox 2237 724 2250 744; x_wconf 85' lang='lat'><strong>,</strong></span> <span class='ocrx_word' id='word_1_444' title='bbox 2315 690 2371 736; x_wconf 91' lang='lat' dir='ltr'><strong>et</strong></span> <span class='ocrx_word' id='word_1_445' title='bbox 2437 682 2750 737; x_wconf 88' lang='lat' dir='ltr'><strong>meretrices</strong></span> <span class='ocrx_word' id='word_1_446' title='bbox 2825 691 2987 736; x_wconf 73' lang='lat' dir='ltr'><strong>casta:</strong></span> <span class='ocrx_word' id='word_1_447' title='bbox 3058 681 3358 746; x_wconf 90' lang='lat' dir='ltr'><strong>mulieres,</strong></span> <span class='ocrx_word' id='word_1_448' title='bbox 3432 689 3488 735; x_wconf 92' lang='lat' dir='ltr'><strong>et</strong></span> 
     </span>
    </p>
   </div>
   <div class='ocr_carea' id='block_1_54' title="bbox 1907 774 3490 845">
    <p class='ocr_par' dir='ltr' id='par_1_54' title="bbox 1907 774 3490 845">
     <span class='ocr_line' id='line_1_54' title="bbox 1907 774 3490 845; baseline -0.002 -15"><span class='ocrx_word' id='word_1_449' title='bbox 1907 777 2144 830; x_wconf 90' lang='lat' dir='ltr'><strong>latrones</strong></span> <span class='ocrx_word' id='word_1_450' title='bbox 2191 775 2444 842; x_wconf 81' lang='lat' dir='ltr'><strong>pra-clare</strong></span> <span class='ocrx_word' id='word_1_451' title='bbox 2497 786 2755 845; x_wconf 83' lang='lat' dir='ltr'><strong>agentes,</strong></span> <span class='ocrx_word' id='word_1_452' title='bbox 2787 783 2842 828; x_wconf 89' lang='lat' dir='ltr'><strong>et</strong></span> <span class='ocrx_word' id='word_1_453' title='bbox 2887 775 3026 844; x_wconf 88' lang='lat' dir='ltr'><strong>magi</strong></span> <span class='ocrx_word' id='word_1_454' title='bbox 3073 774 3392 839; x_wconf 89' lang='lat' dir='ltr'><strong>adorantes,</strong></span> <span class='ocrx_word' id='word_1_455' title='bbox 3436 784 3490 827; x_wconf 91' lang='lat' dir='ltr'><strong>et</strong></span> 
     </span>
    </p>
   </div>
   <div class='ocr_carea' id='block_1_55' title="bbox 1908 868 3487 938">
    <p class='ocr_par' dir='ltr' id='par_1_55' title="bbox 1908 868 3487 938">
     <span class='ocr_line' id='line_1_55' title="bbox 1908 868 3487 938; baseline -0.001 -16"><span class='ocrx_word' id='word_1_456' title='bbox 1908 869 2053 938; x_wconf 83' lang='lat' dir='ltr'><strong>impii</strong></span> <span class='ocrx_word' id='word_1_457' title='bbox 2103 871 2152 922; x_wconf 91' lang='lat' dir='ltr'><strong>in</strong></span> <span class='ocrx_word' id='word_1_458' title='bbox 2184 870 2432 938; x_wconf 77' lang='lat' dir='ltr'><strong>pietatem</strong></span> <span class='ocrx_word' id='word_1_459' title='bbox 2479 869 2760 935; x_wconf 90' lang='lat' dir='ltr'><strong>conversi,</strong></span> <span class='ocrx_word' id='word_1_460' title='bbox 2796 868 2953 938; x_wconf 90' lang='lat' dir='ltr'><strong>idque</strong></span> <span class='ocrx_word' id='word_1_461' title='bbox 2999 877 3105 922; x_wconf 81' lang='lat' dir='ltr'><strong>tam</strong></span> <span class='ocrx_word' id='word_1_462' title='bbox 3163 871 3213 922; x_wconf 92' lang='lat' dir='ltr'><strong>in</strong></span> <span class='ocrx_word' id='word_1_463' title='bbox 3265 868 3487 933; x_wconf 81' lang='lat' dir='ltr'><strong>Veteri,</strong></span> 
     </span>
    </p>
   </div>
   <div class='ocr_carea' id='block_1_56' title="bbox 1907 959 3489 1029">
    <p class='ocr_par' dir='ltr' id='par_1_56' title="bbox 1907 959 3489 1029">
     <span class='ocr_line' id='line_1_56' title="bbox 1907 959 3489 1029; baseline 0.001 -15"><span class='ocrx_word' id='word_1_464' title='bbox 1907 976 2064 1029; x_wconf 89' lang='lat' dir='ltr'><strong>quam</strong></span> <span class='ocrx_word' id='word_1_465' title='bbox 2119 961 2169 1013; x_wconf 92' lang='lat' dir='ltr'><strong>in</strong></span> <span class='ocrx_word' id='word_1_466' title='bbox 2225 960 2373 1014; x_wconf 86' lang='lat' dir='ltr'><strong>Novo</strong></span> <span class='ocrx_word' id='word_1_467' title='bbox 2413 959 2758 1014; x_wconf 81' lang='lat' dir='ltr'><strong>Testamento</strong></span> <span class='ocrx_word' id='word_1_468' title='bbox 2804 960 2962 1013; x_wconf 91' lang='lat' dir='ltr'><strong>:imo</strong></span> <span class='ocrx_word' id='word_1_469' title='bbox 3011 961 3247 1029; x_wconf 88' lang='lat' dir='ltr'><strong>quotidie</strong></span> <span class='ocrx_word' id='word_1_470' title='bbox 3298 962 3489 1015; x_wconf 87' lang='lat' dir='ltr'><strong>similia</strong></span> 
     </span>
    </p>
   </div>
   <div class='ocr_carea' id='block_1_57' title="bbox 1908 1049 3490 1116">
    <p class='ocr_par' dir='ltr' id='par_1_57' title="bbox 1908 1049 3490 1116">
     <span class='ocr_line' id='line_1_57' title="bbox 1908 1049 3490 1116; baseline 0.001 -13"><span class='ocrx_word' id='word_1_471' title='bbox 1908 1049 2152 1104; x_wconf 86' lang='lat' dir='ltr'><strong>accidere</strong></span> <span class='ocrx_word' id='word_1_472' title='bbox 2203 1049 2466 1104; x_wconf 79' lang='lat' dir='ltr'><strong>videmus.</strong></span> <span class='ocrx_word' id='word_1_473' title='bbox 2513 1051 2568 1104; x_wconf 86' lang='lat' dir='ltr'><strong>Si</strong></span> <span class='ocrx_word' id='word_1_474' title='bbox 2619 1066 2748 1104; x_wconf 89' lang='lat' dir='ltr'><strong>vero</strong></span> <span class='ocrx_word' id='word_1_475' title='bbox 2801 1051 3060 1105; x_wconf 90' lang='lat' dir='ltr'><strong>naturalia</strong></span> <span class='ocrx_word' id='word_1_476' title='bbox 3104 1050 3219 1105; x_wconf 84' lang='lat' dir='ltr'><strong>haec</strong></span> <span class='ocrx_word' id='word_1_477' title='bbox 3268 1060 3490 1116; x_wconf 91' lang='lat' dir='ltr'><strong>essent,</strong></span> 
     </span>
    </p>
   </div>
   <div class='ocr_carea' id='block_1_58' title="bbox 1910 1142 3489 1212">
    <p class='ocr_par' dir='ltr' id='par_1_58' title="bbox 1910 1142 3489 1212">
     <span class='ocr_line' id='line_1_58' title="bbox 1910 1142 3489 1212; baseline 0.001 -16"><span class='ocrx_word' id='word_1_478' title='bbox 1910 1157 2014 1196; x_wconf 88' lang='lat' dir='ltr'><strong>non</strong></span> <span class='ocrx_word' id='word_1_479' title='bbox 2046 1150 2396 1197; x_wconf 84' lang='lat' dir='ltr'><strong>mutarentur.</strong></span> <span class='ocrx_word' id='word_1_480' title='bbox 2443 1142 2573 1196; x_wconf 89' lang='lat' dir='ltr'><strong>Nam</strong></span> <span class='ocrx_word' id='word_1_481' title='bbox 2604 1158 2726 1198; x_wconf 93' lang='lat' dir='ltr'><strong>cum</strong></span> <span class='ocrx_word' id='word_1_482' title='bbox 2753 1143 2920 1197; x_wconf 90' lang='lat' dir='ltr'><strong>simus</strong></span> <span class='ocrx_word' id='word_1_483' title='bbox 2949 1151 3137 1197; x_wconf 89' lang='lat' dir='ltr'><strong>natura</strong></span> <span class='ocrx_word' id='word_1_484' title='bbox 3179 1144 3489 1212; x_wconf 88' lang='lat' dir='ltr'><strong>passibiles,</strong></span> 
     </span>
    </p>
   </div>
   <div class='ocr_carea' id='block_1_59' title="bbox 1911 1234 3492 1305">
    <p class='ocr_par' dir='ltr' id='par_1_59' title="bbox 1911 1234 3492 1305">
     <span class='ocr_line' id='line_1_59' title="bbox 1911 1234 3492 1305; baseline 0.003 -18"><span class='ocrx_word' id='word_1_485' title='bbox 1911 1234 2056 1287; x_wconf 88' lang='lat' dir='ltr'><strong>nullo</strong></span> <span class='ocrx_word' id='word_1_486' title='bbox 2105 1251 2357 1304; x_wconf 89' lang='lat' dir='ltr'><strong>umquam</strong></span> <span class='ocrx_word' id='word_1_487' title='bbox 2408 1235 2586 1289; x_wconf 91' lang='lat' dir='ltr'><strong>studio</strong></span> <span class='ocrx_word' id='word_1_488' title='bbox 2649 1236 3010 1305; x_wconf 80' lang='lat' dir='ltr'><strong>impassibiles</strong></span> <span class='ocrx_word' id='word_1_489' title='bbox 3059 1237 3280 1291; x_wconf 88' lang='lat' dir='ltr'><strong>erimus.</strong></span> <span class='ocrx_word' id='word_1_490' title='bbox 3339 1237 3492 1303; x_wconf 84' lang='lat' dir='ltr'><strong>Quod</strong></span> 
     </span>
    </p>
   </div>
   <div class='ocr_carea' id='block_1_60' title="bbox 1910 1327 3498 1398">
    <p class='ocr_par' dir='ltr' id='par_1_60' title="bbox 1910 1327 3498 1398">
     <span class='ocr_line' id='line_1_60' title="bbox 1910 1327 3498 1398; baseline 0.003 -18"><span class='ocrx_word' id='word_1_491' title='bbox 1910 1327 2052 1380; x_wconf 92' lang='lat' dir='ltr'><strong>enim</strong></span> <span class='ocrx_word' id='word_1_492' title='bbox 2097 1336 2285 1380; x_wconf 89' lang='lat' dir='ltr'><strong>natura</strong></span> <span class='ocrx_word' id='word_1_493' title='bbox 2331 1327 2436 1382; x_wconf 90' lang='lat' dir='ltr'><strong>tale</strong></span> <span class='ocrx_word' id='word_1_494' title='bbox 2479 1336 2560 1381; x_wconf 91' lang='lat' dir='ltr'><strong>est</strong></span> <span class='ocrx_word' id='word_1_495' title='bbox 2585 1369 2600 1387; x_wconf 87' lang='lat'><strong>.</strong></span> <span class='ocrx_word' id='word_1_496' title='bbox 2632 1343 2920 1398; x_wconf 89' lang='lat' dir='ltr'><strong>numquam</strong></span> <span class='ocrx_word' id='word_1_497' title='bbox 2947 1329 3156 1384; x_wconf 78' lang='lat' dir='ltr'><strong>excidet</strong></span> <span class='ocrx_word' id='word_1_498' title='bbox 3182 1346 3211 1384; x_wconf 90' lang='lat' dir='ltr'><strong>a</strong></span> <span class='ocrx_word' id='word_1_499' title='bbox 3242 1331 3498 1384; x_wconf 87' lang='lat' dir='ltr'><strong>naturali-</strong></span> 
     </span>
    </p>
   </div>
   <div class='ocr_carea' id='block_1_61' title="bbox 1913 1415 3492 1485">
    <p class='ocr_par' dir='ltr' id='par_1_61' title="bbox 1913 1415 3492 1485">
     <span class='ocr_line' id='line_1_61' title="bbox 1913 1415 3492 1485; baseline 0.004 -17"><span class='ocrx_word' id='word_1_500' title='bbox 1913 1415 2030 1469; x_wconf 90' lang='lat' dir='ltr'><strong>bus.</strong></span> <span class='ocrx_word' id='word_1_501' title='bbox 2079 1415 2262 1470; x_wconf 87' lang='lat' dir='ltr'><strong>Nullus</strong></span> <span class='ocrx_word' id='word_1_502' title='bbox 2289 1433 2316 1470; x_wconf 92' lang='lat' dir='ltr'><strong>a</strong></span> <span class='ocrx_word' id='word_1_503' title='bbox 2347 1415 2663 1472; x_wconf 87' lang='lat' dir='ltr'><strong>dormiende</strong></span> <span class='ocrx_word' id='word_1_504' title='bbox 2704 1419 2997 1485; x_wconf 86' lang='lat' dir='ltr'><strong>abstinuit,</strong></span> <span class='ocrx_word' id='word_1_505' title='bbox 3031 1420 3209 1474; x_wconf 90' lang='lat' dir='ltr'><strong>nullus</strong></span> <span class='ocrx_word' id='word_1_506' title='bbox 3247 1436 3275 1474; x_wconf 91' lang='lat' dir='ltr'><strong>a</strong></span> <span class='ocrx_word' id='word_1_507' title='bbox 3303 1436 3492 1474; x_wconf 88' lang='lat' dir='ltr'><strong>corru-</strong></span> 
     </span>
    </p>
   </div>
   <div class='ocr_carea' id='block_1_62' title="bbox 1914 1509 3494 1582">
    <p class='ocr_par' dir='ltr' id='par_1_62' title="bbox 1914 1509 3494 1582">
     <span class='ocr_line' id='line_1_62' title="bbox 1914 1509 3494 1582; baseline 0.003 -21"><span class='ocrx_word' id='word_1_508' title='bbox 1914 1509 2094 1577; x_wconf 90' lang='lat' dir='ltr'><strong>ptione</strong></span> <span class='ocrx_word' id='word_1_509' title='bbox 2123 1509 2187 1562; x_wconf 90' lang='lat' dir='ltr'><strong>ad</strong></span> <span class='ocrx_word' id='word_1_510' title='bbox 2234 1510 2682 1580; x_wconf 88' lang='lat' dir='ltr'><strong>incorruptionem</strong></span> <span class='ocrx_word' id='word_1_511' title='bbox 2714 1513 2939 1566; x_wconf 87' lang='lat' dir='ltr'><strong>transire</strong></span> <span class='ocrx_word' id='word_1_512' title='bbox 2988 1515 3190 1582; x_wconf 87' lang='lat' dir='ltr'><strong>potuit,</strong></span> <span class='ocrx_word' id='word_1_513' title='bbox 3225 1515 3400 1568; x_wconf 89' lang='lat' dir='ltr'><strong>nullus</strong></span> <span class='ocrx_word' id='word_1_514' title='bbox 3426 1515 3494 1567; x_wconf 90' lang='lat' dir='ltr'><strong>ab</strong></span> 
     </span>
    </p>
   </div>
   <div class='ocr_carea' id='block_1_63' title="bbox 1913 1602 3496 1667">
    <p class='ocr_par' dir='ltr' id='par_1_63' title="bbox 1913 1602 3496 1667">
     <span class='ocr_line' id='line_1_63' title="bbox 1913 1602 3496 1667; baseline 0.004 -12"><span class='ocrx_word' id='word_1_515' title='bbox 1913 1602 2089 1655; x_wconf 90' lang='lat' dir='ltr'><strong>esurie</strong></span> <span class='ocrx_word' id='word_1_516' title='bbox 2116 1602 2366 1656; x_wconf 87' lang='lat' dir='ltr'><strong>liberatus</strong></span> <span class='ocrx_word' id='word_1_517' title='bbox 2392 1612 2494 1667; x_wconf 69' lang='lat' dir='ltr'><strong>est,</strong></span> <span class='ocrx_word' id='word_1_518' title='bbox 2517 1604 2584 1656; x_wconf 92' lang='lat' dir='ltr'><strong>ita</strong></span> <span class='ocrx_word' id='word_1_519' title='bbox 2613 1612 2669 1656; x_wconf 91' lang='lat' dir='ltr'><strong>ut</strong></span> <span class='ocrx_word' id='word_1_520' title='bbox 2692 1619 2795 1658; x_wconf 90' lang='lat' dir='ltr'><strong>non</strong></span> <span class='ocrx_word' id='word_1_521' title='bbox 2821 1605 2956 1658; x_wconf 88' lang='lat' dir='ltr'><strong>ultra</strong></span> <span class='ocrx_word' id='word_1_522' title='bbox 2985 1608 3203 1660; x_wconf 89' lang='lat' dir='ltr'><strong>esuriat.</strong></span> <span class='ocrx_word' id='word_1_523' title='bbox 3231 1606 3356 1660; x_wconf 84' lang='lat' dir='ltr'><strong>Ideo</strong></span> <span class='ocrx_word' id='word_1_524' title='bbox 3381 1606 3496 1662; x_wconf 71' lang='lat' dir='ltr'><strong>hmc</strong></span> 
     </span>
    </p>
   </div>
   <div class='ocr_carea' id='block_1_64' title="bbox 1916 1695 3493 1768">
    <p class='ocr_par' dir='ltr' id='par_1_64' title="bbox 1916 1695 3493 1768">
     <span class='ocr_line' id='line_1_64' title="bbox 1916 1695 3493 1768; baseline 0.003 -20"><span class='ocrx_word' id='word_1_525' title='bbox 1916 1709 2020 1748; x_wconf 92' lang='lat' dir='ltr'><strong>non</strong></span> <span class='ocrx_word' id='word_1_526' title='bbox 2054 1695 2104 1748; x_wconf 90' lang='lat' dir='ltr'><strong>in</strong></span> <span class='ocrx_word' id='word_1_527' title='bbox 2147 1697 2348 1749; x_wconf 87' lang='lat' dir='ltr'><strong>crimen</strong></span> <span class='ocrx_word' id='word_1_528' title='bbox 2381 1705 2696 1764; x_wconf 83' lang='lat' dir='ltr'><strong>vertuntur,</strong></span> <span class='ocrx_word' id='word_1_529' title='bbox 2728 1714 2900 1766; x_wconf 85' lang='lat' dir='ltr'><strong>neque</strong></span> <span class='ocrx_word' id='word_1_530' title='bbox 2931 1700 3086 1752; x_wconf 85' lang='lat' dir='ltr'><strong>nobis</strong></span> <span class='ocrx_word' id='word_1_531' title='bbox 3114 1715 3174 1754; x_wconf 88' lang='lat' dir='ltr'><strong>ca</strong></span> <span class='ocrx_word' id='word_1_532' title='bbox 3205 1700 3493 1768; x_wconf 82' lang='lat' dir='ltr'><strong>exprobra-</strong></span> 
     </span>
    </p>
   </div>
   <div class='ocr_carea' id='block_1_65' title="bbox 1916 1783 3497 1858">
    <p class='ocr_par' dir='ltr' id='par_1_65' title="bbox 1916 1783 3497 1858">
     <span class='ocr_line' id='line_1_65' title="bbox 1916 1783 3497 1858; baseline 0.003 -18"><span class='ocrx_word' id='word_1_533' title='bbox 1916 1801 2054 1840; x_wconf 92' lang='lat' dir='ltr'><strong>mus.</strong></span> <span class='ocrx_word' id='word_1_534' title='bbox 2102 1783 2287 1854; x_wconf 84' lang='lat' dir='ltr'><strong>Neque</strong></span> <span class='ocrx_word' id='word_1_535' title='bbox 2315 1786 2544 1855; x_wconf 86' lang='lat' dir='ltr'><strong>aliquem</strong></span> <span class='ocrx_word' id='word_1_536' title='bbox 2573 1797 2924 1842; x_wconf 88' lang='lat' dir='ltr'><strong>accusaturus</strong></span> <span class='ocrx_word' id='word_1_537' title='bbox 2949 1790 3211 1858; x_wconf 84' lang='lat' dir='ltr'><strong>quispiam</strong></span> <span class='ocrx_word' id='word_1_538' title='bbox 3242 1789 3378 1844; x_wconf 84' lang='lat' dir='ltr'><strong>dixit</strong></span> <span class='ocrx_word' id='word_1_539' title='bbox 3407 1809 3421 1844; x_wconf 90' lang='lat'>:</span> <span class='ocrx_word' id='word_1_540' title='bbox 3450 1790 3497 1844; x_wconf 89' lang='lat'><strong>0</strong></span> 
     </span>
    </p>
   </div>
   <div class='ocr_carea' id='block_1_66' title="bbox 1918 1875 3494 1946">
    <p class='ocr_par' dir='ltr' id='par_1_66' title="bbox 1918 1875 3494 1946">
     <span class='ocr_line' id='line_1_66' title="bbox 1918 1875 3494 1946; baseline 0.004 -18"><span class='ocrx_word' id='word_1_541' title='bbox 1918 1875 2126 1946; x_wconf 91' lang='lat' dir='ltr'><strong>impure</strong></span> <span class='ocrx_word' id='word_1_542' title='bbox 2147 1917 2163 1942; x_wconf 90' lang='lat'><strong>,</strong></span> <span class='ocrx_word' id='word_1_543' title='bbox 2193 1884 2243 1929; x_wconf 91' lang='lat' dir='ltr'><strong>et</strong></span> <span class='ocrx_word' id='word_1_544' title='bbox 2277 1875 2612 1944; x_wconf 88' lang='lat' dir='ltr'><strong>passionibus</strong></span> <span class='ocrx_word' id='word_1_545' title='bbox 2642 1877 2906 1942; x_wconf 82' lang='lat' dir='ltr'><strong>obnoxie;</strong></span> <span class='ocrx_word' id='word_1_546' title='bbox 2938 1877 3029 1931; x_wconf 90' lang='lat' dir='ltr'><strong>sed</strong></span> <span class='ocrx_word' id='word_1_547' title='bbox 3057 1887 3149 1931; x_wconf 91' lang='lat' dir='ltr'><strong>aut</strong></span> <span class='ocrx_word' id='word_1_548' title='bbox 3176 1879 3494 1934; x_wconf 86' lang='lat' dir='ltr'><strong>adulterium</strong></span> 
     </span>
    </p>
   </div>
   <div class='ocr_carea' id='block_1_67' title="bbox 1917 1967 3498 2040">
    <p class='ocr_par' dir='ltr' id='par_1_67' title="bbox 1917 1967 3498 2040">
     <span class='ocr_line' id='line_1_67' title="bbox 1917 1967 3498 2040; baseline 0.003 -20"><span class='ocrx_word' id='word_1_549' title='bbox 1917 1977 2008 2020; x_wconf 85' lang='lat' dir='ltr'><strong>aut</strong></span> <span class='ocrx_word' id='word_1_550' title='bbox 2033 1976 2271 2036; x_wconf 86' lang='lat' dir='ltr'><strong>stuprum</strong></span> <span class='ocrx_word' id='word_1_551' title='bbox 2296 1978 2386 2020; x_wconf 89' lang='lat' dir='ltr'><strong>aut</strong></span> <span class='ocrx_word' id='word_1_552' title='bbox 2413 1967 2538 2036; x_wconf 86' lang='lat' dir='ltr'><strong>quid</strong></span> <span class='ocrx_word' id='word_1_553' title='bbox 2566 1968 2740 2023; x_wconf 87' lang='lat' dir='ltr'><strong>simile</strong></span> <span class='ocrx_word' id='word_1_554' title='bbox 2761 1983 2974 2038; x_wconf 88' lang='lat' dir='ltr'><strong>semper</strong></span> <span class='ocrx_word' id='word_1_555' title='bbox 2997 1969 3243 2024; x_wconf 83' lang='lat' dir='ltr'><strong>obnoxiis</strong></span> <span class='ocrx_word' id='word_1_556' title='bbox 3269 1969 3498 2040; x_wconf 85' lang='lat' dir='ltr'><strong>proferi-</strong></span> 
     </span>
    </p>
   </div>
   <div class='ocr_carea' id='block_1_68' title="bbox 1919 2055 3499 2130">
    <p class='ocr_par' dir='ltr' id='par_1_68' title="bbox 1919 2055 3499 2130">
     <span class='ocr_line' id='line_1_68' title="bbox 1919 2055 3499 2130; baseline 0.004 -20"><span class='ocrx_word' id='word_1_557' title='bbox 1919 2071 2072 2122; x_wconf 92' lang='lat' dir='ltr'><strong>mus,</strong></span> <span class='ocrx_word' id='word_1_558' title='bbox 2121 2066 2172 2112; x_wconf 90' lang='lat' dir='ltr'><strong>et</strong></span> <span class='ocrx_word' id='word_1_559' title='bbox 2227 2055 2293 2111; x_wconf 89' lang='lat' dir='ltr'><strong>ad</strong></span> <span class='ocrx_word' id='word_1_560' title='bbox 2339 2057 2550 2127; x_wconf 88' lang='lat' dir='ltr'><strong>judices</strong></span> <span class='ocrx_word' id='word_1_561' title='bbox 2579 2058 2897 2113; x_wconf 87' lang='lat' dir='ltr'><strong>adducimus</strong></span> <span class='ocrx_word' id='word_1_562' title='bbox 2925 2060 3012 2130; x_wconf 89' lang='lat' dir='ltr'><strong>qui</strong></span> <span class='ocrx_word' id='word_1_563' title='bbox 3065 2061 3417 2116; x_wconf 89' lang='lat' dir='ltr'><strong>criminentur</strong></span> <span class='ocrx_word' id='word_1_564' title='bbox 3445 2073 3499 2116; x_wconf 90' lang='lat' dir='ltr'><strong>ct</strong></span> 
     </span>
    </p>
   </div>
   <div class='ocr_carea' id='block_1_69' title="bbox 1918 2149 3498 2224">
    <p class='ocr_par' dir='ltr' id='par_1_69' title="bbox 1918 2149 3498 2224">
     <span class='ocr_line' id='line_1_69' title="bbox 1918 2149 3498 2224; baseline 0.004 -22"><span class='ocrx_word' id='word_1_565' title='bbox 1918 2149 2160 2218; x_wconf 89' lang='lat' dir='ltr'><strong>puniant,</strong></span> <span class='ocrx_word' id='word_1_566' title='bbox 2197 2157 2250 2202; x_wconf 90' lang='lat' dir='ltr'><strong>et</strong></span> <span class='ocrx_word' id='word_1_567' title='bbox 2277 2163 2373 2217; x_wconf 91' lang='lat' dir='ltr'><strong>pro</strong></span> <span class='ocrx_word' id='word_1_568' title='bbox 2394 2150 2675 2204; x_wconf 89' lang='lat' dir='ltr'><strong>contrariis</strong></span> <span class='ocrx_word' id='word_1_569' title='bbox 2701 2150 2907 2205; x_wconf 91' lang='lat' dir='ltr'><strong>honore</strong></span> <span class='ocrx_word' id='word_1_570' title='bbox 2932 2150 3184 2207; x_wconf 78' lang='lat' dir='ltr'><strong>afficiant.</strong></span> <span class='ocrx_word' id='word_1_571' title='bbox 3217 2153 3348 2208; x_wconf 84' lang='lat' dir='ltr'><strong>Cum</strong></span> <span class='ocrx_word' id='word_1_572' title='bbox 3372 2170 3498 2224; x_wconf 85' lang='lat' dir='ltr'><strong>ergo</strong></span> 
     </span>
    </p>
   </div>
   <div class='ocr_carea' id='block_1_70' title="bbox 1925 2240 3498 2309">
    <p class='ocr_par' dir='ltr' id='par_1_70' title="bbox 1925 2240 3498 2309">
     <span class='ocr_line' id='line_1_70' title="bbox 1925 2240 3498 2309; baseline 0.003 -15"><span class='ocrx_word' id='word_1_573' title='bbox 1925 2252 2034 2294; x_wconf 90' lang='lat' dir='ltr'><strong>tum</strong></span> <span class='ocrx_word' id='word_1_574' title='bbox 2062 2255 2125 2295; x_wconf 88' lang='lat' dir='ltr'><strong>ex</strong></span> <span class='ocrx_word' id='word_1_575' title='bbox 2151 2240 2214 2293; x_wconf 91' lang='lat' dir='ltr'><strong>iis</strong></span> <span class='ocrx_word' id='word_1_576' title='bbox 2245 2255 2362 2309; x_wconf 68' lang='lat' dir='ltr'><strong>quae</strong></span> <span class='ocrx_word' id='word_1_577' title='bbox 2392 2241 2530 2295; x_wconf 90' lang='lat' dir='ltr'><strong>inter</strong></span> <span class='ocrx_word' id='word_1_578' title='bbox 2555 2256 2652 2296; x_wconf 91' lang='lat' dir='ltr'><strong>nos</strong></span> <span class='ocrx_word' id='word_1_579' title='bbox 2678 2252 2863 2296; x_wconf 91' lang='lat' dir='ltr'><strong>mutuo</strong></span> <span class='ocrx_word' id='word_1_580' title='bbox 2893 2241 3116 2297; x_wconf 85' lang='lat' dir='ltr'><strong>facimus</strong></span> <span class='ocrx_word' id='word_1_581' title='bbox 3137 2285 3152 2308; x_wconf 91' lang='lat'><strong>,</strong></span> <span class='ocrx_word' id='word_1_582' title='bbox 3188 2254 3296 2298; x_wconf 89' lang='lat' dir='ltr'><strong>tum</strong></span> <span class='ocrx_word' id='word_1_583' title='bbox 3341 2261 3406 2298; x_wconf 88' lang='lat' dir='ltr'><strong>ex</strong></span> <span class='ocrx_word' id='word_1_584' title='bbox 3436 2246 3498 2298; x_wconf 88' lang='lat' dir='ltr'><strong>iis</strong></span> 
     </span>
    </p>
   </div>
   <div class='ocr_carea' id='block_1_71' title="bbox 1921 2331 3496 2404">
    <p class='ocr_par' dir='ltr' id='par_1_71' title="bbox 1921 2331 3496 2404">
     <span class='ocr_line' id='line_1_71' title="bbox 1921 2331 3496 2404; baseline 0.001 -19"><span class='ocrx_word' id='word_1_585' title='bbox 1921 2347 2039 2402; x_wconf 67' lang='lat' dir='ltr'><strong>qua:</strong></span> <span class='ocrx_word' id='word_1_586' title='bbox 2069 2332 2121 2386; x_wconf 93' lang='lat' dir='ltr'><strong>in</strong></span> <span class='ocrx_word' id='word_1_587' title='bbox 2156 2331 2358 2400; x_wconf 84' lang='lat' dir='ltr'><strong>judicio</strong></span> <span class='ocrx_word' id='word_1_588' title='bbox 2388 2333 2620 2402; x_wconf 87' lang='lat' dir='ltr'><strong>patimur</strong></span> <span class='ocrx_word' id='word_1_589' title='bbox 2641 2372 2656 2397; x_wconf 93' lang='lat'><strong>,</strong></span> <span class='ocrx_word' id='word_1_590' title='bbox 2687 2343 2744 2387; x_wconf 92' lang='lat' dir='ltr'><strong>et</strong></span> <span class='ocrx_word' id='word_1_591' title='bbox 2767 2334 2819 2388; x_wconf 91' lang='lat' dir='ltr'><strong>in</strong></span> <span class='ocrx_word' id='word_1_592' title='bbox 2848 2334 3052 2404; x_wconf 82' lang='lat' dir='ltr'><strong>legibus</strong></span> <span class='ocrx_word' id='word_1_593' title='bbox 3080 2334 3460 2404; x_wconf 82' lang='lat' dir='ltr'><strong>descripsimus</strong></span> <span class='ocrx_word' id='word_1_594' title='bbox 3482 2379 3496 2398; x_wconf 86' lang='lat'><strong>,</strong></span> 
     </span>
    </p>
   </div>
   <div class='ocr_carea' id='block_1_72' title="bbox 1925 2423 3502 2492">
    <p class='ocr_par' dir='ltr' id='par_1_72' title="bbox 1925 2423 3502 2492">
     <span class='ocr_line' id='line_1_72' title="bbox 1925 2423 3502 2492; baseline 0.003 -16"><span class='ocrx_word' id='word_1_595' title='bbox 1925 2433 2033 2476; x_wconf 91' lang='lat' dir='ltr'><strong>tum</strong></span> <span class='ocrx_word' id='word_1_596' title='bbox 2060 2437 2126 2476; x_wconf 92' lang='lat' dir='ltr'><strong>ex</strong></span> <span class='ocrx_word' id='word_1_597' title='bbox 2157 2423 2220 2477; x_wconf 92' lang='lat' dir='ltr'><strong>iis</strong></span> <span class='ocrx_word' id='word_1_598' title='bbox 2247 2423 2314 2478; x_wconf 89' lang='lat' dir='ltr'><strong>de</strong></span> <span class='ocrx_word' id='word_1_599' title='bbox 2339 2423 2530 2492; x_wconf 88' lang='lat' dir='ltr'><strong>quibus</strong></span> <span class='ocrx_word' id='word_1_600' title='bbox 2557 2438 2654 2477; x_wconf 90' lang='lat' dir='ltr'><strong>nos</strong></span> <span class='ocrx_word' id='word_1_601' title='bbox 2685 2424 2829 2492; x_wconf 91' lang='lat' dir='ltr'><strong>ipsos</strong></span> <span class='ocrx_word' id='word_1_602' title='bbox 2857 2424 3192 2488; x_wconf 88' lang='lat' dir='ltr'><strong>damnamus,</strong></span> <span class='ocrx_word' id='word_1_603' title='bbox 3229 2426 3350 2480; x_wconf 92' lang='lat' dir='ltr'><strong>licet</strong></span> <span class='ocrx_word' id='word_1_604' title='bbox 3387 2429 3502 2480; x_wconf 88' lang='lat' dir='ltr'><strong>nul—</strong></span> 
     </span>
    </p>
   </div>
   <div class='ocr_carea' id='block_1_73' title="bbox 1925 2515 3499 2588">
    <p class='ocr_par' dir='ltr' id='par_1_73' title="bbox 1925 2515 3499 2588">
     <span class='ocr_line' id='line_1_73' title="bbox 1925 2515 3499 2588; baseline 0.002 -19"><span class='ocrx_word' id='word_1_605' title='bbox 1925 2517 2006 2569; x_wconf 93' lang='lat' dir='ltr'><strong>Ius</strong></span> <span class='ocrx_word' id='word_1_606' title='bbox 2028 2523 2244 2570; x_wconf 85' lang='lat' dir='ltr'><strong>accuset</strong></span> <span class='ocrx_word' id='word_1_607' title='bbox 2267 2532 2282 2579; x_wconf 92' lang='lat'><strong>;</strong></span> <span class='ocrx_word' id='word_1_608' title='bbox 2325 2530 2389 2569; x_wconf 89' lang='lat' dir='ltr'><strong>ex</strong></span> <span class='ocrx_word' id='word_1_609' title='bbox 2413 2531 2476 2570; x_wconf 90' lang='lat' dir='ltr'><strong>eo</strong></span> <span class='ocrx_word' id='word_1_610' title='bbox 2499 2515 2638 2582; x_wconf 73' lang='lat' dir='ltr'><strong>quod</strong></span> <span class='ocrx_word' id='word_1_611' title='bbox 2666 2515 2824 2569; x_wconf 90' lang='lat' dir='ltr'><strong>etiam</strong></span> <span class='ocrx_word' id='word_1_612' title='bbox 2851 2532 2946 2585; x_wconf 89' lang='lat' dir='ltr'><strong>per</strong></span> <span class='ocrx_word' id='word_1_613' title='bbox 2967 2517 3224 2586; x_wconf 82' lang='lat' dir='ltr'><strong>ignaviam</strong></span> <span class='ocrx_word' id='word_1_614' title='bbox 3270 2519 3499 2588; x_wconf 84' lang='lat' dir='ltr'><strong>pejores,</strong></span> 
     </span>
    </p>
   </div>
   <div class='ocr_carea' id='block_1_74' title="bbox 1924 2607 3504 2680">
    <p class='ocr_par' dir='ltr' id='par_1_74' title="bbox 1924 2607 3504 2680">
     <span class='ocr_line' id='line_1_74' title="bbox 1924 2607 3504 2680; baseline 0.001 -18"><span class='ocrx_word' id='word_1_615' title='bbox 1924 2623 2019 2677; x_wconf 88' lang='lat' dir='ltr'><strong>per</strong></span> <span class='ocrx_word' id='word_1_616' title='bbox 2061 2608 2305 2662; x_wconf 90' lang='lat' dir='ltr'><strong>timorem</strong></span> <span class='ocrx_word' id='word_1_617' title='bbox 2335 2608 2583 2661; x_wconf 88' lang='lat' dir='ltr'><strong>meliores</strong></span> <span class='ocrx_word' id='word_1_618' title='bbox 2613 2607 2912 2662; x_wconf 79' lang='lat' dir='ltr'><strong>efficiamur</strong></span> <span class='ocrx_word' id='word_1_619' title='bbox 2936 2651 2951 2676; x_wconf 87' lang='lat'><strong>,</strong></span> <span class='ocrx_word' id='word_1_620' title='bbox 2982 2609 3305 2680; x_wconf 88' lang='lat' dir='ltr'><strong>demumque</strong></span> <span class='ocrx_word' id='word_1_621' title='bbox 3337 2627 3405 2664; x_wconf 91' lang='lat' dir='ltr'><strong>ex</strong></span> <span class='ocrx_word' id='word_1_622' title='bbox 3437 2628 3504 2665; x_wconf 91' lang='lat' dir='ltr'><strong>eo</strong></span> 
     </span>
    </p>
   </div>
   <div class='ocr_carea' id='block_1_75' title="bbox 1923 2697 3504 2770">
    <p class='ocr_par' dir='ltr' id='par_1_75' title="bbox 1923 2697 3504 2770">
     <span class='ocr_line' id='line_1_75' title="bbox 1923 2697 3504 2770; baseline 0.004 -19"><span class='ocrx_word' id='word_1_623' title='bbox 1923 2698 2064 2768; x_wconf 94' lang='lat' dir='ltr'><strong>quod</strong></span> <span class='ocrx_word' id='word_1_624' title='bbox 2113 2698 2246 2752; x_wconf 89' lang='lat' dir='ltr'><strong>alios</strong></span> <span class='ocrx_word' id='word_1_625' title='bbox 2295 2697 2567 2752; x_wconf 86' lang='lat' dir='ltr'><strong>videamus</strong></span> <span class='ocrx_word' id='word_1_626' title='bbox 2613 2697 2871 2768; x_wconf 70' lang='lat' dir='ltr'><strong>prteclare</strong></span> <span class='ocrx_word' id='word_1_627' title='bbox 2925 2711 3142 2770; x_wconf 89' lang='lat' dir='ltr'><strong>agentes</strong></span> <span class='ocrx_word' id='word_1_628' title='bbox 3170 2701 3234 2755; x_wconf 91' lang='lat' dir='ltr'><strong>ad</strong></span> <span class='ocrx_word' id='word_1_629' title='bbox 3265 2703 3504 2770; x_wconf 87' lang='lat' dir='ltr'><strong>philoso-</strong></span> 
     </span>
    </p>
   </div>
   <div class='ocr_carea' id='block_1_76' title="bbox 1927 2789 3508 2862">
    <p class='ocr_par' dir='ltr' id='par_1_76' title="bbox 1927 2789 3508 2862">
     <span class='ocr_line' id='line_1_76' title="bbox 1927 2789 3508 2862; baseline 0.006 -21"><span class='ocrx_word' id='word_1_630' title='bbox 1927 2790 2064 2860; x_wconf 74' lang='lat' dir='ltr'><strong>phize</strong></span> <span class='ocrx_word' id='word_1_631' title='bbox 2102 2791 2310 2844; x_wconf 88' lang='lat' dir='ltr'><strong>culmen</strong></span> <span class='ocrx_word' id='word_1_632' title='bbox 2355 2789 2566 2844; x_wconf 91' lang='lat' dir='ltr'><strong>venisse</strong></span> <span class='ocrx_word' id='word_1_633' title='bbox 2592 2832 2605 2852; x_wconf 91' lang='lat'><strong>,</strong></span> <span class='ocrx_word' id='word_1_634' title='bbox 2640 2791 2812 2855; x_wconf 90' lang='lat' dir='ltr'><strong>palam</strong></span> <span class='ocrx_word' id='word_1_635' title='bbox 2857 2792 2923 2845; x_wconf 92' lang='lat' dir='ltr'><strong>sit</strong></span> <span class='ocrx_word' id='word_1_636' title='bbox 2968 2807 3131 2862; x_wconf 89' lang='lat' dir='ltr'><strong>penes</strong></span> <span class='ocrx_word' id='word_1_637' title='bbox 3177 2809 3274 2848; x_wconf 91' lang='lat' dir='ltr'><strong>nos</strong></span> <span class='ocrx_word' id='word_1_638' title='bbox 3302 2809 3421 2850; x_wconf 88' lang='lat' dir='ltr'><strong>esse</strong></span> <span class='ocrx_word' id='word_1_639' title='bbox 3451 2806 3508 2850; x_wconf 90' lang='lat' dir='ltr'><strong>ut</strong></span> 
     </span>
    </p>
   </div>
   <div class='ocr_carea' id='block_1_77' title="bbox 1928 2881 3508 2954">
    <p class='ocr_par' dir='ltr' id='par_1_77' title="bbox 1928 2881 3508 2954">
     <span class='ocr_line' id='line_1_77' title="bbox 1928 2881 3508 2954; baseline 0.002 -17"><span class='ocrx_word' id='word_1_640' title='bbox 1928 2891 2070 2937; x_wconf 86' lang='lat' dir='ltr'><strong>recte</strong></span> <span class='ocrx_word' id='word_1_641' title='bbox 2100 2897 2352 2952; x_wconf 84' lang='lat' dir='ltr'><strong>agamus;</strong></span> <span class='ocrx_word' id='word_1_642' title='bbox 2382 2897 2478 2936; x_wconf 90' lang='lat' dir='ltr'><strong>cur</strong></span> <span class='ocrx_word' id='word_1_643' title='bbox 2522 2897 2618 2936; x_wconf 93' lang='lat' dir='ltr'><strong>nos</strong></span> <span class='ocrx_word' id='word_1_644' title='bbox 2651 2881 2844 2937; x_wconf 85' lang='lat' dir='ltr'><strong>frustra</strong></span> <span class='ocrx_word' id='word_1_645' title='bbox 2889 2883 3093 2954; x_wconf 86' lang='lat' dir='ltr'><strong>frigidis</strong></span> <span class='ocrx_word' id='word_1_646' title='bbox 3118 2885 3424 2940; x_wconf 90' lang='lat' dir='ltr'><strong>obtentibus</strong></span> <span class='ocrx_word' id='word_1_647' title='bbox 3454 2899 3508 2941; x_wconf 90' lang='lat' dir='ltr'><strong>et</strong></span> 
     </span>
    </p>
   </div>
   <div class='ocr_carea' id='block_1_78' title="bbox 1927 2972 3509 3044">
    <p class='ocr_par' dir='ltr' id='par_1_78' title="bbox 1927 2972 3509 3044">
     <span class='ocr_line' id='line_1_78' title="bbox 1927 2972 3509 3044; baseline 0.003 -17"><span class='ocrx_word' id='word_1_648' title='bbox 1927 2973 2357 3028; x_wconf 87' lang='lat' dir='ltr'><strong>cxcusationibus</strong></span> <span class='ocrx_word' id='word_1_649' title='bbox 2383 2972 2679 3042; x_wconf 90' lang='lat' dir='ltr'><strong>decipimus</strong></span> <span class='ocrx_word' id='word_1_650' title='bbox 2700 3014 2714 3038; x_wconf 93' lang='lat'><strong>,</strong></span> <span class='ocrx_word' id='word_1_651' title='bbox 2746 2990 2864 3044; x_wconf 78' lang='lat' dir='ltr'><strong>qua:</strong></span> <span class='ocrx_word' id='word_1_652' title='bbox 2893 2990 2998 3028; x_wconf 89' lang='lat' dir='ltr'><strong>non</strong></span> <span class='ocrx_word' id='word_1_653' title='bbox 3043 2975 3204 3031; x_wconf 92' lang='lat' dir='ltr'><strong>modo</strong></span> <span class='ocrx_word' id='word_1_654' title='bbox 3235 2976 3390 3030; x_wconf 89' lang='lat' dir='ltr'><strong>nobis</strong></span> <span class='ocrx_word' id='word_1_655' title='bbox 3419 2993 3509 3032; x_wconf 85' lang='lat' dir='ltr'><strong>vc-</strong></span> 
     </span>
    </p>
   </div>
   <div class='ocr_carea' id='block_1_79' title="bbox 1929 3065 3507 3137">
    <p class='ocr_par' dir='ltr' id='par_1_79' title="bbox 1929 3065 3507 3137">
     <span class='ocr_line' id='line_1_79' title="bbox 1929 3065 3507 3137; baseline 0.002 -17"><span class='ocrx_word' id='word_1_656' title='bbox 1929 3067 2068 3120; x_wconf 89' lang='lat' dir='ltr'><strong>niam</strong></span> <span class='ocrx_word' id='word_1_657' title='bbox 2098 3081 2201 3119; x_wconf 91' lang='lat' dir='ltr'><strong>non</strong></span> <span class='ocrx_word' id='word_1_658' title='bbox 2225 3066 2512 3120; x_wconf 89' lang='lat' dir='ltr'><strong>concilient</strong></span> <span class='ocrx_word' id='word_1_659' title='bbox 2539 3105 2553 3131; x_wconf 92' lang='lat'><strong>,</strong></span> <span class='ocrx_word' id='word_1_660' title='bbox 2597 3065 2691 3120; x_wconf 91' lang='lat' dir='ltr'><strong>sed</strong></span> <span class='ocrx_word' id='word_1_661' title='bbox 2733 3067 2910 3136; x_wconf 90' lang='lat' dir='ltr'><strong>potius</strong></span> <span class='ocrx_word' id='word_1_662' title='bbox 2942 3066 3279 3122; x_wconf 89' lang='lat' dir='ltr'><strong>intolerabile</strong></span> <span class='ocrx_word' id='word_1_663' title='bbox 3309 3069 3507 3137; x_wconf 82' lang='lat' dir='ltr'><strong>suppli-</strong></span> 
     </span>
    </p>
   </div>
   <div class='ocr_carea' id='block_1_80' title="bbox 1930 3157 3512 3228">
    <p class='ocr_par' dir='ltr' id='par_1_80' title="bbox 1930 3157 3512 3228">
     <span class='ocr_line' id='line_1_80' title="bbox 1930 3157 3512 3228; baseline 0.001 -17"><span class='ocrx_word' id='word_1_664' title='bbox 1930 3159 2106 3221; x_wconf 89' lang='lat' dir='ltr'><strong>cium;</strong></span> <span class='ocrx_word' id='word_1_665' title='bbox 2134 3172 2254 3210; x_wconf 92' lang='lat' dir='ltr'><strong>eum</strong></span> <span class='ocrx_word' id='word_1_666' title='bbox 2287 3166 2558 3226; x_wconf 90' lang='lat' dir='ltr'><strong>eporteret</strong></span> <span class='ocrx_word' id='word_1_667' title='bbox 2584 3157 2725 3211; x_wconf 90' lang='lat' dir='ltr'><strong>diem</strong></span> <span class='ocrx_word' id='word_1_668' title='bbox 2752 3157 2896 3211; x_wconf 91' lang='lat' dir='ltr'><strong>illum</strong></span> <span class='ocrx_word' id='word_1_669' title='bbox 2928 3157 3222 3212; x_wconf 88' lang='lat' dir='ltr'><strong>terribilem</strong></span> <span class='ocrx_word' id='word_1_670' title='bbox 3255 3174 3360 3228; x_wconf 84' lang='lat' dir='ltr'><strong>prae</strong></span> <span class='ocrx_word' id='word_1_671' title='bbox 3392 3174 3512 3214; x_wconf 80' lang='lat' dir='ltr'><strong>ocu-</strong></span> 
     </span>
    </p>
   </div>
   <div class='ocr_carea' id='block_1_81' title="bbox 1931 3249 3511 3320">
    <p class='ocr_par' dir='ltr' id='par_1_81' title="bbox 1931 3249 3511 3320">
     <span class='ocr_line' id='line_1_81' title="bbox 1931 3249 3511 3320; baseline 0.001 -16"><span class='ocrx_word' id='word_1_672' title='bbox 1931 3250 1996 3304; x_wconf 89' lang='lat' dir='ltr'><strong>lis</strong></span> <span class='ocrx_word' id='word_1_673' title='bbox 2035 3250 2314 3314; x_wconf 90' lang='lat' dir='ltr'><strong>habentes,</strong></span> <span class='ocrx_word' id='word_1_674' title='bbox 2341 3249 2553 3304; x_wconf 89' lang='lat' dir='ltr'><strong>virtutis</strong></span> <span class='ocrx_word' id='word_1_675' title='bbox 2591 3264 2772 3304; x_wconf 88' lang='lat' dir='ltr'><strong>curam</strong></span> <span class='ocrx_word' id='word_1_676' title='bbox 2801 3265 2987 3320; x_wconf 88' lang='lat' dir='ltr'><strong>gerere</strong></span> <span class='ocrx_word' id='word_1_677' title='bbox 3011 3258 3066 3305; x_wconf 91' lang='lat' dir='ltr'><strong>et</strong></span> <span class='ocrx_word' id='word_1_678' title='bbox 3093 3259 3215 3320; x_wconf 93' lang='lat' dir='ltr'><strong>post</strong></span> <span class='ocrx_word' id='word_1_679' title='bbox 3241 3251 3511 3306; x_wconf 90' lang='lat' dir='ltr'><strong>modicum</strong></span> 
     </span>
    </p>
   </div>
   <div class='ocr_carea' id='block_1_82' title="bbox 1932 3341 3512 3412">
    <p class='ocr_par' dir='ltr' id='par_1_82' title="bbox 1932 3341 3512 3412">
     <span class='ocr_line' id='line_1_82' title="bbox 1932 3341 3512 3412; baseline 0.001 -16"><span class='ocrx_word' id='word_1_680' title='bbox 1932 3341 2167 3397; x_wconf 87' lang='lat' dir='ltr'><strong>laborem</strong></span> <span class='ocrx_word' id='word_1_681' title='bbox 2193 3342 2620 3411; x_wconf 87' lang='lat' dir='ltr'><strong>incorruptibiles</strong></span> <span class='ocrx_word' id='word_1_682' title='bbox 2645 3356 2872 3397; x_wconf 91' lang='lat' dir='ltr'><strong>coronas</strong></span> <span class='ocrx_word' id='word_1_683' title='bbox 2902 3343 3186 3412; x_wconf 83' lang='lat' dir='ltr'><strong>accipere?</strong></span> <span class='ocrx_word' id='word_1_684' title='bbox 3205 3343 3346 3399; x_wconf 84' lang='lat' dir='ltr'><strong>Nihil</strong></span> <span class='ocrx_word' id='word_1_685' title='bbox 3367 3348 3512 3399; x_wconf 90' lang='lat' dir='ltr'><strong>enim</strong></span> 
     </span>
    </p>
   </div>
   <div class='ocr_carea' id='block_1_83' title="bbox 1934 3433 3515 3506">
    <p class='ocr_par' dir='ltr' id='par_1_83' title="bbox 1934 3433 3515 3506">
     <span class='ocr_line' id='line_1_83' title="bbox 1934 3433 3515 3506; baseline 0.001 -18"><span class='ocrx_word' id='word_1_686' title='bbox 1934 3435 2086 3488; x_wconf 89' lang='lat' dir='ltr'><strong>nobis</strong></span> <span class='ocrx_word' id='word_1_687' title='bbox 2106 3434 2393 3504; x_wconf 91' lang='lat' dir='ltr'><strong>proderunt</strong></span> <span class='ocrx_word' id='word_1_688' title='bbox 2409 3433 2523 3488; x_wconf 76' lang='lat' dir='ltr'><strong>lucc</strong></span> <span class='ocrx_word' id='word_1_689' title='bbox 2542 3433 2699 3488; x_wconf 88' lang='lat' dir='ltr'><strong>verba</strong></span> <span class='ocrx_word' id='word_1_690' title='bbox 2719 3433 2843 3500; x_wconf 90' lang='lat' dir='ltr'><strong>;sed</strong></span> <span class='ocrx_word' id='word_1_691' title='bbox 2856 3437 3121 3502; x_wconf 89' lang='lat' dir='ltr'><strong>conservi,</strong></span> <span class='ocrx_word' id='word_1_692' title='bbox 3141 3436 3230 3506; x_wconf 92' lang='lat' dir='ltr'><strong>qui</strong></span> <span class='ocrx_word' id='word_1_693' title='bbox 3246 3436 3515 3491; x_wconf 89' lang='lat' dir='ltr'><strong>contraria</strong></span> 
     </span>
    </p>
   </div>
   <div class='ocr_carea' id='block_1_84' title="bbox 1935 3525 3517 3594">
    <p class='ocr_par' dir='ltr' id='par_1_84' title="bbox 1935 3525 3517 3594">
     <span class='ocr_line' id='line_1_84' title="bbox 1935 3525 3517 3594; baseline 0.001 -16"><span class='ocrx_word' id='word_1_694' title='bbox 1935 3533 2079 3580; x_wconf 88' lang='lat' dir='ltr'><strong>recte</strong></span> <span class='ocrx_word' id='word_1_695' title='bbox 2127 3533 2380 3594; x_wconf 88' lang='lat' dir='ltr'><strong>egerunt,</strong></span> <span class='ocrx_word' id='word_1_696' title='bbox 2433 3534 2741 3593; x_wconf 87' lang='lat' dir='ltr'><strong>peccatores</strong></span> <span class='ocrx_word' id='word_1_697' title='bbox 2769 3539 2957 3579; x_wconf 90' lang='lat' dir='ltr'><strong>omnes</strong></span> <span class='ocrx_word' id='word_1_698' title='bbox 2982 3525 3345 3590; x_wconf 87' lang='lat' dir='ltr'><strong>damnabunt,</strong></span> <span class='ocrx_word' id='word_1_699' title='bbox 3389 3541 3517 3580; x_wconf 80' lang='lat' dir='ltr'><strong>cru-</strong></span> 
     </span>
    </p>
   </div>
   <div class='ocr_carea' id='block_1_85' title="bbox 1936 3617 3516 3686">
    <p class='ocr_par' dir='ltr' id='par_1_85' title="bbox 1936 3617 3516 3686">
     <span class='ocr_line' id='line_1_85' title="bbox 1936 3617 3516 3686; baseline 0.001 -15"><span class='ocrx_word' id='word_1_700' title='bbox 1936 3618 2108 3671; x_wconf 90' lang='lat' dir='ltr'><strong>delem</strong></span> <span class='ocrx_word' id='word_1_701' title='bbox 2136 3617 2462 3680; x_wconf 78' lang='lat' dir='ltr'><strong>misericors,</strong></span> <span class='ocrx_word' id='word_1_702' title='bbox 2497 3619 2694 3670; x_wconf 86' lang='lat' dir='ltr'><strong>malum</strong></span> <span class='ocrx_word' id='word_1_703' title='bbox 2719 3617 2910 3682; x_wconf 92' lang='lat' dir='ltr'><strong>bonus,</strong></span> <span class='ocrx_word' id='word_1_704' title='bbox 2937 3618 3191 3673; x_wconf 90' lang='lat' dir='ltr'><strong>audacem</strong></span> <span class='ocrx_word' id='word_1_705' title='bbox 3221 3617 3516 3686; x_wconf 86' lang='lat' dir='ltr'><strong>modestus,</strong></span> 
     </span>
    </p>
   </div>
   <div class='ocr_carea' id='block_1_86' title="bbox 1940 3707 3518 3778">
    <p class='ocr_par' dir='ltr' id='par_1_86' title="bbox 1940 3707 3518 3778">
     <span class='ocr_line' id='line_1_86' title="bbox 1940 3707 3518 3778; baseline 0.001 -17"><span class='ocrx_word' id='word_1_706' title='bbox 1940 3707 2175 3761; x_wconf 82' lang='lat' dir='ltr'><strong>invidum</strong></span> <span class='ocrx_word' id='word_1_707' title='bbox 2205 3707 2531 3774; x_wconf 89' lang='lat' dir='ltr'><strong>benevolus,</strong></span> <span class='ocrx_word' id='word_1_708' title='bbox 2563 3723 2713 3763; x_wconf 70' lang='lat' dir='ltr'><strong>vana:</strong></span> <span class='ocrx_word' id='word_1_709' title='bbox 2759 3708 2943 3778; x_wconf 68' lang='lat' dir='ltr'><strong>glorite</strong></span> <span class='ocrx_word' id='word_1_710' title='bbox 2981 3707 3232 3778; x_wconf 91' lang='lat' dir='ltr'><strong>cupidum</strong></span> <span class='ocrx_word' id='word_1_711' title='bbox 3280 3708 3518 3777; x_wconf 86' lang='lat' dir='ltr'><strong>philoso-</strong></span> 
     </span>
    </p>
   </div>
   <div class='ocr_carea' id='block_1_87' title="bbox 1941 3799 3520 3870">
    <p class='ocr_par' dir='ltr' id='par_1_87' title="bbox 1941 3799 3520 3870">
     <span class='ocr_line' id='line_1_87' title="bbox 1941 3799 3520 3870; baseline 0 -16"><span class='ocrx_word' id='word_1_712' title='bbox 1941 3800 2077 3870; x_wconf 84' lang='lat' dir='ltr'><strong>phus</strong></span> <span class='ocrx_word' id='word_1_713' title='bbox 2100 3841 2116 3867; x_wconf 96' lang='lat'><strong>,</strong></span> <span class='ocrx_word' id='word_1_714' title='bbox 2148 3814 2364 3870; x_wconf 88' lang='lat' dir='ltr'><strong>segnem</strong></span> <span class='ocrx_word' id='word_1_715' title='bbox 2393 3799 2663 3855; x_wconf 89' lang='lat' dir='ltr'><strong>studiosus</strong></span> <span class='ocrx_word' id='word_1_716' title='bbox 2687 3842 2702 3867; x_wconf 90' lang='lat'><strong>,</strong></span> <span class='ocrx_word' id='word_1_717' title='bbox 2737 3799 2994 3855; x_wconf 87' lang='lat' dir='ltr'><strong>lascivum</strong></span> <span class='ocrx_word' id='word_1_718' title='bbox 3022 3811 3219 3855; x_wconf 90' lang='lat' dir='ltr'><strong>castus.</strong></span> <span class='ocrx_word' id='word_1_719' title='bbox 3253 3799 3341 3856; x_wconf 85' lang='lat' dir='ltr'><strong>Sic</strong></span> <span class='ocrx_word' id='word_1_720' title='bbox 3367 3801 3520 3857; x_wconf 80' lang='lat' dir='ltr'><strong>nobis</strong></span> 
     </span>
    </p>
   </div>
   <div class='ocr_carea' id='block_1_88' title="bbox 1936 3891 3521 3962">
    <p class='ocr_par' dir='ltr' id='par_1_88' title="bbox 1936 3891 3521 3962">
     <span class='ocr_line' id='line_1_88' title="bbox 1936 3891 3521 3962; baseline 0.003 -18"><span class='ocrx_word' id='word_1_721' title='bbox 1936 3891 2194 3960; x_wconf 90' lang='lat' dir='ltr'><strong>judicium</strong></span> <span class='ocrx_word' id='word_1_722' title='bbox 2228 3891 2368 3947; x_wconf 88' lang='lat' dir='ltr'><strong>Dens</strong></span> <span class='ocrx_word' id='word_1_723' title='bbox 2398 3891 2552 3956; x_wconf 81' lang='lat' dir='ltr'><strong>feret,</strong></span> <span class='ocrx_word' id='word_1_724' title='bbox 2585 3901 2869 3962; x_wconf 91' lang='lat' dir='ltr'><strong>utrumque</strong></span> <span class='ocrx_word' id='word_1_725' title='bbox 2897 3901 3095 3947; x_wconf 90' lang='lat' dir='ltr'><strong>statuet</strong></span> <span class='ocrx_word' id='word_1_726' title='bbox 3117 3893 3386 3957; x_wconf 88' lang='lat' dir='ltr'><strong>ordinem,</strong></span> <span class='ocrx_word' id='word_1_727' title='bbox 3421 3893 3521 3948; x_wconf 88' lang='lat' dir='ltr'><strong>hos</strong></span> 
     </span>
    </p>
   </div>
   <div class='ocr_carea' id='block_1_89' title="bbox 1943 3983 3519 4054">
    <p class='ocr_par' dir='ltr' id='par_1_89' title="bbox 1943 3983 3519 4054">
     <span class='ocr_line' id='line_1_89' title="bbox 1943 3983 3519 4054; baseline 0.001 -17"><span class='ocrx_word' id='word_1_728' title='bbox 1943 3984 2164 4038; x_wconf 89' lang='lat' dir='ltr'><strong>laudans</strong></span> <span class='ocrx_word' id='word_1_729' title='bbox 2189 4024 2204 4049; x_wconf 90' lang='lat'><strong>,</strong></span> <span class='ocrx_word' id='word_1_730' title='bbox 2233 3984 2354 4038; x_wconf 90' lang='lat' dir='ltr'><strong>illos</strong></span> <span class='ocrx_word' id='word_1_731' title='bbox 2380 3985 2626 4054; x_wconf 86' lang='lat' dir='ltr'><strong>puniens.</strong></span> <span class='ocrx_word' id='word_1_732' title='bbox 2663 3983 2857 4040; x_wconf 68' lang='lat' dir='ltr'><strong>Verum</strong></span> <span class='ocrx_word' id='word_1_733' title='bbox 2888 3983 3062 4050; x_wconf 90' lang='lat' dir='ltr'><strong>absit,</strong></span> <span class='ocrx_word' id='word_1_734' title='bbox 3090 3993 3150 4039; x_wconf 92' lang='lat' dir='ltr'><strong>ut</strong></span> <span class='ocrx_word' id='word_1_735' title='bbox 3178 3985 3519 4054; x_wconf 68' lang='lat' dir='ltr'><strong>prmseutium</strong></span> 
     </span>
    </p>
   </div>
   <div class='ocr_carea' id='block_1_90' title="bbox 1941 4075 3524 4145">
    <p class='ocr_par' dir='ltr' id='par_1_90' title="bbox 1941 4075 3524 4145">
     <span class='ocr_line' id='line_1_90' title="bbox 1941 4075 3524 4145; baseline 0.001 -17"><span class='ocrx_word' id='word_1_736' title='bbox 1941 4076 2204 4145; x_wconf 86' lang='lat' dir='ltr'><strong>quispiam</strong></span> <span class='ocrx_word' id='word_1_737' title='bbox 2255 4091 2322 4129; x_wconf 86' lang='lat' dir='ltr'><strong>ex</strong></span> <span class='ocrx_word' id='word_1_738' title='bbox 2374 4089 2597 4130; x_wconf 91' lang='lat' dir='ltr'><strong>numero</strong></span> <span class='ocrx_word' id='word_1_739' title='bbox 2651 4090 2836 4130; x_wconf 92' lang='lat' dir='ltr'><strong>eorum</strong></span> <span class='ocrx_word' id='word_1_740' title='bbox 2869 4076 2938 4129; x_wconf 91' lang='lat' dir='ltr'><strong>sit</strong></span> <span class='ocrx_word' id='word_1_741' title='bbox 2988 4075 3076 4145; x_wconf 90' lang='lat' dir='ltr'><strong>qui</strong></span> <span class='ocrx_word' id='word_1_742' title='bbox 3133 4076 3418 4145; x_wconf 90' lang='lat' dir='ltr'><strong>punientur</strong></span> <span class='ocrx_word' id='word_1_743' title='bbox 3468 4086 3524 4130; x_wconf 90' lang='lat' dir='ltr'><strong>et</strong></span> 
     </span>
    </p>
   </div>
   <div class='ocr_carea' id='block_1_91' title="bbox 1944 4166 3523 4238">
    <p class='ocr_par' dir='ltr' id='par_1_91' title="bbox 1944 4166 3523 4238">
     <span class='ocr_line' id='line_1_91' title="bbox 1944 4166 3523 4238; baseline 0.002 -17"><span class='ocrx_word' id='word_1_744' title='bbox 1944 4167 2234 4236; x_wconf 87' lang='lat' dir='ltr'><strong>ignominia</strong></span> <span class='ocrx_word' id='word_1_745' title='bbox 2261 4166 2594 4232; x_wconf 74' lang='lat' dir='ltr'><strong>afficientur;</strong></span> <span class='ocrx_word' id='word_1_746' title='bbox 2625 4167 2717 4222; x_wconf 91' lang='lat' dir='ltr'><strong>sed</strong></span> <span class='ocrx_word' id='word_1_747' title='bbox 2750 4169 2856 4222; x_wconf 89' lang='lat' dir='ltr'><strong>sint</strong></span> <span class='ocrx_word' id='word_1_748' title='bbox 2885 4169 3060 4238; x_wconf 91' lang='lat' dir='ltr'><strong>potius</strong></span> <span class='ocrx_word' id='word_1_749' title='bbox 3089 4184 3152 4222; x_wconf 89' lang='lat' dir='ltr'><strong>ex</strong></span> <span class='ocrx_word' id='word_1_750' title='bbox 3183 4185 3408 4224; x_wconf 91' lang='lat' dir='ltr'><strong>numero</strong></span> <span class='ocrx_word' id='word_1_751' title='bbox 3432 4184 3523 4224; x_wconf 90' lang='lat' dir='ltr'><strong>eo-</strong></span> 
     </span>
    </p>
   </div>
   <div class='ocr_carea' id='block_1_92' title="bbox 1943 4258 3520 4328">
    <p class='ocr_par' dir='ltr' id='par_1_92' title="bbox 1943 4258 3520 4328">
     <span class='ocr_line' id='line_1_92' title="bbox 1943 4258 3520 4328; baseline 0 -16"><span class='ocrx_word' id='word_1_752' title='bbox 1943 4275 2062 4312; x_wconf 87' lang='lat' dir='ltr'><strong>rum</strong></span> <span class='ocrx_word' id='word_1_753' title='bbox 2105 4261 2193 4328; x_wconf 90' lang='lat' dir='ltr'><strong>qui</strong></span> <span class='ocrx_word' id='word_1_754' title='bbox 2223 4267 2546 4312; x_wconf 90' lang='lat' dir='ltr'><strong>coronantur</strong></span> <span class='ocrx_word' id='word_1_755' title='bbox 2566 4300 2580 4324; x_wconf 87' lang='lat'><strong>,</strong></span> <span class='ocrx_word' id='word_1_756' title='bbox 2609 4268 2664 4313; x_wconf 93' lang='lat' dir='ltr'><strong>et</strong></span> <span class='ocrx_word' id='word_1_757' title='bbox 2706 4258 2944 4313; x_wconf 81' lang='lat' dir='ltr'><strong>divinum</strong></span> <span class='ocrx_word' id='word_1_758' title='bbox 2971 4274 3194 4327; x_wconf 88' lang='lat' dir='ltr'><strong>regnum</strong></span> <span class='ocrx_word' id='word_1_759' title='bbox 3239 4260 3477 4314; x_wconf 90' lang='lat' dir='ltr'><strong>obtinent</strong></span> <span class='ocrx_word' id='word_1_760' title='bbox 3506 4279 3520 4323; x_wconf 92' lang='lat'><strong>;</strong></span> 
     </span>
    </p>
   </div>
   <div class='ocr_carea' id='block_1_93' title="bbox 1947 4349 3524 4421">
    <p class='ocr_par' dir='ltr' id='par_1_93' title="bbox 1947 4349 3524 4421">
     <span class='ocr_line' id='line_1_93' title="bbox 1947 4349 3524 4421; baseline -0.001 -17"><span class='ocrx_word' id='word_1_761' title='bbox 1947 4351 2086 4421; x_wconf 89' lang='lat' dir='ltr'><strong>quod</strong></span> <span class='ocrx_word' id='word_1_762' title='bbox 2130 4364 2227 4403; x_wconf 92' lang='lat' dir='ltr'><strong>nes</strong></span> <span class='ocrx_word' id='word_1_763' title='bbox 2252 4364 2438 4402; x_wconf 88' lang='lat' dir='ltr'><strong>omnes</strong></span> <span class='ocrx_word' id='word_1_764' title='bbox 2463 4350 2672 4418; x_wconf 87' lang='lat' dir='ltr'><strong>assequi</strong></span> <span class='ocrx_word' id='word_1_765' title='bbox 2722 4351 3000 4418; x_wconf 82' lang='lat' dir='ltr'><strong>contingat</strong></span> <span class='ocrx_word' id='word_1_766' title='bbox 3025 4391 3039 4410; x_wconf 90' lang='lat'><strong>,</strong></span> <span class='ocrx_word' id='word_1_767' title='bbox 3091 4349 3258 4420; x_wconf 86' lang='lat' dir='ltr'><strong>gratia</strong></span> <span class='ocrx_word' id='word_1_768' title='bbox 3287 4359 3341 4402; x_wconf 91' lang='lat' dir='ltr'><strong>et</strong></span> <span class='ocrx_word' id='word_1_769' title='bbox 3371 4350 3524 4404; x_wconf 88' lang='lat' dir='ltr'><strong>beni-</strong></span> 
     </span>
    </p>
   </div>
   <div class='ocr_carea' id='block_1_94' title="bbox 1948 4440 3524 4513">
    <p class='ocr_par' dir='ltr' id='par_1_94' title="bbox 1948 4440 3524 4513">
     <span class='ocr_line' id='line_1_94' title="bbox 1948 4440 3524 4513; baseline 0.001 -18"><span class='ocrx_word' id='word_1_770' title='bbox 1948 4444 2150 4513; x_wconf 86' lang='lat' dir='ltr'><strong>gnitate</strong></span> <span class='ocrx_word' id='word_1_771' title='bbox 2198 4441 2402 4494; x_wconf 88' lang='lat' dir='ltr'><strong>Domini</strong></span> <span class='ocrx_word' id='word_1_772' title='bbox 2453 4441 2622 4494; x_wconf 91' lang='lat' dir='ltr'><strong>nostri</strong></span> <span class='ocrx_word' id='word_1_773' title='bbox 2671 4440 2799 4494; x_wconf 84' lang='lat' dir='ltr'><strong>Jesu</strong></span> <span class='ocrx_word' id='word_1_774' title='bbox 2845 4441 3073 4508; x_wconf 77' lang='lat' dir='ltr'><strong>Christi,</strong></span> <span class='ocrx_word' id='word_1_775' title='bbox 3123 4443 3334 4512; x_wconf 91' lang='lat' dir='ltr'><strong>quicum</strong></span> <span class='ocrx_word' id='word_1_776' title='bbox 3381 4441 3524 4498; x_wconf 83' lang='lat' dir='ltr'><strong>Patri</strong></span> 
     </span>
    </p>
   </div>
   <div class='ocr_carea' id='block_1_95' title="bbox 1951 4533 3525 4604">
    <p class='ocr_par' dir='ltr' id='par_1_95' title="bbox 1951 4533 3525 4604">
     <span class='ocr_line' id='line_1_95' title="bbox 1951 4533 3525 4604; baseline 0.001 -16"><span class='ocrx_word' id='word_1_777' title='bbox 1951 4549 2160 4603; x_wconf 90' lang='lat' dir='ltr'><strong>unaque</strong></span> <span class='ocrx_word' id='word_1_778' title='bbox 2184 4533 2398 4604; x_wconf 84' lang='lat' dir='ltr'><strong>Spiritui</strong></span> <span class='ocrx_word' id='word_1_779' title='bbox 2417 4542 2603 4588; x_wconf 91' lang='lat' dir='ltr'><strong>sancto</strong></span> <span class='ocrx_word' id='word_1_780' title='bbox 2627 4533 2813 4604; x_wconf 87' lang='lat' dir='ltr'><strong>gloria,</strong></span> <span class='ocrx_word' id='word_1_781' title='bbox 2839 4535 3139 4604; x_wconf 88' lang='lat' dir='ltr'><strong>imperium,</strong></span> <span class='ocrx_word' id='word_1_782' title='bbox 3167 4535 3357 4604; x_wconf 86' lang='lat' dir='ltr'><strong>honor,</strong></span> <span class='ocrx_word' id='word_1_783' title='bbox 3386 4553 3525 4590; x_wconf 92' lang='lat' dir='ltr'><strong>nunc</strong></span> 
     </span>
    </p>
   </div>
   <div class='ocr_carea' id='block_1_96' title="bbox 1954 4629 3244 4697">
    <p class='ocr_par' dir='ltr' id='par_1_96' title="bbox 1954 4629 3244 4697">
     <span class='ocr_line' id='line_1_96' title="bbox 1954 4629 3244 4697; baseline 0.002 -15"><span class='ocrx_word' id='word_1_784' title='bbox 1954 4637 2008 4682; x_wconf 90' lang='lat' dir='ltr'><strong>et</strong></span> <span class='ocrx_word' id='word_1_785' title='bbox 2029 4643 2267 4697; x_wconf 89' lang='lat' dir='ltr'><strong>semper,</strong></span> <span class='ocrx_word' id='word_1_786' title='bbox 2299 4637 2353 4682; x_wconf 91' lang='lat' dir='ltr'><strong>et</strong></span> <span class='ocrx_word' id='word_1_787' title='bbox 2384 4629 2434 4682; x_wconf 92' lang='lat' dir='ltr'><strong>in</strong></span> <span class='ocrx_word' id='word_1_788' title='bbox 2462 4629 2656 4682; x_wconf 67' lang='lat' dir='ltr'><strong>srecula</strong></span> <span class='ocrx_word' id='word_1_789' title='bbox 2686 4629 3022 4682; x_wconf 58' lang='lat' dir='ltr'><strong>sreculorum.</strong></span> <span class='ocrx_word' id='word_1_790' title='bbox 3053 4633 3244 4685; x_wconf 83' lang='lat' dir='ltr'><strong>Amen.</strong></span> 
     </span>
    </p>
   </div>
   <div class='ocr_carea' id='block_1_97' title="bbox 1758 4807 2254 4867">
    <p class='ocr_par' dir='ltr' id='par_1_97' title="bbox 1758 4807 2254 4867">
     <span class='ocr_line' id='line_1_97' title="bbox 1758 4807 2254 4867; baseline -0.002 -2"><span class='ocrx_word' id='word_1_791' title='bbox 1758 4807 2100 4867; x_wconf 74' lang='lat' dir='ltr'><strong>HOMILIA</strong></span> <span class='ocrx_word' id='word_1_792' title='bbox 2146 4807 2254 4867; x_wconf 83' lang='lat' dir='ltr'><strong>Ill.</strong></span> 
     </span>
    </p>
   </div>
   <div class='ocr_carea' id='block_1_98' title="bbox 250 4951 1847 5023">
    <p class='ocr_par' dir='ltr' id='par_1_98' title="bbox 250 4951 1847 5023">
     <span class='ocr_line' id='line_1_98' title="bbox 250 4951 1847 5023; baseline -0.003 -12"><span class='ocrx_word' id='word_1_793' title='bbox 250 4951 398 5011; x_wconf 70' lang='lat' dir='ltr'><strong>CAP.</strong></span> <span class='ocrx_word' id='word_1_794' title='bbox 430 4954 482 5008; x_wconf 71' lang='lat' dir='ltr'><strong>i.</strong></span> <span class='ocrx_word' id='word_1_795' title='bbox 519 4969 571 5007; x_wconf 80' lang='grc' dir='ltr'><strong>ν.</strong></span> <span class='ocrx_word' id='word_1_796' title='bbox 607 4954 694 5008; x_wconf 76' lang='lat' dir='ltr'><strong>l0.</strong></span> <span class='ocrx_word' id='word_1_797' title='bbox 729 4953 946 5009; x_wconf 75' lang='lat' dir='ltr'><strong>Obsecro</strong></span> <span class='ocrx_word' id='word_1_798' title='bbox 971 4964 1136 5008; x_wconf 86' lang='lat' dir='ltr'><strong>autem</strong></span> <span class='ocrx_word' id='word_1_799' title='bbox 1167 4971 1270 5020; x_wconf 79' lang='lat' dir='ltr'><strong>vos,</strong></span> <span class='ocrx_word' id='word_1_800' title='bbox 1306 4958 1507 5023; x_wconf 78' lang='lat' dir='ltr'><strong>fratres,</strong></span> <span class='ocrx_word' id='word_1_801' title='bbox 1542 4970 1630 5022; x_wconf 82' lang='lat' dir='ltr'><strong>per</strong></span> <span class='ocrx_word' id='word_1_802' title='bbox 1669 4969 1847 5007; x_wconf 85' lang='lat' dir='ltr'><strong>nomen</strong></span> 
     </span>
    </p>
   </div>
   <div class='ocr_carea' id='block_1_99' title="bbox 339 5044 1843 5109">
    <p class='ocr_par' dir='ltr' id='par_1_99' title="bbox 339 5044 1843 5109">
     <span class='ocr_line' id='line_1_99' title="bbox 339 5044 1843 5109; baseline -0.001 -10"><span class='ocrx_word' id='word_1_803' title='bbox 339 5045 550 5099; x_wconf 75' lang='lat' dir='ltr'><strong>Domini</strong></span> <span class='ocrx_word' id='word_1_804' title='bbox 580 5046 740 5098; x_wconf 85' lang='lat' dir='ltr'><strong>nostri</strong></span> <span class='ocrx_word' id='word_1_805' title='bbox 770 5047 893 5100; x_wconf 82' lang='lat' dir='ltr'><strong>Jesu</strong></span> <span class='ocrx_word' id='word_1_806' title='bbox 923 5044 1147 5109; x_wconf 81' lang='lat' dir='ltr'><strong>Christi,</strong></span> <span class='ocrx_word' id='word_1_807' title='bbox 1175 5055 1230 5098; x_wconf 81' lang='lat' dir='ltr'><strong>ut</strong></span> <span class='ocrx_word' id='word_1_808' title='bbox 1260 5046 1394 5098; x_wconf 86' lang='lat' dir='ltr'><strong>idem</strong></span> <span class='ocrx_word' id='word_1_809' title='bbox 1422 5044 1602 5098; x_wconf 84' lang='lat' dir='ltr'><strong>dicatis</strong></span> <span class='ocrx_word' id='word_1_810' title='bbox 1630 5061 1800 5098; x_wconf 84' lang='lat' dir='ltr'><strong>omnes</strong></span> <span class='ocrx_word' id='word_1_811' title='bbox 1829 5085 1843 5108; x_wconf 92' lang='lat'><strong>,</strong></span> 
     </span>
    </p>
   </div>
   <div class='ocr_carea' id='block_1_100' title="bbox 338 5137 1851 5219">
    <p class='ocr_par' dir='ltr' id='par_1_100' title="bbox 338 5137 1851 5219">
     <span class='ocr_line' id='line_1_100' title="bbox 338 5137 1851 5219; baseline -0.001 -27"><span class='ocrx_word' id='word_1_812' title='bbox 338 5148 388 5192; x_wconf 85' lang='lat' dir='ltr'><strong>et</strong></span> <span class='ocrx_word' id='word_1_813' title='bbox 431 5153 531 5193; x_wconf 82' lang='lat' dir='ltr'><strong>non</strong></span> <span class='ocrx_word' id='word_1_814' title='bbox 556 5139 656 5193; x_wconf 84' lang='lat' dir='ltr'><strong>sint</strong></span> <span class='ocrx_word' id='word_1_815' title='bbox 681 5139 749 5219; x_wconf 79' lang='lat' dir='ltr'><strong>_in</strong></span> <span class='ocrx_word' id='word_1_816' title='bbox 793 5138 928 5193; x_wconf 81' lang='lat' dir='ltr'><strong>vobis</strong></span> <span class='ocrx_word' id='word_1_817' title='bbox 955 5140 1260 5203; x_wconf 79' lang='lat' dir='ltr'><strong>schismata;</strong></span> <span class='ocrx_word' id='word_1_818' title='bbox 1289 5138 1398 5193; x_wconf 82' lang='lat' dir='ltr'><strong>sitis</strong></span> <span class='ocrx_word' id='word_1_819' title='bbox 1434 5146 1602 5191; x_wconf 87' lang='lat' dir='ltr'><strong>autem</strong></span> <span class='ocrx_word' id='word_1_820' title='bbox 1645 5137 1851 5207; x_wconf 76' lang='lat' dir='ltr'><strong>perfecti</strong></span> 
     </span>
    </p>
   </div>
   <div class='ocr_carea' id='block_1_101' title="bbox 337 5231 1432 5285">
    <p class='ocr_par' dir='ltr' id='par_1_101' title="bbox 337 5231 1432 5285">
     <span class='ocr_line' id='line_1_101' title="bbox 337 5231 1432 5285; baseline -0.002 -1"><span class='ocrx_word' id='word_1_821' title='bbox 337 5233 390 5284; x_wconf 83' lang='lat' dir='ltr'><strong>in</strong></span> <span class='ocrx_word' id='word_1_822' title='bbox 419 5233 594 5284; x_wconf 84' lang='lat' dir='ltr'><strong>eadem</strong></span> <span class='ocrx_word' id='word_1_823' title='bbox 617 5240 781 5284; x_wconf 83' lang='lat' dir='ltr'><strong>mente</strong></span> <span class='ocrx_word' id='word_1_824' title='bbox 807 5239 854 5284; x_wconf 84' lang='lat' dir='ltr'><strong>et</strong></span> <span class='ocrx_word' id='word_1_825' title='bbox 881 5232 935 5283; x_wconf 83' lang='lat' dir='ltr'><strong>in</strong></span> <span class='ocrx_word' id='word_1_826' title='bbox 959 5231 1130 5284; x_wconf 85' lang='lat' dir='ltr'><strong>eadem</strong></span> <span class='ocrx_word' id='word_1_827' title='bbox 1168 5231 1432 5285; x_wconf 80' lang='lat' dir='ltr'><strong>sententia.</strong></span> 
     </span>
    </p>
   </div>
   <div class='ocr_carea' id='block_1_102' title="bbox 343 5320 1852 5390">
    <p class='ocr_par' dir='ltr' id='par_1_102' title="bbox 343 5320 1852 5390">
     <span class='ocr_line' id='line_1_102' title="bbox 343 5320 1852 5390; baseline -0.004 -13"><span class='ocrx_word' id='word_1_828' title='bbox 343 5323 398 5377; x_wconf 75' lang='grc' dir='ltr'><strong>Ι.</strong></span> <span class='ocrx_word' id='word_1_829' title='bbox 431 5320 824 5390; x_wconf 82' lang='lat' dir='ltr'><strong>lucrepationes</strong></span> <span class='ocrx_word' id='word_1_830' title='bbox 846 5321 1033 5374; x_wconf 81' lang='lat' dir='ltr'><strong>sensim</strong></span> <span class='ocrx_word' id='word_1_831' title='bbox 1059 5329 1102 5372; x_wconf 88' lang='lat' dir='ltr'><strong>et</strong></span> <span class='ocrx_word' id='word_1_832' title='bbox 1131 5324 1384 5375; x_wconf 85' lang='lat' dir='ltr'><strong>moderate</strong></span> <span class='ocrx_word' id='word_1_833' title='bbox 1410 5320 1522 5389; x_wconf 81' lang='lat' dir='ltr'><strong>ﬁeri</strong></span> <span class='ocrx_word' id='word_1_834' title='bbox 1547 5328 1762 5388; x_wconf 79' lang='lat' dir='ltr'><strong>Oportet.</strong></span> <span class='ocrx_word' id='word_1_835' title='bbox 1782 5347 1852 5358; x_wconf 84' lang='lat'><strong>-—</strong></span> 
     </span>
    </p>
   </div>
   <div class='ocr_carea' id='block_1_103' title="bbox 254 5411 1850 5486">
    <p class='ocr_par' dir='ltr' id='par_1_103' title="bbox 254 5411 1850 5486">
     <span class='ocr_line' id='line_1_103' title="bbox 254 5411 1850 5486; baseline -0.003 -20"><span class='ocrx_word' id='word_1_836' title='bbox 254 5411 422 5480; x_wconf 85' lang='lat' dir='ltr'><strong>Quod</strong></span> <span class='ocrx_word' id='word_1_837' title='bbox 453 5425 668 5486; x_wconf 77' lang='lat' dir='ltr'><strong>semper</strong></span> <span class='ocrx_word' id='word_1_838' title='bbox 694 5411 938 5466; x_wconf 88' lang='lat' dir='ltr'><strong>dicebam</strong></span> <span class='ocrx_word' id='word_1_839' title='bbox 967 5450 981 5473; x_wconf 92' lang='lat'><strong>,</strong></span> <span class='ocrx_word' id='word_1_840' title='bbox 1011 5412 1206 5464; x_wconf 89' lang='lat' dir='ltr'><strong>sensim</strong></span> <span class='ocrx_word' id='word_1_841' title='bbox 1234 5421 1286 5466; x_wconf 93' lang='lat' dir='ltr'><strong>et</strong></span> <span class='ocrx_word' id='word_1_842' title='bbox 1312 5411 1566 5481; x_wconf 84' lang='lat' dir='ltr'><strong>paulatim</strong></span> <span class='ocrx_word' id='word_1_843' title='bbox 1603 5411 1850 5478; x_wconf 87' lang='lat' dir='ltr'><strong>increpa-</strong></span> 
     </span>
    </p>
   </div>
   <div class='ocr_carea' id='block_1_104' title="bbox 255 5502 1852 5573">
    <p class='ocr_par' dir='ltr' id='par_1_104' title="bbox 255 5502 1852 5573">
     <span class='ocr_line' id='line_1_104' title="bbox 255 5502 1852 5573; baseline -0.003 -13"><span class='ocrx_word' id='word_1_844' title='bbox 255 5506 445 5560; x_wconf 78' lang='lat' dir='ltr'><strong>tiones</strong></span> <span class='ocrx_word' id='word_1_845' title='bbox 491 5504 605 5558; x_wconf 78' lang='lat' dir='ltr'><strong>fieri</strong></span> <span class='ocrx_word' id='word_1_846' title='bbox 653 5512 924 5573; x_wconf 89' lang='lat' dir='ltr'><strong>oportere,</strong></span> <span class='ocrx_word' id='word_1_847' title='bbox 969 5504 1153 5556; x_wconf 88' lang='lat' dir='ltr'><strong>hocet</strong></span> <span class='ocrx_word' id='word_1_848' title='bbox 1196 5502 1385 5558; x_wconf 81' lang='lat' dir='ltr'><strong>Paulus</strong></span> <span class='ocrx_word' id='word_1_849' title='bbox 1414 5504 1498 5558; x_wconf 89' lang='lat' dir='ltr'><strong>hic</strong></span> <span class='ocrx_word' id='word_1_850' title='bbox 1527 5503 1671 5558; x_wconf 84' lang='lat' dir='ltr'><strong>facit.</strong></span> <span class='ocrx_word' id='word_1_851' title='bbox 1720 5502 1852 5556; x_wconf 80' lang='lat' dir='ltr'><strong>Rem</strong></span> 
     </span>
    </p>
   </div>
   <div class='ocr_carea' id='block_1_105' title="bbox 255 5594 1848 5666">
    <p class='ocr_par' dir='ltr' id='par_1_105' title="bbox 255 5594 1848 5666">
     <span class='ocr_line' id='line_1_105' title="bbox 255 5594 1848 5666; baseline -0.002 -13"><span class='ocrx_word' id='word_1_852' title='bbox 255 5597 412 5653; x_wconf 80' lang='lat' dir='ltr'><strong>enim</strong></span> <span class='ocrx_word' id='word_1_853' title='bbox 439 5610 692 5666; x_wconf 87' lang='lat' dir='ltr'><strong>magnam</strong></span> <span class='ocrx_word' id='word_1_854' title='bbox 723 5596 1064 5664; x_wconf 87' lang='lat' dir='ltr'><strong>ingressurus</strong></span> <span class='ocrx_word' id='word_1_855' title='bbox 1107 5594 1288 5649; x_wconf 89' lang='lat' dir='ltr'><strong>multis</strong></span> <span class='ocrx_word' id='word_1_856' title='bbox 1313 5597 1522 5664; x_wconf 89' lang='lat' dir='ltr'><strong>plenam</strong></span> <span class='ocrx_word' id='word_1_857' title='bbox 1551 5596 1806 5666; x_wconf 87' lang='lat' dir='ltr'><strong>periculis</strong></span> <span class='ocrx_word' id='word_1_858' title='bbox 1833 5635 1848 5658; x_wconf 87' lang='lat'><em>.</em></span> 
     </span>
    </p>
   </div>
   <div class='ocr_carea' id='block_1_106' title="bbox 265 5684 1850 5756">
    <p class='ocr_par' dir='ltr' id='par_1_106' title="bbox 265 5684 1850 5756">
     <span class='ocr_line' id='line_1_106' title="bbox 265 5684 1850 5756; baseline -0.004 -12"><span class='ocrx_word' id='word_1_859' title='bbox 265 5693 332 5744; x_wconf 87' lang='lat' dir='ltr'><strong>et</strong></span> <span class='ocrx_word' id='word_1_860' title='bbox 356 5702 476 5756; x_wconf 69' lang='lat' dir='ltr'><strong>qua-</strong></span> <span class='ocrx_word' id='word_1_861' title='bbox 508 5695 692 5756; x_wconf 86' lang='lat' dir='ltr'><strong>posset</strong></span> <span class='ocrx_word' id='word_1_862' title='bbox 733 5685 1023 5741; x_wconf 80' lang='lat' dir='ltr'><strong>Ecclesiam</strong></span> <span class='ocrx_word' id='word_1_863' title='bbox 1055 5684 1288 5741; x_wconf 91' lang='lat' dir='ltr'><strong>funditus</strong></span> <span class='ocrx_word' id='word_1_864' title='bbox 1329 5697 1607 5755; x_wconf 84' lang='lat' dir='ltr'><strong>evertere,</strong></span> <span class='ocrx_word' id='word_1_865' title='bbox 1640 5686 1850 5741; x_wconf 88' lang='lat' dir='ltr'><strong>mitiore</strong></span> 
     </span>
    </p>
   </div>
   <div class='ocr_carea' id='block_1_107' title="bbox 603 5803 1238 5866">
    <p class='ocr_par' dir='ltr' id='par_1_107' title="bbox 603 5803 1238 5866">
     <span class='ocr_line' id='line_1_107' title="bbox 603 5803 1238 5866; baseline 0.009 -6"><span class='ocrx_word' id='word_1_866' title='bbox 603 5803 874 5861; x_wconf 69' lang='lat' dir='ltr'><strong>Ps&#39;rnoc.</strong></span> <span class='ocrx_word' id='word_1_867' title='bbox 914 5806 1031 5866; x_wconf 79' lang='lat' dir='ltr'><strong>Gn.</strong></span> <span class='ocrx_word' id='word_1_868' title='bbox 1078 5807 1238 5866; x_wconf 79' lang='lat' dir='ltr'><strong>LXI.</strong></span> 
     </span>
    </p>
   </div>
   <div class='ocr_carea' id='block_1_108' title="bbox 1957 4952 3526 5018">
    <p class='ocr_par' dir='ltr' id='par_1_108' title="bbox 1957 4952 3526 5018">
     <span class='ocr_line' id='line_1_108' title="bbox 1957 4952 3526 5018; baseline 0.003 -12"><span class='ocrx_word' id='word_1_869' title='bbox 1957 4956 2122 5007; x_wconf 90' lang='lat' dir='ltr'><strong>utitur</strong></span> <span class='ocrx_word' id='word_1_870' title='bbox 2164 4967 2433 5007; x_wconf 90' lang='lat' dir='ltr'><strong>sermone.</strong></span> <span class='ocrx_word' id='word_1_871' title='bbox 2463 4953 2553 5006; x_wconf 90' lang='lat' dir='ltr'><strong>Ait</strong></span> <span class='ocrx_word' id='word_1_872' title='bbox 2580 4952 2721 5007; x_wconf 90' lang='lat' dir='ltr'><strong>enim</strong></span> <span class='ocrx_word' id='word_1_873' title='bbox 2751 4967 2810 5009; x_wconf 89' lang='lat' dir='ltr'><strong>se</strong></span> <span class='ocrx_word' id='word_1_874' title='bbox 2858 4955 3144 5011; x_wconf 88' lang='lat' dir='ltr'><strong>obsecrare</strong></span> <span class='ocrx_word' id='word_1_875' title='bbox 3173 4956 3319 5018; x_wconf 87' lang='lat' dir='ltr'><strong>illos;</strong></span> <span class='ocrx_word' id='word_1_876' title='bbox 3367 4959 3526 5010; x_wconf 77' lang='lat' dir='ltr'><strong>obse-</strong></span> 
     </span>
    </p>
   </div>
   <div class='ocr_carea' id='block_1_109' title="bbox 1955 5041 3529 5114">
    <p class='ocr_par' dir='ltr' id='par_1_109' title="bbox 1955 5041 3529 5114">
     <span class='ocr_line' id='line_1_109' title="bbox 1955 5041 3529 5114; baseline 0.003 -16"><span class='ocrx_word' id='word_1_877' title='bbox 1955 5058 2108 5098; x_wconf 90' lang='lat' dir='ltr'><strong>crare</strong></span> <span class='ocrx_word' id='word_1_878' title='bbox 2134 5052 2309 5096; x_wconf 89' lang='lat' dir='ltr'><strong>autem</strong></span> <span class='ocrx_word' id='word_1_879' title='bbox 2338 5057 2435 5112; x_wconf 89' lang='lat' dir='ltr'><strong>per</strong></span> <span class='ocrx_word' id='word_1_880' title='bbox 2463 5041 2733 5098; x_wconf 88' lang='lat' dir='ltr'><strong>Christum</strong></span> <span class='ocrx_word' id='word_1_881' title='bbox 2756 5087 2769 5109; x_wconf 92' lang='lat'><strong>,</strong></span> <span class='ocrx_word' id='word_1_882' title='bbox 2799 5047 2946 5112; x_wconf 86' lang='lat' dir='ltr'><strong>quasi</strong></span> <span class='ocrx_word' id='word_1_883' title='bbox 2975 5046 3088 5114; x_wconf 91' lang='lat' dir='ltr'><strong>ipse</strong></span> <span class='ocrx_word' id='word_1_884' title='bbox 3119 5047 3264 5099; x_wconf 91' lang='lat' dir='ltr'><strong>solus</strong></span> <span class='ocrx_word' id='word_1_885' title='bbox 3293 5063 3394 5101; x_wconf 90' lang='lat' dir='ltr'><strong>non</strong></span> <span class='ocrx_word' id='word_1_886' title='bbox 3419 5050 3529 5102; x_wconf 88' lang='lat' dir='ltr'><strong>suf-</strong></span> 
     </span>
    </p>
   </div>
   <div class='ocr_carea' id='block_1_110' title="bbox 1957 5135 3524 5205">
    <p class='ocr_par' dir='ltr' id='par_1_110' title="bbox 1957 5135 3524 5205">
     <span class='ocr_line' id='line_1_110' title="bbox 1957 5135 3524 5205; baseline 0.002 -16"><span class='ocrx_word' id='word_1_887' title='bbox 1957 5137 2136 5190; x_wconf 88' lang='lat' dir='ltr'><strong>ﬁceret</strong></span> <span class='ocrx_word' id='word_1_888' title='bbox 2160 5135 2224 5190; x_wconf 90' lang='lat' dir='ltr'><strong>ad</strong></span> <span class='ocrx_word' id='word_1_889' title='bbox 2245 5135 2401 5190; x_wconf 88' lang='lat' dir='ltr'><strong>talem</strong></span> <span class='ocrx_word' id='word_1_890' title='bbox 2427 5135 2888 5204; x_wconf 89' lang='lat' dir='ltr'><strong>supplicationem,</strong></span> <span class='ocrx_word' id='word_1_891' title='bbox 2912 5147 2965 5190; x_wconf 93' lang='lat' dir='ltr'><strong>et</strong></span> <span class='ocrx_word' id='word_1_892' title='bbox 2989 5137 3053 5190; x_wconf 89' lang='lat' dir='ltr'><strong>ad</strong></span> <span class='ocrx_word' id='word_1_893' title='bbox 3081 5138 3524 5205; x_wconf 88' lang='lat' dir='ltr'><strong>persuadendum.</strong></span> 
     </span>
    </p>
   </div>
   <div class='ocr_carea' id='block_1_111' title="bbox 1957 5225 3530 5294">
    <p class='ocr_par' dir='ltr' id='par_1_111' title="bbox 1957 5225 3530 5294">
     <span class='ocr_line' id='line_1_111' title="bbox 1957 5225 3530 5294; baseline 0.004 -17"><span class='ocrx_word' id='word_1_894' title='bbox 1957 5225 2089 5292; x_wconf 86' lang='lat' dir='ltr'><strong>Quid</strong></span> <span class='ocrx_word' id='word_1_895' title='bbox 2139 5236 2222 5281; x_wconf 91' lang='lat' dir='ltr'><strong>est</strong></span> <span class='ocrx_word' id='word_1_896' title='bbox 2265 5235 2442 5281; x_wconf 86' lang='lat' dir='ltr'><strong>autem</strong></span> <span class='ocrx_word' id='word_1_897' title='bbox 2465 5267 2479 5292; x_wconf 93' lang='lat'><strong>,</strong></span> <span class='ocrx_word' id='word_1_898' title='bbox 2511 5225 2746 5280; x_wconf 87' lang='lat' dir='ltr'><strong>Obsecro</strong></span> <span class='ocrx_word' id='word_1_899' title='bbox 2776 5242 2872 5294; x_wconf 89' lang='lat' dir='ltr'><strong>per</strong></span> <span class='ocrx_word' id='word_1_900' title='bbox 2899 5227 3204 5282; x_wconf 85' lang='lat' dir='ltr'><strong>Christum?</strong></span> <span class='ocrx_word' id='word_1_901' title='bbox 3252 5229 3530 5285; x_wconf 88' lang='lat' dir='ltr'><strong>Christum</strong></span> 
     </span>
    </p>
   </div>
   <div class='ocr_carea' id='block_1_112' title="bbox 1958 5319 3529 5392">
    <p class='ocr_par' dir='ltr' id='par_1_112' title="bbox 1958 5319 3529 5392">
     <span class='ocr_line' id='line_1_112' title="bbox 1958 5319 3529 5392; baseline 0.003 -20"><span class='ocrx_word' id='word_1_902' title='bbox 1958 5320 2183 5374; x_wconf 89' lang='lat' dir='ltr'><strong>adhibeo</strong></span> <span class='ocrx_word' id='word_1_903' title='bbox 2225 5321 2427 5374; x_wconf 88' lang='lat' dir='ltr'><strong>socium</strong></span> <span class='ocrx_word' id='word_1_904' title='bbox 2449 5361 2463 5383; x_wconf 93' lang='lat'><strong>,</strong></span> <span class='ocrx_word' id='word_1_905' title='bbox 2496 5327 2550 5373; x_wconf 89' lang='lat' dir='ltr'><strong>et</strong></span> <span class='ocrx_word' id='word_1_906' title='bbox 2580 5319 2630 5372; x_wconf 91' lang='lat' dir='ltr'><strong>in</strong></span> <span class='ocrx_word' id='word_1_907' title='bbox 2679 5321 2931 5374; x_wconf 88' lang='lat' dir='ltr'><strong>auxilium</strong></span> <span class='ocrx_word' id='word_1_908' title='bbox 2959 5321 3074 5390; x_wconf 89' lang='lat' dir='ltr'><strong>ejus</strong></span> <span class='ocrx_word' id='word_1_909' title='bbox 3115 5338 3308 5377; x_wconf 92' lang='lat' dir='ltr'><strong>nomen</strong></span> <span class='ocrx_word' id='word_1_910' title='bbox 3342 5324 3529 5392; x_wconf 84' lang='lat' dir='ltr'><strong>injuria</strong></span> 
     </span>
    </p>
   </div>
   <div class='ocr_carea' id='block_1_113' title="bbox 1959 5411 3528 5484">
    <p class='ocr_par' dir='ltr' id='par_1_113' title="bbox 1959 5411 3528 5484">
     <span class='ocr_line' id='line_1_113' title="bbox 1959 5411 3528 5484; baseline 0.003 -18"><span class='ocrx_word' id='word_1_911' title='bbox 1959 5421 2013 5466; x_wconf 90' lang='lat' dir='ltr'><strong>et</strong></span> <span class='ocrx_word' id='word_1_912' title='bbox 2055 5411 2373 5466; x_wconf 89' lang='lat' dir='ltr'><strong>contumelia</strong></span> <span class='ocrx_word' id='word_1_913' title='bbox 2403 5411 2670 5466; x_wconf 67' lang='lat' dir='ltr'><strong>allectum.</strong></span> <span class='ocrx_word' id='word_1_914' title='bbox 2725 5413 3026 5468; x_wconf 85' lang='lat' dir='ltr'><strong>Admodum</strong></span> <span class='ocrx_word' id='word_1_915' title='bbox 3074 5415 3346 5484; x_wconf 88' lang='lat' dir='ltr'><strong>apposite,</strong></span> <span class='ocrx_word' id='word_1_916' title='bbox 3380 5426 3435 5468; x_wconf 92' lang='lat' dir='ltr'><strong>ut</strong></span> <span class='ocrx_word' id='word_1_917' title='bbox 3467 5433 3528 5470; x_wconf 88' lang='lat' dir='ltr'><strong>ne</strong></span> 
     </span>
    </p>
   </div>
   <div class='ocr_carea' id='block_1_114' title="bbox 1963 5503 3532 5575">
    <p class='ocr_par' dir='ltr' id='par_1_114' title="bbox 1963 5503 3532 5575">
     <span class='ocr_line' id='line_1_114' title="bbox 1963 5503 3532 5575; baseline 0.003 -19"><span class='ocrx_word' id='word_1_918' title='bbox 1963 5504 2038 5557; x_wconf 90' lang='lat' dir='ltr'><strong>illi</strong></span> <span class='ocrx_word' id='word_1_919' title='bbox 2091 5503 2431 5572; x_wconf 89' lang='lat' dir='ltr'><strong>impudenter</strong></span> <span class='ocrx_word' id='word_1_920' title='bbox 2480 5507 3104 5575; x_wconf 74' lang='lat' dir='ltr'><strong>agerentzimpntlentes</strong></span> <span class='ocrx_word' id='word_1_921' title='bbox 3148 5509 3290 5562; x_wconf 91' lang='lat' dir='ltr'><strong>enim</strong></span> <span class='ocrx_word' id='word_1_922' title='bbox 3340 5521 3532 5575; x_wconf 85' lang='lat' dir='ltr'><strong>pecca-</strong></span> 
     </span>
    </p>
   </div>
   <div class='ocr_carea' id='block_1_115' title="bbox 1964 5593 3533 5665">
    <p class='ocr_par' dir='ltr' id='par_1_115' title="bbox 1964 5593 3533 5665">
     <span class='ocr_line' id='line_1_115' title="bbox 1964 5593 3533 5665; baseline 0.003 -19"><span class='ocrx_word' id='word_1_923' title='bbox 1964 5603 2070 5646; x_wconf 92' lang='lat' dir='ltr'><strong>tum</strong></span> <span class='ocrx_word' id='word_1_924' title='bbox 2123 5593 2263 5648; x_wconf 88' lang='lat' dir='ltr'><strong>facit.</strong></span> <span class='ocrx_word' id='word_1_925' title='bbox 2301 5593 2425 5650; x_wconf 91' lang='lat' dir='ltr'><strong>Ideo</strong></span> <span class='ocrx_word' id='word_1_926' title='bbox 2450 5595 2493 5649; x_wconf 86' lang='lat' dir='ltr'><strong>si</strong></span> <span class='ocrx_word' id='word_1_927' title='bbox 2522 5596 2697 5651; x_wconf 88' lang='lat' dir='ltr'><strong>statim</strong></span> <span class='ocrx_word' id='word_1_928' title='bbox 2731 5596 2942 5665; x_wconf 86' lang='lat' dir='ltr'><strong>quidem</strong></span> <span class='ocrx_word' id='word_1_929' title='bbox 2976 5595 3323 5650; x_wconf 88' lang='lat' dir='ltr'><strong>vehementer</strong></span> <span class='ocrx_word' id='word_1_930' title='bbox 3361 5596 3533 5650; x_wconf 84' lang='lat' dir='ltr'><strong>incre-</strong></span> 
     </span>
    </p>
   </div>
   <div class='ocr_carea' id='block_1_116' title="bbox 1963 5684 3532 5759">
    <p class='ocr_par' dir='ltr' id='par_1_116' title="bbox 1963 5684 3532 5759">
     <span class='ocr_line' id='line_1_116' title="bbox 1963 5684 3532 5759; baseline 0.002 -20"><span class='ocrx_word' id='word_1_931' title='bbox 1963 5687 2188 5754; x_wconf 86' lang='lat' dir='ltr'><strong>paveris,</strong></span> <span class='ocrx_word' id='word_1_932' title='bbox 2237 5687 2492 5743; x_wconf 87' lang='lat' dir='ltr'><strong>immitem</strong></span> <span class='ocrx_word' id='word_1_933' title='bbox 2538 5697 2591 5742; x_wconf 91' lang='lat' dir='ltr'><strong>et</strong></span> <span class='ocrx_word' id='word_1_934' title='bbox 2638 5688 2995 5759; x_wconf 82' lang='lat' dir='ltr'><strong>impudentem</strong></span> <span class='ocrx_word' id='word_1_935' title='bbox 3046 5684 3250 5739; x_wconf 75' lang='lat' dir='ltr'><strong>efficis:</strong></span> <span class='ocrx_word' id='word_1_936' title='bbox 3285 5685 3327 5736; x_wconf 78' lang='lat' dir='ltr'><strong>si</strong></span> <span class='ocrx_word' id='word_1_937' title='bbox 3361 5685 3532 5742; x_wconf 84' lang='lat' dir='ltr'><strong>incre-</strong></span> 
     </span>
    </p>
   </div>
   <div class='ocr_carea' id='block_1_117' title="bbox 3132 5781 3163 5818">
    <p class='ocr_par' dir='ltr' id='par_1_117' title="bbox 3132 5781 3163 5818">
     <span class='ocr_line' id='line_1_117' title="bbox 3132 5781 3163 5818; baseline 0 0"><span class='ocrx_word' id='word_1_938' title='bbox 3132 5781 3163 5818; x_wconf 51' lang='grc' dir='ltr'><strong>κ)</strong></span> 
     </span>
    </p>
   </div>
   <div class='ocr_carea' id='block_1_118' title="bbox 3130 5819 3165 5838">
    <p class='ocr_par' dir='ltr' id='par_1_118' title="bbox 3130 5819 3165 5838">
     <span class='ocr_line' id='line_1_118' title="bbox 3130 5819 3165 5838; baseline 0 0"><span class='ocrx_word' id='word_1_939' title='bbox 3130 5819 3165 5838; x_wconf 71' lang='grc' dir='ltr'>άι</span> 
     </span>
    </p>
   </div>
  </div>
