3954 6130
493 301 562 356 23
1216 294 1272 350 s.
1309 291 1584 349 JOANNIS
1600 287 2068 347 CliltYSOSTOMl
2109 275 2420 350 Attat-nep.
2460 292 2983 349 cossraxrtxop.
3694 299 3774 354 es

497 416 727 487 paveris,
756 415 1018 472 cervicem
1065 412 1256 468 ﬂexisti
1276 453 1292 479 ,
1326 411 1575 480 loquendi
1620 409 1917 464 libertatem
1945 407 2064 461 abs-

497 507 738 572 traxisti,
771 516 828 562 ut
850 507 1097 562 deorsum
1127 504 1386 574 aspiceret
1415 502 1605 556 fecisti.
1645 499 1797 566 Quod
1838 497 2072 552 efﬁciens

497 601 692 654 Paulus
715 600 928 654 interim
958 599 1203 653 obsecrat
1235 613 1328 666 per
1357 609 1550 660 nomen
1580 593 1800 647 Christi.
1829 591 1896 645 Et
1922 589 2072 659 quid-

496 707 621 747 nam
647 691 933 748 obsecrat?
968 689 1035 745 Ut
1075 688 1209 742 idem
1240 688 1420 742 dicatis
1452 701 1623 740 omnes
1642 724 1657 750 ,
1691 693 1736 737 et
1764 699 1864 737 non
1893 683 1992 736 sint
2021 683 2073 734 in

495 782 632 838 vobis
669 783 961 837 schismata.
1010 780 1327 836 Schismatis
1355 776 1654 846 emphatica
1685 775 1764 830 vis
1795 775 2074 843 ipsumque

493 875 846 930 accusationis
876 890 1072 930 nomen
1102 873 1232 927 satis
1260 880 1446 937 erant,
1481 880 1535 924 ut
1579 869 1696 923 illos
1726 868 1920 922 acriter
1950 882 2071 934 pcr-

493 967 833 1036 stringerent.
862 965 978 1020 Non
1009 965 1150 1020 enim
1183 964 1393 1017 fuerunt
1425 961 1603 1015 multae
1628 969 1804 1029 partes
1827 960 2067 1026 intcgrze,

493 1057 587 1112 sed
615 1057 775 1112 etiam
804 1072 906 1110 una
937 1057 1190 1126 perierat.
1219 1054 1350 1108 Nam
1375 1053 1417 1108 si
1447 1053 1700 1107 Ecclesiae
1721 1059 1904 1106 essent
1931 1050 2068 1103 inte-

494 1163 636 1217 grae,
671 1147 822 1202 multi
849 1156 1030 1202 essent
1050 1154 1223 1201 etetus
1249 1162 1262 1198 :
1295 1145 1339 1197 si
1370 1154 1546 1197 autem
1573 1141 1878 1204 schismata,
1909 1152 2070 1193 unum

495 1238 760 1306 periisset.
792 1238 923 1294 Nam
954 1237 1094 1308 quod
1125 1237 1387 1308 integrum
1417 1242 1532 1302 est,
1562 1249 1683 1288 cum
1715 1234 1767 1288 in
1796 1232 1960 1288 multa
1991 1230 2072 1285 di-

496 1328 730 1393 viditur.
760 1344 865 1383 non
913 1327 1072 1383 modo
1123 1342 1227 1381 non
1275 1325 1442 1380 multa
1489 1323 1751 1390 efﬁcitur,
1796 1321 1889 1377 sed
1932 1320 2073 1390 quod

497 1435 661 1474 unum
689 1428 802 1475 erat
833 1419 992 1488 perit.
1023 1408 1166 1473 Talis
1195 1426 1277 1471 est
1300 1416 1647 1471 schismatum
1680 1422 1884 1468 natura.
1923 1411 2072 1465 Dein-

498 1511 566 1566 de
588 1510 710 1580 quia
739 1509 1024 1564 admodum
1057 1508 1442 1577 perstrinxerat
1478 1505 1781 1560 schismatis
1810 1503 2025 1558 nomine
2054 1542 2068 1564 ,

496 1615 682 1655 rursus
709 1600 840 1655 lenit
882 1610 935 1654 et
967 1599 1170 1669 mitigat
1200 1597 1281 1651 his
1313 1596 1488 1651 verbis
1517 1614 1528 1649 :
1560 1595 1686 1650 Sitis
1716 1605 1882 1648 autem
1906 1593 2070 1662 perfe-

494 1693 563 1746 cti
589 1693 642 1745 in
687 1690 861 1745 eadem
887 1699 1050 1744 mente
1092 1697 1142 1742 et
1182 1689 1235 1741 in
1267 1687 1439 1740 eadem
1466 1685 1730 1740 sententia.
1762 1683 1894 1751 Quia
1925 1683 2066 1737 enim

491 1783 732 1850 dixerat,
769 1780 834 1838 Ut
863 1782 994 1834 idem
1021 1780 1202 1834 dicatis
1224 1795 1243 1843 ;
1264 1778 1339 1833 Ne
1371 1778 1589 1848 putetis,
1618 1776 1808 1846 inquit,
1836 1791 1922 1830 me
1949 1789 2071 1830 con-

495 1875 732 1929 cordiam
785 1873 982 1928 dixisse
1028 1873 1080 1926 in
1113 1871 1290 1926 verbis
1333 1869 1505 1925 solum
1535 1868 1732 1922 sitam:
1776 1881 1894 1921 eam
1925 1865 2067 1920 enim

490 1981 610 2037 quae
636 1965 688 2020 in
717 1972 896 2019 mente
925 1971 1008 2019 est
1037 1961 1378 2017 concordiam
1406 1959 1642 2030 requiro.
1671 1957 1777 2014 Sed
1805 1957 1926 2026 quia
1957 1956 2070 2010 ﬁeri

490 2065 701 2128 potest,
735 2065 794 2112 ut
819 2056 1051 2126 idipsum
1081 2062 1262 2109 mente
1291 2053 1472 2107 dieant
1501 2091 1516 2117 ,
1560 2051 1655 2106 sed
1683 2065 1790 2104 non
1829 2050 1884 2103 in
1911 2047 2071 2103 rebus

496 2151 748 2206 omnibus
769 2191 785 2218 ,
818 2148 940 2205 ideo
966 2145 1094 2203 illud
1125 2146 1283 2201 etiam
1314 2143 1535 2208 addidit,
1562 2142 1690 2198 Sitis
1715 2151 1880 2196 autem
1903 2142 2070 2210 perfe-

492 2246 580 2300 cti.
611 2243 712 2311 Qui
737 2243 879 2298 enim
909 2243 961 2297 in
992 2242 1169 2309 aliquo
1189 2241 1408 2310 junctus
1437 2247 1551 2302 est,
1580 2237 1632 2291 in
1676 2237 1853 2306 aliquo
1895 2245 2071 2290 autem

496 2334 754 2400 dissidet,
797 2349 903 2388 non
952 2331 1135 2402 utique
1186 2328 1453 2400 perfectus
1484 2337 1599 2397 est,
1641 2343 1816 2397 neque
1865 2330 1916 2381 in
1964 2336 2074 2381 toto

496 2425 784 2481 consentit.
833 2423 976 2480 Fieri
1025 2432 1199 2476 autem
1242 2429 1456 2490 potest,
1497 2429 1554 2473 ut
1595 2418 1715 2489 quis
1754 2418 2074 2487 cogitatione

499 2516 823 2582 concordet,
867 2530 1042 2585 neque
1082 2522 1260 2568 hillen
1304 2511 1567 2567 sententia
1606 2528 1619 2564 :
1671 2520 1726 2565 ut
1770 2527 1890 2565 cum
1930 2526 2075 2566 eam-

497 2611 623 2666 dem
675 2609 934 2665 habentes
977 2607 1165 2669 ﬁdem,
1217 2605 1438 2660 caritate
1480 2604 1650 2674 juncti
1711 2619 1817 2657 non
1866 2618 2070 2658 sumus.

497 2702 589 2760 Sic
647 2701 790 2757 enim
842 2699 1134 2756 secundum
1188 2697 1419 2768 cogitata
1462 2695 1634 2766 juncti
1695 2708 1880 2750 smnus
1937 2694 1955 2758 l
1981 2709 2072 2749 ea-

497 2794 621 2851 dem
667 2791 864 2863 quippe
908 2789 1228 2860 cogitamus)
1257 2832 1270 2855 ,
1303 2787 1566 2843 sententia
1598 2803 1723 2841 vero
1752 2801 1857 2840 non
1899 2786 2029 2840 item
2058 2803 2071 2838 :

497 2887 641 2957 quod
671 2885 831 2941 etiam
861 2893 987 2938 tunc
1014 2882 1209 2938 factutn
1241 2892 1323 2936 est
1343 2923 1358 2948 ,
1388 2895 1508 2936 cum
1542 2879 1627 2934 hic
1661 2878 1874 2948 quidem
1903 2877 2069 2942 illum,

501 2979 594 3038 ille
635 2976 800 3034 alium
830 2975 1074 3044 eligeret.
1123 2973 1248 3028 ideo
1293 2971 1367 3030 ait
1409 2979 1464 3026 et
1507 2982 1686 3028 mente
1713 2979 1767 3024 et
1811 2968 2074 3024 sententia

494 3067 647 3142 jungi
675 3065 891 3122 debere.
919 3063 1103 3132 Neque
1145 3061 1286 3120 enim
1315 3060 1456 3131 quod
1484 3060 1538 3116 in
1566 3059 1672 3115 ﬁde
1719 3058 2072 3122 dissiderent,

500 3157 793 3213 schismata
847 3162 1038 3218 erant;
1088 3152 1181 3208 sed
1224 3151 1370 3221 quod
1398 3149 1663 3207 sententia
1693 3149 2075 3204 dirimerentur

503 3247 797 3306 secundum
819 3247 1106 3306 humanam
1134 3243 1556 3300 contentionem.
1582 3242 1688 3298 Sed
1711 3241 1960 3312 quoniam
1987 3240 2032 3296 is
2057 3281 2073 3308 ,

501 3343 595 3413 qui
621 3347 936 3404 accusatur,
967 3337 1140 3393 dOnec
1182 3343 1346 3392 testes
1372 3349 1479 3388 non
1520 3333 1714 3398 habet,
1740 3331 2076 3400 impudenter

503 3435 645 3506 agit;
678 3430 799 3488 vide
826 3429 1095 3501 quomodo
1123 3443 1228 3484 non
1259 3425 1560 3483 concedens
1586 3434 1643 3480 ut
1671 3433 1884 3494 negent,
1915 3431 2078 3478 testes

503 3525 748 3582 adducat.
799 3523 885 3578 11.
933 3521 1289 3592 Signi/iculum
1328 3517 1462 3572 enim
1515 3524 1586 3572 est
1630 3515 1756 3570 mihi
1797 3515 1859 3567 de
1897 3513 2074 3579 vobis,

505 3621 685 3689 fratres
709 3657 724 3682 ,
757 3615 820 3670 ab
861 3615 924 3667 iis
947 3613 1031 3679 qui
1058 3621 1174 3668 sunt
1204 3610 1405 3666 Chloes.
1438 3607 1620 3679 Neque
1656 3606 1838 3662 statim
1867 3604 1967 3659 hoc
1996 3602 2079 3657 di-

505 3720 677 3773 xerat,
707 3707 802 3761 sed
826 3707 995 3774 primo
1017 3704 1416 3758 accusationem
1437 3708 1709 3771 posuerat,
1741 3697 1882 3768 quod
1906 3698 2075 3766 ipsum

506 3797 930 3868 signiﬁcantibus
956 3795 1250 3850 credidisse
1277 3793 1500 3863 probat:
1531 3790 1634 3845 nisi
1661 3790 1805 3845 enim
1829 3790 1928 3843 hoc
1956 3786 2081 3844 fuis-

507 3903 587 3946 aet
605 3932 620 3956 ,
649 3904 754 3943 non
784 3893 1087 3945 accusasset
1111 3903 1125 3940 :
1154 3901 1260 3940 non
1305 3892 1507 3938 temere
1537 3881 1678 3937 enim
1723 3880 1917 3934 Paulus
1959 3893 2081 3934 cre-

507 3981 750 4038 didisset.
798 3976 980 4048 Neque
1021 3976 1198 4031 statim
1242 3973 1370 4028 dixit
1401 3973 1502 4028 sibi
1541 3969 1895 4040 signiﬁcatum
1926 3981 2077 4032 esse,

509 4088 578 4126 ne
609 4069 876 4128 rideretur
903 4065 1055 4138 quasi
1082 4065 1150 4124 ab
1180 4063 1283 4120 illis
1309 4062 1555 4121 inductus
1581 4073 1834 4115 accusare
1863 4077 1874 4112 :
1910 4073 2082 4127 neque

509 4163 674 4218 tacuit
700 4176 883 4218 eorum
918 4172 1135 4225 nomen,
1165 4170 1234 4212 ne
1259 4153 1530 4209 videretur
1557 4168 1622 4207 ex
1656 4166 1714 4206 se
1741 4150 1856 4204 solo
1882 4148 2080 4206 dicere.

513 4254 718 4316 Rursus
767 4251 890 4309 illos
916 4248 1110 4305 fratres
1153 4245 1413 4304 nominat.
1447 4244 1596 4302 Licet
1638 4243 1779 4299 enim
1813 4249 2083 4312 peccatum

509 4345 848 4405 manifestum
895 4350 1068 4409 esset,
1101 4338 1233 4395 nihil
1263 4335 1589 4408 impediebat
1635 4334 1918 4405 quominus
1964 4332 2084 4387 illos

508 4438 685 4497 adhuc
713 4435 907 4491 fratres
933 4439 1171 4488 vocaret.
1199 4427 1488 4486 Considera
1518 4434 1696 4482 autem
1726 4423 2083 4495 prudentiam,

512 4525 786 4602 quomodo
813 4540 918 4579 non
947 4532 1246 4594 separatam
1270 4533 1554 4590 personam
1595 4514 1847 4586 posuerit,
1874 4515 1968 4570 sed
1993 4514 2088 4570 do-

513 4633 660 4676 mum
689 4625 876 4683 totatn,
909 4628 976 4671 ne
1000 4611 1103 4683 ipsi
1128 4612 1446 4683 impeterent
1471 4623 1593 4663 eum
1624 4605 1714 4677 qui
1741 4605 1795 4662 id
1825 4607 2080 4665 dixisset:

512 4711 586 4768 ita
615 4707 758 4767 enim
788 4715 843 4760 et
872 4705 1020 4759 illum
1057 4702 1220 4766 texit,
1253 4706 1308 4755 et
1344 4697 1735 4754 accusationem
1781 4699 1898 4753 sine
1944 4707 2088 4752 metu

513 4798 743 4870 aperuit.
769 4796 884 4852 Non
925 4795 1055 4850 vidit
1093 4793 1238 4850 enim
1279 4793 1451 4846 solum
1478 4791 1619 4862 quod
1648 4791 1774 4856 illis,
1797 4791 1892 4846 sed
1924 4790 2086 4845 etiam

514 4891 656 4963 quod
683 4889 765 4945 his
793 4885 1086 4957 expediret.
1119 4884 1241 4940 Ideo
1264 4897 1367 4939 non
1398 4883 1565 4948 dixit,
1589 4883 1958 4954 Signiﬁcatum
1989 4882 2090 4936 mi-

517 4982 575 5040 bi
601 4987 685 5038 est
711 4995 740 5034 a
769 4976 1120 5048 quibusdam;
1152 4974 1245 5032 sed
1274 4975 1435 5030 etiam
1471 4974 1688 5030 domum
1719 4971 1974 5027 indicavit
1993 5014 2008 5039 ,
2036 4980 2093 5026 ut

517 5093 588 5132 ne
607 5074 876 5132 videretur
894 5069 1247 5127 comminisci.
1267 5069 1402 5136 Quid
1424 5068 1777 5138 significatum
1797 5067 1918 5121 est?
1942 5067 2092 5134 Quod

519 5165 858 5221 contentiones
885 5164 983 5218 sint
1013 5163 1066 5216 in
1094 5161 1250 5217 vobis.
1284 5159 1507 5228 Quando
1535 5159 1656 5214 illos
1686 5155 1963 5227 increpat,
2007 5157 2091 5212 di-

523 5258 634 5312 cit:
663 5253 746 5309 Ne
764 5255 860 5309 sint
887 5255 938 5307 in
966 5255 1102 5308 vobis
1127 5253 1428 5316 schismata;
1453 5265 1573 5305 cum
1604 5258 1781 5304 autem
1812 5264 1930 5318 qua:
1955 5248 2091 5302 alio-

526 5365 644 5406 rum
675 5356 798 5404 sunt
825 5348 1135 5409 annuntiat,
1166 5344 1347 5400 mitius
1373 5342 1527 5397 ell'ert
1552 5341 1637 5396 his
1677 5340 1891 5395 verbis:
1918 5340 2097 5411 Signi-

526 5442 733 5511 ﬁcatum
769 5439 898 5494 enim
927 5447 997 5491 est
1020 5437 1164 5502 mihi,
1192 5435 1326 5506 quod
1353 5433 1688 5487 contentiones
1712 5441 1826 5486 sunt
1848 5433 1900 5486 in
1925 5432 2098 5497 vobis;

526 5543 586 5592 ut
615 5548 683 5586 nc
706 5545 800 5587 eos
823 5529 914 5600 qui
937 5528 1182 5584 dixerant
1200 5569 1214 5593 ,
1245 5541 1351 5580 una
1382 5525 1686 5596 impeteret.
1710 5525 1912 5581 Deinde
1931 5540 2100 5596 genus

525 5622 886 5681 contentionis
913 5620 1083 5676 dicit:
1119 5617 1201 5672 l2.
1235 5617 1381 5682 Quod
1420 5619 1755 5688 unusquisque
1780 5627 1994 5673 vestrum
2021 5619 2102 5672 di-

526 5717 595 5775 cit
621 5757 636 5783 ,
688 5713 798 5788 Ego
828 5712 1029 5782 quidem
1059 5725 1171 5765 sum
1202 5708 1356 5764 Pauli
1387 5749 1401 5775 ,
1435 5725 1524 5779 ego
1553 5720 1719 5767 autem
1745 5711 1933 5780 Apollo
1959 5751 1974 5780 ,
2006 5728 2096 5781 ego

2187 423 2300 462 vero
2321 408 2523 480 Cephea.
2552 410 2931 469 Contentiones
2951 413 3091 469 enim
3113 413 3264 482 dico,
3299 416 3505 486 inquit,
3531 432 3636 471 non
3665 435 3768 474 eas

2180 513 2298 567 qum
2327 498 2392 554 de
2445 499 2603 555 rebus
2658 503 2879 572 privatis
2907 513 3070 571 sunt,
3125 507 3218 559 sed
3248 507 3545 575 graviores.
3601 508 3763 574 Quod

2179 591 2515 660 unusquisque
2543 603 2760 648 vestrum
2789 596 2928 651 dicit.
2961 596 3075 651 Non
3103 599 3244 652 enim
3277 608 3482 667 partem
3503 642 3516 665 ,
3547 601 3644 655 sed
3677 610 3766 655 to-

2180 687 2287 734 tam
2337 681 2630 737 Ecclesiam
2677 688 2948 756 corruptio
2975 687 3308 743 devaslabat.
3342 691 3504 760 Atqui
3547 707 3645 746 nec
3687 692 3764 748 de

2179 773 2388 842 scipso,
2425 789 2525 830 nec
2563 775 2629 832 de
2665 777 2860 846 Petro,
2886 794 2985 834 nec
3013 780 3081 835 de
3111 782 3302 850 Apollo
3341 783 3623 847 dicebant;
3659 788 3764 840 sed

2177 865 2447 930 ostendit,
2497 867 2638 935 quod
2686 869 2728 922 si
2772 869 2856 924 his
2895 871 3225 926 innitendum
3267 888 3372 926 non
3416 883 3534 941 est,
3580 876 3755 930 multo

2179 955 2354 1009 minus
2381 956 2521 1011 aliis.
2554 957 2705 1024 Quod
2747 970 2922 1015 autem
2961 977 3065 1015 non
3107 963 3174 1017 de
3205 963 3287 1017 his
3307 964 3584 1031 dicerent,
3616 966 3760 1021 infra

2177 1044 2309 1099 dicit
2333 1063 2344 1098 ε
2380 1045 2505 1100 Haec
2533 1058 2697 1102 autem
2723 1053 3082 1122 transﬁgurari
3108 1055 3161 1107 in
3202 1071 3280 1107 me
3308 1065 3353 1108 et
3380 1056 3587 1124 Apollo,
3619 1068 3676 1110 ut
3701 1059 3759 1112 in

2176 1139 2319 1192 nobis
2364 1139 2570 1193 discatis
2612 1158 2712 1195 non
2756 1159 2912 1212 supra
2949 1145 3007 1197 id
3033 1146 3170 1215 quod
3199 1147 3441 1215 scriptum
3478 1159 3548 1202 est
3577 1166 3760 1219 sapere

2180 1231 2256 1300 (1.
2289 1230 2409 1287 Cor.
2439 1233 2496 1287 4.
2526 1233 2604 1305 2).
2635 1234 2788 1301 Quod
2825 1237 2871 1291 si
2897 1237 3049 1292 Pauli
3075 1280 3090 1305 ,
3117 1239 3308 1308 Apollo
3342 1249 3395 1294 et
3420 1239 3618 1310 Cephea
3645 1256 3754 1296 non

2177 1324 2456 1393 Oportebat
2483 1325 2584 1380 sibi
2607 1328 2823 1383 nomina
2850 1328 3184 1394 adscribere,
3213 1331 3384 1385 multo
3412 1333 3588 1387 minus
3613 1332 3754 1388 alio-

2177 1431 2316 1469 rum.
2348 1416 2400 1470 Si
2432 1417 2708 1472 doctorem
2738 1429 2792 1473 et
2821 1421 3048 1488 primum
3076 1422 3438 1489 apostolorum
3461 1463 3475 1486 ,
3507 1424 3596 1490 qui
3626 1433 3742 1477 tan-

2179 1517 2289 1562 tum
2329 1508 2627 1564 instituerat
2657 1512 2947 1579 populum,
2978 1528 3081 1566 non
3114 1513 3396 1582 oportebat
3422 1514 3520 1567 sibi
3546 1515 3752 1568 adseri-

2174 1597 2323 1662 bere,
2350 1601 2514 1654 multo
2537 1601 2712 1655 minus
2731 1616 2823 1656 eos
2843 1602 2931 1672 qui
2955 1602 3085 1656 nihil
3110 1611 3281 1658 erant.
3307 1601 3437 1656 Cum
3459 1602 3750 1674 hyperbole

2175 1688 2352 1759 itaque
2381 1690 2502 1744 illos
2546 1705 2575 1745 a
2617 1692 2804 1746 morbo
2832 1692 3099 1747 abducere
3128 1693 3349 1748 studens
3395 1694 3510 1749 hare
3536 1697 3750 1750 nomina

2176 1782 2344 1849 ponit.
2391 1783 2637 1853 Alioquin
2675 1798 2801 1838 vero
2847 1785 3005 1838 etiam
3039 1785 3213 1840 minus
3243 1787 3522 1842 molestam
3553 1790 3751 1844 oratio~

2175 1887 2297 1926 nem
2329 1873 2541 1941 reddit,
2573 1887 2678 1928 non
2719 1875 3031 1931 nominatim
3060 1890 3346 1932 recensens
3372 1893 3466 1934 eos
3489 1879 3578 1950 qui
3604 1880 3750 1934 scin-

2174 1963 2372 2018 debant
2399 1965 2692 2020 Ecclesiam
2719 2007 2734 2031 ,
2763 1967 2857 2022 sed
2887 1970 3036 2037 quasi
3078 1969 3241 2024 larvis
3264 1971 3580 2038 quibusdam
3618 1985 3754 2041 apo-

2174 2056 2434 2111 stolorum
2455 2057 2758 2112 nominibus
2779 2059 2925 2128 ipsos
2948 2059 3205 2130 obtegens
3231 2080 3244 2113 :
3273 2061 3392 2132 Ego
3413 2063 3618 2130 quidem
3639 2079 3754 2119 smn

2178 2145 2334 2200 Pauli
2359 2189 2372 2212 ,
2405 2165 2494 2217 ego
2524 2158 2691 2202 autem
2720 2151 2904 2220 Apollo
2926 2192 2940 2216 ,
2971 2168 3062 2223 ego
3091 2167 3206 2207 vero
3228 2151 3430 2223 (Iephte.

2247 2241 2301 2294 9..
2337 2239 2533 2296 Paulus
2558 2258 2659 2295 non
2687 2245 2890 2314 prtefert
2917 2260 2970 2296 se
2999 2241 3172 2300 Petro.
3195 2273 3265 2285 —
3292 2245 3408 2300 Non
3444 2247 3738 2315 pratferens

2178 2346 2238 2387 se
2267 2331 2444 2398 Petro,
2477 2333 2654 2402 posuit
2697 2333 2844 2386 illum
2908 2334 3188 2400 ultimum;
3221 2335 3326 2389 imo
3367 2351 3498 2391 vero
3535 2337 3754 2392 Petrum

2180 2422 2280 2477 sibi
2309 2422 2461 2478 valde
2489 2437 2950 2493 prreponens,per
3000 2423 3471 2493 ampliﬁcationem
3500 2426 3755 2496 loquutus

2179 2523 2282 2579 est,
2313 2529 2379 2569 ne
2422 2524 2693 2582 putaretur
2737 2517 2838 2570 hoc
2869 2531 2967 2585 per
3014 2517 3273 2570 invidiam
3321 2517 3518 2586 facere,
3562 2528 3617 2574 et
3645 2536 3756 2589 pra:

2179 2607 2346 2660 livore
2368 2606 2497 2675 ipsis
2541 2606 2800 2662 honorem
2832 2606 3066 2661 auferre:
3095 2606 3221 2662 ldeo
3249 2610 3486 2678 seipsum
3517 2612 3749 2680 primum

2178 2700 2374 2768 posuit.
2407 2697 2540 2752 Nam
2565 2699 2654 2769 qui
2684 2714 2741 2754 se
2781 2699 3008 2768 primum
3041 2703 3313 2768 reprobat,
3341 2718 3447 2758 non
3477 2703 3618 2772 quod
3647 2703 3755 2757 ho-

2179 2805 2367 2845 norem
2417 2800 2560 2846 antet
2599 2791 2701 2846 hoc
2727 2790 2870 2856 facit,
2903 2791 2999 2846 sed
3028 2793 3169 2860 quod
3219 2793 3377 2848 talem
3407 2795 3631 2864 gloriam
3660 2796 3760 2850 ad-

2180 2881 2394 2936 modum
2423 2881 2701 2951 deSpiciat.
2727 2881 2918 2936 Totum
2946 2897 3074 2952 ergo
3105 2884 3358 2953 impetum
3388 2886 3590 2954 primus
3619 2887 3761 2940 exei-

2181 2971 2275 3040 pit,
2309 2979 2536 3040 tuncque
2562 2971 2712 3040 ponit
2730 2970 2942 3040 Apollo,
2966 2982 3151 3040 postea
3178 2973 3440 3044 Cepham.
3473 2975 3591 3030 Non
3626 2992 3759 3046 ergo

2179 3075 2300 3117 sese
2326 3061 2588 3116 extollens
2618 3061 2670 3116 id
2693 3059 2851 3127 fecit;
2881 3061 2974 3117 sed
2995 3063 3046 3116 in
3076 3063 3159 3130 iis,
3187 3079 3306 3134 qua:
3332 3065 3446 3120 ﬁeri
3468 3083 3574 3122 non
3595 3082 3759 3137 opor-

2181 3152 2324 3208 tebat
2348 3193 2362 3215 ,
2397 3167 2491 3221 per
2517 3153 2786 3222 propriam
2820 3167 3102 3222 personam
3151 3157 3326 3224 primo
3363 3158 3759 3214 correctionem

2179 3242 2323 3298 facit.
2356 3243 2460 3299 Sed
2486 3243 2627 3314 quod
2654 3244 2688 3297 ii
2710 3243 2946 3314 quidem,
2976 3246 3065 3315 qui
3092 3244 3213 3299 huic
3240 3246 3322 3300 vel
3347 3246 3437 3298 alii
3473 3262 3532 3301 se
3553 3248 3762 3304 adscri-

2182 3338 2391 3404 berent,
2422 3345 2727 3406 peccarent,
2757 3337 2934 3406 palam
2971 3346 3054 3391 est
3083 3353 3098 3390 :
3130 3350 3192 3390 ac
3217 3344 3366 3391 recte
3397 3336 3518 3393 illos
3539 3340 3762 3410 corrigit

2181 3427 2364 3482 dicens
2397 3426 2552 3482 :Non
2580 3427 2714 3482 bene
2756 3426 2929 3482 facitis
2966 3427 3238 3492 dicentes,
3282 3426 3393 3498 Ego
3419 3430 3622 3497 quidem
3647 3447 3761 3484 sum

2183 3519 2359 3584 Pauli,
2383 3535 2474 3588 ego
2505 3530 2672 3573 autem
2701 3520 2906 3589 Apollo,
2934 3535 3023 3589 ego
3049 3536 3162 3574 vero
3206 3518 3408 3589 Cephaz.
3443 3520 3550 3575 Cur
3575 3532 3758 3576 autem

2181 3610 2404 3676 addidit,
2437 3611 2547 3682 Ego
2567 3629 2681 3666 vero
2705 3611 2932 3668 Christi?
2950 3612 3081 3667 Nam
3111 3612 3157 3668 si
3187 3613 3220 3666 ii
3246 3614 3334 3683 qui
3364 3628 3422 3668 se
3448 3613 3758 3670 hominibus

2185 3702 2586 3772 adscripserunt
2613 3718 2924 3771 peccavere,
2962 3718 3068 3756 non
3101 3711 3250 3758 certe
3283 3705 3317 3757 ii
3346 3705 3434 3773 qni
3458 3719 3515 3758 se
3537 3702 3757 3760 Christo

2185 3792 2525 3848 addicebant.
2551 3792 2657 3847 Sed
2708 3807 2812 3847 non
2841 3807 2933 3846 cos
2956 3791 3056 3846 hac
3084 3791 3151 3846 de
3182 3808 3240 3848 re
3270 3793 3574 3858 accusabat,
3613 3795 3760 3864 quod

2185 3897 2244 3936 se
2266 3881 2476 3936 Christo
2503 3880 2891 3948 adscribsrent,
2917 3880 3012 3935 sed
3038 3882 3211 3936 solum
3243 3882 3383 3952 quod
3412 3898 3516 3938 non
3543 3899 3757 3939 omnes.

2186 3970 2323 4024 Puto
2344 3980 2522 4024 autem
2554 3970 2726 4039 ipsum
2759 3969 2859 4025 hoc
2888 3985 2951 4025 ex
2980 3986 3039 4026 se
3062 3971 3344 4040 adjecisse,
3376 3981 3434 4026 ut
3457 3974 3763 4042 graviorem

2187 4061 2389 4115 faceret
2426 4061 2858 4127 accusationem,
2917 4072 2974 4118 et
3021 4063 3330 4118 ostenderet
3353 4061 3624 4118 Christum
3670 4066 3765 4120 uni

2189 4150 2374 4205 datum
2403 4165 2525 4206 esse
2554 4152 2712 4222 parti,
2761 4153 2969 4207 etiamsi
3011 4153 3086 4207 illi
3119 4153 3221 4208 hoc
3256 4167 3360 4207 non
3389 4153 3466 4208 sic
3499 4151 3762 4234 iacerent.

2190 4242 2343 4310 Quod
2365 4247 2508 4301 enim
2557 4247 2658 4300 hoc
2688 4246 3126 4308 subindicaverit,
3157 4260 3252 4314 per
3277 4260 3338 4299 ea
3371 4260 3489 4315 quae
3518 4261 3762 4314 sequun-

2193 4345 2276 4392 tur
2302 4337 2536 4392 ostendit
2557 4337 2740 4391 dicens
2774 4354 2787 4391 :
2817 4338 2903 4391 15.
2937 4335 3142 4391 Divisus
3163 4347 3235 4391 est
3265 4336 3496 4392 Christus
3520 4338 3546 4390 ?
3574 4338 3630 4391 id
3658 4349 3764 4403 est,

2190 4427 2460 4482 Christum
2483 4427 2816 4494 concidistis,
2836 4438 2889 4481 ct
2911 4442 3103 4496 corpus
3129 4428 3244 4497 ejus
3276 4429 3556 4486 divisistis.
3602 4429 3768 4488 Vides

2193 4520 2348 4585 iram,
2381 4517 2531 4572 vides
2552 4518 2996 4587 increpationetn,
3021 4519 3166 4573 vides
3195 4533 3500 4574 sermonem
3525 4520 3771 4592 indignae

2195 4612 2339 4666 tione
2368 4610 2618 4680 plenum?
2640 4610 2771 4664 Cum
2799 4611 2941 4665 enim
2969 4627 3074 4664 non
3105 4609 3414 4679 probatione
3443 4622 3644 4678 utatur,
3671 4613 3770 4670 sed

2195 4705 2488 4774 interroget
2527 4711 2731 4758 tantum
2755 4743 2768 4765 ,
2803 4701 2906 4757 hoc
2933 4701 3057 4756 facit
3083 4705 3234 4772 quasi
3265 4701 3569 4759 absurditas
3597 4705 3688 4759 illa
3717 4705 3771 4760 in

2195 4793 2442 4848 Confesso
2473 4793 2562 4846 sit.
2592 4793 2818 4859 Quidam
2841 4807 2969 4848 vero
2996 4791 3138 4846 aliud
3161 4791 3506 4849 subindicare
3531 4803 3723 4864 putant
3751 4837 3768 4862 ,

2195 4900 2315 4940 cum
2355 4885 2460 4938 ait:
2489 4882 2694 4938 Divisus
2733 4893 2802 4937 est
2831 4881 3062 4938 Christus
3085 4899 3104 4948 ,°
3126 4898 3318 4954 nempe
3340 4883 3606 4954 dispertiit
3633 4886 3775 4955 apud

2198 4976 2439 5031 homines
2465 4985 2520 5031 et
2545 4975 2723 5030 divisit
2754 4974 3072 5039 Ecclesiam,
3101 4984 3155 5029 et
3177 4986 3380 5045 partem
3410 4973 3624 5045 quidem
3659 4977 3776 5046 ipse

2196 5069 2359 5137 cepit,
2384 5068 2648 5138 aliamque
2674 5067 2778 5121 illis
2804 5065 2968 5120 dedit.
3005 5065 3205 5122 Deinde
3225 5065 3607 5122 absurditatem
3628 5068 3773 5123 illam

2200 5159 2337 5214 tollit
2359 5159 2580 5215 dicens:
2622 5158 2885 5228 Numquid
2916 5156 3114 5214 Paulus
3154 5160 3429 5226 cruciﬁxus
3450 5169 3520 5212 est
3551 5176 3645 5228 pro
3676 5177 3771 5215 vo-

2200 5253 2295 5319 bis,
2324 5263 2412 5307 aut
2437 5255 2490 5307 in
2521 5252 2720 5306 nomine
2749 5250 2903 5305 Pauli
2933 5251 3174 5322 baptizati
3192 5252 3308 5305 estis
3329 5252 3354 5303 .9
3384 5250 3512 5305 Vide
3539 5263 3779 5309 mentem

2202 5344 2398 5399 Christi
2429 5355 2696 5398 amanlem
2720 5384 2733 5406 ,
2765 5345 3036 5413 quomodo
3091 5346 3144 5396 in
3191 5357 3386 5396 nomen
3434 5355 3589 5395 suum
3625 5341 3780 5397 dein¢

2204 5453 2331 5507 ceps
2363 5446 2532 5492 totum
2573 5435 2800 5492 adducat
2827 5478 2842 5503 ,
2866 5437 3092 5492 ubertim
3122 5434 3410 5489 ostendens
3438 5433 3578 5487 hunc
3605 5435 3779 5490 hono-

2206 5543 2320 5583 rem
2342 5526 2541 5582 nemini
2559 5537 2886 5597 competere.
2916 5533 2988 5579 Ac
3014 5539 3082 5577 ne
3112 5523 3350 5578 videatur
3379 5523 3575 5577 invidia
3602 5535 3782 5579 motus

2208 5618 2324 5672 haec
2373 5617 2591 5684 dicere,
2631 5617 2753 5673 ideo
2801 5633 2858 5672 se
2914 5617 3217 5683 frequenter
3267 5614 3647 5668 circumversat
3684 5634 3697 5669 :
3732 5625 3782 5672 et

2213 5710 2550 5781 prudentiam
2579 5711 2878 5766 considera.
2907 5708 3024 5764 Non
3053 5707 3192 5763 enim
3221 5706 3375 5778 dixit,
3408 5705 3544 5762 Num
3578 5708 3778 5765 Paulus
