3954 6130
560 254 634 308 95
1240 251 1296 308 S.
1340 250 1622 308 JOANNIS
1652 245 2143 306 CIIRYSOSTOMI
2180 242 2501 302 ARCHIEP.
2541 244 3086 302 CONS'I‘ANTINOP.

3770 263 3851 317 Ξῖτ

560 382 664 419 στα
711 364 767 417 δὲ
804 366 837 436 ἡ
888 366 974 419 διὰ
1014 365 1109 419 τοῦ
1142 367 1376 436 σταυροῦ
1431 367 1862 436 συγκατάϐασις.
1901 366 2011 420 Καὶ
2039 364 2141 418 οὐκ
2244 361 2403 415 τοῦτο
2444 363 2663 437 ἤρχετο.
2701 361 2775 413 Οὐ
2810 360 3019 426 τούτοις
3053 362 3109 414 δὲ
3144 365 3321 431 μόνον,
3379 364 3513 419 ἀλλά
3566 368 3660 420 καὶ
3728 371 3854 431 τοῖς

558 442 703 513 εἷπε,
756 448 847 517 Μὴ
893 447 1100 511 Παῦλος
1129 448 1403 503 ἀπέθανεν
1433 451 1573 521 ὑπὲρ
1612 450 1795 521 ύμῶν;
1853 449 2010 509 ἀλλά.
2042 447 2136 517 Μὴ

558 529 799 595 Παῦλος
823 529 1201 599 ἐσταυρώθη;
1256 532 1349 586 καὶ
1387 533 1447 586 τὸ
1498 530 1638 597 εἶδος
1670 534 1764 587 τοῦ
1794 533 2026 587 θανάτου
2053 549 2134 585 τι·

557 612 704 677 θείς·
754 614 793 682 ἢ
843 616 924 680 εἰς
962 617 1027 668 τὸ
1057 615 1244 686 ὄνομα
1276 617 1522 671 Παύλου
1555 618 1990 683 ἐϐαπτι’σθητε;
2028 618 2135 669 Καὶ

552 697 654 749 οὐκ
700 690 842 760 εἷπε,
899 695 991 767 Μὴ
1028 697 1240 762 Παῦλος
1292 698 1586 753 ἐϐάπτισεν
1632 701 1810 770 ὐμᾶςς
1872 700 2133 752 ἐϐάπτισε

551 779 662 849 γάρ
714 777 941 842 πολλούς
961 795 975 811 ·
1026 778 1142 833 ἀλλ’
1172 781 1233 834 οὐ
1266 782 1329 835 τὸ
1357 782 1690 854 ζητούμενον
1721 782 1879 835 τοῦτο
1905 778 1996 853 ἦν,
2028 780 2133 833 ὐπὸ

547 859 692 924 τίνος
722 861 1150 933 ἐϐαπτίσθησαν,
1182 863 1318 917 ἀλλά
1346 865 1406 918 τὸ
1438 868 1518 928 εἰς
1541 866 1688 929 τίνος
1716 865 1886 935 ὄνομα
1909 862 2131 917 ἐϐαπτί-

550 943 781 1015 σθησαν.
817 945 873 997 Ἐ
886 945 1037 1015 πειδὴ
1054 945 1164 1018 γάρ
1186 946 1452 1001 καὶτοῦτο
1474 949 1645 1002 αἴτιον
1660 948 1877 1016 ἐγένετο
1900 946 2131 1018 σχισμά-

545 1044 677 1090 των,
707 1028 767 1081 τὸ
797 1028 905 1082 ἀπὸ
928 1028 1036 1082 τῶν
1083 1029 1466 1099 βαπτισάντων
1492 1032 1796 1098 καλεῖσθαι,
1838 1033 1936 1087 καὶ
1968 1036 2129 1089 τοῦτο

544 1108 856 1181 διορθοῦται
909 1110 1105 1179 λέγων,
1137 1112 1233 1181 Μὴ
1268 1117 1355 1181 είς
1384 1114 1451 1168 τὸ
1483 1114 1671 1184 ὄνομα
1723 1117 1969 1169 Παύλου
1996 1116 2129 1168 ἐϐα-

546 1194 874 1262 πτίσθητε;
908 1195 1019 1249 Καὶ
1046 1195 1121 1265 μὴ
1150 1197 1257 1268 γάρ
1292 1197 1473 1267 εἴπῃς,
1498 1198 1654 1270 φησὶ,
1685 1198 1783 1262 Τίς
1811 1199 2124 1263 ἐϐάπτισεν,

546 1275 697 1342 ἀλλ’,
728 1278 823 1341 Εἰς
851 1278 912 1331 τὸ
933 1279 1078 1343 τίνος
1107 1280 1307 1351 δνομα;
1341 1283 1414 1336 Οὐ
1447 1283 1556 1353 7&9
1584 1285 1613 1337 6
1643 1282 1933 1353 βαπτίσας,
1955 1282 2071 1337 ἀλλ’
2098 1285 2126 1337 6

545 1356 885 1429 καλούμενος
929 1362 1009 1426 είς
1062 1362 1124 1415 τὺ
1177 1362 1462 1435 βάπτισμα
1513 1364 1785 1436 ζητεῖται·
1821 1361 1974 1430 οὗτος
2018 1367 2125 1437 γάρ

544 1441 739 1512 ἀφίησι
774 1441 843 1496 τά
870 1444 1268 1516 ἁμαρτήματα.
1298 1449 1405 1501 Καὶ
1430 1448 1557 1520 ἄχρι
1581 1448 1773 1504 τούτου
1804 1450 2007 1521 στήσας
2033 1451 2125 1505 τὸν

543 1523 722 1593 λόγον,
750 1525 934 1580 οὐκέτι
979 1531 1092 1593 τοῖς
1136 1528 1262 1602 ἑξῆς
1287 1531 1661 1603 ἐπεξέρχεται.
1713 1533 1789 1586 Οὐ
1818 1532 1926 1605 γάρ
1951 1532 2122 1602 λέγει,

542 1608 636 1680 Μή
671 1609 883 1675 Παῦλος
914 1613 1044 1682 ύμῖν
1091 1614 1457 1683 ἐπηγγείλατο
1496 1616 1564 1669 τὰ
1599 1616 1860 1684 μέλλοντα
1906 1616 2121 1685 ἀγαθάς

544 1692 620 1764 μή
652 1692 867 1758 Παῦλος
917 1695 1046 1765 ὑμῖν
1099 1696 1367 1767 ὑπέσχετο
1406 1697 1685 1767 βασιλείαν
1734 1699 2017 1771 οὐρανῶν;
2054 1699 2121 1752 Τί

536 1775 738 1845 δήποτε
779 1773 873 1832 οὖν
913 1778 1037 1848 οὐχὶ
1076 1780 1375 1835 καὶταῦτα
1414 1782 1808 1853 προστίθησιν;
1858 1784 1983 1838 Ὀτι
2017 1784 2120 1837 οὐκ

535 1856 685 1911 ἐστιν
712 1860 824 1914 ἴσον
847 1860 1126 1931 βασιλείαν
1161 1864 1615 1933 ἐπαγγείλασθαι,
1652 1866 1751 1919 καὶ
1789 1867 2113 1939 σταυρωθῆ-

534 1959 642 1998 ναι.
670 1945 881 2022 Ἐκεῖνο
914 1946 1013 2018 μὲν
1058 1946 1170 2019 γάρ
1202 1945 1325 2000 οὐτε
1358 1949 1604 2004 κίνδυνον
1655 1946 1824 2022 εἶχεν,
1876 1952 2003 2006 οὔτε
2033 1954 2119 2006 αἰ-

534 2021 736 2099 σχύνην
767 2026 951 2099 ἔφερε·
987 2028 1147 2083 τοῦτο
1176 2029 1233 2083 δὲ
1265 2030 1482 2085 ἅπαντα
1507 2021 1716 2087 ταῦτα·
1740 2034 1912 2098 άλλως
1936 2035 1993 2089 δὲ
2023 2035 2117 2089 καὶ

531 2110 718 2165 ἐκεῖνα
748 2112 857 2165 ἀπὸ
899 2112 1106 2167 τούτων
1147 2116 1568 2181 κατασκευάζει.
1619 2116 1805 2171 Είπὼν
1851 2120 1981 2191 γάρ,
2018 2122 2118 2186 ’⁸ος

530 2210 600 2262 τε
626 2193 735 2248 τοῦ
783 2195 938 2251 ίδίου
977 2193 1116 2251 Υίοῦ
1152 2200 1263 2252 οὐκ
1307 2198 1617 2269 ἐφείσατο,
1670 2204 1947 2273 ἐπήγαγε,
1982 2203 2116 2271 Πῶς

531 2275 667 2345 οὐχὶ
714 2276 810 2330 καί
874 2276 997 2332 σὺν
1040 2278 1201 2345 αὐτῷ
1256 2280 1328 2334 τὰ
1365 2281 1563 2336 πάντα
1596 2284 1744 2353 ἡμῖν
1771 2286 2115 2354 χαρίσεται;

531 2359 628 2412 καὶ
668 2358 849 2425 πάλιν,
877 2363 946 2416 El
968 2360 1078 2432 γὰρ
1104 2362 1305 2432 ἐχθροὶ
1339 2364 1511 2433 ὄντες
1537 2367 2002 2438 κατηλλάγημεν
2032 2369 2114 2435 τῷ

530 2438 655 2507 Θεῷ
710 2440 808 2497 διὰ
857 2442 967 2499 τοῦ
1023 2446 1284 2501 θανάτου
1327 2448 1435 2503 τοῦ
1486 2450 1623 2505 Υίοῦ
1665 2451 1875 2516 αὐτοῦ,
1901 2451 2113 2519 πολλῷ

522 2523 765 2593 μᾶλλον
791 2530 1275 2599 καταλλαγέντες
1303 2534 1722 2604 σωθησόμεθα.
1756 2535 1960 2589 Τούτου
1993 2536 2110 2589 Eve-

526 2624 624 2690 κεν
672 2610 772 2663 οὐκ
805 2609 1089 2682 ἐπήγαγεν
1121 2615 1328 2670 ἐκεῖνα·
1369 2618 1465 2671 καὶ
1516 2618 1596 2672 ὄτι
1643 2619 1714 2673 τά
1755 2621 1855 2690 μὲν
1894 2620 2109 2674 οὐδέπω

524 2686 693 2763 εἶχον,
706 2692 817 2749 τῶν
843 2694 903 2749 δέ
929 2695 1027 2768 ήδη
1057 2700 1253 2769 πεῖραν
1274 2698 1589 2771 εἰλήφεσαν,
1621 2702 1717 2756 καὶ
1739 2686 1808 2758 τά
1834 2704 1934 2774 μὲν
1957 2701 2025 2776 ἦν
2050 2707 2106 2758 ἐν

524 2776 904 2846 ἐπαγγελίαις,
940 2779 1009 2835 τά
1058 2779 1116 2835 δέ
1168 2782 1272 2854 ήδη
1326 2783 1611 2856 γεγένητο.
1637 2787 1991 2857 Εὐχαριστῶ
2024 2788 2106 2855 τῷ

524 2857 668 2925 Θεῷ,
700 2861 791 2916 ὅτι
818 2862 1040 2918 οὐδένα
1076 2864 1244 2935 ὑμῶν
1283 2866 1597 2930 ἐϐάπτισα,
1630 2871 1683 2924 εἰ
1712 2869 1800 2941 μὴ
1831 2872 2105 2941 Κρίσπον

519 2942 620 3026 καί
647 2944 854 3001 Κάτον.
893 2946 1008 3021 [18]
1038 2948 1104 3002 Τί
1139 2948 1285 3021 μέγα
1312 2953 1560 3021 φρονεῖτε
1590 2954 1684 3007 ἐπὶ
1711 2953 1791 3025 τῷ
1820 2955 2101 3026 βαπτίσαι,

518 3025 654 3080 ὅπου
687 3044 752 3098 γε
780 3028 892 3098 ἐγὼ
917 3031 1013 3085 καὶ
1038 3032 1372 3104 εὐχαριστῶ,
1401 3034 1485 3087 ὅτι
1520 3035 1622 3090 οὐκ
1650 3025 1884 3108 ἐποίησα
1912 3038 2100 3105 τοῦτο;

518 3110 709 3167 Ταῦτα
759 3112 818 3167 δέ
876 3113 1073 3184 λέγων,
1112 3116 1373 3189 καθαιρεῖ
1401 3118 1462 3171 τὸ
1511 3119 1606 3173 ἐπὶ
1638 3120 1816 3193 τούτῳ
1873 3121 2102 3195 φύσημα

516 3196 899 3267 οἰκονομικῶς,
931 3199 1053 3270 οὐχὶ
1077 3199 1178 3271 τὴν
1208 3200 1439 3272 δύναμιν
1462 3202 1557 3257 τοῦ
1588 3203 1985 3275 βαπτίσματος,
2026 3208 2101 3279 μὴ

512 3279 753 3348 γένοιτο,
779 3280 919 3335 ἀλλὰ
945 3282 1044 3355 τὴν
1064 3283 1326 3338 ἀπόνοιαν
1353 3284 1464 3338 τῶν
1492 3285 1637 3356 μέγα
1667 3287 1762 3339 ἐπὶ
1788 3287 1867 3359 τῷ
1903 3288 2101 3360 βαπτί-

517 3380 608 3418 σαι
642 3364 1012 3435 φρονούντων,
1039 3366 1260 3437 πρῶτον
1299 3366 1401 3438 μὲν
1428 3368 1509 3439 τῷ
1559 3369 1860 3438 δεικνύναι,
1891 3374 1972 3428 δτι
1999 3376 2100 3430 οὐκ

513 3447 697 3532 αὐτῶν
712 3451 849 3532 ῌέστι
897 3449 959 3503 τὸ
1019 3448 1215 3531 δῶρον,
1244 3451 1499 3523 δεύτερον
1543 3453 1603 3508 δέ
1650 3454 1730 3526 τῷ
1755 3459 2100 3532 εὐχαριστεῖν

513 3529 591 3603 τῷ
622 3530 743 3603 Θεῷ
774 3531 862 3586 διά
886 3532 1062 3588 τοῦτο.
1095 3529 1256 3603 Μέγα
1283 3534 1384 3606 μὲν
1407 3536 1515 3608 γάρ
1542 3535 1603 3590 τὸ
1632 3529 1937 3611 βάπτισμα,
1960 3544 2099 3600 ἀλλὰ

515 3614 660 3686 μέγα
685 3614 817 3669 αὐτὸ
838 3616 937 3688 οὐχ
961 3618 989 3671 6
1023 3615 1304 3688 βαπτίζων
1332 3621 1497 3685 ποιεῖ,
1534 3619 1652 3675 ἀλλ’
1680 3623 1709 3676 6
1755 3623 2097 3697 καλούμενος

512 3700 594 3762 εἰς
614 3697 676 3752 τὸ
704 3698 1019 3771 βάπτισμα·
1071 3700 1198 3755 ἐπεὶ
1225 3700 1288 3755 τὸ
1311 3700 1571 3772 βαπτίσαι
1601 3706 1755 3760 οὐδέν
1780 3709 1933 3764 ἐστιν
1968 3711 2095 3765 ὅσον

512 3783 593 3846 εἰς
621 3780 962 3853 ἀνθρώπινον
996 3782 1177 3849 πόνον,
1214 3783 1353 3839 ἀλλά
1381 3788 1561 3859 πολλῷ
1606 3790 1827 3846 ἐλαττον
1867 3792 1961 3846 τοῦ
2000 3794 2093 3846 εὐ-

513 3862 931 3947 αγγελίσασθαι.
962 3866 1124 3933 Μέγα
1152 3865 1253 3937 μέν
1294 3868 1405 3939 γάρ
1436 3869 1577 3935 ἐστι,
1624 3872 1787 3926 πάλιν
1830 3876 1998 3947 φημὶ,
2033 3877 2094 3931 τὸ

514 3946 821 4019 βάπτισμα,
865 3947 960 4002 καὶ
1013 3948 1144 4004 ἄνευ
1185 3948 1563 4022 βαπτίσματος
1608 3954 1892 4028 ἀμήχανον
1935 3958 2091 4029 βασι-

510 4029 663 4095 λείας
722 4031 1039 4103 ἐπιτυχεῖν·
1094 4031 1234 4089 άλλά
1285 4032 1508 4090 δύναται
1558 4037 1691 4093 αὐτὸ
1728 4040 1822 4094 καὶ
1855 4041 1997 4114 ἀνὴρ
2028 4045 2090 4098 οὐ

513 4114 722 4186 σφόδρα
753 4120 997 4195 γενναῖος
1028 4118 1276 4190 ποιῆσαι,
1303 4119 1365 4175 τὸ
1390 4120 1448 4174 δέ
1475 4121 1933 4193 εὐαγγελίσασθαι
1957 4128 2089 4184 πολ-

509 4200 602 4255 λοῦ
626 4202 797 4258 δεῖται
833 4204 1023 4261 πόνου.

578 4284 648 4355 γ’.
679 4287 842 4356 Λέγει
868 4285 924 4341 δὲ
956 4287 1052 4341 καὶ
1075 4287 1174 4361 τήν
1207 4288 1408 4356 αἰτίαν,
1433 4288 1503 4345 δι’
1527 4292 1594 4364 ῆν
1623 4293 1971 4366 εὐχαριστεῖ,
1997 4298 2087 4353 ὅτε

504 4370 694 4426 οὐδένα
738 4370 1024 4427 ἐϐάπτισε.
1054 4371 1151 4438 Τίς
1183 4369 1277 4429 οῦν
1314 4376 1465 4430 ἐστιν
1508 4374 1689 4448 αὐτης
1721 4378 1846 4433 ἰνα
1876 4380 1963 4451 μή
1998 4400 2088 4449 τις

504 4456 666 4524 εἴπῃ,
706 4457 861 4527 φησὶ,
910 4456 1003 4511 ὅτι
1033 4460 1121 4523 είς
1153 4457 1222 4512 τὸ
1253 4458 1402 4529 ἐμὸν
1434 4459 1625 4528 ὄνομα
1663 4462 2083 4535 ἐϐαπτίσθητε.

505 4539 573 4593 Τί
606 4537 733 4607 δαίς
764 4539 895 4611 περὶ
918 4540 1028 4610 7&9
1056 4541 1281 4596 ἐκείνων
1301 4543 1461 4597 τοῦτο
1485 4542 1670 4611 ελεγον
1696 4557 1722 4585 ι
1747 4564 1761 4612 ;
1797 4548 2083 4620 Οὐδαμῶς·

504 4621 641 4677 ἀλλὰ
666 4622 899 4688 δέδοικα,
923 4622 1078 4694 φησὶ,
1099 4623 1175 4696 μὴ
1203 4625 1298 4679 καὶ
1327 4627 1408 4689 εἰς
1435 4625 1596 4680 τοῦτο
1640 4628 1815 4701 προϐῇ
1841 4629 1901 4684 τὸ
1926 4633 2087 4705 νόση-

507 4723 604 4779 μα.
625 4706 689 4759 Εἰ
707 4706 813 4778 7&9
829 4705 1064 4762 εὐτελῶν
1078 4707 1383 4779 ἀνθρώπων
1399 4709 1493 4763 καὶ
1504 4710 1717 4776 οὐδενὸς
1735 4713 1902 4780 ἀξίων
1924 4715 2084 4785 λόγου

507 4786 900 4859 βαπτιζόντων,
945 4788 1159 4861 αἵρεσις
1180 4790 1424 4858 γέγονεν,
1448 4795 1496 4846 εἰ
1527 4795 1638 4863 ἐγὼ
1664 4798 1692 4849 6
1717 4800 2085 4867 καταγγείλας

502 4872 565 4926 τὸ
598 4872 882 4943 βάπτισμα
910 4871 1141 4936 πολλοὺς
1171 4873 1466 4940 ἐϐάπτισα,
1499 4879 1644 4943 εἰκὸς
1672 4876 1741 4950 ἦν
1776 4882 2082 4946 συστάντας

507 4954 582 5027 μὴ
617 4955 777 5026 μόνον
808 4955 901 5008 ἐπὶ
929 4954 1008 5026 τῷ
1031 4955 1256 5026 ὀνόματί
1290 4975 1392 5028 μου
1414 4960 1717 5025 καλεῖσθαι,
1748 4963 1883 5017 ἀλλά
1906 4966 2001 5020 καί
2024 4967 2085 5020 τὸ

506 5039 788 5109 βάπτισμα
816 5039 940 5109 ἐμοὶ
965 5039 1342 5111 ἐπιφημίζειν.
1370 5042 1433 5095 El
1458 5044 1566 5115 7&9
1600 5046 1707 5099 ἀπὸ
1728 5046 1835 5099 τῶν
1864 5048 2083 5103 ἐλαττό-

502 5140 610 5176 νων
637 5122 890 5178 τοσοῦτον
917 5123 1136 5192 ἐγένετο
1164 5124 1333 5178 κακὸν
1353 5168 1367 5191 ,
1402 5126 1533 5192 ίσως
1561 5127 1628 5182 ἂν
1663 5129 1755 5182 καὶ
1789 5128 1873 5183 ἔτι
1903 5132 2082 5204 πολλῴ

502 5205 882 5278 χαλεπώτερον
914 5207 1023 5262 ἀπὸ
1062 5208 1172 5263 τῶν
1208 5210 1468 5278 μειζόνων
1505 5211 1739 5283 προύϐη.
1785 5214 2081 5287 Ἐντρέψας

501 5288 681 5343 τοίνυν
720 5291 847 5354 τούς
887 5289 1318 5363 διεφθαρμένους
1372 5293 1565 5365 ταύτῃ,
1603 5296 1698 5348 καὶ
1744 5299 2078 5366 προσειπὼν,

514 5373 843 5429 Ἐϐἁπτισα
873 5374 942 5427 δὲ
972 5375 1073 5429 καὶ
1114 5375 1220 5430 τὸν
1254 5376 1531 5444 Στεφανᾶ
1560 5373 1751 5441 οἷκον,
1787 5379 1948 5434 πάλιν
1981 5384 2080 5437 αὐ-

499 5455 609 5510 τῶν
634 5457 896 5530 ὑποσύρει
925 5456 1014 5510 τὸν
1048 5455 1214 5527 τῦφον
1245 5458 1441 5525 λέγων·
1472 5460 1701 5515 Λοιπὸν
1729 5464 1839 5515 οὐκ
1867 5460 1999 5521 οῖδα
2028 5468 2083 5520 εἴ

500 5555 636 5595 τινα
660 5540 855 5596 ἄλλον
880 5538 1194 5593 ἐϐάπτισα.
1236 5539 1516 5592 Ἐντεῦθεν
1544 5543 1653 5613 γάρ
1679 5544 1969 5613 δείκνυσιν,
1999 5550 2079 5603 ὅτι

499 5624 623 5680 οὑδέ
652 5624 1118 5705 περισπούδαστον
1142 5618 1211 5693 ἦν
1232 5623 1381 5694 αὐτῷ
1411 5624 1512 5692 τῆς
1546 5626 1653 5678 ἀπὸ
1688 5630 1880 5683 τούτου
1914 5637 2079 5705 τιμῆς

502 5707 800 5763 ἀπολαύειν
831 5705 984 5778 παρά
1020 5704 1130 5758 τῶν
1160 5704 1390 5769 πολλῶν,
1426 5706 1549 5761 οὐδὲ
1586 5709 1745 5781 δόξης
1773 5713 1960 5769 ἕνεκεν
1988 5704 2079 5772 ἐπὶ

556 5880 581 5912 ⁸
604 5878 687 5930 Sic
710 5879 833 5941 Reg.
867 5875 995 5925 Editi
1019 5876 1198 5938 ἔλεγεν.
1225 5877 1376 5931 Paulo
1399 5893 1513 5934 ante
1540 5884 1713 5937 deerat
1735 5887 1780 5936 τί
1798 5889 1895 5941 δαί.

2246 443 2373 514 ἑξῆς
2405 444 2614 513 σφόδρα
2653 443 2835 496 αὐτῶν
2865 444 3219 497 καταστέλλει
3253 447 3354 517 τὴν
3387 447 3725 522 φλεγμονὴν,
3756 453 3854 505 λέ-

2242 542 2384 594 γων·
2429 529 2511 581 Οὐ
2559 527 2671 596 γὰρ
2720 527 3048 581 ἀπέστειλέ
3085 545 3164 596 με
3207 531 3464 598 Χριστὸς
3494 533 3847 598 βαπτίζειν,

2239 609 2400 663 ἀλλὰ
2430 610 3015 681 εὐαγγελίζεσθαιλᾊ
3039 614 3147 683 γὰρ
3165 615 3572 687 ἐπιπονώτερον
3590 619 3687 671 καὶ
3712 621 3850 673 πολ-

2237 690 2330 743 λοῦ
2355 691 2607 761 δεόμενον
2639 694 2839 764 μόχθου
2876 694 2972 747 καὶ
3002 693 3181 765 ψυχῆς
3206 696 3448 768 σιδηρᾶς,
3472 700 3567 752 καὶ
3592 699 3620 752 ὃ
3653 702 3845 755 πάντα

2240 777 2449 845 συνεῖχε
2472 816 2485 837 ,
2508 775 2665 829 τοῦτο
2685 771 2772 847 ἦν.
2798 777 2889 829 Διὸ
2920 779 3015 831 καὶ
3050 778 3262 842 Παῦλος
3290 780 3423 833 αὐτὸ
3446 782 3839 852 ἐνεχειρίζετο.

2239 857 2350 909 Καὶ
2379 857 2524 921 τίνος
2564 858 2750 913 ἕνεκεν
2788 859 2862 931 μὴ
2893 860 3223 924 ἀποσταλεὶς
3258 861 3561 932 βαπτίζειν,
3599 866 3843 920 ἐϐάπτι-

2238 935 2365 1006 ζεν;
2393 939 2467 993 Οὐ
2503 942 2818 1012 μαχόμενος
2842 942 2924 1013 τῷ
2946 943 3351 1011 ἀποστείλαντι,
3372 945 3489 999 ἀλλ’
3515 948 3580 1001 ἐκ
3604 965 3842 1020 περιου-

2238 1022 2360 1086 σίας
2387 1023 2546 1077 τοῦτο
2568 1025 2759 1079 ποιῶν.
2791 1027 2864 1079 Οὐ
2894 1026 3004 1098 γάρ
3026 1026 3200 1092 εἶπεν,
3224 1029 3306 1082 ὅτι
3343 1031 3679 1104 Ἐκωλύθην,
3711 1036 3837 1089 ἀλλ’

2233 1106 2315 1160 ὅτι
2345 1107 2458 1161 Οὐκ
2490 1109 2805 1181 ἀπεστάλην
2833 1111 2926 1165 ἐπί
2949 1109 3143 1182 τούτῳ,
3180 1111 3294 1166 ἀλλ’
3316 1114 3409 1167 ἐπὶ
3424 1114 3503 1185 τῷ
3525 1117 3833 1185 ἀναγκαιο-

2232 1190 2398 1261 τάτῳ.
2444 1191 2517 1244 Τὸ
2565 1193 2664 1263 μὲν
2724 1193 2833 1265 γὰρ
2891 1195 3344 1265 εὐαγγελίζεσθαι
3402 1199 3520 1264 ἐνός
3574 1217 3680 1254 που
3736 1206 3833 1256 καὶ

2231 1271 2515 1356 δευτέρου,
2555 1275 2619 1329 τὸ
2663 1276 2721 1329 δέ
2756 1275 3041 1347 βαπτίζειν
3077 1279 3275 1343 παντὸς
3332 1280 3397 1333 ἂν
3442 1282 3527 1352 εἰη
3581 1282 3677 1336 τοῦ
3729 1287 3832 1356 τὴν

2233 1355 2535 1437 ἱερωσύνην
2569 1356 2804 1428 ἐχοντος.
2844 1359 3166 1431 ’Ἄνθρωπον
3202 1361 3301 1432 μὲν
3330 1361 3441 1434 7&9
3474 1355 3831 1437 κατηχούμε-

2231 1452 2321 1489 νον
2376 1436 2644 1503 λαϐόντας
2690 1441 2785 1494 καὶ
2840 1442 3203 1512 πεπεισμένον
3261 1442 3559 1514 βαπτίσαι,
3618 1449 3827 1512 παντὸς

2229 1519 2541 1575 οὑτινοσοῦν
2574 1523 2745 1577 ἐστιν·
2782 1526 2815 1596 ή
2860 1524 2969 1596 γάρ
3003 1524 3327 1597 προαίρεσις
3366 1526 3460 1580 τοῦ
3499 1529 3827 1600 προσιόντος

2228 1600 2415 1656 λοιπὸν
2447 1602 2745 1676 ἐργάζεται
2778 1606 2838 1660 τὸ
2865 1608 2995 1675 πᾶν,
3025 1608 3121 1661 καὶ
3140 1610 3172 1676 ή
3200 1609 3295 1662 τοῦ
3324 1608 3459 1663 Θεοῦ
3482 1613 3663 1682 χάρις·
3688 1614 3824 1667 ὅταν

2226 1683 2282 1738 δὲ
2309 1686 2571 1751 ἀπίστους
2593 1688 2692 1763 δέῃ
2717 1690 3046 1762 κατηχῆσαι,
3071 1691 3270 1746 πολλοῦ
3295 1692 3377 1746 δεῖ
3401 1694 3589 1758 πόνου,
3614 1697 3825 1767 πολλῆς

2224 1768 2330 1839 τῆς
2358 1770 2570 1840 σοφίας·
2595 1772 2718 1824 τότε
2745 1772 2803 1825 δέ
2832 1772 2928 1826 καὶ
2950 1774 3016 1826 τὸ
3042 1774 3373 1829 κινδυνεύειν
3397 1778 3628 1848 προσῆν.
3671 1780 3826 1834 Ἐκεῖ

2228 1850 2329 1921 μὲν
2358 1852 2468 1924 γάρ
2497 1853 2558 1906 τὸ
2600 1855 2708 1908 πᾶν
2741 1855 2956 1924 γέγονε,
2988 1858 3085 1911 καὶ
3126 1859 3423 1915 πέπεισται
3452 1864 3481 1914 6
3516 1879 3819 1932 μυσταγω-
3916 1876 3917 1932 γ

2225 1935 2438 2000 γεῖσθαι
2462 1936 2695 2005 μέλλων,
2724 1938 2821 1991 καὶ
2840 1939 2995 1993 οὐδὲν
3023 1942 3189 2011 μέγα,
3214 1943 3509 1998 πεισθέντα
3528 1944 3815 2014 βαπτίσαι·

2226 2016 2459 2071 ἐνταῦθα
2483 2018 2539 2071 δέ
2570 2019 2738 2081 πολὺς
2769 2022 2797 2073 6
2823 2022 2985 2085 πόνος
3013 2023 3155 2077 ὥστε
3184 2028 3514 2093 μεταπεῖσαι
3556 2029 3820 2100 προαίρε-

2225 2114 2328 2164 σιν,
2357 2101 2452 2154 καὶ
2492 2102 2808 2172 μεταθεῖναι
2836 2104 3085 2189 γνώμην,
3118 2108 3212 2160 καὶ
3238 2108 3645 2179 άναμοχλεῦσαι
3677 2113 3817 2165 πλά-
3908 2142 3915 2189 ξ

2222 2200 2342 2266 νην,
2378 2184 2471 2237 καί⁵
2513 2187 2922 2256 καταφυτεῦσαι
2952 2188 3053 2260 τὴν
3100 2190 3380 2262 ἀλήθειαν.
3418 2192 3531 2266 [‘19]
3573 2194 3716 2247 Ἀλλ’
3749 2199 3814 2250 οὐ

2219 2263 2368 2333 λέγει
2392 2266 2562 2320 ταῦτα
2590 2268 2785 2336 οὕτως,
2814 2271 2939 2325 οὐδὲ
2967 2274 3367 2340 κατασκευάζει
3390 2263 3485 2329 καί
3508 2263 3699 2348 φησιν,
3730 2279 3815 2332 ὅτι

2218 2351 2407 2406 οὐδένα
2438 2353 2603 2408 πόνον
2633 2354 2747 2425 ἔχει
2774 2356 2837 2408 τὸ
2866 2356 3148 2427 βαπτίσαι,
3186 2358 3323 2412 ἀλλά
3354 2359 3417 2413 τὸ
3453 2360 3813 2430 εὐαγγελίσα-
3914 2351 3917 2415 ί

2219 2432 2365 2487 σθαι·
2402 2430 2511 2489 οἶδε
2541 2436 2651 2508 7&9
2680 2439 2769 2493 ἀεὶ
2810 2438 3147 2529 μετριάζειν·
3178 2441 3295 2529 ἀλλ’
3335 2442 3393 2495 ἐν
3426 2445 3491 2529 τῇ
3523 2444 3813 2529 συγκρίσει

2216 2517 2316 2589 τῆς
2346 2518 2549 2585 ἔξωθεν
2585 2522 2780 2591 σοφίας
2819 2522 3024 2595 σφόδρα
3054 2523 3429 2590 ἀποτείνεται,
3463 2526 3593 2581 ἔνθα
3635 2546 3811 2583 κατα-
3912 2526 3917 2595 λ

2216 2606 2577 2675 φορικωτέρῳ
2629 2605 2866 2676 ἠδύνατο
2910 2607 3226 2678 χρήσασθαι
3272 2609 3437 2681 λόγῳ.
3492 2612 3568 2666 Οὐ
3621 2614 3810 2667 τοίνυν

2213 2684 2627 2757 ἐναντιούμενος
2654 2688 2734 2759 τῷ
2781 2688 3055 2761 πέμποντι
3094 2691 3411 2757 ἐϐάπτιζεν·
3457 2694 3574 2747 ἀλλ’
3615 2694 3808 2765 ὥσπερ

2212 2766 2305 2820 ἐπὶ
2328 2766 2437 2820 τῶν
2460 2767 2666 2841 χηρῶν,
2693 2772 2957 2826 εἰπόντων
2982 2774 3093 2826 τῶν
3118 2775 3458 2842 ἀποστόλων,
3489 2780 3612 2832 Οὐκ
3632 2778 3811 2833 ἔστιν

2211 2850 2472 2919 ἀρεστὸν
2503 2857 2948 2922 καταλιπόντας
2973 2855 3133 2926 ἡμᾶς
3157 2857 3267 2913 τὸν
3294 2861 3484 2931 λόγον
3510 2861 3619 2916 τοῦ
3652 2865 3807 2919 Θεοῦ

2211 2931 2514 2988 διακονεῖν
2543 2936 2875 3005 τραπέζαις,
2910 2939 3292 3013 διηκονήσατο,
3323 2944 3424 2996 οὐκ
3451 2944 3806 3017 ἐναντιούμε-

2210 3032 2300 3079 νος
2326 3017 2579 3083 ἐκείνοις,
2612 3019 2727 3073 ἀλλ’
2754 3022 2819 3075 ἐκ
2847 3024 3167 3095 περιουσίας
3198 3025 3367 3081 ποιῶν
3388 3042 3400 3055 ·
3431 3026 3577 3082 οὕτω
3601 3029 3699 3083 καὶ
3719 3031 3804 3083 ἐν-

2207 3099 2406 3154 ταῦθα.
2467 3102 2622 3157 Ἐπεὶ
2664 3105 2759 3157 καὶ
2799 3105 2896 3159 νῦν
2942 3109 3057 3171 τοῖς
3106 3109 3209 3179 μὲν
3257 3109 3647 3183 ἀφελεστέροις
3692 3113 3802 3168 τῶν

2211 3184 2600 3255 πρεσϐυτέρων
2637 3187 2797 3242 τοῦτο
2825 3189 3206 3262 ἐγχειρίζομεν
3229 3232 3244 3257 ,
3272 3192 3364 3247 τὸν
3397 3194 3456 3248 δὲ
3482 3194 3798 3251 διδασκαλι-
3907 3228 3913 3262 ε

2208 3268 2303 3320 κὸν
2331 3268 2490 3336 λόγον
2530 3272 2644 3333 τοῖς
2688 3273 3047 3345 σοφωτέροις·
3077 3275 3198 3328 ἐκεῖ
3228 3276 3338 3349 γάρ
3375 3278 3525 3333 ἐστιν
3561 3281 3592 3333 6
3637 3279 3800 3345 πόνες

2207 3350 2302 3404 καὶ
2404 3349 2587 3420 ἱδρώς.
2634 3353 2728 3406 Διὸ
2765 3357 2861 3408 καὶ
2894 3356 3059 3421 αὐτός
3100 3374 3287 3427 φησιν·
3327 3361 3391 3413 οι
3422 3361 3631 3429 καλῶς
3655 3377 3795 3434 προσ

2204 3432 2461 3497 εστῶτες
2474 3436 2864 3506 πρεσϐύτεροι
2893 3438 3121 3509 διπλῆς
3140 3439 3319 3511 τιμῆς
3340 3432 3794 3513 ἀξιούσθωσαν,

2198 3514 2469 3599 μάλιστα
2501 3520 2556 3571 οί
2592 3519 2922 3589 κοπιῶντες
2963 3524 3035 3577 ἐν
3062 3526 3223 3594 λόγῳ
3268 3526 3369 3581 καί
3401 3526 3793 3599 διδασκαλία.

2206 3598 2419 3686 ῘὪσπερ
2446 3599 2555 3672 γὰρ
2587 3601 2648 3655 τὸ
2680 3602 2778 3674 μὲν
2806 3603 3016 3669 διδάξαι
3048 3606 3177 3670 τοὺς
3207 3608 3560 3676 παλαίοντας,
3598 3613 3793 3686 ἀνδρός

2202 3682 2320 3736 ἐστι
2348 3686 2595 3753 γενναίου
2628 3688 2725 3740 καὶ
2756 3687 3105 3760 παιδοτρίϐου
3135 3692 3324 3762 σοφοῦ,
3352 3694 3413 3747 τὸ
3439 3694 3497 3749 δὲ
3521 3682 3791 3754 ἐπιθεῖναι

2200 3766 2292 3820 τὸν
2328 3768 2593 3837 στέφανον
2634 3768 2715 3839 τῷ
2746 3771 3035 3842 νικήσαντι
3084 3774 3179 3827 καὶ
3216 3775 3313 3829 τοῦ
3366 3776 3441 3849 μὴ
3487 3778 3794 3851 δυναμένου

2200 3852 2453 3905 παλαίειν
2496 3853 2634 3915 ἐστὶ,
2677 3855 2854 3907 καίτοι
2903 3874 2963 3923 γε
3018 3859 3044 3910 ὀ
3100 3858 3361 3927 στέφανος
3410 3860 3792 3937 λαμπρότερον

2199 3936 2343 3987 ποιεῖ
2374 3934 2464 3987 τὸν
2493 3937 2814 4004 νικήσαντα·
2840 3937 2983 3992 οὕτω
3012 3941 3105 3995 καὶ
3136 3941 3229 3995 ἐπὶ
3256 3941 3349 3997 τοῦ
3383 3934 3786 4018 βαπτίσματος·

2199 4016 2461 4072 ἀδύνατον
2503 4018 2602 4088 μὲν
2646 4022 2756 4090 γάρ
2792 4021 2964 4093 χωρὶς
2996 4023 3162 4076 αὐτοῦ
3209 4024 3492 4095 σωθῆναι,
3536 4016 3689 4083 οὐδὲν
3732 4032 3785 4085 δὲ

2200 4099 2345 4188 μέγα
2363 4102 2391 4153 6
2418 4100 2699 4188 βαπτίζων
2726 4104 2891 4188 ποιεῖ,
2915 4104 3234 4176 προαίρεσιν
3257 4114 3785 4188 παρεσκευασμένην

2195 4182 2394 4240 λαϐών.
2427 4186 2550 4239 Οὐκ
2587 4184 2658 4239 ἐν
2704 4187 2895 4256 σοφίᾳ
2942 4190 3154 4258 λόγου,
3206 4190 3308 4245 ἵνα
3339 4191 3427 4262 μὴ
3476 4182 3715 4265 κενωθῇ
3742 4182 3787 4251 ”ὀ

2194 4267 2457 4337 σταυρὸς
2494 4268 2602 4351 τοῦ
2640 4269 2923 4336 Χριστοῦ.
2982 4271 3244 4327 Καθελὼν
3293 4273 3355 4329 τὸ
3407 4276 3637 4351 φύσημα
3676 4280 3787 4334 τῶν

2193 4350 2282 4406 διὰ
2311 4351 2373 4405 τὸ
2400 4349 2683 4422 βαπτίζειν
2702 4352 2846 4422 μέγα
2864 4354 3228 4424 φρονούντων,
3256 4349 3580 4429 μεθίσταται
3599 4363 3787 4419 λοιπίν

2196 4433 2335 4505 πρὸς
2378 4434 2507 4496 τοὺς
2548 4434 2641 4486 ἐπὶ
2681 4435 2844 4507 σοφία
2886 4438 2952 4507 τῇ
3000 4436 3202 4504 ἔξωθεν
3241 4444 3651 4512 κομπάζοντας,
3688 4450 3784 4501 καὶ
3898 4468 3899 4512 γ

2193 4517 2314 4602 κατ’
2359 4515 2546 4602 αὐτῶν
2592 4516 2875 4602 όπλίζεται
2910 4520 3291 4593 σφοδρότερον.
3333 4526 3479 4597 Πρὸς
3528 4529 3629 4599 μὲν
3671 4532 3783 4602 γάρ
3896 4546 3897 4561 η

2191 4599 2319 4663 τοὺς
2353 4599 2449 4653 ἐπὶ
2477 4598 2557 4670 τῷ
2590 4599 2873 4670 βαπτίζειν
2910 4606 3363 4677 πεφυσιωμένους
3403 4598 3622 4681 ἔλεγεν,
3657 4598 3782 4668 Ei;-

2192 4681 2476 4752 χαριστῶ,
2512 4683 2601 4737 ὅτι
2638 4684 2862 4740 οὐδένα
2902 4685 3228 4755 ἐϐάπτισα,
3266 4693 3360 4746 καὶ
3400 4695 3484 4749 ὅτι
3531 4698 3634 4752 οὐκ
3663 4699 3778 4752 ἀπ·

2192 4764 2400 4852 έστειλέ
2446 4783 2512 4837 με
2551 4768 2579 4819 ὁ
2617 4769 2850 4839 Χριστὸς
2890 4768 3211 4840 βαπτίζειν·
3247 4776 3340 4830 καὶ
3374 4777 3500 4834 οὔτε
3530 4781 3781 4852 σφοδρῶς

2192 4848 2313 4902 οὔτε
2348 4851 2865 4915 κατασκευαστικῶς
2887 4854 3152 4926 κέχρηται
3186 4857 3264 4929 τῷ
3296 4860 3460 4932 λόγῳ,
3486 4863 3603 4917 ἀλλ’
3631 4848 3779 4919 αἰνι-
3890 4870 3893 4932 j

2191 4933 2439 5017 ξάμενος
2461 4933 2527 4986 δι’
2561 4933 2756 5003 ὀλίγων
2782 4935 2923 5009 άπερ
2960 4937 3231 5007 ἐϐούλετο,
3265 4945 3623 5017 παρέδραμεν
3644 4965 3657 4978 ·
3690 4951 3778 5002 ἐν-

2190 5015 2365 5069 ταῦθα
2399 5016 2455 5103 δὲ
2489 5018 2555 5070 ἐκ
2583 5018 2897 5103 προοιμίων
2924 5020 3171 5093 χαλεπὴν
3204 5023 3387 5079 δίδωσι
3423 5015 3531 5099 τὴν
3558 5029 3781 5103 πληγὴν

2189 5099 2381 5168 λέγων·
2408 5100 2539 5155 Ἵνα
2563 5101 2648 5170 μὴ
2677 5101 2905 5170 κενωθῇ
2930 5106 2962 5156 ό
2983 5107 3248 5174 σταυρὸς
3266 5108 3371 5163 τοῦ
3396 5099 3691 5179 Χριστοῦ,
3710 5099 3779 5169 Ti

2188 5183 2367 5237 τοίνυν
2397 5184 2540 5251 μέγα
2569 5186 2805 5252 φρονεῖς,
2842 5185 2925 5253 ἐφ’
2952 5181 2997 5255 ᾧ
3028 5189 3467 5258 ἐγκαλύπτεσθαι
3496 5194 3525 5235 δ
3557 5196 3686 5261 ἔδεις
3713 5200 3775 5252 Εἰ
3888 5204 3889 5263 Ϊ

2188 5266 2296 5339 γάρ
2323 5267 2551 5336 πολεμεῖ
2565 5266 2640 5337 τῷ
2663 5268 2882 5339 σταυρῷ
2904 5271 2998 5323 καὶ
3023 5272 3259 5343 μάχεται
3276 5278 3390 5339 τοῖς
3413 5276 3773 5346 Εὐαγγελίοις

2189 5352 2220 5417 ἡ
2260 5349 2421 5417 σοφία
2450 5348 2612 5418 αὐτη,
2644 5351 2743 5403 οὐκ
2773 5351 2959 5421 αὐχεῖν
2992 5354 3079 5406 ἐπ’
3114 5356 3273 5427 αὐτῇ,
3302 5356 3436 5410 ἀλλὰ
3467 5362 3560 5413 καὶ
3599 5379 3772 5418 καταο

2187 5430 2408 5484 δύεσθαι
2441 5431 2538 5485 δεῖ.
2569 5431 2740 5485 Τοῦτο
2775 5433 2883 5506 7&9
2917 5437 3088 5488 αἴτιον
3121 5437 3214 5490 τοῦ
3253 5440 3328 5510 μὴ
3356 5442 3612 5509 γενέσθαι
3642 5447 3774 5511 τοὺς

2187 5515 2518 5577 ἀποστόλους
2551 5519 2783 5586 σοφοὺς,
2817 5521 2917 5573 οὐκ
2950 5519 3207 5591 ἀσθενείᾳ
3249 5522 3345 5575 τοῦ
3388 5526 3769 5598 χαρίσματος,
3884 5574 3885 5598 γ

2187 5597 2301 5682 ἀλλ’
2333 5598 2418 5651 ἵνα
2449 5598 2522 5682 μὴ
2548 5599 2716 5672 βλαϐῇ
2740 5601 2801 5652 τὸ
2828 5605 3107 5671 κήρυγμα.
3142 5604 3254 5657 Οὐκ
3274 5605 3381 5675 ἄρα
3404 5597 3604 5663 ἐκεῖνοι
3625 5607 3770 5682 ἦσαν

2188 5680 2237 5733 οἰ
2271 5680 2627 5746 συνιστῶντες
2651 5683 2742 5735 τὸν
2768 5683 2947 5750 λόγον,
2972 5683 3108 5738 ἀλλά
3133 5686 3228 5738 καὶ
3250 5680 3679 5762 λυμαινόμενοι·
3717 5697 3768 5751 οε
3882 5720 3883 5765 ς

2251 5894 2279 5936 b
2300 5895 2382 5945 Sic
2401 5895 2522 5957 Reg.
2550 5893 2678 5944 Edili
2718 5905 2836 5942 vero
2856 5892 3196 5956 καλύπτεσθαι,
3233 5899 3384 5951 maia.
