3954 6130
144 343 206 399 95
1188 328 1250 382 IN
1290 326 1507 383 EPIST.
1542 326 1557 380 |
1621 324 1713 381 AD

1835 322 1907 376 ill.
1952 322 2178 377 IIOMIL.
2222 323 2310 378 Ill.
3326 328 3396 384 36

159 452 405 512 nmndum
444 445 719 506 condidit?
748 460 871 499 num
924 442 1118 498 Paulus
1146 455 1239 496 vos
1289 455 1357 495 ex
1385 437 1567 493 nihilo
1587 451 1709 506 pro-

152 546 333 602 duxit?
362 542 458 599 sed
488 557 607 610 qua:
643 540 696 595 in
722 537 966 594 fidelibus
990 543 1143 591 erant
1169 534 1385 597 eximia,
1429 541 1484 586 et
1510 544 1713 600 magna:

148 634 512 708 providentiae.
539 646 599 688 ea
621 630 789 702 ponit,
814 643 1027 701 crucem
1058 636 1113 682 et
1132 625 1482 695 baptismum,
1500 631 1554 679 et
1574 621 1713 676 bona

150 727 268 782 inde
295 734 466 795 parta.
496 723 628 779 Nam
666 721 758 777 Dei
788 734 913 791 erga
940 717 1188 773 homines
1212 729 1450 770 amorem
1476 711 1714 767 ostendit

148 818 328 872 mundi
354 816 573 881 creatio,
601 813 836 869 maxime
873 826 1003 866 vero
1029 810 1119 864 illa
1150 824 1248 876 per
1271 819 1487 862 crucem
1516 801 1713 858 demis-

149 910 245 966 sio.
271 911 336 965 Et
360 924 461 962 non
482 906 639 973 dixit,
661 905 794 960 Num
819 903 1015 959 Paulus
1036 910 1281 957 mortuus
1304 908 1385 955 est
1408 911 1509 969 pro
1525 893 1716 949 vobis?

148 1000 259 1064 sed,
290 997 341 1051 Ν
346 1014 429 1051 um
455 995 652 1050 Paulus
671 993 943 1061 cruciﬁxus
964 1001 1037 1047 est
1057 993 1083 1047 ?
1107 990 1297 1047 mortis
1321 1001 1532 1059 quoque
1549 998 1717 1056 genus

148 1090 415 1145 indicans?
441 1099 487 1141 et
514 1089 567 1141 in
590 1087 790 1141 nomine
805 1084 963 1139 Pauli
984 1084 1227 1154 baptizati
1245 1083 1363 1137 estis
1377 1081 1403 1135 .’
1423 1078 1533 1135 Nec
1554 1077 1709 1142 dixit,

146 1183 274 1239 Num
294 1182 487 1237 Paulus
508 1195 604 1235 vos
631 1178 953 1250 baptizavit?
972 1177 1170 1231 multos
1195 1174 1336 1229 enim
1361 1172 1449 1228 ille
1475 1170 1716 1241 baptiza-

146 1273 221 1328 vit
249 1291 261 1326 :
286 1288 470 1327 verum
492 1271 546 1327 id
566 1286 670 1325 non
696 1269 1054 1340 quatrebatur,
1080 1281 1112 1321 a
1132 1280 1238 1336 quo
1254 1279 1445 1334 nempe
1465 1259 1717 1333 baptizati

144 1367 385 1428 fuissent,
410 1363 504 1420 sed
536 1362 591 1417 in
634 1361 788 1431 cujus
831 1359 1047 1415 nomine
1072 1355 1326 1427 baptizati
1351 1362 1553 1410 essent.
1582 1351 1717 1420 Quia

140 1456 284 1510 enim
311 1455 414 1510 hoc
457 1453 803 1508 schismatum
852 1464 1012 1505 causa
1049 1448 1243 1511 fuerat,
1273 1444 1417 1516 quod
1457 1459 1524 1529 ex
1542 1441 1717 1513 bapti-

143 1547 392 1602 zantibus
417 1558 613 1598 nomen
631 1543 957 1611 acciperent,
979 1539 1082 1595 hoc
1097 1539 1256 1594 etiam
1273 1534 1491 1606 corrigit
1510 1533 1717 1598 dicens,

139 1642 219 1692 An
249 1639 305 1691 iu
358 1637 561 1690 nomine
608 1632 759 1687 Pauli
788 1630 1023 1702 baptizati
1079 1630 1196 1684 estis
1222 1628 1246 1681 ἶ)
1274 1628 1340 1682 Et
1392 1642 1460 1681 ne
1486 1625 1716 1687 dixeris,

143 1730 341 1798 inquit,
370 1727 506 1795 Quis
550 1724 843 1796 baptizavit
868 1765 883 1788 ,
926 1722 1044 1787 sed,
1080 1720 1137 1775 In
1165 1721 1317 1788 cujus
1338 1718 1572 1772 nomine.
1602 1715 1722 1769 Non

144 1822 293 1877 enim
341 1821 603 1890 qureritur
632 1818 753 1888 quis
778 1814 1030 1886 baptizet,
1062 1813 1156 1869 sed
1183 1813 1301 1883 quis
1322 1812 1375 1866 in
1406 1810 1722 1880 baptismate

137 1921 364 1968 vocetur
393 1929 408 1966 :
440 1911 528 1967 hic
555 1910 699 1966 enim
741 1916 959 1978 peccata
983 1905 1223 1962 dimittit.
1274 1904 1370 1960 llic
1390 1902 1612 1975 gradum
1646 1900 1721 1957 si-

136 2007 252 2070 stit,
284 2020 384 2059 nec
409 2019 529 2075 qua:
556 2011 856 2074 sequuntur
882 2000 1243 2070 persequitur.
1266 1997 1380 2052 Non
1402 1997 1546 2053 enim
1564 1995 1714 2062 dicit,

134 2095 278 2150 Num
311 2094 503 2150 Paulus
520 2092 672 2149 vobis
695 2090 874 2147 futura
907 2090 1043 2145 bona
1062 2089 1309 2159 promisit
1329 2088 1353 2139 ’ἔ
1373 2103 1498 2143 num
1522 2087 1718 2142 Paulus

133 2187 299 2242 vobis
328 2185 573 2256 promisit
606 2198 830 2255 regnum
856 2182 1155 2238 caelorum?
1179 2182 1285 2237 Cur
1304 2196 1433 2252 ergo
1464 2181 1579 2237 ham
1608 2196 1715 2236 non

133 2277 368 2347 adjicit?
388 2276 520 2342 Quia
568 2290 677 2331 non
705 2289 802 2346 par
837 2289 931 2330 res
956 2282 1040 2329 est
1066 2288 1286 2343 regnum
1323 2271 1636 2343 promittere
1666 2282 1722 2326 et

133 2369 401 2439 crucifigi.
432 2365 565 2423 Illud
585 2367 729 2424 enim
750 2382 851 2424 nec
872 2365 1161 2437 periculum
1185 2362 1433 2431 habebat,
1467 2379 1565 2419 nec
1594 2362 1725 2419 affe-

136 2463 298 2518 rebat
323 2459 710 2530 ignominiam:
741 2458 843 2514 hoc
878 2473 1007 2514 vero
1048 2457 1164 2513 lucc
1216 2456 1417 2511 omnia.
1471 2454 1720 2524 Alioquin

135 2561 325 2607 autem
373 2550 442 2605 ab
472 2550 556 2605 his
587 2549 678 2604 illa
718 2548 931 2618 probat.
963 2548 1100 2603 Cum
1131 2546 1354 2602 dixisset
1401 2547 1544 2601 enim
1571 2586 1586 2610 ,
1622 2544 1724 2611 Qui

135 2642 355 2714 proprio
387 2639 526 2693 Filio
557 2655 650 2694 suc
685 2655 784 2693 non
822 2640 1061 2709 pepercit,
1089 2637 1294 2707 adjicit,
1330 2636 1594 2704 Quomodo
1621 2652 1723 2690 non

136 2734 300 2786 etiam
324 2746 446 2784 cum
473 2730 565 2784 illo
603 2729 773 2783 omnia
798 2728 940 2783 nobis
963 2726 1170 2783 donabit
1199 2728 1372 2796 (Rom.
1397 2729 1450 2782 8.
1483 2726 1619 2799 32)?
1669 2736 1724 2782 et

134 2837 383 2883 rursum,
414 2819 474 2875 Si
501 2819 633 2874 enim
660 2819 854 2873 inimici
877 2835 990 2872 cum
1018 2835 1257 2883 essemus,
1284 2816 1594 2871 reconciliati
1631 2833 1721 2870 su—

134 2931 255 2970 mus
281 2911 391 2967 Deo
420 2929 509 2981 per
537 2920 746 2965 mortem
769 2909 894 2965 Filii
923 2911 1053 2981 ejus,
1091 2910 1247 2962 multo
1287 2909 1447 2979 magis
1492 2906 1720 2960 reconci-

138 3002 255 3057 liati
293 3002 600 3056 salvabimur
649 2999 787 3074 (Id.
834 3001 888 3056 5.
946 2999 1075 3070 10).
1126 2998 1251 3055 Ideo
1297 3013 1403 3053 non
1454 2997 1541 3052 illa
1594 2996 1722 3052 sub-

139 3093 348 3163 junxit,
380 3101 437 3148 et
460 3091 601 3164 quod
626 3093 715 3148 illa
735 3090 951 3163 quidem
975 3090 1212 3146 nondum
1236 3090 1513 3154 haberent,
1534 3088 1722 3143 horum

135 3195 325 3240 autem
361 3184 473 3255 jam
502 3184 890 3255 experientiam
929 3184 1295 3253 accepissent;
1352 3193 1408 3237 et
1450 3181 1589 3252 quod
1630 3181 1723 3236 illa

134 3276 362 3345 quidem
397 3275 450 3329 in
481 3275 929 3345 promissionibus
955 3316 972 3342 ,
1000 3273 1115 3330 haec
1164 3289 1297 3329 vero
1318 3274 1428 3343 jam
1477 3276 1614 3328 facta
1636 3288 1724 3328 es-

134 3376 284 3422 sent.
320 3365 408 3420 14.
441 3365 644 3420 Gratias
670 3384 768 3437 ago
791 3366 900 3421 Deo
920 3383 1030 3421 meo
1053 3408 1066 3432 ,
1095 3368 1212 3438 quia
1239 3367 1485 3420 neminem
1509 3374 1726 3420 uestrum

137 3458 429 3529 baptizavi,
467 3459 563 3510 nisi
582 3456 822 3526 Crispum
841 3467 888 3513 et
915 3457 1121 3512 Gaium.
1166 3457 1277 3512 Cur
1306 3457 1472 3511 altum
1499 3456 1688 3525 sapitis
1706 3497 1721 3521 ,

136 3549 289 3619 quod
325 3547 641 3617 haptizetis,
692 3548 905 3617 quando
930 3564 1030 3620 ego
1057 3548 1258 3619 gratias
1298 3563 1421 3618 ago,
1458 3545 1599 3617 quod
1627 3545 1730 3600 hoc

140 3656 251 3694 non
287 3639 548 3694 fecerim?
574 3639 707 3694 Cum
730 3637 844 3695 haec
859 3649 1030 3694 autem
1058 3639 1206 3703 dicit,
1230 3638 1442 3693 illorum
1467 3646 1729 3692 tumorem

134 3731 441 3801 prudenter
467 3731 606 3787 tollit
628 3748 643 3793 ;
674 3745 780 3786 non
803 3730 907 3785 vim
940 3730 1296 3799 baptismatis,
1325 3728 1489 3791 absit,
1514 3726 1609 3781 sed
1632 3742 1726 3778 ar-

134 3821 450 3892 rogantiam
481 3836 691 3885 eorum,
724 3820 816 3890 qui
843 3820 911 3875 de
936 3820 1062 3875 dato
1090 3819 1410 3890 baptismate
1434 3817 1733 3888 gloriaban-

149 3922 277 3978 tur;
310 3913 485 3981 primo
508 3911 805 3967 ostendens
826 3927 933 3966 non
955 3911 1193 3980 ipsorum
1228 3925 1349 3965 esse
1369 3909 1567 3964 donum
1594 3924 1609 3973 ;
1641 3925 1729 3961 se-

135 4004 326 4059 cundo
348 4003 551 4074 gratias
581 4019 746 4073 agens
772 4003 885 4059 Deo
916 4018 978 4059 ea
1008 4002 1077 4057 de
1106 4016 1287 4056 causa.
1320 4000 1451 4054 Nam
1480 4015 1729 4070 magnum

136 4095 366 4164 quidem
396 4104 483 4149 est
506 4094 789 4164 baptisma,
813 4094 908 4149 sed
936 4110 1042 4149 non
1065 4093 1215 4148 illum
1256 4109 1504 4164 magnum
1534 4093 1655 4147 facit
1688 4091 1732 4145 is

146 4187 240 4254 qui
266 4187 533 4256 baptizat,
554 4187 651 4241 sed
674 4188 762 4258 qui
788 4187 844 4242 in
871 4187 1192 4258 baptismate
1223 4186 1522 4240 invocatur.
1550 4186 1731 4255 Bapti-

144 4295 273 4333 zare
304 4278 453 4333 enim
482 4278 614 4333 nihil
645 4290 749 4346 est,
776 4278 920 4350 quod
946 4280 1016 4334 ad
1044 4278 1341 4333 humanum
1371 4276 1562 4331 attinet
1588 4277 1735 4330 labo-

143 4386 267 4425 rem
297 4388 313 4437 ;
339 4372 438 4427 sed
466 4373 635 4427 multo
657 4373 835 4428 minus
854 4381 959 4438 est,
986 4388 1146 4443 quam
1173 4371 1562 4443 evangelizarc.
1605 4370 1734 4424 Nam

144 4480 350 4535 magna
372 4465 586 4533 quidem
623 4481 711 4521 res
740 4475 824 4521 est
850 4465 1135 4535 baptisma,
1178 4466 1366 4519 iterum
1393 4464 1531 4526 dico,
1555 4463 1739 4517 etsine

144 4556 481 4626 baptismate
506 4572 614 4611 non
642 4572 928 4626 possumus
952 4572 1174 4628 regnum
1204 4556 1455 4625 consequi
1487 4573 1499 4607 :
1528 4556 1619 4609 sed
1646 4570 1739 4624 po-

144 4659 260 4703 test
286 4647 394 4702 hoc
416 4645 594 4700 facere
618 4646 696 4701 vir
718 4663 824 4701 non
852 4646 1139 4701 admodum
1159 4647 1473 4716 prmclarus;
1506 4659 1738 4714 cvange-

146 4739 325 4792 Iizare
357 4745 537 4791 autem
568 4738 720 4792 multi
750 4737 950 4792 laboris
975 4747 1079 4792 est.

228 4831 281 4883 '5.
310 4829 544 4884 Causam
577 4844 706 4884 vero
755 4827 885 4882 dicit
911 4842 1007 4881 cur
1044 4827 1241 4897 gratias
1270 4836 1410 4896 agat,
1443 4824 1582 4896 quod
1629 4824 1741 4879 nul-

145 4917 269 4971 lum
291 4918 656 4988 baptizaverit.
680 4920 932 4986 Quaenam
961 4918 1051 4971 illa
1080 4917 1200 4971 est?
1223 4917 1309 4973 l5.
1341 4916 1423 4971 Ne
1450 4917 1559 4987 quis
1584 4917 1737 4982 dicat,

146 5009 350 5077 inquit,
374 5008 581 5078 quodin
602 5010 800 5063 nomine
826 5027 934 5065 meo
962 5008 1207 5079 baptizati
1236 5008 1373 5062 estis.
1404 5007 1540 5075 Quid
1570 5009 1744 5062 vero?

154 5097 234 5152 de
256 5099 436 5153 illisue
471 5100 573 5154 hoc
600 5099 885 5155 dicebant?
913 5100 1134 5156 Minime
1169 5115 1182 5152 :
1210 5099 1305 5154 sed
1338 5100 1519 5164 timeo,
1548 5099 1742 5169 inquit,

149 5204 234 5244 ne
262 5206 327 5245 eo
355 5189 582 5245 morbus
606 5192 881 5247 deveniat.
911 5192 1044 5246 Nam
1075 5193 1121 5248 si
1157 5207 1279 5247 cum
1309 5190 1442 5245 viles
1468 5199 1521 5244 et
1548 5192 1745 5246 nullius

156 5280 324 5350 pretii
350 5281 600 5336 homines
623 5281 960 5351 baptizarent
981 5323 995 5347 ,
1026 5283 1246 5339 haeresis
1274 5292 1397 5338 nata
1422 5293 1540 5348 est;
1574 5284 1615 5336 si
1643 5298 1741 5351 ego

155 5370 262 5438 qui
288 5370 614 5440 baptismum
641 5372 957 5426 annuntiavi
985 5373 1185 5429 multos
1215 5375 1572 5443 baptizassem
1599 5414 1615 5440 ,
1645 5387 1747 5428 ve—

154 5460 389 5516 risimile
411 5470 529 5517 erat
548 5476 647 5517 eos
671 5463 760 5532 qui
785 5471 1172 5528 convenerant,
1200 5479 1313 5519 non
1343 5467 1503 5520 modo
1529 5465 1747 5520 nomine

153 5565 290 5605 meo
313 5552 590 5609 vocandas
612 5550 750 5620 fore,
779 5554 872 5609 sed
901 5556 1064 5610 etiam
1094 5552 1354 5621 baptisma
1375 5556 1505 5610 mihi
1545 5554 1746 5609 adscrio

159 5651 360 5713 plures
398 5644 589 5703 fuisse.
632 5645 694 5701 Si
721 5646 863 5701 enim
892 5662 924 5700 a
968 5643 1208 5701 minimis
1233 5652 1432 5698 tantum
1454 5656 1630 5700 ortum
1658 5654 1741 5699 est

160 5736 392 5807 malum,
416 5738 561 5797 forte
585 5739 749 5810 longe
772 5741 981 5810 gravius
1013 5755 1044 5795 a
1071 5737 1366 5812 majoribus
1390 5741 1745 5809 provenisset.

1824 433 1957 488 Cum
2006 435 2163 506 igitur
2198 451 2293 492 eos
2318 437 2407 508 qui
2439 437 2677 508 corrupti
2713 447 2867 494 erant
2913 439 3016 495 hoc
3039 440 3199 496 modo
3223 440 3397 497 increr

1821 533 2001 594 posset
2021 566 2036 591 ,
2058 542 2121 580 ac
2145 524 2388 594 dixisset,
2421 527 2507 584 l6.
2549 527 2819 600 Baptisavi
2842 537 3011 585 autem
3036 540 3084 585 et
3114 530 3400 602 Stephants

1820 614 2058 682 domum;
2105 617 2316 671 illorum
2360 617 2552 673 fastum
2604 636 2791 676 rursus
2840 621 3135 692 deprimit,
3186 623 3395 687 dicens,

1819 704 2064 760 Caeterum
2091 708 2259 762 nescio
2301 724 2368 762 au
2394 708 2614 780 aliquem
2641 711 2802 765 alium
2832 713 3212 784 baptizaverim.
3261 713 3398 768 Hinc

1820 801 1960 855 enim
1990 800 2226 856 ostendit
2254 816 2361 856 non
2389 818 2535 858 cura:
2562 803 2635 859 illi
2668 803 2831 860 fuisse
2853 804 2955 860 hoc
2982 804 3088 860 frui
3110 805 3249 875 apud
3279 805 3401 860 vul-

1818 906 1917 961 gus
1947 890 2151 947 honore
2170 932 2185 956 ,
2240 907 2340 948 nec
2368 893 2559 962 gloriae
2588 909 2748 950 causa
2797 895 2864 950 ad
2892 894 2994 951 hoc
3022 897 3257 952 venisse.
3283 895 3400 952 Non

1822 982 1907 1038 his
1937 992 2141 1038 tantum
2164 1024 2180 1051 ,
2213 984 2309 1041 sed
2336 985 2569 1041 etiamin
2598 987 3178 1057 sequentibusillorum
3208 988 3403 1044 fastum

1821 1074 2116 1145 deprimit,
2164 1075 2385 1133 dicens:
2417 1079 2504 1134 l7.
2539 1077 2662 1133 Non
2712 1081 2845 1134 enint
2891 1079 3026 1135 misit
3070 1078 3404 1135 meCltristus

1823 1167 2102 1236 baptizare,
2136 1158 2228 1222 εέά
2272 1169 2644 1241 euangelizare.
2672 1168 2809 1225 Nam
2851 1170 2955 1227 hoc
2983 1181 3038 1227 et
3082 1171 3406 1228 laboriosius

1823 1266 1939 1311 erat
1956 1297 1973 1325 ,
2000 1257 2197 1314 sudore
2222 1259 2392 1315 multo
2417 1275 2553 1331 opus
2593 1259 2823 1317 habebat
2869 1260 3154 1332 ferreoque
3180 1261 3364 1316 animo
3386 1301 3404 1326 ,

1823 1347 2109 1417 omniaque
2157 1349 2506 1405 continebat:
2552 1350 2777 1422 ideoque
2847 1351 3012 1407 Paulo
3056 1351 3403 1407 commissum

1825 1434 1941 1489 fuit.
1973 1436 2040 1491 Et
2068 1453 2163 1492 cur
2191 1438 2257 1492 ad
2289 1438 2662 1509 baptizandum
2690 1456 2796 1496 non
2824 1442 3041 1509 missus,
3066 1442 3407 1512 baptizabat?

1825 1528 1939 1583 Non
1980 1545 2220 1600 pugnans
2246 1531 2510 1588 adversus
2554 1548 2675 1588 eum
2705 1533 2797 1604 qui
2826 1548 2887 1589 se
2917 1535 3171 1599 miserat,
3215 1533 3309 1590 sed
3337 1548 3406 1589 ex

1824 1621 2115 1677 abundanti
2145 1623 2248 1678 hoc
2276 1623 2524 1680 faciebat.
2556 1625 2673 1681 Non
2707 1625 2850 1681 enim
2893 1626 3046 1693 dixit,
3079 1626 3405 1699 prohibitum

1828 1713 1959 1769 mihi
1992 1714 2114 1779 fuit,
2144 1715 2262 1780 sed,
2294 1716 2410 1771 Non
2443 1733 2560 1772 sum
2587 1716 2783 1773 missus
2809 1718 2875 1774 ad
2906 1718 3029 1784 hoc,
3059 1718 3154 1774 sed
3191 1717 3257 1773 ad
3290 1734 3406 1774 rem

1826 1805 2065 1860 maxime
2095 1808 2477 1861 necessariam.
2535 1806 2667 1862 Nam
2716 1808 3088 1879 evangelizare
3116 1808 3276 1864 unius
3315 1819 3409 1863 aut

1825 1896 2052 1952 duorum
2090 1907 2237 1963 erat;
2270 1896 2544 1969 baptizare
2591 1908 2772 1955 autem
2828 1900 3117 1971 cujuslibet
3141 1910 3225 1956 est
3253 1942 3270 1968 ,
3310 1900 3403 1971 qui

1829 1986 2086 2057 praeditus
2125 1987 2197 2042 sit
2223 1988 2547 2044 sacerdotio.
2579 1989 2861 2046 llomiuem
2890 2006 3122 2062 namque
3150 1991 3409 2047 catechu-

1831 2094 2046 2134 menum
2076 2088 2133 2134 et
2171 2093 2485 2150 persuasum
2536 2081 2811 2152 baptizare
2847 2081 3135 2153 cujuslibet
3154 2090 3239 2138 est
3266 2100 3280 2138 :
3312 2096 3405 2137 vo-

1828 2170 2002 2225 luntas
2035 2169 2183 2225 enim
2235 2169 2542 2229 aceedentis
2562 2172 2820 2245 deinceps
2860 2181 3030 2230 totum
3055 2173 3254 2241 efﬁcit,
3282 2189 3405 2230 cum

1830 2261 1924 2317 Dei
1955 2264 2145 2333 gratia.
2173 2263 2305 2318 Cum
2326 2272 2505 2321 autem
2526 2263 2771 2321 inﬁdeles
2808 2273 2934 2321 sunt
2961 2265 3030 2321 ad
3054 2263 3211 2320 fidem
3255 2265 3410 2320 insti-

1829 2353 2031 2417 tuendi,
2057 2354 2226 2409 multo
2248 2369 2382 2425 opus
2410 2363 2494 2410 est
2512 2354 2717 2421 labore,
2745 2356 2912 2412 multa
2941 2355 3204 2428 sapientia
3243 2374 3258 2411 :
3287 2365 3414 2413 tunc

1828 2455 2006 2501 autem
2030 2445 2191 2501 etiam
2214 2446 2552 2502 subeundum
2579 2455 2694 2503 erat
2715 2446 3037 2518 periculum.
3061 2447 3119 2503 In
3139 2447 3416 2519 baptizan-

1828 2535 1899 2593 do
1925 2536 2068 2590 enim
2091 2545 2258 2591 totum
2290 2535 2485 2591 factum
2517 2545 2619 2603 est,
2649 2546 2706 2593 et
2737 2552 3025 2609 persuasus
3061 2545 3145 2594 est
3164 2538 3211 2593 is
3234 2538 3325 2610 qui
3359 2538 3415 2595 in

1834 2628 2146 2698 mysterium
2196 2638 2278 2684 est
2333 2628 2732 2697 admittendus;
2776 2629 3015 2701 nihilque
3043 2646 3292 2702 magnum
3328 2640 3417 2688 est

1832 2736 2143 2790 persuasum
2176 2722 2483 2791 baptizare:
2516 2720 2603 2777 hic
2654 2737 2784 2776 vero
2812 2723 3011 2777 multus
3033 2722 3204 2788 labor,
3236 2732 3294 2777 ut
3316 2736 3415 2776 vo-

1832 2813 2008 2869 luntas
2045 2825 2093 2869 et
2127 2816 2458 2885 propositum
2496 2823 2761 2883 mutetur,
2793 2831 2945 2872 error
2972 2817 3329 2883 convellatur,
3360 2827 3420 2874 ct

1829 2907 2032 2962 veritas
2061 2907 2350 2963 inseratur.
2397 2906 2599 2963 Verum
2629 2907 2747 2964 haec
2772 2907 2864 2963 ille
2894 2923 3006 2963 non
3033 2908 3104 2963 ita
3131 2909 3283 2974 dicit,
3320 2924 3415 2965 ne-

1835 3014 1938 3065 que
1964 2998 2277 3068 probatione
2298 2997 2479 3063 utitur,
2513 3014 2613 3053 nec
2633 2996 2781 3064 dicit,
2811 2998 3014 3054 nullum
3029 3014 3151 3056 esse
3176 2998 3414 3055 laborem

1833 3088 2121 3159 baptizare,
2154 3088 2248 3144 sed
2275 3089 2646 3160 evangelizare
2675 3104 2833 3146 secus
2863 3106 2877 3144 :
2910 3089 3015 3147 scit
3037 3092 3182 3146 enim
3203 3106 3417 3162 semper

1830 3180 2045 3235 modum
2075 3190 2296 3236 tenere:
2324 3180 2419 3236 sed
2464 3180 2517 3234 in
2568 3181 2973 3251 comparatione
3021 3195 3144 3237 cum
3193 3190 3414 3238 externa

1831 3272 2092 3342 sapientia
2127 3271 2279 3327 valde
2316 3271 2613 3336 contendit,
2657 3272 2747 3329 ubi
2772 3271 3177 3330 vehementiore
3203 3275 3281 3329 uti
3319 3289 3418 3345 po-

1833 3366 1932 3420 tuit
1962 3368 2227 3420 oratione.
2255 3365 2370 3420 Non
2418 3380 2550 3437 ergo
2573 3374 2759 3421 contra
2792 3366 3002 3436 jnssum
3029 3367 3293 3423 mittentis
3316 3367 3414 3421 ba-

1834 3456 2069 3526 ptizabat
2097 3472 2110 3519 ;
2142 3455 2235 3510 sed
2262 3457 2401 3512 sicut
2425 3471 2548 3509 cum
2577 3454 2646 3510 de
2671 3454 2847 3509 viduis
2870 3455 3137 3511 dixissent
3163 3456 3414 3525 apostoli;

1838 3546 1956 3600 Non
1977 3547 2179 3616 expedit
2227 3548 2369 3601 nobis
2394 3548 2572 3600 relicto
2611 3546 2760 3600 uerbo
2788 3545 2887 3599 Dei
2913 3547 3203 3601 ministrare
3223 3549 3420 3602 mensis.

1834 3642 1973 3709 (Act.
1997 3640 2052 3694 6.
2082 3639 2163 3710 2),
2196 3639 2284 3693 ille
2327 3638 2652 3693 ministravit
2696 3653 2802 3693 non
2832 3637 2940 3693 illis
2968 3652 3292 3709 repugnans,
3319 3638 3425 3695 sed;

1835 3748 1898 3786 ex
1951 3729 2275 3786 abundantia
2324 3729 2549 3785 fervoris
2580 3729 2635 3785 id
2686 3728 2813 3787 fecit
2833 3747 2848 3785 :
2872 3730 2940 3785 ita
2966 3738 3020 3787 et
3050 3728 3139 3786 hic
3164 3746 3404 3804 quoque.

1838 3823 1989 3878 Nunc
2010 3822 2152 3878 enim
2185 3821 2606 3893 simplicioribus
2633 3821 2962 3893 presbyteris
2989 3820 3093 3879 hoc
3122 3823 3416 3879 committi-

1837 3934 1976 3986 mus,
2009 3926 2062 3972 et
2088 3916 2346 3971 doctrinm
2379 3917 2603 3972 verbum
2630 3917 3051 3988 sapientioribus
3080 3934 3094 3971 :
3126 3916 3240 3972 illic
3267 3916 3411 3972 enim

1836 4008 1986 4062 labor
2024 4017 2078 4063 et
2111 4006 2274 4062 sudor
2299 4015 2401 4062 est.
2433 4006 2771 4078 Quapmpter
2793 4007 2983 4076 etipse
3016 4006 3093 4061 ait
3124 4006 3261 4074 :Qui
3290 4016 3422 4061 recte

1839 4108 2062 4168 praesunt
2100 4098 2402 4170 presbyteri,
2428 4098 2621 4169 duplici
2649 4099 2839 4153 honore
2865 4100 3171 4170 dignentur;
3198 4098 3421 4154 maxime

1837 4199 2005 4243 mitem
2035 4189 2121 4259 qui
2150 4189 2381 4243 laborant
2409 4190 2464 4243 in
2512 4190 2658 4244 verbo
2686 4200 2734 4244 et
2779 4189 3045 4262 doctrina(
3076 4192 3126 4246 l.
3178 4189 3310 4244 Tim.
3358 4190 3414 4245 5.

1842 4281 1950 4350 l7).
1981 4280 2445 4348 Quemadmodum
2499 4282 2641 4334 enim
2672 4280 2869 4336 docere
2895 4296 2990 4335 eos
3016 4321 3031 4345 ,
3083 4281 3176 4349 qui
3218 4279 3419 4335 ludicra

1841 4374 2136 4427 certamina
2169 4370 2388 4434 adeunt,
2409 4371 2509 4424 viri
2537 4372 2744 4426 strenui
2767 4381 2851 4426 est
2870 4382 2926 4426 et
2954 4371 3212 4441 sapientis
3237 4369 3418 4442 pzedo-

1845 4463 2032 4527 trime;
2064 4476 2319 4516 coronam
2346 4468 2526 4515 autem
2556 4462 2746 4515 victori
2774 4462 3083 4532 imponere,
3111 4462 3228 4533 ejus
3252 4462 3427 4518 etiam

1844 4555 2037 4624 estqui
2068 4563 2275 4610 certare
2326 4555 2546 4624 nequit,
2580 4553 2684 4609 etsi
2714 4569 2913 4609 corona
2942 4556 3201 4611 victorem
3238 4555 3419 4611 reddit

1846 4646 2263 4717 splendidiorem
2291 4665 2305 4701 :
2339 4648 2416 4701 sic
2459 4646 2528 4701 de
2580 4645 2846 4715 baptismo
2878 4646 3207 4703 dicendum:
3239 4646 3431 4704 nullus

1846 4737 1990 4791 enim
2020 4743 2196 4807 potest
2224 4737 2342 4792 sine
2368 4737 2458 4793 illo
2499 4738 2728 4793 salutem
2756 4738 3052 4809 consequi;
3083 4736 3216 4794 nihil
3243 4746 3427 4796 tamen.

1849 4843 2096 4898 magnum
2124 4827 2248 4883 facit
2269 4828 2314 4882 is
2343 4829 2434 4897 qui
2463 4830 2718 4899 baptizat,
2751 4845 2874 4886 cum
2905 4830 3194 4887 voluntatis
3215 4846 3415 4902 propo-

1850 4918 2007 4971 situm
2040 4927 2277 4988 paratum
2311 4918 2531 4973 invenit.
2557 4919 2678 4974 Non
2707 4922 2759 4974 in
2780 4921 3028 4993 sapientia
3048 4921 3202 4988 verbi,
3234 4932 3290 4977 ut
3322 4939 3431 4978 non

1852 5019 2117 5065 evacuetur
2144 5026 2271 5063 crux
2298 5007 2505 5064 Christi.
2535 5009 2667 5065 Cmn
2699 5012 3065 5083 depressisset
3094 5015 3305 5069 illorum
3336 5023 3424 5070 tu-

1855 5116 2076 5164 morem,
2092 5101 2180 5171 qui
2206 5100 2347 5171 quod
2374 5101 2706 5170 baptizarent
2730 5104 2895 5158 altum
2913 5105 3219 5174 sapiehant;
3245 5116 3392 5163 trans
3407 5137 3426 5147 -

1854 5195 1892 5248 it
1936 5202 2117 5263 postea
2158 5191 2224 5246 ad
2252 5192 2401 5257 illos,
2454 5193 2542 5260 qui
2572 5193 2640 5248 de
2682 5203 2900 5249 externa
2943 5197 3202 5266 sapientia
3230 5200 3428 5269 gloria-

1858 5286 2066 5348 bantur,
2098 5294 2153 5337 et
2178 5283 2438 5339 adversus
2465 5283 2585 5339 illos
2616 5284 2990 5343 vehementius
3020 5299 3280 5345 armatur.
3314 5291 3427 5347 Ad-

1858 5390 2042 5430 versus
2069 5375 2190 5429 illos
2219 5377 2385 5439 enim,
2419 5376 2513 5446 qui
2541 5377 2683 5447 quod
2727 5379 3062 5449 haptizarent
3088 5382 3430 5450 inﬂabantur,

1860 5466 2090 5533 dicebat,
2122 5466 2326 5522 Gratias
2356 5484 2470 5538 ago,
2516 5469 2663 5540 quod
2694 5473 2889 5525 nullum
2934 5466 3324 5543 baptidiwerim,
3378 5483 3433 5528 et

1860 5558 1998 5628 quod
2023 5558 2263 5613 Christus
2288 5575 2374 5614 me
2399 5560 2463 5615 ad
2509 5561 2881 5632 baptizandum
2923 5580 3027 5617 non
3064 5564 3299 5627 miserit;
3328 5579 3430 5618 nec

1862 5648 2269 5705 vehementibus
2296 5666 2423 5706 usus
2451 5662 2534 5707 est
2559 5654 2911 5723 argumentis,
2943 5654 3043 5709 sed
3072 5669 3190 5723 qua:
3221 5650 3432 5706 volebat

1869 5743 2047 5812 paucis
2074 5742 2434 5812 subindicans,
2465 5747 2826 5815 praetercurrit
2854 5763 2866 5798 :
2897 5746 2981 5799 hic
3021 5754 3196 5799 autem
3224 5758 3251 5797 a
3283 5742 3429 5813 priu-
