3954 6130
498 282 563 336 9.7

503 399 650 468 cipio
668 409 893 468 gravem
925 393 1113 464 infligit
1144 392 1349 464 plagam
1376 390 1582 456 dicens,
1608 398 1662 442 ut
1688 404 1788 442 non
1814 395 2078 442 evacuatur

502 506 631 543 crux
656 487 862 543 Christi.
889 485 996 542 Cnr
1020 499 1148 555 ergo
1171 484 1336 538 altum
1364 483 1510 552 sapis
1535 482 1603 537 de
1632 481 1720 548 iis,
1748 479 1819 535 ob
1845 493 1964 549 qua:
1986 492 2084 548 pu-

502 581 634 634 dore
664 577 894 634 sufl‘nndi
924 576 1242 648 oporteret?
1266 575 1320 630 Si
1355 575 1496 630 enim
1528 574 1643 627 lucc
1670 570 1933 641 sapientia
1959 584 2080 624 cum

503 687 662 726 cruce
694 679 888 740 pugnat
950 679 1004 724 et
1036 683 1157 723 cum
1188 667 1496 737 Evangeliis
1516 672 1813 729 concertat,
1837 678 1942 721 non
1969 661 2082 731 gloo

506 756 629 816 riari
671 763 736 817 de
768 763 874 827 illa,
925 760 1022 816 sed
1053 760 1257 829 pudore
1299 758 1443 812 afﬁci
1485 764 1718 826 oportet.
1772 755 1896 810 Hrec
1940 753 2082 808 enim

505 868 662 907 causa
691 853 805 915 fuit,
839 867 938 906 cur
961 851 1185 920 apostoli
1214 865 1318 904 non
1347 849 1616 917 sapientes
1644 846 1755 901 sive
1784 842 2085 913 philosophi

506 945 722 1009 fuerint,
755 959 860 999 non
903 959 966 999 ex
999 943 1339 998 eliarismatis
1368 939 1754 1003 imbecillitate,
1785 935 1879 993 sed
1914 944 1973 990 ut
2019 950 2087 989 ne

506 1035 814 1106 prmdieatio
867 1034 1173 1090 lmderetur.
1205 1032 1320 1087 Non
1352 1046 1481 1102 ergo
1534 1030 1605 1085 illi
1630 1029 1858 1084 verbum
1899 1026 2087 1083 confir-

506 1128 747 1192 mabant,
779 1125 873 1181 sed
901 1123 1290 1180 labefactabant
1312 1124 1329 1189 ;‘
1354 1132 1409 1177 at
1435 1122 1613 1177 idiota:
1644 1135 1776 1182 vere
1796 1117 2086 1175 confirma-

509 1220 657 1275 bant.
688 1217 801 1273 Hoc
829 1217 1066 1272 retundit
1098 1217 1311 1283 fastum,
1342 1216 1443 1271 hoc
1465 1224 1728 1270 tumorem
1757 1211 2084 1284 comprimit,

509 1311 614 1366 hoc
648 1309 892 1364 modeste
921 1324 1079 1380 agere
1107 1308 1319 1363 suadet.
1372 1308 1441 1362 At
1493 1307 1537 1362 si
1587 1323 1691 1361 non
1725 1307 1777 1359 in
1823 1303 2086 1375 sapientia

508 1401 681 1469 verbi,
706 1401 936 1470 inquies,
971 1415 1068 1455 cur
1097 1400 1291 1468 Apollo
1319 1399 1489 1454 virum
1537 1399 1751 1453 doctum
1780 1394 2088 1452 miserunt?

508 1490 625 1546 Non
654 1491 704 1545 vi
732 1490 989 1545 orationis
1014 1489 1363 1557 confidentes,
1395 1489 1490 1544 sed
1512 1488 1633 1559 quia
1660 1498 1851 1558 potens
1881 1495 1995 1543 erat
2033 1485 2086 1541 in

509 1584 822 1655 Scriptnris,
855 1592 909 1638 et
932 1583 1238 1639 confutabat
1270 1582 1506 1638 Iudaeos.
1536 1582 1785 1652 Alioquin
1832 1591 2007 1635 autem
2035 1578 2089 1633 id

510 1676 652 1747 quod
701 1677 1040 1748 quaerebatur
1067 1684 1225 1743 erat,
1265 1685 1322 1729 nt
1365 1674 1454 1745 qui
1505 1675 1704 1743 primas
1756 1670 2006 1727 tenebant
2034 1677 2090 1725 et

508 1769 731 1824 verbum
763 1782 942 1823 serere
970 1775 1268 1837 creperum,
1299 1781 1403 1819 non
1429 1772 1609 1819 essent
1629 1762 1792 1818 docti.
1813 1761 1876 1817 Hi
1899 1775 2087 1830 magna

511 1860 707 1914 virtute
735 1871 872 1928 Opus
900 1857 1187 1923 habebant,
1210 1863 1318 1910 uta
1352 1854 1610 1926 principio
1635 1867 1872 1909 errorem
1905 1850 2090 1919 depel-

510 1950 703 2016 lerent,
736 1959 789 2005 et
831 1959 954 2005 tunc
1005 1949 1057 2003 in
1087 1948 1207 2019 ipso
1257 1949 1501 2019 ingressu
1543 1959 1736 2016 magna
1780 1941 2090 1999 fortitudine

508 2057 641 2112 Opus
670 2051 804 2097 erat.

581 2136 635 2189 4.
682 2134 780 2202 Qui
826 2149 953 2204 ergo
995 2135 1216 2189 eruditis
1252 2134 1319 2189 ab
1349 2134 1500 2189 initio
1527 2148 1662 2201 Opus
1687 2147 1794 2188 non
1826 2129 2011 2185 habuit
2036 2136 2094 2182 nt

511 2240 750 2281 errorem
781 2225 1110 2294 depelleret,
1141 2225 1185 2280 si
1226 2235 1407 2295 postea
1437 2223 1677 2280 eruditos
1701 2223 1953 2288 admisit,
1986 2236 2090 2276 non

512 2316 663 2385 quasi
713 2316 818 2370 illis
855 2316 1100 2386 indigens
1141 2318 1241 2370 hoc
1280 2316 1420 2382 fecit,
1449 2314 1545 2371 sed
1573 2313 1719 2384 quasi
1753 2328 1857 2368 non
1887 2312 2092 2368 discer-

516 2422 671 2473 neu".
718 2406 867 2461 Sicut
892 2407 1034 2462 enim
1066 2407 1394 2477 sapientibus
1436 2405 1739 2475 huiusmodi
1773 2419 1876 2458 non
1906 2404 2094 2475 egebat

515 2499 581 2554 ad
615 2499 665 2553 id
692 2498 835 2569 quod
864 2499 1073 2554 volebat
1115 2498 1495 2570 perficiendum
1526 2516 1541 2552 :
1585 2497 1655 2551 ita
1685 2497 1728 2551 si
1762 2506 1943 2566 postea
1974 2496 2094 2552 illos

515 2592 799 2655 inveniret,
819 2607 922 2646 non
951 2591 1245 2663 rejiciebat.
1274 2591 1353 2646 Tu
1380 2606 1511 2646 vero
1536 2591 1663 2645 mihi
1691 2589 1819 2644 illud
1845 2590 2091 2656 ostende,
2114 2583 2127 2590 ’

515 2699 581 2737 an
613 2683 801 2738 Petrus
829 2692 883 2740 et
905 2683 1098 2739 Paulus
1127 2682 1318 2738 eruditi
1350 2691 1550 2738 essent.
1574 2681 1676 2738 Sed
1707 2697 1813 2735 non
1846 2681 2045 2751 poteris
2078 2697 2090 2734 :

516 2787 670 2832 erant
699 2777 838 2832 enim
873 2777 1047 2831 idiota:
1075 2789 1128 2832 et
1159 2776 1411 2830 illiterati.
1455 2774 1909 2841 Quemadmodum
1939 2773 2096 2841 igitur

517 2868 765 2923 Christus
794 2867 1006 2939 quando
1033 2867 1324 2937 discipulos
1351 2866 1495 2920 misit
1521 2866 1572 2919 in
1604 2866 1785 2920 urbem
1806 2906 1819 2928 ,
1837 2878 1967 2918 cum
1994 2876 2094 2933 po-

520 2962 740 3015 tentiam
771 2976 920 3015 suam
953 2962 1181 3031 primum
1213 2961 1263 3015 in
1296 2959 1573 3015 Palaestina
1602 2957 1925 3013 ostendisset
1954 2955 2058 3009 illis
2078 2994 2094 3019 ,

521 3058 577 3106 et
613 3052 837 3107 dixisset
869 3070 880 3106 :
914 3051 1131 3118 Quando
1169 3051 1283 3106 misi
1320 3066 1404 3105 vos
1436 3050 1545 3104 sine
1572 3064 1808 3103 crumena
1832 3055 1877 3102 et
1904 3063 2024 3117 pera
2051 3054 2098 3099 et

519 3145 721 3210 calceis,
755 3145 998 3217 numquid
1031 3144 1166 3199 vobis
1207 3143 1402 3215 aliquid
1447 3142 1608 3211 defuit
1636 3141 1803 3212 (Luc.
1831 3139 1920 3195 22.
1952 3140 2100 3210 '55)?

522 3244 647 3290 tunc
680 3236 917 3304 permisit
943 3247 998 3291 ut
1025 3234 1275 3304 deinceps
1302 3243 1359 3291 et
1389 3249 1567 3304 peram
1596 3241 1650 3288 et
1675 3248 1983 3288 crumenam
2007 3232 2102 3287 ha-

526 3326 716 3380 berent
747 3342 759 3376 :
795 3333 862 3378 ita
895 3325 979 3380 hic
1009 3340 1221 3396 quoque
1248 3324 1394 3380 fecit.
1437 3322 1567 3377 Nam
1598 3321 1648 3377 id
1669 3364 1684 3390 ,
1717 3321 1858 3392 quod
1887 3337 2097 3392 quer-

528 3417 703 3483 batur,
735 3424 850 3471 crat
888 3424 944 3469 ut
983 3415 1175 3473 Christi
1208 3415 1439 3486 potentia
1471 3413 1877 3471 ostenderetur:
1911 3428 2015 3466 non
2046 3421 2104 3466 ut

528 3517 746 3578 propter
774 3516 1046 3562 externam
1071 3507 1381 3577 sapientiam
1411 3521 1440 3559 a
1472 3505 1575 3560 fide
1605 3504 1925 3575 ejicerentur
1951 3504 1985 3557 ii
2012 3503 2101 3574 qui

518 3598 853 3654 accederent.
900 3596 1031 3652 Cum
1076 3613 1203 3667 ergo
1245 3596 1415 3652 Graeci
1458 3594 1748 3665 discipulos
1776 3593 2105 3650 accusabunt

519 3702 579 3747 ut
607 3692 817 3758 idiotas,
850 3707 968 3755 nos,
1000 3691 1119 3759 plus
1146 3706 1302 3760 quam
1331 3690 1429 3755 illi,
1459 3703 1772 3744 accusemus
1798 3687 1963 3757 ipsos.
1993 3685 2103 3740 Nec

521 3782 642 3850 quis
671 3780 813 3834 dicat
841 3780 1060 3833 Paulum
1091 3778 1407 3848 sapientem,
1436 3778 1489 3833 id
1518 3788 1621 3845 est,
1652 3777 1867 3832 doctum
1899 3777 2100 3839 fuisse;

524 3869 619 3925 sed
650 3883 763 3931 eos,
796 3869 886 3939 qni
911 3867 1050 3938 apud
1080 3868 1198 3921 illos
1224 3867 1293 3921 oh
1319 3866 1632 3935 sapientiam
1659 3874 1715 3921 et
1742 3866 2101 3935 eloquentiam

527 3959 770 4014 celebres
794 3967 939 4025 sunt,
968 3957 1289 4013 extollentes
1310 3997 1325 4023 ,
1357 3956 1477 4011 illos
1504 3969 1693 4010 omnes
1717 3955 1807 4026 qui
1834 3955 1973 4025 apud
2006 3970 2103 4008 nos

530 4050 700 4114 fuere,
730 4048 894 4104 rudes
920 4046 1083 4104 fuisse
1108 4047 1366 4102 dicamus.
1395 4044 1513 4101 Non
1539 4060 1725 4116 parum
1756 4034 1897 4100 e'nim
1923 4043 1977 4098 in
2011 4045 2109 4097 hac

528 4156 742 4211 quoque
787 4147 935 4211 parte
975 4139 1093 4193 illos
1119 4136 1431 4209 dejiciemus
1461 4153 1473 4189 :
1506 4136 1585 4189 sic
1611 4135 1808 4206 quippe
1833 4133 2106 4205 splendida

528 4235 636 4290 erit
662 4233 904 4289 victoria.

600 4323 892 4395 Disputatio
918 4325 1053 4377 circa
1075 4322 1297 4377 Paulum
1318 4329 1362 4377 et
1391 4320 1678 4376 Platonem.
1696 4350 1764 4359 —
1788 4319 1912 4375 llazc
1931 4326 2108 4373 autem

528 4417 659 4479 dixi,
702 4417 824 4486 quia
869 4414 1230 4471 Christianum
1276 4415 1577 4486 quempiam
1618 4413 1902 4484 aliquando
1932 4412 2110 4467 audivi

531 4518 718 4563 contra
748 4508 991 4562 Graecum
1020 4507 1241 4561 ridicule
1266 4506 1623 4576 disputantem
1655 4526 1669 4560 :
1699 4505 1856 4559 ambo
1884 4519 2113 4573 namque

537 4601 589 4653 in
630 4599 988 4667 disputatione
1019 4612 1130 4651 rem
1161 4613 1311 4652 suam
1343 4596 1690 4650 confutabant
1716 4606 1771 4651 et
1800 4596 2110 4666 pessumda-

539 4695 684 4745 hant.
729 4689 861 4743 Nam
892 4704 1010 4758 qua:
1037 4687 1398 4742 Christianum
1428 4687 1607 4742 dicere
1634 4687 1993 4756 oportuisset,
2026 4688 2114 4741 illa

536 4783 748 4838 dicebat
766 4781 1018 4843 Graccus;
1053 4789 1108 4833 et
1129 4794 1248 4848 qua:
1267 4777 1508 4833 Grmcum
1531 4778 1711 4833 dicere
1733 4793 1827 4846 par
1846 4787 1979 4844 erat,
2003 4779 2118 4834 hate

536 4872 873 4927 Christianus
900 4868 1221 4940 opponebat.
1250 4867 1379 4922 Nam
1403 4885 1523 4923 cum
1544 4868 1610 4923 de
1637 4869 1802 4923 Paulo
1829 4880 1882 4922 et
1907 4868 1973 4923 de
2001 4869 2119 4923 l’la—

540 4978 665 5021 tone
691 4962 915 5034 qumstio
944 4970 1120 5026 esset,
1150 4959 1368 5015 Grazcus
1393 4960 1483 5016 ille
1510 4961 1795 5016 ostendere
1825 4962 2119 5017 cenabatur

543 5060 762 5114 Paulum
793 5056 1065 5112 indoctum
1095 5065 1149 5112 et
1176 5054 1362 5109 rudem
1391 5054 1553 5111 fuisse
1579 5073 1592 5109 :
1633 5054 1966 5110 Christianus
1992 5071 2120 5111 vero

542 5166 612 5208 ex
639 5151 976 5220 simplicitate
1006 5149 1231 5220 probare
1256 5148 1632 5212 contendebat,
1665 5148 1887 5202 Platone
1912 5148 2121 5203 doctio-

545 5260 657 5299 rem
683 5253 739 5298 et
760 5244 1092 5298 disertiorem
1124 5241 1288 5299 fuisse
1315 5242 1558 5297 Paulum.
1605 5241 1679 5296 Ita
1715 5255 1877 5310 porro
1903 5241 2123 5297 Graecus

544 5336 715 5391 vietor
743 5334 945 5395 fuisset,
974 5334 1018 5388 si
1052 5334 1165 5388 hate
1190 5334 1403 5388 vicisset
1425 5332 1734 5403 propositio.
1767 5330 1895 5386 Nam
1923 5331 1969 5386 si
2003 5332 2124 5385 Pla-

542 5437 668 5483 tone
693 5426 911 5525 doctiog
925 5437 978 5480 et
1003 5426 1337 5496 eloquentior
1360 5426 1455 5480 fuit
1485 5425 1679 5479 Paulus
1702 5466 1719 5491 ,
1748 5424 1920 5489 multi,
1947 5433 2005 5479 nt
2030 5439 2122 5479 ve-

543 5519 766 5574 risimile
791 5515 909 5587 cst,‘
919 5527 1210 5588 opponent,
1238 5516 1387 5570 illum
1413 5532 1517 5569 non
1542 5516 1733 5585 gratia,
1753 5515 1845 5571 sed
1867 5515 2128 5585 eloquen-

543 5616 615 5666 tia
660 5625 959 5681 superasse.
1004 5609 1185 5679 Itaque
1226 5609 1303 5662 sic
1349 5608 1570 5677 loquens
1616 5606 1977 5674 Christianus,
2026 5622 2125 5677 pro

548 5701 738 5759 Graeco
778 5701 950 5756 stabat
996 5718 1009 5750 :
1057 5699 1196 5771 quod
1244 5708 1418 5755 autem
1463 5699 1681 5753 Gemens
1730 5699 1975 5768 dicebat,
2028 5715 2124 5770 pro

1354 274 1627 331 JOANNIS
1663 268 2129 329 CllRYSOSTONlI
2171 268 2487 325 ARCHIEP.
2527 270 3055 328 CONSTANTINOP.

3705 271 3784 329 23

2193 382 2492 439 Christiano
2519 384 2763 442 faciebat.
2806 386 2939 442 Nam
2965 389 3043 452 si,
3076 396 3134 441 nt
3156 386 3395 443 dicebam
3420 426 3435 455 ,
3473 388 3782 447 ineruditus

2189 483 2306 529 erat
2357 474 2589 542 Paulus,
2622 485 2676 530 et
2726 486 2903 533 tamen
2951 477 3228 533 Platonem
3278 477 3440 543 vicit,
3488 478 3779 550 splendida

2191 565 2288 620 fuit
2312 566 2533 622 victoria
2563 586 2577 622 :
2610 567 2855 624 indoctus
2878 569 3075 640 quippe
3100 570 3190 625 ille
3212 610 3229 637 ,
3256 585 3446 626 omnes
3475 571 3779 642 discipulos

2188 658 2304 727 ejus
2358 659 2595 726 adortus,
2645 677 2925 731 persuasos
2972 677 3152 718 secum
3203 663 3444 719 abduxit.
3481 663 3635 721 Unde
3676 680 3780 735 pa.-
3856 712 3865 731 ί

2190 750 2293 804 lam
2346 759 2429 806 est
2478 766 2582 806 non
2632 751 2685 806 in
2743 752 3001 823 sapientia
3046 752 3279 809 humana
3331 754 3775 823 przedicationem

2191 842 2534 912 praevaluisse
2553 881 2570 908 ,
2599 842 2691 898 sed
2714 858 2810 912 per
2834 841 2926 898 Dei
2944 843 3191 914 gratiam.
3219 843 3294 899 Ne
3320 842 3482 914 igitur
3505 844 3559 899 in
3581 846 3774 902 eadem

2190 935 2511 999 incidamus,
2542 952 2674 992 neve
2704 935 3043 1005 irrideamur,
3074 952 3197 990 eum
3225 946 3411 992 contra
3442 937 3661 993 Grareos
3693 939 3778 994 sic

2192 1029 2542 1100 disputamus,
2568 1031 2840 1099 apostolos
2866 1041 3131 1100 tamquam
3153 1031 3398 1088 indoctos
3425 1046 3772 1088 accusemus:

2196 1120 2317 1177 talis
2345 1121 2489 1177 enim
2516 1119 2787 1177 accusatio
2814 1122 3116 1178 encomium
3149 1131 3251 1177 est.
3294 1123 3360 1177 Et
3386 1137 3507 1178 eum
3534 1122 3778 1178 dixerint

2193 1212 2293 1278 illi,
2333 1222 2568 1284 agrestes
2613 1208 2775 1269 fuisse
2820 1215 3089 1283 apostolos
3113 1255 3127 1277 ,
3170 1228 3268 1269 nos
3306 1213 3565 1270 addamus
3606 1214 3776 1271 etiam

2193 1303 2359 1360 fuisse
2388 1303 2654 1371 indoctos,
2686 1305 2989 1373 illiteratos,
3015 1322 3275 1376 pauperes
3295 1350 3311 1374 ,
3339 1308 3473 1363 viles
3502 1315 3559 1363 et
3580 1307 3777 1363 obscu-

2193 1411 2304 1452 ros.
2331 1394 2446 1452 Non
2476 1406 2602 1452 sunt
2623 1392 2737 1453 haec
2766 1399 3047 1454 maledicta
3078 1398 3332 1469 apostolis
3360 1400 3504 1455 illata
3526 1441 3544 1466 ,
3578 1400 3674 1457 sed
3704 1399 3776 1456 ad

2192 1488 2403 1544 illorum
2445 1490 2668 1561 gloriam
2709 1491 2871 1557 cedit,
2909 1492 3050 1562 quod
3098 1493 3230 1549 tales
3270 1508 3392 1549 cum
3430 1501 3630 1558 essent.
3659 1501 3778 1551 toto

2193 1579 2324 1635 orbe
2377 1591 2635 1637 terrarum
2685 1581 2883 1637 fuerint
2924 1584 3199 1640 clariores.
3253 1584 3318 1639 Hi
3358 1582 3500 1640 enim
3546 1582 3775 1655 idiotas,

2192 1677 2450 1741 agrestes,
2482 1670 2704 1736 indocti,
2736 1673 3010 1742 sapientes
3034 1673 3178 1742 illos,
3203 1682 3468 1744 potentes,
3493 1684 3772 1746 tyrannos,

2193 1761 2281 1828 qui
2307 1760 2528 1827 divitiis,
2556 1762 2724 1833 gloria
2754 1773 2808 1819 et
2832 1764 3067 1819 externis
3093 1766 3302 1833 cmteris
3330 1766 3491 1822 rebus
3516 1765 3776 1823 frueban-

2196 1859 2282 1904 tur
2301 1861 2355 1905 et
2377 1851 2762 1921 gloriabantur,
2785 1854 2937 1925 quasi
2958 1871 3056 1911 nec
3077 1856 3177 1911 viri
3199 1865 3380 1913 essent
3403 1857 3776 1928 profligarunt.

2194 1938 2347 1995 Unde
2387 1940 2561 2010 palam
2600 1953 2680 1997 est
2715 1959 2959 2014 magnam
2998 1960 3118 2002 esse
3159 1947 3336 2003 erucis
3377 1948 3687 2017 potentiam,
3721 1958 3781 2004 et

2195 2032 2311 2085 haec
2346 2046 2453 2086 non
2493 2031 2723 2089 humana
2752 2035 2803 2089 vi
2848 2035 2987 2091 facta
3025 2051 3164 2092 esse.
3206 2035 3323 2092 Non
3351 2037 3493 2093 enim
3525 2037 3779 2095 humanae

2196 2128 2401 2175 natura:
2437 2133 2560 2177 sunt
2599 2124 2708 2189 illa,
2748 2124 2844 2180 sed
2882 2139 3043 2196 supra
3085 2136 3331 2182 naturam
3381 2136 3584 2197 patrata
3625 2138 3775 2184 sunt.

2195 2213 2328 2268 Cum
2352 2222 2527 2270 autem
2550 2231 2708 2286 supra
2730 2228 2972 2273 naturam
2992 2228 3046 2274 et
3065 2219 3351 2276 admodum
3373 2222 3509 2276 ultra
3530 2230 3780 2277 naturam

2197 2305 2438 2376 quatdam
2486 2306 2786 2363 efficiuntur
2813 2326 2934 2366 cum
2964 2311 3161 2367 decoro
3195 2321 3250 2368 et
3290 2312 3556 2379 utilitate;
3601 2313 3779 2384 palam

2197 2403 2282 2452 est
2307 2395 2394 2452 illa
2418 2413 2484 2453 ex
2509 2398 2689 2455 divina
2731 2400 2958 2471 quadam
2990 2403 3184 2458 virtute
3210 2414 3265 2459 et
3298 2405 3610 2473 operatione
3639 2405 3780 2462 facta

2198 2504 2336 2546 esse.
2365 2488 2745 2547 Animadverte
2771 2503 2947 2549 autem
2975 2511 2988 2546 :
3018 2493 3272 2564 piscator,
3303 2496 3656 2552 tentoriorum
3684 2513 3781 2553 ar-

2198 2581 2349 2648 tifex,
2375 2583 2708 2653 publicanus,
2731 2585 3030 2656 imperitus,
3060 2587 3366 2653 illiteratus,
3395 2604 3461 2644 ex
3494 2589 3781 2646 Palrestina

2199 2674 2418 2744 regione
2449 2674 2734 2745 longinqua
2755 2676 3050 2742 venientes,
3072 2677 3427 2748 philosophis,
3449 2680 3779 2747 oratoribus,

2180 2763 2411 2819 .dieendi
2460 2765 2666 2834 peritis,
2712 2781 2779 2822 ex
2823 2768 2990 2836 patria
3029 2768 3267 2838 expulsis
3313 2769 3587 2840 omnibus,
3632 2771 3784 2828 brevi

2202 2854 2458 2924 temporis
2482 2856 2657 2926 spatio
2684 2857 2804 2912 illos
2830 2858 3094 2926 vicerunt,
3127 2875 3246 2914 cum
3278 2860 3534 2930 periculis
3562 2863 3741 2917 multis
3763 2904 3781 2928 ,

2204 2947 2412 3017 populis
2432 2957 2485 3003 et
2506 2949 2718 3019 regibus
2740 2949 2885 3021 ipsos
2905 2953 3357 3023 oppugnantibus,
3376 2952 3491 3023 ipsa
3516 2964 3784 3026 pugnante

2204 3047 2387 3092 natura
2413 3056 2427 3104 ;
2472 3041 2728 3110 temporis
2753 3041 3085 3112 antiquitate,
3115 3043 3408 3099 obsistente
3435 3044 3598 3099 etiam
3626 3046 3783 3116 longa

2202 3129 2607 3198 consuetudine,
2649 3133 2869 3188 armatis
2915 3133 3266 3201 daemonibus,
3308 3134 3522 3190 diabolo
3571 3137 3626 3190 in
3670 3137 3787 3192 acie

2203 3230 2376 3277 stante
2404 3231 2459 3277 et
2485 3224 2662 3277 omnia
2694 3232 2961 3292 movente,
2994 3240 3164 3295 reges,
3194 3226 3485 3296 principes,
3514 3227 3743 3297 populos
3763 3268 3783 3296 ,

2202 3322 2409 3384 gentes,
2437 3314 2596 3369 urbes
2619 3355 2636 3381 ,
2666 3315 2920 3370 barbaros
2944 3356 2960 3383 ,
2991 3316 3228 3386 Graecos,
3257 3318 3628 3388 philosophos,
3660 3333 3785 3375 ora-

2208 3416 2370 3471 tores,
2402 3403 2686 3476 sophistas,
2713 3407 3024 3477 scriptores,
3054 3408 3222 3478 leges,
3249 3408 3552 3474 tribunalia,
3583 3410 3785 3480 suppli-

2205 3497 2284 3552 cia
2313 3497 2481 3563 varia,
2526 3507 2728 3553 mortes
2772 3500 3077 3554 innumeras
3121 3509 3176 3556 et
3219 3500 3481 3556 diversas.
3535 3504 3783 3557 Attamen

2208 3590 2321 3644 lucc
2351 3590 2524 3645 omnia
2556 3590 2624 3644 ita
2657 3592 2869 3662 repulsa
2896 3600 3021 3646 sunt
3041 3600 3096 3647 et
3118 3602 3419 3656 cesserunt,
3450 3592 3787 3662 loquentibus

2209 3681 2558 3749 piscatoribus
2581 3723 2597 3748 ,
2632 3682 2852 3750 perinde
2875 3692 2933 3737 ut
2961 3683 3132 3738 tennis
3159 3684 3349 3753 pulvis,
3379 3684 3469 3755 qui
3497 3685 3788 3741 vehemen-

2209 3772 2340 3827 tium
2369 3782 2646 3828 ventorum
2671 3775 2926 3843 impetum
2956 3773 3097 3830 ferre
3124 3777 3324 3847 nequit.
3357 3777 3637 3834 Discamus
3659 3794 3788 3849 ergo

2209 3866 2285 3918 sic
2309 3879 2428 3918 cum
2460 3863 2662 3919 Grmcis
2687 3865 2977 3933 disputare,
3012 3877 3069 3921 ut
3095 3883 3161 3923 ne
3185 3869 3354 3924 simus
3386 3877 3656 3941 tamquam
3690 3872 3781 3926 be—

2212 3956 2328 4011 stite
2369 3964 2424 4010 et
2466 3971 2689 4027 pecora;
2722 3958 2816 4014 sed
2844 3960 3011 4029 parati
3038 3976 3250 4032 semper
3278 3963 3343 4017 ad
3374 3979 3526 4033 spem
3549 3975 3785 4020 nostram

2215 4044 2485 4100 tuendam.
2517 4047 2584 4102 Et
2612 4048 2824 4103 interim
2856 4049 2958 4105 hoc
2980 4061 3138 4122 caput
3159 4053 3494 4117 meditemur,
3516 4055 3659 4125 quod
3686 4072 3787 4110 non

2214 4152 2432 4206 parvum
2458 4146 2560 4202 est,
2589 4138 2803 4210 illisque
2827 4139 3068 4196 dicamus
3098 4159 3111 4194 :
3145 4142 3420 4198 Undenam
3452 4143 3650 4199 infirmi
3680 4144 3787 4199 for-

2214 4236 2294 4283 tes
2320 4229 2437 4284 illos
2465 4231 2723 4299 vicerunt,
2754 4232 3033 4288 duodecim
3063 4234 3368 4289 universum
3394 4236 3622 4291 orbem?
3653 4238 3790 4305 iique

2216 4336 2321 4376 non
2365 4320 2552 4376 iisdem
2583 4331 2792 4379 utentes
2817 4324 3003 4391 annis,
3034 4324 3129 4380 sed
3171 4326 3297 4381 nudi
3340 4336 3526 4382 contra
3559 4338 3791 4383 armatos

2217 4414 2545 4483 pugnantes?

2286 4507 2340 4562 5.
2391 4507 2749 4575 Apostolorum
2790 4510 2997 4565 victoria
3040 4510 3323 4578 mirabilis;
3365 4512 3596 4582 exemplo
3636 4510 3793 4582 magis

2217 4615 2369 4668 quant
2399 4598 2721 4668 pltilosOplu'a
2747 4603 3147 4671 prwdicandum.
3170 4634 3241 4642 —
3265 4603 3358 4658 Dic
3386 4604 3552 4668 enim,
3578 4606 3623 4658 si
3654 4603 3791 4658 duo-

2219 4690 2388 4744 decim
2413 4691 2509 4745 viri
2539 4693 2613 4746 rei
2646 4694 2886 4750 militaris
2909 4695 3140 4763 imperiti
3171 4695 3222 4749 in
3253 4703 3511 4749 armatam
3540 4703 3797 4765 pugnato-

2220 4797 2335 4860 rum
2360 4783 2819 4840 innumerabilium
2843 4787 3010 4841 aciem
3036 4787 3412 4856 irrumpentes,
3438 4802 3542 4841 non
3568 4787 3799 4841 inermes

2224 4885 2446 4943 tantum,
2476 4876 2569 4931 sed
2598 4878 2757 4932 etiam
2786 4894 3009 4948 corpore
3033 4879 3251 4946 infirmi,
3275 4880 3343 4935 ab
3370 4880 3475 4934 illis
3501 4880 3634 4935 nihil
3660 4880 3798 4932 male

2227 4976 2555 5036 paterentur,
2582 4986 2754 5039 neque
2780 4970 3255 5028 innumerabilibus
3281 4973 3400 5027 telis
3432 4972 3658 5042 impetiti
3679 4986 3802 5025 san—

2224 5057 2530 5125 ciarentur;
2573 5059 2832 5115 habentes
2859 5069 3034 5115 autem
3065 5062 3167 5116 tela
3195 5062 3352 5117 infixa
3382 5062 3594 5131 corpori
3626 5060 3798 5123 nudo,

2226 5166 2412 5207 omnes
2443 5161 2886 5222 prosternerent,
2917 5169 3022 5209 non
3050 5158 3212 5210 armis
3237 5163 3445 5210 utentes
3468 5195 3485 5221 ,
3516 5155 3610 5210 sed
3645 5168 3802 5208 manu

2228 5240 2511 5307 ferientes;
2544 5242 2738 5297 deinde
2762 5243 2898 5298 alios
2927 5245 3252 5310 occiderent,
3282 5244 3417 5299 alios
3442 5245 3685 5314 captivos
3712 5243 3806 5298 ab-

2229 5333 2505 5397 ducerent,
2534 5333 2692 5388 nullis
2718 5335 2951 5404 acceptis
2978 5336 3287 5391 vulneribus
3315 5353 3329 5389 :
3359 5352 3426 5389 an
3456 5335 3579 5405 quis
3603 5335 3808 5390 diceret

2230 5441 2343 5480 rem
2377 5425 2535 5480 talem
2560 5434 2761 5495 gestam
2784 5426 3067 5487 humanam
3089 5428 3246 5482 esse?
3272 5427 3429 5498 Atqui
3455 5427 3807 5496 apostolicum

2233 5525 2492 5585 tropaeum
2515 5518 2671 5586 longe
2702 5517 2792 5573 illo
2818 5518 3110 5573 mirabilius
3141 5526 3242 5572 est.
3274 5518 3455 5586 Longe
3477 5520 3619 5572 enim
3649 5518 3812 5571 mira-

2233 5605 2389 5661 bilius
2409 5614 2670 5677 estquam
2700 5608 2895 5663 nudum
2924 5622 3029 5660 non
3057 5607 3345 5673 vulnerari,
3369 5606 3510 5677 quod
3533 5606 3813 5676 imperitus

2238 5710 2293 5754 et
2327 5699 2602 5756 illiteratus
2632 5710 2788 5775 atque
2829 5699 3056 5769 piscator
3099 5707 3294 5753 tantam
3337 5707 3559 5771 superet
3597 5696 3813 5755 dicendi
