3954 6130
207 265 277 321 27
916 322 921 331 .
1256 277 1323 333 IN
1366 276 1584 334 EPIST.
1628 277 1650 333 Ι
1685 276 1778 333 AD
1816 277 1974 337 COR.
2016 280 2256 339 HOMIL.
2298 283 2389 338 Ill.
2692 324 2699 327 -
3406 285 3475 341 28

205 387 262 441 δὲ
290 386 501 441 ἰδιῶται
529 389 581 442 οἰ
609 388 969 459 βεϐαιοῦντες.
1009 392 1181 448 Τοῦτο
1225 389 1339 448 οἶδε
1363 396 1594 452 κολάσαι
1623 409 1652 439 ι
1686 395 1783 449 τῦ-

202 486 326 538 φον,
380 470 547 526 τοῦτο
572 474 945 529 ’καταστεῖλαι
1004 476 1345 548 φλεγμονὴν,
1382 478 1559 549 τοῦτο.
1598 480 1784 533 πεῖσαι

196 552 550 625 μετριάζειν.
581 558 690 610 Καὶ
719 560 768 611 εἰ
800 560 901 612 οὐκ
931 561 990 613 ἐν
1020 561 1184 631 σοφίᾳ
1210 561 1393 630 λόγου,
1423 563 1570 627 τίνος
1596 563 1784 617 ἕνεκεν

202 637 299 693 ,τὸν
352 639 597 693 Ἀπολλὼ
632 641 809 709 λόγιον
841 642 970 697 ὄντα
1004 644 1276 716 ἔπεμψαν,
1330 645 1465 713 φησί
1509 646 1572 712 b;
1608 646 1684 701 Οὐ
1720 648 1787 717 τῇ

100 724 114 749 ³
204 720 320 772 ,τῶν
355 720 529 790 λόγων
558 723 783 795 δυνάμει
814 724 1164 797 Θαρροῦντες,
1195 726 1313 780 ἀλλ’
1342 728 1428 781 ὅτι
1458 728 1684 791 δυνατὸς
1722 723 1811 799 ἦν.

210 806 272 857 ἐν
303 807 424 869 ταῖς
449 806 489 858 Γ
490 809 713 877 ραφαῖς,
736 807 831 861 καὶ
854 809 1053 879 ήλεγχε
1080 812 1208 873 τοὺς
1248 810 1553 874 Ἰουδαίους.
1580 810 1791 874 ’Δλλως

206 888 269 941 δὲ
296 889 357 943 τὸ
379 889 713 961 ζητούμενον
737 887 828 962 ἦν,
856 892 918 945 :6
939 894 1067 957 τοὺς
1094 895 1483 965 πρωτοστάτας
1505 895 1598 947 καὶ
1621 893 1793 965 ἀρξα-

206 970 407 1041 μένους
437 974 682 1044 σπείρειν
722 975 815 1027 τὸν
848 974 1008 1045 λόγον
1054 977 1130 1047 μὴ
1175 973 1315 1030 εἶναι
1359 976 1595 1045 λογίους.
1630 970 1792 1030 υῦτοι

206 1053 319 1123 γὰρ
356 1050 498 1126 ἦσαν
536 1057 587 1109 οἰ
628 1056 835 1127 πολλῆς
863 1057 1109 1130 δεόμενοι
1149 1058 1453 1130 δυνάμεως,
1507 1058 1651 1113 ὥστε
1684 1059 1791 1111 άπ-

209 1136 455 1192 ώσασθαι
487 1140 587 1211 τὴν
619 1140 829 1211 πλάνην
862 1141 929 1194 ἐκ
956 1141 1281 1213 προοιμίων,
1317 1142 1413 1196 καὶ
1436 1141 1562 1196 τότε
1585 1140 1791 1212 πολλῆς

208 1219 320 1275 ἔδει
346 1221 445 1292 τῆς
473 1220 654 1293 ἰσχύος
684 1225 765 1289 εἰς
796 1223 967 1296 αὐτὴν
993 1222 1092 1295 τὴν
1118 1222 1347 1280 εἴσοδον.

281 1388 344 1445 δ’.
389 1388 449 1440 '0
492 1387 672 1442 τοίνυν
721 1390 795 1461 μὴ
828 1390 1043 1461 δεηθεὶς
1082 1389 1453 1445 εὐπαιδεύτων
1494 1390 1561 1443 ἐκ
1604 1406 1795 1461 προοι-

214 1471 377 1539 μίων,
388 1473 438 1524 εί
453 1469 567 1542 120]
586 1473 723 1542 μετά
737 1473 910 1528 ταῦτα
926 1474 1134 1542 λογίους
1148 1469 1387 1538 ἐδέξατο,
1403 1473 1503 1544 οὐχ
1518 1472 1594 1535 ὼς
1611 1470 1797 1540 δεόμε-

209 1568 304 1615 νος
326 1552 486 1606 τοῦτο
506 1554 786 1624 ἐποίησεν,
806 1556 919 1609 ἀλλ’
939 1555 1015 1619 ὡς
1034 1556 1096 1608 οὐ
1120 1554 1550 1626 διακρινόμενος.
1577 1555 1790 1625 Ὥσπερ

209 1635 326 1705 γὰρ
366 1635 469 1689 οὐκ
524 1636 696 1690 ἐδεῖτο
743 1638 969 1707 σοφῶν⁶
1024 1640 1105 1701 εἰς
1145 1638 1207 1691 τδ
1255 1638 1601 1710 κατορθῶσαι
1652 1637 1795 1709 άπερ

154 1768 168 1781 ,
207 1718 502 1784 ἐϐούλετο,
536 1719 713 1784 οὕτως
748 1721 870 1775 οὐδέ
919 1720 1059 1792 μετά
1106 1720 1286 1776 ταῦτα
1336 1721 1660 1793 εὑρεθέντας
1708 1721 1797 1775 διὰ

206 1800 371 1855 τοῦτο
408 1802 654 1868 ἐξέϐαλε.
686 1803 761 1856 Σὺ
795 1803 854 1857 δὲ
893 1804 1076 1857 ἐκεῖνό
1124 1821 1214 1875 μοι
1255 1805 1453 1872 δεῖξον,
1500 1807 1551 1858 εἰ
1592 1804 1796 1876 Πέτρος

207 1884 393 1953 λόγιος
423 1880 493 1956 ἧν
538 1886 632 1939 καὶ
675 1884 911 1949 Παῦλος.
956 1885 1096 1939 Ἀλλ’
1136 1888 1239 1940 οὐκ
1271 1888 1338 1941 ἂν
1365 1887 1542 1957 ἔχοις·
1590 1887 1795 1942 ἰδιῶται

207 1968 321 2037 γὰρ
348 1962 525 2039 ἦσαν,
559 1968 656 2022 καὶ
692 1968 1074 2040 ἀγράμματοι.
1113 1969 1322 2041 ’Ὠσπερ
1350 1967 1443 2024 οὖν
1475 1971 1506 2022 6
1537 1970 1791 2041 Χριστὸς,

208 2051 301 2103 ὅτε
328 2051 455 2113 τοὺς
480 2049 732 2122 μαθητὰς
752 2051 1002 2122 ἔπεμπεν
1021 2053 1103 2116 εἰς
1121 2053 1224 2123 τὴν
1244 2052 1591 2122 οἰκουμένην,
1615 2053 1795 2119 δείξας

207 2134 379 2188 αὐτοῦ
428 2135 525 2206 τὴν
546 2172 551 2179 -
571 2134 802 2206 δύναμιν
838 2136 1025 2200 αὐτοῖς
1059 2138 1120 2190 ἐν
1166 2134 1504 2209 Παλαιστίνῃ
1537 2136 1790 2206 πρῶτον,

208 2220 310 2271 καὶ
336 2216 529 2283 εἰπὼν,
554 2218 686 2272 Ὅτε
707 2217 1039 2273 ἀπέστειλα
1067 2217 1225 2288 ὑμᾶς
1255 2218 1434 2289 χωρὶς
1454 2219 1793 2283 βαλανείου

206 2299 312 2354 καὶ
336 2301 531 2369 πήρας
560 2299 661 2355 καὶ
680 2298 1087 2369 ὑποδήματος,
1102 2299 1188 2370 μή
1213 2318 1375 2367 τινος
1395 2301 1792 2370 ὑστερήσατες

203 2384 333 2438 τότε
356 2383 620 2455 ἐπέτρεψε
648 2383 835 2438 λοιπὸν
861 2383 957 2437 καὶ
977 2386 1158 2457 πήραν
1180 2386 1275 2438 καὶ
1302 2384 1585 2455 βαλάντιον
1610 2384 1757 2456 ἔχειν
1776 2401 1793 2418 ο

204 2466 355 2521 οὕτω
389 2470 486 2521 καὶ
518 2467 754 2522 ἐνταῦθα
785 2468 1033 2536 ἐποίησε.
1074 2467 1151 2521 Τὸ
1192 2468 1305 2540 γὰρ
1350 2467 1683 2539 ζητούμενον
1726 2465 1794 2540 ἦν

203 2550 494 2621 δειχθῆναι
518 2551 613 2604 τοῦ
636 2550 875 2621 Χριστοῦ
894 2552 997 2622 τὴν
1014 2551 1268 2621 δύναμιν,
1290 2552 1352 2604 οὐ
1373 2551 1460 2606 διά
1476 2551 1575 2621 τὴν
1595 2551 1794 2616 ἔξωθεν

206 2635 425 2704 σοφίαν
454 2633 812 2688 ἐκϐάλλεσθαι
853 2635 953 2703 τῆς
997 2634 1237 2698 πίστεως
1277 2634 1406 2698 τούς
1445 2635 1789 2706 προσιόντας.

205 2719 385 2771 Ὅταν
412 2713 510 2770 οὖν
540 2716 800 2786 ’Έλληνες
832 2717 1256 2787 κατηγορήσωσι
1286 2718 1396 2770 τῶν
1429 2717 1689 2789 μαθητῶν
1717 2718 1792 2782 ὡς

207 2799 466 2865 ἰδιωτῶν,
499 2799 661 2855 πλέον
682 2800 842 2870 ἡμεῖς
860 2799 1087 2853 ἐκείνων
1110 2799 1509 2872 κατηγορῶμεν
1531 2800 1562 2842 ἀ
1588 2800 1787 2855 αὐτῶν.

203 2884 367 2954 Μηδὲ
397 2883 607 2954 λεγέτω
633 2899 737 2946 τις,
768 2882 851 2935 ὅτι
880 2880 1042 2951 σοφὸς
1071 2876 1143 2951 ἦν
1166 2883 1195 2935 ό
1227 2880 1439 2944 Παῦλος
1458 2899 1471 2911 ’
1501 2883 1615 2937 ἀλλ’
1638 2883 1794 2937 ἐπαί-

209 2985 398 3041 ροντες
432 2969 528 3021 ἐπὶ
569 2967 736 3037 σοφίᾳ
766 2967 895 3029 τούς
932 2964 1204 3036 μεγάλους
1245 2965 1376 3037 παρ’
1418 2967 1649 3031 ἐκείνοις
1699 2966 1793 3020 καὶ

203 3052 304 3104 ἐπὶ
330 3049 637 3120 εὐγλωττία
670 3048 1108 3119 θαυμασθέντας,
1142 3049 1271 3111 τούς
1296 3051 1428 3119 παρ’
1458 3052 1592 3119 ἡμῖν
1617 3050 1794 3104 ἆπαν⁸

203 3149 307 3195 τας
342 3132 591 3203 λέγωμεν
623 3132 839 3194 ἰδιώτας
869 3129 1172 3199 γεγονέναι.
1205 3130 1281 3183 Οὐ
1314 3130 1528 3201 μικρῶς
1552 3131 1662 3203 γὰρ
1696 3132 1793 3184 αὐ-

203 3214 338 3278 τοὺς
371 3204 469 3268 καῖ
497 3214 640 3268 κατὰ
671 3213 831 3266 τοῦτο
857 3211 1277 3282 καταϐαλοῦμεν
1315 3211 1378 3265 :6
1411 3213 1576 3285 μέρος
1597 3228 1610 3241 ·
1648 3212 1793 3267 οὕτω

205 3298 320 3370 γὰρ
349 3297 503 3351 ἐσται
529 3297 763 3369 λαμπρά
790 3296 861 3351 τά
896 3298 1213 3368 νικητήρια.

289 3462 482 3518 Ταῦτα
522 3463 580 3517 δέ
612 3458 783 3527 εἶπον,
820 3464 1009 3535 ἐπειδή
1053 3479 1196 3528 τινος
1231 3466 1441 3535 ήκουσά
1482 3482 1612 3519 ποτε
1655 3466 1790 3536 X9:-

204 3546 439 3603 στιανοῦ
487 3547 625 3618 πρὸς
656 3546 892 3617 Ἕλληνα
931 3547 1355 3616 καταγελάστως
1384 3548 1791 3617 διαλεγομένου,

203 3632 307 3688 καὶ
332 3632 663 3703 ἀμφοτέρων
683 3632 743 3684 ἐν
768 3634 834 3703 τῇ
865 3631 1000 3700 1:96;
1030 3631 1296 3702 ἀλλήλους
1322 3633 1475 3704 μάχῃ
1492 3632 1564 3685 τὰ
1585 3630 1793 3684 ἑαυτῶν

204 3716 616 3772 καταλυόντων.
660 3716 728 3768 Ἀ
764 3715 874 3786 γάρ
922 3715 1028 3768 ἔδει
1072 3714 1163 3769 τὸν
1208 3714 1540 3787 Χριστιανὸν
1581 3715 1789 3779 εἰπεῖν,

202 3799 387 3855 ταῦτα
419 3801 448 3854 6
482 3799 683 3870 Ἕλλην
712 3798 889 3866 ἔλεγεο
921 3801 1017 3853 καὶ
1049 3798 1088 3852 ἀ
1131 3799 1224 3853 τὸν
1266 3799 1506 3870 Ἕλληνα
1540 3796 1688 3860 εἰκδς
1724 3792 1792 3868 ἦν

205 3885 410 3948 εἰπεῖν,
432 3882 608 3937 ταῦτα
643 3884 673 3936 6
703 3882 1030 3954 Χριστιανὸς
1059 3881 1445 3954 προεϐάλλετο.
1481 3881 1617 3952 Περὶ
1646 3881 1793 3935 Παύ-

204 3968 303 4023 λου
328 3968 438 4039 γὰρ
462 3968 557 4021 καὶ
581 3967 869 4032 Πλάτωνος
898 3966 1180 4039 ζητήσεως
1200 3964 1389 4038 οὔσης,
1413 3967 1441 4019 6
1464 3965 1564 4038 μὲν
1594 3964 1795 4035 Ἕλλην

206 4052 474 4123 ἐπειρᾶτο
514 4049 823 4116 δεικνύναι,
869 4051 960 4104 ὅτι
987 4053 1015 4103 6
1062 4051 1275 4114 Παῦλος
1310 4046 1379 4122 ἦν
1427 4049 1646 4122 ἀμαθὴς
1695 4050 1792 4103 καὶ

209 4134 454 4206 ἰδιώτηςο
505 4137 533 4186 6
573 4133 628 4186 δὲ
667 4135 992 4206 Χριστιανὸς
1042 4135 1147 4188 61:6
1185 4132 1447 4204 ἀφελείας
1488 4133 1793 4199 ἐσπούδαζε

206 4215 669 4282 κατασκευάζειν,
704 4218 785 4271 ὅτι
818 4217 1106 4281 Πλάτωνος
1135 4217 1461 4287 λογιώτερος
1487 4212 1554 4287 ἦν
1580 4217 1788 4272 6110.6—

204 4302 321 4366 λος.
369 4299 615 4355 Οὐτωδὲ
658 4299 753 4353 τοῦ
794 4301 1056 4368 Ἕλληνος
1103 4299 1315 4371 ἐγίνετο
1360 4303 1429 4355 τά
1474 4303 1786 4372 νικητήρια,

205 4384 401 4439 τούτου
439 4382 768 4454 κρατοῦντος
802 4384 895 4437 τοῦ
928 4384 1109 4453 λόγου.
1149 4384 1212 4437 Εἰ
1241 4384 1350 4455 γὰρ
1384 4384 1673 4449 Πλάτωνος
1704 4385 1789 4438 ἐλο

206 4466 577 4536 λογιμώτερος
606 4463 676 4539 ἦν
704 4467 733 4520 6
761 4467 995 4533 Παῦλος,
1027 4467 1255 4532 πολλοὺς
1287 4467 1435 4531 εἰκὸς
1464 4467 1786 4536 ἀντιλέγειν,

206 4552 291 4605 ὅτι
332 4551 394 4603 οὐ
436 4552 502 4622 τῇ
551 4551 757 4622 χάριτι,
790 4552 928 4605 ἀλλά
956 4554 1025 4623 τῇ
1070 4552 1373 4623 εὐγλωττίᾳ
1417 4555 1785 4624 περιεγένετο.

207 4632 378 4689 Ὠστε
409 4633 548 4707 ὑπὲρ
587 4634 682 4688 τοῦ
721 4635 982 4705 Ἕλληνος
1026 4631 1093 4707 ἧν
1122 4635 1187 4688 :6
1226 4635 1517 4705 λεγόμενον
1557 4637 1660 4689 61:6
1693 4637 1788 4690 τοῦ

205 4718 560 4789 Χριστιανοῦ⁸
605 4718 635 4771 ὃ
681 4719 740 4772 δὲ
777 4719 961 4787 ἔλεγεν
999 4720 1029 4773 6
1074 4719 1298 4790 Ἕλλην,
1331 4720 1473 4791 ὑπὲρ
1512 4720 1607 4774 τοῦ
1655 4723 1848 4795 Χρι-ι-

204 4801 433 4857 στιανοῦ
464 4795 554 4873 ἓν).
576 4802 639 4855 Εἰ
665 4804 774 4873 γὰρ
801 4800 1014 4867 Παῦλος
1040 4803 1366 4868 ἀπαίδευτος
1394 4801 1486 4877 ἦν,
1512 4804 1815 4877 ἐκράτησε’

202 4885 263 4939 δὲ
290 4884 603 4947 Πλάτωνος,
634 4884 767 4956 ὅπερ
797 4883 1004 4952 ἔλεγον,
1046 4883 1277 4958 λαμπρὰ
1311 4887 1535 4955 γέγονεν
1564 4890 1597 4959 ή
1637 4890 1786 4960 νίκη.

205 4968 348 5032 Τοὺς
370 4967 483 5040 γὰρ
510 4968 722 5022 ἐκείνου
745 4967 996 5039 μαθητὰς
1023 4967 1204 5022 λαϐὼν
1233 4971 1263 5023 6
1289 4969 1508 5042 ἀμαθὴς
1539 4972 1789 5037 ἅπαντας

205 5052 391 5106 ἔπεισε
414 5092 431 5119 ,
461 5055 558 5106 καὶ
605 5052 742 5124 πρὸς
783 5054 975 5107 ἐαυτὸν
1013 5054 1243 5125 ήγαγεν.
1289 5054 1453 5108 Ὅθεν
1485 5054 1665 5125 δῆλον,
1706 5058 1789 5110 ὅτι

205 5136 306 5189 οὐκ
332 5137 393 5189 ἐν
432 5136 598 5208 σοφία
626 5135 964 5208 ἀνθρωπίνῃ,
998 5139 1057 5190 :6
1099 5138 1364 5209 κήρυγμα
1410 5140 1786 5211 περιγέγονεν,

207 5218 340 5272 ἀλλά
359 5218 509 5272 Θεοῦ
525 5221 731 5290 χάριτι.
760 5219 857 5272 ’Ν
879 5216 971 5273 οῦν
1002 5222 1076 5293 μή
1105 5222 1281 5276 ταυτά
1304 5222 1628 5294 πάσχωμεν,
1652 5226 1791 5296 μηδὲ

208 5300 643 5373 καταγελώμεθα
692 5301 839 5356 οὕτω
882 5303 1251 5375 διαλεγόμενοι
1306 5303 1444 5378 1:96;
1500 5305 1788 5379 Ἕλληνας,

208 5382 429 5438 ἐπειδάν
453 5386 591 5456 ἡμῖν
610 5384 748 5456 1:96;
773 5385 976 5446 αὐτοὺς
1001 5386 1152 5455 ἀγὼν
1172 5385 1233 5462 ᾗ,
1254 5388 1656 5461 κατηγορῶμεν
1680 5389 1790 5442 τῶν

207 5464 525 5523 ἀποστόλων
552 5469 631 5532 ῶς
654 5466 909 5538 ἀμαθῶν·
933 5468 967 5537 ἡ
992 5467 1100 5539 γὰρ
1122 5472 1427 5545 κατηγορία
1450 5472 1588 5545 αὓτη
1616 5470 1792 5542 ἐγκώ-

270 5730 297 5760 “
317 5724 585 5792 legebant
601 5728 752 5777 τοῦτο
774 5731 1011 5791 διέκλασε,
1031 5736 1077 5782 et
1099 5744 1231 5792 mox,
1255 5734 1582 5785 κατέστειλε...
1606 5738 1783 5787 ἔπεισε.

406 5797 525 5840 atat
563 5788 674 5857 [τωο
717 5802 829 5850 vox,
870 5788 1027 5857 φησίῇ
1054 5801 1190 5857 post
1220 5788 1510 5857 θαῤῥοῠντες.
1598 5802 1619 5829 ο
1647 5799 1787 5848 Alius

214 5851 357 5899 habe:
373 5854 625 5923 σοφιρτῶν
646 5865 736 5913 pro
760 5851 937 5920 σοφῶν.
1000 5851 1193 5919 ὐιίρεςη
1220 5851 1568 5922 κατηγορῶμεν,
1610 5859 1787 5911 melius

215 5928 353 5975 quam
373 5914 499 5964 editi
520 5914 896 5974 κατηγοροῦμεν.

1895 415 2041 469 μιον.
2076 400 2189 454 Καὶ
2214 399 2344 454 ὅταν
2374 397 2605 453 είπωσιν
2633 402 2851 467 ἐκείνοι,
2876 401 2958 455 ὅτι
2982 400 3236 472 ἄγροικοι
3259 395 3401 471 ἦσαν
3424 406 3476 459 οξ

1889 481 2202 547 ἀπόστολοι,
2240 482 2568 554 προσθῶμεν
2598 484 2791 553 ήιιεῖς,
2824 499 2919 537 και
2947 484 3193 555 εἴπωμεν
3213 527 3228 552 ,
3264 486 3348 538 ὅτι
3382 488 3478 541 καὶ

1892 564 2126 635 ἀμαθεῖς
2168 566 2262 619 καὶ
2298 565 2658 637 ἀγράμματοι
2691 567 2786 620 καὶ
2830 566 3071 638 πένητες
3100 568 3197 620 καὶ
3236 568 3476 633 εὐτελεῖς

1891 648 1987 701 καλ⁸
2012 647 2264 703 ἀσύνετοι
2295 649 2389 703 καὶ
2425 651 2672 718 ἀφανεῖς.
2709 651 2824 704 Οὐκ
2857 650 2974 706 ἐστι
3012 650 3331 723 βλασφημία
3363 653 3475 706 τῶν

1894 731 2207 785 ἀποστόλων
2236 731 2433 799 ταῦτα,
2464 732 2603 787 ἀλλὰ
2638 735 2733 787 καὶ
2761 734 2909 801 δόξα,
2942 734 3004 789 :6
3038 736 3166 798 τοὺς
3197 735 3475 799 τοιούτους

1891 812 1992 883 τῆς
2015 814 2339 885 οἰκουμένης
2369 814 2553 887 πάσης
2578 815 2996 890 λαμπροτέρους
3023 818 3279 888 φανῆναι.
3311 812 3474 873 Οὗτοι

1892 898 2003 969 γὰρ
2033 900 2084 952 οἰ
2122 897 2329 953 ἰδιῶται
2366 901 2462 954 καὶ
2494 902 2744 971 ἄγροικοι
2776 903 2873 955 καὶ
2922 900 3037 974 [21]
3083 904 3317 972 ἀμαθεῖς
3347 905 3474 967 τοὺς

1895 982 2093 1051 σοφοὺς
2130 983 2225 1035 καὶ
2257 982 2518 1047 δυνατοὺς
2549 984 2646 1038 καὶ
2685 984 2813 1048 τούς
2840 984 3173 1056 τυράννους,
3218 987 3316 1040 καὶ
3346 987 3474 1052 τούς

1893 1064 1987 1117 ἐπὶ
2013 1063 2228 1137 πλούτῳ
2269 1066 2366 1120 καὶ
2394 1066 2524 1140 δόξῃ
2554 1068 2649 1122 καὶ
2677 1069 2793 1131 τοῖς
2838 1066 3039 1134 ἐξωθεν
3079 1069 3215 1121 πᾶσι
3255 1068 3474 1139 κομπά-

1894 1146 2108 1212 ζοντας,
2141 1147 2217 1212 ὡς
2241 1148 2364 1203 οὐδὲ
2392 1150 2612 1221 ἄνδρας,
2638 1149 2781 1204 οὕτω
2809 1152 3279 1220 κατηγωνίσαντο.
3308 1151 3475 1207 Ὅθεν

1892 1229 2073 1300 δῆλον,
2104 1231 2186 1285 ὅτι
2221 1232 2430 1303 μεγάλη
2468 1235 2501 1303 ή
2542 1232 2638 1287 τοῦ
2673 1232 2907 1305 σταυροῦ
2948 1233 3200 1305 δύναμις,
3246 1235 3341 1290 καὶ
3373 1235 3476 1289 οὐκ

1895 1312 2208 1385 ἀνθρωπίνῃ
2259 1314 2405 1385 ἰσχύϊ
2431 1314 2606 1370 ταῦτα
2642 1315 2874 1385 ἐγίνετο.
2907 1316 2983 1370 Οὐ
3007 1316 3117 1387 γὰρ
3158 1316 3271 1387 ἔχει
3312 1316 3476 1387 φύσιν

1894 1396 1964 1449 τά
2001 1397 2284 1467 γινόμενα,
2324 1399 2441 1453 ἀλλ’
2481 1400 2620 1471 ὺπέρ
2652 1399 2813 1470 φύσιν
2842 1395 2911 1472 ἦν
2940 1399 3009 1453 τά
3041 1399 3471 1473 κατορθούμενα.

1900 1481 2068 1533 Ὅταν
2099 1481 2158 1535 δέ
2200 1482 2342 1550 ὐπέρ
2385 1482 2548 1553 φύσιν
2596 1500 2649 1537 τι
2688 1483 2937 1553 γένηται,
2988 1484 3083 1538 καὶ
3119 1484 3263 1555 61:69
3311 1482 3476 1555 φύσιν

1898 1564 2052 1636 παρά
2082 1565 2219 1619 πολύ
2246 1565 2384 1636 μετά
2414 1564 2509 1620 τοῦ
2539 1567 2908 1637 προσήκοντος
2936 1565 3147 1620 καὶτοῦ
3174 1565 3473 1639 χρησίμου,

1896 1646 2117 1718 εὔδηλον
2148 1648 2232 1701 ὅτι
2269 1648 2390 1720 θεία
2419 1650 2527 1702 τινὶ
2563 1648 2737 1704 ταῦτα
2776 1649 3004 1720 δυνάμει
3041 1650 3137 1703 καί⁸
3182 1649 3479 1721 συνεργεία

1896 1731 2124 1799 γίνεται.
2142 1732 2343 1785 Σκόπει
2366 1733 2443 1786 δέ’
2464 1733 2523 1786 ’0
2538 1733 2744 1797 ἁλιεὺς,
2759 1733 2795 1785 6
2807 1732 3152 1803 σκηνοποιὸς,
3166 1733 3195 1786 6
3208 1732 3475 1804 τελώνης,

1895 1815 1923 1867 6
1956 1811 2193 1885 ἰδιώτης,
2216 1816 2245 1868 6
2273 1815 2656 1886 ἀγράμματος,
2685 1816 2749 1869 ἐκ
2777 1816 3141 1886 Παλαιστίνης
3165 1815 3268 1885 τῆς
3290 1814 3476 1886 χώρας

1898 1896 2118 1966 μακρὰν
2164 1896 2426 1968 κειμένης
2455 1896 2731 1961 ἐλθόντες,
2782 1899 2910 1961 τοὺς
2966 1898 3317 1966 φιλοσόφους,
3349 1898 3477 1960 τοὺς

1898 1980 2158 2049 ῥήτορας,
2190 1980 2319 2043 τοὺς
2349 1979 2557 2043 δεινοὺς
2585 1980 2763 2033 εἰπεῖν
2790 1982 2856 2033 ἐκ
2878 1981 2977 2050 τῆς
3008 1979 3219 2044 οἰκείας
3244 1978 3474 2033 ἀπωσά-

1899 2077 2051 2133 μενοι
2099 2063 2345 2131 πάντας,
2379 2064 2536 2117 αὐτοὶ
2580 2063 2787 2118 τούτων
2834 2064 3150 2135 ἐκράτησαν
3194 2065 3266 2117 ἐν·
3297 2064 3477 2135 χρόνῳ

1898 2147 2090 2219 βραχεί
2117 2148 2256 2219 μετὰ
2287 2148 2548 2201 κινδύνων
2579 2147 2811 2215 πολλῶν,
2839 2149 3048 2220 δήμων,
3083 2147 3350 2219 βασιλέων
3377 2147 3475 2200 άν-

1893 2234 2294 2300 τιπιπτόντων,
2350 2233 2450 2304 τῆς
2504 2232 2720 2302 φύσεως
2758 2233 2927 2304 αὐτῆς
2985 2232 3321 2303 μαχομένης,
3376 2230 3474 2284 τοῦ

1895 2315 2088 2387 χρόνου
2124 2316 2225 2386 τῆς
2266 2317 2655 2389 παλαιότητος,
2698 2317 2800 2387 τῆς
2832 2316 3033 2387 πολλῆς
3062 2315 3353 2387 συνηθείας
3379 2317 3475 2369 άν-

1894 2401 2286 2472 τιπαλαιούσης
2316 2413 2337 2442 ο
2400 2400 2681 2471 σφοδρῶς,
2737 2400 3010 2471 δαιμόνων
3065 2399 3472 2469 ὁπλιζομένων,

1894 2482 2138 2537 διαϐόλου
2165 2485 2642 2555 παραταττομένου
2671 2485 2763 2539 καὶ
2784 2486 2963 2539 πάντα
2985 2482 3284 2548 κινοῦντος,
3317 2482 3475 2553 βασι-

1895 2565 2045 2631 λέας,
2077 2568 2373 2639 ἄρχοντας,
2416 2568 2625 2637 δήμους
2644 2608 2659 2632 ,
2702 2567 2853 2638 ἔθνη.
2889 2567 3075 2629 πόλεις
3095 2607 3109 2633 ,
3139 2565 3473 2637 βαρϐάρους,

1898 2651 2186 2723 Ἕλληνας,
2216 2652 2559 2721 φιλοσόφους,
2592 2652 2851 2722 ῥήτορας,
2893 2652 3173 2720 σοφιστὰς,
3205 2649 3477 2721 λογογρά-

1896 2751 2051 2804 φους,
2080 2739 2299 2806 νόμους,
2329 2736 2693 2807 δικαστήρια,
2726 2735 2979 2800 κολάσεις
3011 2734 3282 2799 ποικίλας,
3313 2734 3476 2790 θανά·

1894 2836 2023 2881 τους
2055 2818 2280 2892 μυρίους
2318 2819 2412 2871 καὶ
2454 2818 2847 2882 παντοδαπούς.
2901 2817 3041 2872 Ἀλλ’
3069 2818 3218 2889 ὅμως
3259 2815 3477 2872 ἅπαντα

1894 2901 2065 2956 ταῦτα
2092 2901 2267 2965 οὕτως
2309 2901 2581 2971 ἠλέγχετο·
2602 2902 2698 2955 καὶ
2741 2900 3059 2973 παρεχώρει
3080 2940 3096 2965 ,
3126 2899 3236 2954 τῶν
3280 2899 3475 2953 ἁλιέων

1895 2983 2286 3055 φθεγγομένων
2306 3024 2321 3049 ,
2356 2984 2431 3048 ὡς
2464 2983 2819 3055 κόνιςλεπτὴ
2852 2984 3101 3056 σφοδρῶν
3126 2983 3342 3053 ἀνέμων
3375 2984 3473 3052 ἐμ-

1893 3067 2056 3138 ϐολὴν
2081 3070 2326 3137 ἐνεγκεῖν
2361 3067 2441 3140 μὴ
2471 3068 2770 3139 δυναμένη.
2805 3066 3085 3137 Μάθωμεν
3113 3067 3293 3120 τοίνυν
3329 3064 3475 3120 οὕτω

1894 3150 2031 3220 πρὸς
2066 3150 2337 3221 Ἕλληνας
2374 3150 2744 3221 διαλέγεσθαι,
2775 3150 2864 3204 ῖνα
2910 3151 2986 3222 μὴ
3012 3144 3162 3222 ὦμεν
3192 3150 3268 3214 ὡς
3303 3148 3477 3220 θρέμ-

1897 3248 2046 3304 ματα
2090 3234 2187 3288 καὶ
2230 3233 2582 3305 βοσκήματα,
2621 3233 2737 3287 ἀλλ’
2775 3228 2927 3305 ὦμεν
2963 3232 3474 3306 παρεσκευασμένοι

1895 3316 2024 3386 περὶ
2054 3317 2151 3387 τῆς
2182 3318 2238 3370 ἐν
2270 3318 2401 3388 ήμῖν
2436 3317 2669 3381 ἐλπίδος.
2704 3318 2813 3371 Καὶ
2847 3317 2985 3381 τέως
3014 3317 3172 3371 τοῦτο
3208 3316 3270 3371 :6
3301 3315 3474 3384 κεφά-
3554 3375 3579 3382 _

1893 3402 2042 3454 λαιον
2067 3402 2453 3473 μελετήσωμεν
2474 3404 2574 3456 οὐκ
2596 3402 2656 3456 ὃν
2688 3402 2907 3474 μικρὸν,
2942 3402 3039 3456 καὶ
3061 3402 3309 3472 λέγωμεν
3338 3400 3475 3472 πρὸς

1895 3485 2090 3549 αὐτούς
2106 3501 2118 3515 ·
2146 3486 2315 3539 Πόθεν
2339 3488 2389 3538 οἰ
2415 3485 2665 3549 ἀσθενεῖς
2688 3485 2795 3539 τῶν
2814 3486 3050 3557 ἰσχυρῶν
3073 3484 3472 3556 περιεγένοντο,

1891 3570 1941 3622 οἰ
1984 3568 2192 3621 δώδεκα
2228 3569 2329 3637 τῆς
2375 3567 2703 3638 οἰκουμένης
2723 3606 2738 3633 ,
2772 3568 2894 3637 οὐχὶ
2928 3570 3039 3630 τοῖς
3076 3568 3259 3628 αὐτοῖς
3288 3564 3473 3628 ὅπλοις

1894 3650 2244 3724 κεχρημένοι,
2277 3649 2414 3703 ἀλλά
2449 3648 2648 3720 γυμνοὶ
2676 3649 2815 3721 πρὸς
2841 3648 3104 3712 ἐνόπλους
3136 3647 3471 3725 μαχόμενος

1965 3803 2025 3850 ε’.
2057 3795 2191 3850 Εἰπέ
2221 3793 2352 3868 γὰρ,
2384 3795 2434 3849 εἰ
2456 3794 2668 3850 δώδεκα
2688 3793 2881 3867 ἀνδρες
2910 3789 3226 3865 πολεμικῶν
3255 3788 3474 3859 ἄπειροι

1895 3880 2235 3952 πραγμάτων
2272 3882 2351 3942 εἰς
2392 3877 2697 3950 παράταξιν
2737 3877 3087 3950 στρατιωτῶν
3119 3876 3345 3946 ἄπειρον
3378 3873 3475 3926 καὶ

1891 3963 2242 4035 ὡπλισμένην
2270 3962 2698 4033 εἰσπηδήσαντες
2718 4002 2732 4026 ,
2764 3964 2865 4016 οὐκ
2896 3960 3087 4017 ἄοπλοι
3123 3958 3305 4029 μόνον,
3336 3954 3474 4009 άλλά

1893 4049 1989 4104 καὶ
2011 4047 2258 4112 ἀσθεαῖς
2276 4047 2339 4100 :6
2366 4047 2546 4117 σῶμα,
2570 4046 2677 4099 61:6
2701 4045 2800 4116 μὲν
2821 4045 3044 4099 ἐκείνων
3069 4043 3221 4097 οὐδὲν
3246 4040 3469 4103 ἔπαθον,

1895 4133 2029 4206 μηδὲ
2055 4131 2270 4203 μυρίοις
2301 4130 2618 4202 βαλλόμενοι
2653 4130 2866 4195 βέλεσιν
2893 4128 2913 4169 ί
2948 4125 3286 4206 ἐτρώθησαν,
3309 4123 3470 4206 έχον-

1890 4202 1982 4275 τες
2013 4202 2073 4265 δέ
2106 4209 2604 4282 ἐμπεπερονημένα
2638 4209 2708 4264 τά
2746 4208 2876 4279 βέλη
2922 4205 3116 4278 γυμνῷ
3147 4204 3226 4275 τῷ
3257 4202 3473 4274 σώματι

1892 4297 2101 4359 πάντας
2128 4293 2479 4359 κατέϐαλλον,
2514 4295 2613 4364 οὐχ
2638 4293 2825 4355 ὅπλοις
2853 4290 3208 4361 κεχρημένοι,
3240 4287 3377 4340 ἀλλὰ
3403 4289 3472 4357 τῇ

1891 4380 2034 4451 Χειρῖ
2063 4378 2316 4441 παίοντες
2335 4417 2349 4442 ,
2386 4371 2503 4430 εἶτα
2537 4378 2664 4437 τοὺς
2691 4375 2791 4446 μὲν
2811 4374 3039 4437 ἀνεῖλον,
3070 4372 3195 4433 τούς
3220 4370 3277 4423 δὲ
3306 4369 3473 4451 αἰχμ-

1892 4450 2132 4523 αλώτους
2189 4459 2447 4522 λαϐόντες
2500 4459 2808 4530 ἀπήγαγον.
2865 4455 3001 4527 μηδέ
3051 4452 3339 4526 τραύματα
3372 4450 3487 4504 αὐ--

1890 4548 1972 4599 τοὶ
1992 4544 2296 4614 δεξάμενοι,
2319 4538 2430 4615 ἆρά
2456 4560 2542 4604 τις
2567 4542 2628 4595 τὸ
2653 4540 2938 4611 γινόμενον
2967 4536 3307 4609 ἀνθρώπινον
3331 4532 3473 4590 εἶναι

1891 4630 2095 4697 ἔφησε;
2143 4627 2336 4681 Καίτοι
2375 4626 2435 4679 :6
2473 4625 2582 4679 τῶν
2618 4624 2931 4678 ἀποστόλων
2979 4621 3240 4694 τρόπαιον
3292 4617 3497 4689 πολλῷ.

1890 4711 2101 4764 ἐκείνου
2122 4709 2582 4780 θαυμαστότερον.
2604 4706 2710 4761 Τοῦ
2725 4707 2835 4778 γὰρ
2855 4704 3061 4777 γυμνὸν
3081 4704 3157 4776 μὴ
3172 4702 3469 4775 τρωθῆναι,

1891 4794 2070 4865 πολλῷ
2099 4793 2532 4865 παραδοξότερον
2572 4792 2633 4845 :6
2666 4792 2759 4845 :6v
2794 4789 3011 4861 ἰδιώτην
3041 4787 3136 4842 καὶ
3163 4787 3481 4859 ἀγράμμαο

1889 4896 1980 4933 τον
2005 4879 2099 4933 καὶ
2124 4878 2279 4932 ἁλιέα
2306 4877 2577 4948 τοσαύτης
2602 4876 2904 4945 δεινότητος
2938 4872 3343 4944 περιγενέσθαι,
3376 4869 3471 4925 καὶ

1894 4964 2032 5032 μήτε
2058 4962 2164 5015 61:6
2188 4961 2286 5030 τῆς
2306 4959 2637 5031 ὀλιγότητος,
2668 4961 2807 5031 μήτε
2832 4958 2938 5013 61:6
2963 4959 3063 5028 τῆς
3091 4955 3301 5021 πενίας,
3332 4955 3471 5026 μήτε

1892 5045 1996 5099 61:6
2016 5043 2124 5098 τῶν
2143 5043 2423 5108 κινδύνων,
2458 5045 2596 5115 μήτε
2629 5043 2732 5096 61:6
2758 5044 2859 5112 τῆς
2887 5040 3180 5110 συνηθείας
3204 5038 3306 5108 τῆς
3334 5053 3471 5108 προ-

1892 5129 2303 5200 κατειληφυίας,
2342 5128 2479 5199 μήτε
2509 5126 2615 5180 ὐπὸ
2637 5127 2737 5196 τῆς
2764 5124 3033 5195 τοσαύτης
3061 5122 3470 5195 αὐστηρότητος

1890 5213 1997 5266 τῶν
2065 5211 2406 5284 πραγμάτων
2478 5202 2554 5262 ὧν
2618 5207 2948 5271 ἐπέταττον,
3014 5208 3151 5277 μήτε
3209 5207 3315 5260 ὐπὸ
3361 5206 3468 5259 τῶν

1892 5295 2277 5367 καθημερινῶν
2320 5292 2569 5346 θανάτων
2589 5329 2604 5354 ,
2645 5290 2784 5362 μήτε
2818 5290 2923 5344 61:6
2955 5288 3049 5343 τοῦ
3081 5289 3320 5362 πλήθους
3358 5288 3469 5342 τῶν

1891 5378 2320 5449 ἀπατηθέντων,
2372 5376 2508 5446 μήτε
2541 5372 2645 5427 ὐπὸ
2678 5373 2772 5428 τοῦ
2823 5372 3132 5443 ἀξιώματος
3175 5373 3283 5426 τῶν
3321 5373 3467 5425 ἀπα-

1891 5461 2172 5529 τησάντων
2204 5457 2622 5528 διακωλυθῆναι.
2659 5457 2814 5511 Οὕτω
2853 5456 3033 5510 τοίνυν
3062 5455 3261 5518 αὐτοὺς
3298 5470 3466 5508 καταη

1892 5543 2163 5613 ϐάλωμεν,
2195 5542 2287 5595 καὶ
2320 5540 2620 5612 μαχώμεθα
2650 5540 2783 5611 πρὸς
2812 5539 3076 5601 ἐκείνους,
3104 5538 3198 5590 καὶ
3226 5534 3334 5605 1:96
3356 5533 3466 5586 τῶν

1891 5625 2065 5689 λόγων
2089 5624 2180 5678 διὰ
2209 5626 2304 5677 τοῦ
2334 5624 2449 5693 βίου
2489 5622 2988 5693 καταπληξώμεθα,
3024 5619 3174 5690 Αὐτη
3206 5616 3324 5690 [ει]
3355 5616 3465 5690 γάρ

1890 5710 2047 5763 ἐστιν
2072 5711 2105 5779 ή
2147 5708 2357 5780 μεγάλη
2400 5710 2570 5781 μάχη,
2608 5701 2764 5771 οὗτος
2805 5709 2833 5759 6
2862 5704 3220 5773 συλλογισμὸς
3248 5703 3277 5757 6
3304 5702 3467 5756 ἀναν·-

1963 5929 1983 5956 τ
2016 5925 2273 5988 chclv'uu'
2301 5928 2677 5986 ἀντιπιπτούσης.
2754 5923 2771 5964 ι
2795 5923 2969 5973 Dccm!
2991 5921 3192 5984 βέλεσιν.
