1977 3065
143 251 177 279 29
668 243 702 273 tu
720 242 860 272 EPISTJ
891 242 937 270 an
955 241 1032 270 con.
1053 240 1170 270 nouli.
1191 240 1235 270 Iv.
1382 256 1385 257 ν
1416 254 1421 255 ν
1743 246 1779 274 ³ο

141 309 369 342 ἤκμακε-αι
379 303 522 341 paucitate,
532 309 620 338 neque
633 309 648 329 a
665 306 830 337 paupertate.
843 306 931 334 neque

143 361 158 381 a
170 351 307 390 periculis,
320 357 407 387 neque
416 357 432 378 a
446 348 544 385 pravis
552 347 755 380 consuetudine,
763 353 816 374 nee
828 352 843 372 a
855 351 931 372 seve-

143 399 224 427 ritate
236 404 324 425 rerum
340 403 406 432 quas
421 394 611 431 pracipiebant
622 414 629 426 ,
645 400 732 427 neque
742 400 758 420 ι
769 390 932 427 quotidianis

143 443 284 476 mortibus,
295 449 384 478 neque
396 441 431 469 ait
442 448 536 469 eorum
549 440 593 475 qui
607 438 712 474 decepti
725 438 831 465 fuerant
840 437 932 464 inulti-

145 489 236 518 tudine
246 509 255 523 ,
274 496 362 523 neque
372 488 407 515 ab
419 495 513 515 eorum
525 486 570 522 qui
580 485 743 520 deccperant
754 483 912 511 auctoritate
923 503 932 515 ,

145 535 345 571 impedirentur.
360 533 406 562 Sic
419 540 483 568 ergo
496 533 559 560 illos
575 535 774 567 prostemamus
791 534 821 557 et
838 531 932 557 contra

147 582 217 617 ipsus
228 587 378 616 pugnemus
390 588 398 607 :
418 586 450 606 ac
464 579 519 606 vita
533 577 618 613 prius,
638 584 717 612 quam
732 581 868 607 sertuone,
883 574 934 601 im-

143 631 265 660 petamus
277 625 346 653 illos.
361 625 419 653 Hoc
430 624 501 652 enim
514 631 639 658 magnum
652 626 788 650 certamen
799 625 841 649 est
851 641 860 654 ,
876 619 934 648 hac

143 671 309 699 ratiocinatio
328 666 380 703 est,
398 670 442 698 cui
455 669 601 697 contradici
622 676 676 695 no
697 667 792 703 possit,
806 674 866 701 quia:
886 673 935 700 per

143 724 223 752 opera
239 716 370 752 procedit.
387 715 497 744 Etiamsi
511 716 583 743 enim
596 714 735 742 innumera
748 713 837 741 verbis
846 711 937 748 philo-

142 762 306 797 sophcmur,
319 763 342 789 si
356 769 408 789 non
420 761 559 789 meliorem
571 767 650 796 quam
665 759 702 787 illi
713 759 794 786 vitam
806 757 935 786 exhibea-

144 814 216 839 mus,
231 807 334 834 nullum
348 810 389 834 est
403 806 516 834 lucrum.
531 805 589 834 Non
600 805 672 833 enim
686 805 764 832 dictis
775 804 934 836 attendunt,

145 851 194 879 sed
208 851 278 880 facta
292 857 383 879 nostra
395 851 558 883 examinant,
571 855 599 879 et
609 850 702 878 dicunt
715 859 722 877 :
734 849 774 878 'l'u
788 849 864 885 prior
875 857 938 877 ver-

145 897 190 925 bis
212 897 266 925 tuis
284 897 450 932 obtempera,
470 901 499 924 et
518 901 582 924 tunc
600 896 666 924 alios
685 895 810 923 admone.
822 894 899 929 Quod
912 894 935 922 si

145 949 208 970 cum
222 941 289 969 dicis
300 942 439 970 innumera
448 948 508 969 esse
518 941 588 969 bona
602 941 629 968 in
642 940 731 968 futuro
740 940 850 974 seculo,
861 940 936 976 quasi

146 987 193 1015 illa
206 995 260 1014 non
275 987 338 1020 sint,
355 986 530 1022 praesentibus
544 986 667 1013 addictus
679 985 805 1017 videaris,
819 983 936 1013 credihi.

145 1033 212 1061 liora
226 1032 291 1060 mihi
301 1037 364 1060 sunt
377 1031 444 1059 facta
457 1039 537 1067 quam
549 1031 620 1059 dicta
635 1036 688 1058 tua.
702 1031 767 1059 Cum
776 1030 847 1058 enim
858 1029 936 1058 video

146 1083 173 1106 te
187 1077 273 1105 aliena
288 1077 448 1112 rapientem,
471 1076 506 1104 de
526 1076 560 1104 iis
578 1077 625 1112 qui
645 1076 762 1104 defuncti
782 1080 845 1103 sunt
865 1075 936 1103 ultra

145 1121 253 1150 modum
279 1123 432 1158 lugentem,
458 1121 563 1157 aliaque
585 1121 668 1149 multa
688 1129 770 1157 prave
791 1126 934 1157 agentem,

145 1168 280 1204 quomodo
300 1169 348 1196 tibi
367 1167 475 1196 credam
496 1167 596 1196 dicenti
617 1168 841 1196 resurrectionem
856 1168 937 1195 esse?

146 1214 256 1243 Etiamsi
279 1214 351 1242 enim
377 1214 435 1242 lucc
455 1221 508 1242 non
533 1214 634 1248 dicant,
647 1214 705 1242 haec
724 1214 842 1250 cogitant
861 1218 888 1241 ct
909 1214 934 1241 in

145 1266 236 1289 mente
257 1265 376 1289 versant.
391 1261 426 1288 Et
444 1260 497 1288 hoc
510 1261 629 1296 impedit,
652 1260 795 1296 quominus
814 1260 937 1288 inﬁdeles

144 1306 288 1335 Christiani
302 1307 378 1335 fiant.
403 1306 561 1335 inducamus
574 1314 640 1343 ergo
653 1306 713 1335 ilics
726 1314 775 1342 per
787 1308 870 1334 vitam
885 1314 935 1335 no-

145 1358 241 1379 stram.
256 1351 331 1380 Multi
345 1356 374 1380 et
388 1352 504 1380 illiterati
517 1352 567 1379 viri
585 1351 807 1387 philosophorum
819 1357 935 1380 mentem

145 1400 184 1426 ita
195 1398 357 1434 perculsere,
370 1402 462 1434 utpote
473 1398 518 1433 qui
532 1405 643 1433 operum
656 1398 851 1434 philosophiam
862 1399 938 1437 exhi-

145 1444 259 1476 berent,
275 1448 302 1472 et
315 1451 406 1472 vocem
422 1444 483 1471 tuba
495 1443 635 1472 clariorem
651 1451 700 1478 per
713 1444 775 1471 vitat
787 1444 936 1471 institutum

146 1494 176 1517 et
190 1488 384 1524 philosophiam
401 1489 556 1516 emitterent
570 1498 578 1516 :
595 1489 654 1516 hac
665 1488 764 1524 quippe
777 1488 866 1524 lingua
880 1489 937 1516 for-

147 1536 200 1562 tior
211 1539 260 1562 est.
283 1534 348 1562 Cum
361 1534 432 1562 enim
445 1534 532 1562 dicam
541 1555 550 1568 ,
565 1541 619 1562 non
632 1539 758 1569 oportere
778 1535 937 1569 iniuriarum

145 1579 316 1614 meminisse,
331 1579 480 1615 deindeque
496 1579 591 1608 Gnaeo
603 1580 741 1608 innumera
757 1580 869 1608 inferam
881 1589 939 1609 ma-

147 1626 184 1660 la,
194 1626 329 1662 quomodo
343 1630 437 1660 potero
447 1625 536 1654 verbis
547 1626 620 1654 illum
632 1626 769 1660 inducere,
781 1635 840 1654 cum
855 1628 938 1662 gestis

148 1672 234 1706 ipsum
253 1671 403 1706 depellami
420 1671 556 1699 Venemur
568 1679 632 1707 ergo
645 1672 704 1699 illos
720 1680 766 1707 per
782 1673 842 1699 vite
857 1673 935 1700 insti-

149 1722 245 1750 tutum,
259 1721 286 1744 et
300 1723 348 1751 per
360 1717 440 1744 hasce
450 1716 553 1744 animas
564 1716 726 1745 mdilicemus
743 1718 900 1751 Ecclesium,
912 1723 939 1746 ct

149 1763 199 1789 itas
211 1769 385 1796 congeramus
397 1762 513 1789 divitias.
526 1761 596 1789 Nihil
611 1767 652 1790 est
663 1764 758 1790 animm
769 1764 938 1798 atqttiparan-

150 1807 227 1837 dum,
242 1814 276 1834 ne
292 1811 363 1834 totus
374 1807 479 1841 quidem
493 1807 619 1835 mundus.
639 1807 730 1842 itaque
742 1809 847 1836 etiamsi
862 1810 939 1836 innu-

150 1858 241 1879 meras
253 1851 410 1886 pauperibus
423 1851 546 1886 pecunias
558 1853 719 1887 erogaveris,
737 1853 801 1879 nihil
817 1853 868 1880 Iule
882 1853 940 1881 efli-

148 1898 205 1925 cies
218 1897 297 1932 quale
312 1896 345 1929 is,
364 1896 407 1931 qui
424 1897 463 1924 vel
486 1905 564 1924 unam
587 1897 704 1924 animum
728 1899 865 1925 convertit.
891 1899 940 1930 Qui

149 1945 215 1971 enim
229 1943 312 1970 educit
326 1943 463 1978 pretiosum
476 1951 507 1970 es
519 1943 572 1976 vili,
588 1944 660 1978 quasi
675 1952 702 1970 os
716 1952 797 1970 meum
813 1945 858 1970 crit
872 1944 939 1979 (λεν.

151 1990 191 2017 15.
207 1989 261 2024 i9),
271 1989 366 2023 inquit.
381 1988 501 2023 Magnum
514 1989 619 2022 quidem
633 1989 729 2016 bonum
744 1994 785 2016 est
795 1997 939 2024 egenorum

983 299 1121 330 misereri;
1134 298 1181 326 sed
1195 298 1260 326 nihil
1275 303 1376 327 tantum
1387 319 1395 331 ,
1411 303 1539 335 quantum
1551 299 1586 328 ab
1598 307 1693 329 errore
1705 302 1773 329 iibe-

983 351 1044 370 rare
1058 352 1065 371 :
1081 343 1126 378 qui
1141 344 1213 371 enim
1225 343 1275 370 hoc
1290 343 1372 378 facit,
1387 344 1469 372 Paulo
1479 349 1508 372 et
1521 345 1602 373 Petro
1613 346 1710 374 similis
1720 351 1773 375 cst.

983 388 1058 417 Licet
1071 389 1142 417 enim
1157 389 1262 416 illorum
1275 389 1492 424 praedicationem
1509 391 1647 426 suscipere
1657 412 1666 426 ,
1680 399 1734 420 non
1747 397 1778 420 ut

985 434 1166 469 periclitemur
1179 435 1405 470 quemadmodum
1426 436 1479 469 illi,
1502 442 1530 464 et
1546 436 1660 470 talem,
1673 442 1776 473 pestem

984 480 1303 515 czeleraquctoleremus;
1326 481 1382 516 jam
1406 482 1477 510 enim
1500 483 1572 517 pacis
1591 488 1696 519 tempus
1716 489 1775 517 est;

984 525 1032 552 sed
1040 529 1069 552 ut
1076 525 1200 553 alacriter
1208 526 1324 553 studium
1333 526 1520 555 exhibeamus.
1532 528 1608 557 Licet
1617 529 1690 558 enim
1699 529 1775 558 domi

985 569 1111 598 sedentes
1130 572 1200 598 hanc
1217 578 1345 600 exercere
1366 572 1552 607 piscationem.
1574 574 1603 602 Si
1623 575 1683 609 quis
1696 575 1776 603 habet

985 615 1110 648 amicum,
1125 621 1172 644 aut
1184 623 1326 653 cognatum
1338 639 1345 650 ,
1362 623 1408 646 aut
1420 618 1580 648 familiarem
1589 640 1597 652 ,
1611 619 1669 648 huic
1684 620 1774 655 iaciat,

986 661 1044 689 hac
1057 662 1145 694 dicat;
1159 667 1187 690 et
1199 663 1296 691 similis
1307 665 1360 691 erit
1378 664 1459 693 Petro
1471 669 1499 694 et
1511 665 1605 694 Paulo.
1621 666 1691 699 Quid
1702 668 1775 702 dico,

986 706 1066 735 Petro
1078 712 1104 735 et
1118 708 1199 735 Paulo
1207 708 1220 735 2
1232 708 1270 736 0s
1284 710 1336 737 erit
1345 709 1445 738 Christi
1459 719 1466 738 :
1481 718 1542 739 nam
1556 711 1608 745 ριιί
1621 713 1704 740 educit
1718 721 1778 748 pre—

987 753 1079 780 tioum
1087 761 1104 780 α
1115 754 1168 786 vili,
1179 755 1253 787 quasi
1264 763 1292 782 os
1309 763 1392 782 meum
1403 757 1451 784 erit
1462 776 1470 789 ,
1485 756 1580 792 inquit.
1598 757 1709 786 Etiamsi
1724 758 1775 786 bo-

986 798 1031 826 die
1043 807 1096 826 non
1107 801 1282 834 persuaseris,
1295 808 1356 829 cras
1369 802 1542 836 persuadebis
1556 811 1564 830 :
1579 804 1684 831 etiamsi
1699 811 1777 832 num-

986 851 1065 878 quam
1079 845 1254 880 persuaseris,
1271 851 1300 874 tu
1314 847 1459 881 perfectam
1475 847 1586 876 habebis
1600 849 1752 877 mercedem
1766 858 1775 877 :

986 889 1089 916 etiamsi
1104 897 1157 917 non
1171 889 1298 919 omnibus
1311 893 1494 927 persuaseris,
1515 901 1547 921 ex
1567 893 1658 922 multis
1676 901 1778 930 paucos

986 933 1122 962 attrahere
1134 936 1252 969 poteris;
1266 937 1481 972 quandoquidem
1491 939 1605 974 apostoli
1619 946 1672 967 non
1686 940 1776 968 omni-

986 979 1038 1006 bus
1057 978 1212 1007 hominibus
1234 987 1403 1015 persuascre,
1422 989 1517 1010 omnes
1541 987 1629 1012 tamen
1649 984 1777 1020 alloquuti

987 1029 1059 1058 sunt,
1073 1029 1101 1053 et
1113 1024 1148 1053 de
1159 1026 1284 1054 omnibus
1297 1028 1450 1056 mercedem
1463 1028 1573 1057 habent.
1585 1028 1644 1057 Non
1659 1030 1730 1058 enim
1742 1031 1777 1058 ab

987 1071 1060 1099 exitu
1070 1076 1144 1100 recte
1155 1071 1295 1105 factorum,
1312 1073 1360 1101 sed
1383 1082 1399 1101 ει
1412 1080 1503 1103 mente
1518 1080 1590 1103 recte
1607 1077 1777 1111 operantium

987 1125 1102 1145 coronas
1115 1117 1261 1147 decernere
1279 1119 1350 1147 Deus
1364 1121 1441 1148 solet.
1465 1121 1574 1149 Etiamsi
1593 1121 1661 1150 duos
1679 1121 1778 1157 ieceris

988 1162 1093 1194 obolos,
1102 1163 1208 1198 accipit,
1219 1169 1246 1191 ct
1255 1164 1325 1199 quod
1336 1172 1398 1201 erga
1410 1165 1515 1193 viduam
1529 1166 1602 1199 fecit,
1615 1167 1665 1195 hoc
1675 1172 1704 1196 et
1712 1175 1777 1204 erga

988 1207 1112 1237 doctores
1127 1214 1264 1244 operatur.
1280 1210 1318 1239 Ne
1332 1211 1421 1248 itaque
1432 1232 1440 1246 ,
1455 1212 1517 1248 quia
1531 1220 1583 1241 non
1596 1219 1672 1249 potes
1684 1215 1778 1243 orbem

990 1260 1121 1283 terrarum
1133 1263 1252 1289 servare,
1267 1264 1366 1291 paucos
1376 1257 1519 1293 despicias,
1529 1267 1616 1295 ncqtte
1625 1267 1658 1288 ex
1668 1267 1779 1296 magno-

989 1307 1048 1328 rum
1061 1300 1205 1335 desiderio,
1218 1309 1233 1328 a
1245 1302 1395 1331 minoribus
1409 1309 1435 1332 te
1447 1305 1598 1332 abstrahas.
1623 1306 1650 1334 Si
1669 1312 1777 1335 centum

989 1354 1043 1374 non
1057 1348 1184 1382 potueris,
1201 1347 1295 1376 decem
1306 1356 1402 1382 cures;
1415 1349 1438 1377 si
1453 1349 1537 1378 denos
1548 1359 1601 1378 non
1615 1352 1712 1387 possis,
1727 1360 1778 1381 nec

990 1394 1084 1429 quinos
1097 1401 1226 1428 spernas;
1246 1394 1270 1422 si
1286 1395 1382 1430 quinos
1400 1403 1453 1423 non
1474 1397 1570 1430 possis,
1586 1405 1620 1425 ne
1634 1405 1715 1426 unum
1728 1398 1777 1427 de-

990 1440 1104 1475 spicias;
1117 1441 1139 1468 si
1155 1448 1235 1468 unum
1246 1449 1299 1469 non
1315 1444 1444 1477 potueris,
1460 1451 1546 1478 neque
1559 1444 1598 1472 sic
1610 1445 1700 1473 animo
1710 1446 1778 1474 deli-

990 1487 1054 1517 cias.
1081 1493 1132 1514 nec
1151 1495 1210 1522 quae
1232 1495 1314 1523 penes
1340 1493 1366 1516 te
1386 1494 1448 1516 sunt
1470 1489 1606 1519 cohibens.
1628 1491 1685 1519 Non
1706 1492 1780 1520 vides

990 1532 1130 1567 quomodo'
1144 1533 1170 1560 in
1185 1533 1386 1568 contractibus,
1408 1542 1462 1562 non
1485 1536 1571 1563 solum
1591 1543 1623 1564 ex
1643 1545 1719 1571 auro,
1733 1538 1780 1565 sed

990 1578 1069 1605 etiam
1081 1585 1114 1605 ex
1125 1582 1235 1613 argento
1249 1583 1412 1607 mercatores
1425 1581 1585 1608 commercia
1600 1589 1726 1610 exercere
1736 1590 1781 1610 so-

991 1624 1082 1651 leant?
1094 1624 1159 1651 Nam
1175 1624 1196 1651 si
1211 1632 1245 1652 ne
1259 1632 1339 1659 parva
1353 1625 1460 1659 quidem
1474 1626 1652 1662 despiciamus
1661 1649 1669 1661 ,
1685 1636 1780 1665 magna

990 1671 1070 1697 etiam
1083 1669 1313 1704 apprehendetnus
1332 1680 1338 1697 :
1353 1671 1375 1698 si
1391 1678 1456 1698 vero
1471 1679 1549 1706 parva
1565 1678 1779 1707 contemnamus,

991 1725 1078 1751 neque
1093 1716 1135 1743 illa
1150 1716 1206 1751 ipsa
1222 1715 1300 1743 facile
1316 1717 1502 1751 percipicmus.
1526 1718 1570 1746 Sic
1583 1719 1696 1754 quisque
1707 1720 1782 1748 dives

992 1764 1106 1790 el'licitur
1125 1771 1204 1797 parva
1223 1768 1251 1789 et
1270 1771 1363 1798 magna
1382 1764 1530 1799 colligens:
1546 1766 1584 1792 sic
1597 1771 1624 1793 et
1636 1774 1686 1794 nos
1700 1767 1781 1794 facia-

992 1817 1061 1840 ntus,
1082 1813 1110 1835 ut
1130 1809 1155 1835 in
1175 1808 1298 1835 omnibus
1317 1809 1412 1836 divites
1435 1810 1507 1842 facti,
1524 1818 1633 1845 regnum
1656 1812 1781 1839 cwlornm

992 1861 1197 1888 consequamur,
1206 1854 1288 1888 gratia
1301 1859 1327 1880 et
1339 1854 1500 1888 benignitate
1513 1855 1614 1882 Domini
1627 1857 1709 1883 nostri
1720 1857 1782 1884 Jesn

994 1899 1102 1931 Christi,
1118 1907 1165 1933 per
1183 1906 1262 1933 quem
1284 1903 1311 1925 et
1331 1906 1391 1925 cum
1405 1906 1458 1933 quo
1473 1899 1544 1926 Patri
1561 1907 1664 1935 unaque
1674 1901 1783 1936 Spiritui

994 1950 1088 1971 saneto
1102 1943 1196 1978 gloria,
1212 1944 1363 1978 imperium,
1381 1944 1476 1978 honor,
1493 1952 1563 1972 nunc
1582 1949 1609 1972 et
1626 1954 1743 1982 semper,
1758 1952 1785 1975 et

995 1988 1021 2015 in
1035 1989 1131 2015 smcula
1144 1989 1312 2016 saeculorum.
1325 1989 1421 2016 Amen.

154 2048 1775 2062 M

860 2082 1029 2112 HOMILIA
1051 2081 1106 2111 IV.

149 2155 216 2183 αλιι.
233 2155 259 2182 1.
275 2162 302 2182 v.
317 2155 360 2182 18.
379 2154 488 2182 Verbum
498 2154 564 2181 enim
578 2155 658 2181 crucis
671 2154 829 2188 pereuntibus
842 2154 944 2189 quidem

186 2201 296 2228 stultitia
308 2207 343 2228 est
354 2210 364 2234 ;
375 2201 407 2229 iis
422 2209 479 2228 vero
492 2202 535 2236 qui
545 2201 607 2228 salvi
623 2202 697 2235 fiunt,
710 2201 791 2234 nobis,
804 2202 881 2228 virtus
896 2202 943 2228 Dei

178 2249 232 2274 ~est.
253 2246 297 2274 19.
314 2246 443 2281 δένὶριιιιη
457 2251 493 2274 est
509 2248 591 2277 enim,
608 2246 718 2272 Perdant
733 2247 880 2279 sapientiam
899 2255 943 2272 sa-

188 2292 327 2326 pientium,
344 2297 366 2318 et
382 2291 542 2326 prudentiam
556 2292 715 2326 prudentium
729 2292 876 2326 repralraba.
895 2291 944 2318 Ubi

188 2339 289 2372 sapiens
299 2339 312 2365 Ζ)
325 2338 366 2365 ubi
376 2338 478 2365 scriba?
490 2338 535 2366 ‘20.
552 2339 593 2365 ubi
605 2339 737 2373 inquisitor
751 2339 836 2365 δαείηιί
851 2339 945 2373 hujus?

193 2384 216 2410 i.
240 2384 434 2412 Laborantibus
454 2389 482 2412 et
501 2385 590 2412 animo
610 2384 699 2412 fractis
719 2385 800 2411 etiam
822 2385 944 2411 salubres

153 2429 206 2457 cibi
220 2429 343 2457 insuaves
357 2435 430 2463 sunt,
445 2431 521 2458 amici
535 2435 562 2458 et
576 2431 717 2457 necessarii
733 2430 885 2463 importuni,
900 2438 945 2456 ne—

153 2482 205 2509 qne
226 2481 298 2509 smpc
319 2480 523 2510 cognoscuntur,
543 2483 574 2502 ac
588 2475 710 2502 videntur
735 2475 834 2502 inferre
858 2475 943 2502 mole-

153 2520 243 2546 stiam.
263 2519 309 2546 Sic
325 2527 431 2555 quoque
443 2521 513 2547 solet
525 2520 647 2547 accidere
661 2520 693 2547 iis
706 2520 749 2555 qui
764 2520 866 2547 animus
886 2528 945 2554 per-

153 2564 220 2590 dunt
235 2573 241 2590 :
255 2572 316 2591 nam
332 2573 390 2599 quae
403 2566 436 2592 ad
454 2566 566 2593 salutent
582 2566 680 2593 ducunt
693 2566 815 2599 ignorant
825 2586 832 2598 ,
847 2570 873 2592 et
887 2566 945 2592 illos

153 2611 197 2645 qui
211 2611 331 2646 ipsorum
347 2620 436 2639 curam
448 2617 545 2647 gerunt
558 2613 684 2640 molestos
697 2620 756 2639 esse
770 2617 874 2647 putant.
891 2613 945 2639 lloc

153 2661 242 2683 autem
268 2657 306 2688 iit,
323 2664 376 2684 non
398 2665 430 2684 cx
452 2659 507 2691 ipsa
529 2659 568 2685 rei
591 2663 696 2690 natura,
718 2657 764 2685 sed
787 2665 819 2685 ex
841 2658 945 2685 illorum

153 2701 258 2728 morbo.
275 2701 311 2729 Et
323 2702 393 2737 quod
406 2703 492 2729 insani
507 2703 615 2736 faciunt,
628 2712 688 2731 cum
701 2704 760 2730 illos
773 2703 834 2730 odio
848 2703 947 2730 habent

153 2747 198 2781 qui
219 2746 339 2780 ipsorqu
360 2755 452 2774 eurum
473 2753 578 2781 gerunt,
597 2749 709 2783 illique
723 2748 850 2775 conviciis
864 2749 947 2783 impc-

155 2796 232 2819 tunt:
249 2793 302 2819 ltoc
317 2800 423 2827 quoque
442 2792 542 2819 faciunt
554 2793 684 2822 inﬁdeles.
700 2794 753 2822 Sed
769 2793 946 2828 quemadmo-

155 2837 217 2864 dum
239 2839 267 2865 in
290 2837 343 2866 illis
363 2838 407 2873 qui
427 2839 555 2865 conviciis
576 2838 735 2873 impelnntur
757 2845 811 2867 tum
833 2840 947 2866 maxime

156 2889 247 2910 eorum
261 2883 424 2910 miserentur
437 2888 464 2911 et
477 2884 666 2918 lacrymantur,
681 2890 770 2920 utpote
781 2886 824 2920 qui
839 2886 888 2912 hoc
901 2893 946 2911 ex-

159 2930 270 2956 tremum
286 2935 348 2957 esse
363 2929 526 2964 aegritudinis
549 2929 675 2957 indicium
696 2936 805 2965 putent,
822 2931 890 2966 quod
908 2931 947 2958 illi

998 2154 1172 2180 amicissimos
1192 2153 1242 2180 sibi
1262 2161 1314 2181 non
1336 2159 1447 2181 noscant
1460 2163 1466 2180 :
1482 2155 1516 2181 ita
1530 2159 1556 2182 et
1570 2162 1618 2182 nos
1631 2155 1700 2182 circa
1711 2156 1786 2183 Grae-

996 2207 1042 2226 cos
1055 2199 1194 2231 iaciamus,
1213 2204 1241 2226 et
1259 2202 1343 2234 magis
1362 2208 1440 2234 quam
1465 2205 1573 2235 propter
1594 2209 1691 2228 uxores
1712 2202 1783 2228 circa

997 2246 1056 2272 illos
1079 2245 1217 2279 ejulemus,
1239 2245 1299 2279 quia
1324 2253 1492 2273 communem
1515 2246 1639 2280 ignorant
1661 2246 1782 2285 salutem.

997 2291 1054 2317 Non
1070 2291 1140 2318 cnitn
1154 2290 1190 2317 ita
1204 2290 1244 2317 vir
1257 2298 1365 2317 uxorem
1377 2291 1456 2317 debet
1467 2298 1558 2317 amare
1568 2312 1576 2323 ,
1591 2296 1619 2317 ut
1633 2299 1681 2318 nos
1698 2292 1785 2319 homi-

998 2344 1045 2363 nes
1056 2344 1160 2370 omnes,
1177 2337 1290 2371 illosque
1302 2337 1335 2363 ad
1348 2337 1460 2364 salutem
1476 2337 1612 2365 attrahere
1621 2359 1628 2370 _.
1643 2339 1699 2366 sive
1712 2338 1786 2366 Grut-

997 2391 1043 2411 cus
1056 2384 1100 2416 sit,
1116 2383 1171 2410 sive
1184 2383 1303 2418 quisquis
1316 2383 1549 2418 alius.Lugeamus
1563 2392 1626 2419 ergo
1640 2385 1711 2416 illos,
1724 2385 1785 2419 quin

997 2431 1106 2458 verbum
1119 2431 1205 2457 crucis
1219 2430 1330 2457 stultitia
1345 2431 1408 2464 ipsis
1424 2436 1474 2463 est,
1487 2438 1548 2457 cutn
1561 2431 1645 2465 ipsum
1657 2432 1785 2466 sapientia

998 2481 1024 2503 et
1038 2477 1121 2503 virtus
1135 2476 1169 2502 sit
1181 2484 1187 2501 :
1200 2482 1260 2501 nam
1280 2475 1386 2501 Verbum
1399 2477 1480 2502 crucis
1495 2477 1654 2510 pereuntibus
1664 2498 1672 2509 ,
1686 2477 1768 2511 inquit
1778 2498 1785 2510 ,

998 2523 1104 2549 stultitia
1119 2526 1164 2549 est.
1180 2522 1245 2554 Quin
1261 2522 1331 2549 enim
1346 2522 1490 2549 verisimile
1505 2526 1545 2549 est
1560 2523 1630 2555 illos,
1645 2530 1705 2550 cum
1721 2531 1786 2551 crux

998 2577 1012 2596 a
1027 2568 1127 2595 ϐιηθεὶς
1142 2568 1306 2598 irridcrctur,
1318 2569 1341 2594 ei
1356 2576 1413 2602 quze
1426 2568 1495 2602 apud
1511 2569 1569 2594 illos
1583 2568 1729 2596 habebatur
1742 2577 1787 2596 sa-

999 2614 1096 2648 picntia
1108 2613 1242 2640 obstitisse
1256 2617 1282 2639 et
1296 2612 1448 2639 Gut-corum
1462 2613 1549 2645 dictis,
1562 2613 1702 2641 consolans
1715 2614 1787 2648 ipsos

1000 2661 1095 2687 l’uulus
1110 2660 1173 2687 dicit
1187 2669 1192 2686 :
1208 2659 1245 2687 Nc
1262 2661 1358 2694 putetis
1378 2669 1434 2687 rem
1455 2669 1514 2687 esse
1536 2662 1668 2688 insolitum
1684 2670 1715 2689 ac
1728 2668 1786 2689 stu-

1000 2706 1123 2739 ιιυιιιιηιιι.
1146 2705 1219 2732 lianc
1240 2713 1282 2732 res
1303 2706 1394 2732 istln-c
1410 2706 1490 2732 habet
1506 2712 1639 2738 naturam,
1654 2712 1684 2734 ut
1696 2716 1709 2733 ει
1726 2715 1786 2742 pcr-

1000 2752 1123 2778 eunliblts
1137 2751 1219 2777 virtus
1232 2751 1289 2785 ejus
1302 2758 1352 2777 non
1364 2757 1540 2785 cognoscatur
1554 2761 1560 2779 :
1575 2757 1662 2778 tuente
1674 2760 1786 2787 namque

999 2804 1013 2822 c
1024 2796 1067 2829 ψιῑ
1082 2801 1143 2822 sunt
1156 2803 1187 2822 ac
1201 2795 1344 2830 desipiunt.
1364 2796 1424 2822 ideo
1437 2798 1557 2823 convicia
1570 2797 1693 2826 eil'ct'nnl,
1708 2802 1735 2824 ct
1745 2805 1787 2824 sa-

1001 2841 1092 2866 lutaria
1110 2840 1249 2875 pharmace
1264 2842 1376 2868 moleste
1397 2842 1493 2868 ierunt.
1514 2842 1583 2875 Quid
1596 2849 1658 2867 vero
1672 2842 1753 2872 dicis,
1771 2851 1787 2867 ιι

1002 2886 1097 2912 homo?
1120 2887 1217 2913 Servus
1243 2892 1350 2921 promer
1371 2892 1395 2913 te
1415 2887 1537 2913 Christus
1558 2888 1643 2913 iactus
1659 2890 1711 2916 est,
1733 2886 1787 2914 for-

1001 2939 1071 2958 mum
1086 2932 1154 2958 servi
1170 2932 1313 2966 accipiens,
1328 2932 1470 2959 cruciﬁxus
1483 2937 1525 2958 est
1538 2936 1563 2958 et
1579 2931 1724 2957 resurrexit
1739 2941 1745 2958 :
1762 2937 1789 2959 et
