  <div class='ocr_page' id='page_1' title='image "/cluster/home/n/w/nwhite01/storage/ocr_20150623/61/mdp.39015008622618/037.png"; bbox 0 0 3954 6130; ppageno 0'>
   <div class='ocr_carea' id='block_1_1' title="bbox 345 296 3611 367">
    <p class='ocr_par' dir='ltr' id='par_1_1' title="bbox 345 296 3611 367">
     <span class='ocr_line' id='line_1_1' title="bbox 345 296 3611 367; baseline 0.002 -13"><span class='ocrx_word' id='word_1_1' title='bbox 345 310 406 367; x_wconf 69' lang='lat'><strong>5|</strong></span> <span class='ocrx_word' id='word_1_2' title='bbox 1077 299 1134 354; x_wconf 90' lang='lat' dir='ltr'><strong>S.</strong></span> <span class='ocrx_word' id='word_1_3' title='bbox 1169 297 1446 355; x_wconf 77' lang='lat' dir='ltr'><strong>JOANNIS</strong></span> <span class='ocrx_word' id='word_1_4' title='bbox 1481 296 1951 353; x_wconf 77' lang='lat' dir='ltr'><strong>CHRYSOSTOMI</strong></span> <span class='ocrx_word' id='word_1_5' title='bbox 1990 296 2301 352; x_wconf 69' lang='lat' dir='ltr'><strong>AliCillEl’.</strong></span> <span class='ocrx_word' id='word_1_6' title='bbox 2341 297 2870 358; x_wconf 73' lang='lat' dir='ltr'><strong>CUNS’I‘AN&#39;l‘iNOP.</strong></span> <span class='ocrx_word' id='word_1_7' title='bbox 3541 305 3611 364; x_wconf 73' lang='grc'><strong>32</strong></span> 
     </span>
    </p>
   </div>
   <div class='ocr_carea' id='block_1_2' title="bbox 343 409 1926 485">
    <p class='ocr_par' dir='ltr' id='par_1_2' title="bbox 343 409 1926 485">
     <span class='ocr_line' id='line_1_2' title="bbox 343 409 1926 485; baseline -0.008 -11"><span class='ocrx_word' id='word_1_8' title='bbox 343 433 465 475; x_wconf 92' lang='lat' dir='ltr'><strong>cum</strong></span> <span class='ocrx_word' id='word_1_9' title='bbox 505 425 776 485; x_wconf 80' lang='lat' dir='ltr'><strong>Oporteret</strong></span> <span class='ocrx_word' id='word_1_10' title='bbox 815 415 962 470; x_wconf 89' lang='lat' dir='ltr'><strong>illum</strong></span> <span class='ocrx_word' id='word_1_11' title='bbox 1009 413 1376 468; x_wconf 90' lang='lat' dir='ltr'><strong>resuscitatum</strong></span> <span class='ocrx_word' id='word_1_12' title='bbox 1421 410 1541 465; x_wconf 89' lang='lat' dir='ltr'><strong>ideo</strong></span> <span class='ocrx_word' id='word_1_13' title='bbox 1583 409 1828 475; x_wconf 88' lang='lat' dir='ltr'><strong>adorare,</strong></span> <span class='ocrx_word' id='word_1_14' title='bbox 1870 416 1926 463; x_wconf 90' lang='lat' dir='ltr'><strong>et</strong></span> 
     </span>
    </p>
   </div>
   <div class='ocr_carea' id='block_1_3' title="bbox 343 503 1927 579">
    <p class='ocr_par' dir='ltr' id='par_1_3' title="bbox 343 503 1927 579">
     <span class='ocr_line' id='line_1_3' title="bbox 343 503 1927 579; baseline -0.006 -15"><span class='ocrx_word' id='word_1_15' title='bbox 343 510 462 579; x_wconf 87' lang='lat' dir='ltr'><strong>ejus</strong></span> <span class='ocrx_word' id='word_1_16' title='bbox 492 508 868 578; x_wconf 76' lang='lat' dir='ltr'><strong>benignitatem</strong></span> <span class='ocrx_word' id='word_1_17' title='bbox 892 505 1176 568; x_wconf 90' lang='lat' dir='ltr'><strong>admirari;</strong></span> <span class='ocrx_word' id='word_1_18' title='bbox 1213 503 1334 572; x_wconf 86' lang='lat' dir='ltr'><strong>quia</strong></span> <span class='ocrx_word' id='word_1_19' title='bbox 1361 517 1480 572; x_wconf 71' lang='lat' dir='ltr'><strong>qua:</strong></span> <span class='ocrx_word' id='word_1_20' title='bbox 1513 517 1612 556; x_wconf 89' lang='lat' dir='ltr'><strong>nec</strong></span> <span class='ocrx_word' id='word_1_21' title='bbox 1652 509 1801 571; x_wconf 88' lang='lat' dir='ltr'><strong>pater</strong></span> <span class='ocrx_word' id='word_1_22' title='bbox 1827 515 1927 556; x_wconf 87' lang='lat' dir='ltr'><strong>nec</strong></span> 
     </span>
    </p>
   </div>
   <div class='ocr_carea' id='block_1_4' title="bbox 345 593 1926 668">
    <p class='ocr_par' dir='ltr' id='par_1_4' title="bbox 345 593 1926 668">
     <span class='ocr_line' id='line_1_4' title="bbox 345 593 1926 668; baseline -0.008 -9"><span class='ocrx_word' id='word_1_23' title='bbox 345 605 549 659; x_wconf 86' lang='lat' dir='ltr'><strong>amicus</strong></span> <span class='ocrx_word' id='word_1_24' title='bbox 593 617 691 657; x_wconf 90' lang='lat' dir='ltr'><strong>nec</strong></span> <span class='ocrx_word' id='word_1_25' title='bbox 729 602 867 655; x_wconf 84' lang='lat' dir='ltr'><strong>ﬁlius</strong></span> <span class='ocrx_word' id='word_1_26' title='bbox 901 615 998 668; x_wconf 86' lang='lat' dir='ltr'><strong>pro</strong></span> <span class='ocrx_word' id='word_1_27' title='bbox 1035 606 1086 652; x_wconf 92' lang='lat' dir='ltr'><strong>te</strong></span> <span class='ocrx_word' id='word_1_28' title='bbox 1125 596 1271 663; x_wconf 88' lang='lat' dir='ltr'><strong>fecit,</strong></span> <span class='ocrx_word' id='word_1_29' title='bbox 1303 595 1414 650; x_wconf 61' lang='lat' dir='ltr'><strong>haec</strong></span> <span class='ocrx_word' id='word_1_30' title='bbox 1454 595 1632 649; x_wconf 86' lang='lat' dir='ltr'><strong>omnia</strong></span> <span class='ocrx_word' id='word_1_31' title='bbox 1672 593 1926 648; x_wconf 86' lang='lat' dir='ltr'><strong>Dominus</strong></span> 
     </span>
    </p>
   </div>
   <div class='ocr_carea' id='block_1_5' title="bbox 344 684 1928 766">
    <p class='ocr_par' dir='ltr' id='par_1_5' title="bbox 344 684 1928 766">
     <span class='ocr_line' id='line_1_5' title="bbox 344 684 1928 766; baseline -0.009 -14"><span class='ocrx_word' id='word_1_32' title='bbox 344 705 596 766; x_wconf 87' lang='lat' dir='ltr'><strong>operatus</strong></span> <span class='ocrx_word' id='word_1_33' title='bbox 624 702 707 748; x_wconf 90' lang='lat' dir='ltr'><strong>est</strong></span> <span class='ocrx_word' id='word_1_34' title='bbox 732 701 951 761; x_wconf 89' lang='lat' dir='ltr'><strong>pr0pter</strong></span> <span class='ocrx_word' id='word_1_35' title='bbox 979 701 1030 745; x_wconf 88' lang='lat' dir='ltr'><strong>te</strong></span> <span class='ocrx_word' id='word_1_36' title='bbox 1059 690 1332 743; x_wconf 93' lang='lat' dir='ltr'><strong>inimicum</strong></span> <span class='ocrx_word' id='word_1_37' title='bbox 1355 730 1368 752; x_wconf 94' lang='lat'><strong>,</strong></span> <span class='ocrx_word' id='word_1_38' title='bbox 1400 688 1488 757; x_wconf 89' lang='lat' dir='ltr'><strong>qui</strong></span> <span class='ocrx_word' id='word_1_39' title='bbox 1516 687 1665 741; x_wconf 94' lang='lat' dir='ltr'><strong>illum</strong></span> <span class='ocrx_word' id='word_1_40' title='bbox 1688 684 1928 740; x_wconf 72' lang='lat' dir='ltr'><strong>offende-</strong></span> 
     </span>
    </p>
   </div>
   <div class='ocr_carea' id='block_1_6' title="bbox 343 779 1927 856">
    <p class='ocr_par' dir='ltr' id='par_1_6' title="bbox 343 779 1927 856">
     <span class='ocr_line' id='line_1_6' title="bbox 343 779 1927 856; baseline -0.005 -14"><span class='ocrx_word' id='word_1_41' title='bbox 343 803 435 844; x_wconf 88' lang='lat' dir='ltr'><strong>ras</strong></span> <span class='ocrx_word' id='word_1_42' title='bbox 463 805 476 842; x_wconf 91' lang='lat'><strong>:</strong></span> <span class='ocrx_word' id='word_1_43' title='bbox 503 802 623 842; x_wconf 92' lang='lat' dir='ltr'><strong>cum</strong></span> <span class='ocrx_word' id='word_1_44' title='bbox 647 796 919 856; x_wconf 82' lang='lat' dir='ltr'><strong>Oporteret</strong></span> <span class='ocrx_word' id='word_1_45' title='bbox 942 799 1068 853; x_wconf 85' lang='lat' dir='ltr'><strong>ergo</strong></span> <span class='ocrx_word' id='word_1_46' title='bbox 1097 783 1243 837; x_wconf 92' lang='lat' dir='ltr'><strong>illum</strong></span> <span class='ocrx_word' id='word_1_47' title='bbox 1265 791 1546 851; x_wconf 71' lang='lat' dir='ltr'><strong>propterea</strong></span> <span class='ocrx_word' id='word_1_48' title='bbox 1570 779 1840 843; x_wconf 86' lang='lat' dir='ltr'><strong>admirari,</strong></span> <span class='ocrx_word' id='word_1_49' title='bbox 1870 789 1927 834; x_wconf 92' lang='lat' dir='ltr'><strong>nt</strong></span> 
     </span>
    </p>
   </div>
   <div class='ocr_carea' id='block_1_7' title="bbox 345 871 1922 947">
    <p class='ocr_par' dir='ltr' id='par_1_7' title="bbox 345 871 1922 947">
     <span class='ocr_line' id='line_1_7' title="bbox 345 871 1922 947; baseline -0.004 -15"><span class='ocrx_word' id='word_1_50' title='bbox 345 894 457 933; x_wconf 90' lang='lat' dir='ltr'><strong>rem</strong></span> <span class='ocrx_word' id='word_1_51' title='bbox 488 889 631 932; x_wconf 87' lang='lat' dir='ltr'><strong>tanta</strong></span> <span class='ocrx_word' id='word_1_52' title='bbox 655 877 914 947; x_wconf 76' lang='lat' dir='ltr'><strong>sapientia</strong></span> <span class='ocrx_word' id='word_1_53' title='bbox 946 876 1179 945; x_wconf 87' lang='lat' dir='ltr'><strong>plenam,</strong></span> <span class='ocrx_word' id='word_1_54' title='bbox 1209 873 1485 928; x_wconf 91' lang='lat' dir='ltr'><strong>stultitiam</strong></span> <span class='ocrx_word' id='word_1_55' title='bbox 1512 871 1787 942; x_wconf 87' lang='lat' dir='ltr'><strong>appellas?</strong></span> <span class='ocrx_word' id='word_1_56' title='bbox 1817 871 1922 926; x_wconf 85' lang='lat' dir='ltr'><strong>Sed</strong></span> 
     </span>
    </p>
   </div>
   <div class='ocr_carea' id='block_1_8' title="bbox 341 967 1919 1037">
    <p class='ocr_par' dir='ltr' id='par_1_8' title="bbox 341 967 1919 1037">
     <span class='ocr_line' id='line_1_8' title="bbox 341 967 1919 1037; baseline -0.004 -14"><span class='ocrx_word' id='word_1_57' title='bbox 341 969 474 1026; x_wconf 88' lang='lat' dir='ltr'><strong>nihil</strong></span> <span class='ocrx_word' id='word_1_58' title='bbox 507 971 702 1024; x_wconf 91' lang='lat' dir='ltr'><strong>mirum</strong></span> <span class='ocrx_word' id='word_1_59' title='bbox 727 988 740 1023; x_wconf 92' lang='lat'><strong>:</strong></span> <span class='ocrx_word' id='word_1_60' title='bbox 771 984 892 1022; x_wconf 90' lang='lat' dir='ltr'><strong>nam</strong></span> <span class='ocrx_word' id='word_1_61' title='bbox 921 967 1256 1037; x_wconf 86' lang='lat' dir='ltr'><strong>pereuntium</strong></span> <span class='ocrx_word' id='word_1_62' title='bbox 1277 975 1359 1022; x_wconf 87' lang='lat' dir='ltr'><strong>est</strong></span> <span class='ocrx_word' id='word_1_63' title='bbox 1386 979 1490 1020; x_wconf 92' lang='lat' dir='ltr'><strong>non</strong></span> <span class='ocrx_word' id='word_1_64' title='bbox 1516 977 1807 1036; x_wconf 89' lang='lat' dir='ltr'><strong>agnoscere</strong></span> <span class='ocrx_word' id='word_1_65' title='bbox 1837 979 1919 1029; x_wconf 91' lang='lat' dir='ltr'><strong>ea,</strong></span> 
     </span>
    </p>
   </div>
   <div class='ocr_carea' id='block_1_9' title="bbox 340 1058 1431 1130">
    <p class='ocr_par' dir='ltr' id='par_1_9' title="bbox 340 1058 1431 1130">
     <span class='ocr_line' id='line_1_9' title="bbox 340 1058 1431 1130; baseline -0.003 -17"><span class='ocrx_word' id='word_1_66' title='bbox 340 1077 460 1130; x_wconf 72' lang='lat' dir='ltr'><strong>qua:</strong></span> <span class='ocrx_word' id='word_1_67' title='bbox 485 1060 551 1115; x_wconf 87' lang='lat' dir='ltr'><strong>ad</strong></span> <span class='ocrx_word' id='word_1_68' title='bbox 581 1061 806 1115; x_wconf 87' lang='lat' dir='ltr'><strong>salutem</strong></span> <span class='ocrx_word' id='word_1_69' title='bbox 834 1058 1056 1112; x_wconf 88' lang='lat' dir='ltr'><strong>ducunt.</strong></span> <span class='ocrx_word' id='word_1_70' title='bbox 1427 1121 1431 1124; x_wconf 21' lang='grc' dir='ltr'>ι</span> 
     </span>
    </p>
   </div>
   <div class='ocr_carea' id='block_1_10' title="bbox 420 1147 1923 1220">
    <p class='ocr_par' dir='ltr' id='par_1_10' title="bbox 420 1147 1923 1220">
     <span class='ocr_line' id='line_1_10' title="bbox 420 1147 1923 1220; baseline -0.005 -15"><span class='ocrx_word' id='word_1_71' title='bbox 420 1153 719 1205; x_wconf 80' lang='lat' dir='ltr'><strong>Rutiociniis</strong></span> <span class='ocrx_word' id='word_1_72' title='bbox 747 1167 806 1204; x_wconf 82' lang='lat' dir='ltr'><strong>ea</strong></span> <span class='ocrx_word' id='word_1_73' title='bbox 843 1166 957 1220; x_wconf 78' lang='lat' dir='ltr'><strong>qua:</strong></span> <span class='ocrx_word' id='word_1_74' title='bbox 981 1149 1098 1220; x_wconf 76' lang='lat' dir='ltr'><strong>ﬁdei</strong></span> <span class='ocrx_word' id='word_1_75' title='bbox 1137 1158 1252 1202; x_wconf 88' lang='lat' dir='ltr'><strong>sunt</strong></span> <span class='ocrx_word' id='word_1_76' title='bbox 1277 1164 1411 1216; x_wconf 64' lang='lat' dir='ltr'><strong>saepe</strong></span> <span class='ocrx_word' id='word_1_77' title='bbox 1437 1147 1822 1218; x_wconf 77' lang='lat' dir='ltr'><strong>labefactentur.</strong></span> <span class='ocrx_word' id='word_1_78' title='bbox 1848 1173 1923 1185; x_wconf 85' lang='lat'><strong>~—</strong></span> 
     </span>
    </p>
   </div>
   <div class='ocr_carea' id='block_1_11' title="bbox 340 1235 1922 1310">
    <p class='ocr_par' dir='ltr' id='par_1_11' title="bbox 340 1235 1922 1310">
     <span class='ocr_line' id='line_1_11' title="bbox 340 1235 1922 1310; baseline -0.007 -12"><span class='ocrx_word' id='word_1_79' title='bbox 340 1243 414 1298; x_wconf 82' lang='lat' dir='ltr'><strong>Nc</strong></span> <span class='ocrx_word' id='word_1_80' title='bbox 446 1243 734 1296; x_wconf 87' lang='lat' dir='ltr'><strong>turbemini</strong></span> <span class='ocrx_word' id='word_1_81' title='bbox 776 1242 972 1310; x_wconf 86' lang='lat' dir='ltr'><strong>igitur:</strong></span> <span class='ocrx_word' id='word_1_82' title='bbox 1005 1255 1110 1294; x_wconf 91' lang='lat' dir='ltr'><strong>non</strong></span> <span class='ocrx_word' id='word_1_83' title='bbox 1142 1240 1284 1295; x_wconf 94' lang='lat' dir='ltr'><strong>cuim</strong></span> <span class='ocrx_word' id='word_1_84' title='bbox 1330 1253 1523 1293; x_wconf 89' lang='lat' dir='ltr'><strong>novum</strong></span> <span class='ocrx_word' id='word_1_85' title='bbox 1556 1247 1728 1305; x_wconf 88' lang='lat' dir='ltr'><strong>neque</strong></span> <span class='ocrx_word' id='word_1_86' title='bbox 1770 1235 1922 1288; x_wconf 73' lang='lat' dir='ltr'><strong>inex-</strong></span> 
     </span>
    </p>
   </div>
   <div class='ocr_carea' id='block_1_12' title="bbox 338 1327 1920 1404">
    <p class='ocr_par' dir='ltr' id='par_1_12' title="bbox 338 1327 1920 1404">
     <span class='ocr_line' id='line_1_12' title="bbox 338 1327 1920 1404; baseline -0.003 -17"><span class='ocrx_word' id='word_1_87' title='bbox 338 1343 636 1404; x_wconf 81' lang='lat' dir='ltr'><strong>spectatum</strong></span> <span class='ocrx_word' id='word_1_88' title='bbox 685 1341 767 1387; x_wconf 90' lang='lat' dir='ltr'><strong>est</strong></span> <span class='ocrx_word' id='word_1_89' title='bbox 812 1331 960 1397; x_wconf 92' lang='lat' dir='ltr'><strong>illud,</strong></span> <span class='ocrx_word' id='word_1_90' title='bbox 1010 1331 1152 1400; x_wconf 91' lang='lat' dir='ltr'><strong>quod</strong></span> <span class='ocrx_word' id='word_1_91' title='bbox 1203 1346 1394 1400; x_wconf 88' lang='lat' dir='ltr'><strong>nempe</strong></span> <span class='ocrx_word' id='word_1_92' title='bbox 1447 1346 1478 1384; x_wconf 91' lang='lat' dir='ltr'><strong>a</strong></span> <span class='ocrx_word' id='word_1_93' title='bbox 1530 1327 1920 1397; x_wconf 88' lang='lat' dir='ltr'><strong>desipientibus</strong></span> 
     </span>
    </p>
   </div>
   <div class='ocr_carea' id='block_1_13' title="bbox 337 1418 1916 1494">
    <p class='ocr_par' dir='ltr' id='par_1_13' title="bbox 337 1418 1916 1494">
     <span class='ocr_line' id='line_1_13' title="bbox 337 1418 1916 1494; baseline -0.003 -18"><span class='ocrx_word' id='word_1_94' title='bbox 337 1438 530 1494; x_wconf 87' lang='lat' dir='ltr'><strong>magna</strong></span> <span class='ocrx_word' id='word_1_95' title='bbox 559 1423 920 1489; x_wconf 82' lang='lat' dir='ltr'><strong>derideantur.</strong></span> <span class='ocrx_word' id='word_1_96' title='bbox 975 1422 1100 1476; x_wconf 88' lang='lat' dir='ltr'><strong>Illos</strong></span> <span class='ocrx_word' id='word_1_97' title='bbox 1147 1435 1274 1476; x_wconf 89' lang='lat' dir='ltr'><strong>vero</strong></span> <span class='ocrx_word' id='word_1_98' title='bbox 1303 1421 1391 1490; x_wconf 93' lang='lat' dir='ltr'><strong>qui</strong></span> <span class='ocrx_word' id='word_1_99' title='bbox 1437 1419 1516 1474; x_wconf 90' lang='lat' dir='ltr'><strong>sic</strong></span> <span class='ocrx_word' id='word_1_100' title='bbox 1551 1418 1726 1474; x_wconf 70' lang='lat' dir='ltr'><strong>affecti</strong></span> <span class='ocrx_word' id='word_1_101' title='bbox 1771 1426 1916 1482; x_wconf 88' lang='lat' dir='ltr'><strong>sunt,</strong></span> 
     </span>
    </p>
   </div>
   <div class='ocr_carea' id='block_1_14' title="bbox 343 1510 1920 1584">
    <p class='ocr_par' dir='ltr' id='par_1_14' title="bbox 343 1510 1920 1584">
     <span class='ocr_line' id='line_1_14' title="bbox 343 1510 1920 1584; baseline -0.004 -15"><span class='ocrx_word' id='word_1_102' title='bbox 343 1531 438 1584; x_wconf 90' lang='lat' dir='ltr'><strong>per</strong></span> <span class='ocrx_word' id='word_1_103' title='bbox 468 1515 754 1570; x_wconf 85' lang='lat' dir='ltr'><strong>humanam</strong></span> <span class='ocrx_word' id='word_1_104' title='bbox 781 1514 1097 1584; x_wconf 85' lang='lat' dir='ltr'><strong>sapientiam</strong></span> <span class='ocrx_word' id='word_1_105' title='bbox 1127 1513 1450 1583; x_wconf 88' lang='lat' dir='ltr'><strong>persuadere</strong></span> <span class='ocrx_word' id='word_1_106' title='bbox 1476 1526 1585 1565; x_wconf 80' lang='lat' dir='ltr'><strong>non</strong></span> <span class='ocrx_word' id='word_1_107' title='bbox 1612 1510 1741 1565; x_wconf 91' lang='lat' dir='ltr'><strong>licet</strong></span> <span class='ocrx_word' id='word_1_108' title='bbox 1770 1527 1784 1563; x_wconf 91' lang='lat'><strong>:</strong></span> <span class='ocrx_word' id='word_1_109' title='bbox 1813 1510 1920 1563; x_wconf 92' lang='lat' dir='ltr'><strong>imo</strong></span> 
     </span>
    </p>
   </div>
   <div class='ocr_carea' id='block_1_15' title="bbox 340 1600 1916 1676">
    <p class='ocr_par' dir='ltr' id='par_1_15' title="bbox 340 1600 1916 1676">
     <span class='ocr_line' id='line_1_15' title="bbox 340 1600 1916 1676; baseline -0.004 -18"><span class='ocrx_word' id='word_1_110' title='bbox 340 1606 384 1659; x_wconf 90' lang='lat' dir='ltr'><strong>si</strong></span> <span class='ocrx_word' id='word_1_111' title='bbox 413 1606 482 1658; x_wconf 87' lang='lat' dir='ltr'><strong>ita</strong></span> <span class='ocrx_word' id='word_1_112' title='bbox 514 1606 840 1676; x_wconf 85' lang='lat' dir='ltr'><strong>persuadere</strong></span> <span class='ocrx_word' id='word_1_113' title='bbox 869 1605 1123 1671; x_wconf 90' lang='lat' dir='ltr'><strong>volucris,</strong></span> <span class='ocrx_word' id='word_1_114' title='bbox 1170 1603 1498 1658; x_wconf 87' lang='lat' dir='ltr'><strong>contrarium</strong></span> <span class='ocrx_word' id='word_1_115' title='bbox 1542 1600 1711 1656; x_wconf 86' lang='lat' dir='ltr'><strong>efﬁcis</strong></span> <span class='ocrx_word' id='word_1_116' title='bbox 1745 1617 1759 1652; x_wconf 90' lang='lat'>:</span> <span class='ocrx_word' id='word_1_117' title='bbox 1793 1613 1916 1652; x_wconf 88' lang='lat' dir='ltr'><strong>nam</strong></span> 
     </span>
    </p>
   </div>
   <div class='ocr_carea' id='block_1_16' title="bbox 337 1687 1910 1764">
    <p class='ocr_par' dir='ltr' id='par_1_16' title="bbox 337 1687 1910 1764">
     <span class='ocr_line' id='line_1_16' title="bbox 337 1687 1910 1764; baseline -0.003 -16"><span class='ocrx_word' id='word_1_118' title='bbox 337 1710 423 1760; x_wconf 89' lang='lat' dir='ltr'><strong>ea,</strong></span> <span class='ocrx_word' id='word_1_119' title='bbox 453 1711 572 1764; x_wconf 73' lang='lat' dir='ltr'><strong>qua:</strong></span> <span class='ocrx_word' id='word_1_120' title='bbox 617 1696 879 1750; x_wconf 89' lang='lat' dir='ltr'><strong>rationem</strong></span> <span class='ocrx_word' id='word_1_121' title='bbox 927 1702 1204 1764; x_wconf 91' lang='lat' dir='ltr'><strong>superant,</strong></span> <span class='ocrx_word' id='word_1_122' title='bbox 1250 1693 1364 1747; x_wconf 90' lang='lat' dir='ltr'><strong>sola</strong></span> <span class='ocrx_word' id='word_1_123' title='bbox 1397 1691 1502 1745; x_wconf 86' lang='lat' dir='ltr'><strong>lide</strong></span> <span class='ocrx_word' id='word_1_124' title='bbox 1531 1704 1666 1760; x_wconf 88' lang='lat' dir='ltr'><strong>opus</strong></span> <span class='ocrx_word' id='word_1_125' title='bbox 1694 1687 1910 1744; x_wconf 80' lang='lat' dir='ltr'><strong>habent.</strong></span> 
     </span>
    </p>
   </div>
   <div class='ocr_carea' id='block_1_17' title="bbox 341 1778 1921 1852">
    <p class='ocr_par' dir='ltr' id='par_1_17' title="bbox 341 1778 1921 1852">
     <span class='ocr_line' id='line_1_17' title="bbox 341 1778 1921 1852; baseline -0.003 -13"><span class='ocrx_word' id='word_1_126' title='bbox 341 1786 548 1840; x_wconf 77' lang='lat' dir='ltr'><strong>Etenim</strong></span> <span class='ocrx_word' id='word_1_127' title='bbox 568 1787 612 1841; x_wconf 91' lang='lat' dir='ltr'><strong>si</strong></span> <span class='ocrx_word' id='word_1_128' title='bbox 635 1786 926 1840; x_wconf 78' lang='lat' dir='ltr'><strong>ratiociniis</strong></span> <span class='ocrx_word' id='word_1_129' title='bbox 944 1784 1265 1852; x_wconf 88' lang='lat' dir='ltr'><strong>persuadere</strong></span> <span class='ocrx_word' id='word_1_130' title='bbox 1281 1782 1625 1845; x_wconf 83' lang='lat' dir='ltr'><strong>voluerimus,</strong></span> <span class='ocrx_word' id='word_1_131' title='bbox 1651 1778 1921 1850; x_wconf 77' lang='lat' dir='ltr'><strong>quomodo</strong></span> 
     </span>
    </p>
   </div>
   <div class='ocr_carea' id='block_1_18' title="bbox 339 1873 1917 1950">
    <p class='ocr_par' dir='ltr' id='par_1_18' title="bbox 339 1873 1917 1950">
     <span class='ocr_line' id='line_1_18' title="bbox 339 1873 1917 1950; baseline -0.001 -22"><span class='ocrx_word' id='word_1_132' title='bbox 339 1878 476 1950; x_wconf 66' lang='lat' dir='ltr'><strong>Deus</strong></span> <span class='ocrx_word' id='word_1_133' title='bbox 503 1877 672 1931; x_wconf 88' lang='lat' dir='ltr'><strong>factus</strong></span> <span class='ocrx_word' id='word_1_134' title='bbox 717 1878 788 1932; x_wconf 87' lang='lat' dir='ltr'><strong>sit</strong></span> <span class='ocrx_word' id='word_1_135' title='bbox 814 1877 995 1941; x_wconf 91' lang='lat' dir='ltr'><strong>homo,</strong></span> <span class='ocrx_word' id='word_1_136' title='bbox 1042 1885 1099 1931; x_wconf 89' lang='lat' dir='ltr'><strong>et</strong></span> <span class='ocrx_word' id='word_1_137' title='bbox 1147 1877 1200 1929; x_wconf 92' lang='lat' dir='ltr'><strong>in</strong></span> <span class='ocrx_word' id='word_1_138' title='bbox 1229 1876 1440 1929; x_wconf 86' lang='lat' dir='ltr'><strong>vulvam</strong></span> <span class='ocrx_word' id='word_1_139' title='bbox 1470 1874 1787 1943; x_wconf 84' lang='lat' dir='ltr'><strong>virginalem</strong></span> <span class='ocrx_word' id='word_1_140' title='bbox 1833 1873 1917 1926; x_wconf 87' lang='lat' dir='ltr'><strong>in-</strong></span> 
     </span>
    </p>
   </div>
   <div class='ocr_carea' id='block_1_19' title="bbox 334 1963 1920 2034">
    <p class='ocr_par' dir='ltr' id='par_1_19' title="bbox 334 1963 1920 2034">
     <span class='ocr_line' id='line_1_19' title="bbox 334 1963 1920 2034; baseline -0.003 -14"><span class='ocrx_word' id='word_1_141' title='bbox 334 1982 548 2034; x_wconf 78' lang='lat' dir='ltr'><strong>gressus</strong></span> <span class='ocrx_word' id='word_1_142' title='bbox 577 1968 679 2030; x_wconf 88' lang='lat' dir='ltr'><strong>sit;</strong></span> <span class='ocrx_word' id='word_1_143' title='bbox 728 1976 784 2021; x_wconf 91' lang='lat' dir='ltr'><strong>et</strong></span> <span class='ocrx_word' id='word_1_144' title='bbox 813 1965 858 2020; x_wconf 92' lang='lat' dir='ltr'><strong>si</strong></span> <span class='ocrx_word' id='word_1_145' title='bbox 896 1982 1007 2020; x_wconf 85' lang='lat' dir='ltr'><strong>rem</strong></span> <span class='ocrx_word' id='word_1_146' title='bbox 1040 1965 1161 2021; x_wconf 84' lang='lat' dir='ltr'><strong>fidei</strong></span> <span class='ocrx_word' id='word_1_147' title='bbox 1191 1979 1294 2019; x_wconf 94' lang='lat' dir='ltr'><strong>non</strong></span> <span class='ocrx_word' id='word_1_148' title='bbox 1324 1963 1716 2033; x_wconf 87' lang='lat' dir='ltr'><strong>permittamus,</strong></span> <span class='ocrx_word' id='word_1_149' title='bbox 1748 1963 1920 2032; x_wconf 89' lang='lat' dir='ltr'><strong>magis</strong></span> 
     </span>
    </p>
   </div>
   <div class='ocr_carea' id='block_1_20' title="bbox 336 2053 1917 2125">
    <p class='ocr_par' dir='ltr' id='par_1_20' title="bbox 336 2053 1917 2125">
     <span class='ocr_line' id='line_1_20' title="bbox 336 2053 1917 2125; baseline -0.002 -16"><span class='ocrx_word' id='word_1_150' title='bbox 336 2056 633 2110; x_wconf 89' lang='lat' dir='ltr'><strong>irridebunt</strong></span> <span class='ocrx_word' id='word_1_151' title='bbox 673 2055 771 2109; x_wconf 93' lang='lat' dir='ltr'><strong>illi.</strong></span> <span class='ocrx_word' id='word_1_152' title='bbox 817 2057 958 2125; x_wconf 89' lang='lat' dir='ltr'><strong>Ergo</strong></span> <span class='ocrx_word' id='word_1_153' title='bbox 987 2056 1076 2125; x_wconf 89' lang='lat' dir='ltr'><strong>qui</strong></span> <span class='ocrx_word' id='word_1_154' title='bbox 1112 2055 1405 2109; x_wconf 86' lang='lat' dir='ltr'><strong>ratiociniis</strong></span> <span class='ocrx_word' id='word_1_155' title='bbox 1449 2053 1500 2108; x_wconf 91' lang='lat' dir='ltr'><strong>id</strong></span> <span class='ocrx_word' id='word_1_156' title='bbox 1531 2063 1800 2123; x_wconf 83' lang='lat' dir='ltr'><strong>quaerunt,</strong></span> <span class='ocrx_word' id='word_1_157' title='bbox 1843 2053 1917 2107; x_wconf 92' lang='lat' dir='ltr'><strong>illi</strong></span> 
     </span>
    </p>
   </div>
   <div class='ocr_carea' id='block_1_21' title="bbox 335 2145 1916 2217">
    <p class='ocr_par' dir='ltr' id='par_1_21' title="bbox 335 2145 1916 2217">
     <span class='ocr_line' id='line_1_21' title="bbox 335 2145 1916 2217; baseline -0.001 -17"><span class='ocrx_word' id='word_1_158' title='bbox 335 2159 460 2202; x_wconf 92' lang='lat' dir='ltr'><strong>sunt</strong></span> <span class='ocrx_word' id='word_1_159' title='bbox 489 2149 577 2217; x_wconf 87' lang='lat' dir='ltr'><strong>qui</strong></span> <span class='ocrx_word' id='word_1_160' title='bbox 608 2157 854 2216; x_wconf 89' lang='lat' dir='ltr'><strong>pereunt.</strong></span> <span class='ocrx_word' id='word_1_161' title='bbox 889 2146 1091 2216; x_wconf 87' lang='lat' dir='ltr'><strong>Ecquid</strong></span> <span class='ocrx_word' id='word_1_162' title='bbox 1115 2147 1235 2201; x_wconf 90' lang='lat' dir='ltr'><strong>dico</strong></span> <span class='ocrx_word' id='word_1_163' title='bbox 1261 2146 1331 2200; x_wconf 90' lang='lat' dir='ltr'><strong>de</strong></span> <span class='ocrx_word' id='word_1_164' title='bbox 1358 2145 1502 2199; x_wconf 89' lang='lat' dir='ltr'><strong>Deo?</strong></span> <span class='ocrx_word' id='word_1_165' title='bbox 1530 2145 1661 2198; x_wconf 87' lang='lat' dir='ltr'><strong>Nam</strong></span> <span class='ocrx_word' id='word_1_166' title='bbox 1701 2145 1746 2198; x_wconf 90' lang='lat' dir='ltr'><strong>si</strong></span> <span class='ocrx_word' id='word_1_167' title='bbox 1774 2145 1916 2198; x_wconf 90' lang='lat' dir='ltr'><strong>circa</strong></span> 
     </span>
    </p>
   </div>
   <div class='ocr_carea' id='block_1_22' title="bbox 331 2235 1920 2304">
    <p class='ocr_par' dir='ltr' id='par_1_22' title="bbox 331 2235 1920 2304">
     <span class='ocr_line' id='line_1_22' title="bbox 331 2235 1920 2304; baseline -0.003 -8"><span class='ocrx_word' id='word_1_168' title='bbox 331 2253 608 2296; x_wconf 88' lang='lat' dir='ltr'><strong>creaturas</strong></span> <span class='ocrx_word' id='word_1_169' title='bbox 656 2240 758 2294; x_wconf 92' lang='lat' dir='ltr'><strong>hoc</strong></span> <span class='ocrx_word' id='word_1_170' title='bbox 785 2239 1060 2303; x_wconf 79' lang='lat' dir='ltr'><strong>faciamus,</strong></span> <span class='ocrx_word' id='word_1_171' title='bbox 1110 2239 1308 2292; x_wconf 91' lang='lat' dir='ltr'><strong>multus</strong></span> <span class='ocrx_word' id='word_1_172' title='bbox 1339 2245 1594 2304; x_wconf 89' lang='lat' dir='ltr'><strong>sequetur</strong></span> <span class='ocrx_word' id='word_1_173' title='bbox 1637 2236 1795 2291; x_wconf 90' lang='lat' dir='ltr'><strong>risus.</strong></span> <span class='ocrx_word' id='word_1_174' title='bbox 1838 2235 1920 2291; x_wconf 86' lang='lat' dir='ltr'><strong>Sit</strong></span> 
     </span>
    </p>
   </div>
   <div class='ocr_carea' id='block_1_23' title="bbox 333 2327 1918 2399">
    <p class='ocr_par' dir='ltr' id='par_1_23' title="bbox 333 2327 1918 2399">
     <span class='ocr_line' id='line_1_23' title="bbox 333 2327 1918 2399; baseline -0.002 -14"><span class='ocrx_word' id='word_1_175' title='bbox 333 2332 475 2385; x_wconf 91' lang='lat' dir='ltr'><strong>enim</strong></span> <span class='ocrx_word' id='word_1_176' title='bbox 507 2332 689 2396; x_wconf 91' lang='lat' dir='ltr'><strong>homo,</strong></span> <span class='ocrx_word' id='word_1_177' title='bbox 733 2331 822 2399; x_wconf 90' lang='lat' dir='ltr'><strong>qui</strong></span> <span class='ocrx_word' id='word_1_178' title='bbox 855 2330 983 2383; x_wconf 86' lang='lat' dir='ltr'><strong>velit</strong></span> <span class='ocrx_word' id='word_1_179' title='bbox 1010 2330 1190 2383; x_wconf 89' lang='lat' dir='ltr'><strong>omnia</strong></span> <span class='ocrx_word' id='word_1_180' title='bbox 1229 2329 1524 2382; x_wconf 84' lang='lat' dir='ltr'><strong>ratiociniis</strong></span> <span class='ocrx_word' id='word_1_181' title='bbox 1565 2327 1826 2390; x_wconf 89' lang='lat' dir='ltr'><strong>ediscere,</strong></span> <span class='ocrx_word' id='word_1_182' title='bbox 1862 2338 1918 2383; x_wconf 92' lang='lat' dir='ltr'><strong>et</strong></span> 
     </span>
    </p>
   </div>
   <div class='ocr_carea' id='block_1_24' title="bbox 338 2419 1917 2489">
    <p class='ocr_par' dir='ltr' id='par_1_24' title="bbox 338 2419 1917 2489">
     <span class='ocr_line' id='line_1_24' title="bbox 338 2419 1917 2489; baseline -0.001 -15"><span class='ocrx_word' id='word_1_183' title='bbox 338 2431 510 2476; x_wconf 86' lang='lat' dir='ltr'><strong>tentet</strong></span> <span class='ocrx_word' id='word_1_184' title='bbox 540 2431 624 2474; x_wconf 88' lang='lat' dir='ltr'><strong>tua</strong></span> <span class='ocrx_word' id='word_1_185' title='bbox 655 2420 964 2489; x_wconf 88' lang='lat' dir='ltr'><strong>persuaderi</strong></span> <span class='ocrx_word' id='word_1_186' title='bbox 995 2419 1224 2486; x_wconf 88' lang='lat' dir='ltr'><strong>ratione,</strong></span> <span class='ocrx_word' id='word_1_187' title='bbox 1253 2419 1530 2488; x_wconf 87' lang='lat' dir='ltr'><strong>quomodo</strong></span> <span class='ocrx_word' id='word_1_188' title='bbox 1558 2419 1732 2474; x_wconf 90' lang='lat' dir='ltr'><strong>lucem</strong></span> <span class='ocrx_word' id='word_1_189' title='bbox 1776 2419 1917 2489; x_wconf 83' lang='lat' dir='ltr'><strong>aspi-</strong></span> 
     </span>
    </p>
   </div>
   <div class='ocr_carea' id='block_1_25' title="bbox 335 2510 1912 2579">
    <p class='ocr_par' dir='ltr' id='par_1_25' title="bbox 335 2510 1912 2579">
     <span class='ocr_line' id='line_1_25' title="bbox 335 2510 1912 2579; baseline 0.001 -15"><span class='ocrx_word' id='word_1_190' title='bbox 335 2514 577 2575; x_wconf 83' lang='lat' dir='ltr'><strong>ciamus;</strong></span> <span class='ocrx_word' id='word_1_191' title='bbox 609 2521 663 2564; x_wconf 92' lang='lat' dir='ltr'><strong>tu</strong></span> <span class='ocrx_word' id='word_1_192' title='bbox 691 2521 868 2566; x_wconf 89' lang='lat' dir='ltr'><strong>autem</strong></span> <span class='ocrx_word' id='word_1_193' title='bbox 917 2510 1193 2564; x_wconf 66' lang='lat' dir='ltr'><strong>ratiocinio</strong></span> <span class='ocrx_word' id='word_1_194' title='bbox 1234 2510 1309 2564; x_wconf 86' lang='lat' dir='ltr'><strong>illi</strong></span> <span class='ocrx_word' id='word_1_195' title='bbox 1335 2510 1658 2579; x_wconf 86' lang='lat' dir='ltr'><strong>persuadere</strong></span> <span class='ocrx_word' id='word_1_196' title='bbox 1696 2525 1912 2565; x_wconf 87' lang='lat' dir='ltr'><strong>conare.</strong></span> 
     </span>
    </p>
   </div>
   <div class='ocr_carea' id='block_1_26' title="bbox 336 2600 1916 2670">
    <p class='ocr_par' dir='ltr' id='par_1_26' title="bbox 336 2600 1916 2670">
     <span class='ocr_line' id='line_1_26' title="bbox 336 2600 1916 2670; baseline 0 -14"><span class='ocrx_word' id='word_1_197' title='bbox 336 2601 444 2656; x_wconf 87' lang='lat' dir='ltr'><strong>Sed</strong></span> <span class='ocrx_word' id='word_1_198' title='bbox 468 2617 572 2656; x_wconf 94' lang='lat' dir='ltr'><strong>non</strong></span> <span class='ocrx_word' id='word_1_199' title='bbox 608 2603 808 2670; x_wconf 90' lang='lat' dir='ltr'><strong>poteris</strong></span> <span class='ocrx_word' id='word_1_200' title='bbox 838 2618 851 2655; x_wconf 91' lang='lat'>:</span> <span class='ocrx_word' id='word_1_201' title='bbox 884 2601 925 2654; x_wconf 88' lang='lat' dir='ltr'><strong>si</strong></span> <span class='ocrx_word' id='word_1_202' title='bbox 955 2602 1098 2656; x_wconf 92' lang='lat' dir='ltr'><strong>enim</strong></span> <span class='ocrx_word' id='word_1_203' title='bbox 1126 2601 1346 2668; x_wconf 77' lang='lat' dir='ltr'><strong>dixeris,</strong></span> <span class='ocrx_word' id='word_1_204' title='bbox 1371 2601 1510 2669; x_wconf 87' lang='lat' dir='ltr'><strong>quod</strong></span> <span class='ocrx_word' id='word_1_205' title='bbox 1539 2600 1769 2656; x_wconf 83' lang='lat' dir='ltr'><strong>sufﬁciat</strong></span> <span class='ocrx_word' id='word_1_206' title='bbox 1791 2616 1916 2656; x_wconf 89' lang='lat' dir='ltr'><strong>ocu-</strong></span> 
     </span>
    </p>
   </div>
   <div class='ocr_carea' id='block_1_27' title="bbox 332 2694 1917 2763">
    <p class='ocr_par' dir='ltr' id='par_1_27' title="bbox 332 2694 1917 2763">
     <span class='ocr_line' id='line_1_27' title="bbox 332 2694 1917 2763; baseline 0.002 -15"><span class='ocrx_word' id='word_1_207' title='bbox 332 2695 414 2748; x_wconf 88' lang='lat' dir='ltr'><strong>los</strong></span> <span class='ocrx_word' id='word_1_208' title='bbox 455 2696 666 2763; x_wconf 85' lang='lat' dir='ltr'><strong>aperire</strong></span> <span class='ocrx_word' id='word_1_209' title='bbox 709 2695 776 2748; x_wconf 90' lang='lat' dir='ltr'><strong>ad</strong></span> <span class='ocrx_word' id='word_1_210' title='bbox 824 2694 1132 2761; x_wconf 88' lang='lat' dir='ltr'><strong>videndum,</strong></span> <span class='ocrx_word' id='word_1_211' title='bbox 1177 2709 1284 2749; x_wconf 92' lang='lat' dir='ltr'><strong>non</strong></span> <span class='ocrx_word' id='word_1_212' title='bbox 1325 2695 1539 2749; x_wconf 88' lang='lat' dir='ltr'><strong>modum</strong></span> <span class='ocrx_word' id='word_1_213' title='bbox 1576 2695 1780 2762; x_wconf 77' lang='lat' dir='ltr'><strong>dixisti,</strong></span> <span class='ocrx_word' id='word_1_214' title='bbox 1821 2696 1917 2751; x_wconf 90' lang='lat' dir='ltr'><strong>scd</strong></span> 
     </span>
    </p>
   </div>
   <div class='ocr_carea' id='block_1_28' title="bbox 334 2785 1914 2854">
    <p class='ocr_par' dir='ltr' id='par_1_28' title="bbox 334 2785 1914 2854">
     <span class='ocr_line' id='line_1_28' title="bbox 334 2785 1914 2854; baseline 0.003 -18"><span class='ocrx_word' id='word_1_215' title='bbox 334 2785 476 2854; x_wconf 87' lang='lat' dir='ltr'><strong>quod</strong></span> <span class='ocrx_word' id='word_1_216' title='bbox 506 2785 618 2838; x_wconf 84' lang='lat' dir='ltr'><strong>fieri</strong></span> <span class='ocrx_word' id='word_1_217' title='bbox 649 2786 806 2840; x_wconf 87' lang='lat' dir='ltr'><strong>solet.</strong></span> <span class='ocrx_word' id='word_1_218' title='bbox 835 2786 944 2839; x_wconf 86' lang='lat' dir='ltr'><strong>Cur</strong></span> <span class='ocrx_word' id='word_1_219' title='bbox 975 2787 1119 2839; x_wconf 89' lang='lat' dir='ltr'><strong>enim</strong></span> <span class='ocrx_word' id='word_1_220' title='bbox 1147 2801 1252 2839; x_wconf 91' lang='lat' dir='ltr'><strong>non</strong></span> <span class='ocrx_word' id='word_1_221' title='bbox 1281 2785 1499 2840; x_wconf 88' lang='lat' dir='ltr'><strong>auribus</strong></span> <span class='ocrx_word' id='word_1_222' title='bbox 1535 2785 1798 2849; x_wconf 83' lang='lat' dir='ltr'><strong>videmus,</strong></span> <span class='ocrx_word' id='word_1_223' title='bbox 1830 2786 1914 2840; x_wconf 88' lang='lat' dir='ltr'><strong>in-</strong></span> 
     </span>
    </p>
   </div>
   <div class='ocr_carea' id='block_1_29' title="bbox 333 2875 1913 2945">
    <p class='ocr_par' dir='ltr' id='par_1_29' title="bbox 333 2875 1913 2945">
     <span class='ocr_line' id='line_1_29' title="bbox 333 2875 1913 2945; baseline 0 -15"><span class='ocrx_word' id='word_1_224' title='bbox 333 2876 503 2945; x_wconf 87' lang='lat' dir='ltr'><strong>quiet,</strong></span> <span class='ocrx_word' id='word_1_225' title='bbox 533 2891 633 2930; x_wconf 92' lang='lat' dir='ltr'><strong>nec</strong></span> <span class='ocrx_word' id='word_1_226' title='bbox 672 2876 842 2929; x_wconf 89' lang='lat' dir='ltr'><strong>oculis</strong></span> <span class='ocrx_word' id='word_1_227' title='bbox 871 2875 1154 2929; x_wconf 87' lang='lat' dir='ltr'><strong>audimus?</strong></span> <span class='ocrx_word' id='word_1_228' title='bbox 1198 2889 1295 2929; x_wconf 89' lang='lat' dir='ltr'><strong>cur</strong></span> <span class='ocrx_word' id='word_1_229' title='bbox 1337 2890 1442 2930; x_wconf 90' lang='lat' dir='ltr'><strong>non</strong></span> <span class='ocrx_word' id='word_1_230' title='bbox 1487 2889 1618 2930; x_wconf 85' lang='lat' dir='ltr'><strong>naso</strong></span> <span class='ocrx_word' id='word_1_231' title='bbox 1646 2875 1913 2943; x_wconf 91' lang='lat' dir='ltr'><strong>audimus,</strong></span> 
     </span>
    </p>
   </div>
   <div class='ocr_carea' id='block_1_30' title="bbox 333 2964 1915 3037">
    <p class='ocr_par' dir='ltr' id='par_1_30' title="bbox 333 2964 1915 3037">
     <span class='ocr_line' id='line_1_30' title="bbox 333 2964 1915 3037; baseline 0.002 -17"><span class='ocrx_word' id='word_1_232' title='bbox 333 2980 435 3020; x_wconf 90' lang='lat' dir='ltr'><strong>nec</strong></span> <span class='ocrx_word' id='word_1_233' title='bbox 477 2966 696 3020; x_wconf 89' lang='lat' dir='ltr'><strong>auribus</strong></span> <span class='ocrx_word' id='word_1_234' title='bbox 735 2964 1054 3019; x_wconf 87' lang='lat' dir='ltr'><strong>olfacimus?</strong></span> <span class='ocrx_word' id='word_1_235' title='bbox 1082 2965 1136 3020; x_wconf 92' lang='lat' dir='ltr'><strong>Si</strong></span> <span class='ocrx_word' id='word_1_236' title='bbox 1181 2981 1310 3035; x_wconf 87' lang='lat' dir='ltr'><strong>ergo</strong></span> <span class='ocrx_word' id='word_1_237' title='bbox 1347 2966 1438 3020; x_wconf 92' lang='lat' dir='ltr'><strong>illo</strong></span> <span class='ocrx_word' id='word_1_238' title='bbox 1471 2980 1532 3020; x_wconf 90' lang='lat' dir='ltr'><strong>ea</strong></span> <span class='ocrx_word' id='word_1_239' title='bbox 1563 2966 1631 3021; x_wconf 92' lang='lat' dir='ltr'><strong>de</strong></span> <span class='ocrx_word' id='word_1_240' title='bbox 1677 2982 1736 3022; x_wconf 91' lang='lat' dir='ltr'><strong>re</strong></span> <span class='ocrx_word' id='word_1_241' title='bbox 1765 2983 1915 3037; x_wconf 65' lang='lat' dir='ltr'><strong>quae-</strong></span> 
     </span>
    </p>
   </div>
   <div class='ocr_carea' id='block_1_31' title="bbox 333 3055 1918 3124">
    <p class='ocr_par' dir='ltr' id='par_1_31' title="bbox 333 3055 1918 3124">
     <span class='ocr_line' id='line_1_31' title="bbox 333 3055 1918 3124; baseline 0.004 -18"><span class='ocrx_word' id='word_1_242' title='bbox 333 3065 506 3120; x_wconf 89' lang='lat' dir='ltr'><strong>rente,</strong></span> <span class='ocrx_word' id='word_1_243' title='bbox 550 3069 653 3108; x_wconf 92' lang='lat' dir='ltr'><strong>non</strong></span> <span class='ocrx_word' id='word_1_244' title='bbox 693 3069 976 3124; x_wconf 88' lang='lat' dir='ltr'><strong>possumus</strong></span> <span class='ocrx_word' id='word_1_245' title='bbox 1028 3055 1218 3109; x_wconf 88' lang='lat' dir='ltr'><strong>borum</strong></span> <span class='ocrx_word' id='word_1_246' title='bbox 1258 3057 1520 3110; x_wconf 89' lang='lat' dir='ltr'><strong>rationem</strong></span> <span class='ocrx_word' id='word_1_247' title='bbox 1567 3056 1815 3124; x_wconf 86' lang='lat' dir='ltr'><strong>reddere,</strong></span> <span class='ocrx_word' id='word_1_248' title='bbox 1862 3068 1918 3113; x_wconf 85' lang='lat' dir='ltr'><strong>et</strong></span> 
     </span>
    </p>
   </div>
   <div class='ocr_carea' id='block_1_32' title="bbox 333 3127 1917 3217">
    <p class='ocr_par' dir='ltr' id='par_1_32' title="bbox 333 3127 1917 3217">
     <span class='ocr_line' id='line_1_32' title="bbox 333 3127 1917 3217; baseline 0.004 -17"><span class='ocrx_word' id='word_1_249' title='bbox 333 3147 422 3200; x_wconf 92' lang='lat' dir='ltr'><strong>ille</strong></span> <span class='ocrx_word' id='word_1_250' title='bbox 447 3146 636 3212; x_wconf 87' lang='lat' dir='ltr'><strong>rideat,</strong></span> <span class='ocrx_word' id='word_1_251' title='bbox 657 3127 831 3200; x_wconf 87' lang='lat' dir='ltr'><strong>annon</strong></span> <span class='ocrx_word' id='word_1_252' title='bbox 861 3147 1027 3217; x_wconf 86' lang='lat' dir='ltr'><strong>magis</strong></span> <span class='ocrx_word' id='word_1_253' title='bbox 1054 3162 1149 3202; x_wconf 91' lang='lat' dir='ltr'><strong>nos</strong></span> <span class='ocrx_word' id='word_1_254' title='bbox 1181 3148 1511 3203; x_wconf 86' lang='lat' dir='ltr'><strong>ridebimus?</strong></span> <span class='ocrx_word' id='word_1_255' title='bbox 1533 3149 1663 3204; x_wconf 83' lang='lat' dir='ltr'><strong>Nam</strong></span> <span class='ocrx_word' id='word_1_256' title='bbox 1689 3151 1734 3205; x_wconf 88' lang='lat' dir='ltr'><strong>si</strong></span> <span class='ocrx_word' id='word_1_257' title='bbox 1757 3153 1917 3206; x_wconf 90' lang='lat' dir='ltr'><strong>ambo</strong></span> 
     </span>
    </p>
   </div>
   <div class='ocr_carea' id='block_1_33' title="bbox 334 3219 1918 3312">
    <p class='ocr_par' dir='ltr' id='par_1_33' title="bbox 334 3219 1918 3312">
     <span class='ocr_line' id='line_1_33' title="bbox 334 3219 1918 3312; baseline 0.004 -21"><span class='ocrx_word' id='word_1_258' title='bbox 334 3253 401 3292; x_wconf 77' lang='lat' dir='ltr'><strong>ex</strong></span> <span class='ocrx_word' id='word_1_259' title='bbox 461 3219 930 3293; x_wconf 78' lang='lat' dir='ltr'><strong>eodem-cerebro</strong></span> <span class='ocrx_word' id='word_1_260' title='bbox 985 3239 1298 3308; x_wconf 81' lang='lat' dir='ltr'><strong>principium</strong></span> <span class='ocrx_word' id='word_1_261' title='bbox 1360 3240 1595 3308; x_wconf 88' lang='lat' dir='ltr'><strong>habent,</strong></span> <span class='ocrx_word' id='word_1_262' title='bbox 1653 3241 1918 3312; x_wconf 89' lang='lat' dir='ltr'><strong>amboque</strong></span> 
     </span>
    </p>
   </div>
   <div class='ocr_carea' id='block_1_34' title="bbox 337 3325 1918 3401">
    <p class='ocr_par' dir='ltr' id='par_1_34' title="bbox 337 3325 1918 3401">
     <span class='ocr_line' id='line_1_34' title="bbox 337 3325 1918 3401; baseline 0.004 -21"><span class='ocrx_word' id='word_1_263' title='bbox 337 3326 579 3381; x_wconf 90' lang='lat' dir='ltr'><strong>membra</strong></span> <span class='ocrx_word' id='word_1_264' title='bbox 623 3325 791 3382; x_wconf 67' lang='lat' dir='ltr'><strong>vicina</strong></span> <span class='ocrx_word' id='word_1_265' title='bbox 831 3337 970 3392; x_wconf 90' lang='lat' dir='ltr'><strong>sunt,</strong></span> <span class='ocrx_word' id='word_1_266' title='bbox 1002 3329 1268 3397; x_wconf 85' lang='lat' dir='ltr'><strong>quonme</strong></span> <span class='ocrx_word' id='word_1_267' title='bbox 1307 3346 1410 3383; x_wconf 89' lang='lat' dir='ltr'><strong>non</strong></span> <span class='ocrx_word' id='word_1_268' title='bbox 1438 3332 1624 3386; x_wconf 89' lang='lat' dir='ltr'><strong>eadem</strong></span> <span class='ocrx_word' id='word_1_269' title='bbox 1654 3331 1765 3401; x_wconf 89' lang='lat' dir='ltr'><strong>ipsa</strong></span> <span class='ocrx_word' id='word_1_270' title='bbox 1797 3347 1918 3401; x_wconf 86' lang='lat' dir='ltr'><strong>pos-</strong></span> 
     </span>
    </p>
   </div>
   <div class='ocr_carea' id='block_1_35' title="bbox 333 3415 1917 3492">
    <p class='ocr_par' dir='ltr' id='par_1_35' title="bbox 333 3415 1917 3492">
     <span class='ocr_line' id='line_1_35' title="bbox 333 3415 1917 3492; baseline 0.006 -21"><span class='ocrx_word' id='word_1_271' title='bbox 333 3428 458 3471; x_wconf 92' lang='lat' dir='ltr'><strong>sunt</strong></span> <span class='ocrx_word' id='word_1_272' title='bbox 479 3417 690 3473; x_wconf 88' lang='lat' dir='ltr'><strong>facere?</strong></span> <span class='ocrx_word' id='word_1_273' title='bbox 712 3419 816 3474; x_wconf 87' lang='lat' dir='ltr'><strong>Sed</strong></span> <span class='ocrx_word' id='word_1_274' title='bbox 845 3434 947 3472; x_wconf 93' lang='lat' dir='ltr'><strong>non</strong></span> <span class='ocrx_word' id='word_1_275' title='bbox 973 3417 1263 3488; x_wconf 87' lang='lat' dir='ltr'><strong>poterimus</strong></span> <span class='ocrx_word' id='word_1_276' title='bbox 1281 3437 1494 3475; x_wconf 86' lang='lat' dir='ltr'><strong>causam</strong></span> <span class='ocrx_word' id='word_1_277' title='bbox 1518 3421 1716 3480; x_wconf 84' lang='lat' dir='ltr'><strong>dicere.</strong></span> <span class='ocrx_word' id='word_1_278' title='bbox 1733 3415 1917 3492; x_wconf 78' lang='lat' dir='ltr'><strong>neque</strong></span> 
     </span>
    </p>
   </div>
   <div class='ocr_carea' id='block_1_36' title="bbox 333 3508 1916 3581">
    <p class='ocr_par' dir='ltr' id='par_1_36' title="bbox 333 3508 1916 3581">
     <span class='ocr_line' id='line_1_36' title="bbox 333 3508 1916 3581; baseline 0.006 -20"><span class='ocrx_word' id='word_1_279' title='bbox 333 3508 546 3562; x_wconf 89' lang='lat' dir='ltr'><strong>modum</strong></span> <span class='ocrx_word' id='word_1_280' title='bbox 577 3508 857 3564; x_wconf 83' lang='lat' dir='ltr'><strong>ineffabilis</strong></span> <span class='ocrx_word' id='word_1_281' title='bbox 892 3518 945 3564; x_wconf 88' lang='lat' dir='ltr'><strong>et</strong></span> <span class='ocrx_word' id='word_1_282' title='bbox 977 3511 1136 3565; x_wconf 70' lang='lat' dir='ltr'><strong>variae</strong></span> <span class='ocrx_word' id='word_1_283' title='bbox 1176 3511 1541 3581; x_wconf 88' lang='lat' dir='ltr'><strong>operationis;</strong></span> <span class='ocrx_word' id='word_1_284' title='bbox 1574 3522 1628 3567; x_wconf 92' lang='lat' dir='ltr'><strong>et</strong></span> <span class='ocrx_word' id='word_1_285' title='bbox 1665 3513 1708 3567; x_wconf 92' lang='lat' dir='ltr'><strong>si</strong></span> <span class='ocrx_word' id='word_1_286' title='bbox 1741 3522 1916 3570; x_wconf 88' lang='lat' dir='ltr'><strong>tente-</strong></span> 
     </span>
    </p>
   </div>
   <div class='ocr_carea' id='block_1_37' title="bbox 334 3599 1918 3671">
    <p class='ocr_par' dir='ltr' id='par_1_37' title="bbox 334 3599 1918 3671">
     <span class='ocr_line' id='line_1_37' title="bbox 334 3599 1918 3671; baseline 0.006 -19"><span class='ocrx_word' id='word_1_287' title='bbox 334 3613 484 3663; x_wconf 92' lang='lat' dir='ltr'><strong>mus,</strong></span> <span class='ocrx_word' id='word_1_288' title='bbox 536 3599 895 3657; x_wconf 87' lang='lat' dir='ltr'><strong>irridebimur.</strong></span> <span class='ocrx_word' id='word_1_289' title='bbox 942 3599 1064 3656; x_wconf 89' lang='lat' dir='ltr'><strong>Ideo</strong></span> <span class='ocrx_word' id='word_1_290' title='bbox 1117 3601 1208 3657; x_wconf 88' lang='lat' dir='ltr'><strong>Dei</strong></span> <span class='ocrx_word' id='word_1_291' title='bbox 1257 3603 1504 3671; x_wconf 82' lang='lat' dir='ltr'><strong>potentiae</strong></span> <span class='ocrx_word' id='word_1_292' title='bbox 1547 3614 1601 3658; x_wconf 91' lang='lat' dir='ltr'><strong>et</strong></span> <span class='ocrx_word' id='word_1_293' title='bbox 1639 3603 1918 3662; x_wconf 68' lang='lat' dir='ltr'><strong>immensa:</strong></span> 
     </span>
    </p>
   </div>
   <div class='ocr_carea' id='block_1_38' title="bbox 333 3694 1917 3768">
    <p class='ocr_par' dir='ltr' id='par_1_38' title="bbox 333 3694 1917 3768">
     <span class='ocr_line' id='line_1_38' title="bbox 333 3694 1917 3768; baseline 0.006 -24"><span class='ocrx_word' id='word_1_294' title='bbox 333 3694 607 3762; x_wconf 70' lang='lat' dir='ltr'><strong>sapientia:</strong></span> <span class='ocrx_word' id='word_1_295' title='bbox 651 3695 923 3756; x_wconf 90' lang='lat' dir='ltr'><strong>cedentes,</strong></span> <span class='ocrx_word' id='word_1_296' title='bbox 959 3704 1250 3748; x_wconf 86' lang='lat' dir='ltr'><strong>taceamus.</strong></span> <span class='ocrx_word' id='word_1_297' title='bbox 1285 3697 1359 3750; x_wconf 85' lang='lat' dir='ltr'><strong>Ita</strong></span> <span class='ocrx_word' id='word_1_298' title='bbox 1406 3711 1534 3765; x_wconf 88' lang='lat' dir='ltr'><strong>ergo</strong></span> <span class='ocrx_word' id='word_1_299' title='bbox 1583 3697 1628 3751; x_wconf 92' lang='lat' dir='ltr'><strong>si</strong></span> <span class='ocrx_word' id='word_1_300' title='bbox 1669 3711 1755 3762; x_wconf 91' lang='lat' dir='ltr'><strong>ea,</strong></span> <span class='ocrx_word' id='word_1_301' title='bbox 1798 3715 1917 3768; x_wconf 76' lang='lat' dir='ltr'><strong>qua:</strong></span> 
     </span>
    </p>
   </div>
   <div class='ocr_carea' id='block_1_39' title="bbox 336 3782 1914 3853">
    <p class='ocr_par' dir='ltr' id='par_1_39' title="bbox 336 3782 1914 3853">
     <span class='ocr_line' id='line_1_39' title="bbox 336 3782 1914 3853; baseline 0.003 -20"><span class='ocrx_word' id='word_1_302' title='bbox 336 3782 427 3835; x_wconf 87' lang='lat' dir='ltr'><strong>Dei</strong></span> <span class='ocrx_word' id='word_1_303' title='bbox 450 3791 592 3845; x_wconf 92' lang='lat' dir='ltr'><strong>sunt,</strong></span> <span class='ocrx_word' id='word_1_304' title='bbox 619 3798 710 3849; x_wconf 91' lang='lat' dir='ltr'><strong>per</strong></span> <span class='ocrx_word' id='word_1_305' title='bbox 727 3795 1003 3835; x_wconf 81' lang='lat' dir='ltr'><strong>externam</strong></span> <span class='ocrx_word' id='word_1_306' title='bbox 1033 3783 1344 3850; x_wconf 84' lang='lat' dir='ltr'><strong>sapientiam</strong></span> <span class='ocrx_word' id='word_1_307' title='bbox 1364 3783 1632 3848; x_wconf 84' lang='lat' dir='ltr'><strong>explicare</strong></span> <span class='ocrx_word' id='word_1_308' title='bbox 1663 3785 1914 3853; x_wconf 82' lang='lat' dir='ltr'><strong>velimus,</strong></span> 
     </span>
    </p>
   </div>
   <div class='ocr_carea' id='block_1_40' title="bbox 335 3873 1919 3940">
    <p class='ocr_par' dir='ltr' id='par_1_40' title="bbox 335 3873 1919 3940">
     <span class='ocr_line' id='line_1_40' title="bbox 335 3873 1919 3940; baseline 0.001 -15"><span class='ocrx_word' id='word_1_309' title='bbox 335 3874 536 3925; x_wconf 83' lang='lat' dir='ltr'><strong>inultus</strong></span> <span class='ocrx_word' id='word_1_310' title='bbox 561 3881 814 3940; x_wconf 88' lang='lat' dir='ltr'><strong>sequetur</strong></span> <span class='ocrx_word' id='word_1_311' title='bbox 844 3873 1004 3935; x_wconf 92' lang='lat' dir='ltr'><strong>risus,</strong></span> <span class='ocrx_word' id='word_1_312' title='bbox 1034 3887 1137 3923; x_wconf 85' lang='lat' dir='ltr'><strong>non</strong></span> <span class='ocrx_word' id='word_1_313' title='bbox 1173 3883 1387 3940; x_wconf 86' lang='lat' dir='ltr'><strong>propter</strong></span> <span class='ocrx_word' id='word_1_314' title='bbox 1427 3889 1602 3925; x_wconf 90' lang='lat' dir='ltr'><strong>rerum</strong></span> <span class='ocrx_word' id='word_1_315' title='bbox 1634 3873 1919 3929; x_wconf 76' lang='lat' dir='ltr'><strong>imbecilli-</strong></span> 
     </span>
    </p>
   </div>
   <div class='ocr_carea' id='block_1_41' title="bbox 334 3962 1917 4031">
    <p class='ocr_par' dir='ltr' id='par_1_41' title="bbox 334 3962 1917 4031">
     <span class='ocr_line' id='line_1_41' title="bbox 334 3962 1917 4031; baseline 0.001 -13"><span class='ocrx_word' id='word_1_316' title='bbox 334 3973 520 4029; x_wconf 89' lang='lat' dir='ltr'><strong>tatem,</strong></span> <span class='ocrx_word' id='word_1_317' title='bbox 563 3963 658 4017; x_wconf 90' lang='lat' dir='ltr'><strong>sed</strong></span> <span class='ocrx_word' id='word_1_318' title='bbox 709 3973 924 4031; x_wconf 90' lang='lat' dir='ltr'><strong>propter</strong></span> <span class='ocrx_word' id='word_1_319' title='bbox 969 3962 1242 4016; x_wconf 85' lang='lat' dir='ltr'><strong>hominum</strong></span> <span class='ocrx_word' id='word_1_320' title='bbox 1293 3964 1597 4016; x_wconf 84' lang='lat' dir='ltr'><strong>amentiam.</strong></span> <span class='ocrx_word' id='word_1_321' title='bbox 1629 3965 1737 4020; x_wconf 82' lang='lat' dir='ltr'><strong>Res</strong></span> <span class='ocrx_word' id='word_1_322' title='bbox 1775 3965 1917 4020; x_wconf 88' lang='lat' dir='ltr'><strong>enim</strong></span> 
     </span>
    </p>
   </div>
   <div class='ocr_carea' id='block_1_42' title="bbox 335 4054 1916 4124">
    <p class='ocr_par' dir='ltr' id='par_1_42' title="bbox 335 4054 1916 4124">
     <span class='ocr_line' id='line_1_42' title="bbox 335 4054 1916 4124; baseline 0.001 -15"><span class='ocrx_word' id='word_1_323' title='bbox 335 4071 554 4124; x_wconf 82' lang='lat' dir='ltr'><strong>magnas</strong></span> <span class='ocrx_word' id='word_1_324' title='bbox 580 4054 759 4108; x_wconf 89' lang='lat' dir='ltr'><strong>nullus</strong></span> <span class='ocrx_word' id='word_1_325' title='bbox 794 4070 971 4108; x_wconf 89' lang='lat' dir='ltr'><strong>sermo</strong></span> <span class='ocrx_word' id='word_1_326' title='bbox 1009 4065 1182 4124; x_wconf 78' lang='lat' dir='ltr'><strong>potest</strong></span> <span class='ocrx_word' id='word_1_327' title='bbox 1209 4055 1504 4122; x_wconf 84' lang='lat' dir='ltr'><strong>explicare.</strong></span> <span class='ocrx_word' id='word_1_328' title='bbox 1537 4055 1786 4110; x_wconf 83' lang='lat' dir='ltr'><strong>Animum</strong></span> <span class='ocrx_word' id='word_1_329' title='bbox 1818 4073 1916 4111; x_wconf 84' lang='lat' dir='ltr'><strong>au-</strong></span> 
     </span>
    </p>
   </div>
   <div class='ocr_carea' id='block_1_43' title="bbox 336 4145 1918 4214">
    <p class='ocr_par' dir='ltr' id='par_1_43' title="bbox 336 4145 1918 4214">
     <span class='ocr_line' id='line_1_43' title="bbox 336 4145 1918 4214; baseline 0.004 -15"><span class='ocrx_word' id='word_1_330' title='bbox 336 4158 440 4200; x_wconf 90' lang='lat' dir='ltr'><strong>tem</strong></span> <span class='ocrx_word' id='word_1_331' title='bbox 498 4145 728 4201; x_wconf 87' lang='lat' dir='ltr'><strong>adhibe:</strong></span> <span class='ocrx_word' id='word_1_332' title='bbox 761 4161 882 4200; x_wconf 88' lang='lat' dir='ltr'><strong>cum</strong></span> <span class='ocrx_word' id='word_1_333' title='bbox 929 4147 1147 4210; x_wconf 81' lang='lat' dir='ltr'><strong>dixero,</strong></span> <span class='ocrx_word' id='word_1_334' title='bbox 1194 4146 1492 4202; x_wconf 79' lang='lat' dir='ltr'><strong>Crucifixus</strong></span> <span class='ocrx_word' id='word_1_335' title='bbox 1538 4157 1649 4214; x_wconf 90' lang='lat' dir='ltr'><strong>est,</strong></span> <span class='ocrx_word' id='word_1_336' title='bbox 1700 4148 1918 4206; x_wconf 60' lang='lat' dir='ltr'><strong>Graecus</strong></span> 
     </span>
    </p>
   </div>
   <div class='ocr_carea' id='block_1_44' title="bbox 335 4237 1917 4308">
    <p class='ocr_par' dir='ltr' id='par_1_44' title="bbox 335 4237 1917 4308">
     <span class='ocr_line' id='line_1_44' title="bbox 335 4237 1917 4308; baseline 0.003 -18"><span class='ocrx_word' id='word_1_337' title='bbox 335 4238 507 4292; x_wconf 88' lang='lat' dir='ltr'><strong>dicit:</strong></span> <span class='ocrx_word' id='word_1_338' title='bbox 540 4238 604 4292; x_wconf 85' lang='lat' dir='ltr'><strong>Et</strong></span> <span class='ocrx_word' id='word_1_339' title='bbox 639 4237 908 4308; x_wconf 85' lang='lat' dir='ltr'><strong>quomodo</strong></span> <span class='ocrx_word' id='word_1_340' title='bbox 953 4239 1054 4292; x_wconf 90' lang='lat' dir='ltr'><strong>hoc</strong></span> <span class='ocrx_word' id='word_1_341' title='bbox 1097 4239 1287 4292; x_wconf 85' lang='lat' dir='ltr'><strong>rationi</strong></span> <span class='ocrx_word' id='word_1_342' title='bbox 1339 4249 1757 4294; x_wconf 90' lang='lat' dir='ltr'><strong>consentaneum</strong></span> <span class='ocrx_word' id='word_1_343' title='bbox 1799 4242 1917 4297; x_wconf 87' lang='lat' dir='ltr'><strong>est?</strong></span> 
     </span>
    </p>
   </div>
   <div class='ocr_carea' id='block_1_45' title="bbox 333 4332 1918 4410">
    <p class='ocr_par' dir='ltr' id='par_1_45' title="bbox 333 4332 1918 4410">
     <span class='ocr_line' id='line_1_45' title="bbox 333 4332 1918 4410; baseline 0.004 -25"><span class='ocrx_word' id='word_1_344' title='bbox 333 4333 436 4386; x_wconf 86' lang='lat' dir='ltr'><strong>sibi</strong></span> <span class='ocrx_word' id='word_1_345' title='bbox 443 4348 585 4410; x_wconf 52' lang='lat' dir='ltr'><strong>l.pon</strong></span> <span class='ocrx_word' id='word_1_346' title='bbox 615 4347 770 4401; x_wconf 90' lang='lat' dir='ltr'><strong>opem</strong></span> <span class='ocrx_word' id='word_1_347' title='bbox 807 4332 924 4386; x_wconf 87' lang='lat' dir='ltr'><strong>tulit</strong></span> <span class='ocrx_word' id='word_1_348' title='bbox 956 4348 1075 4387; x_wconf 91' lang='lat' dir='ltr'><strong>cum</strong></span> <span class='ocrx_word' id='word_1_349' title='bbox 1107 4332 1510 4402; x_wconf 84' lang='lat' dir='ltr'><strong>crucifigeretur</strong></span> <span class='ocrx_word' id='word_1_350' title='bbox 1537 4343 1592 4389; x_wconf 92' lang='lat' dir='ltr'><strong>et</strong></span> <span class='ocrx_word' id='word_1_351' title='bbox 1623 4343 1918 4392; x_wconf 88' lang='lat' dir='ltr'><strong>tentaretur</strong></span> 
     </span>
    </p>
   </div>
   <div class='ocr_carea' id='block_1_46' title="bbox 335 4425 1918 4495">
    <p class='ocr_par' dir='ltr' id='par_1_46' title="bbox 335 4425 1918 4495">
     <span class='ocr_line' id='line_1_46' title="bbox 335 4425 1918 4495; baseline 0.004 -19"><span class='ocrx_word' id='word_1_352' title='bbox 335 4434 575 4494; x_wconf 85' lang='lat' dir='ltr'><strong>tempore</strong></span> <span class='ocrx_word' id='word_1_353' title='bbox 618 4425 830 4488; x_wconf 89' lang='lat' dir='ltr'><strong>crucis;</strong></span> <span class='ocrx_word' id='word_1_354' title='bbox 874 4434 929 4478; x_wconf 91' lang='lat' dir='ltr'><strong>et</strong></span> <span class='ocrx_word' id='word_1_355' title='bbox 953 4426 1222 4494; x_wconf 90' lang='lat' dir='ltr'><strong>quomodo</strong></span> <span class='ocrx_word' id='word_1_356' title='bbox 1264 4433 1447 4495; x_wconf 85' lang='lat' dir='ltr'><strong>postea</strong></span> <span class='ocrx_word' id='word_1_357' title='bbox 1494 4427 1819 4493; x_wconf 79' lang='lat' dir='ltr'><strong>resurrexit,</strong></span> <span class='ocrx_word' id='word_1_358' title='bbox 1863 4435 1918 4483; x_wconf 90' lang='lat' dir='ltr'><strong>et</strong></span> 
     </span>
    </p>
   </div>
   <div class='ocr_carea' id='block_1_47' title="bbox 333 4517 1916 4585">
    <p class='ocr_par' dir='ltr' id='par_1_47' title="bbox 333 4517 1916 4585">
     <span class='ocr_line' id='line_1_47' title="bbox 333 4517 1916 4585; baseline 0.006 -19"><span class='ocrx_word' id='word_1_359' title='bbox 333 4517 454 4570; x_wconf 87' lang='lat' dir='ltr'><strong>aliis</strong></span> <span class='ocrx_word' id='word_1_360' title='bbox 497 4531 654 4584; x_wconf 84' lang='lat' dir='ltr'><strong>opem</strong></span> <span class='ocrx_word' id='word_1_361' title='bbox 707 4517 861 4569; x_wconf 84' lang='lat' dir='ltr'><strong>tulit?</strong></span> <span class='ocrx_word' id='word_1_362' title='bbox 908 4532 1028 4569; x_wconf 87' lang='lat' dir='ltr'><strong>nam</strong></span> <span class='ocrx_word' id='word_1_363' title='bbox 1080 4519 1126 4570; x_wconf 90' lang='lat' dir='ltr'><strong>si</strong></span> <span class='ocrx_word' id='word_1_364' title='bbox 1175 4527 1418 4585; x_wconf 79' lang='lat' dir='ltr'><strong>poterat,</strong></span> <span class='ocrx_word' id='word_1_365' title='bbox 1469 4519 1746 4585; x_wconf 89' lang='lat' dir='ltr'><strong>oportebat</strong></span> <span class='ocrx_word' id='word_1_366' title='bbox 1793 4533 1916 4577; x_wconf 87' lang='lat' dir='ltr'><strong>ante</strong></span> 
     </span>
    </p>
   </div>
   <div class='ocr_carea' id='block_1_48' title="bbox 335 4605 1911 4680">
    <p class='ocr_par' dir='ltr' id='par_1_48' title="bbox 335 4605 1911 4680">
     <span class='ocr_line' id='line_1_48' title="bbox 335 4605 1911 4680; baseline 0.003 -21"><span class='ocrx_word' id='word_1_367' title='bbox 335 4614 559 4660; x_wconf 90' lang='lat' dir='ltr'><strong>mortem</strong></span> <span class='ocrx_word' id='word_1_368' title='bbox 610 4621 767 4673; x_wconf 80' lang='lat' dir='ltr'><strong>agerc</strong></span> <span class='ocrx_word' id='word_1_369' title='bbox 813 4606 960 4669; x_wconf 90' lang='lat' dir='ltr'><strong>(nam</strong></span> <span class='ocrx_word' id='word_1_370' title='bbox 998 4605 1099 4659; x_wconf 88' lang='lat' dir='ltr'><strong>hoc</strong></span> <span class='ocrx_word' id='word_1_371' title='bbox 1139 4622 1350 4675; x_wconf 88' lang='lat' dir='ltr'><strong>quoque</strong></span> <span class='ocrx_word' id='word_1_372' title='bbox 1399 4606 1648 4660; x_wconf 89' lang='lat' dir='ltr'><strong>dicebant</strong></span> <span class='ocrx_word' id='word_1_373' title='bbox 1677 4608 1911 4680; x_wconf 76' lang='lat' dir='ltr'><strong>Judzei):</strong></span> 
     </span>
    </p>
   </div>
   <div class='ocr_carea' id='block_1_49' title="bbox 334 4695 1915 4766">
    <p class='ocr_par' dir='ltr' id='par_1_49' title="bbox 334 4695 1915 4766">
     <span class='ocr_line' id='line_1_49' title="bbox 334 4695 1915 4766; baseline 0.004 -18"><span class='ocrx_word' id='word_1_374' title='bbox 334 4696 426 4764; x_wconf 92' lang='lat' dir='ltr'><strong>qui</strong></span> <span class='ocrx_word' id='word_1_375' title='bbox 464 4706 639 4748; x_wconf 88' lang='lat' dir='ltr'><strong>autem</strong></span> <span class='ocrx_word' id='word_1_376' title='bbox 685 4695 788 4749; x_wconf 90' lang='lat' dir='ltr'><strong>sibi</strong></span> <span class='ocrx_word' id='word_1_377' title='bbox 829 4696 930 4764; x_wconf 89' lang='lat' dir='ltr'><strong>ipsi</strong></span> <span class='ocrx_word' id='word_1_378' title='bbox 964 4713 1118 4765; x_wconf 88' lang='lat' dir='ltr'><strong>opem</strong></span> <span class='ocrx_word' id='word_1_379' title='bbox 1172 4713 1274 4750; x_wconf 91' lang='lat' dir='ltr'><strong>non</strong></span> <span class='ocrx_word' id='word_1_380' title='bbox 1311 4697 1449 4762; x_wconf 90' lang='lat' dir='ltr'><strong>tulit,</strong></span> <span class='ocrx_word' id='word_1_381' title='bbox 1492 4698 1766 4766; x_wconf 88' lang='lat' dir='ltr'><strong>quomodo</strong></span> <span class='ocrx_word' id='word_1_382' title='bbox 1795 4701 1915 4756; x_wconf 89' lang='lat' dir='ltr'><strong>aliis</strong></span> 
     </span>
    </p>
   </div>
   <div class='ocr_carea' id='block_1_50' title="bbox 339 4786 1911 4855">
    <p class='ocr_par' dir='ltr' id='par_1_50' title="bbox 339 4786 1911 4855">
     <span class='ocr_line' id='line_1_50' title="bbox 339 4786 1911 4855; baseline 0.003 -16"><span class='ocrx_word' id='word_1_383' title='bbox 339 4787 450 4840; x_wconf 89' lang='lat' dir='ltr'><strong>tulit</strong></span> <span class='ocrx_word' id='word_1_384' title='bbox 471 4787 612 4840; x_wconf 91' lang='lat' dir='ltr'><strong>?nou</strong></span> <span class='ocrx_word' id='word_1_385' title='bbox 629 4787 846 4849; x_wconf 89' lang='lat' dir='ltr'><strong>esthoc,</strong></span> <span class='ocrx_word' id='word_1_386' title='bbox 869 4786 1060 4855; x_wconf 91' lang='lat' dir='ltr'><strong>inquit,</strong></span> <span class='ocrx_word' id='word_1_387' title='bbox 1082 4786 1272 4839; x_wconf 84' lang='lat' dir='ltr'><strong>rationi</strong></span> <span class='ocrx_word' id='word_1_388' title='bbox 1294 4794 1731 4841; x_wconf 86' lang='lat' dir='ltr'><strong>consentaneum.</strong></span> <span class='ocrx_word' id='word_1_389' title='bbox 1753 4789 1911 4843; x_wconf 87' lang='lat' dir='ltr'><strong>Jurc:</strong></span> 
     </span>
    </p>
   </div>
   <div class='ocr_carea' id='block_1_51' title="bbox 335 4876 1914 4944">
    <p class='ocr_par' dir='ltr' id='par_1_51' title="bbox 335 4876 1914 4944">
     <span class='ocr_line' id='line_1_51' title="bbox 335 4876 1914 4944; baseline 0.003 -13"><span class='ocrx_word' id='word_1_390' title='bbox 335 4886 420 4931; x_wconf 92' lang='lat' dir='ltr'><strong>est</strong></span> <span class='ocrx_word' id='word_1_391' title='bbox 443 4876 586 4930; x_wconf 91' lang='lat' dir='ltr'><strong>enim</strong></span> <span class='ocrx_word' id='word_1_392' title='bbox 616 4892 768 4942; x_wconf 77' lang='lat' dir='ltr'><strong>crux,</strong></span> <span class='ocrx_word' id='word_1_393' title='bbox 801 4890 834 4930; x_wconf 96' lang='lat' dir='ltr'><strong>o</strong></span> <span class='ocrx_word' id='word_1_394' title='bbox 863 4876 1045 4941; x_wconf 90' lang='lat' dir='ltr'><strong>homo,</strong></span> <span class='ocrx_word' id='word_1_395' title='bbox 1079 4891 1236 4944; x_wconf 87' lang='lat' dir='ltr'><strong>supra</strong></span> <span class='ocrx_word' id='word_1_396' title='bbox 1270 4876 1526 4932; x_wconf 88' lang='lat' dir='ltr'><strong>rationem</strong></span> <span class='ocrx_word' id='word_1_397' title='bbox 1550 4888 1602 4932; x_wconf 91' lang='lat' dir='ltr'><strong>et</strong></span> <span class='ocrx_word' id='word_1_398' title='bbox 1631 4878 1914 4935; x_wconf 86' lang='lat' dir='ltr'><strong>incll&#39;abilis</strong></span> 
     </span>
    </p>
   </div>
   <div class='ocr_carea' id='block_1_52' title="bbox 335 4967 1914 5036">
    <p class='ocr_par' dir='ltr' id='par_1_52' title="bbox 335 4967 1914 5036">
     <span class='ocr_line' id='line_1_52' title="bbox 335 4967 1914 5036; baseline 0.002 -15"><span class='ocrx_word' id='word_1_399' title='bbox 335 4968 565 5022; x_wconf 89' lang='lat' dir='ltr'><strong>virtutis.</strong></span> <span class='ocrx_word' id='word_1_400' title='bbox 597 4967 728 5022; x_wconf 84' lang='lat' dir='ltr'><strong>Nam</strong></span> <span class='ocrx_word' id='word_1_401' title='bbox 755 4969 807 5022; x_wconf 94' lang='lat' dir='ltr'><strong>in</strong></span> <span class='ocrx_word' id='word_1_402' title='bbox 838 4967 992 5021; x_wconf 89' lang='lat' dir='ltr'><strong>malis</strong></span> <span class='ocrx_word' id='word_1_403' title='bbox 1021 4968 1272 5036; x_wconf 79' lang='lat' dir='ltr'><strong>gravibus</strong></span> <span class='ocrx_word' id='word_1_404' title='bbox 1293 4969 1664 5035; x_wconf 87' lang='lat' dir='ltr'><strong>constitutum,</strong></span> <span class='ocrx_word' id='word_1_405' title='bbox 1704 4969 1769 5024; x_wconf 91' lang='lat' dir='ltr'><strong>iis</strong></span> <span class='ocrx_word' id='word_1_406' title='bbox 1797 4987 1914 5024; x_wconf 91' lang='lat' dir='ltr'><strong>ma-</strong></span> 
     </span>
    </p>
   </div>
   <div class='ocr_carea' id='block_1_53' title="bbox 336 5060 1910 5131">
    <p class='ocr_par' dir='ltr' id='par_1_53' title="bbox 336 5060 1910 5131">
     <span class='ocr_line' id='line_1_53' title="bbox 336 5060 1910 5131; baseline 0.003 -17"><span class='ocrx_word' id='word_1_407' title='bbox 336 5061 402 5114; x_wconf 89' lang='lat' dir='ltr'><strong>lis</strong></span> <span class='ocrx_word' id='word_1_408' title='bbox 427 5061 759 5128; x_wconf 87' lang='lat' dir='ltr'><strong>superiorem</strong></span> <span class='ocrx_word' id='word_1_409' title='bbox 783 5075 1062 5131; x_wconf 87' lang='lat' dir='ltr'><strong>apparere,</strong></span> <span class='ocrx_word' id='word_1_410' title='bbox 1105 5069 1159 5114; x_wconf 93' lang='lat' dir='ltr'><strong>et</strong></span> <span class='ocrx_word' id='word_1_411' title='bbox 1187 5060 1265 5114; x_wconf 86' lang='lat' dir='ltr'><strong>sic</strong></span> <span class='ocrx_word' id='word_1_412' title='bbox 1304 5075 1650 5131; x_wconf 85' lang='lat' dir='ltr'><strong>congressum</strong></span> <span class='ocrx_word' id='word_1_413' title='bbox 1676 5062 1910 5128; x_wconf 84' lang='lat' dir='ltr'><strong>vincere,</strong></span> 
     </span>
    </p>
   </div>
   <div class='ocr_carea' id='block_1_54' title="bbox 336 5150 1916 5223">
    <p class='ocr_par' dir='ltr' id='par_1_54' title="bbox 336 5150 1916 5223">
     <span class='ocr_line' id='line_1_54' title="bbox 336 5150 1916 5223; baseline 0.003 -19"><span class='ocrx_word' id='word_1_414' title='bbox 336 5150 612 5205; x_wconf 74' lang='lat' dir='ltr'><strong>immensze</strong></span> <span class='ocrx_word' id='word_1_415' title='bbox 650 5152 862 5207; x_wconf 84' lang='lat' dir='ltr'><strong>virtutis</strong></span> <span class='ocrx_word' id='word_1_416' title='bbox 897 5163 1000 5207; x_wconf 91' lang='lat' dir='ltr'><strong>est.</strong></span> <span class='ocrx_word' id='word_1_417' title='bbox 1032 5152 1101 5208; x_wconf 90' lang='lat' dir='ltr'><strong>Ut</strong></span> <span class='ocrx_word' id='word_1_418' title='bbox 1128 5153 1270 5207; x_wconf 90' lang='lat' dir='ltr'><strong>enim</strong></span> <span class='ocrx_word' id='word_1_419' title='bbox 1298 5152 1350 5206; x_wconf 93' lang='lat' dir='ltr'><strong>in</strong></span> <span class='ocrx_word' id='word_1_420' title='bbox 1397 5153 1564 5208; x_wconf 91' lang='lat' dir='ltr'><strong>tribus</strong></span> <span class='ocrx_word' id='word_1_421' title='bbox 1596 5153 1791 5223; x_wconf 91' lang='lat' dir='ltr'><strong>pueris,</strong></span> <span class='ocrx_word' id='word_1_422' title='bbox 1834 5154 1916 5208; x_wconf 83' lang='lat' dir='ltr'><strong>in-</strong></span> 
     </span>
    </p>
   </div>
   <div class='ocr_carea' id='block_1_55' title="bbox 336 5240 1913 5310">
    <p class='ocr_par' dir='ltr' id='par_1_55' title="bbox 336 5240 1913 5310">
     <span class='ocr_line' id='line_1_55' title="bbox 336 5240 1913 5310; baseline 0.003 -16"><span class='ocrx_word' id='word_1_423' title='bbox 336 5255 548 5310; x_wconf 89' lang='lat' dir='ltr'><strong>gressos</strong></span> <span class='ocrx_word' id='word_1_424' title='bbox 573 5240 626 5294; x_wconf 92' lang='lat' dir='ltr'><strong>in</strong></span> <span class='ocrx_word' id='word_1_425' title='bbox 655 5240 924 5296; x_wconf 87' lang='lat' dir='ltr'><strong>fornacem</strong></span> <span class='ocrx_word' id='word_1_426' title='bbox 955 5245 1298 5298; x_wconf 89' lang='lat' dir='ltr'><strong>conculcasse</strong></span> <span class='ocrx_word' id='word_1_427' title='bbox 1320 5242 1589 5296; x_wconf 85' lang='lat' dir='ltr'><strong>flammam</strong></span> <span class='ocrx_word' id='word_1_428' title='bbox 1618 5243 1913 5300; x_wconf 88' lang='lat' dir='ltr'><strong>mirabilius</strong></span> 
     </span>
    </p>
   </div>
   <div class='ocr_carea' id='block_1_56' title="bbox 336 5331 1912 5403">
    <p class='ocr_par' dir='ltr' id='par_1_56' title="bbox 336 5331 1912 5403">
     <span class='ocr_line' id='line_1_56' title="bbox 336 5331 1912 5403; baseline 0.004 -17"><span class='ocrx_word' id='word_1_429' title='bbox 336 5340 472 5389; x_wconf 88' lang='lat' dir='ltr'><strong>erat.</strong></span> <span class='ocrx_word' id='word_1_430' title='bbox 500 5347 658 5401; x_wconf 84' lang='lat' dir='ltr'><strong>quam</strong></span> <span class='ocrx_word' id='word_1_431' title='bbox 709 5332 755 5386; x_wconf 89' lang='lat' dir='ltr'><strong>si</strong></span> <span class='ocrx_word' id='word_1_432' title='bbox 803 5331 1030 5402; x_wconf 88' lang='lat' dir='ltr'><strong>ingressi</strong></span> <span class='ocrx_word' id='word_1_433' title='bbox 1059 5351 1163 5387; x_wconf 92' lang='lat' dir='ltr'><strong>non</strong></span> <span class='ocrx_word' id='word_1_434' title='bbox 1196 5334 1458 5398; x_wconf 86' lang='lat' dir='ltr'><strong>fuissent;</strong></span> <span class='ocrx_word' id='word_1_435' title='bbox 1500 5345 1555 5390; x_wconf 90' lang='lat' dir='ltr'><strong>et</strong></span> <span class='ocrx_word' id='word_1_436' title='bbox 1597 5336 1650 5390; x_wconf 90' lang='lat' dir='ltr'><strong>in</strong></span> <span class='ocrx_word' id='word_1_437' title='bbox 1673 5335 1827 5403; x_wconf 81' lang='lat' dir='ltr'><strong>Jona,</strong></span> <span class='ocrx_word' id='word_1_438' title='bbox 1859 5337 1912 5393; x_wconf 91' lang='lat' dir='ltr'><strong>in</strong></span> 
     </span>
    </p>
   </div>
   <div class='ocr_carea' id='block_1_57' title="bbox 335 5423 1914 5494">
    <p class='ocr_par' dir='ltr' id='par_1_57' title="bbox 335 5423 1914 5494">
     <span class='ocr_line' id='line_1_57' title="bbox 335 5423 1914 5494; baseline 0.002 -14"><span class='ocrx_word' id='word_1_439' title='bbox 335 5435 514 5480; x_wconf 90' lang='lat' dir='ltr'><strong>cetum</strong></span> <span class='ocrx_word' id='word_1_440' title='bbox 545 5423 868 5478; x_wconf 90' lang='lat' dir='ltr'><strong>incidentem</strong></span> <span class='ocrx_word' id='word_1_441' title='bbox 901 5440 929 5477; x_wconf 91' lang='lat' dir='ltr'><strong>a</strong></span> <span class='ocrx_word' id='word_1_442' title='bbox 971 5424 1144 5478; x_wconf 88' lang='lat' dir='ltr'><strong>bellua</strong></span> <span class='ocrx_word' id='word_1_443' title='bbox 1177 5424 1307 5477; x_wconf 89' lang='lat' dir='ltr'><strong>nihil</strong></span> <span class='ocrx_word' id='word_1_444' title='bbox 1339 5440 1554 5494; x_wconf 81' lang='lat' dir='ltr'><strong>passum</strong></span> <span class='ocrx_word' id='word_1_445' title='bbox 1599 5442 1719 5482; x_wconf 91' lang='lat' dir='ltr'><strong>esse</strong></span> <span class='ocrx_word' id='word_1_446' title='bbox 1747 5429 1914 5484; x_wconf 92' lang='lat' dir='ltr'><strong>multo</strong></span> 
     </span>
    </p>
   </div>
   <div class='ocr_carea' id='block_1_58' title="bbox 338 5514 1915 5585">
    <p class='ocr_par' dir='ltr' id='par_1_58' title="bbox 338 5514 1915 5585">
     <span class='ocr_line' id='line_1_58' title="bbox 338 5514 1915 5585; baseline 0.004 -17"><span class='ocrx_word' id='word_1_447' title='bbox 338 5515 509 5583; x_wconf 88' lang='lat' dir='ltr'><strong>majus</strong></span> <span class='ocrx_word' id='word_1_448' title='bbox 537 5524 673 5579; x_wconf 91' lang='lat' dir='ltr'><strong>erat,</strong></span> <span class='ocrx_word' id='word_1_449' title='bbox 705 5530 864 5585; x_wconf 89' lang='lat' dir='ltr'><strong>quam</strong></span> <span class='ocrx_word' id='word_1_450' title='bbox 889 5514 935 5570; x_wconf 91' lang='lat' dir='ltr'><strong>si</strong></span> <span class='ocrx_word' id='word_1_451' title='bbox 963 5530 1066 5569; x_wconf 92' lang='lat' dir='ltr'><strong>non</strong></span> <span class='ocrx_word' id='word_1_452' title='bbox 1097 5514 1410 5570; x_wconf 85' lang='lat' dir='ltr'><strong>incidisset:</strong></span> <span class='ocrx_word' id='word_1_453' title='bbox 1439 5516 1516 5570; x_wconf 91' lang='lat' dir='ltr'><strong>sic</strong></span> <span class='ocrx_word' id='word_1_454' title='bbox 1542 5526 1596 5570; x_wconf 91' lang='lat' dir='ltr'><strong>et</strong></span> <span class='ocrx_word' id='word_1_455' title='bbox 1621 5517 1672 5572; x_wconf 93' lang='lat' dir='ltr'><strong>in</strong></span> <span class='ocrx_word' id='word_1_456' title='bbox 1697 5519 1915 5575; x_wconf 85' lang='lat' dir='ltr'><strong>Christo</strong></span> 
     </span>
    </p>
   </div>
   <div class='ocr_carea' id='block_1_59' title="bbox 337 5603 1911 5676">
    <p class='ocr_par' dir='ltr' id='par_1_59' title="bbox 337 5603 1911 5676">
     <span class='ocr_line' id='line_1_59' title="bbox 337 5603 1911 5676; baseline 0.003 -17"><span class='ocrx_word' id='word_1_457' title='bbox 337 5607 493 5676; x_wconf 88' lang='lat' dir='ltr'><strong>longe</strong></span> <span class='ocrx_word' id='word_1_458' title='bbox 510 5605 805 5661; x_wconf 82' lang='lat' dir='ltr'><strong>mirabilius</strong></span> <span class='ocrx_word' id='word_1_459' title='bbox 823 5605 920 5660; x_wconf 92' lang='lat' dir='ltr'><strong>fuit</strong></span> <span class='ocrx_word' id='word_1_460' title='bbox 939 5615 1204 5661; x_wconf 90' lang='lat' dir='ltr'><strong>mortuum</strong></span> <span class='ocrx_word' id='word_1_461' title='bbox 1236 5603 1460 5658; x_wconf 73' lang='lat' dir='ltr'><strong>solvisse</strong></span> <span class='ocrx_word' id='word_1_462' title='bbox 1486 5616 1734 5674; x_wconf 88' lang='lat' dir='ltr'><strong>mortem,</strong></span> <span class='ocrx_word' id='word_1_463' title='bbox 1754 5626 1911 5676; x_wconf 88' lang='lat' dir='ltr'><strong>quam</strong></span> 
     </span>
    </p>
   </div>
   <div class='ocr_carea' id='block_1_60' title="bbox 334 5695 1916 5772">
    <p class='ocr_par' dir='ltr' id='par_1_60' title="bbox 334 5695 1916 5772">
     <span class='ocr_line' id='line_1_60' title="bbox 334 5695 1916 5772; baseline 0.004 -20"><span class='ocrx_word' id='word_1_464' title='bbox 334 5697 384 5754; x_wconf 93' lang='lat' dir='ltr'><strong>si</strong></span> <span class='ocrx_word' id='word_1_465' title='bbox 413 5709 654 5756; x_wconf 86' lang='lat' dir='ltr'><strong>mortuus</strong></span> <span class='ocrx_word' id='word_1_466' title='bbox 680 5715 787 5758; x_wconf 91' lang='lat' dir='ltr'><strong>non</strong></span> <span class='ocrx_word' id='word_1_467' title='bbox 814 5699 1021 5756; x_wconf 87' lang='lat' dir='ltr'><strong>fuisset.</strong></span> <span class='ocrx_word' id='word_1_468' title='bbox 1054 5699 1126 5755; x_wconf 75' lang='lat' dir='ltr'><strong>Ne</strong></span> <span class='ocrx_word' id='word_1_469' title='bbox 1146 5696 1298 5754; x_wconf 86' lang='lat' dir='ltr'><strong>dicas</strong></span> <span class='ocrx_word' id='word_1_470' title='bbox 1318 5695 1476 5770; x_wconf 65' lang='lat' dir='ltr'><strong>ergo,</strong></span> <span class='ocrx_word' id='word_1_471' title='bbox 1503 5700 1615 5759; x_wconf 84' lang='lat' dir='ltr'><strong>Cur</strong></span> <span class='ocrx_word' id='word_1_472' title='bbox 1634 5701 1734 5759; x_wconf 89' lang='lat' dir='ltr'><strong>sibi</strong></span> <span class='ocrx_word' id='word_1_473' title='bbox 1759 5717 1916 5772; x_wconf 86' lang='lat' dir='ltr'><strong>opem</strong></span> 
     </span>
    </p>
   </div>
   <div class='ocr_carea' id='block_1_61' title="bbox 2040 409 3610 494">
    <p class='ocr_par' dir='ltr' id='par_1_61' title="bbox 2040 409 3610 494">
     <span class='ocr_line' id='line_1_61' title="bbox 2040 409 3610 494; baseline 0.013 -31"><span class='ocrx_word' id='word_1_474' title='bbox 2040 425 2144 463; x_wconf 86' lang='lat' dir='ltr'><strong>non</strong></span> <span class='ocrx_word' id='word_1_475' title='bbox 2178 409 2298 465; x_wconf 90' lang='lat' dir='ltr'><strong>tulit</strong></span> <span class='ocrx_word' id='word_1_476' title='bbox 2321 411 2373 465; x_wconf 92' lang='lat' dir='ltr'><strong>in</strong></span> <span class='ocrx_word' id='word_1_477' title='bbox 2405 415 2600 467; x_wconf 89' lang='lat' dir='ltr'><strong>cruce?</strong></span> <span class='ocrx_word' id='word_1_478' title='bbox 2639 414 2770 468; x_wconf 85' lang='lat' dir='ltr'><strong>Nam</strong></span> <span class='ocrx_word' id='word_1_479' title='bbox 2801 432 2922 470; x_wconf 91' lang='lat' dir='ltr'><strong>cum</strong></span> <span class='ocrx_word' id='word_1_480' title='bbox 2949 428 3123 474; x_wconf 91' lang='lat' dir='ltr'><strong>morte</strong></span> <span class='ocrx_word' id='word_1_481' title='bbox 3153 422 3440 494; x_wconf 84' lang='lat' dir='ltr'><strong>conﬂigere</strong></span> <span class='ocrx_word' id='word_1_482' title='bbox 3468 429 3610 483; x_wconf 84' lang='lat' dir='ltr'><strong>vole—</strong></span> 
     </span>
    </p>
   </div>
   <div class='ocr_carea' id='block_1_62' title="bbox 2033 498 3603 586">
    <p class='ocr_par' dir='ltr' id='par_1_62' title="bbox 2033 498 3603 586">
     <span class='ocr_line' id='line_1_62' title="bbox 2033 498 3603 586; baseline 0.013 -34"><span class='ocrx_word' id='word_1_483' title='bbox 2033 498 2141 552; x_wconf 87' lang='lat' dir='ltr'><strong>bat.</strong></span> <span class='ocrx_word' id='word_1_484' title='bbox 2171 499 2285 552; x_wconf 89' lang='lat' dir='ltr'><strong>Non</strong></span> <span class='ocrx_word' id='word_1_485' title='bbox 2316 500 2594 556; x_wconf 90' lang='lat' dir='ltr'><strong>descendit</strong></span> <span class='ocrx_word' id='word_1_486' title='bbox 2633 504 2700 559; x_wconf 89' lang='lat' dir='ltr'><strong>de</strong></span> <span class='ocrx_word' id='word_1_487' title='bbox 2739 521 2918 573; x_wconf 90' lang='lat' dir='ltr'><strong>cruce,</strong></span> <span class='ocrx_word' id='word_1_488' title='bbox 2965 525 3071 563; x_wconf 89' lang='lat' dir='ltr'><strong>non</strong></span> <span class='ocrx_word' id='word_1_489' title='bbox 3098 513 3238 581; x_wconf 91' lang='lat' dir='ltr'><strong>quod</strong></span> <span class='ocrx_word' id='word_1_490' title='bbox 3273 531 3376 569; x_wconf 94' lang='lat' dir='ltr'><strong>non</strong></span> <span class='ocrx_word' id='word_1_491' title='bbox 3405 529 3603 586; x_wconf 88' lang='lat' dir='ltr'><strong>posset,</strong></span> 
     </span>
    </p>
   </div>
   <div class='ocr_carea' id='block_1_63' title="bbox 2032 589 3604 676">
    <p class='ocr_par' dir='ltr' id='par_1_63' title="bbox 2032 589 3604 676">
     <span class='ocr_line' id='line_1_63' title="bbox 2032 589 3604 676; baseline 0.015 -34"><span class='ocrx_word' id='word_1_492' title='bbox 2032 589 2127 644; x_wconf 87' lang='lat' dir='ltr'><strong>sed</strong></span> <span class='ocrx_word' id='word_1_493' title='bbox 2153 591 2290 660; x_wconf 91' lang='lat' dir='ltr'><strong>quod</strong></span> <span class='ocrx_word' id='word_1_494' title='bbox 2316 592 2498 647; x_wconf 91' lang='lat' dir='ltr'><strong>nollet.</strong></span> <span class='ocrx_word' id='word_1_495' title='bbox 2525 595 2658 649; x_wconf 90' lang='lat' dir='ltr'><strong>Eum</strong></span> <span class='ocrx_word' id='word_1_496' title='bbox 2681 598 2822 653; x_wconf 88' lang='lat' dir='ltr'><strong>enim</strong></span> <span class='ocrx_word' id='word_1_497' title='bbox 2847 615 3001 668; x_wconf 91' lang='lat' dir='ltr'><strong>quem</strong></span> <span class='ocrx_word' id='word_1_498' title='bbox 3033 605 3219 662; x_wconf 89' lang='lat' dir='ltr'><strong>mortis</strong></span> <span class='ocrx_word' id='word_1_499' title='bbox 3245 608 3487 676; x_wconf 80' lang='lat' dir='ltr'><strong>tyrannis</strong></span> <span class='ocrx_word' id='word_1_500' title='bbox 3507 611 3604 666; x_wconf 88' lang='lat' dir='ltr'><strong>de-</strong></span> 
     </span>
    </p>
   </div>
   <div class='ocr_carea' id='block_1_64' title="bbox 2033 681 3602 759">
    <p class='ocr_par' dir='ltr' id='par_1_64' title="bbox 2033 681 3602 759">
     <span class='ocr_line' id='line_1_64' title="bbox 2033 681 3602 759; baseline 0.015 -25"><span class='ocrx_word' id='word_1_501' title='bbox 2033 681 2202 737; x_wconf 90' lang='lat' dir='ltr'><strong>tinere</strong></span> <span class='ocrx_word' id='word_1_502' title='bbox 2249 698 2354 737; x_wconf 91' lang='lat' dir='ltr'><strong>non</strong></span> <span class='ocrx_word' id='word_1_503' title='bbox 2400 685 2597 753; x_wconf 89' lang='lat' dir='ltr'><strong>potuit,</strong></span> <span class='ocrx_word' id='word_1_504' title='bbox 2645 693 2911 759; x_wconf 90' lang='lat' dir='ltr'><strong>quomodo</strong></span> <span class='ocrx_word' id='word_1_505' title='bbox 2961 694 3102 750; x_wconf 84' lang='lat' dir='ltr'><strong>clavi</strong></span> <span class='ocrx_word' id='word_1_506' title='bbox 3141 697 3316 753; x_wconf 86' lang='lat' dir='ltr'><strong>crucis</strong></span> <span class='ocrx_word' id='word_1_507' title='bbox 3360 700 3602 757; x_wconf 82' lang='lat' dir='ltr'><strong>detinere</strong></span> 
     </span>
    </p>
   </div>
   <div class='ocr_carea' id='block_1_65' title="bbox 2031 775 2373 843">
    <p class='ocr_par' dir='ltr' id='par_1_65' title="bbox 2031 775 2373 843">
     <span class='ocr_line' id='line_1_65' title="bbox 2031 775 2373 843; baseline 0.012 -16"><span class='ocrx_word' id='word_1_508' title='bbox 2031 775 2330 843; x_wconf 90' lang='lat' dir='ltr'><strong>potuissent</strong></span> <span class='ocrx_word' id='word_1_509' title='bbox 2351 777 2373 830; x_wconf 64' lang='grc' dir='ltr'><strong><em>τ</em></strong></span> 
     </span>
    </p>
   </div>
   <div class='ocr_carea' id='block_1_66' title="bbox 2099 867 3601 943">
    <p class='ocr_par' dir='ltr' id='par_1_66' title="bbox 2099 867 3601 943">
     <span class='ocr_line' id='line_1_66' title="bbox 2099 867 3601 943; baseline 0.012 -22"><span class='ocrx_word' id='word_1_510' title='bbox 2099 868 2154 921; x_wconf 78' lang='lat'><strong>2.</strong></span> <span class='ocrx_word' id='word_1_511' title='bbox 2198 867 2306 922; x_wconf 90' lang='lat' dir='ltr'><strong>Sed</strong></span> <span class='ocrx_word' id='word_1_512' title='bbox 2343 869 2457 926; x_wconf 64' lang='lat' dir='ltr'><strong>haec</strong></span> <span class='ocrx_word' id='word_1_513' title='bbox 2480 871 2634 927; x_wconf 86' lang='lat' dir='ltr'><strong>nobis</strong></span> <span class='ocrx_word' id='word_1_514' title='bbox 2661 884 2780 930; x_wconf 90' lang='lat' dir='ltr'><strong>nota</strong></span> <span class='ocrx_word' id='word_1_515' title='bbox 2805 887 2949 943; x_wconf 86' lang='lat' dir='ltr'><strong>sunt,</strong></span> <span class='ocrx_word' id='word_1_516' title='bbox 2978 880 3284 938; x_wconf 88' lang='lat' dir='ltr'><strong>infidelibus</strong></span> <span class='ocrx_word' id='word_1_517' title='bbox 3315 899 3420 938; x_wconf 92' lang='lat' dir='ltr'><strong>non</strong></span> <span class='ocrx_word' id='word_1_518' title='bbox 3451 885 3601 940; x_wconf 87' lang='lat' dir='ltr'><strong>item.</strong></span> 
     </span>
    </p>
   </div>
   <div class='ocr_carea' id='block_1_67' title="bbox 2032 956 3610 1039">
    <p class='ocr_par' dir='ltr' id='par_1_67' title="bbox 2032 956 3610 1039">
     <span class='ocr_line' id='line_1_67' title="bbox 2032 956 3610 1039; baseline 0.013 -29"><span class='ocrx_word' id='word_1_519' title='bbox 2032 956 2160 1012; x_wconf 89' lang='lat' dir='ltr'><strong>Ideo</strong></span> <span class='ocrx_word' id='word_1_520' title='bbox 2196 959 2424 1027; x_wconf 88' lang='lat' dir='ltr'><strong>dicebat,</strong></span> <span class='ocrx_word' id='word_1_521' title='bbox 2472 964 2690 1018; x_wconf 84' lang='lat' dir='ltr'><strong>verbum</strong></span> <span class='ocrx_word' id='word_1_522' title='bbox 2734 967 2910 1022; x_wconf 78' lang='lat' dir='ltr'><strong>crucis</strong></span> <span class='ocrx_word' id='word_1_523' title='bbox 2946 973 3293 1039; x_wconf 87' lang='lat' dir='ltr'><strong>pereuntibus</strong></span> <span class='ocrx_word' id='word_1_524' title='bbox 3327 975 3610 1031; x_wconf 88' lang='lat' dir='ltr'><strong>stultitiam</strong></span> 
     </span>
    </p>
   </div>
   <div class='ocr_carea' id='block_1_68' title="bbox 2027 1050 3606 1130">
    <p class='ocr_par' dir='ltr' id='par_1_68' title="bbox 2027 1050 3606 1130">
     <span class='ocr_line' id='line_1_68' title="bbox 2027 1050 3606 1130; baseline 0.012 -28"><span class='ocrx_word' id='word_1_525' title='bbox 2027 1062 2167 1113; x_wconf 87' lang='lat' dir='ltr'><strong>esse,</strong></span> <span class='ocrx_word' id='word_1_526' title='bbox 2202 1050 2357 1104; x_wconf 89' lang='lat' dir='ltr'><strong>nobis</strong></span> <span class='ocrx_word' id='word_1_527' title='bbox 2387 1061 2562 1107; x_wconf 88' lang='lat' dir='ltr'><strong>autem</strong></span> <span class='ocrx_word' id='word_1_528' title='bbox 2587 1057 2812 1112; x_wconf 81' lang='lat' dir='ltr'><strong>salutem</strong></span> <span class='ocrx_word' id='word_1_529' title='bbox 2837 1062 3313 1130; x_wconf 90' lang='lat' dir='ltr'><strong>consequentibus,</strong></span> <span class='ocrx_word' id='word_1_530' title='bbox 3351 1065 3606 1121; x_wconf 85' lang='lat' dir='ltr'><strong>virtutem</strong></span> 
     </span>
    </p>
   </div>
   <div class='ocr_carea' id='block_1_69' title="bbox 2028 1138 3604 1222">
    <p class='ocr_par' dir='ltr' id='par_1_69' title="bbox 2028 1138 3604 1222">
     <span class='ocr_line' id='line_1_69' title="bbox 2028 1138 3604 1222; baseline 0.011 -31"><span class='ocrx_word' id='word_1_531' title='bbox 2028 1152 2148 1192; x_wconf 85' lang='lat' dir='ltr'><strong>esse</strong></span> <span class='ocrx_word' id='word_1_532' title='bbox 2175 1138 2289 1194; x_wconf 92' lang='lat' dir='ltr'><strong>Dei.</strong></span> <span class='ocrx_word' id='word_1_533' title='bbox 2324 1140 2582 1213; x_wconf 79' lang='lat' dir='ltr'><strong>Scriptum</strong></span> <span class='ocrx_word' id='word_1_534' title='bbox 2615 1156 2688 1198; x_wconf 88' lang='lat' dir='ltr'><strong>est</strong></span> <span class='ocrx_word' id='word_1_535' title='bbox 2714 1148 2845 1200; x_wconf 88' lang='lat' dir='ltr'><strong>enim</strong></span> <span class='ocrx_word' id='word_1_536' title='bbox 2875 1163 2893 1200; x_wconf 89' lang='lat'><strong><em>:</em></strong></span> <span class='ocrx_word' id='word_1_537' title='bbox 2920 1148 3140 1204; x_wconf 78' lang='lat' dir='ltr'><strong>Perdant</strong></span> <span class='ocrx_word' id='word_1_538' title='bbox 3179 1155 3478 1222; x_wconf 73' lang='lat' dir='ltr'><strong>sapientiam</strong></span> <span class='ocrx_word' id='word_1_539' title='bbox 3515 1173 3604 1209; x_wconf 86' lang='lat' dir='ltr'><strong>sa-</strong></span> 
     </span>
    </p>
   </div>
   <div class='ocr_carea' id='block_1_70' title="bbox 2028 1229 3604 1311">
    <p class='ocr_par' dir='ltr' id='par_1_70' title="bbox 2028 1229 3604 1311">
     <span class='ocr_line' id='line_1_70' title="bbox 2028 1229 3604 1311; baseline 0.013 -30"><span class='ocrx_word' id='word_1_540' title='bbox 2028 1229 2293 1298; x_wconf 86' lang='lat' dir='ltr'><strong>pientium,</strong></span> <span class='ocrx_word' id='word_1_541' title='bbox 2337 1242 2383 1284; x_wconf 87' lang='lat' dir='ltr'><strong>et</strong></span> <span class='ocrx_word' id='word_1_542' title='bbox 2423 1235 2742 1301; x_wconf 83' lang='lat' dir='ltr'><strong>prudentiam</strong></span> <span class='ocrx_word' id='word_1_543' title='bbox 2771 1239 3093 1307; x_wconf 81' lang='lat' dir='ltr'><strong>prudentium</strong></span> <span class='ocrx_word' id='word_1_544' title='bbox 3121 1243 3417 1311; x_wconf 83' lang='lat' dir='ltr'><strong>reprobabo.</strong></span> <span class='ocrx_word' id='word_1_545' title='bbox 3461 1245 3604 1302; x_wconf 82' lang='lat' dir='ltr'><strong>Nihil</strong></span> 
     </span>
    </p>
   </div>
   <div class='ocr_carea' id='block_1_71' title="bbox 2027 1321 3604 1402">
    <p class='ocr_par' dir='ltr' id='par_1_71' title="bbox 2027 1321 3604 1402">
     <span class='ocr_line' id='line_1_71' title="bbox 2027 1321 3604 1402; baseline 0.014 -33"><span class='ocrx_word' id='word_1_546' title='bbox 2027 1331 2186 1386; x_wconf 87' lang='lat' dir='ltr'><strong>grave</strong></span> <span class='ocrx_word' id='word_1_547' title='bbox 2216 1321 2471 1376; x_wconf 91' lang='lat' dir='ltr'><strong>hactenus</strong></span> <span class='ocrx_word' id='word_1_548' title='bbox 2498 1326 2693 1392; x_wconf 90' lang='lat' dir='ltr'><strong>posuit,</strong></span> <span class='ocrx_word' id='word_1_549' title='bbox 2723 1328 2816 1382; x_wconf 90' lang='lat' dir='ltr'><strong>sed</strong></span> <span class='ocrx_word' id='word_1_550' title='bbox 2848 1329 3020 1397; x_wconf 88' lang='lat' dir='ltr'><strong>primo</strong></span> <span class='ocrx_word' id='word_1_551' title='bbox 3042 1331 3109 1385; x_wconf 87' lang='lat' dir='ltr'><strong>ad</strong></span> <span class='ocrx_word' id='word_1_552' title='bbox 3137 1333 3426 1402; x_wconf 59' lang='lat' dir='ltr'><strong>Scriptura!</strong></span> <span class='ocrx_word' id='word_1_553' title='bbox 3453 1337 3604 1391; x_wconf 77' lang='lat' dir='ltr'><strong>testi-</strong></span> 
     </span>
    </p>
   </div>
   <div class='ocr_carea' id='block_1_72' title="bbox 2026 1408 3600 1495">
    <p class='ocr_par' dir='ltr' id='par_1_72' title="bbox 2026 1408 3600 1495">
     <span class='ocr_line' id='line_1_72' title="bbox 2026 1408 3600 1495; baseline 0.015 -36"><span class='ocrx_word' id='word_1_554' title='bbox 2026 1408 2264 1463; x_wconf 90' lang='lat' dir='ltr'><strong>monium</strong></span> <span class='ocrx_word' id='word_1_555' title='bbox 2295 1412 2459 1479; x_wconf 85' lang='lat' dir='ltr'><strong>venit,</strong></span> <span class='ocrx_word' id='word_1_556' title='bbox 2487 1423 2542 1467; x_wconf 90' lang='lat' dir='ltr'><strong>et</strong></span> <span class='ocrx_word' id='word_1_557' title='bbox 2574 1425 2700 1471; x_wconf 90' lang='lat' dir='ltr'><strong>tunc</strong></span> <span class='ocrx_word' id='word_1_558' title='bbox 2728 1417 2918 1474; x_wconf 84' lang='lat' dir='ltr'><strong>fiducia</strong></span> <span class='ocrx_word' id='word_1_559' title='bbox 2948 1420 3072 1476; x_wconf 88' lang='lat' dir='ltr'><strong>inde</strong></span> <span class='ocrx_word' id='word_1_560' title='bbox 3112 1435 3406 1495; x_wconf 83' lang='lat' dir='ltr'><strong>assumpta,</strong></span> <span class='ocrx_word' id='word_1_561' title='bbox 3435 1427 3600 1482; x_wconf 84' lang='lat' dir='ltr'><strong>vehe-</strong></span> 
     </span>
    </p>
   </div>
   <div class='ocr_carea' id='block_1_73' title="bbox 2027 1501 3605 1578">
    <p class='ocr_par' dir='ltr' id='par_1_73' title="bbox 2027 1501 3605 1578">
     <span class='ocr_line' id='line_1_73' title="bbox 2027 1501 3605 1578; baseline 0.013 -26"><span class='ocrx_word' id='word_1_562' title='bbox 2027 1501 2287 1558; x_wconf 90' lang='lat' dir='ltr'><strong>mentiore</strong></span> <span class='ocrx_word' id='word_1_563' title='bbox 2314 1505 2479 1560; x_wconf 92' lang='lat' dir='ltr'><strong>utitur</strong></span> <span class='ocrx_word' id='word_1_564' title='bbox 2504 1522 2774 1576; x_wconf 88' lang='lat' dir='ltr'><strong>sermone,</strong></span> <span class='ocrx_word' id='word_1_565' title='bbox 2807 1521 2863 1567; x_wconf 92' lang='lat' dir='ltr'><strong>et</strong></span> <span class='ocrx_word' id='word_1_566' title='bbox 2898 1514 2972 1566; x_wconf 88' lang='lat' dir='ltr'><strong>ait</strong></span> <span class='ocrx_word' id='word_1_567' title='bbox 2997 1530 3009 1566; x_wconf 90' lang='lat'>:</span> <span class='ocrx_word' id='word_1_568' title='bbox 3046 1514 3231 1570; x_wconf 87' lang='lat' dir='ltr'><strong>Nonne</strong></span> <span class='ocrx_word' id='word_1_569' title='bbox 3255 1516 3462 1571; x_wconf 84' lang='lat' dir='ltr'><strong>stultam</strong></span> <span class='ocrx_word' id='word_1_570' title='bbox 3486 1521 3605 1578; x_wconf 75' lang='lat' dir='ltr'><strong>fecit</strong></span> 
     </span>
    </p>
   </div>
   <div class='ocr_carea' id='block_1_74' title="bbox 2025 1590 3605 1674">
    <p class='ocr_par' dir='ltr' id='par_1_74' title="bbox 2025 1590 3605 1674">
     <span class='ocr_line' id='line_1_74' title="bbox 2025 1590 3605 1674; baseline 0.013 -31"><span class='ocrx_word' id='word_1_571' title='bbox 2025 1590 2162 1644; x_wconf 84' lang='lat' dir='ltr'><strong>Deus</strong></span> <span class='ocrx_word' id='word_1_572' title='bbox 2191 1595 2487 1662; x_wconf 82' lang='lat' dir='ltr'><strong>sapientiam</strong></span> <span class='ocrx_word' id='word_1_573' title='bbox 2507 1599 2658 1668; x_wconf 81' lang='lat' dir='ltr'><strong>hujus</strong></span> <span class='ocrx_word' id='word_1_574' title='bbox 2687 1602 2899 1655; x_wconf 82' lang='lat' dir='ltr'><strong>mundi?</strong></span> <span class='ocrx_word' id='word_1_575' title='bbox 2922 1604 3004 1656; x_wconf 84' lang='lat' dir='ltr'><strong>ubi</strong></span> <span class='ocrx_word' id='word_1_576' title='bbox 3023 1606 3261 1674; x_wconf 85' lang='lat' dir='ltr'><strong>sapiens?</strong></span> <span class='ocrx_word' id='word_1_577' title='bbox 3286 1608 3374 1661; x_wconf 85' lang='lat' dir='ltr'><strong>ubi</strong></span> <span class='ocrx_word' id='word_1_578' title='bbox 3397 1611 3560 1664; x_wconf 83' lang='lat' dir='ltr'><strong>scriba</strong></span> <span class='ocrx_word' id='word_1_579' title='bbox 3577 1613 3605 1664; x_wconf 83' lang='lat'><strong>.’</strong></span> 
     </span>
    </p>
   </div>
   <div class='ocr_carea' id='block_1_75' title="bbox 2026 1682 3599 1768">
    <p class='ocr_par' dir='ltr' id='par_1_75' title="bbox 2026 1682 3599 1768">
     <span class='ocr_line' id='line_1_75' title="bbox 2026 1682 3599 1768; baseline 0.014 -35"><span class='ocrx_word' id='word_1_580' title='bbox 2026 1682 2108 1734; x_wconf 84' lang='lat' dir='ltr'><strong>ubi</strong></span> <span class='ocrx_word' id='word_1_581' title='bbox 2125 1685 2430 1752; x_wconf 86' lang='lat' dir='ltr'><strong>conquisitor</strong></span> <span class='ocrx_word' id='word_1_582' title='bbox 2441 1689 2592 1759; x_wconf 84' lang='lat' dir='ltr'><strong>hujus</strong></span> <span class='ocrx_word' id='word_1_583' title='bbox 2607 1692 2780 1745; x_wconf 69' lang='grc' dir='ltr'><strong>διεσαιὶ</strong></span> <span class='ocrx_word' id='word_1_584' title='bbox 2793 1692 2818 1744; x_wconf 88' lang='lat'><strong>?</strong></span> <span class='ocrx_word' id='word_1_585' title='bbox 2831 1710 2997 1748; x_wconf 85' lang='lat' dir='ltr'><strong>nonne</strong></span> <span class='ocrx_word' id='word_1_586' title='bbox 3012 1695 3216 1749; x_wconf 80' lang='lat' dir='ltr'><strong>stultam</strong></span> <span class='ocrx_word' id='word_1_587' title='bbox 3232 1700 3350 1768; x_wconf 78' lang='lat' dir='ltr'><strong>fecit</strong></span> <span class='ocrx_word' id='word_1_588' title='bbox 3365 1700 3498 1754; x_wconf 87' lang='lat' dir='ltr'><strong>Deus</strong></span> <span class='ocrx_word' id='word_1_589' title='bbox 3511 1717 3599 1754; x_wconf 87' lang='lat' dir='ltr'><strong>sa-</strong></span> 
     </span>
    </p>
   </div>
   <div class='ocr_carea' id='block_1_76' title="bbox 2025 1773 3604 1857">
    <p class='ocr_par' dir='ltr' id='par_1_76' title="bbox 2025 1773 3604 1857">
     <span class='ocr_line' id='line_1_76' title="bbox 2025 1773 3604 1857; baseline 0.015 -34"><span class='ocrx_word' id='word_1_590' title='bbox 2025 1773 2264 1840; x_wconf 84' lang='lat' dir='ltr'><strong>pientiam</strong></span> <span class='ocrx_word' id='word_1_591' title='bbox 2276 1777 2430 1845; x_wconf 82' lang='lat' dir='ltr'><strong>hujus</strong></span> <span class='ocrx_word' id='word_1_592' title='bbox 2443 1780 2653 1834; x_wconf 87' lang='lat' dir='ltr'><strong>mundi?</strong></span> <span class='ocrx_word' id='word_1_593' title='bbox 2667 1781 2753 1835; x_wconf 76' lang='grc'><strong>2-1.</strong></span> <span class='ocrx_word' id='word_1_594' title='bbox 2777 1781 2830 1834; x_wconf 88' lang='grc' dir='ltr'><strong><em>Ν</em></strong></span> <span class='ocrx_word' id='word_1_595' title='bbox 2833 1800 2912 1835; x_wconf 91' lang='lat' dir='ltr'><strong>am</strong></span> <span class='ocrx_word' id='word_1_596' title='bbox 2928 1786 3044 1854; x_wconf 85' lang='lat' dir='ltr'><strong>quia</strong></span> <span class='ocrx_word' id='word_1_597' title='bbox 3060 1787 3112 1839; x_wconf 89' lang='lat' dir='ltr'><strong>in</strong></span> <span class='ocrx_word' id='word_1_598' title='bbox 3127 1789 3376 1857; x_wconf 81' lang='lat' dir='ltr'><strong>sapientia</strong></span> <span class='ocrx_word' id='word_1_599' title='bbox 3394 1789 3486 1844; x_wconf 86' lang='lat' dir='ltr'><strong>Dei</strong></span> <span class='ocrx_word' id='word_1_600' title='bbox 3499 1808 3604 1847; x_wconf 84' lang='lat' dir='ltr'><strong>non</strong></span> 
     </span>
    </p>
   </div>
   <div class='ocr_carea' id='block_1_77' title="bbox 2024 1865 3603 1952">
    <p class='ocr_par' dir='ltr' id='par_1_77' title="bbox 2024 1865 3603 1952">
     <span class='ocr_line' id='line_1_77' title="bbox 2024 1865 3603 1952; baseline 0.014 -38"><span class='ocrx_word' id='word_1_601' title='bbox 2024 1865 2251 1931; x_wconf 77' lang='lat' dir='ltr'><strong>cognovit</strong></span> <span class='ocrx_word' id='word_1_602' title='bbox 2279 1867 2498 1922; x_wconf 86' lang='lat' dir='ltr'><strong>mundus</strong></span> <span class='ocrx_word' id='word_1_603' title='bbox 2523 1886 2613 1938; x_wconf 86' lang='lat' dir='ltr'><strong>per</strong></span> <span class='ocrx_word' id='word_1_604' title='bbox 2631 1872 2930 1942; x_wconf 83' lang='lat' dir='ltr'><strong>sapientiam</strong></span> <span class='ocrx_word' id='word_1_605' title='bbox 2950 1874 3134 1943; x_wconf 75' lang='lat' dir='ltr'><strong>Deum,</strong></span> <span class='ocrx_word' id='word_1_606' title='bbox 3164 1878 3352 1947; x_wconf 85' lang='lat' dir='ltr'><strong>placuit</strong></span> <span class='ocrx_word' id='word_1_607' title='bbox 3377 1880 3482 1935; x_wconf 81' lang='lat' dir='ltr'><strong>Deo</strong></span> <span class='ocrx_word' id='word_1_608' title='bbox 3514 1899 3603 1952; x_wconf 84' lang='lat' dir='ltr'><strong>per</strong></span> 
     </span>
    </p>
   </div>
   <div class='ocr_carea' id='block_1_78' title="bbox 2023 1957 3604 2038">
    <p class='ocr_par' dir='ltr' id='par_1_78' title="bbox 2023 1957 3604 2038">
     <span class='ocr_line' id='line_1_78' title="bbox 2023 1957 3604 2038; baseline 0.015 -32"><span class='ocrx_word' id='word_1_609' title='bbox 2023 1957 2288 2010; x_wconf 85' lang='lat' dir='ltr'><strong>stultitiam</strong></span> <span class='ocrx_word' id='word_1_610' title='bbox 2331 1961 2704 2026; x_wconf 66' lang='lat' dir='ltr'><strong>praedicationis</strong></span> <span class='ocrx_word' id='word_1_611' title='bbox 2749 1965 2916 2020; x_wconf 80' lang='lat' dir='ltr'><strong>salvos</strong></span> <span class='ocrx_word' id='word_1_612' title='bbox 2940 1971 3108 2038; x_wconf 77' lang='lat' dir='ltr'><strong>facere</strong></span> <span class='ocrx_word' id='word_1_613' title='bbox 3149 1971 3422 2026; x_wconf 83' lang='lat' dir='ltr'><strong>credentes.</strong></span> <span class='ocrx_word' id='word_1_614' title='bbox 3463 1975 3604 2029; x_wconf 83' lang='lat' dir='ltr'><strong>Cum</strong></span> 
     </span>
    </p>
   </div>
   <div class='ocr_carea' id='block_1_79' title="bbox 2023 2043 3598 2132">
    <p class='ocr_par' dir='ltr' id='par_1_79' title="bbox 2023 2043 3598 2132">
     <span class='ocr_line' id='line_1_79' title="bbox 2023 2043 3598 2132; baseline 0.013 -35"><span class='ocrx_word' id='word_1_615' title='bbox 2023 2043 2264 2112; x_wconf 59' lang='lat' dir='ltr'><strong>dixisset,</strong></span> <span class='ocrx_word' id='word_1_616' title='bbox 2294 2046 2550 2119; x_wconf 86' lang='lat' dir='ltr'><strong>Scriptum</strong></span> <span class='ocrx_word' id='word_1_617' title='bbox 2576 2063 2671 2118; x_wconf 84' lang='lat' dir='ltr'><strong>est,</strong></span> <span class='ocrx_word' id='word_1_618' title='bbox 2699 2053 2920 2109; x_wconf 83' lang='lat' dir='ltr'><strong>Perdant</strong></span> <span class='ocrx_word' id='word_1_619' title='bbox 2947 2059 3244 2128; x_wconf 84' lang='lat' dir='ltr'><strong>sapientiam</strong></span> <span class='ocrx_word' id='word_1_620' title='bbox 3273 2064 3598 2132; x_wconf 82' lang='lat' dir='ltr'><strong>sapientium,</strong></span> 
     </span>
    </p>
   </div>
   <div class='ocr_carea' id='block_1_80' title="bbox 2027 2135 3601 2215">
    <p class='ocr_par' dir='ltr' id='par_1_80' title="bbox 2027 2135 3601 2215">
     <span class='ocr_line' id='line_1_80' title="bbox 2027 2135 3601 2215; baseline 0.013 -28"><span class='ocrx_word' id='word_1_621' title='bbox 2027 2148 2091 2187; x_wconf 78' lang='lat' dir='ltr'><strong>ex</strong></span> <span class='ocrx_word' id='word_1_622' title='bbox 2126 2135 2286 2190; x_wconf 89' lang='lat' dir='ltr'><strong>rebus</strong></span> <span class='ocrx_word' id='word_1_623' title='bbox 2314 2138 2822 2199; x_wconf 87' lang='lat' dir='ltr'><strong>demonstrationem</strong></span> <span class='ocrx_word' id='word_1_624' title='bbox 2859 2145 3083 2215; x_wconf 89' lang='lat' dir='ltr'><strong>inducit,</strong></span> <span class='ocrx_word' id='word_1_625' title='bbox 3128 2150 3313 2206; x_wconf 77' lang='lat' dir='ltr'><strong>dicens</strong></span> <span class='ocrx_word' id='word_1_626' title='bbox 3344 2170 3358 2206; x_wconf 91' lang='lat'>:</span> <span class='ocrx_word' id='word_1_627' title='bbox 3387 2151 3482 2207; x_wconf 87' lang='lat' dir='ltr'><strong>Ubi</strong></span> <span class='ocrx_word' id='word_1_628' title='bbox 3511 2171 3601 2208; x_wconf 86' lang='lat' dir='ltr'><strong>sa-</strong></span> 
     </span>
    </p>
   </div>
   <div class='ocr_carea' id='block_1_81' title="bbox 2025 2227 3604 2312">
    <p class='ocr_par' dir='ltr' id='par_1_81' title="bbox 2025 2227 3604 2312">
     <span class='ocr_line' id='line_1_81' title="bbox 2025 2227 3604 2312; baseline 0.015 -36"><span class='ocrx_word' id='word_1_629' title='bbox 2025 2227 2204 2294; x_wconf 83' lang='lat' dir='ltr'><strong>piens?</strong></span> <span class='ocrx_word' id='word_1_630' title='bbox 2231 2227 2314 2282; x_wconf 79' lang='lat' dir='ltr'><strong>ubi</strong></span> <span class='ocrx_word' id='word_1_631' title='bbox 2361 2231 2581 2285; x_wconf 72' lang='lat' dir='ltr'><strong>scriba?</strong></span> <span class='ocrx_word' id='word_1_632' title='bbox 2605 2233 2764 2290; x_wconf 89' lang='lat' dir='ltr'><strong>simul</strong></span> <span class='ocrx_word' id='word_1_633' title='bbox 2805 2245 2860 2292; x_wconf 91' lang='lat' dir='ltr'><strong>et</strong></span> <span class='ocrx_word' id='word_1_634' title='bbox 2886 2237 3100 2294; x_wconf 69' lang='lat' dir='ltr'><strong>Judaaos</strong></span> <span class='ocrx_word' id='word_1_635' title='bbox 3143 2251 3196 2295; x_wconf 91' lang='lat' dir='ltr'><strong>et</strong></span> <span class='ocrx_word' id='word_1_636' title='bbox 3230 2242 3444 2297; x_wconf 73' lang='lat' dir='ltr'><strong>Graecos</strong></span> <span class='ocrx_word' id='word_1_637' title='bbox 3478 2262 3604 2312; x_wconf 81' lang='lat' dir='ltr'><strong>pcr-</strong></span> 
     </span>
    </p>
   </div>
   <div class='ocr_carea' id='block_1_82' title="bbox 2023 2315 3610 2405">
    <p class='ocr_par' dir='ltr' id='par_1_82' title="bbox 2023 2315 3610 2405">
     <span class='ocr_line' id='line_1_82' title="bbox 2023 2315 3610 2405; baseline 0.014 -37"><span class='ocrx_word' id='word_1_638' title='bbox 2023 2315 2310 2387; x_wconf 83' lang='lat' dir='ltr'><strong>stringens.</strong></span> <span class='ocrx_word' id='word_1_639' title='bbox 2333 2319 2462 2387; x_wconf 87' lang='lat' dir='ltr'><strong>Quis</strong></span> <span class='ocrx_word' id='word_1_640' title='bbox 2491 2323 2633 2376; x_wconf 89' lang='lat' dir='ltr'><strong>enim</strong></span> <span class='ocrx_word' id='word_1_641' title='bbox 2673 2325 3041 2397; x_wconf 84' lang='lat' dir='ltr'><strong>philosophus,</strong></span> <span class='ocrx_word' id='word_1_642' title='bbox 3073 2331 3191 2400; x_wconf 90' lang='lat' dir='ltr'><strong>quis</strong></span> <span class='ocrx_word' id='word_1_643' title='bbox 3220 2347 3406 2388; x_wconf 87' lang='lat' dir='ltr'><strong>eorum</strong></span> <span class='ocrx_word' id='word_1_644' title='bbox 3427 2337 3518 2405; x_wconf 87' lang='lat' dir='ltr'><strong>qui</strong></span> <span class='ocrx_word' id='word_1_645' title='bbox 3547 2337 3610 2392; x_wconf 82' lang='lat' dir='ltr'><strong>in</strong></span> 
     </span>
    </p>
   </div>
   <div class='ocr_carea' id='block_1_83' title="bbox 2022 2407 3600 2493">
    <p class='ocr_par' dir='ltr' id='par_1_83' title="bbox 2022 2407 3600 2493">
     <span class='ocr_line' id='line_1_83' title="bbox 2022 2407 3600 2493; baseline 0.016 -34"><span class='ocrx_word' id='word_1_646' title='bbox 2022 2407 2342 2477; x_wconf 84' lang='lat' dir='ltr'><strong>syllogismis</strong></span> <span class='ocrx_word' id='word_1_647' title='bbox 2369 2414 2564 2468; x_wconf 85' lang='lat' dir='ltr'><strong>versati</strong></span> <span class='ocrx_word' id='word_1_648' title='bbox 2591 2425 2738 2482; x_wconf 91' lang='lat' dir='ltr'><strong>sunt,</strong></span> <span class='ocrx_word' id='word_1_649' title='bbox 2769 2419 2890 2487; x_wconf 85' lang='lat' dir='ltr'><strong>quis</strong></span> <span class='ocrx_word' id='word_1_650' title='bbox 2935 2436 2997 2474; x_wconf 78' lang='lat' dir='ltr'><strong>es</strong></span> <span class='ocrx_word' id='word_1_651' title='bbox 3045 2421 3111 2476; x_wconf 92' lang='lat' dir='ltr'><strong>iis</strong></span> <span class='ocrx_word' id='word_1_652' title='bbox 3136 2425 3228 2493; x_wconf 92' lang='lat' dir='ltr'><strong>qui</strong></span> <span class='ocrx_word' id='word_1_653' title='bbox 3252 2426 3470 2483; x_wconf 85' lang='lat' dir='ltr'><strong>Judaica</strong></span> <span class='ocrx_word' id='word_1_654' title='bbox 3500 2445 3600 2484; x_wconf 87' lang='lat' dir='ltr'><strong>no-</strong></span> 
     </span>
    </p>
   </div>
   <div class='ocr_carea' id='block_1_84' title="bbox 2023 2501 3611 2583">
    <p class='ocr_par' dir='ltr' id='par_1_84' title="bbox 2023 2501 3611 2583">
     <span class='ocr_line' id='line_1_84' title="bbox 2023 2501 3611 2583; baseline 0.014 -32"><span class='ocrx_word' id='word_1_655' title='bbox 2023 2509 2164 2565; x_wconf 89' lang='lat' dir='ltr'><strong>runt,</strong></span> <span class='ocrx_word' id='word_1_656' title='bbox 2211 2501 2435 2557; x_wconf 88' lang='lat' dir='ltr'><strong>salutem</strong></span> <span class='ocrx_word' id='word_1_657' title='bbox 2462 2504 2610 2559; x_wconf 90' lang='lat' dir='ltr'><strong>dedit</strong></span> <span class='ocrx_word' id='word_1_658' title='bbox 2637 2516 2691 2561; x_wconf 91' lang='lat' dir='ltr'><strong>et</strong></span> <span class='ocrx_word' id='word_1_659' title='bbox 2715 2509 2993 2564; x_wconf 85' lang='lat' dir='ltr'><strong>veritatem</strong></span> <span class='ocrx_word' id='word_1_660' title='bbox 3022 2512 3466 2583; x_wconf 80' lang='lat' dir='ltr'><strong>docuit?Nemo;</strong></span> <span class='ocrx_word' id='word_1_661' title='bbox 3505 2520 3611 2574; x_wconf 80' lang='lat' dir='ltr'><strong>Sed&#39;</strong></span> 
     </span>
    </p>
   </div>
   <div class='ocr_carea' id='block_1_85' title="bbox 2025 2594 3607 2678">
    <p class='ocr_par' dir='ltr' id='par_1_85' title="bbox 2025 2594 3607 2678">
     <span class='ocr_line' id='line_1_85' title="bbox 2025 2594 3607 2678; baseline 0.016 -35"><span class='ocrx_word' id='word_1_662' title='bbox 2025 2598 2189 2645; x_wconf 91' lang='lat' dir='ltr'><strong>totum</strong></span> <span class='ocrx_word' id='word_1_663' title='bbox 2216 2594 2536 2662; x_wconf 90' lang='lat' dir='ltr'><strong>piscatorum</strong></span> <span class='ocrx_word' id='word_1_664' title='bbox 2570 2599 2686 2653; x_wconf 88' lang='lat' dir='ltr'><strong>fuit.</strong></span> <span class='ocrx_word' id='word_1_665' title='bbox 2717 2600 2850 2656; x_wconf 89' lang='lat' dir='ltr'><strong>Cum</strong></span> <span class='ocrx_word' id='word_1_666' title='bbox 2879 2607 3206 2673; x_wconf 90' lang='lat' dir='ltr'><strong>propositum</strong></span> <span class='ocrx_word' id='word_1_667' title='bbox 3227 2615 3368 2678; x_wconf 85' lang='lat' dir='ltr'><strong>ergo’</strong></span> <span class='ocrx_word' id='word_1_668' title='bbox 3385 2615 3607 2668; x_wconf 85' lang='lat' dir='ltr'><strong>conclu-</strong></span> 
     </span>
    </p>
   </div>
   <div class='ocr_carea' id='block_1_86' title="bbox 2021 2683 3604 2766">
    <p class='ocr_par' dir='ltr' id='par_1_86' title="bbox 2021 2683 3604 2766">
     <span class='ocr_line' id='line_1_86' title="bbox 2021 2683 3604 2766; baseline 0.015 -29"><span class='ocrx_word' id='word_1_669' title='bbox 2021 2683 2198 2750; x_wconf 80' lang='lat' dir='ltr'><strong>siSSet,</strong></span> <span class='ocrx_word' id='word_1_670' title='bbox 2245 2686 2562 2758; x_wconf 91' lang='lat' dir='ltr'><strong>illorumque</strong></span> <span class='ocrx_word' id='word_1_671' title='bbox 2608 2691 2800 2746; x_wconf 89' lang='lat' dir='ltr'><strong>fastum</strong></span> <span class='ocrx_word' id='word_1_672' title='bbox 2837 2694 3212 2766; x_wconf 87' lang='lat' dir='ltr'><strong>depressisset,</strong></span> <span class='ocrx_word' id='word_1_673' title='bbox 3245 2715 3308 2756; x_wconf 87' lang='lat' dir='ltr'><strong>ac</strong></span> <span class='ocrx_word' id='word_1_674' title='bbox 3331 2702 3550 2759; x_wconf 79' lang='lat' dir='ltr'><strong>dixisset</strong></span> <span class='ocrx_word' id='word_1_675' title='bbox 3582 2722 3604 2760; x_wconf 75' lang='grc' dir='ltr'>ε·</span> 
     </span>
    </p>
   </div>
   <div class='ocr_carea' id='block_1_87' title="bbox 2022 2774 3604 2858">
    <p class='ocr_par' dir='ltr' id='par_1_87' title="bbox 2022 2774 3604 2858">
     <span class='ocr_line' id='line_1_87' title="bbox 2022 2774 3604 2858; baseline 0.014 -30"><span class='ocrx_word' id='word_1_676' title='bbox 2022 2774 2210 2832; x_wconf 86' lang='lat' dir='ltr'><strong>Nonne</strong></span> <span class='ocrx_word' id='word_1_677' title='bbox 2241 2778 2517 2833; x_wconf 89' lang='lat' dir='ltr'><strong>infatuavit</strong></span> <span class='ocrx_word' id='word_1_678' title='bbox 2548 2782 2690 2836; x_wconf 91' lang='lat' dir='ltr'><strong>Deus</strong></span> <span class='ocrx_word' id='word_1_679' title='bbox 2716 2784 3032 2853; x_wconf 80' lang='lat' dir='ltr'><strong>sapientiam</strong></span> <span class='ocrx_word' id='word_1_680' title='bbox 3059 2788 3216 2858; x_wconf 87' lang='lat' dir='ltr'><strong>hujus</strong></span> <span class='ocrx_word' id='word_1_681' title='bbox 3244 2793 3604 2850; x_wconf 80' lang='lat' dir='ltr'><strong>mundi&#39;tcau-</strong></span> 
     </span>
    </p>
   </div>
   <div class='ocr_carea' id='block_1_88' title="bbox 2020 2869 3601 2952">
    <p class='ocr_par' dir='ltr' id='par_1_88' title="bbox 2020 2869 3601 2952">
     <span class='ocr_line' id='line_1_88' title="bbox 2020 2869 3601 2952; baseline 0.014 -32"><span class='ocrx_word' id='word_1_682' title='bbox 2020 2880 2136 2921; x_wconf 86' lang='lat' dir='ltr'><strong>sam</strong></span> <span class='ocrx_word' id='word_1_683' title='bbox 2160 2869 2318 2923; x_wconf 90' lang='lat' dir='ltr'><strong>etiam</strong></span> <span class='ocrx_word' id='word_1_684' title='bbox 2341 2869 2470 2926; x_wconf 90' lang='lat' dir='ltr'><strong>dicit</strong></span> <span class='ocrx_word' id='word_1_685' title='bbox 2495 2882 2711 2942; x_wconf 85' lang='lat' dir='ltr'><strong>prepter</strong></span> <span class='ocrx_word' id='word_1_686' title='bbox 2732 2890 2887 2943; x_wconf 91' lang='lat' dir='ltr'><strong>quam</strong></span> <span class='ocrx_word' id='word_1_687' title='bbox 2911 2875 3026 2932; x_wconf 63' lang='lat' dir='ltr'><strong>hinc</strong></span> <span class='ocrx_word' id='word_1_688' title='bbox 3045 2879 3114 2933; x_wconf 88' lang='lat' dir='ltr'><strong>ita</strong></span> <span class='ocrx_word' id='word_1_689' title='bbox 3139 2879 3274 2937; x_wconf 89' lang='lat' dir='ltr'><strong>facta</strong></span> <span class='ocrx_word' id='word_1_690' title='bbox 3296 2893 3439 2938; x_wconf 92' lang='lat' dir='ltr'><strong>sunt.</strong></span> <span class='ocrx_word' id='word_1_691' title='bbox 3465 2886 3601 2952; x_wconf 81' lang='lat' dir='ltr'><strong>Quia</strong></span> 
     </span>
    </p>
   </div>
   <div class='ocr_carea' id='block_1_89' title="bbox 2021 2959 3600 3041">
    <p class='ocr_par' dir='ltr' id='par_1_89' title="bbox 2021 2959 3600 3041">
     <span class='ocr_line' id='line_1_89' title="bbox 2021 2959 3600 3041; baseline 0.014 -30"><span class='ocrx_word' id='word_1_692' title='bbox 2021 2959 2165 3012; x_wconf 91' lang='lat' dir='ltr'><strong>enim</strong></span> <span class='ocrx_word' id='word_1_693' title='bbox 2196 2960 2246 3014; x_wconf 93' lang='lat' dir='ltr'><strong>in</strong></span> <span class='ocrx_word' id='word_1_694' title='bbox 2288 2962 2550 3031; x_wconf 88' lang='lat' dir='ltr'><strong>sapientia</strong></span> <span class='ocrx_word' id='word_1_695' title='bbox 2581 2964 2694 3032; x_wconf 90' lang='lat' dir='ltr'><strong>Dei,</strong></span> <span class='ocrx_word' id='word_1_696' title='bbox 2726 2965 2915 3035; x_wconf 90' lang='lat' dir='ltr'><strong>inquit,</strong></span> <span class='ocrx_word' id='word_1_697' title='bbox 2947 2984 3052 3023; x_wconf 92' lang='lat' dir='ltr'><strong>non</strong></span> <span class='ocrx_word' id='word_1_698' title='bbox 3092 2975 3341 3041; x_wconf 81' lang='lat' dir='ltr'><strong>cognovit</strong></span> <span class='ocrx_word' id='word_1_699' title='bbox 3370 2978 3600 3034; x_wconf 87' lang='lat' dir='ltr'><strong>mundus</strong></span> 
     </span>
    </p>
   </div>
   <div class='ocr_carea' id='block_1_90' title="bbox 2022 3053 3603 3131">
    <p class='ocr_par' dir='ltr' id='par_1_90' title="bbox 2022 3053 3603 3131">
     <span class='ocr_line' id='line_1_90' title="bbox 2022 3053 3603 3131; baseline 0.012 -28"><span class='ocrx_word' id='word_1_700' title='bbox 2022 3065 2118 3118; x_wconf 88' lang='lat' dir='ltr'><strong>per</strong></span> <span class='ocrx_word' id='word_1_701' title='bbox 2142 3053 2457 3122; x_wconf 86' lang='lat' dir='ltr'><strong>sapientiam</strong></span> <span class='ocrx_word' id='word_1_702' title='bbox 2491 3055 2692 3120; x_wconf 92' lang='lat' dir='ltr'><strong>Deum;</strong></span> <span class='ocrx_word' id='word_1_703' title='bbox 2720 3073 2848 3110; x_wconf 79' lang='lat' dir='ltr'><strong>crux</strong></span> <span class='ocrx_word' id='word_1_704' title='bbox 2881 3063 3147 3129; x_wconf 89' lang='lat' dir='ltr'><strong>apparuit.</strong></span> <span class='ocrx_word' id='word_1_705' title='bbox 3185 3063 3321 3131; x_wconf 86' lang='lat' dir='ltr'><strong>Quid</strong></span> <span class='ocrx_word' id='word_1_706' title='bbox 3359 3065 3460 3120; x_wconf 89' lang='lat' dir='ltr'><strong>sibi</strong></span> <span class='ocrx_word' id='word_1_707' title='bbox 3489 3069 3603 3122; x_wconf 93' lang='lat' dir='ltr'><strong>vult</strong></span> 
     </span>
    </p>
   </div>
   <div class='ocr_carea' id='block_1_91' title="bbox 2021 3142 3603 3228">
    <p class='ocr_par' dir='ltr' id='par_1_91' title="bbox 2021 3142 3603 3228">
     <span class='ocr_line' id='line_1_91' title="bbox 2021 3142 3603 3228; baseline 0.014 -35"><span class='ocrx_word' id='word_1_708' title='bbox 2021 3151 2223 3211; x_wconf 89' lang='lat' dir='ltr'><strong>autem,</strong></span> <span class='ocrx_word' id='word_1_709' title='bbox 2280 3142 2349 3196; x_wconf 84' lang='lat' dir='ltr'><strong>In</strong></span> <span class='ocrx_word' id='word_1_710' title='bbox 2402 3145 2654 3212; x_wconf 85' lang='lat' dir='ltr'><strong>sapientia</strong></span> <span class='ocrx_word' id='word_1_711' title='bbox 2697 3147 2830 3202; x_wconf 84' lang='lat' dir='ltr'><strong>Dei?</strong></span> <span class='ocrx_word' id='word_1_712' title='bbox 2859 3147 2916 3202; x_wconf 83' lang='lat' dir='ltr'><strong>in</strong></span> <span class='ocrx_word' id='word_1_713' title='bbox 2955 3166 3015 3204; x_wconf 91' lang='lat' dir='ltr'><strong>ea</strong></span> <span class='ocrx_word' id='word_1_714' title='bbox 3059 3168 3179 3222; x_wconf 63' lang='lat' dir='ltr'><strong>quae</strong></span> <span class='ocrx_word' id='word_1_715' title='bbox 3219 3158 3468 3224; x_wconf 85' lang='lat' dir='ltr'><strong>apparuit</strong></span> <span class='ocrx_word' id='word_1_716' title='bbox 3507 3175 3603 3228; x_wconf 83' lang='lat' dir='ltr'><strong>per</strong></span> 
     </span>
    </p>
   </div>
   <div class='ocr_carea' id='block_1_92' title="bbox 2021 3238 3600 3315">
    <p class='ocr_par' dir='ltr' id='par_1_92' title="bbox 2021 3238 3600 3315">
     <span class='ocr_line' id='line_1_92' title="bbox 2021 3238 3600 3315; baseline 0.013 -29"><span class='ocrx_word' id='word_1_717' title='bbox 2021 3246 2206 3302; x_wconf 90' lang='lat' dir='ltr'><strong>opera,</strong></span> <span class='ocrx_word' id='word_1_718' title='bbox 2238 3249 2330 3304; x_wconf 91' lang='lat' dir='ltr'><strong>per</strong></span> <span class='ocrx_word' id='word_1_719' title='bbox 2357 3252 2476 3306; x_wconf 75' lang='lat' dir='ltr'><strong>qua:</strong></span> <span class='ocrx_word' id='word_1_720' title='bbox 2514 3238 2763 3307; x_wconf 81' lang='lat' dir='ltr'><strong>cognosci</strong></span> <span class='ocrx_word' id='word_1_721' title='bbox 2805 3241 2987 3294; x_wconf 91' lang='lat' dir='ltr'><strong>voluit.</strong></span> <span class='ocrx_word' id='word_1_722' title='bbox 3030 3242 3317 3315; x_wconf 85' lang='lat' dir='ltr'><strong>Propterea</strong></span> <span class='ocrx_word' id='word_1_723' title='bbox 3358 3249 3502 3302; x_wconf 87' lang='lat' dir='ltr'><strong>enim</strong></span> <span class='ocrx_word' id='word_1_724' title='bbox 3543 3262 3600 3306; x_wconf 87' lang='lat' dir='ltr'><strong>ct</strong></span> 
     </span>
    </p>
   </div>
   <div class='ocr_carea' id='block_1_93' title="bbox 2023 3325 3599 3415">
    <p class='ocr_par' dir='ltr' id='par_1_93' title="bbox 2023 3325 3599 3415">
     <span class='ocr_line' id='line_1_93' title="bbox 2023 3325 3599 3415; baseline 0.013 -36"><span class='ocrx_word' id='word_1_725' title='bbox 2023 3325 2137 3381; x_wconf 59' lang='lat' dir='ltr'><strong>haec</strong></span> <span class='ocrx_word' id='word_1_726' title='bbox 2165 3337 2220 3382; x_wconf 91' lang='lat' dir='ltr'><strong>et</strong></span> <span class='ocrx_word' id='word_1_727' title='bbox 2245 3331 2439 3385; x_wconf 89' lang='lat' dir='ltr'><strong>similia</strong></span> <span class='ocrx_word' id='word_1_728' title='bbox 2471 3334 2734 3402; x_wconf 90' lang='lat' dir='ltr'><strong>probavit,</strong></span> <span class='ocrx_word' id='word_1_729' title='bbox 2778 3345 2833 3390; x_wconf 94' lang='lat' dir='ltr'><strong>ut</strong></span> <span class='ocrx_word' id='word_1_730' title='bbox 2863 3340 3243 3396; x_wconf 86' lang='lat' dir='ltr'><strong>convenienter</strong></span> <span class='ocrx_word' id='word_1_731' title='bbox 3288 3357 3354 3396; x_wconf 81' lang='grc' dir='ltr'>ει</span> <span class='ocrx_word' id='word_1_732' title='bbox 3385 3344 3450 3399; x_wconf 90' lang='lat' dir='ltr'><strong>iis</strong></span> <span class='ocrx_word' id='word_1_733' title='bbox 3478 3361 3599 3415; x_wconf 78' lang='lat' dir='ltr'><strong>qua:</strong></span> 
     </span>
    </p>
   </div>
   <div class='ocr_carea' id='block_1_94' title="bbox 2021 3423 3604 3490">
    <p class='ocr_par' dir='ltr' id='par_1_94' title="bbox 2021 3423 3604 3490">
     <span class='ocr_line' id='line_1_94' title="bbox 2021 3423 3604 3490; baseline 0.011 -18"><span class='ocrx_word' id='word_1_734' title='bbox 2021 3429 2312 3475; x_wconf 90' lang='lat' dir='ltr'><strong>cernuntur</strong></span> <span class='ocrx_word' id='word_1_735' title='bbox 2339 3423 2594 3479; x_wconf 87' lang='lat' dir='ltr'><strong>Conditor</strong></span> <span class='ocrx_word' id='word_1_736' title='bbox 2641 3427 2691 3480; x_wconf 91' lang='lat' dir='ltr'><strong>in</strong></span> <span class='ocrx_word' id='word_1_737' title='bbox 2739 3427 3095 3485; x_wconf 86' lang='lat' dir='ltr'><strong>admiratione</strong></span> <span class='ocrx_word' id='word_1_738' title='bbox 3135 3432 3441 3489; x_wconf 83' lang='lat' dir='ltr'><strong>haberetur.</strong></span> <span class='ocrx_word' id='word_1_739' title='bbox 3493 3437 3604 3490; x_wconf 80' lang='lat' dir='ltr'><strong>Ma-</strong></span> 
     </span>
    </p>
   </div>
   <div class='ocr_carea' id='block_1_95' title="bbox 2022 3513 3612 3598">
    <p class='ocr_par' dir='ltr' id='par_1_95' title="bbox 2022 3513 3612 3598">
     <span class='ocr_line' id='line_1_95' title="bbox 2022 3513 3612 3598; baseline 0.014 -37"><span class='ocrx_word' id='word_1_740' title='bbox 2022 3524 2180 3577; x_wconf 91' lang='lat' dir='ltr'><strong>gnum</strong></span> <span class='ocrx_word' id='word_1_741' title='bbox 2204 3522 2287 3564; x_wconf 92' lang='lat' dir='ltr'><strong>est</strong></span> <span class='ocrx_word' id='word_1_742' title='bbox 2309 3513 2591 3581; x_wconf 74' lang='lat' dir='ltr'><strong>ctelum,et</strong></span> <span class='ocrx_word' id='word_1_743' title='bbox 2615 3517 2874 3573; x_wconf 83' lang='lat' dir='ltr'><strong>inuncnsa</strong></span> <span class='ocrx_word' id='word_1_744' title='bbox 2904 3529 3042 3576; x_wconf 89' lang='lat' dir='ltr'><strong>terra</strong></span> <span class='ocrx_word' id='word_1_745' title='bbox 3073 3539 3086 3576; x_wconf 92' lang='lat'><strong>:</strong></span> <span class='ocrx_word' id='word_1_746' title='bbox 3115 3523 3453 3580; x_wconf 87' lang='lat' dir='ltr'><strong>Conditorem</strong></span> <span class='ocrx_word' id='word_1_747' title='bbox 3472 3542 3612 3598; x_wconf 77' lang='lat' dir='ltr'><strong>ergo</strong></span> 
     </span>
    </p>
   </div>
   <div class='ocr_carea' id='block_1_96' title="bbox 2023 3600 3602 3676">
    <p class='ocr_par' dir='ltr' id='par_1_96' title="bbox 2023 3600 3602 3676">
     <span class='ocr_line' id='line_1_96' title="bbox 2023 3600 3602 3676; baseline 0.015 -25"><span class='ocrx_word' id='word_1_748' title='bbox 2023 3600 2234 3655; x_wconf 90' lang='lat' dir='ltr'><strong>mirare.</strong></span> <span class='ocrx_word' id='word_1_749' title='bbox 2280 3602 2410 3658; x_wconf 89' lang='lat' dir='ltr'><strong>Nam</strong></span> <span class='ocrx_word' id='word_1_750' title='bbox 2438 3621 2688 3676; x_wconf 84' lang='lat' dir='ltr'><strong>magnum</strong></span> <span class='ocrx_word' id='word_1_751' title='bbox 2730 3609 2831 3664; x_wconf 90' lang='lat' dir='ltr'><strong>hoc</strong></span> <span class='ocrx_word' id='word_1_752' title='bbox 2868 3612 3054 3665; x_wconf 70' lang='lat' dir='ltr'><strong>caelum</strong></span> <span class='ocrx_word' id='word_1_753' title='bbox 3100 3627 3206 3667; x_wconf 91' lang='lat' dir='ltr'><strong>non</strong></span> <span class='ocrx_word' id='word_1_754' title='bbox 3251 3616 3411 3671; x_wconf 92' lang='lat' dir='ltr'><strong>modo</strong></span> <span class='ocrx_word' id='word_1_755' title='bbox 3439 3619 3507 3672; x_wconf 89' lang='lat' dir='ltr'><strong>ab</strong></span> <span class='ocrx_word' id='word_1_756' title='bbox 3536 3635 3602 3674; x_wconf 91' lang='lat' dir='ltr'><strong>eo</strong></span> 
     </span>
    </p>
   </div>
   <div class='ocr_carea' id='block_1_97' title="bbox 2023 3691 3600 3780">
    <p class='ocr_par' dir='ltr' id='par_1_97' title="bbox 2023 3691 3600 3780">
     <span class='ocr_line' id='line_1_97' title="bbox 2023 3691 3600 3780; baseline 0.013 -35"><span class='ocrx_word' id='word_1_757' title='bbox 2023 3691 2241 3759; x_wconf 90' lang='lat' dir='ltr'><strong>factum,</strong></span> <span class='ocrx_word' id='word_1_758' title='bbox 2277 3696 2370 3750; x_wconf 88' lang='lat' dir='ltr'><strong>sed</strong></span> <span class='ocrx_word' id='word_1_759' title='bbox 2395 3697 2548 3754; x_wconf 89' lang='lat' dir='ltr'><strong>facile</strong></span> <span class='ocrx_word' id='word_1_760' title='bbox 2569 3698 2762 3754; x_wconf 90' lang='lat' dir='ltr'><strong>factum</strong></span> <span class='ocrx_word' id='word_1_761' title='bbox 2791 3712 2892 3768; x_wconf 92' lang='lat' dir='ltr'><strong>est,</strong></span> <span class='ocrx_word' id='word_1_762' title='bbox 2914 3715 2969 3758; x_wconf 93' lang='lat' dir='ltr'><strong>et</strong></span> <span class='ocrx_word' id='word_1_763' title='bbox 2993 3704 3253 3760; x_wconf 87' lang='lat' dir='ltr'><strong>immensa</strong></span> <span class='ocrx_word' id='word_1_764' title='bbox 3282 3717 3420 3763; x_wconf 89' lang='lat' dir='ltr'><strong>terra</strong></span> <span class='ocrx_word' id='word_1_765' title='bbox 3449 3714 3600 3780; x_wconf 89' lang='lat' dir='ltr'><strong>quasi</strong></span> 
     </span>
    </p>
   </div>
   <div class='ocr_carea' id='block_1_98' title="bbox 2023 3785 3609 3872">
    <p class='ocr_par' dir='ltr' id='par_1_98' title="bbox 2023 3785 3609 3872">
     <span class='ocr_line' id='line_1_98' title="bbox 2023 3785 3609 3872; baseline 0.014 -36"><span class='ocrx_word' id='word_1_766' title='bbox 2023 3785 2150 3838; x_wconf 91' lang='lat' dir='ltr'><strong>nihil</strong></span> <span class='ocrx_word' id='word_1_767' title='bbox 2182 3787 2432 3854; x_wconf 89' lang='lat' dir='ltr'><strong>producta</strong></span> <span class='ocrx_word' id='word_1_768' title='bbox 2467 3789 2585 3844; x_wconf 91' lang='lat' dir='ltr'><strong>fuit.</strong></span> <span class='ocrx_word' id='word_1_769' title='bbox 2613 3791 2738 3845; x_wconf 91' lang='lat' dir='ltr'><strong>Ideo</strong></span> <span class='ocrx_word' id='word_1_770' title='bbox 2778 3793 2846 3847; x_wconf 90' lang='lat' dir='ltr'><strong>de</strong></span> <span class='ocrx_word' id='word_1_771' title='bbox 2876 3795 2967 3848; x_wconf 95' lang='lat' dir='ltr'><strong>illo</strong></span> <span class='ocrx_word' id='word_1_772' title='bbox 3001 3796 3218 3866; x_wconf 88' lang='lat' dir='ltr'><strong>quidem</strong></span> <span class='ocrx_word' id='word_1_773' title='bbox 3247 3799 3396 3865; x_wconf 91' lang='lat' dir='ltr'><strong>dicit,</strong></span> <span class='ocrx_word' id='word_1_774' title='bbox 3432 3801 3609 3872; x_wconf 78' lang='lat' dir='ltr'><strong>Opera</strong></span> 
     </span>
    </p>
   </div>
   <div class='ocr_carea' id='block_1_99' title="bbox 2023 3875 3600 3958">
    <p class='ocr_par' dir='ltr' id='par_1_99' title="bbox 2023 3875 3600 3958">
     <span class='ocr_line' id='line_1_99' title="bbox 2023 3875 3600 3958; baseline 0.015 -32"><span class='ocrx_word' id='word_1_775' title='bbox 2023 3875 2295 3944; x_wconf 82' lang='lat' dir='ltr'><strong>digitorum</strong></span> <span class='ocrx_word' id='word_1_776' title='bbox 2337 3888 2536 3932; x_wconf 89' lang='lat' dir='ltr'><strong>tuorum</strong></span> <span class='ocrx_word' id='word_1_777' title='bbox 2564 3890 2680 3934; x_wconf 86' lang='lat' dir='ltr'><strong>sunt</strong></span> <span class='ocrx_word' id='word_1_778' title='bbox 2705 3883 2818 3936; x_wconf 77' lang='grc' dir='ltr'><strong>ειυιὶ</strong></span> <span class='ocrx_word' id='word_1_779' title='bbox 2854 3883 3024 3954; x_wconf 87' lang='lat' dir='ltr'><strong>(Psal.</strong></span> <span class='ocrx_word' id='word_1_780' title='bbox 3059 3888 3180 3943; x_wconf 80' lang='grc'><strong>101.</strong></span> <span class='ocrx_word' id='word_1_781' title='bbox 3210 3889 3324 3958; x_wconf 75' lang='grc'><strong>26),</strong></span> <span class='ocrx_word' id='word_1_782' title='bbox 3354 3891 3422 3948; x_wconf 89' lang='lat' dir='ltr'><strong>de</strong></span> <span class='ocrx_word' id='word_1_783' title='bbox 3461 3904 3600 3949; x_wconf 84' lang='lat' dir='ltr'><strong>terra</strong></span> 
     </span>
    </p>
   </div>
   <div class='ocr_carea' id='block_1_100' title="bbox 2023 3966 3606 4053">
    <p class='ocr_par' dir='ltr' id='par_1_100' title="bbox 2023 3966 3606 4053">
     <span class='ocr_line' id='line_1_100' title="bbox 2023 3966 3606 4053; baseline 0.015 -37"><span class='ocrx_word' id='word_1_784' title='bbox 2023 3973 2224 4029; x_wconf 88' lang='lat' dir='ltr'><strong>autem,</strong></span> <span class='ocrx_word' id='word_1_785' title='bbox 2256 3966 2356 4031; x_wconf 84' lang='lat' dir='ltr'><strong>Qui</strong></span> <span class='ocrx_word' id='word_1_786' title='bbox 2385 3975 2568 4021; x_wconf 82' lang='lat' dir='ltr'><strong>terram</strong></span> <span class='ocrx_word' id='word_1_787' title='bbox 2595 3972 2711 4038; x_wconf 81' lang='lat' dir='ltr'><strong>fecit</strong></span> <span class='ocrx_word' id='word_1_788' title='bbox 2738 3981 2992 4043; x_wconf 86' lang='lat' dir='ltr'><strong>tamquam</strong></span> <span class='ocrx_word' id='word_1_789' title='bbox 3013 3976 3159 4031; x_wconf 81' lang='lat' dir='ltr'><strong>nihil.</strong></span> <span class='ocrx_word' id='word_1_790' title='bbox 3192 3979 3325 4047; x_wconf 87' lang='lat' dir='ltr'><strong>Quia</strong></span> <span class='ocrx_word' id='word_1_791' title='bbox 3352 3997 3481 4053; x_wconf 89' lang='lat' dir='ltr'><strong>ergo</strong></span> <span class='ocrx_word' id='word_1_792' title='bbox 3505 3999 3606 4053; x_wconf 88' lang='lat' dir='ltr'><strong>per</strong></span> 
     </span>
    </p>
   </div>
   <div class='ocr_carea' id='block_1_101' title="bbox 2030 4055 3607 4143">
    <p class='ocr_par' dir='ltr' id='par_1_101' title="bbox 2030 4055 3607 4143">
     <span class='ocr_line' id='line_1_101' title="bbox 2030 4055 3607 4143; baseline 0.016 -37"><span class='ocrx_word' id='word_1_793' title='bbox 2030 4055 2165 4110; x_wconf 87' lang='lat' dir='ltr'><strong>hanc</strong></span> <span class='ocrx_word' id='word_1_794' title='bbox 2191 4058 2505 4126; x_wconf 87' lang='lat' dir='ltr'><strong>sapientiam</strong></span> <span class='ocrx_word' id='word_1_795' title='bbox 2532 4061 2702 4116; x_wconf 92' lang='lat' dir='ltr'><strong>noluit</strong></span> <span class='ocrx_word' id='word_1_796' title='bbox 2729 4064 2893 4119; x_wconf 90' lang='lat' dir='ltr'><strong>Deum</strong></span> <span class='ocrx_word' id='word_1_797' title='bbox 2920 4081 3268 4140; x_wconf 78' lang='lat' dir='ltr'><strong>cognoscere,</strong></span> <span class='ocrx_word' id='word_1_798' title='bbox 3299 4089 3393 4143; x_wconf 90' lang='lat' dir='ltr'><strong>per</strong></span> <span class='ocrx_word' id='word_1_799' title='bbox 3422 4077 3607 4132; x_wconf 84' lang='lat' dir='ltr'><strong>stulti--</strong></span> 
     </span>
    </p>
   </div>
   <div class='ocr_carea' id='block_1_102' title="bbox 2024 4146 3596 4234">
    <p class='ocr_par' dir='ltr' id='par_1_102' title="bbox 2024 4146 3596 4234">
     <span class='ocr_line' id='line_1_102' title="bbox 2024 4146 3596 4234; baseline 0.015 -34"><span class='ocrx_word' id='word_1_800' title='bbox 2024 4146 2172 4211; x_wconf 88' lang='lat' dir='ltr'><strong>tiam,</strong></span> <span class='ocrx_word' id='word_1_801' title='bbox 2202 4164 2320 4218; x_wconf 83' lang='lat' dir='ltr'><strong>quae</strong></span> <span class='ocrx_word' id='word_1_802' title='bbox 2345 4166 2464 4206; x_wconf 89' lang='lat' dir='ltr'><strong>esse</strong></span> <span class='ocrx_word' id='word_1_803' title='bbox 2487 4153 2714 4221; x_wconf 91' lang='lat' dir='ltr'><strong>videtur,</strong></span> <span class='ocrx_word' id='word_1_804' title='bbox 2747 4157 3138 4224; x_wconf 63' lang='lat' dir='ltr'><strong>praedicationis</strong></span> <span class='ocrx_word' id='word_1_805' title='bbox 3161 4166 3460 4234; x_wconf 89' lang='lat' dir='ltr'><strong>persuasit;</strong></span> <span class='ocrx_word' id='word_1_806' title='bbox 3491 4183 3596 4222; x_wconf 93' lang='lat' dir='ltr'><strong>non</strong></span> 
     </span>
    </p>
   </div>
   <div class='ocr_carea' id='block_1_103' title="bbox 2023 4243 3602 4329">
    <p class='ocr_par' dir='ltr' id='par_1_103' title="bbox 2023 4243 3602 4329">
     <span class='ocr_line' id='line_1_103' title="bbox 2023 4243 3602 4329; baseline 0.015 -36"><span class='ocrx_word' id='word_1_807' title='bbox 2023 4255 2121 4309; x_wconf 89' lang='lat' dir='ltr'><strong>per</strong></span> <span class='ocrx_word' id='word_1_808' title='bbox 2145 4243 2438 4311; x_wconf 87' lang='lat' dir='ltr'><strong>ratiocinia,</strong></span> <span class='ocrx_word' id='word_1_809' title='bbox 2467 4246 2559 4300; x_wconf 89' lang='lat' dir='ltr'><strong>sed</strong></span> <span class='ocrx_word' id='word_1_810' title='bbox 2589 4262 2683 4316; x_wconf 92' lang='lat' dir='ltr'><strong>per</strong></span> <span class='ocrx_word' id='word_1_811' title='bbox 2703 4248 2883 4304; x_wconf 84' lang='lat' dir='ltr'><strong>fidem.</strong></span> <span class='ocrx_word' id='word_1_812' title='bbox 2909 4251 2981 4306; x_wconf 93' lang='lat' dir='ltr'><strong>Dc</strong></span> <span class='ocrx_word' id='word_1_813' title='bbox 3007 4262 3204 4309; x_wconf 69' lang='lat' dir='ltr'><strong>caetero</strong></span> <span class='ocrx_word' id='word_1_814' title='bbox 3224 4256 3314 4312; x_wconf 94' lang='lat' dir='ltr'><strong>ubi</strong></span> <span class='ocrx_word' id='word_1_815' title='bbox 3341 4262 3602 4329; x_wconf 84' lang='lat' dir='ltr'><strong>sapientia</strong></span> 
     </span>
    </p>
   </div>
   <div class='ocr_carea' id='block_1_104' title="bbox 2024 4333 3595 4416">
    <p class='ocr_par' dir='ltr' id='par_1_104' title="bbox 2024 4333 3595 4416">
     <span class='ocr_line' id='line_1_104' title="bbox 2024 4333 3595 4416; baseline 0.013 -30"><span class='ocrx_word' id='word_1_816' title='bbox 2024 4333 2120 4388; x_wconf 91' lang='lat' dir='ltr'><strong>Dei</strong></span> <span class='ocrx_word' id='word_1_817' title='bbox 2147 4345 2248 4400; x_wconf 91' lang='lat' dir='ltr'><strong>est,</strong></span> <span class='ocrx_word' id='word_1_818' title='bbox 2274 4337 2502 4390; x_wconf 85' lang='lat' dir='ltr'><strong>humana</strong></span> <span class='ocrx_word' id='word_1_819' title='bbox 2530 4353 2637 4392; x_wconf 91' lang='lat' dir='ltr'><strong>non</strong></span> <span class='ocrx_word' id='word_1_820' title='bbox 2661 4341 2795 4394; x_wconf 88' lang='lat' dir='ltr'><strong>ultra</strong></span> <span class='ocrx_word' id='word_1_821' title='bbox 2819 4351 2902 4396; x_wconf 91' lang='lat' dir='ltr'><strong>est</strong></span> <span class='ocrx_word' id='word_1_822' title='bbox 2929 4357 3082 4412; x_wconf 88' lang='lat' dir='ltr'><strong>opus.</strong></span> <span class='ocrx_word' id='word_1_823' title='bbox 3101 4344 3232 4400; x_wconf 88' lang='lat' dir='ltr'><strong>Nam</strong></span> <span class='ocrx_word' id='word_1_824' title='bbox 3255 4347 3435 4405; x_wconf 89' lang='lat' dir='ltr'><strong>dicere</strong></span> <span class='ocrx_word' id='word_1_825' title='bbox 3453 4366 3595 4416; x_wconf 87' lang='lat' dir='ltr'><strong>eum,</strong></span> 
     </span>
    </p>
   </div>
   <div class='ocr_carea' id='block_1_105' title="bbox 2022 4426 3603 4510">
    <p class='ocr_par' dir='ltr' id='par_1_105' title="bbox 2022 4426 3603 4510">
     <span class='ocr_line' id='line_1_105' title="bbox 2022 4426 3603 4510; baseline 0.014 -33"><span class='ocrx_word' id='word_1_826' title='bbox 2022 4427 2107 4494; x_wconf 92' lang='lat' dir='ltr'><strong>qui</strong></span> <span class='ocrx_word' id='word_1_827' title='bbox 2128 4426 2269 4480; x_wconf 88' lang='lat' dir='ltr'><strong>hunc</strong></span> <span class='ocrx_word' id='word_1_828' title='bbox 2287 4436 2486 4482; x_wconf 90' lang='lat' dir='ltr'><strong>tantum</strong></span> <span class='ocrx_word' id='word_1_829' title='bbox 2510 4431 2767 4486; x_wconf 90' lang='lat' dir='ltr'><strong>mundum</strong></span> <span class='ocrx_word' id='word_1_830' title='bbox 2789 4435 3011 4501; x_wconf 89' lang='lat' dir='ltr'><strong>creavit,</strong></span> <span class='ocrx_word' id='word_1_831' title='bbox 3026 4435 3191 4491; x_wconf 90' lang='lat' dir='ltr'><strong>Deum</strong></span> <span class='ocrx_word' id='word_1_832' title='bbox 3211 4453 3333 4495; x_wconf 88' lang='lat' dir='ltr'><strong>esse</strong></span> <span class='ocrx_word' id='word_1_833' title='bbox 3353 4455 3603 4510; x_wconf 85' lang='lat' dir='ltr'><strong>oportere</strong></span> 
     </span>
    </p>
   </div>
   <div class='ocr_carea' id='block_1_106' title="bbox 2023 4517 3600 4595">
    <p class='ocr_par' dir='ltr' id='par_1_106' title="bbox 2023 4517 3600 4595">
     <span class='ocr_line' id='line_1_106' title="bbox 2023 4517 3600 4595; baseline 0.012 -26"><span class='ocrx_word' id='word_1_834' title='bbox 2023 4517 2278 4570; x_wconf 86' lang='lat' dir='ltr'><strong>immensa</strong></span> <span class='ocrx_word' id='word_1_835' title='bbox 2309 4527 2362 4571; x_wconf 89' lang='lat' dir='ltr'><strong>et</strong></span> <span class='ocrx_word' id='word_1_836' title='bbox 2383 4519 2631 4575; x_wconf 78' lang='lat' dir='ltr'><strong>ineffabili</strong></span> <span class='ocrx_word' id='word_1_837' title='bbox 2661 4523 2855 4578; x_wconf 91' lang='lat' dir='ltr'><strong>virtute</strong></span> <span class='ocrx_word' id='word_1_838' title='bbox 2896 4525 3204 4595; x_wconf 75' lang='lat' dir='ltr'><strong>prteditum,</strong></span> <span class='ocrx_word' id='word_1_839' title='bbox 3233 4529 3482 4587; x_wconf 68' lang='lat' dir='ltr'><strong>humanae</strong></span> <span class='ocrx_word' id='word_1_840' title='bbox 3510 4550 3600 4588; x_wconf 84' lang='lat' dir='ltr'><strong>sa-</strong></span> 
     </span>
    </p>
   </div>
   <div class='ocr_carea' id='block_1_107' title="bbox 2023 4608 3602 4684">
    <p class='ocr_par' dir='ltr' id='par_1_107' title="bbox 2023 4608 3602 4684">
     <span class='ocr_line' id='line_1_107' title="bbox 2023 4608 3602 4684; baseline 0.013 -25"><span class='ocrx_word' id='word_1_841' title='bbox 2023 4608 2233 4676; x_wconf 64' lang='lat' dir='ltr'><strong>pientiae</strong></span> <span class='ocrx_word' id='word_1_842' title='bbox 2261 4618 2376 4663; x_wconf 90' lang='lat' dir='ltr'><strong>crat</strong></span> <span class='ocrx_word' id='word_1_843' title='bbox 2421 4611 2497 4663; x_wconf 88' lang='lat' dir='ltr'><strong>sic</strong></span> <span class='ocrx_word' id='word_1_844' title='bbox 2529 4612 2852 4680; x_wconf 87' lang='lat' dir='ltr'><strong>ratiocinari,</strong></span> <span class='ocrx_word' id='word_1_845' title='bbox 2895 4625 2950 4670; x_wconf 90' lang='lat' dir='ltr'><strong>ct</strong></span> <span class='ocrx_word' id='word_1_846' title='bbox 2979 4632 3070 4684; x_wconf 90' lang='lat' dir='ltr'><strong>per</strong></span> <span class='ocrx_word' id='word_1_847' title='bbox 3098 4617 3216 4673; x_wconf 64' lang='lat' dir='ltr'><strong>haec</strong></span> <span class='ocrx_word' id='word_1_848' title='bbox 3256 4620 3405 4676; x_wconf 90' lang='lat' dir='ltr'><strong>illum</strong></span> <span class='ocrx_word' id='word_1_849' title='bbox 3453 4639 3602 4678; x_wconf 91' lang='lat' dir='ltr'><strong>com-</strong></span> 
     </span>
    </p>
   </div>
   <div class='ocr_carea' id='block_1_108' title="bbox 2023 4697 3599 4777">
    <p class='ocr_par' dir='ltr' id='par_1_108' title="bbox 2023 4697 3599 4777">
     <span class='ocr_line' id='line_1_108' title="bbox 2023 4697 3599 4777; baseline 0.013 -28"><span class='ocrx_word' id='word_1_850' title='bbox 2023 4697 2354 4766; x_wconf 88' lang='lat' dir='ltr'><strong>prehendere</strong></span> <span class='ocrx_word' id='word_1_851' title='bbox 2383 4717 2394 4753; x_wconf 94' lang='lat'>:</span> <span class='ocrx_word' id='word_1_852' title='bbox 2427 4716 2568 4756; x_wconf 89' lang='lat' dir='ltr'><strong>nunc</strong></span> <span class='ocrx_word' id='word_1_853' title='bbox 2615 4715 2793 4758; x_wconf 90' lang='lat' dir='ltr'><strong>autem</strong></span> <span class='ocrx_word' id='word_1_854' title='bbox 2842 4721 2947 4760; x_wconf 89' lang='lat' dir='ltr'><strong>non</strong></span> <span class='ocrx_word' id='word_1_855' title='bbox 2990 4707 3305 4777; x_wconf 89' lang='lat' dir='ltr'><strong>ratiociniis,</strong></span> <span class='ocrx_word' id='word_1_856' title='bbox 3357 4713 3452 4767; x_wconf 91' lang='lat' dir='ltr'><strong>sed</strong></span> <span class='ocrx_word' id='word_1_857' title='bbox 3493 4715 3599 4770; x_wconf 84' lang='lat' dir='ltr'><strong>fide</strong></span> 
     </span>
    </p>
   </div>
   <div class='ocr_carea' id='block_1_109' title="bbox 2021 4789 3597 4872">
    <p class='ocr_par' dir='ltr' id='par_1_109' title="bbox 2021 4789 3597 4872">
     <span class='ocr_line' id='line_1_109' title="bbox 2021 4789 3597 4872; baseline 0.01 -29"><span class='ocrx_word' id='word_1_858' title='bbox 2021 4789 2134 4843; x_wconf 89' lang='lat' dir='ltr'><strong>sola</strong></span> <span class='ocrx_word' id='word_1_859' title='bbox 2175 4804 2312 4859; x_wconf 90' lang='lat' dir='ltr'><strong>opus</strong></span> <span class='ocrx_word' id='word_1_860' title='bbox 2354 4799 2456 4844; x_wconf 93' lang='lat' dir='ltr'><strong>est.</strong></span> <span class='ocrx_word' id='word_1_861' title='bbox 2498 4791 2631 4847; x_wconf 89' lang='lat' dir='ltr'><strong>Nam</strong></span> <span class='ocrx_word' id='word_1_862' title='bbox 2676 4793 2728 4847; x_wconf 92' lang='lat' dir='ltr'><strong>in</strong></span> <span class='ocrx_word' id='word_1_863' title='bbox 2769 4796 3080 4850; x_wconf 82' lang='lat' dir='ltr'><strong>cruciﬁxum</strong></span> <span class='ocrx_word' id='word_1_864' title='bbox 3127 4810 3181 4853; x_wconf 90' lang='lat' dir='ltr'><strong>et</strong></span> <span class='ocrx_word' id='word_1_865' title='bbox 3228 4801 3279 4853; x_wconf 92' lang='lat' dir='ltr'><strong>in</strong></span> <span class='ocrx_word' id='word_1_866' title='bbox 3329 4804 3597 4872; x_wconf 89' lang='lat' dir='ltr'><strong>sepultum</strong></span> 
     </span>
    </p>
   </div>
   <div class='ocr_carea' id='block_1_110' title="bbox 2021 4879 3602 4958">
    <p class='ocr_par' dir='ltr' id='par_1_110' title="bbox 2021 4879 3602 4958">
     <span class='ocr_line' id='line_1_110' title="bbox 2021 4879 3602 4958; baseline 0.011 -26"><span class='ocrx_word' id='word_1_867' title='bbox 2021 4879 2261 4944; x_wconf 89' lang='lat' dir='ltr'><strong>credere,</strong></span> <span class='ocrx_word' id='word_1_868' title='bbox 2311 4890 2366 4936; x_wconf 91' lang='lat' dir='ltr'><strong>et</strong></span> <span class='ocrx_word' id='word_1_869' title='bbox 2413 4891 2616 4937; x_wconf 91' lang='lat' dir='ltr'><strong>certum</strong></span> <span class='ocrx_word' id='word_1_870' title='bbox 2670 4884 2868 4940; x_wconf 89' lang='lat' dir='ltr'><strong>habere</strong></span> <span class='ocrx_word' id='word_1_871' title='bbox 2913 4886 3156 4942; x_wconf 91' lang='lat' dir='ltr'><strong>eumdem</strong></span> <span class='ocrx_word' id='word_1_872' title='bbox 3204 4889 3375 4958; x_wconf 86' lang='lat' dir='ltr'><strong>ipsum</strong></span> <span class='ocrx_word' id='word_1_873' title='bbox 3413 4908 3602 4949; x_wconf 75' lang='lat' dir='ltr'><strong>resur—</strong></span> 
     </span>
    </p>
   </div>
   <div class='ocr_carea' id='block_1_111' title="bbox 2023 4970 3598 5054">
    <p class='ocr_par' dir='ltr' id='par_1_111' title="bbox 2023 4970 3598 5054">
     <span class='ocr_line' id='line_1_111' title="bbox 2023 4970 3598 5054; baseline 0.013 -33"><span class='ocrx_word' id='word_1_874' title='bbox 2023 4970 2222 5024; x_wconf 81' lang='lat' dir='ltr'><strong>rcxisse</strong></span> <span class='ocrx_word' id='word_1_875' title='bbox 2251 4986 2314 5025; x_wconf 91' lang='lat' dir='ltr'><strong>ac</strong></span> <span class='ocrx_word' id='word_1_876' title='bbox 2339 4987 2571 5040; x_wconf 90' lang='lat' dir='ltr'><strong>superne</strong></span> <span class='ocrx_word' id='word_1_877' title='bbox 2601 4974 2809 5040; x_wconf 86' lang='lat' dir='ltr'><strong>sedere,</strong></span> <span class='ocrx_word' id='word_1_878' title='bbox 2846 4975 2896 5029; x_wconf 88' lang='lat' dir='ltr'><strong>id</strong></span> <span class='ocrx_word' id='word_1_879' title='bbox 2923 4977 3181 5046; x_wconf 90' lang='lat' dir='ltr'><strong>sapientia</strong></span> <span class='ocrx_word' id='word_1_880' title='bbox 3222 4996 3326 5035; x_wconf 93' lang='lat' dir='ltr'><strong>non</strong></span> <span class='ocrx_word' id='word_1_881' title='bbox 3353 4994 3476 5054; x_wconf 86' lang='lat' dir='ltr'><strong>eget</strong></span> <span class='ocrx_word' id='word_1_882' title='bbox 3504 5002 3598 5041; x_wconf 86' lang='lat' dir='ltr'><strong>ne-</strong></span> 
     </span>
    </p>
   </div>
   <div class='ocr_carea' id='block_1_112' title="bbox 2021 5064 3601 5137">
    <p class='ocr_par' dir='ltr' id='par_1_112' title="bbox 2021 5064 3601 5137">
     <span class='ocr_line' id='line_1_112' title="bbox 2021 5064 3601 5137; baseline 0.01 -20"><span class='ocrx_word' id='word_1_883' title='bbox 2021 5079 2122 5132; x_wconf 92' lang='lat' dir='ltr'><strong>quc</strong></span> <span class='ocrx_word' id='word_1_884' title='bbox 2168 5064 2489 5131; x_wconf 89' lang='lat' dir='ltr'><strong>ratiociniis,</strong></span> <span class='ocrx_word' id='word_1_885' title='bbox 2542 5065 2635 5121; x_wconf 89' lang='lat' dir='ltr'><strong>sed</strong></span> <span class='ocrx_word' id='word_1_886' title='bbox 2681 5067 2805 5122; x_wconf 80' lang='lat' dir='ltr'><strong>fide.</strong></span> <span class='ocrx_word' id='word_1_887' title='bbox 2847 5070 3090 5137; x_wconf 79' lang='lat' dir='ltr'><strong>Apostoli</strong></span> <span class='ocrx_word' id='word_1_888' title='bbox 3139 5073 3284 5128; x_wconf 90' lang='lat' dir='ltr'><strong>enim</strong></span> <span class='ocrx_word' id='word_1_889' title='bbox 3325 5091 3432 5130; x_wconf 93' lang='lat' dir='ltr'><strong>non</strong></span> <span class='ocrx_word' id='word_1_890' title='bbox 3471 5093 3601 5133; x_wconf 88' lang='lat' dir='ltr'><strong>cum</strong></span> 
     </span>
    </p>
   </div>
   <div class='ocr_carea' id='block_1_113' title="bbox 2020 5157 3596 5234">
    <p class='ocr_par' dir='ltr' id='par_1_113' title="bbox 2020 5157 3596 5234">
     <span class='ocr_line' id='line_1_113' title="bbox 2020 5157 3596 5234; baseline 0.01 -26"><span class='ocrx_word' id='word_1_891' title='bbox 2020 5157 2276 5224; x_wconf 85' lang='lat' dir='ltr'><strong>sapientia</strong></span> <span class='ocrx_word' id='word_1_892' title='bbox 2300 5157 2565 5226; x_wconf 90' lang='lat' dir='ltr'><strong>prodiere,</strong></span> <span class='ocrx_word' id='word_1_893' title='bbox 2596 5158 2692 5212; x_wconf 88' lang='lat' dir='ltr'><strong>sed</strong></span> <span class='ocrx_word' id='word_1_894' title='bbox 2714 5174 2834 5212; x_wconf 85' lang='lat' dir='ltr'><strong>cum</strong></span> <span class='ocrx_word' id='word_1_895' title='bbox 2867 5161 2986 5225; x_wconf 84' lang='lat' dir='ltr'><strong>fide,</strong></span> <span class='ocrx_word' id='word_1_896' title='bbox 3017 5161 3331 5234; x_wconf 89' lang='lat' dir='ltr'><strong>fueruntque</strong></span> <span class='ocrx_word' id='word_1_897' title='bbox 3359 5172 3596 5225; x_wconf 83' lang='lat' dir='ltr'><strong>externis</strong></span> 
     </span>
    </p>
   </div>
   <div class='ocr_carea' id='block_1_114' title="bbox 2020 5247 3594 5320">
    <p class='ocr_par' dir='ltr' id='par_1_114' title="bbox 2020 5247 3594 5320">
     <span class='ocr_line' id='line_1_114' title="bbox 2020 5247 3594 5320; baseline 0.009 -21"><span class='ocrx_word' id='word_1_898' title='bbox 2020 5247 2347 5316; x_wconf 89' lang='lat' dir='ltr'><strong>sapientibus</strong></span> <span class='ocrx_word' id='word_1_899' title='bbox 2377 5249 2726 5317; x_wconf 89' lang='lat' dir='ltr'><strong>sapientiores</strong></span> <span class='ocrx_word' id='word_1_900' title='bbox 2752 5259 2806 5304; x_wconf 89' lang='lat' dir='ltr'><strong>ct</strong></span> <span class='ocrx_word' id='word_1_901' title='bbox 2833 5252 3192 5320; x_wconf 88' lang='lat' dir='ltr'><strong>sublimiores,</strong></span> <span class='ocrx_word' id='word_1_902' title='bbox 3227 5263 3281 5308; x_wconf 92' lang='lat' dir='ltr'><strong>et</strong></span> <span class='ocrx_word' id='word_1_903' title='bbox 3307 5263 3454 5311; x_wconf 89' lang='lat' dir='ltr'><strong>tanto</strong></span> <span class='ocrx_word' id='word_1_904' title='bbox 3480 5275 3594 5314; x_wconf 85' lang='lat' dir='ltr'><strong>ma-</strong></span> 
     </span>
    </p>
   </div>
   <div class='ocr_carea' id='block_1_115' title="bbox 2019 5321 3589 5420">
    <p class='ocr_par' dir='ltr' id='par_1_115' title="bbox 2019 5321 3589 5420">
     <span class='ocr_line' id='line_1_115' title="bbox 2019 5321 3589 5420; baseline 0.011 -30"><span class='ocrx_word' id='word_1_905' title='bbox 2019 5339 2122 5408; x_wconf 91' lang='lat' dir='ltr'><strong>gis,</strong></span> <span class='ocrx_word' id='word_1_906' title='bbox 2145 5349 2341 5408; x_wconf 90' lang='lat' dir='ltr'><strong>quanto</strong></span> <span class='ocrx_word' id='word_1_907' title='bbox 2369 5341 2540 5411; x_wconf 89' lang='lat' dir='ltr'><strong>majus</strong></span> <span class='ocrx_word' id='word_1_908' title='bbox 2568 5321 2730 5395; x_wconf 54' lang='lat' dir='ltr'><strong>esrea</strong></span> <span class='ocrx_word' id='word_1_909' title='bbox 2753 5357 2871 5412; x_wconf 65' lang='lat' dir='ltr'><strong>quae</strong></span> <span class='ocrx_word' id='word_1_910' title='bbox 2896 5344 2986 5400; x_wconf 88' lang='lat' dir='ltr'><strong>Dei</strong></span> <span class='ocrx_word' id='word_1_911' title='bbox 3017 5356 3140 5398; x_wconf 89' lang='lat' dir='ltr'><strong>sunt</strong></span> <span class='ocrx_word' id='word_1_912' title='bbox 3171 5344 3275 5402; x_wconf 89' lang='lat' dir='ltr'><strong>fide</strong></span> <span class='ocrx_word' id='word_1_913' title='bbox 3293 5349 3589 5420; x_wconf 81' lang='lat' dir='ltr'><strong>suscipere,</strong></span> 
     </span>
    </p>
   </div>
   <div class='ocr_carea' id='block_1_116' title="bbox 2020 5433 3592 5510">
    <p class='ocr_par' dir='ltr' id='par_1_116' title="bbox 2020 5433 3592 5510">
     <span class='ocr_line' id='line_1_116' title="bbox 2020 5433 3592 5510; baseline 0.01 -28"><span class='ocrx_word' id='word_1_914' title='bbox 2020 5446 2178 5499; x_wconf 88' lang='lat' dir='ltr'><strong>quam</strong></span> <span class='ocrx_word' id='word_1_915' title='bbox 2215 5433 2489 5486; x_wconf 87' lang='lat' dir='ltr'><strong>ratiocinia</strong></span> <span class='ocrx_word' id='word_1_916' title='bbox 2522 5448 2776 5488; x_wconf 91' lang='lat' dir='ltr'><strong>movere:</strong></span> <span class='ocrx_word' id='word_1_917' title='bbox 2809 5434 2910 5490; x_wconf 90' lang='lat' dir='ltr'><strong>hoc</strong></span> <span class='ocrx_word' id='word_1_918' title='bbox 2939 5437 3082 5490; x_wconf 91' lang='lat' dir='ltr'><strong>enim</strong></span> <span class='ocrx_word' id='word_1_919' title='bbox 3112 5436 3398 5492; x_wconf 84' lang='lat' dir='ltr'><strong>humanam</strong></span> <span class='ocrx_word' id='word_1_920' title='bbox 3427 5455 3592 5510; x_wconf 85' lang='lat' dir='ltr'><strong>supe—</strong></span> 
     </span>
    </p>
   </div>
   <div class='ocr_carea' id='block_1_117' title="bbox 2020 5524 3591 5596">
    <p class='ocr_par' dir='ltr' id='par_1_117' title="bbox 2020 5524 3591 5596">
     <span class='ocr_line' id='line_1_117' title="bbox 2020 5524 3591 5596; baseline 0.008 -22"><span class='ocrx_word' id='word_1_921' title='bbox 2020 5529 2104 5574; x_wconf 89' lang='lat' dir='ltr'><strong>rat</strong></span> <span class='ocrx_word' id='word_1_922' title='bbox 2144 5531 2398 5576; x_wconf 82' lang='lat' dir='ltr'><strong>mentem.</strong></span> <span class='ocrx_word' id='word_1_923' title='bbox 2443 5524 2722 5590; x_wconf 92' lang='lat' dir='ltr'><strong>Quomodo</strong></span> <span class='ocrx_word' id='word_1_924' title='bbox 2757 5537 2936 5581; x_wconf 87' lang='lat' dir='ltr'><strong>autem</strong></span> <span class='ocrx_word' id='word_1_925' title='bbox 2975 5525 3204 5594; x_wconf 87' lang='lat' dir='ltr'><strong>perdidit</strong></span> <span class='ocrx_word' id='word_1_926' title='bbox 3231 5529 3591 5596; x_wconf 76' lang='lat' dir='ltr'><strong>sapientiam?</strong></span> 
     </span>
    </p>
   </div>
   <div class='ocr_carea' id='block_1_118' title="bbox 2022 5612 3587 5685">
    <p class='ocr_par' dir='ltr' id='par_1_118' title="bbox 2022 5612 3587 5685">
     <span class='ocr_line' id='line_1_118' title="bbox 2022 5612 3587 5685; baseline 0.004 -18"><span class='ocrx_word' id='word_1_927' title='bbox 2022 5612 2124 5667; x_wconf 84' lang='lat' dir='ltr'><strong>Per</strong></span> <span class='ocrx_word' id='word_1_928' title='bbox 2151 5613 2374 5667; x_wconf 86' lang='lat' dir='ltr'><strong>Paulum</strong></span> <span class='ocrx_word' id='word_1_929' title='bbox 2391 5621 2445 5668; x_wconf 91' lang='lat' dir='ltr'><strong>et</strong></span> <span class='ocrx_word' id='word_1_930' title='bbox 2472 5616 2674 5671; x_wconf 91' lang='lat' dir='ltr'><strong>similes</strong></span> <span class='ocrx_word' id='word_1_931' title='bbox 2703 5617 2854 5672; x_wconf 91' lang='lat' dir='ltr'><strong>nobis</strong></span> <span class='ocrx_word' id='word_1_932' title='bbox 2888 5616 3150 5685; x_wconf 88' lang='lat' dir='ltr'><strong>cognitus,</strong></span> <span class='ocrx_word' id='word_1_933' title='bbox 3183 5617 3418 5673; x_wconf 90' lang='lat' dir='ltr'><strong>ostendit</strong></span> <span class='ocrx_word' id='word_1_934' title='bbox 3439 5620 3587 5676; x_wconf 88' lang='lat' dir='ltr'><strong>illam</strong></span> 
     </span>
    </p>
   </div>
   <div class='ocr_carea' id='block_1_119' title="bbox 2025 5703 3588 5778">
    <p class='ocr_par' dir='ltr' id='par_1_119' title="bbox 2025 5703 3588 5778">
     <span class='ocr_line' id='line_1_119' title="bbox 2025 5703 3588 5778; baseline 0.006 -20"><span class='ocrx_word' id='word_1_935' title='bbox 2025 5703 2263 5759; x_wconf 90' lang='lat' dir='ltr'><strong>inutilem</strong></span> <span class='ocrx_word' id='word_1_936' title='bbox 2309 5718 2446 5760; x_wconf 87' lang='lat' dir='ltr'><strong>esse.</strong></span> <span class='ocrx_word' id='word_1_937' title='bbox 2500 5704 2580 5761; x_wconf 86' lang='lat' dir='ltr'><strong>Ad</strong></span> <span class='ocrx_word' id='word_1_938' title='bbox 2623 5707 3011 5777; x_wconf 86' lang='lat' dir='ltr'><strong>suscipiendam</strong></span> <span class='ocrx_word' id='word_1_939' title='bbox 3057 5707 3196 5762; x_wconf 91' lang='lat' dir='ltr'><strong>enim</strong></span> <span class='ocrx_word' id='word_1_940' title='bbox 3229 5708 3588 5778; x_wconf 80' lang='lat' dir='ltr'><strong>evangelicam</strong></span> 
     </span>
    </p>
   </div>
  </div>
